4038 6154
1579 376 2003 441 SAECULUM
2045 375 2114 437 ν.
2165 370 2446 434 ANNUS
2481 371 2624 434 τιοτ.

1693 637 2525 844 ELENCHUS

949 971 1292 1036 BEBUM
1331 967 1542 1046 ρυλε
1594 965 1697 1028 IN
1735 963 1922 1025 H00
1958 961 2220 1023 TOMO
2260 957 2520 1020 XLVII
2567 955 3248 1020 CONTINENTUR.

1879 1237 2319 1268 —-—.°.——

1065 1470 1130 1532 S.
1171 1461 1530 1528 JOANNES
1582 1454 2246 1528 CHRYSOSTOMUS,
2295 1453 2410 1514 CP.
2455 1448 3144 1514 ARCHIEPISCOPUS.

484 1644 797 1709 Monitum
835 1639 906 1702 de
950 1635 1374 1698 Bcnedictina:
1405 1629 1734 1694 Editionis
1766 1644 1928 1687 nova
1963 1623 2348 1685 recensione.
3443 1633 3589 1696 pag.
3717 1636 3738 1678 ι

486 1733 800 1813 Bernardi
841 1749 924 1806 De
962 1742 1382 1820 Mont/aucon
1420 1739 1588 1800 Vita.
3674 1739 3739 1782 ιιι

485 1853 788 1936 Ejusdem
821 1846 1110 1929 Epistola
1147 1842 1636 1922 nuncupatoria.
3699 1843 3740 1882 ν

487 1957 788 2033 Prw/otio
827 1951 1121 2031 ejusdem.
3154 2030 3164 2033 Α
3651 1942 3741 1984 vn

487 2030 750 2119 Πρηῗίσὶ
792 2030 1022 2115 Savilii
1049 2045 1409 2110 Admonitio
1449 2043 1521 2104 de
1556 2040 1994 2118 Scriptoribus
2023 2055 2233 2100 rerum
2277 2033 2745 2113 Chrysostomi,
2785 2039 2841 2094 et
2877 2030 3225 2114 praesertim

570 2155 838 2234 Georgio
884 2152 1240 2230 cce-terisque
1281 2144 1648 2226 biographis
1681 2154 1856 2204 caute
1889 2141 2190 2220 legendis.
3620 2147 3744 2190 xxv

487 2261 819 2336 Martyrii,
855 2254 1230 2317 Antiocheni
1266 2252 1481 2330 episc.,
1511 2249 1969 2327 Panegyricum
1998 2245 2067 2306 S.
2112 2246 2380 2305 Joannis
2426 2241 2880 2321 Chrysostomi.
3642 2251 3745 2295 ιω

499 2362 830 2432 Theodori,
861 2355 1300 2420 Trimithuntis
1332 2351 1635 2430 episcopi,
1663 2349 1735 2410 de
1768 2350 1909 2412 Vita
1939 2358 1995 2410 et
2022 2347 2274 2409 Exsilio
2308 2357 2363 2408 et
2389 2341 2850 2424 afﬂictionibus
2877 2341 2942 2404 S.
2964 2342 3232 2403 Joannis

572 2461 1020 2542 Chrysostomi.
3597 2463 3746 2506 mn

493 2569 858 2636 Idiomelum
889 2566 956 2629 in
982 2563 1046 2626 S.
1080 2565 1386 2624 Joannem
1423 2559 1960 2639 Chrysostomum.
3521 2576 3750 2620 Luxu

497 2680 580 2739 De
619 2678 761 2740 Vita
793 2676 859 2740 S.
889 2674 1154 2734 Joannis
1188 2669 1624 2749 Chrysostomi
1660 2686 1737 2728 ea:
1775 2664 2044 2744 Dialogo
2094 2665 2397 2726 historico
2441 2661 2748 2737 Palladii,
2789 2660 3239 2742 Helenopoleos

576 2775 874 2858 episcopi.

3465 2766 3588 2827 col.
3720 2769 3751 2827 5

504 2882 646 2942 Vita
677 2881 743 2941 S.
784 2877 1052 2940 Joannis
1103 2873 1530 2954 Chrysostomi
1580 2887 1748 2930 nunc
1801 2869 2080 2947 primum
2131 2865 2446 2939 adornata
2485 2872 2541 2924 et
2575 2865 2789 2927 multis
2833 2873 3021 2927 aucta
3051 2874 3236 2928 antea

573 2981 829 3062 ignotis,
865 2982 1176 3057 excerptis
1208 2995 1286 3036 ex
1321 2974 1595 3055 ejusdem
1633 2971 1910 3033 homiliis
1941 2969 2494 3048 Constantinopoli
2523 2970 2821 3048 repertis.
3059 2959 3061 2961 ’
3681 2971 3754 3032 83

496 3089 784 3166 Stiltingi
835 3082 1283 3163 Compendium
1338 3079 1856 3157 chronologicum
1921 3076 2256 3138 Gestorum
2313 3085 2368 3134 et
2421 3073 2822 3153 Scriptorum
2863 3074 3234 3137 S.Joamtis

579 3191 1027 3272 (hrysostomi,
1071 3195 1439 3266 excerptum
1480 3203 1556 3246 ex
1583 3181 1760 3243 Actis
1796 3181 2172 3242 Sanctorum
2198 3178 2425 3239 mensis
2453 3178 2626 3256 Sept.
2663 3185 2709 3237 t.
2737 3176 2844 3237 ιν.
3643 3177 3758 3238 263

660 3323 721 3383 S.
755 3323 1026 3383 Josnms
1063 3317 1509 3376 Cnnsos'rom
1541 3313 1778 3374 Omns.

500 3448 847 3511 Pareenesis
879 3447 1008 3507 sive
1037 3445 1406 3506 Adhortatio
1436 3441 1512 3502 ad
1543 3441 1946 3502 Theodorum
1980 3440 2278 3517 Lapsum,
2322 3435 2464 3497 libri
2507 3436 2582 3496 Π.
3647 3440 3757 3500 277

503 3549 816 3612 Adversus
855 3553 1332 3626 Oppugnatores
1365 3557 1586 3605 eorum
1613 3541 1724 3620 qui
1753 3540 1958 3600 Vitam
1991 3537 2408 3600 monasticam
2437 3538 2770 3616 inducunt,
2806 3535 2950 3601 libri
2973 3537 3082 3599 ΠΙ.
3649 3541 3762 3602 319

503 3655 897 3735 Comparatio
932 3649 1254 3731 potentiae,
1287 3647 1645 3710 divitiarum
1678 3649 1740 3708 et
1769 3642 2161 3707 excellentiae
2198 3643 2414 3724 Regis,
2448 3661 2593 3708 cum
2623 3644 2938 3709 Monacho
2966 3644 3032 3707 in
3063 3645 3256 3709 veris-

583 3760 738 3820 sima
777 3764 838 3818 et
863 3755 1208 3818 Christiana
1238 3752 1646 3834 philosopnia
1675 3752 1952 3814 vivente.
3651 3752 3762 3817 387

504 3864 591 3931 De
623 3862 1125 3948 Compunclione
1159 3860 1301 3930 libri
1335 3863 1414 3930 Il.
3652 3861 3768 3924 393

505 3971 712 4033 Oratio
742 3971 1172 4034 adhortatoria
1202 3971 1280 4034 ad
1317 3970 1649 4049 Stagirium
1683 3969 1958 4032 asct‘tam
1991 3979 2028 4024 a
2066 3959 2393 4024 Daamonio
2422 3969 2732 4036 vexatum,
2766 3961 2909 4026 libri
2939 3965 3051 4026 IlI.
3653 3967 3768 4032 423

507 4075 814 4138 Adversus
842 4093 952 4140 eos
982 4077 1090 4156 qui
1121 4077 1289 4155 apud
1317 4092 1385 4138 se
1427 4075 1661 4138 habent
1687 4064 2215 4137 Subtntroduotas
2246 4063 2544 4142 virgines,
2577 4081 2797 4146 Opusc.
2827 4067 2904 4128 II.

1980 4514 2317 4571 MONITL’M.

585 4671 837 4727 Forsitan
897 4670 1212 4733 miraberis,
1257 4669 1458 4724 Lector
1490 4670 1779 4732 benevole,
1822 4669 1990 4736 quod,
2046 4668 2177 4722 dum
2213 4670 2264 4722 in
2310 4672 2571 4727 omnibus
2619 4680 2732 4724 tum
2769 4669 3208 4739 praecedentibus
3246 4678 3357 4722 tum
3394 4664 3780 4726 subsecuturis

516 4745 573 4800 S.
603 4742 867 4798 Joannem
895 4741 1352 4811 Chrysostumum
1385 4740 1482 4795 SS.
1517 4741 1978 4811 Patribusversio
1999 4739 2206 4811 Latina
2234 4743 2298 4793 ad
2335 4751 2540 4796 textum
2574 4738 2822 4796 Graecum
2845 4739 3089 4792 columna
3115 4739 3179 4792 ad
3209 4738 3508 4792 columnam
3539 4741 3777 4811 accedit,

519 4815 570 4867 in
606 4813 771 4866 liacce
797 4820 983 4864 nostra
1014 4809 1261 4880 ejusdem
1293 4811 1350 4862 S.
1383 4811 1631 4880 Doctoris
1663 4809 1931 4873 editione,
1959 4810 2156 4880 pagina
2186 4809 2380 4866 Latina
2405 4814 2556 4880 juxta
2583 4811 2825 4864 Graecam
2849 4812 3101 4880 paginam
3133 4818 3338 4863 tantum
3368 4821 3620 4880 ponatur.
3651 4809 3781 4866 Haec

518 4897 681 4936 causa
706 4880 812 4933 fuit
837 4889 891 4933 et
921 4879 1143 4948 quidem
1173 4879 1354 4940 unica,
1379 4879 1524 4948 quod
1556 4880 1880 4948 priusquam
1912 4878 2076 4933 nobis
2103 4881 2157 4933 in
2187 4882 2371 4934 animo
2397 4878 2587 4934 fuisset
2619 4882 2882 4948 integram
2911 4881 3009 4932 SS.
3036 4879 3254 4932 Patrum
3275 4880 3544 4948 Ecclesia:
3574 4878 3782 4934 Graecae

521 4951 872 5019 traditionem
902 4947 1219 5019 cuntexere,
1246 4949 1357 5016 jam
1383 4947 1702 5016 quindecim
1736 4947 1943 5003 abhinc
1969 4952 2128 5004 annis
2153 4953 2381 5005 seorsim
2412 4947 2764 5004 edideramus
2798 4947 2992 5002 Latine
3022 4947 3321 5019 tantulus.
3352 4947 3581 5000 Joannis
3606 4948 3784 5019 Chry-

518 5020 746 5076 sostomi
784 5017 983 5087 Opera,
1009 5017 1320 5086 litterisque
1348 5020 1803 5072 mandaveramus
1828 5020 2222 5073 immobilibus.
2255 5021 2359 5074 Res
2385 5035 2508 5074 cum
2537 5020 2608 5072 ita
2639 5035 2696 5072 se
2724 5019 3081 5087 liaherent,ct
3112 5033 3212 5071 nec
3241 5017 3293 5070 in
3325 5032 3488 5069 manu
3514 5028 3662 5072 esset
3684 5017 3782 5073 lit-

517 5103 665 5146 teras
705 5086 1017 5142 immobiles
1049 5102 1292 5158 movere,
1315 5102 1494 5156 neque
1522 5089 1576 5141 in
1612 5087 1796 5141 animo
1832 5090 2060 5158 hujusce
2083 5091 2340 5144 editionis
2370 5105 2520 5143 mere
2544 5088 2750 5142 Latina:
2780 5104 2974 5158 novem
3003 5086 3188 5140 delere
3212 5087 3490 5158 volumina
3519 5102 3641 5158 qua
3668 5090 3782 5156 jam

518 5161 732 5239 integre
783 5159 926 5239 typis
957 5157 1342 5239 immobilibus
1383 5159 1634 5239 mandata
1668 5167 1827 5239 eran_t
1870 5156 1926 5214 ei.
1977 5160 2150 5228 pluris
2182 5175 2344 5239 quam
2386 5160 2664 5239 sexaginta
2700 5157 2944 5239 millibus
2971 5159 3332 5239 constiterant
3371 5156 3598 5220 francis,
3633 5157 3786 5237 hunc

519 5221 754 5284 feliciter
787 5221 1099 5299 invenimus
1134 5228 1380 5299 modium,
1415 5244 1522 5282 non
1555 5238 1735 5282 tamen
1767 5229 1885 5282 sine
1917 5221 2084 5299 opera
2113 5239 2169 5286 ct
2199 5221 2466 5298 impensa,
2493 5221 2606 5282 haec
2645 5227 2867 5298 aptandi
2899 5221 3029 5282 huic
3061 5226 3290 5280 editioni
3324 5241 3498 5294 novae,
3533 5242 3654 5296 qua:
3700 5227 3783 5280 sic

528 5299 712 5370 lingua
748 5311 861 5354 tum
895 5297 1081 5353 Gneca
1119 5312 1230 5354 tum
1256 5298 1449 5354 Latina
1475 5299 1642 5354 ditata
1678 5300 1882 5354 evadit.

2496 5773 2736 5832 Parisiis.
2762 5801 2830 5816 —
2857 5772 2937 5829 Ex
2963 5771 3129 5844 Typis
3156 5770 3302 5829 J.-P.
3334 5768 3569 5827 MIGNE.
