4038 6154
1424 932 1429 937 ,
1535 827 2210 944 MONITUM

1824 1111 1903 1151 DE

856 1298 1020 1377 me
1062 1298 1621 1376 BENEDICTINIE
1666 1309 2074 1375 £91110le
2116 1260 2336 1371 Nom
2383 1304 2900 1369 REGENSIONE.

319 1826 607 1888 Pretiosa
632 1819 907 1903 quaedam
942 1826 1187 1878 exstant
1221 1803 1499 1889 nomina,
1536 1819 1669 1895 qua:
1701 1795 2151 1891 pronuntiasse
2186 1822 2281 1874 sat
2308 1804 2421 1887 est,
2447 1822 2518 1874 ut
2550 1810 2856 1889 extemplo
2891 1809 3038 1871 idem
3066 1806 3289 1887 glorice
3316 1805 3479 1868 mul-

188 1967 196 1973 -
259 1924 526 2006 tiplicis,
556 1922 789 2001 ingenii
829 1918 1070 1981 scilicet
1117 1928 1299 1996 atque
1337 1916 1723 1989 sanctitatis,
1768 1913 1836 1974 in
1867 1913 2186 1976 audientis
2215 1915 2424 1976 animo
2456 1917 2873 1981 suscitentur;
2924 1911 2991 1973 id
3048 1928 3192 1971 vero
3229 1909 3301 1971 de
3339 1906 3491 1970 illu-
3570 1977 3597 2006 ι

245 2028 555 2090 ‘strissimo
583 2022 1050 2099 archiepiscopo
1082 2012 1787 2094 Constantinopolitano
1812 2015 2133 2093 praecipue
2161 2014 2512 2086 dicendum,
2539 2015 2650 2092 qui
2684 2011 2858 2073 solus
2890 2011 3041 2099 Oris
3067 2012 3249 2072 aurei
3272 2026 3498 2071 nomen

253 2126 522 2200 sortitus
554 2131 663 2183 est.
709 2145 736 2177 α
773 2098 993 2193 Nemo,
1029 2118 1234 2199 inquit
1272 2117 1528 2186 Suidas,
1566 2114 1758 2177 tantis
1786 2112 2176 2192 eloquentiae
2209 2121 2272 2175 et
2331 2113 2640 2175 ubertatis
2672 2110 2917 2174 divitiis
2949 2098 3296 2172 exarmatus
3345 2110 3492 2172 fuit.

242 2227 411 2288 Audi
458 2225 642 2286 etiam
684 2219 1244 2302 Montefaleonium
1267 2241 1290 2277 .-
1323 2240 1353 2275 α
1394 2220 1731 2303 Lacrymas
1763 2213 1963 2304 movit
2000 2221 2068 2277 ut
2094 2212 2324 2289 voluit,
2358 2214 2512 2275 vilia
2542 2210 2927 2301 emendavit,
2960 2210 3389 2274 Christianam
3423 2208 3495 2269 Ii-

218 2308 221 2315 ’
252 2326 395 2390 dem
430 2323 634 2399 auxit,
664 2314 923 2385 Judaaos
947 2327 1009 2384 et
1033 2315 1368 2382 haereticos
1400 2314 1784 2397 proﬂigavit.
1825 2313 1964 2376 Non
1998 2313 2310 2377 minorem
2345 2314 2517 2375 enim
2561 2312 2628 2375 i'n
2660 2311 2989 2375 dialectica
3024 2327 3214 2390 quam
3258 2310 3327 2372 in
3358 2324 3498 2372 ora;

246 2425 401 2489 toria
432 2431 566 2487 arte
593 2425 906 2486 Joannem
933 2428 1223 2484 nostrum
1252 2418 1710 2498 comperimus.
1749 2440 1778 2474 ιι
1816 2416 1985 2493 Quid
2009 2415 2244 2501 plura?
2275 2416 2380 2478 Eae
2409 2416 2583 2479 brevi
2610 2414 2721 2478 illo
2753 2415 2860 2477 sed
2888 2415 3339 2496 perfectissimo
3378 2431 3485 2472 en-
3541 2473 3555 2482 ,

240 2528 437 2589 comio
464 2543 673 2588 nonne
697 2534 870 2604 patet
895 2532 1130 2606 quanta
1157 2521 1508 2601 diligentia,
1546 2528 1783 2603 quanta
1800 2521 2019 2599 potius
2049 2520 2354 2598 religione
2387 2521 2553 2583 tanti
2589 2520 2871 2583 doctoris
2911 2538 3102 2598 opera
3148 2502 3502 2583 recudenda

243 2631 366 2691 sint
389 2649 412 2689 :
436 2646 550 2689 nec
586 2628 814 2688 mirum
843 2625 1182 2697 videbitur,
1212 2622 1798 2705 Monte/‘alconium,
1830 2640 1968 2683 cum
1992 2624 2264 2702 quinque
2293 2640 2371 2683 ea:
2398 2620 2721 2685 sodalibus
2749 2622 2907 2696 suis,
2932 2620 3236 2699 parandae
3266 2623 3498 2683 editio-

240 2736 309 2796 ni
336 2733 652 2795 sea-decim
675 2728 874 2792 annos
904 2730 1252 2793 insudasse.
1284 2730 1469 2805 Nam,
1499 2735 1801 2807 prceterea
1829 2726 1997 2807 quod
2025 2725 2401 2788 bibliotheca
2426 2735 2598 2799 sunt,
2620 2743 2744 2787 non
2778 2724 2958 2798 liber,
2993 2725 3265 2785 Joannis
3292 2725 3497 2804 Chrg'=

242 2835 499 2896 'sostomi
543 2850 755 2912 opera,
801 2829 1002 2892 multa
1032 2832 1101 2894 in
1144 2811 1227 2893 iis
1264 2828 1610 2903 abundant,
1642 2846 1779 2909 qua:
1813 2828 1887 2890 ob
1937 2839 2323 2905 temporum,
2353 2825 2635 2889 locorum
2663 2844 3022 2906 morumque
3047 2826 3493 2899 diversitatem,

244 2937 411 2998 notis
440 2953 514 2996 ac
544 2932 1098 2996 dissertationibus
1144 2941 1321 2992 erant
1368 2916 1768 2993 illustranda.
1813 2927 2225 2990 Pensum'hoc
2268 2929 2507 3007 egregie
2546 2926 2946 2990 absolverunt
2988 2926 3208 2988 Patres
3240 2928 3504 2988 Benedie

242 3034 417 3108 i'tini,
444 3050 740 3113 omneque
769 3030 1049 3092 tulerunt
1071 3038 1404 3111 punctum,
1439 3026 1582 3116 licet
1611 3027 1738 3088 viri
1755 3027 2296 3109 preestantissimi,
2325 3028 2494 3089 inter
2517 3045 2672 3107 quos
2699 3029 3006 3107 imprimis
3034 3029 3351 3090 Henricus
3376 3029 3494 3089 Sa-

236 3132 429 3196 vilius
456 3144 514 3196 et
543 3135 789 3197 Fronto
831 3126 1121 3208 Ducceus,
1149 3131 1391 3210 magnis
1420 3127 1761 3192 sudoribus
1794 3127 1953 3190 idem
1982 3130 2257 3193 stadium
2286 3128 2703 3192 decurrerint.

318 3301 639 3362 Eximiam
681 3300 839 3363 hanc
880 3300 1213 3363 editionem
1244 3307 1362 3362 nos
1394 3300 1623 3362 iterum
1659 3288 1834 3379 typis
1892 3298 2303 3368 mandamus;
2340 3302 2552 3390 omnia
2588 3290 2802 3362 sedulo
2834 3302 3217 3361 servavimus
3273 3301 3502 3380 quibui

238 3397 464 3459 crescit
500 3398 632 3478 ejus
656 3396 931 3473 utilitas,
960 3413 1176 3475 nempe
1223 3413 1509 3475 magnam
1531 3395 2071 3468 dissertationum,
2101 3404 2397 3457 notarum
2417 3397 2856 3476 variarumque
2879 3392 3213 3459 lectionum
3232 3400 3499 3478 copiam,

236 3503 332 3563 Ea
364 3504 555 3565 etiam
586 3502 939 3565 addidimus
969 3520 1106 3583 quae
1132 3510 1283 3580 post
1308 3500 1659 3563 absolutam
1688 3499 1953 3562 canitiem
1986 3500 2318 3563 editionem
2345 3501 2429 3564 ad
2458 3499 2617 3564 hanc
2645 3504 2840 3581 usque
2874 3501 3035 3564 diem
3054 3494 3307 3581 publici
3325 3504 3503 3584 juris

241 3605 408 3669 facta
440 3602 871 3680 comperimus.
914 3602 1023 3663 Ita
1062 3610 1264 3663 tamen
1310 3599 1667 3661 addidimus
1700 3608 1774 3660 ut
1822 3598 1977 3662 ordo
2022 3618 2060 3660 a
2087 3601 2581 3683 Montefulconio
2628 3604 2962 3666 institutus
2991 3615 3377 3680 servaretur,
3419 3596 3503 3667 ad

242 3705 534 3770 ultimum
571 3723 788 3784 nempe
828 3714 1062 3768 tomum
1104 3704 1462 3767 additiones
1502 3691 1758 3765 nostras
1809 3702 2179 3785 rejicient’o.
2220 3706 2494 3784 Paginas
2535 3707 2832 3770 editionis
2873 3693 3293 3770 Benedictinoe
3318 3709 3503 3787 inter

244 3825 434 3869 uncos
466 3808 537 3870 in
569 3815 755 3869 textu
786 3804 1002 3869 Graeco
1036 3807 1388 3884 posuimus,
1419 3805 1697 3867 numeris
1732 3803 2020 3869 Arabicis
2066 3818 2418 3886 expressas.
2453 3808 2729 3872 Iudicem
2771 3809 2854 3871 ad
2893 3801 3210 3870 columnas
3253 3818 3504 3871 nostras

244 3908 868 3971 accommodavimus.

321 4055 483 4116 Ante
528 4055 639 4116 hos
670 4050 1140 4133 quatuordecim
1168 4064 1366 4111 annos
1395 4037 1907 4129 Chrysostomum
1926 4052 2063 4132 jam
2093 4036 2398 4125 dedimus,
2434 4051 2543 4113 sed
2569 4035 2792 4114 Latine
2822 4061 3088 4114 tantum.
3127 4038 3337 4132 Hujus
3368 4054 3500 4115 edi;

192 4192 207 4203 ο
243 4159 441 4219 tionis
482 4159 780 4236 paginas,
827 4155 1261 4235 stereotypice,
1309 4164 1381 4216 ut
1414 4154 1620 4229 aiunt,
1652 4162 1956 4229 servatas,
1987 4155 2315 4234 posuimus
2362 4174 2392 4216 e
2447 4157 2702 4235 regione
2727 4156 3109 4235 paginarum
3144 4155 3503 4218 Graearum

240 4264 379 4338 qua:
405 4256 779 4319 Latinarum
803 4256 1274 4337 paginationem
1321 4257 1614 4319 retinent.
1649 4256 1801 4318 Inde
1853 4258 1925 4335 fit
1968 4265 2041 4317 ut
2088 4254 2325 4318 notulce
2363 4258 2641 4337 quaedam
2684 4256 2893 4319 Greece
2944 4255 3132 4319 simul
3170 4265 3224 4316 et
3281 4256 3502 4317 Latine

244 4375 555 4436 expressae
575 4374 1023 4439 nonnunquam
1060 4352 1424 4422 occurrant.
1450 4360 1540 4419 De
1561 4376 1681 4439 quo
1709 4357 2052 4419 monendus
2091 4368 2223 4420 erat
2260 4358 2502 4422 Lector.
2552 4358 2883 4433 Utriusque
2911 4368 3121 4421 textus
3146 4348 3503 4434 diligentem

243 4461 647 4523 Collationem
679 4461 1096 4526 instituimus.
1138 4448 1378 4525 Multas
1419 4461 1628 4535 etiam,
1666 4460 1915 4543 quando
1951 4477 2112 4539 opus
2152 4461 2304 4541 fuit,
2338 4471 2526 4523 notas
2578 4472 2635 4525 et
2686 4461 3145 4524 observationes
3182 4463 3254 4525 de
3279 4462 3500 4522 nostra

225 4556 1281 4647 Monte/alconianis.inseruimus.
1311 4575 1482 4619 nunc
1511 4560 1765 4649 omnino
1799 4564 2085 4624 latentes.
2118 4561 2478 4622 charactere
2505 4570 2750 4625 tantum
2781 4563 3001 4625 italico
3044 4562 3231 4624 verba
3283 4572 3506 4622 nostra

226 4660 717 4741 distinguentes,
756 4661 916 4723 alias
952 4681 1175 4724 nomen
1207 4670 1496 4723 nostrum
1528 4658 1986 4754 subscribentes
2024 4660 2140 4738 (sic
2180 4669 2470 4723 notatum
2504 4685 2519 4725 :
2557 4665 2768 4737 Eum,
2811 4662 2909 4725 vel
2942 4666 3125 4726 Eunt.
3174 4664 3505 4744 Pyram“),

224 4763 477 4842 quoties
535 4762 883 4841 praesertim
918 4761 1165 4843 aliquid
1209 4759 1645 4839 ambiguitatis
1681 4776 1761 4819 ea:
1798 4759 1995 4823 tacito
2023 4761 2276 4824 nomine
2308 4761 2650 4825 timendum
2678 4771 2833 4825 erat.

316 4924 543 4985 Editio
586 4926 997 4988 Benedictina
1036 4924 1193 5003 duas
1225 4927 1354 5006 fert
1382 4926 1654 4988 Joannis
1683 4928 2118 5008 Chrysostomi
2161 4920 2351 5002 Vitas,
2384 4916 2577 4990 aliam
2615 4937 2871 4990 auctore
2894 4926 3185 4990 Palladio
3222 4929 3331 5005 qui
3359 4946 3497 4988 cum

234 5023 482 5104 inclyta
515 5025 775 5089 doctore
802 5026 971 5089 vixit
998 5025 1426 5108 familiariter,
1458 5026 1654 5090 aliam
1685 5046 1763 5089 ex
1792 5030 2000 5108 ipsius
2042 5028 2305 5108 scriptis
2333 5033 2707 5091 contextam.
2739 5021 2920 5093 Nihil
2944 5032 3091 5090 sane
3112 5018 3331 5089 melius
3353 5044 3498 5090 sucé

234 5126 557 5201 currebat,
585 5135 660 5188 ut
682 5127 897 5187 Patris
920 5127 1109 5207 hujus
1134 5127 1474 5205 ingenium,
1507 5142 1709 5190 mores
1737 5147 1810 5189 ac
1837 5129 2030 5190 varice
2058 5131 2127 5191 in
2147 5129 2373 5209 quibus
2397 5131 2659 5209 scripsit
2687 5129 2783 5191 vel
2809 5129 3056 5191 locutus
3103 5138 3188 5190 est
3236 5128 3498 5190 circum-

230 5231 488 5291 stantia:
514 5249 798 5311 apprime
824 5240 1253 5293 noscerentur.
1289 5232 1396 5293 Sic
1426 5233 1609 5294 etiam
1635 5241 1845 5295 actum
1871 5242 1958 5296 est
1982 5234 2049 5295 in
2068 5231 2215 5295 Divi
2242 5232 2590 5312 Augustini
2620 5233 2891 5295 editione
2913 5227 3338 5295 Benedictina.
3381 5231 3490 5292 Ve-

233 5348 382 5391 rum
413 5334 744 5412 utriusque
770 5331 983 5393 Patris
1021 5331 1171 5392 Vitae
1202 5332 1285 5394 ad
1299 5330 1525 5394 calcem
1545 5349 1802 5411 operum
1830 5333 2260 5411 inopportune
2286 5334 2522 5413 r‘ejecta:
2542 5327 2710 5394 sunt.
2744 5332 2867 5392 Eas
2894 5332 3125 5392 rectius
3157 5332 3341 5391 initio
3368 5347 3484 5408 pos

226 5433 502 5493 suimus.
535 5433 683 5494 Non
710 5451 887 5493 secus
913 5432 1303 5495 sentiendum
1335 5441 1424 5494 est
1468 5434 1541 5495 de
1568 5432 1864 5512 Epistola
1900 5414 2292 5497 dedicatoria
2328 5444 2383 5496 et
2414 5434 2488 5496 de
2519 5432 2897 5514 Prtefatione
2922 5430 3199 5511 generali
3229 5450 3380 5512 quas
3416 5448 3488 5490 ex

232 5540 407 5594 tomo
446 5535 682 5596 decimo
710 5534 903 5594 tertio
939 5533 1004 5593 in
1028 5535 1301 5613 primum
1333 5535 1799 5598 transtulimus.
2045 5526 2052 5535 ’

310 5697 512 5759 Forte
537 5697 777 5778 aliqua
796 5701 1088 5776 genuinis
1115 5701 1546 5781 Chrysostomi
1567 5702 1861 5783 operibus
1889 5712 1981 5766 tot
2013 5703 2234 5781 spuria
2266 5701 2597 5767 immisceri
2619 5719 2778 5780 aegre
2792 5704 2945 5783 [cret
2961 5722 2980 5768 ;
3015 5710 3124 5760 nec
3156 5697 3511 5761 immeritor

564 5830 840 5889 PATRUL
891 5826 1002 5887 Gn.
1056 5829 1279 5887 XLVII

3123 5817 3152 5885 1
