4038 6154
421 305 490 345 νη

1301 390 1547 400 __—_

1195 394 1271 403 ﬂ
1301 390 1547 400 __—_
1708 388 1791 396 -ν
2406 378 2464 385 -α
2474 378 2591 385 --ν
2602 378 3107 387 m
3167 379 3241 388 α-..υ
3528 384 3559 390 ,-
3578 388 3581 389 ν
3626 387 3630 389 Δ

412 378 3660 460 W
948 401 3643 436 --.._._____.._..___.__.._____._._.__

618 539 790 651 Ι).
845 518 1819 647 BEBNABDI
1889 518 1984 627 Π

2085 417 3643 675 magna?“

3558 295 3653 330 νιιι

1656 690 2351 878 agminia.

1507 959 2571 1038 mmWW

479 1133 573 1184 Diu
623 1128 906 1196 expetitattt
952 1106 1007 1179 ἑ.
1060 1120 1275 1175 Joannis
1330 1112 1697 1186 Chrysostomi
1742 1109 1972 1179 Operum

404 1221 639 1275 nuntium
667 1217 951 1272 editionem
979 1229 1007 1268 a
1036 1211 1215 1266 multis
1240 1209 1349 1279 jam
1377 1204 1531 1259 annis
1556 1215 1805 1273 paramus
1832 1210 1855 1252 :‘
1883 1212 1978 1252 ne.

403 1326 505 1380 que
534 1308 672 1362 enim
704 1312 909 1375 poterat
938 1319 1023 1358 res
1054 1311 1158 1356 tam
1202 1311 1423 1368 operosa
1445 1336 1460 1363 ,
1491 1305 1595 1348 tam
1624 1290 1798 1361 ampla
1818 1330 1833 1357 ,
1861 1304 1976 1342 mo—

403 1404 522 1457 dico
547 1399 800 1469 temporis
828 1394 1092 1451 curriculo
1111 1388 1442 1447 coneinuari.
1464 1383 1790 1440 Bibliotheca
1811 1388 1933 1434 sunt
1957 1419 1973 1445 ,

378 1471 509 1549 {non
562 1493 713 1557 liber,
758 1488 887 1543 tanti
950 1483 1187 1542 doctoris
1227 1478 1523 1551 Opuscula,
1551 1470 1973 1532 Commentaria,

405 1582 678 1653 Epistolae.
724 1580 796 1633 Ea
834 1593 961 1632 vero
1001 1591 1107 1629 non
1142 1589 1247 1628 uno
1284 1572 1335 1625 in
1385 1570 1504 1623 loco
1546 1564 1702 1621 simul
1755 1562 1976 1617 collecta

403 1648 714 1742 comparent
733 1665 1158 1723 'lnblbliOtheeis
1209 1657 1721 1726 manuscriptorum,
1750 1649 1890 1721 quod
1922 1648 1973 1742 in

404 1737 625 1820 aliorum
668 1760 986 1829 scriptorum
1053 1755 1303 1826 operibus
1345 1764 1488 1819 smpe
1537 1743 1838 1813 contingit;
1878 1737 1973 1795 sed

404 1854 633 1922 undique
659 1853 901 1921 dispersa
929 1860 1150 1917 carpere
1174 1855 1226 1899 et
1246 1842 1499 1911 colligere
1537 1846 1619 1892 est
1644 1848 1777 1905 opus
1800 1850 1814 1883 ε
1837 1830 1976 1922 acci-

400 1921 582 2014 ditque
632 1958 738 1998 non
789 1938 989 2004 semel,
1019 1947 1076 1990 ut
1121 1951 1244 1990 cum
1281 1945 1467 1986 omnes
1513 1928 1743 1995 Europae
1787 1921 1974 1978 biblio-

403 2036 586 2087 thecas
624 2031 677 2085 in
718 2044 929 2086 cassum
973 2025 1316 2097 percurreris,
1342 2023 1394 2076 in
1430 2018 1626 2090 angulo
1659 2014 1871 2070 tandem
1911 2026 1972 2065 ea

400 2138 518 2192 qua:
556 2122 646 2176 ditt
698 2119 1025 2189 exquisieras
1077 2113 1563 2185 deprehendantur.
1620 2107 1675 2162 Id
1711 2103 1975 2176 quantivis

401 2214 598 2269 laboris
650 2214 720 2266 sit
767 2212 993 2265 libenter
1048 2207 1368 2275 suscipitur,
1408 2201 1620 2273 quando
1667 2199 1733 2254 de
1770 2196 1976 2252 Joanne

400 2304 785 2374 Chrysostomo
815 2301 1002 2371 agitur,
1042 2307 1185 2352 tanto
1221 2296 1440 2351 doctore
1460 2334 1474 2359 ,
1502 2300 1716 2346 oratore
1744 2299 1973 2347 summo,

401 2398 488 2465 qui
518 2410 628 2449 rem
649 2393 1004 2449 Christianam
1034 2390 1154 2461 plus
1178 2402 1338 2459 quam
1377 2384 1463 2438 alii
1493 2395 1679 2438 omnes
1699 2420 1715 2446 ,
1738 2388 1849 2433 tum
1886 2376 1975 2446 qui

403 2493 822 2552 prmcesserunt,
856 2492 963 2537 tum
1009 2481 1098 2550 qui
1146 2487 1263 2548 post
1305 2476 1453 2530 illum
1496 2472 1823 2531 ﬂoruerunt,
1865 2466 1976 2521 elo-

400 2574 632 2644 quentia:
658 2571 986 2627 ornamentis
1014 2567 1304 2624 decoravit.
1334 2565 1382 2621 Is
1411 2578 1439 2618 a
1471 2576 1634 2632 puero
1654 2558 1846 2615 divinis
1877 2555 1973 2609 hu-

402 2665 679 2733 manisque
718 2662 888 2718 literis
935 2675 1150 2731 operam
1180 2657 1367 2714 dedit:
1401 2672 1430 2709 a
1461 2654 1788 2721 Libanioqtte
1824 2650 1974 2703 inti.-

405 2767 549 2810 tuttts
584 2763 784 2809 tantum
817 2751 1070 2823 profecit,
1098 2761 1156 2805 ut
1183 2750 1234 2804 in
1257 2747 1509 2804 extremis
1537 2758 1699 2813 agens
1728 2740 1977 2795 Libantus

406 2843 675 2913 professus
702 2842 791 2908 sit,
822 2856 881 2896 se
903 2840 1162 2895 Joannem
1203 2839 1303 2893 sibi
1336 2849 1696 2891 successorem
1740 2830 1975 2885 destina-

406 2920 623 2998 turum,
666 2931 765 2984 nisi
809 2931 854 2985 is
883 2930 984 2985 sibi
1031 2945 1062 2983 a
1101 2926 1419 2983 Christianis
1463 2923 1714 2992 abreptus
1768 2920 1975 2975 fuisset.

410 3025 601 3079 Forum
651 3024 995 3092 forensesque
1036 3034 1225 3075 causas
1251 3019 1508 3088 tantisper
1532 3023 1798 3078 sectatus,
1834 3010 1978 3066 brevi

404 3131 432 3166 a
485 3123 660 3182 empto
697 3112 912 3177 resiliit,
966 3125 1029 3166 ac
1072 3109 1383 3167 Christianae
1425 3119 1645 3177 prorsus
1684 3102 1977 3172 disciplina:

404 3203 770 3273 severiorique
810 3202 934 3258 vita:
973 3202 1216 3257 instituto
1254 3215 1313 3256 se
1357 3206 1524 3254 totum
1564 3195 1799 3260 dedidit;
1830 3202 1887 3248 ut
1926 3194 1977 3247 in

406 3295 520 3361 ejus
558 3293 665 3348 vita
704 3291 771 3348 ad
817 3292 1015 3347 calcem
1042 3292 1273 3362 Operum
1308 3296 1584 3353 accurate,
1615 3295 1866 3357 quantum
1902 3282 1981 3338 fas

406 3383 538 3448 erit,
572 3382 874 3437 adornanda
902 3382 1144 3452 pluribus
1190 3381 1507 3436 narrabitur.
1541 3378 1769 3434 Juvenis
1806 3375 1981 3430 adhuc

409 3477 598 3530 eximia
620 3477 765 3530 dedit
794 3475 988 3545 ingenii
1013 3473 1335 3542 specimina;
1369 3473 1674 3526 Paraeneses
1698 3484 1891 3538 nempe
1913 3467 1978 3522 ad

408 3566 744 3621 Theodorum
771 3566 997 3637 lapsum,
1021 3565 1187 3619 libros
1223 3563 1288 3618 ad
1316 3562 1673 3627 Demetrium,
1703 3559 1769 3615 ad
1798 3558 1981 3615 Stele-

406 3657 584 3712 ehium
603 3697 619 3724 ,
642 3656 707 3711 ad
737 3656 1023 3727 Stagirium
1052 3661 1107 3709 et
1128 3652 1195 3708 ad
1220 3652 1353 3707 alios
1382 3667 1397 3705 :
1421 3666 1539 3721 quae
1567 3648 1817 3720 opuscula
1840 3663 1984 3718 pra:-

408 3749 608 3802 clarum
649 3745 884 3802 referunt
919 3753 1186 3799 oratorem
1212 3758 1227 3795 :
1251 3739 1552 3797 litnatiores
1596 3749 1719 3794 sunt
1762 3737 1883 3793 libri
1915 3737 1984 3792 de

408 3839 720 3895 Sacerdotio
739 3880 754 3906 ,
788 3839 840 3892 in
871 3838 1042 3906 iisque
1070 3832 1518 3905 deprehendimus
1545 3831 1985 3903 Chrysostomum

409 3931 792 4002 Chrysostomo
824 3926 1265 3997 eleijuentiorem.
1295 3923 1389 3979 His
1416 3923 1581 3978 veluti
1619 3919 1889 3993 pratludiis
1917 3919 1986 3974 ad

410 4022 595 4078 orandi
622 4036 814 4076 munus
834 4036 892 4075 se
915 4019 1260 4090 comparabat
1286 4016 1522 4073 Joannes
1545 4032 1558 4069 :
1582 4015 1673 4084 qui
1712 4013 1987 4084 presbyter

413 4113 710 4169 Antiochiae
749 4111 905 4167 annis
942 4109 1222 4165 duodecim
1247 4148 1263 4175 ,
1307 4107 1589 4177 episcopus
1617 4103 1990 4160 Constantino-

415 4204 519 4273 poli
545 4203 779 4289 quipque
796 4215 958 4256 sexve
984 4198 1143 4255 annis
1159 4239 1173 4263 ,
1199 4213 1229 4253 a
1256 4195 1607 4252 eoneionandi
1634 4194 1808 4250 ofﬁcio
1826 4207 1987 4248 num—

414 4309 571 4362 quam
600 4283 838 4357 destitit,
869 4290 1031 4360 inque
1067 4288 1152 4344 sui
1181 4286 1587 4342 admirationem
1620 4292 1788 4340 totum
1815 4283 1992 4352 rapuit

412 4383 705 4440 Orientem.
737 4382 978 4447 Paratus,
1003 4380 1295 4451 imparatus
1336 4376 1636 4443 accederet,
1675 4375 1852 4431 omnia
1889 4373 1990 4445 ipsi

418 4489 582 4545 prona
629 4481 819 4540 erant,
850 4479 916 4530 eo
952 4485 1165 4542 semper
1202 4468 1411 4525 dicendi
1435 4482 1633 4539 genere
1662 4480 1822 4530 usus,
1849 4464 1990 4536 quod

416 4565 618 4636 majore
658 4564 725 4620 ad
767 4563 1193 4635 persuadendum
1245 4567 1519 4616 momento
1557 4559 1787 4613 futurum
1826 4563 1989 4611 esset.

422 4657 549 4724 Ejus
581 4656 768 4711 orandi
791 4656 925 4710 ratio
954 4655 1074 4724 plus
1098 4652 1258 4708 habet
1289 4651 1479 4707 nativae
1504 4649 1801 4719 elegantiae,
1832 4660 1992 4717 quam

415 4748 716 4815 artiﬁciosae
765 4744 1050 4813 diligentim
1080 4761 1095 4797 :
1123 4743 1290 4797 sicubi
1337 4750 1453 4797 arte
1505 4740 1703 4804 utitur,
1751 4739 1823 4792 ita
1880 4752 1992 4792 rem
2060 4782 2063 4785 .

419 4844 679 4906 temperat
701 4875 716 4899 ,
738 4830 808 4888 ἰιι
838 4834 999 4888 lateat
1022 4847 1235 4901 semper
1254 4833 1536 4887 artilleium
1578 4840 1635 4888 et
1673 4829 1995 4902 quadranda:

420 4928 677 4983 orationis
705 4925 983 4981 industria.
1012 4923 1280 4993 Expedita
1306 4933 1359 4979 et
1391 4924 1689 4993 proﬂuente
1714 4924 1995 4979 verborum

418 5020 570 5089 copia
618 5018 882 5089 loquitur,
929 5016 1305 5072 concinnitatis
1349 5014 1652 5085 leporisque
1696 5014 1898 5083 plena:
1939 5022 1996 5069 ut

418 5112 641 5165 mirilice
660 5110 761 5178 ipsi
786 5089 1052 5177 competat
1078 5106 1205 5161 illud
1233 5105 1571 5161 llomericum
1598 5122 1612 5159 :

562 5210 660 5256 Τοῦ
686 5212 769 5254 καὶ
805 5204 901 5256 ἀπὸ
921 5208 1128 5267 γλώττης
1153 5208 1340 5267 μέλιτος
1369 5207 1563 5265 γλυκίων
1584 5204 1681 5268 {riu
1711 5200 1853 5257 αὖδή.

666 5300 716 5345 tit
741 5307 802 5342 ex
827 5304 915 5342 ore
938 5293 1044 5355 ejus
1063 5291 1211 5341 ntelle
1233 5293 1425 5342 suavior
1446 5290 1630 5340 ﬂuebat
1653 5302 1762 5339 vox.

415 5379 804 5448 Perspieuitate
850 5364 1049 5432 nemini
1094 5375 1368 5441 concedit,
1404 5375 1500 5428 nisi
1549 5373 1773 5428 fortasse
1812 5387 1998 5426 moues

426 5479 663 5541 superet.
697 5468 1042 5531 inventione,
1072 5483 1188 5538 quze
1214 5483 1278 5522 ex
1312 5465 1503 5535 ingenii
1534 5464 1786 5519 felicitate
1829 5463 2000 5521 nasci-

417 5578 528 5632 tur,
548 5563 828 5620 ttuiversos
854 5569 1110 5631 quotquot
1133 5559 1389 5615 hactenus
1418 5559 1563 5612 fuere
1589 5555 2001 5626 oratnrcslmtgc

423 5665 567 5709 retro
611 5654 880 5726 relinquit.
908 5652 1287 5721 lnexspectatis
1329 5651 1416 5705 ille
1447 5649 1617 5704 modis
1644 5664 1757 5703 rem
1803 5661 1998 5717 prepo-

426 5749 581 5795 ailam
611 5748 873 5813 vertit,et
902 5757 1005 5815 qua
1043 5744 1125 5797 via
1163 5758 1317 5797 nemo
1356 5741 1642 5796 divinasset
1684 5740 1746 5793 ad
1784 5752 2000 5807 scopum

2088 1105 2254 1160 tendit
2275 1122 2288 1171 ;
2308 1106 2475 1175 “idque
2504 1108 2570 1161 ita
2600 1108 2766 1166 libere
2795 1110 3143 1183 expediteque
3168 1154 3181 1176 ,
3212 1121 3268 1167 ut
3299 1128 3357 1170 re
3380 1123 3655 1185 perspecta

2087 1202 2243 1266 putes
2263 1212 2383 1252 eum
2410 1198 2550 1253 nulla
2582 1199 2682 1254 alia
2713 1215 2870 1271 posse
2897 1202 2978 1257 via
2997 1242 3011 1267 ,
3039 1202 3184 1258 nullo
3219 1217 3376 1259 cursu
3425 1206 3656 1262 feliciore

2084 1286 2150 1342 ad
2176 1288 2493 1345 destinatum
2518 1306 2735 1362 pergere
2762 1293 3144 1349 finem.Verum
3172 1296 3293 1364 quia
3316 1296 3447 1351 nihil
3472 1308 3654 1354 natura

2038 1379 2249 1450 ’gignit
2293 1383 2437 1436 omni
2479 1398 2543 1437 ex
2588 1392 2738 1453 parte
2775 1384 3106 1454 perfectum,
3153 1386 3283 1440 nihil
3325 1402 3414 1443 ars
3455 1388 3657 1459 profert

2084 1472 2331 1528 omnibus
2353 1474 2655 1533 absolutum
2688 1476 2923 1546 partibus
2964 1485 3019 1531 et
3052 1479 3321 1546 numeris,
3354 1497 3516 1535 unum
3552 1481 3657 1537 for-

2086 1575 2228 1619 tasse
2256 1569 2359 1619 erit
2385 1565 2526 1635 quod
2557 1566 2609 1620 in
2637 1575 2853 1622 oratore
2880 1576 3065 1622 nostro
3106 1568 3507 1638 reprehendas;
3549 1581 3656 1626 tro-

2084 1672 2272 1726 porum
2313 1672 2503 1728 nempe
2527 1672 2590 1713 ac
2619 1658 3022 1713 similitudinum
3057 1659 3402 1730 frequentiam
3424 1704 3439 1729 ,
3463 1680 3562 1734 qua
3589 1665 3655 1720 ad

2059 1760 2332 1801 nauseam
2369 1763 2538 1818 usque
2575 1747 2834 1803 redundat
2886 1749 3077 1805 oratio.
3115 1749 3221 1805 Sed
3272 1751 3326 1806 id
3372 1754 3485 1808 vitii
3537 1769 3654 1811 aevo

2083 1837 2257 1907 potius
2299 1836 2666 1907 Chrysostomi
2713 1854 2871 1910 quam
2916 1840 3298 1910 Chrysostomo
3344 1843 3653 1913 adscribas,

2081 1929 2505 2000 quandoquidem
2553 1931 2682 1997 ille,
2725 1932 2812 1985 tali
2857 1930 3209 1987 eoneionandi
3248 1946 3445 2002 genere
3490 1950 3650 2003 usus,

2035 2039 2043 2047 ·
2080 2022 2317 2075 omnium
2341 2021 2439 2075 sibi
2465 2022 2764 2095 conciliavit
2794 2023 3261 2090 existimationem,
3289 2034 3491 2095 gratam
3525 2040 3656 2082 cou-

2081 2109 2250 2164 eiouis
2301 2110 2884 2179 admurmurationem,
2930 2113 3146 2183 plausus
3217 2125 3540 2185 perpetuos,
3595 2133 3657 2175 ac

2085 2200 2395 2270 plerumque
2415 2211 2518 2264 ,-ut
2561 2201 2651 2256 ille
2699 2203 2806 2268 ait,
2842 2203 3211 2271 importunos;
3258 2204 3657 2277 aureique-oris

2036 2340 2041 2344 .
2083 2288 2206 2343 ideo
2244 2305 2438 2344 nomen
2478 2291 2701 2345 sortitus
2747 2301 2848 2346 cst.
2882 2293 3014 2347 Audi
3067 2293 3282 2351 Suidam
3315 2316 3328 2352 :
3371 2297 3660 2371 Martyrum

2076 2382 2347 2435 conciones
2386 2382 2617 2449 eet-pedita
2644 2393 2690 2436 et
2729 2386 3058 2454 extemporali
3086 2387 3448 2444 declamatione
3481 2393 3656 2445 admo-

2083 2472 2215 2525 dum
2234 2473 2384 2526 tuxit.
2405 2472 2604 2544 Lingua
2621 2475 2729 2544 ejus
2755 2473 2866 2529 Nili
2890 2477 3140 2547 catadupa
3161 2475 3438 2549 proﬂuente
3460 2480 3656 2537 dicendi

2082 2579 2229 2634 capta
2276 2564 2564 2634 superabat.
2610 2565 2771 2621 Nemo
2819 2583 3039 2637 unquam
3089 2571 3241 2625 tantis
3279 2569 3569 2636 eloquentiw
3612 2583 3659 2627 et

2082 2653 2322 2709 ubertatis
2360 2655 2549 2709 divitiis
2596 2665 2867 2711 exornatus
2908 2658 3003 2727 fuit
3027 2674 3046 2712 :
3072 2659 3210 2715 solus
3242 2661 3408 2731 itaque
3449 2672 3658 2716 aureum

2083 2743 2405 2816 divinumque
2432 2762 2611 2800 nomen
2640 2747 2746 2800 sine
2780 2745 2890 2801 labe
2913 2748 3118 2802 sortitus
3140 2757 3230 2802 est.
3271 2748 3396 2804 llmc
3420 2759 3655 2806 veterum

2086 2836 2183 2889 fuit
2235 2837 2473 2891 omnium
2516 2838 2696 2907 opinio
2726 2856 2738 2891 :
2770 2836 3147 2907 quamobrem,
3178 2839 3221 2892 si
3256 2836 3382 2908 quid
3426 2841 3561 2895 ηατνὶ
3597 2841 3657 2896 "iu

2085 2934 2231 2981 tanto
2260 2937 2474 2997 tamque
2507 2929 2761 2996 pra-claro
2787 2935 3000 2983 oratore
3029 2929 3380 2997 reperiamus,
3409 2930 3460 2985 id
3489 2933 3655 2998 :etati,

2085 3025 2144 3071 ut
2198 3016 2348 3081 dixi,
2395 3032 2499 3072 non
2552 3016 2938 3088 Chrysostomo
3007 3018 3365 3072 tribuendum.
3436 3019 3662 3077 Soiertis

2081 3110 2309 3165 oratoris
2332 3109 2430 3165 fuit
2450 3110 2747 3164 auditorum
2773 3110 3039 3180 ingenium
3068 3109 3290 3165 feliciter
3312 3111 3618 3182 explorasse
3642 3132 3657 3168 :

2086 3215 2180 3271 per
2206 3201 2292 3255 illa
2323 3202 2517 3271 placuit
2544 3214 2661 3271 quae
2684 3200 2796 3270 jam
2824 3202 3004 3257 multis
3033 3217 3139 3257 nou
3178 3202 3249 3258 ita
3285 3203 3514 3273 placent.
3552 3204 3664 3260 La-

2081 3305 2295 3360 crytnas
2317 3292 2482 3347 movit
2512 3301 2569 3346 ut
2597 3291 2783 3358 voluit,
2803 3291 2928 3346 vitia
2952 3292 3272 3359 emendavit,
3301 3293 3660 3351 Christianam

2086 3382 2243 3437 fidem
2285 3384 2460 3442 auxit.
2507 3383 2719 3439 Judmos
2755 3392 2810 3438 et
2856 3383 3135 3438 haereticos
3172 3383 3488 3455 profligavit.
3544 3386 3661 3443 Non

2087 3474 2344 3527 minorem
2370 3474 2513 3528 enim
2555 3475 2605 3527 in
2649 3474 2925 3529 dialectica
2980 3489 3136 3544 quam
3167 3475 3219 3529 in
3267 3477 3501 3532 oratoria
3550 3488 3665 3534 arte

2084 3563 2344 3619 Joannem
2372 3573 2625 3620 nostrum
2648 3566 3011 3635 comperimus
3058 3583 3072 3619 :
3119 3566 3275 3636 idque
3314 3564 3664 3639 proculdubio

2078 3653 2341 3710 fatebitur
2363 3656 2602 3725 quisquis
2638 3657 2923 3712 conciones
2942 3655 3055 3725 ejus
3080 3666 3267 3712 contra
3284 3660 3573 3715 Anommos
3610 3669 3665 3716 et

2087 3754 2272 3800 contra
2310 3744 2525 3802 Judaes
2565 3753 2811 3801 accurate
2845 3746 3159 3816 perlegerit,
3207 3747 3294 3802 ubi
3331 3750 3668 3820 argutissime

2088 3838 2323 3908 disputat
2347 3878 2362 3904 ,
2393 3846 2449 3894 et
2478 3837 2873 3893 ratiociniorum
2912 3838 2962 3892 vi
2987 3836 3325 3893 adversarios
3364 3840 3433 3894 ita
3470 3849 3664 3912 urget,

2089 3940 2149 3987 ut
2176 3932 2318 3987 nulla
2344 3931 2576 4002 supersit
2613 3931 2741 4001 ipsis
2761 3930 3006 3987 elabendi
3033 3930 3136 3986 via.
3167 3930 3299 3987 Rem
3326 3931 3666 4002 epistularem

2089 4024 2249 4079 etiam
2277 4024 2451 4094 attigit
2473 4023 2889 4094 Chrysostomus
2907 4064 2923 4089 ,
2953 4023 3190 4078 maxime
3219 4037 3346 4078 vero
3374 4024 3424 4077 iu
3454 4024 3665 4089 exsilio,

2091 4112 2214 4168 dum
2245 4114 2516 4169 calamitas
2537 4153 2552 4174 ,
2577 4122 2753 4168 metus
2772 4154 2788 4177 ,
2818 4112 3051 4168 solitudo
3079 4111 3426 4184 prohiberent
3457 4128 3487 4167 a
3512 4113 3672 4168 solito

2088 4204 2447 4260 eoneionandi
2477 4192 2656 4260 officio
2684 4244 2700 4269 ,
2727 4213 2779 4259 et
2808 4204 3031 4259 multum
3072 4203 3227 4273 spatii
3269 4211 3412 4258 esset
3445 4202 3511 4257 ad
3540 4186 3674 4259 seri-9

2093 4294 2346 4373 bendum.
2379 4294 2571 4350 Pulsus
2599 4295 2777 4365 itaque
2799 4293 2929 4350 sede
2956 4292 3161 4349 curavit
3186 4301 3332 4348 utne
3362 4281 3531 4364 ipsum
3555 4293 3674 4363 qui-

2095 4388 2217 4445 dem
2243 4387 2411 4443 otium
2438 4394 2583 4443 esset
2608 4388 2857 4442 otiosum.

2096 4519 2125 4591 ς
2158 4519 2201 4575 1.
2227 4500 2290 4561 -ἕ
2314 4518 2393 4574 De
2408 4518 2562 4573 variis
2581 4517 2922 4588 Chrysostomi
2956 4516 3301 4579 Editioniltus,
3336 4532 3397 4570 ac
3424 4517 3678 4587 praecipue

2481 4611 2545 4665 de
2582 4608 2792 4664 Heurici
2825 4607 3006 4664 Savilii
3043 4608 3294 4662 Editione.

2171 4725 2312 4783 Nihil
2359 4728 2552 4781 mirum
2600 4725 2704 4780 sia
2731 4722 3037 4794 primordiis
3076 4736 3244 4790 usque
3283 4718 3679 4791 typographicre

2098 4822 2229 4873 artis
2252 4818 2384 4872 tanti
2402 4816 2635 4872 doctoris
2652 4815 2903 4885 operibus
2920 4811 3146 4868 edendis
3166 4813 3313 4866 multi
3335 4812 3674 4870 desudarint:

2100 4909 2394 4963 innumera}
2421 4906 2570 4960 vario
2597 4914 2838 4974 tempore
2864 4892 3242 4973 opusculorum
3273 4903 3388 4971 ejus
3417 4902 3677 4959 editiones

2099 4998 2350 5069 prodiere
2400 4997 2454 5050 in
2502 4996 2685 5059 Italia,
2724 4993 2927 5059 Gallia,
2969 4993 3289 5057 Germania,
3320 4976 3526 5063 Anglia.
3576 4994 3680 5047 Alii

2100 5089 2356 5160 quasdam
2399 5103 2619 5158 operum
2659 5097 2838 5158 partes
2864 5086 3051 5141 Latine
3098 5095 3300 5141 tantum
3327 5082 3561 5152 dabant,
3594 5085 3681 5139 alii

2102 5180 2320 5246 Graece,
2364 5178 2601 5234 nonnulli
2648 5162 2869 5248 utraque
2920 5178 3114 5248 lingua.
3159 5175 3273 5231 Non
3311 5177 3465 5245 pauci
3513 5175 3677 5231 colle-

2103 5276 2265 5331 ctioni
2314 5290 2535 5345 operum
2586 5275 2822 5330 omnium
2872 5269 3192 5325 adornanda:
3234 5284 3449 5323 manum
3500 5268 3675 5321 admo-

2102 5379 2310 5424 verunt.
2343 5368 2399 5424 Si
2426 5369 2515 5438 qui
2541 5383 2667 5423 vero
2691 5375 2815 5421 ante
2831 5364 3096 5419 decimum
3123 5364 3404 5433 septimum
3432 5362 3681 5417 smculum
3738 5348 3749 5356 ’

2105 5461 2156 5517 id
2181 5459 2411 5531 aggressi
2442 5468 2589 5523 sunt,
2622 5458 2656 5512 ii
2695 5456 2911 5512 Latinas
2934 5463 3133 5510 tantum
3160 5454 3524 5523 Chrysostomi
3552 5467 3679 5521 ope-

2103 5566 2222 5605 rum
2241 5550 2581 5605 collectiones
2606 5548 2898 5603 emiserunt
2930 5562 2992 5601 ac
3027 5546 3194 5599 multa
3229 5544 3554 5614 reliquerunt
3602 5544 3677 5598 in-

2111 5653 2246 5698 tacta
2277 5651 2331 5697 et
2375 5639 2731 5706 inobservata.
2771 5638 2961 5692 Verum
3006 5640 3072 5688 de
3116 5638 3177 5690 iis
3211 5636 3458 5689 euntibus
3493 5635 3674 5689 editio-

2111 5736 2259 5790 nibus
2289 5732 2427 5789 alius
2451 5743 2531 5788 est
2557 5730 2705 5788 nobis
2734 5730 2798 5784 ad
2828 5730 3108 5783 dicendum
3136 5730 3452 5783 couStitutus
3476 5729 3642 5781 locus.
