4038 6154
453 325 521 368 ικν
1481 308 1543 364 1).
1589 309 1646 364 Β.
1693 306 1779 364 DE
1817 301 2027 362 MONTl

2136 301 2278 360 ΚΣοῗί
2319 297 2706 363 ΡΒΜΔΤΙΟ.
3687 327 3720 368 x

529 427 747 482 Demum
779 425 938 495 paulo
957 435 1082 498 post
1125 425 1340 481 initium
1374 423 1570 482 decimi
1605 423 1816 496 septimi
1837 423 2036 478 eszeculi

454 519 559 573 duo
586 517 684 572 viri
704 517 898 572 summi
931 517 1119 574 eodem
1147 517 1316 572 ferme
1347 526 1585 586 tempore
1611 531 1726 572 eam
1753 530 2036 586 suscepere

454 607 782 678 provinciam
806 649 820 672 ,
849 615 908 662 ut
947 608 1125 662 omnia
1169 622 1388 678 prorsus
1414 607 1654 678 ejusdem
1693 606 1750 662 S.
1799 606 2034 662 doctoris

451 714 616 769 opera
645 714 808 753 unum
851 699 905 753 in
934 713 1131 768 corpus
1161 699 1492 769 redigerent;
1540 697 1800 753 llenricus
1843 712 2035 768 nempe

447 789 680 846 Savilius
705 798 758 843 et
782 787 982 847 Fronto
1014 790 1258 844 Ducaaus.
1284 789 1435 844 Prior
1457 789 1670 860 magnis,
1700 798 1758 842 ut
1788 789 1899 858 ipse
1922 789 2032 852 ait,

446 879 716 934 sudoribus
740 889 789 932 et
827 879 1083 933 immensis
1112 879 1410 950 sumptibus,
1440 879 1811 948 undecumque
1855 879 1898 933 si
1928 893 2032 948 qua

448 971 680 1026 laterent
723 970 775 1024 in
815 971 976 1026 variis
1024 970 1252 1040 Europa:
1293 969 1631 1026 bibliothecis
1678 970 2030 1040 perquirenda

447 1060 905 1129 exseribendaque
955 1062 1200 1128 curavit,
1246 1062 1541 1116 amicorum
1595 1061 2032 1130 literatornmquc

447 1166 583 1219 pene
603 1150 844 1205 omnium
864 1165 1027 1220 opera
1055 1167 1182 1206 usus
1209 1161 1265 1208 et
1291 1151 1567 1206 industria.
1595 1151 1708 1218 Quo
1733 1152 1786 1205 in
1811 1151 2030 1222 negotio,

448 1243 654 1312 inquit,
682 1243 935 1314 egregiam
977 1242 1118 1296 nobis
1155 1252 1198 1297 et
1236 1252 1492 1297 strenuam
1537 1259 1742 1312 operam
1783 1253 2031 1297 navaruut

455 1332 548 1386 uiri
567 1332 872 1403 amplissimi
897 1332 1271 1402 doctissimique
1295 1375 1310 1396 ,
1340 1349 1470 1403 quos.
1503 1333 1708 1388 honoris
1745 1349 1902 1387 causa
1933 1349 2028 1387 no-

446 1427 621 1492 mino,
671 1425 896 1480 Iacobus
944 1426 1200 1496 Augustus
1243 1425 1522 1493 Thurinus,
1577 1443 1814 1498 magnum
1865 1427 2035 1480 lumen

449 1515 669 1582 Gallice,
715 1515 925 1570 Marcus
986 1514 1216 1570 Vels'crus
1259 1514 1320 1569 11
1368 1517 1443 1569 vir
1483 1517 1806 1586 Augustanus
1829 1558 1845 1583 ,
1879 1515 2028 1571 Geor.

451 1605 674 1661 Michael
719 1606 1174 1678 Lingelsheimitts,
1217 1607 1444 1661 Andreas
1491 1607 1735 1662 Schottus
1759 1649 1772 1671 ,
1821 1607 2034 1662 Isaacus

450 1696 773 1752 Casaubonus
797 1739 812 1764 ,
845 1695 1041 1750 Fronto
1064 1696 1286 1751 Ducazus
1309 1737 1325 1761 ,
1355 1697 1521 1752 Janus
1547 1696 1794 1752 Gruterus
1818 1740 1832 1764 ,
1867 1698 2031 1752 David

451 1786 790 1852 llmchelius,
816 1786 1142 1842 Sebastianus
1171 1787 1480 1859 Tengnagel,
1508 1799 1554 1842 et
1573 1788 2032 1844 Reverendissimus

454 1877 665 1932 Gabriel
688 1878 1103 1949 Archiepiscopus
1142 1878 1624 1950 Philadelphiensis.
1667 1880 1826 1950 Nefas
1871 1891 2034 1936 tacere

449 1969 514 2024 de
537 1968 858 2024 Serenissimi
881 1968 1033 2040 Regis
1059 1971 1216 2024 nostri
1238 1971 1378 2038 apud
1396 1981 1601 2026 exteros
1628 1970 1894 2041 Principes
1922 1974 2029 2046 cla-

448 2062 661 2117 rissimis
690 2061 898 2132 legatis,
927 2062 1105 2132 quibus
1147 2063 1255 2133 ipse
1284 2064 1377 2116 hoc
1403 2064 1466 2117 ine
1487 2063 1741 2116 mandatis
1787 2065 2026 2130 dederat,

449 2164 504 2208 ut
517 2154 664 2209 omni
690 2164 1200 2225 qua-possent'opera
1237 2155 1461 2208 studium
1506 2155 1600 2208 hoe
1628 2171 1792 2208 meum
1822 2172 2025 2224 promo-

448 2253 636 2299 serent.
681 2243 862 2314 Itaque
916 2244 1135 2299 librariis
1190 2245 1373 2298 nostris
1419 2245 1587 2299 aditus
1641 2248 1920 2316 patefactus
1963 2245 2033 2298 ad

449 2335 796 2390 bibliothecam
822 2333 1033 2405 Regiam
1061 2333 1293 2400 Lutetitr,
1321 2332 1636 2401 Palatinam,
1658 2334 2028 2405 Augustanam,

447 2426 748 2481 Bararicam
768 2468 784 2492 ,
810 2425 1092 2482 Caesaream
1111 2468 1124 2492 ,
1154 2437 1360 2480 cwteras
1383 2442 1403 2480 :
1423 2426 1599 2496 quibus
1639 2427 1755 2496 freti
1796 2425 2032 2480 subsidiis

385 2544 388 2548 '
445 2519 575 2572 illud
622 2519 828 2573 domum
867 2517 1141 2572 attulerunt
1181 2519 1602 2585 instrumentum,
1634 2518 1778 2571 illam
1811 2518 2032 2588 supelle-

445 2614 614 2668 stilem
636 2655 650 2679 ,
683 2629 746 2666 ex
774 2629 874 2683 qua
898 2612 1040 2666 nobis
1059 2621 1131 2666 est
1158 2611 1264 2666 haec
1291 2607 1542 2665 adornata
1575 2611 1744 2666 editio.
1769 2611 1904 2678 Qua-
1923 2610 2026 2664 uti-

445 2719 550 2772 que
601 2703 835 2758 editione
876 2702 1016 2757 nulla
1068 2711 1221 2768 ante,
1251 2701 1390 2771 quod
1419 2717 1621 2773 parum
1664 2710 1748 2756 est
1790 2701 1988 2756 dixisse
2013 2741 2027 2766 ,

445 2797 696 2866 nullaque
721 2804 906 2867 postea
931 2795 1199 2864 cepiesior
1226 2793 1440 2864 prodiit.
1471 2794 1878 2849 Accurationem
1902 2808 2030 2847 vero

446 2889 499 2942 in
525 2887 848 2957 castigandis
874 2885 1073 2942 Grtccis
1099 2885 1418 2940 dictionibus
1446 2893 1604 2954 atque
1633 2885 1914 2956 phrasibus
1937 2885 2026 2939 vix

445 2979 643 3036 alicubi
673 2980 931 3048 majorem
958 2977 1348 3046 deprehendas.
1399 2976 1659 3031 Nimirum
1701 2991 1910 3031 summo
1941 2977 2028 3031 ille

446 3072 625 3128 studio
651 3073 774 3128 folia
808 3088 1032 3143 qumque
1059 3073 1243 3143 dispici
1272 3070 1490 3126 curabat
1535 3069 1832 3140 mendaque
1871 3069 1984 3124 tolli
2012 3088 2023 3123 ε

445 3181 555 3236 quo
576 3165 766 3220 factum
791 3175 867 3232 ut,
892 3167 935 3220 si
959 3167 1077 3235 quis
1103 3165 1482 3236 longitudinem
1505 3163 1682 3232 operis
1701 3161 2026 3228 consideret,

445 3263 596 3310 certe
625 3270 786 3325 pauca
813 3265 985 3310 errata
1016 3256 1246 3326 reperiat
1275 3255 1330 3309 in
1352 3263 1428 3308 tot
1451 3253 1750 3308 orationum
1781 3252 2026 3306 homilia-

444 3363 676 3418 rumque
705 3348 933 3402 decursu
968 3367 980 3401 :
1015 3363 1132 3416 qua:
1163 3357 1338 3400 tamen
1377 3355 1552 3400 errata
1585 3344 1673 3398 ille
1709 3344 1762 3397 in
1792 3343 1894 3398 line
1931 3358 2026 3396 no-

445 3449 620 3495 tarum
669 3455 875 3494 summa
910 3438 1181 3508 diligentia
1225 3436 1400 3505 colligi
1443 3434 1634 3505 edi‘que
1662 3435 1903 3498 curavit,
1940 3433 2026 3487 ubi

444 3531 538 3586 vel
558 3529 775 3585 minima
798 3545 1021 3599 qua:th
1052 3537 1323 3583 notantur.
1357 3527 1521 3581 Notas
1550 3536 1728 3580 autem
1750 3525 1814 3579 ad
1843 3525 2028 3594 singu-

445 3621 526 3677 los
555 3630 728 3676 tomos
769 3621 823 3674 in
853 3620 957 3675 line
985 3619 1158 3675 octavi
1205 3633 1311 3672 non
1351 3631 1475 3672 suas
1510 3615 1670 3671 modo
1705 3615 1872 3671 edidit
1895 3657 1909 3679 ,
1933 3614 2026 3669 sed

355 3687 368 3709 ‘
443 3712 602 3768 etiam
649 3712 880 3766 aliorum
925 3709 1206 3766 doctorum
1251 3709 1550 3775 hominum,
1573 3707 1791 3762 Joannis
1828 3707 2024 3771 Boisil,

443 3803 673 3858 Andreae
719 3801 935 3856 Dounmi
957 3842 972 3866 ,
1002 3800 1216 3855 Ricardi
1256 3799 1584 3862 Montaeutii,
1612 3807 1667 3854 et
1705 3796 1938 3862 llalesii;
1971 3807 2028 3850 ut

443 3893 575 3950 alios
606 3903 808 3948 taceam
839 3893 930 3963 qui
959 3892 1042 3946 vel
1073 3893 1284 3962 rogati,
1313 3891 1394 3946 vel
1418 3898 1608 3960 suopte
1632 3889 1856 3946 consilio
1883 3889 2025 3944 varia

443 3988 558 4043 loca
580 3985 870 4046 restituere
897 3985 1072 4039 conati
1092 4026 1106 4048 ,
1137 3985 1204 4038 ab
1235 3985 1350 4054 ipso
1377 3982 1668 4037 alleruntur
1695 3982 1746 4036 in
1769 3981 2024 4036 medium.

444 4079 586 4132 Inter
614 4076 732 4131 illas
754 4091 882 4131 vero
912 4084 1067 4130 notas
1092 4116 1108 4140 ,
1141 4082 1264 4130 meo
1305 4074 1518 4144 quidem
1554 4072 1755 4143 judicio
1774 4113 1790 4137 ,
1817 4073 2027 4128 caneris

441 4168 694 4228 omnibus
712 4176 967 4236 prmstont
992 4167 1156 4237 ipsius
1173 4165 1383 4221 Henrici
1411 4164 1594 4220 Savilii
1619 4173 1781 4231 notae,
1798 4164 1842 4220 si
1869 4178 2024 4232 saga-

441 4261 658 4316 citatem
681 4267 891 4329 spectes
910 4299 926 4325 ,
956 4259 1000 4312 si
1027 4258 1266 4314 criticam
1291 4267 1492 4321 artem,
1523 4257 1568 4310 si
1599 4264 1792 4310 caetera
1824 4255 2024 4308 omnia.

445 4353 680 4409 Aliorum
712 4351 910 4423 quippe
935 4358 1111 4417 notre,
1145 4358 1202 4405 ut
1233 4348 1514 4418 plurimum
1546 4349 1692 4403 leves
1717 4355 1875 4412 sunt,
1907 4361 2027 4416 qua:

443 4444 767 4516 coniecturis
794 4451 1043 4499 constant
1088 4441 1372 4512 aliquando
1407 4440 1624 4495 incertis
1662 4448 1718 4494 et
1756 4454 2025 4493 nonnum-

441 4550 600 4606 quam
643 4534 902 4591 futilibus.
953 4533 1219 4588 Saviliana
1257 4547 1439 4602 porro
1487 4531 1692 4599 editio,
1737 4546 1856 4601 qua:
1904 4539 2030 4585 octo

441 4627 778 4685 densissimis
834 4627 886 4680 in
933 4625 1061 4682 folio
1109 4626 1266 4680 tomis
1302 4632 1549 4691 constat,
1579 4639 1758 4694 opera.
1785 4623 2022 4693 Chryso-

441 4718 598 4774 stemi
628 4718 818 4774 Graece
846 4726 1048 4772 tantum
1079 4715 1482 4786 complectitur.

480 4849 510 4904 ε
546 4849 609 4905 ll.
633 4881 706 4891 —
725 4850 806 4908 De
833 4850 1108 4908 Frontonis
1135 4849 1315 4906 Παιωὶ
1345 4848 1578 4903 Editione
1628 4858 1675 4903 et
1704 4848 1767 4907 de
1795 4850 1988 4903 Morel-

1146 4946 1307 5004 liana.
1444 4953 1450 4959 ’

508 5101 622 5158 Non
650 5103 914 5158 minorem
939 5103 1274 5172 diligentiam
1291 5102 1342 5157 in
1373 5101 1685 5172 colligendis
1705 5102 2025 5174 Chrysosto-

441 5193 509 5246 mi
541 5195 796 5264 operibus
839 5194 1079 5251 exhibuit
1127 5195 1329 5250 Fronto
1385 5195 1609 5250 Duczeus
1655 5210 1724 5250 ex
1755 5193 2024 5251 Societate

440 5285 566 5342 Jesu
591 5298 829 5356 nostras,
857 5290 946 5360 qui
973 5298 1151 5346 tamen
1177 5331 1194 5358 ,
1226 5289 1441 5359 paribus
1468 5288 1693 5345 fortasse
1737 5288 2024 5346 destitutus

441 5379 776 5436 facultatibus
801 5391 857 5437 et
881 5383 1090 5437 auxiliis
1113 5425 1128 5452 ,
1161 5384 1212 5438 in
1241 5383 1548 5438 diuturnum
1595 5391 1813 5452 tempus
1843 5393 2024 5437 extra-

442 5480 582 5526 ctum
613 5487 751 5543 opus
797 5472 909 5527 fato
958 5483 1359 5545 przroccupatus
1389 5475 1666 5531 absolvere
1695 5489 1799 5530 non
1829 5475 2017 5545 potuit.

444 5559 635 5617 Verum
682 5578 928 5635 magnam
959 5566 1047 5619 ille
1073 5575 1125 5620 et
1149 5567 1368 5621 arduam
1408 5582 1520 5621 rem
1571 5575 1653 5622 est
1703 5581 2017 5638 aggressus,

443 5661 500 5706 ut
517 5655 723 5709 scilicet
752 5671 856 5710 non
886 5643 1046 5711 modo
1073 5657 1256 5713 Grmca
1285 5658 1647 5729 Chrysostomi
1693 5659 1912 5728 perinde
1941 5669 2021 5713 at-

445 5758 542 5814 que
564 5743 793 5801 Savilius
824 5746 1022 5813 ederet.
1074 5748 1166 5804 scd
1203 5749 1361 5804 etiam
1393 5749 1612 5820 singulis
1646 5750 1897 5820 operibus
1922 5751 2015 5806 ho-

2150 421 2417 492 miliisque
2443 422 2684 478 Latinam
2716 422 3228 492 interpretationem
3251 433 3458 495 aptaret
3486 443 3499 481 :
3539 442 3640 498 qua
3668 434 3722 484 in

2145 529 2206 570 re
2249 523 2518 570 strenuam
2567 510 2657 571 ille
2694 530 2910 586 operam
2966 517 3199 572 navavit.
3248 518 3720 588 lnterpretationcs

2143 605 2340 676 quippe
2390 607 2678 661 multorum
2732 621 2953 676 operum
2989 609 3194 677 jamdiu
3241 609 3412 666 editas
3441 625 3474 667 e
3508 613 3719 682 regione

2143 695 2450 752 Grmcorum
2481 697 2676 766 posuit,
2709 697 2803 752 sed
2833 697 3141 753 emendatas
3165 709 3222 755 et
3239 700 3305 754 ad
3331 699 3491 757 fidem
3519 701 3716 758 Graece

2143 787 2404 842 orationis
2453 789 2818 842 concinnalas.
2848 787 2902 844 Si
2929 803 3034 858 qua
3063 805 3190 844 vero
3213 789 3434 846 oll‘endit
3480 791 3715 846 nondum

2144 878 2330 934 Latine
2359 879 2613 934 translata
2641 893 2802 948 opera
2835 879 3012 950 (erant
3037 889 3215 935 autem
3246 881 3551 950 hujusmodi
3582 883 3718 940 bene

2142 969 2364 1040 multa),
2393 969 2510 1026 bare
2548 971 2638 1026 ille
2681 970 2748 1025 de
2773 969 2960 1026 Graeco
2989 972 3268 1037 convertit,
3290 981 3348 1027 et
3371 973 3587 1043 quidem
3616 982 3721 1029 tam

2143 1068 2390 1115 accurate
2419 1069 2476 1116 et
2512 1061 2816 1131 eleganter,
2848 1069 2906 1114 ut
2955 1061 3092 1116 inter
3140 1063 3370 1130 optimos
3399 1063 3722 1133 interpretes

2140 1148 2259 1218 jure
2280 1161 2612 1206 numeretur.
2643 1151 2895 1222 Ejusdem
2939 1152 3348 1222 porroeruditte
3387 1164 3526 1210 notae
3561 1171 3720 1225 repe-

2142 1241 2352 1297 riuntur
2385 1243 2436 1298 in
2467 1243 2571 1298 line
2604 1245 2782 1314 primi,
2816 1246 2988 1314 quarti
3028 1256 3083 1301 et
3124 1247 3260 1302 sexti
3314 1249 3466 1302 tomi.
3506 1247 3724 1305 Similes

2141 1330 2282 1386 haud
2325 1331 2485 1388 dubie
2533 1341 2684 1389 notas
2735 1334 2792 1389 in
2853 1335 3096 1405 quintum
3135 1343 3336 1392 tomum
3380 1337 3721 1402 destinabat;

2138 1431 2192 1476 at
2227 1423 2333 1478 vita
2381 1423 2590 1480 functus
2638 1439 2751 1480 rem
2809 1426 3066 1496 perﬁcere
3108 1429 3364 1499 nequivit.
3416 1429 3720 1486 Editionem

2141 1512 2552 1570 Frontonianam
2583 1515 2796 1587 incepit
2823 1517 3140 1574 Fredericus
3175 1519 3444 1584 Morellus,
3495 1521 3724 1577 absolvit

2139 1603 2523 1660 Claudiusscx
2548 1605 2600 1660 in
2643 1606 2770 1662 folio
2818 1609 3012 1674 tomis;
3054 1610 3143 1680 qui
3186 1609 3247 1666 S.
3299 1611 3543 1667 Doctoris
3570 1612 3720 1682 Opu-

2141 1695 2289 1749 seula
2350 1706 2406 1750 et
2453 1695 2880 1754 Commentarios
2946 1699 3001 1754 in
3076 1699 3240 1756 Vetus
3321 1701 3721 1758 Testamentum

2137 1787 2584 1858 complectuntur.
2635 1789 2843 1847 Deinde
2883 1806 3026 1848 anno
3066 1793 3219 1849 1653
3272 1793 3412 1849 idem
3463 1794 3716 1850 Claudius

2138 1877 2391 1933 Morellus
2427 1879 2856 1936 Commentarios
2885 1881 3169 1938 inNovum
3192 1883 3720 1939 Testamentumsen

2140 1969 2190 2020 in
2246 1969 2375 2023 folio
2423 1971 2580 2024 tomis
2626 1971 2696 2024 ad
2743 1971 2906 2027 fidem
2963 1973 3404 2029 Commclinianse
3466 1974 3721 2030 editionis

2136 2057 2332 2112 emisit.
2377 2060 2532 2113 Anno
2570 2069 2749 2114 autem
2781 2059 2919 2116 l636
2949 2061 3206 2133 integram
3258 2079 3449 2119 novam
3490 2053 3725 2137 Chryso-

2139 2147 2300 2201 stomi
2345 2162 2568 2216 operum
2619 2149 2910 2204 editionem
2962 2150 3244 2207 duodecim
3293 2153 3347 2206 in
3389 2153 3517 2207 folio
3565 2155 3724 2208 tomis

2136 2247 2295 2308 atque
2362 2238 2611 2294 undecim
2657 2240 3016 2296 voluminibus
3071 2242 3334 2312 publicam
3389 2243 3534 2299 fecit.
3598 2243 3720 2300 llaec

2138 2348 2297 2402 porro
2329 2345 2596 2404 postrema
2629 2335 2794 2392 editio
2835 2335 3019 2392 charta
3049 2337 3228 2392 minus
3261 2337 3488 2408 eleganti
3519 2338 3715 2393 instru-

2135 2425 2361 2490 ctarsed
2389 2435 2574 2480 contra
2598 2441 2756 2496 quam
2788 2426 2947 2497 vulgo
2975 2427 3213 2482 creditur
3239 2428 3572 2483 etnendatier
3598 2437 3718 2491 est;

2136 2529 2264 2570 usus
2303 2515 2485 2586 operis
2533 2517 2846 2572 melioribus
2895 2517 3149 2573 Morellus
3208 2518 3438 2584 menda,
3463 2526 3718 2588 quantum

2136 2606 2340 2675 potuit,
2373 2621 2440 2660 ex
2490 2607 2590 2661 hac
2619 2617 2887 2676 postrema
2917 2607 3154 2663 editione
3206 2608 3420 2662 sustulit
3447 2624 3461 2674 ;
3513 2617 3624 2662 tum
3653 2623 3718 2663 ea

2135 2712 2253 2766 qua:
2274 2697 2475 2764 Frpnlo
2504 2697 2728 2754 Duea'us
2755 2698 2807 2752 in
2841 2699 2982 2754 notis
3030 2699 3186 2768 primi
3211 2708 3265 2752 et
3293 2700 3464 2769 quarti
3493 2700 3620 2754 tomi
3643 2700 3717 2754 ir-

2134 2787 2367 2856 repsisse
2406 2797 2704 2853 monuerat,
2739 2797 2848 2842 tum
2887 2788 3048 2843 etiam
3097 2788 3199 2843 alia
3228 2805 3346 2859 qua:
3367 2789 3722 2844 occurrebant

2137 2879 2156 2947 (
2185 2889 2440 2948 expertus
2471 2879 2662 2951 loquor
2687 2881 2706 2951 )
2731 2921 2746 2945 ,
2779 2880 3011 2936 maxime
3036 2895 3164 2936 vero
3193 2881 3261 2936 de
3301 2883 3492 2949 primo,
3526 2891 3717 2952 quarto

2135 2977 2190 3024 et
2216 2969 2402 3040 quinto
2429 2980 2592 3026 tomo.
2620 2970 2676 3026 lu
2719 2971 2864 3026 hisce
2907 2986 3033 3027 vero
3059 2971 3266 3026 duobus
3292 2982 3569 3040 postremo
3599 2988 3712 3026 me-

2134 3061 2353 3117 moratis
2385 3063 2541 3116 tomis
2567 3062 2808 3132 quaedam
2834 3061 3100 3134 Opuseula
3127 3063 3514 3134 Chrysostomi,
3539 3079 3656 3132 quze
3683 3079 3716 3117 a
3811 3048 3821 3058 ’

2133 3153 2304 3220 prima
2333 3152 2574 3219 aberant,
2623 3155 2675 3209 in
2719 3154 2825 3210 line
2870 3153 3050 3208 addita
3079 3165 3222 3209 sunt.
3271 3154 3462 3210 Verum
3509 3155 3562 3210 in
3611 3155 3714 3210 hoc

2133 3245 2373 3314 peccavit
2436 3244 2686 3301 Claudius
2753 3246 3038 3310 Morellus,
3098 3247 3242 3316 quod
3301 3257 3455 3301 notas
3510 3248 3561 3302 in
3612 3250 3718 3302 [itte

2133 3336 2306 3403 quarti
2338 3336 2465 3390 tomi
2510 3351 2539 3390 a
2571 3336 2844 3391 Frontone
2887 3337 3082 3390 Duczno
3123 3337 3357 3404 positas,
3409 3346 3465 3391 et
3511 3338 3717 3407 aliquot

2134 3423 2397 3494 Opuseula
2429 3425 2814 3497 Chrysostomi,
2855 3425 3042 3480 Latine
3081 3434 3284 3480 tantum
3326 3426 3510 3496 quinto
3561 3435 3707 3483 tome

2133 3531 2281 3582 cusa,
2311 3516 2362 3570 in
2412 3516 2512 3572 hac
2554 3517 2836 3586 posteriori
2883 3516 3117 3572 editione
3151 3517 3448 3571 sustulerit.
3492 3517 3718 3583 Eodem,

2136 3608 2208 3660 uti
2265 3607 2495 3661 diximus
2527 3649 2542 3673 ,
2589 3606 2756 3662 ferme
2803 3619 3041 3678 tempore
3094 3607 3354 3662 Henricus
3399 3607 3628 3662 Savilius
3664 3615 3721 3661 et

2136 3697 2334 3751 Fronto
2366 3682 2610 3764 Ducicus,
2642 3697 2830 3752 Etonac
2871 3699 2978 3761 ille,
3027 3697 3116 3752 hic
3151 3697 3409 3762 Lutetia},
3450 3697 3714 3751 editiones

2134 3803 2356 3857 operum
2413 3788 2652 3842 omnium
2713 3787 3080 3858 Chrysostomi
3130 3786 3403 3857 parabant.
3459 3785 3721 3855 Quodque

2133 3880 2416 3933 observatu
2465 3877 2684 3948 digntun
2732 3878 2997 3944 videatur,
3039 3878 3164 3933 licet
3202 3877 3392 3932 eodem
3438 3876 3491 3932 in
3543 3876 3720 3932 stadio

2133 3973 2292 4025 ambo
2320 3978 2617 4032 currerent,
2648 3969 2770 4024 licet
2798 3979 2903 4022 tam
2931 3969 3104 4024 varias
3128 3983 3413 4023 sacrorum.
3432 3967 3719 4036 religiones

2133 4063 2292 4118 ambo
2337 4063 2758 4133 proﬁterentur,
2805 4061 2947 4115 nulla
2994 4060 3250 4125 invidia},
3307 4059 3519 4114 adversi
3555 4059 3719 4114 animi

2134 4157 2274 4211 nulla
2328 4165 2456 4210 nota
2501 4153 2884 4224 comparebat:
2915 4153 3190 4223 quinimo,
3239 4159 3300 4206 ut
3337 4166 3456 4212 sese
3501 4149 3716 4205 occasio

2132 4247 2428 4314 ollerebat,
2487 4247 2685 4302 dabant
2721 4261 2911 4314 operas
2969 4251 3212 4310 mutuas,
3267 4258 3554 4313 numquam
3599 4242 3718 4296 sine

2135 4338 2352 4393 honoris
2397 4337 2858 4406 observantithue
2885 4334 3274 4405 significatione
3315 4332 3451 4387 alter
3489 4333 3716 4386 alterum

2135 4431 2465 4486 memorabat
2490 4470 2506 4496 ,
2563 4437 2750 4484 contra
2777 4442 2935 4498 quam
2982 4443 3082 4481 usu
3121 4427 3346 4494 evenire,
3385 4426 3542 4481 solet.
3585 4423 3719 4478 Nam

2133 4521 2372 4590 plerique
2399 4535 2519 4574 cum
2549 4519 2688 4574 idem
2720 4533 2853 4585 Opus
2883 4517 3038 4571 simul
3068 4517 3466 4585 aggrediuntur,
3489 4529 3721 4584 praeser-

2138 4613 2232 4667 tim
2263 4625 2385 4666 euut
2413 4608 2700 4664 intervenit
2723 4608 3040 4676 religionum
3067 4606 3377 4671 discrimen,
3407 4604 3716 4675 frequenter
3801 4594 3805 4598 ’

2133 4718 2254 4760 sese
2300 4699 2598 4757 maledictis
2627 4707 2678 4754 et
2709 4696 2963 4752 conviciis
2993 4697 3264 4764 lacerant,
3306 4695 3540 4766 nihilque
3566 4696 3714 4752 aliud

2133 4808 2324 4848 curare
2369 4789 2616 4846 videntur
2677 4803 2836 4860 quam
2901 4795 2958 4842 ut
3007 4787 3240 4842 auctoris
3298 4786 3510 4842 adversi
3560 4785 3722 4840 fama:

2132 4885 2434 4948 detrahant,
2477 4897 2540 4938 ac
2590 4883 2634 4938 si
2679 4881 2730 4936 id
2775 4879 2916 4951 quod
2961 4881 3049 4936 alii
3099 4880 3395 4935 detrahitur
3436 4880 3717 4940 existima-

2132 4977 2314 5043 tionis,
2347 4973 2519 5030 laudis
2543 4973 2774 5044 propria:
2816 4972 2958 5028 foret
2981 4971 3242 5028 accessio.
3289 4970 3541 5025 Livorcm
3567 4986 3718 5025 cam-

2129 5068 2252 5124 dem
2279 5065 2642 5123 exercentium
2685 5073 2854 5126 artem
2910 5063 2988 5126 sic
3043 5063 3301 5132 exprimit
3349 5059 3478 5118 illud
3532 5060 3717 5116 tritum

2131 5157 2344 5216 llesiodi
2376 5177 2390 5213 :

2297 5301 2395 5347 Kal
2411 5301 2639 5365 κεραμεὺς
2662 5307 2852 5362 κεραμεῖ
2876 5299 3022 5345 κοτέει
3047 5300 3128 5344 καὶ
3156 5298 3333 5344 τέκτονι
3359 5297 3550 5353 τέκτων,

2307 5393 2405 5438 Καὶ
2427 5393 2608 5453 πτωχὸς
2635 5394 2805 5452 πτωχῷ
2832 5390 3004 5452 φοσνέει
3033 5391 3113 5436 καὶ
3133 5383 3293 5442 ἀοιδὸς
3311 5383 3478 5449 ἀοιδῷ.

2283 5480 2335 5524 Et
2356 5469 2533 5537 figulus
2554 5473 2753 5537 figulum
2776 5475 3026 5536 impugnat
3049 5478 3102 5521 et
3127 5471 3312 5520 fabrum
3343 5470 3498 5526 faber,

2283 5563 2334 5604 Et
2351 5556 2601 5619 mendicus
2624 5554 2844 5604 mendico
2869 5553 3053 5603 invidet
3073 5561 3126 5603 et
3147 5559 3313 5602 cantor
3335 5550 3538 5600 cautori.

2101 5641 2106 5648 ’
2133 5657 2184 5712 ld
2215 5673 2341 5712 vero
2372 5658 2601 5712 maxime
2647 5657 2730 5710 illa
2759 5655 3044 5710 Frontonis
3093 5663 3146 5710 ct
3173 5652 3350 5708 Savilii
3397 5660 3712 5719 tempestate

2129 5749 2266 5804 inter
2305 5747 2488 5804 doctos
2536 5749 2586 5803 in
2637 5762 2735 5801 usu
2779 5757 2934 5810 erat,
2996 5746 3083 5816 qui
3135 5741 3216 5797 vel
3266 5741 3531 5796 levissima
3590 5743 3738 5799 data...
