4038 6154
341 282 453 333 ιιιινΔ

238 428 247 435 .
338 394 539 436 nomen
585 379 832 451 praefert»,
881 379 1060 436 auritis
1105 380 1471 452 post.initium
1500 380 1841 435 commutatis
1868 390 1923 436 et

335 470 554 525 aliunde
580 471 855 525 eorrasis?
874 470 1004 527 Eam
1033 485 1192 540 porro
1209 470 1443 527 Savilius
1471 478 1619 540 putat
1642 484 1703 524 se
1736 470 1928 539 legisse

334 561 632 617 admixtam
655 560 811 617 alteri
827 561 1093 626 concioni,
1113 578 1211 618 nec
1231 562 1467 632 assignat
1488 563 1661 618 locum
1688 580 1702 616 :
1726 560 1929 617 Fronto

330 659 521 707 autem
548 651 776 707 Ducazus
822 652 959 707 inter
980 642 1180 722 ‘spuria
1219 653 1504 722 ablegavit.
1550 652 1619 707 lis
1665 652 1923 723 permoti,

328 745 457 813 quia
476 743 899 812 nobissnspicio
925 751 1009 798 est
1034 758 1154 802 eam
1181 758 1212 797 a
1239 743 1472 798 librariis
1497 744 1582 800 vel
1607 752 1920 798 temeralam

329 834 540 898 fuisse,
582 835 669 889 vel
710 833 945 889 exloeis
975 833 1222 891 alicunde
1259 834 1526 903 excerptis
1572 833 1922 899 adornatam,

331 941 461 983 eum
488 925 724 980 nondum
754 924 882 996 quid
909 925 1051 981 circa
1090 926 1233 980 illam
1259 936 1436 980 actum
1462 926 1532 980 sit
1557 926 1689 981 satis
1723 924 1924 980 intelli-

326 1032 558 1088 gamus,
590 1018 643 1072 in
683 1026 997 1087 sequentem
1046 1027 1245 1075 tomum
1288 1017 1667 1074 reservandam
1709 1019 1925 1074 censui-

332 1122 477 1174 mus,
510 1118 663 1164 extra
697 1108 969 1179 proprium
994 1109 1202 1163 scilicet
1229 1109 1401 1163 locum
1422 1149 1437 1175 ,
1470 1124 1537 1166 ne
1576 1118 1921 1180 posteaquam

331 1199 477 1262 illam
506 1198 888 1262 edidissemus,
917 1214 992 1254 ex~
1009 1198 1222 1253 assidua
1252 1201 1566 1258 tractatione
1592 1200 1791 1271 aliquid
1820 1200 1921 1255 lm-

331 1299 637 1367 pprtnretur
668 1290 813 1345 novi.
839 1290 1080 1345 Profecto
1105 1300 1358 1361 quantum
1388 1290 1565 1346 fucum
1593 1291 1817 1346 fecerint
1838 1300 1921 1346 te-
1969 1339 1973 1343 .

331 1380 556 1438 sacrarii.
592 1381 669 1436 illi
707 1390 803 1436 aut
828 1381 1166 1452 bibliopolae,
1207 1390 1298 1436 aut
1325 1381 1555 1453 δικαιειί
1596 1382 1916 1453 scriptores,

341 1472 432 1525 vix
480 1473 746 1542 quispiam
794 1471 985 1527 credat
1029 1471 1134 1526 nisi
1175 1482 1479 1542 eXpertus:
1512 1472 1918 1539 bomilia,verbi

328 1578 515 1627 causa,
531 1562 584 1616 in
603 1563 1106 1631 Annuntiatiouem,
1123 1578 1243 1634 gum
1269 1563 1588 1625 iusecuudo
1608 1571 1753 1618 toruo
1779 1563 1920 1618 inter

330 1655 511 1724 spuria
538 1654 708 1709 locum
737 1654 912 1717 habet,
941 1655 1199 1724 cujusque
1222 1655 1427 1709 mitium
1458 1663 1539 1710 est
1569 1654 1765 1710 Rursus
1789 1654 1919 1709 (teti-

332 1747 422 1800 εἰη)
440 1746 567 1815 felix
591 1746 817 1813 nuntius,
841 1746 892 1799 in
922 1762 1026 1799 non
1057 1748 1235 1815 paucis
1263 1747 1534 1801 codicibus
1548 1746 1917 1817 Chrysostomi

329 1853 531 1897 nomen
546 1838 755 1908 pra-fert
774 1856 788 1899 ;
806 1838 858 1892 in
876 1839 996 1892 aliis
1010 1838 1051 1894 G
1062 1840 1269 1909 regorio
1281 1838 1695 1894 Neocresariensi
1714 1838 1916 1894 adscri-

329 1928 491 1995 bitur,
523 1938 684 1999 atque
709 1929 831 1984 ideo
856 1931 994 1984 inter
1018 1930 1258 2001 Gregorii
1286 1930 1731 1986 Neocmsariensis
1750 1946 1914 2001 Opera

324 2017 470 2073 cdila
494 2017 611 2073 fuit.
636 2019 837 2075 Eadem
867 2035 1018 2082 vero,
1052 2029 1109 2075 ut
1135 2036 1304 2089 nuper
1331 2022 1709 2090 comperimus,
1739 2022 1791 2076 in
1815 2037 1911 2077 co-

248 2136 254 2141 -
322 2109 442 2166 dice
470 2108 571 2164 l06
597 2109 936 2167 bibliotheca:
949 2110 1311 2178 Coisliniamc,
1338 2113 1389 2167 in
1414 2112 1589 2167 indice
1613 2112 1821 2169 scilicet
1841 2113 1909 2168 ad

322 2203 551 2257 frontem
593 2203 714 2257 libri
752 2204 960 2273 posito,
984 2204 1214 2269 Macarii
1261 2204 1747 2273 Philadelphiensis
1787 2219 1911 2261 esse

321 2290 537 2355 dicitur.
570 2292 689 2347 Jam
734 2294 902 2349 tribus
939 2295 1260 2365 adscriptam
1306 2295 1613 2353 auctoribus
1642 2311 1799 2351 unam
1830 2296 1912 2353 iu-

317 2383 563 2440 veuimns
585 2383 857 2439 humilium
871 2427 885 2451 ,
915 2385 1158 2455 furtoque
1179 2386 1229 2440 in
1253 2386 1369 2441 dies
1388 2392 1608 2457 quartus
1626 2387 1908 2456 quintusve

316 2473 559 2544 ejusdem
586 2484 776 2530 auctor
803 2488 1059 2546 emerget.
1096 2475 1162 2532 Ut
1202 2478 1362 2547 igitur
1395 2486 1510 2531 toto
1546 2478 1600 2532 in
1633 2477 1733 2532 hac
1764 2486 1906 2533 tanta

318 2567 636 2637 supellectili
680 2569 859 2621 omnia
888 2567 1263 2637 disponantur,
1296 2569 1507 2623 nonnisi
1541 2577 1660 2639 post
1688 2584 1907 2623 accura-

318 2667 425 2714 tam
456 2659 894 2728 perquisitionem
925 2658 1040 2713 hzuc
1070 2675 1206 2713 nova
1234 2670 1289 2714 et
1324 2674 1514 2715 recens
1544 2668 1694 2715 eruta
1727 2661 1778 2713 in
1805 2675 1904 2729 pu-

317 2749 513 2811 hlicum
558 2749 877 2804 efferimus:
911 2764 1083 2817 eoque
1127 2750 1353 2805 consilio
1408 2765 1602 2819 paucas
1653 2750 1906 2805 homilias

316 2839 605 2896 anecdotas
647 2839 698 2893 in
740 2839 947 2894 duobus
978 2840 1244 2908 prioribus
1292 2841 1450 2894 tomis
1480 2834 1709 2907 damus;
1737 2848 1795 2895 ut
1836 2855 1902 2895 ex

317 2929 626 2998 quotidiano
653 2945 751 2983 usu
780 2930 906 3000 quid
950 2930 1018 2986 de
1063 2930 1181 2985 aliis
1223 2931 1553 2989 censendum
1590 2932 1658 2987 sit
1698 2932 1906 2987 cautius

317 3029 597 3075 statuatur.
626 3020 860 3078 Caeteros
901 3021 954 3075 in
990 3023 1340 3091 sequentibus
1383 3024 1540 3077 tomis
1562 3064 1576 3088 ,
1606 3023 1899 3094 etquidem

315 3113 650 3182 congruenti,
683 3123 938 3183 quantum
965 3112 1042 3167 fas
1066 3114 1186 3178 erit,
1215 3113 1404 3169 ordine
1433 3113 1746 3170 locabimus.
1770 3114 1905 3169 Sunt

315 3218 482 3273 porro
507 3204 609 3259 illa:
638 3220 829 3275 magno
856 3220 1104 3270 munero,
1127 3204 1367 3275 variique
1389 3206 1707 3275 argumenti.
1733 3202 1904 3261 Caete-

314 3312 433 3351 rum
460 3297 601 3352 inter
628 3297 744 3352 illas
771 3297 1016 3353 homilias
1036 3314 1067 3353 e
1090 3298 1325 3352 tenebris
1347 3313 1489 3352 nunc
1515 3298 1744 3367 primmn
1774 3297 1904 3353 edu-

313 3397 428 3444 ctas
454 3389 748 3459 principem
779 3390 1043 3445 abtiuan
1069 3390 1243 3444 locum
1273 3406 1411 3445 unus
1439 3400 1493 3445 et
1530 3391 1740 3462 triginta
1787 3406 1900 3445 ser-

316 3494 504 3535 mones
552 3480 615 3539 in.
659 3481 1073 3552 Psahnos.,ﬁq.ui
1124 3482 1178 3535 in
1222 3481 1460 3551 ejusdem
1505 3483 1901 3538 commentariis

317 3571 589 3627 hactenus.
603 3571 1071 3640 desiderabantur,
1094 3588 1266 3644 exque
1292 3574 1602 3644 Anglicanis
1630 3574 1900 3628 codicibus

312 3665 456 3722 eruti
473 3664 850 3729 sunt._llorum
881 3664 1168 3736 apographi
1210 3674 1411 3736 partem
1428 3666 1587 3721 nobis
1608 3665 1901 3721 transmisit

311 3754 405 3808 vir.
441 3754 838 3811 illustrissimus
876 3755 940 3810 Ι).
991 3755 1226 3813 Joannes
1272 3757 1555 3821 Potterus,
1604 3758 1899 3828 Episcopus

310 3846 653 3915 Oxoniensis,
682 3863 788 3902 non
811 3849 987 3903 minus
1009 3847 1311 3903 eruditione
1332 3889 1347 3912 ,
1382 3863 1541 3918 quam
1571 3848 1924 3904 humanitate

310 3939 656 4008 conspicuus,
697 3938 787 4009 qui
828 3938 1009 3993 multis
1054 3939 1453 4009 insignibusque
1491 3939 1741 4009 operibus
1785 3955 1895 3992 rem

311 4026 600 4083 literarium
627 4028 944 4095 exornavit;
976 4038 1168 4085 caetera
1195 4030 1347 4084 brevi
1381 4030 1810 4094 transmissurus,
1838 4039 1899 4093 ut

310 4135 530 4192 sperare
550 4120 723 4191 jubet.
752 4121 878 4178 Hazc
905 4138 1035 4177 sane
1072 4130 1217 4177 tanta
1247 4122 1645 4178 commentariis
1670 4121 1731 4175 iu
1754 4121 1895 4175 Psal-

311 4226 430 4269 mos
465 4214 711 4269 accessio
741 4228 986 4285 magnam
1012 4215 1090 4270 rei
1116 4215 1506 4275 Ecclesrasticac
1547 4215 1899 4284 literariaeque

307 4302 564 4360 studiosis
593 4305 830 4360 laetitiam
860 4307 1032 4376 pariat
1059 4316 1289 4376 oportet.

312 4414 535 4492 §Vl.——
565 4413 639 4471 De
667 4416 858 4489 ingenti
893 4433 1101 4489 cperam
1139 4434 1375 4485 numero,
1404 4434 1519 4490 qua
1551 4417 1895 4489 Cltrysastouu'

827 4526 1008 4565 nomen
1034 4511 1389 4564 ementiuntur.

379 4622 443 4679 in
466 4623 555 4679 illa
579 4638 711 4678 vero
743 4632 884 4681 tanta
915 4621 1299 4678 anecdctorum
1330 4621 1482 4693 sylva
1501 4663 1517 4688 ,
1545 4621 1726 4690 spuria
1759 4620 1897 4676 bene

310 4714 475 4769 multa
501 4716 860 4785 reperiuntur.
885 4713 1015 4769 Nam
1044 4715 1308 4768 innumeri
1337 4729 1471 4784 pene
1501 4712 1750 4777 Graeculi,
1790 4728 1897 4769 non

310 4804 523 4877 ingenio
552 4806 731 4862 minus
753 4848 768 4874 ,
796 4822 953 4878 quam
985 4815 1140 4862 aetate
1167 4806 1407 4877 dispares
1427 4849 1440 4872 ,
1478 4823 1599 4862 cum
1631 4823 1730 4863 nec
1759 4807 1896 4863 fama

308 4896 714 4955 celebrarentur
753 4913 853 4952 nec
892 4908 1079 4968 suapte
1121 4913 1285 4968 Opera
1326 4913 1518 4955 nomen
1561 4898 1661 4954 sibi
1704 4896 1896 4970 parere

311 5002 465 5056 posse
491 4989 842 5055 conﬁderent,
869 5000 1110 5047 mutnato
1131 4990 1501 5064 Cbrysostomi
1532 4994 1768 5055 nomine.
1794 4992 1895 5047 ali-

309 5093 464 5148 quam
493 5081 781 5150 sperabant
819 5084 1031 5152 scriptis
1069 5085 1180 5138 suis
1206 5083 1362 5154 adjici
1390 5083 1739 5155 dignitatem;
1772 5083 1895 5141 hinc

308 5169 958 5243 acciditutplerumque
1002 5175 1371 5244 imperitorum
1418 5174 1692 5230 hominum
1740 5176 1897 5247 nugis

311 5261 446 5317 male
472 5273 665 5319 auctus
696 5265 766 5319 sit
797 5275 901 5320 tam
930 5268 1130 5336 peritus
1151 5267 1364 5324 artifex.
1390 5268 1504 5324 Non
1534 5269 1651 5325 haec
1671 5285 1772 5324 una
1799 5268 1897 5324 fuit

313 5363 416 5408 tam
446 5355 697 5410 immanis
725 5359 1050 5414 accessionis
1082 5375 1278 5420 causa:
1310 5361 1569 5431 siquidem
1595 5362 1895 5433 bibliopolae

313 5452 547 5513 veteres,
580 5456 640 5501 ut
665 5446 834 5503 libros
850 5448 1014 5518 pluris
1031 5450 1346 5518 venderent,
1366 5453 1646 5521 praemisso
1670 5454 1896 5509 ementi-

312 5542 466 5605 taque
484 5537 856 5609 Chrysostomi
885 5541 1119 5610 nomine,
1140 5551 1413 5612 eruptores
1431 5544 1530 5600 hac
1556 5554 1670 5599 arte
1690 5544 1892 5600 allicie-

313 5624 452 5682 baut.
489 5628 568 5684 Ex
604 5630 710 5684 illis
732 5645 864 5687 vero
887 5633 1083 5702 spuriis
1106 5649 1166 5688 ea
1194 5637 1363 5690 solum
1389 5636 1662 5705 publicare
1684 5637 1891 5691 aninms

312 5727 409 5787 est,
432 5735 551 5790 qua:
581 5721 805 5789 alicujus
825 5733 947 5779 sunt
978 5728 1231 5784 momenti
1257 5746 1267 5781 :
1289 5739 1481 5785 caetera
1505 5739 1686 5786 autem
1715 5731 1889 5791 inepta

1767 262 2161 324 PREFATlOr

3531 286 3617 328 ιιιν

2037 387 2199 449 atque
2219 374 2413 446 iutilia,
2426 384 2609 448 utpote
2624 377 2781 450 digna
2807 377 3067 445 tenebris,
3085 377 3282 441 intacta
3301 380 3613 439 manebunt.

2033 468 2110 523 Ex
2159 468 2225 523 iis
2264 482 2395 524 vero
2416 470 2613 539 spuriis
2634 509 2649 536 ,
2678 485 2799 540 qua:
2825 470 3056 526 Savilius
3072 479 3139 526 et
3164 469 3364 528 Fronto
3391 470 3614 527 Dircaeus

2025 557 2136 628 jam
2169 558 2363 628 publici
2400 558 2540 629 juris
2564 557 2833 627 fecerant,
2870 560 3073 615 nullum
3102 560 3612 630 pra-terminandum
3661 632 3663 635 ι

2030 648 2302 717 duximus,
2327 664 2400 711 ne
2429 650 2558 721 quiti
2587 652 2639 705 in
2665 652 2901 707 editione
2933 662 3114 707 nostra
3144 652 3436 708 desideraui
3464 653 3612 708 vide-

2030 750 2218 795 retur:
2246 743 2460 797 tametsi
2490 741 2630 797 inter
2658 740 2769 806 illa,
2801 742 3023 813 plurima
3051 753 3199 798 certe
3224 744 3496 799 suntluce
3526 744 3613 798 in-

2030 828 2210 899 digna,
2237 847 2359 901 qua:
2382 833 2874 888 nemosanussinc
2907 833 3184 889 stomacho
3211 835 3389 906 legere
3420 836 3608 905 possit.

2028 919 2138 977 Nec
2164 922 2310 979 venit
2336 923 2390 978 in
2418 931 2654 978 mentem
2680 938 2776 977 cur
2814 921 3079 989 Savilius,
3122 924 3212 994 qui
3259 925 3425 980 multa
3446 925 3609 995 ejus-

2029 1016 2171 1071 modi
2194 1015 2365 1072 fntilia
2390 1018 2644 1087 opuscula
2663 1059 2677 1081 ,
2705 1033 2931 1088 quorum
2952 1017 3249 1088 catalogum
3271 1018 3390 1088 ipse
3413 1017 3606 1084 texuit,

2027 1121 2087 1162 se
2127 1108 2372 1163 consulto
2400 1109 2564 1165 missa
2606 1108 2795 1165 fecisse
2827 1107 3125 1179 profitetur,
3156 1117 3232 1163 tot
3257 1109 3390 1165 alias
3408 1107 3607 1179 hujus—

2027 1199 2169 1254 modi
2196 1213 2400 1256 merces
2430 1199 2583 1255 nobis
2599 1198 2873 1266 obtulerit,
2896 1214 3030 1270 quas
3045 1214 3175 1254 sane
3190 1199 3403 1254 mternis
3422 1197 3608 1270 dignas

2026 1304 2144 1344 esse
2178 1290 2415 1345 tenebris
2443 1305 2600 1345 nemo
2630 1305 2735 1347 non
2768 1289 3010 1346 fateatur.
3036 1290 3092 1345 ld
3120 1290 3258 1345 haud
3288 1290 3449 1347 dubie
3470 1291 3608 1345 acci-

2024 1376 2124 1445 dit,
2151 1380 2274 1449 quia
2303 1380 2354 1433 iu
2384 1388 2528 1436 tanta
2556 1396 2778 1451 operum
2813 1380 2960 1455 sylva
2979 1420 2994 1445 ,
3033 1380 3095 1434 in
3121 1389 3268 1435 tanto
3286 1380 3625 1435 orationum.

2023 1466 2272 1537 decursu,
2297 1484 2403 1526 non
2428 1487 2520 1541 par
2542 1484 2752 1540 semper
2771 1481 2853 1527 est
2872 1471 3081 1526 animus
3106 1486 3279 1541 neque
3301 1469 3438 1527 idem
3456 1485 3619 1528 mens.

2023 1559 2090 1612 tis
2134 1558 2427 1630 judiciique
2469 1563 2625 1617 situs.
2666 1562 2847 1632 Neque
2875 1562 3005 1617 satis
3039 1561 3325 1618 habuimus
3363 1561 3544 1632 spuria
3570 1580 3605 1616 ιι

2020 1651 2291 1719 germanis
2311 1654 2676 1722 segregavisse
2697 1669 2711 1718 ;
2735 1652 2801 1708 ad
2818 1652 3072 1723 majorem
3096 1653 3290 1723 quippe
3309 1652 3611 1708 distinctio-7

2022 1755 2143 1794 nem
2169 1740 2258 1795 illa
2285 1742 2349 1796 ad
2381 1742 2542 1798 linem
2573 1742 2833 1814 cujusque
2849 1742 3132 1798 voluminis
3158 1743 3524 1814 ablegavimus
3542 1757 3605 1797 ac

2019 1832 2305 1888 minutiore
2332 1833 2644 1890 charactere
2672 1834 2755 1890 edi
2784 1835 3086 1889 curavimus
3108 1876 3121 1901 ,
3146 1834 3323 1891 habita
3345 1841 3600 1905 quantum

2020 1922 2167 1978 licuit
2205 1927 2504 1994 argumenti
2537 1926 2778 1982 ratione:
2810 1941 2918 1981 non
2947 1927 3088 1981 enim
3126 1941 3339 1995 semper
3376 1941 3440 1981 ea
3482 1940 3611 1996 quas

2018 2030 2121 2069 una
2160 2015 2300 2071 serie
2328 2016 2570 2085 ponenda
2603 2017 2920 2072 videbantur
2948 2016 3138 2071 eodem
3170 2017 3221 2070 in
3248 2024 3394 2071 tomo
3424 2016 3611 2071 locare-

2018 2108 2308 2176 potuimus,
2337 2123 2402 2162 ne
2431 2109 2589 2163 nimia
2618 2107 2756 2164 foret
2775 2108 3055 2164 voluminis
3072 2108 3258 2162 moles.
3281 2107 3447 2163 Dubia
3473 2122 3602 2164 vero

2016 2212 2201 2268 opera,
2226 2216 2344 2269 qua:
2373 2216 2477 2254 non
2501 2214 2665 2270 parvo
2688 2208 2813 2254 sunt
2839 2214 3091 2264 numero,
3114 2198 3181 2253 ad
3209 2198 3407 2255 calcem
3422 2197 3605 2268 genui-

2014 2304 2209 2345 norum
2231 2291 2417 2345 eadem
2447 2289 2770 2344 characteris
2796 2289 2965 2344 forma
2992 2288 3286 2359 posuimus,
3309 2288 3599 2358 praemissis

2014 2382 2473 2438 admonitionibus
2498 2390 2553 2438 et
2586 2381 2762 2438 allatis
2788 2380 3063 2437 dubitandi
3090 2380 3287 2435 causis.

2016 2510 2341 2582 ἕνην-οε
2365 2513 2516 2567 uariis
2541 2511 2834 2567 lectionibus
2857 2520 3006 2579 atque
3028 2512 3178 2576 uotis,
3198 2509 3354 2580 deque
3374 2509 3593 2571 monitis,

2246 2636 2250 2641 -
2311 2620 2424 2675 qua:
2441 2605 2508 2657 ad
2535 2603 2736 2675 singula
2762 2618 2916 2671 opera
2941 2601 3292 2673 praemisimus.

2085 2712 2273 2768 Varias
2301 2713 2560 2769 lectiones
2590 2729 2654 2768 ex
2683 2712 3054 2782 Inanuscriptis
3082 2719 3263 2766 erutas
3293 2710 3346 2766 in
3374 2712 3475 2765 itna
3501 2725 3596 2781 pp-

2012 2804 2132 2872 gina
2161 2805 2435 2872 posuimus
2460 2820 2552 2859 cas
2583 2803 2778 2867 solum,
2808 2820 2926 2874 qum
2950 2803 3177 2870 alicujus
3197 2802 3451 2857 momenti
3474 2819 3605 2858 esse

2009 2895 2325 2951 videbantur
2350 2915 2364 2952 :
2389 2912 2533 2963 nam,
2564 2898 2609 2952 si
2637 2911 2827 2951 omnes
2846 2897 2963 2951 sine
2982 2895 3193 2951 delectu
3219 2895 3593 2961 edidissemus,

2017 2989 2068 3042 in
2101 2990 2318 3043 nimiam
2351 2991 2543 3044 molem
2573 2990 2718 3044 nullo
2743 3005 2921 3058 operte
2948 2989 3119 3059 pretio
3149 2988 3408 3044 crevisset
3434 3003 3607 3058 opus“

2008 3080 2149 3149 quod
2175 3082 2284 3149 jam
2311 3081 2555 3151 quemvis
2583 3082 2901 3152 scriptorem
2926 3080 3172 3137 Grrecum
3192 3079 3333 3135 mole
3353 3089 3589 3151 superat.

2009 3170 2170 3226 Notas
2194 3172 2438 3240 ponimus
2467 3171 2657 3227 breves
2679 3213 2692 3236 ,
2720 3171 2806 3227 ubi
2840 3185 3059 3226 necesse
3084 3170 3327 3226 ducimus
3354 3185 3473 3226 esse
3502 3189 3515 3224 :
3547 3171 3615 3226 si,

2008 3278 2109 3331 qua
2142 3278 2269 3317 vero
2310 3262 2566 3333 majorem
2601 3264 2881 3333 requirunt
2924 3261 3384 3332 disquisitionem,
3425 3277 3488 3316 ea
3528 3262 3593 3315 ad

2009 3354 2257 3408 trutinam
2291 3355 2665 3409 examinantur
2695 3354 2744 3407 in
2776 3352 2992 3407 monitis
3012 3394 3026 3419 ,
3056 3367 3175 3422 qua:
3210 3352 3261 3406 iu
3293 3350 3466 3407 fronte
3493 3367 3589 3407 cur

2002 3443 2196 3514 jusque
2227 3443 2344 3498 libri
2375 3442 2457 3499 vel
2488 3443 2720 3498 homiliae
2750 3443 3182 3513 praemittuntur:
3210 3456 3271 3497 re
3308 3446 3484 3497 tamen
3514 3443 3592 3497 sic

2008 3543 2296 3606 temperata
2316 3577 2330 3602 ,
2363 3544 2425 3590 ut
2450 3551 2569 3591 cum
2602 3536 2782 3607 plures
2807 3535 3048 3606 ejusdem
3086 3535 3384 3604 argumenti
3417 3536 3592 3589 conti-

2006 3641 2115 3679 nua
2137 3626 2275 3682 serie
2304 3635 2573 3695 ponuntur
2598 3628 2868 3681 orationes
2887 3668 2901 3691 ,
2935 3641 3096 3679 unum
3130 3640 3226 3695 pro
3250 3625 3315 3678 iis
3341 3626 3611 3680 omnibus-

2006 3725 2056 3768 et
2102 3714 2326 3784 singulis
2356 3716 2613 3770 monitum
2656 3716 2706 3770 in
2754 3716 2928 3770 [ιόιιιο
2974 3716 3167 3786 prioris
3207 3716 3430 3770 locetur.
3459 3715 3589 3782 Quzu

2004 3804 2217 3874 quidem
2246 3806 2676 3869 monitalectori,
2708 3814 2763 3861 ut
2788 3821 2969 3876 spero,
2997 3821 3098 3860 nec
3119 3805 3324 3876 ingrata
3362 3819 3461 3860 nec
3496 3805 3581 3859 in-

2006 3893 2152 3948 utilia
2195 3894 2367 3951 l'utura
2399 3904 2542 3950 sunt.
2572 3896 2790 3950 Multum
2818 3896 2960 3951 enim
2999 3895 3150 3967 juvat
3176 3895 3242 3951 ad
3286 3895 3586 3971 intelligen-
3622 3890 3628 3895 ’

1992 3984 2132 4039 'tiam
2163 3985 2394 4041 humilia:
2439 3987 2521 4042 vel
2567 3987 2859 4051 orationis,
2907 3987 2950 4041 si
2997 4002 3099 4057 qua
3145 3987 3444 4051 occasione,
3485 4003 3591 4057 quo

2006 4088 2246 4151 tempore
2269 4122 2283 4146 ,
2327 4094 2355 4133 a
2399 4079 2593 4152 quibus
2636 4081 2879 4135 inductus
2903 4090 3082 4135 orator
3106 4095 3165 4135 ea
3194 4079 3260 4134 de
3285 4094 3347 4134 re
3374 4079 3590 4134 concio-

2004 4188 2126 4227 nem
2174 4172 2447 4241 habuerit,
2493 4173 2660 4228 lector
2683 4172 2996 4228 edidicerit:
3027 4180 3080 4226 et
3109 4171 3152 4226 si
3180 4186 3297 4244 qua:
3328 4170 3590 4240 legentem

2006 4264 2202 4317 morari
2230 4273 2515 4333 poterant,
2544 4272 2828 4335 antequam
2862 4262 3018 4319 lectio
3048 4261 3290 4330 adeatur,
3321 4260 3591 4331 explicen-

2005 4364 2107 4409 tur.
2140 4356 2271 4410 lltud
2299 4372 2426 4411 vero
2452 4357 2716 4413 commodi
2746 4356 2797 4410 iu
2832 4355 2982 4427 prius
3010 4353 3166 4409 editis
3195 4367 3418 4424 prorsus
3439 4351 3583 4406 desi-

2003 4448 2310 4515 derabatur.
2340 4448 2395 4503 lu
2421 4449 2568 4503 hisce
2596 4449 2815 4502 monitis
2845 4462 2950 4501 non
2984 4445 3352 4516 infrequenter
3373 4459 3400 4498 a
3425 4443 3586 4499 Tillc—

2005 4540 2189 4593 monlii
2245 4540 2507 4594 sententia
2570 4540 2940 4602 deﬂectimus;
2986 4537 3112 4591 licet
3161 4536 3305 4590 enim
3356 4535 3471 4604 ejus
3518 4535 3584 4588 ad
3628 4606 3635 4611 _

2004 4630 2281 4687 historiam
2327 4629 2758 4685 Ecelesiasticam
2805 4626 3174 4683 illustrandum
3210 4627 3585 4681 concinnatum

2002 4735 2136 4791 Opus
2188 4720 2363 4790 magni
2411 4718 2704 4782 faciamus,
2752 4732 2871 4772 non.
2908 4731 3074 4788 pauca
3125 4724 3300 4772 tamen
3348 4725 3504 4781 sunt,
3535 4723 3587 4773 in

2003 4812 2196 4881 quibus
2225 4827 2345 4865 eum
2371 4825 2399 4865 a
2430 4824 2555 4865 vero
2581 4810 2860 4866 aberrasse
2886 4818 3153 4879 putamus.
3177 4806 3338 4862 Certe
3365 4821 3586 4862 accura-

2005 4902 2152 4959 tione
2202 4902 2290 4957 ille
2329 4917 2391 4956 ac
2433 4900 2705 4971 diligentia
2753 4899 2954 4961 nctnini
2996 4897 3283 4954 concedit:
3311 4897 3491 4953 oninia
3537 4898 3588 4952 in

2004 4993 2234 5049 medium
2266 4992 2443 5059 affert,
2474 4992 2681 5062 singula
2711 4990 2949 5055 discutit,
2985 4990 3119 5045 nihil
3141 4990 3339 5044 omittit
3375 5004 3587 5054 eorum,

2010 5102 2129 5157 qua:
2154 5085 2219 5140 ad
2251 5100 2363 5141 rem
2397 5085 2463 5140 dc
2488 5100 2589 5155 qua
2613 5085 2789 5155 agitur
2813 5080 3194 5153 explorandam
3224 5078 3500 5135 conferunt
3521 5098 3534 5143 ;
3559 5096 3589 5134 a

2006 5177 2346 5248 pra~judicata
2377 5176 2629 5246 opinione
2656 5176 2850 5229 mirqu
2887 5180 3142 5243 quantum
3173 5175 3242 5224 sit
3265 5170 3492 5225 alienus.
3530 5170 3605 5225 In.

1999 5268 2202 5338 judicio
2233 5276 2407 5322 tamen
2431 5265 2655 5322 ferendo
2681 5280 2786 5320 non
2818 5263 3175 5334 semperpari.
3196 5261 3447 5319 felicitate
3468 5276 3590 5329 pro-

2002 5359 2173 5424 cedit;
2207 5358 2300 5414 sed
2329 5369 2455 5413 tunc
2481 5357 2639 5412 etiam
2666 5356 2735 5411 ob
2757 5355 3082 5425 diligentiam
3112 5351 3260 5406 utilis
3289 5350 3368 5406 vel
3398 5350 3463 5403 iis
3486 5351 3587 5419 qui

2003 5451 2284 5506 adversam
2328 5457 2543 5507 tuentur
2582 5449 2910 5519 opinionem.
2940 5446 3323 5507 Adhmcvero
3360 5458 3481 5515 qua‘
3517 5444 3588 5499 de

2006 5543 2210 5599 Joanne
2233 5542 2620 5613 Chrysostomo
2645 5541 2730 5595 ille
2752 5540 3060 5608 scripserat,
3085 5536 3176 5592 diu
3202 5545 3320 5607 post
3347 5549 3464 5602 ejus
3491 5535 3583 5588 oh-

2002 5640 2132 5693 itum
2164 5646 2289 5692 sunt
2315 5637 2365 5690 in
2397 5636 2566 5691 lucem
2591 5633 2781 5688 emissa
2805 5651 2818 5701 ;
2853 5647 2948 5687 nec
2969 5629 3141 5701 potuit
3163 5644 3247 5695 ea,
3270 5644 3386 5698 qua:
3408 5624 3621 5683 minus“

2007 5740 2254 5785 accurate
2284 5729 2454 5798 posita
2482 5737 2628 5782 erant
2653 5765 2667 5787 .
2699 5722 3080 5795 posterioribus
3109 5719 3250 5775 curis
3276 5718 3505 5775 sarcire.
