  <div class='ocr_page' id='page_1' title='image "/cluster/home/n/w/nwhite01/storage/ocr_20150623/47/mdp.39015012902212/019.png"; bbox 0 0 4038 6154; ppageno 0'>
   <div class='ocr_carea' id='block_1_1' title="bbox 316 196 1930 303">
    <p class='ocr_par' dir='ltr' id='par_1_1' title="bbox 316 223 1930 303">
     <span class='ocr_line' id='line_1_1' title="bbox 316 223 1930 303; baseline -0.013 0"><span class='ocrx_word' id='word_1_1' title='bbox 316 258 383 303; x_wconf 76' lang='grc' dir='ltr'><strong>κν</strong></span> <span class='ocrx_word' id='word_1_2' title='bbox 989 267 1004 285; x_wconf 73' lang='grc'><strong>.</strong></span> <span class='ocrx_word' id='word_1_3' title='bbox 1359 272 1372 287; x_wconf 92' lang='grc'>.</span> <span class='ocrx_word' id='word_1_4' title='bbox 1546 223 1930 289; x_wconf 78' lang='lat' dir='ltr'><strong>D.B.DEM</strong></span> 
     </span>
    </p>
   </div>
   <div class='ocr_carea' id='block_1_2' title="bbox 2034 196 2349 303">
    <p class='ocr_par' dir='ltr' id='par_1_2' title="bbox 2034 221 2349 294">
     <span class='ocr_line' id='line_1_2' title="bbox 2034 221 2349 294; baseline 0 -13"><span class='ocrx_word' id='word_1_5' title='bbox 2034 221 2349 294; x_wconf 57' lang='lat' dir='ltr'><strong>PFAUCON;</strong></span> 
     </span>
    </p>
   </div>
   <div class='ocr_carea' id='block_1_3' title="bbox 390 343 1899 416">
    <p class='ocr_par' dir='ltr' id='par_1_3' title="bbox 390 343 1899 416">
     <span class='ocr_line' id='line_1_3' title="bbox 390 343 1899 416; baseline -0.013 -1"><span class='ocrx_word' id='word_1_6' title='bbox 390 360 574 416; x_wconf 82' lang='lat' dir='ltr'><strong>Varias</strong></span> <span class='ocrx_word' id='word_1_7' title='bbox 602 355 860 415; x_wconf 78' lang='lat' dir='ltr'><strong>lectiones</strong></span> <span class='ocrx_word' id='word_1_8' title='bbox 886 362 942 411; x_wconf 90' lang='lat' dir='ltr'><strong>et</strong></span> <span class='ocrx_word' id='word_1_9' title='bbox 966 361 1119 410; x_wconf 86' lang='lat' dir='ltr'><strong>notas</strong></span> <span class='ocrx_word' id='word_1_10' title='bbox 1148 347 1362 407; x_wconf 80' lang='lat' dir='ltr'><strong>Henrici</strong></span> <span class='ocrx_word' id='word_1_11' title='bbox 1389 347 1570 405; x_wconf 88' lang='lat' dir='ltr'><strong>Savilii</strong></span> <span class='ocrx_word' id='word_1_12' title='bbox 1590 353 1647 402; x_wconf 89' lang='lat' dir='ltr'><strong>et</strong></span> <span class='ocrx_word' id='word_1_13' title='bbox 1668 343 1899 400; x_wconf 80' lang='lat' dir='ltr'><strong>Fronto-</strong></span> 
     </span>
    </p>
   </div>
   <div class='ocr_carea' id='block_1_4' title="bbox 319 434 1903 518">
    <p class='ocr_par' dir='ltr' id='par_1_4' title="bbox 319 434 1903 518">
     <span class='ocr_line' id='line_1_4' title="bbox 319 434 1903 518; baseline -0.013 -8"><span class='ocrx_word' id='word_1_14' title='bbox 319 457 404 510; x_wconf 97' lang='lat' dir='ltr'><strong>nis</strong></span> <span class='ocrx_word' id='word_1_15' title='bbox 443 453 625 510; x_wconf 65' lang='lat' dir='ltr'><strong>Ducati</strong></span> <span class='ocrx_word' id='word_1_16' title='bbox 663 466 770 508; x_wconf 92' lang='lat' dir='ltr'><strong>non</strong></span> <span class='ocrx_word' id='word_1_17' title='bbox 815 449 1049 518; x_wconf 88' lang='lat' dir='ltr'><strong>integras</strong></span> <span class='ocrx_word' id='word_1_18' title='bbox 1091 444 1280 501; x_wconf 85' lang='lat' dir='ltr'><strong>damus</strong></span> <span class='ocrx_word' id='word_1_19' title='bbox 1305 460 1319 498; x_wconf 91' lang='lat'><strong>:</strong></span> <span class='ocrx_word' id='word_1_20' title='bbox 1349 455 1472 497; x_wconf 91' lang='lat' dir='ltr'><strong>nam</strong></span> <span class='ocrx_word' id='word_1_21' title='bbox 1515 453 1582 496; x_wconf 82' lang='lat' dir='ltr'><strong>ex</strong></span> <span class='ocrx_word' id='word_1_22' title='bbox 1619 434 1903 495; x_wconf 87' lang='lat' dir='ltr'><strong>Savilianis</strong></span> 
     </span>
    </p>
   </div>
   <div class='ocr_carea' id='block_1_5' title="bbox 319 530 1902 610">
    <p class='ocr_par' dir='ltr' id='par_1_5' title="bbox 319 530 1902 610">
     <span class='ocr_line' id='line_1_5' title="bbox 319 530 1902 610; baseline -0.013 -8"><span class='ocrx_word' id='word_1_23' title='bbox 319 549 461 602; x_wconf 85' lang='lat' dir='ltr'><strong>notis</strong></span> <span class='ocrx_word' id='word_1_24' title='bbox 491 545 669 601; x_wconf 70' lang='lat' dir='ltr'><strong>multa:</strong></span> <span class='ocrx_word' id='word_1_25' title='bbox 695 543 879 599; x_wconf 70' lang='lat' dir='ltr'><strong>Grmca</strong></span> <span class='ocrx_word' id='word_1_26' title='bbox 909 537 1208 610; x_wconf 83' lang='lat' dir='ltr'><strong>respiciunt</strong></span> <span class='ocrx_word' id='word_1_27' title='bbox 1231 530 1608 598; x_wconf 87' lang='lat' dir='ltr'><strong>restauranda,</strong></span> <span class='ocrx_word' id='word_1_28' title='bbox 1634 543 1756 603; x_wconf 71' lang='lat' dir='ltr'><strong>qua:</strong></span> <span class='ocrx_word' id='word_1_29' title='bbox 1780 540 1902 583; x_wconf 91' lang='lat' dir='ltr'><strong>cum</strong></span> 
     </span>
    </p>
   </div>
   <div class='ocr_carea' id='block_1_6' title="bbox 320 620 1903 704">
    <p class='ocr_par' dir='ltr' id='par_1_6' title="bbox 320 620 1903 704">
     <span class='ocr_line' id='line_1_6' title="bbox 320 620 1903 704; baseline -0.013 -8"><span class='ocrx_word' id='word_1_30' title='bbox 320 639 386 695; x_wconf 85' lang='lat' dir='ltr'><strong>ad</strong></span> <span class='ocrx_word' id='word_1_31' title='bbox 415 639 573 695; x_wconf 82' lang='lat' dir='ltr'><strong>ﬁdem</strong></span> <span class='ocrx_word' id='word_1_32' title='bbox 600 632 1086 704; x_wconf 83' lang='lat' dir='ltr'><strong>manuscriptorum</strong></span> <span class='ocrx_word' id='word_1_33' title='bbox 1110 629 1221 700; x_wconf 79' lang='lat' dir='ltr'><strong>jam</strong></span> <span class='ocrx_word' id='word_1_34' title='bbox 1244 641 1274 682; x_wconf 92' lang='lat' dir='ltr'><strong>a</strong></span> <span class='ocrx_word' id='word_1_35' title='bbox 1296 624 1453 682; x_wconf 90' lang='lat' dir='ltr'><strong>nobis</strong></span> <span class='ocrx_word' id='word_1_36' title='bbox 1474 621 1755 681; x_wconf 85' lang='lat' dir='ltr'><strong>emendata</strong></span> <span class='ocrx_word' id='word_1_37' title='bbox 1784 620 1903 676; x_wconf 78' lang='lat' dir='ltr'><strong>tuc-</strong></span> 
     </span>
    </p>
   </div>
   <div class='ocr_carea' id='block_1_7' title="bbox 321 710 1904 801">
    <p class='ocr_par' dir='ltr' id='par_1_7' title="bbox 321 710 1904 801">
     <span class='ocr_line' id='line_1_7' title="bbox 321 710 1904 801; baseline -0.014 -14"><span class='ocrx_word' id='word_1_38' title='bbox 321 732 446 797; x_wconf 91' lang='lat' dir='ltr'><strong>rint,</strong></span> <span class='ocrx_word' id='word_1_39' title='bbox 476 741 731 801; x_wconf 85' lang='lat' dir='ltr'><strong>quorsum</strong></span> <span class='ocrx_word' id='word_1_40' title='bbox 759 724 865 781; x_wconf 78' lang='lat' dir='ltr'><strong>illa:</strong></span> <span class='ocrx_word' id='word_1_41' title='bbox 888 716 1059 790; x_wconf 73' lang='lat' dir='ltr'><strong>none,</strong></span> <span class='ocrx_word' id='word_1_42' title='bbox 1083 720 1188 777; x_wconf 83' lang='lat' dir='ltr'><strong>nisi</strong></span> <span class='ocrx_word' id='word_1_43' title='bbox 1213 727 1271 775; x_wconf 89' lang='lat' dir='ltr'><strong>ut</strong></span> <span class='ocrx_word' id='word_1_44' title='bbox 1293 718 1404 789; x_wconf 81' lang='lat' dir='ltr'><strong>jam</strong></span> <span class='ocrx_word' id='word_1_45' title='bbox 1428 723 1606 772; x_wconf 90' lang='lat' dir='ltr'><strong>actum</strong></span> <span class='ocrx_word' id='word_1_46' title='bbox 1639 710 1904 785; x_wconf 85' lang='lat' dir='ltr'><strong>agendum</strong></span> 
     </span>
    </p>
   </div>
   <div class='ocr_carea' id='block_1_8' title="bbox 321 802 1908 879">
    <p class='ocr_par' dir='ltr' id='par_1_8' title="bbox 321 802 1908 879">
     <span class='ocr_line' id='line_1_8' title="bbox 321 802 1908 879; baseline -0.013 0"><span class='ocrx_word' id='word_1_47' title='bbox 321 838 441 879; x_wconf 89' lang='lat' dir='ltr'><strong>esse</strong></span> <span class='ocrx_word' id='word_1_48' title='bbox 469 819 758 877; x_wconf 84' lang='lat' dir='ltr'><strong>moneant?</strong></span> <span class='ocrx_word' id='word_1_49' title='bbox 780 817 931 874; x_wconf 72' lang='lat' dir='ltr'><strong>Nota:</strong></span> <span class='ocrx_word' id='word_1_50' title='bbox 956 830 1091 871; x_wconf 84' lang='lat' dir='ltr'><strong>vero</strong></span> <span class='ocrx_word' id='word_1_51' title='bbox 1112 811 1492 869; x_wconf 66' lang='lat' dir='ltr'><strong>Frontonianae</strong></span> <span class='ocrx_word' id='word_1_52' title='bbox 1520 808 1624 864; x_wconf 67' lang='lat' dir='ltr'><strong>iilaa</strong></span> <span class='ocrx_word' id='word_1_53' title='bbox 1644 848 1659 873; x_wconf 90' lang='lat'><strong>,</strong></span> <span class='ocrx_word' id='word_1_54' title='bbox 1689 819 1811 875; x_wconf 64' lang='lat' dir='ltr'><strong>quae</strong></span> <span class='ocrx_word' id='word_1_55' title='bbox 1837 802 1908 860; x_wconf 87' lang='lat' dir='ltr'><strong>de</strong></span> 
     </span>
    </p>
   </div>
   <div class='ocr_carea' id='block_1_9' title="bbox 321 899 1909 984">
    <p class='ocr_par' dir='ltr' id='par_1_9' title="bbox 321 899 1909 984">
     <span class='ocr_line' id='line_1_9' title="bbox 321 899 1909 984; baseline -0.013 -13"><span class='ocrx_word' id='word_1_56' title='bbox 321 911 634 984; x_wconf 81' lang='lat' dir='ltr'><strong>corrigenda</strong></span> <span class='ocrx_word' id='word_1_57' title='bbox 657 907 1100 981; x_wconf 67' lang='lat' dir='ltr'><strong>interpretatione</strong></span> <span class='ocrx_word' id='word_1_58' title='bbox 1122 904 1311 962; x_wconf 87' lang='lat' dir='ltr'><strong>Latina</strong></span> <span class='ocrx_word' id='word_1_59' title='bbox 1326 902 1495 959; x_wconf 88' lang='lat' dir='ltr'><strong>veteri</strong></span> <span class='ocrx_word' id='word_1_60' title='bbox 1516 900 1742 972; x_wconf 82' lang='lat' dir='ltr'><strong>agebant</strong></span> <span class='ocrx_word' id='word_1_61' title='bbox 1761 899 1909 968; x_wconf 89' lang='lat' dir='ltr'><strong>(sunt</strong></span> 
     </span>
    </p>
   </div>
   <div class='ocr_carea' id='block_1_10' title="bbox 322 988 1906 1076">
    <p class='ocr_par' dir='ltr' id='par_1_10' title="bbox 322 988 1906 1076">
     <span class='ocr_line' id='line_1_10' title="bbox 322 988 1906 1076; baseline -0.011 -17"><span class='ocrx_word' id='word_1_62' title='bbox 322 1015 501 1062; x_wconf 83' lang='lat' dir='ltr'><strong>autem</strong></span> <span class='ocrx_word' id='word_1_63' title='bbox 541 1002 744 1076; x_wconf 61' lang='lat' dir='ltr'><strong>eadem</strong></span> <span class='ocrx_word' id='word_1_64' title='bbox 772 1002 902 1071; x_wconf 63' lang='lat' dir='ltr'><strong>ipsae</strong></span> <span class='ocrx_word' id='word_1_65' title='bbox 937 1011 1163 1069; x_wconf 79' lang='lat' dir='ltr'><strong>numero</strong></span> <span class='ocrx_word' id='word_1_66' title='bbox 1190 995 1422 1065; x_wconf 68' lang='lat' dir='ltr'><strong>multat),</strong></span> <span class='ocrx_word' id='word_1_67' title='bbox 1446 993 1556 1063; x_wconf 86' lang='lat' dir='ltr'><strong>jam</strong></span> <span class='ocrx_word' id='word_1_68' title='bbox 1582 1003 1807 1063; x_wconf 85' lang='lat' dir='ltr'><strong>prorsus</strong></span> <span class='ocrx_word' id='word_1_69' title='bbox 1825 988 1906 1043; x_wconf 88' lang='lat' dir='ltr'><strong>in-</strong></span> 
     </span>
    </p>
   </div>
   <div class='ocr_carea' id='block_1_11' title="bbox 324 1082 1909 1171">
    <p class='ocr_par' dir='ltr' id='par_1_11' title="bbox 324 1082 1909 1171">
     <span class='ocr_line' id='line_1_11' title="bbox 324 1082 1909 1171; baseline -0.01 -17"><span class='ocrx_word' id='word_1_70' title='bbox 324 1100 487 1171; x_wconf 80' lang='lat' dir='ltr'><strong>utiles</strong></span> <span class='ocrx_word' id='word_1_71' title='bbox 510 1104 711 1168; x_wconf 81' lang='lat' dir='ltr'><strong>essent,</strong></span> <span class='ocrx_word' id='word_1_72' title='bbox 731 1092 944 1167; x_wconf 79' lang='lat' dir='ltr'><strong>quando</strong></span> <span class='ocrx_word' id='word_1_73' title='bbox 964 1106 1029 1148; x_wconf 89' lang='lat' dir='ltr'><strong>ea</strong></span> <span class='ocrx_word' id='word_1_74' title='bbox 1058 1091 1144 1147; x_wconf 87' lang='lat' dir='ltr'><strong>vel</strong></span> <span class='ocrx_word' id='word_1_75' title='bbox 1160 1086 1440 1146; x_wconf 86' lang='lat' dir='ltr'><strong>emendata</strong></span> <span class='ocrx_word' id='word_1_76' title='bbox 1466 1084 1584 1152; x_wconf 72' lang='lat' dir='ltr'><strong>fuit,</strong></span> <span class='ocrx_word' id='word_1_77' title='bbox 1608 1083 1701 1141; x_wconf 82' lang='lat' dir='ltr'><strong>vel</strong></span> <span class='ocrx_word' id='word_1_78' title='bbox 1713 1082 1909 1154; x_wconf 83' lang='lat' dir='ltr'><strong>rejecta</strong></span> 
     </span>
    </p>
   </div>
   <div class='ocr_carea' id='block_1_12' title="bbox 326 1171 1913 1261">
    <p class='ocr_par' dir='ltr' id='par_1_12' title="bbox 326 1171 1913 1261">
     <span class='ocr_line' id='line_1_12' title="bbox 326 1171 1913 1261; baseline -0.01 -17"><span class='ocrx_word' id='word_1_79' title='bbox 326 1204 480 1260; x_wconf 70' lang='lat' dir='ltr'><strong>novae</strong></span> <span class='ocrx_word' id='word_1_80' title='bbox 508 1171 938 1261; x_wconf 76' lang='lat' dir='ltr'><strong>interpretationi</strong></span> <span class='ocrx_word' id='word_1_81' title='bbox 964 1183 1142 1239; x_wconf 87' lang='lat' dir='ltr'><strong>locum</strong></span> <span class='ocrx_word' id='word_1_82' title='bbox 1168 1180 1337 1237; x_wconf 84' lang='lat' dir='ltr'><strong>dedit.</strong></span> <span class='ocrx_word' id='word_1_83' title='bbox 1365 1179 1512 1234; x_wconf 82' lang='lat' dir='ltr'><strong>Alias</strong></span> <span class='ocrx_word' id='word_1_84' title='bbox 1536 1177 1661 1232; x_wconf 88' lang='lat' dir='ltr'><strong>item</strong></span> <span class='ocrx_word' id='word_1_85' title='bbox 1683 1176 1913 1231; x_wconf 86' lang='lat' dir='ltr'><strong>Fronto-</strong></span> 
     </span>
    </p>
   </div>
   <div class='ocr_carea' id='block_1_13' title="bbox 327 1264 1911 1345">
    <p class='ocr_par' dir='ltr' id='par_1_13' title="bbox 327 1264 1911 1345">
     <span class='ocr_line' id='line_1_13' title="bbox 327 1264 1911 1345; baseline -0.011 -9"><span class='ocrx_word' id='word_1_86' title='bbox 327 1281 410 1336; x_wconf 86' lang='lat' dir='ltr'><strong>nis</strong></span> <span class='ocrx_word' id='word_1_87' title='bbox 438 1278 615 1333; x_wconf 70' lang='lat' dir='ltr'><strong>Ductei</strong></span> <span class='ocrx_word' id='word_1_88' title='bbox 645 1285 821 1343; x_wconf 88' lang='lat' dir='ltr'><strong>notas,</strong></span> <span class='ocrx_word' id='word_1_89' title='bbox 849 1274 901 1329; x_wconf 91' lang='lat' dir='ltr'><strong>in</strong></span> <span class='ocrx_word' id='word_1_90' title='bbox 928 1273 1122 1345; x_wconf 83' lang='lat' dir='ltr'><strong>quibus</strong></span> <span class='ocrx_word' id='word_1_91' title='bbox 1143 1271 1289 1343; x_wconf 80' lang='lat' dir='ltr'><strong>varia</strong></span> <span class='ocrx_word' id='word_1_92' title='bbox 1314 1266 1682 1341; x_wconf 79' lang='lat' dir='ltr'><strong>Ghrysostomi</strong></span> <span class='ocrx_word' id='word_1_93' title='bbox 1708 1267 1824 1322; x_wconf 84' lang='lat' dir='ltr'><strong>ioca</strong></span> <span class='ocrx_word' id='word_1_94' title='bbox 1844 1264 1911 1320; x_wconf 90' lang='lat' dir='ltr'><strong>ad</strong></span> 
     </span>
    </p>
   </div>
   <div class='ocr_carea' id='block_1_14' title="bbox 328 1354 1909 1445">
    <p class='ocr_par' dir='ltr' id='par_1_14' title="bbox 328 1354 1909 1445">
     <span class='ocr_line' id='line_1_14' title="bbox 328 1354 1909 1445; baseline -0.008 -21"><span class='ocrx_word' id='word_1_95' title='bbox 328 1354 468 1445; x_wconf 68' lang='lat' dir='ltr'><strong>idem</strong></span> <span class='ocrx_word' id='word_1_96' title='bbox 489 1376 860 1439; x_wconf 75' lang='lat' dir='ltr'><strong>argumentum</strong></span> <span class='ocrx_word' id='word_1_97' title='bbox 879 1364 1176 1439; x_wconf 81' lang='lat' dir='ltr'><strong>spectantia</strong></span> <span class='ocrx_word' id='word_1_98' title='bbox 1196 1361 1457 1434; x_wconf 83' lang='lat' dir='ltr'><strong>congerit,</strong></span> <span class='ocrx_word' id='word_1_99' title='bbox 1481 1358 1711 1429; x_wconf 80' lang='lat' dir='ltr'><strong>exempli</strong></span> <span class='ocrx_word' id='word_1_100' title='bbox 1727 1370 1909 1422; x_wconf 87' lang='lat' dir='ltr'><strong>causa,</strong></span> 
     </span>
    </p>
   </div>
   <div class='ocr_carea' id='block_1_15' title="bbox 328 1449 1910 1533">
    <p class='ocr_par' dir='ltr' id='par_1_15' title="bbox 328 1449 1910 1533">
     <span class='ocr_line' id='line_1_15' title="bbox 328 1449 1910 1533; baseline -0.009 -18"><span class='ocrx_word' id='word_1_101' title='bbox 328 1475 450 1533; x_wconf 68' lang='lat' dir='ltr'><strong>eum</strong></span> <span class='ocrx_word' id='word_1_102' title='bbox 475 1460 542 1514; x_wconf 90' lang='lat' dir='ltr'><strong>de</strong></span> <span class='ocrx_word' id='word_1_103' title='bbox 557 1456 785 1530; x_wconf 87' lang='lat' dir='ltr'><strong>jejunio,</strong></span> <span class='ocrx_word' id='word_1_104' title='bbox 808 1456 877 1512; x_wconf 89' lang='lat' dir='ltr'><strong>de</strong></span> <span class='ocrx_word' id='word_1_105' title='bbox 898 1457 1272 1533; x_wconf 60' lang='lat' dir='ltr'><strong>matrimonio,</strong></span> <span class='ocrx_word' id='word_1_106' title='bbox 1289 1453 1356 1508; x_wconf 90' lang='lat' dir='ltr'><strong>de</strong></span> <span class='ocrx_word' id='word_1_107' title='bbox 1377 1450 1680 1507; x_wconf 78' lang='lat' dir='ltr'><strong>humilitate</strong></span> <span class='ocrx_word' id='word_1_108' title='bbox 1703 1449 1910 1520; x_wconf 85' lang='lat' dir='ltr'><strong>agitur:</strong></span> 
     </span>
    </p>
   </div>
   <div class='ocr_carea' id='block_1_16' title="bbox 331 1543 1915 1626">
    <p class='ocr_par' dir='ltr' id='par_1_16' title="bbox 331 1543 1915 1626">
     <span class='ocr_line' id='line_1_16' title="bbox 331 1543 1915 1626; baseline -0.008 -21"><span class='ocrx_word' id='word_1_109' title='bbox 331 1552 469 1626; x_wconf 88' lang='lat' dir='ltr'><strong>illas,</strong></span> <span class='ocrx_word' id='word_1_110' title='bbox 491 1543 730 1626; x_wconf 83' lang='lat' dir='ltr'><strong>inquam,</strong></span> <span class='ocrx_word' id='word_1_111' title='bbox 752 1557 910 1603; x_wconf 89' lang='lat' dir='ltr'><strong>notas</strong></span> <span class='ocrx_word' id='word_1_112' title='bbox 944 1546 1148 1618; x_wconf 88' lang='lat' dir='ltr'><strong>pariter</strong></span> <span class='ocrx_word' id='word_1_113' title='bbox 1181 1543 1660 1617; x_wconf 77' lang='lat' dir='ltr'><strong>praetermisimus:</strong></span> <span class='ocrx_word' id='word_1_114' title='bbox 1689 1546 1915 1610; x_wconf 82' lang='lat' dir='ltr'><strong>quanta-</strong></span> 
     </span>
    </p>
   </div>
   <div class='ocr_carea' id='block_1_17' title="bbox 330 1631 1919 1714">
    <p class='ocr_par' dir='ltr' id='par_1_17' title="bbox 330 1631 1919 1714">
     <span class='ocr_line' id='line_1_17' title="bbox 330 1631 1919 1714; baseline -0.01 -14"><span class='ocrx_word' id='word_1_115' title='bbox 330 1658 561 1714; x_wconf 85' lang='lat' dir='ltr'><strong>cumque</strong></span> <span class='ocrx_word' id='word_1_116' title='bbox 602 1642 744 1713; x_wconf 87' lang='lat' dir='ltr'><strong>enim</strong></span> <span class='ocrx_word' id='word_1_117' title='bbox 777 1638 1082 1712; x_wconf 74' lang='lat' dir='ltr'><strong>huiusmodi</strong></span> <span class='ocrx_word' id='word_1_118' title='bbox 1129 1636 1299 1713; x_wconf 88' lang='lat' dir='ltr'><strong>simul</strong></span> <span class='ocrx_word' id='word_1_119' title='bbox 1329 1644 1614 1706; x_wconf 91' lang='lat' dir='ltr'><strong>ponantur,</strong></span> <span class='ocrx_word' id='word_1_120' title='bbox 1659 1631 1716 1687; x_wconf 88' lang='lat' dir='ltr'><strong>id</strong></span> <span class='ocrx_word' id='word_1_121' title='bbox 1758 1644 1919 1686; x_wconf 80' lang='lat' dir='ltr'><strong>num-</strong></span> 
     </span>
    </p>
   </div>
   <div class='ocr_carea' id='block_1_18' title="bbox 332 1720 1921 1809">
    <p class='ocr_par' dir='ltr' id='par_1_18' title="bbox 332 1720 1921 1809">
     <span class='ocr_line' id='line_1_18' title="bbox 332 1720 1921 1809; baseline -0.009 -20"><span class='ocrx_word' id='word_1_122' title='bbox 332 1750 491 1805; x_wconf 92' lang='lat' dir='ltr'><strong>quam</strong></span> <span class='ocrx_word' id='word_1_123' title='bbox 521 1742 664 1789; x_wconf 89' lang='lat' dir='ltr'><strong>tanta</strong></span> <span class='ocrx_word' id='word_1_124' title='bbox 695 1731 1035 1809; x_wconf 85' lang='lat' dir='ltr'><strong>accuratione</strong></span> <span class='ocrx_word' id='word_1_125' title='bbox 1070 1727 1428 1800; x_wconf 70' lang='lat' dir='ltr'><strong>praestabitur,</strong></span> <span class='ocrx_word' id='word_1_126' title='bbox 1450 1733 1649 1796; x_wconf 90' lang='lat' dir='ltr'><strong>quanta</strong></span> <span class='ocrx_word' id='word_1_127' title='bbox 1668 1722 1721 1778; x_wconf 92' lang='lat' dir='ltr'><strong>in</strong></span> <span class='ocrx_word' id='word_1_128' title='bbox 1741 1720 1921 1777; x_wconf 80' lang='lat' dir='ltr'><strong>indice</strong></span> 
     </span>
    </p>
   </div>
   <div class='ocr_carea' id='block_1_19' title="bbox 333 1815 1922 1895">
    <p class='ocr_par' dir='ltr' id='par_1_19' title="bbox 333 1815 1922 1895">
     <span class='ocr_line' id='line_1_19' title="bbox 333 1815 1922 1895; baseline -0.009 -15"><span class='ocrx_word' id='word_1_129' title='bbox 333 1824 599 1895; x_wconf 80' lang='lat' dir='ltr'><strong>generali,</strong></span> <span class='ocrx_word' id='word_1_130' title='bbox 633 1823 721 1879; x_wconf 87' lang='lat' dir='ltr'><strong>ubi</strong></span> <span class='ocrx_word' id='word_1_131' title='bbox 749 1824 927 1878; x_wconf 82' lang='lat' dir='ltr'><strong>omnia</strong></span> <span class='ocrx_word' id='word_1_132' title='bbox 954 1820 1176 1876; x_wconf 91' lang='lat' dir='ltr'><strong>omnino</strong></span> <span class='ocrx_word' id='word_1_133' title='bbox 1206 1819 1322 1874; x_wconf 90' lang='lat' dir='ltr'><strong>loca</strong></span> <span class='ocrx_word' id='word_1_134' title='bbox 1353 1816 1420 1873; x_wconf 87' lang='lat' dir='ltr'><strong>ad</strong></span> <span class='ocrx_word' id='word_1_135' title='bbox 1460 1815 1599 1872; x_wconf 89' lang='lat' dir='ltr'><strong>idem</strong></span> <span class='ocrx_word' id='word_1_136' title='bbox 1637 1826 1922 1885; x_wconf 90' lang='lat' dir='ltr'><strong>argumen-</strong></span> 
     </span>
    </p>
   </div>
   <div class='ocr_carea' id='block_1_20' title="bbox 337 1899 1924 1989">
    <p class='ocr_par' dir='ltr' id='par_1_20' title="bbox 337 1899 1924 1989">
     <span class='ocr_line' id='line_1_20' title="bbox 337 1899 1924 1989; baseline -0.006 -22"><span class='ocrx_word' id='word_1_137' title='bbox 337 1899 448 1986; x_wconf 69' lang='lat' dir='ltr'><strong>tum</strong></span> <span class='ocrx_word' id='word_1_138' title='bbox 483 1912 799 1989; x_wconf 80' lang='lat' dir='ltr'><strong>pertinentia</strong></span> <span class='ocrx_word' id='word_1_139' title='bbox 830 1910 931 1985; x_wconf 87' lang='lat' dir='ltr'><strong>sub</strong></span> <span class='ocrx_word' id='word_1_140' title='bbox 959 1925 1066 1966; x_wconf 91' lang='lat' dir='ltr'><strong>uno</strong></span> <span class='ocrx_word' id='word_1_141' title='bbox 1097 1917 1387 1989; x_wconf 84' lang='lat' dir='ltr'><strong>conspectu</strong></span> <span class='ocrx_word' id='word_1_142' title='bbox 1432 1905 1769 1989; x_wconf 67' lang='lat' dir='ltr'><strong>locabuntur.</strong></span> <span class='ocrx_word' id='word_1_143' title='bbox 1793 1903 1924 1958; x_wconf 82' lang='lat' dir='ltr'><strong>Bre-</strong></span> 
     </span>
    </p>
   </div>
   <div class='ocr_carea' id='block_1_21' title="bbox 336 1984 1916 2083">
    <p class='ocr_par' dir='ltr' id='par_1_21' title="bbox 336 1984 1916 2083">
     <span class='ocr_line' id='line_1_21' title="bbox 336 1984 1916 2083; baseline -0.005 -27"><span class='ocrx_word' id='word_1_144' title='bbox 336 1984 516 2083; x_wconf 74' lang='lat' dir='ltr'><strong>vitatis</strong></span> <span class='ocrx_word' id='word_1_145' title='bbox 550 1984 709 2083; x_wconf 74' lang='lat' dir='ltr'><strong>igitur</strong></span> <span class='ocrx_word' id='word_1_146' title='bbox 734 1984 903 2059; x_wconf 82' lang='lat' dir='ltr'><strong>causa</strong></span> <span class='ocrx_word' id='word_1_147' title='bbox 920 2011 1074 2077; x_wconf 87' lang='lat' dir='ltr'><strong>notas</strong></span> <span class='ocrx_word' id='word_1_148' title='bbox 1096 1984 1280 2057; x_wconf 83' lang='lat' dir='ltr'><strong>Savilii</strong></span> <span class='ocrx_word' id='word_1_149' title='bbox 1314 2009 1368 2055; x_wconf 90' lang='lat' dir='ltr'><strong>et</strong></span> <span class='ocrx_word' id='word_1_150' title='bbox 1395 1996 1685 2053; x_wconf 81' lang='lat' dir='ltr'><strong>Frontonis</strong></span> <span class='ocrx_word' id='word_1_151' title='bbox 1708 1985 1916 2065; x_wconf 81' lang='lat' dir='ltr'><strong>delegi-</strong></span> 
     </span>
    </p>
   </div>
   <div class='ocr_carea' id='block_1_22' title="bbox 337 2089 1911 2173">
    <p class='ocr_par' dir='ltr' id='par_1_22' title="bbox 337 2089 1911 2173">
     <span class='ocr_line' id='line_1_22' title="bbox 337 2089 1911 2173; baseline -0.007 -22"><span class='ocrx_word' id='word_1_152' title='bbox 337 2113 486 2173; x_wconf 78' lang='lat' dir='ltr'><strong>tuus,</strong></span> <span class='ocrx_word' id='word_1_153' title='bbox 508 2105 562 2151; x_wconf 91' lang='lat' dir='ltr'><strong>et</strong></span> <span class='ocrx_word' id='word_1_154' title='bbox 595 2094 666 2169; x_wconf 83' lang='lat' dir='ltr'><strong>ad</strong></span> <span class='ocrx_word' id='word_1_155' title='bbox 696 2096 897 2171; x_wconf 66' lang='lat' dir='ltr'><strong>calcem</strong></span> <span class='ocrx_word' id='word_1_156' title='bbox 937 2094 1194 2164; x_wconf 81' lang='lat' dir='ltr'><strong>cujusque</strong></span> <span class='ocrx_word' id='word_1_157' title='bbox 1230 2091 1358 2147; x_wconf 90' lang='lat' dir='ltr'><strong>tomi</strong></span> <span class='ocrx_word' id='word_1_158' title='bbox 1398 2089 1674 2160; x_wconf 83' lang='lat' dir='ltr'><strong>posuimus</strong></span> <span class='ocrx_word' id='word_1_159' title='bbox 1708 2100 1801 2142; x_wconf 91' lang='lat' dir='ltr'><strong>eas</strong></span> <span class='ocrx_word' id='word_1_160' title='bbox 1835 2100 1911 2140; x_wconf 90' lang='lat' dir='ltr'><strong>so-</strong></span> 
     </span>
    </p>
   </div>
   <div class='ocr_carea' id='block_1_23' title="bbox 338 2178 1925 2266">
    <p class='ocr_par' dir='ltr' id='par_1_23' title="bbox 338 2178 1925 2266">
     <span class='ocr_line' id='line_1_23' title="bbox 338 2178 1925 2266; baseline -0.008 -23"><span class='ocrx_word' id='word_1_161' title='bbox 338 2190 481 2266; x_wconf 82' lang='lat' dir='ltr'><strong>lum,</strong></span> <span class='ocrx_word' id='word_1_162' title='bbox 511 2203 630 2259; x_wconf 76' lang='lat' dir='ltr'><strong>quae</strong></span> <span class='ocrx_word' id='word_1_163' title='bbox 671 2186 986 2262; x_wconf 83' lang='lat' dir='ltr'><strong>videbantur</strong></span> <span class='ocrx_word' id='word_1_164' title='bbox 1019 2183 1095 2239; x_wconf 82' lang='lat' dir='ltr'><strong>ad</strong></span> <span class='ocrx_word' id='word_1_165' title='bbox 1122 2198 1233 2259; x_wconf 81' lang='lat' dir='ltr'><strong>rem</strong></span> <span class='ocrx_word' id='word_1_166' title='bbox 1274 2178 1643 2252; x_wconf 88' lang='lat' dir='ltr'><strong>explicandam</strong></span> <span class='ocrx_word' id='word_1_167' title='bbox 1666 2183 1925 2247; x_wconf 86' lang='lat' dir='ltr'><strong>opportu-</strong></span> 
     </span>
    </p>
   </div>
   <div class='ocr_carea' id='block_1_24' title="bbox 341 2292 444 2333">
    <p class='ocr_par' dir='ltr' id='par_1_24' title="bbox 341 2292 444 2333">
     <span class='ocr_line' id='line_1_24' title="bbox 341 2292 444 2333; baseline -0.019 -2"><span class='ocrx_word' id='word_1_168' title='bbox 341 2292 444 2333; x_wconf 74' lang='grc' dir='ltr'>ιιω.</span> 
     </span>
    </p>
   </div>
   <div class='ocr_carea' id='block_1_25' title="bbox 338 2415 1917 2506">
    <p class='ocr_par' dir='ltr' id='par_1_25' title="bbox 338 2415 1917 2506">
     <span class='ocr_line' id='line_1_25' title="bbox 338 2415 1917 2506; baseline -0.01 -24"><span class='ocrx_word' id='word_1_169' title='bbox 338 2424 708 2506; x_wconf 70' lang='lat' dir='ltr'><strong>§_Y.ll.—De</strong></span> <span class='ocrx_word' id='word_1_170' title='bbox 737 2423 1175 2506; x_wconf 29' lang='lat' dir='ltr'><strong>m‘lerpretatione</strong></span> <span class='ocrx_word' id='word_1_171' title='bbox 1208 2419 1403 2491; x_wconf 64' lang='lat' dir='ltr'><strong>Latine</strong></span> <span class='ocrx_word' id='word_1_172' title='bbox 1434 2415 1917 2506; x_wconf 53' lang='lat' dir='ltr'><strong>operante/argisa-</strong></span> 
     </span>
    </p>
   </div>
   <div class='ocr_carea' id='block_1_26' title="bbox 348 2500 1920 2595">
    <p class='ocr_par' dir='ltr' id='par_1_26' title="bbox 348 2500 1920 2595">
     <span class='ocr_line' id='line_1_26' title="bbox 348 2500 1920 2595; baseline -0.012 -19"><span class='ocrx_word' id='word_1_173' title='bbox 348 2502 375 2519; x_wconf 42' lang='grc' dir='ltr'>μ</span> <span class='ocrx_word' id='word_1_174' title='bbox 404 2521 582 2575; x_wconf 79' lang='lat' dir='ltr'><strong>stomi.</strong></span> <span class='ocrx_word' id='word_1_175' title='bbox 627 2500 943 2593; x_wconf 68' lang='lat' dir='ltr'><strong>Retinentttr</strong></span> <span class='ocrx_word' id='word_1_176' title='bbox 974 2517 1214 2595; x_wconf 65' lang='lat' dir='ltr'><strong>pristinis</strong></span> <span class='ocrx_word' id='word_1_177' title='bbox 1253 2500 1714 2582; x_wconf 66' lang='lat' dir='ltr'><strong>interpretationes</strong></span> <span class='ocrx_word' id='word_1_178' title='bbox 1754 2503 1920 2559; x_wconf 81' lang='lat' dir='ltr'><strong>variis</strong></span> 
     </span>
    </p>
   </div>
   <div class='ocr_carea' id='block_1_27' title="bbox 406 2595 1924 2685">
    <p class='ocr_par' dir='ltr' id='par_1_27' title="bbox 406 2595 1924 2685">
     <span class='ocr_line' id='line_1_27' title="bbox 406 2595 1924 2685; baseline -0.009 -20"><span class='ocrx_word' id='word_1_179' title='bbox 406 2613 460 2685; x_wconf 71' lang='lat' dir='ltr'><strong>in</strong></span> <span class='ocrx_word' id='word_1_180' title='bbox 508 2610 646 2685; x_wconf 61' lang='lat' dir='ltr'><strong>locis</strong></span> <span class='ocrx_word' id='word_1_181' title='bbox 687 2595 1011 2681; x_wconf 62' lang='lat' dir='ltr'><strong>emendum;</strong></span> <span class='ocrx_word' id='word_1_182' title='bbox 1052 2604 1174 2658; x_wconf 80' lang='lat' dir='ltr'><strong>libri</strong></span> <span class='ocrx_word' id='word_1_183' title='bbox 1230 2611 1436 2669; x_wconf 66' lang='lat' dir='ltr'><strong>tantttm</strong></span> <span class='ocrx_word' id='word_1_184' title='bbox 1492 2600 1564 2657; x_wconf 90' lang='lat' dir='ltr'><strong>De</strong></span> <span class='ocrx_word' id='word_1_185' title='bbox 1615 2595 1924 2677; x_wconf 83' lang='lat' dir='ltr'><strong>sacerdotio</strong></span> 
     </span>
    </p>
   </div>
   <div class='ocr_carea' id='block_1_28' title="bbox 409 2702 1117 2774">
    <p class='ocr_par' dir='ltr' id='par_1_28' title="bbox 409 2702 1117 2774">
     <span class='ocr_line' id='line_1_28' title="bbox 409 2702 1117 2774; baseline 0 -19"><span class='ocrx_word' id='word_1_186' title='bbox 409 2718 543 2774; x_wconf 69' lang='lat' dir='ltr'><strong>nona</strong></span> <span class='ocrx_word' id='word_1_187' title='bbox 568 2702 803 2770; x_wconf 77' lang='lat' dir='ltr'><strong>versione</strong></span> <span class='ocrx_word' id='word_1_188' title='bbox 830 2702 1117 2755; x_wconf 82' lang='lat' dir='ltr'><strong>donantur.</strong></span> 
     </span>
    </p>
   </div>
   <div class='ocr_carea' id='block_1_29' title="bbox 404 2900 1925 2987">
    <p class='ocr_par' dir='ltr' id='par_1_29' title="bbox 404 2900 1925 2987">
     <span class='ocr_line' id='line_1_29' title="bbox 404 2900 1925 2987; baseline -0.013 -13"><span class='ocrx_word' id='word_1_189' title='bbox 404 2918 566 2987; x_wconf 63' lang='lat' dir='ltr'><strong>Circa,</strong></span> <span class='ocrx_word' id='word_1_190' title='bbox 600 2912 1090 2984; x_wconf 76' lang='lat' dir='ltr'><strong>interpretationem</strong></span> <span class='ocrx_word' id='word_1_191' title='bbox 1131 2921 1354 2979; x_wconf 83' lang='lat' dir='ltr'><strong>Operum</strong></span> <span class='ocrx_word' id='word_1_192' title='bbox 1395 2904 1453 2974; x_wconf 81' lang='lat' dir='ltr'><strong>S.</strong></span> <span class='ocrx_word' id='word_1_193' title='bbox 1493 2903 1715 2974; x_wconf 66' lang='lat' dir='ltr'><strong>Joannis,</strong></span> <span class='ocrx_word' id='word_1_194' title='bbox 1751 2900 1925 2973; x_wconf 82' lang='lat' dir='ltr'><strong>Chry-</strong></span> 
     </span>
    </p>
   </div>
   <div class='ocr_carea' id='block_1_30' title="bbox 336 2993 1925 3081">
    <p class='ocr_par' dir='ltr' id='par_1_30' title="bbox 336 2993 1925 3081">
     <span class='ocr_line' id='line_1_30' title="bbox 336 2993 1925 3081; baseline -0.013 -16"><span class='ocrx_word' id='word_1_195' title='bbox 336 3008 563 3081; x_wconf 76' lang='lat' dir='ltr'><strong>sostomi</strong></span> <span class='ocrx_word' id='word_1_196' title='bbox 605 3005 705 3075; x_wconf 73' lang='lat' dir='ltr'><strong>diu</strong></span> <span class='ocrx_word' id='word_1_197' title='bbox 740 3002 1043 3068; x_wconf 81' lang='lat' dir='ltr'><strong>luerebam,</strong></span> <span class='ocrx_word' id='word_1_198' title='bbox 1091 3009 1146 3055; x_wconf 91' lang='lat' dir='ltr'><strong>et</strong></span> <span class='ocrx_word' id='word_1_199' title='bbox 1191 2998 1329 3053; x_wconf 89' lang='lat' dir='ltr'><strong>inter</strong></span> <span class='ocrx_word' id='word_1_200' title='bbox 1372 2996 1587 3063; x_wconf 16' lang='lat' dir='ltr'><strong>diversa,</strong></span> <span class='ocrx_word' id='word_1_201' title='bbox 1633 2993 1925 3057; x_wconf 86' lang='lat' dir='ltr'><strong>amicorum</strong></span> 
     </span>
    </p>
   </div>
   <div class='ocr_carea' id='block_1_31' title="bbox 337 3086 1928 3170">
    <p class='ocr_par' dir='ltr' id='par_1_31' title="bbox 337 3086 1928 3170">
     <span class='ocr_line' id='line_1_31' title="bbox 337 3086 1928 3170; baseline -0.013 -12"><span class='ocrx_word' id='word_1_202' title='bbox 337 3101 561 3159; x_wconf 89' lang='lat' dir='ltr'><strong>consilia</strong></span> <span class='ocrx_word' id='word_1_203' title='bbox 600 3096 776 3170; x_wconf 75' lang='lat' dir='ltr'><strong>animi</strong></span> <span class='ocrx_word' id='word_1_204' title='bbox 809 3092 1134 3166; x_wconf 83' lang='lat' dir='ltr'><strong>pendebam;</strong></span> <span class='ocrx_word' id='word_1_205' title='bbox 1175 3089 1423 3146; x_wconf 84' lang='lat' dir='ltr'><strong>volebant</strong></span> <span class='ocrx_word' id='word_1_206' title='bbox 1463 3086 1561 3169; x_wconf 23' lang='lat' dir='ltr'><strong>alii}</strong></span> <span class='ocrx_word' id='word_1_207' title='bbox 1597 3100 1788 3157; x_wconf 69' lang='lat' dir='ltr'><strong>novam</strong></span> <span class='ocrx_word' id='word_1_208' title='bbox 1815 3099 1928 3139; x_wconf 77' lang='lat' dir='ltr'><strong>ont-</strong></span> 
     </span>
    </p>
   </div>
   <div class='ocr_carea' id='block_1_32' title="bbox 341 3175 1929 3260">
    <p class='ocr_par' dir='ltr' id='par_1_32' title="bbox 341 3175 1929 3260">
     <span class='ocr_line' id='line_1_32' title="bbox 341 3175 1929 3260; baseline -0.013 -11"><span class='ocrx_word' id='word_1_209' title='bbox 341 3194 485 3250; x_wconf 78' lang='lat' dir='ltr'><strong>nium</strong></span> <span class='ocrx_word' id='word_1_210' title='bbox 512 3186 1002 3260; x_wconf 61' lang='lat' dir='ltr'><strong>interpretationem</strong></span> <span class='ocrx_word' id='word_1_211' title='bbox 1033 3198 1074 3248; x_wconf 42' lang='lat' dir='ltr'><strong>a,</strong></span> <span class='ocrx_word' id='word_1_212' title='bbox 1096 3197 1184 3249; x_wconf 87' lang='lat' dir='ltr'><strong>me</strong></span> <span class='ocrx_word' id='word_1_213' title='bbox 1215 3179 1502 3250; x_wconf 87' lang='lat' dir='ltr'><strong>adornari;</strong></span> <span class='ocrx_word' id='word_1_214' title='bbox 1534 3176 1623 3232; x_wconf 91' lang='lat' dir='ltr'><strong>alii</strong></span> <span class='ocrx_word' id='word_1_215' title='bbox 1649 3192 1715 3232; x_wconf 86' lang='lat' dir='ltr'><strong>ex</strong></span> <span class='ocrx_word' id='word_1_216' title='bbox 1743 3175 1929 3260; x_wconf 75' lang='lat' dir='ltr'><strong>pristi-</strong></span> 
     </span>
    </p>
   </div>
   <div class='ocr_carea' id='block_1_33' title="bbox 340 3268 1932 3356">
    <p class='ocr_par' dir='ltr' id='par_1_33' title="bbox 340 3268 1932 3356">
     <span class='ocr_line' id='line_1_33' title="bbox 340 3268 1932 3356; baseline -0.012 -13"><span class='ocrx_word' id='word_1_217' title='bbox 340 3286 425 3343; x_wconf 91' lang='lat' dir='ltr'><strong>nis</strong></span> <span class='ocrx_word' id='word_1_218' title='bbox 451 3297 647 3356; x_wconf 88' lang='lat' dir='ltr'><strong>paucas</strong></span> <span class='ocrx_word' id='word_1_219' title='bbox 669 3278 996 3348; x_wconf 74' lang='lat' dir='ltr'><strong>conservari,</strong></span> <span class='ocrx_word' id='word_1_220' title='bbox 1018 3275 1317 3346; x_wconf 88' lang='lat' dir='ltr'><strong>corrigique</strong></span> <span class='ocrx_word' id='word_1_221' title='bbox 1338 3281 1538 3340; x_wconf 91' lang='lat' dir='ltr'><strong>tamen,</strong></span> <span class='ocrx_word' id='word_1_222' title='bbox 1559 3268 1727 3340; x_wconf 86' lang='lat' dir='ltr'><strong>sicubi</strong></span> <span class='ocrx_word' id='word_1_223' title='bbox 1746 3284 1932 3325; x_wconf 86' lang='lat' dir='ltr'><strong>emen-</strong></span> 
     </span>
    </p>
   </div>
   <div class='ocr_carea' id='block_1_34' title="bbox 340 3361 1932 3443">
    <p class='ocr_par' dir='ltr' id='par_1_34' title="bbox 340 3361 1932 3443">
     <span class='ocr_line' id='line_1_34' title="bbox 340 3361 1932 3443; baseline -0.011 -10"><span class='ocrx_word' id='word_1_224' title='bbox 340 3377 556 3433; x_wconf 89' lang='lat' dir='ltr'><strong>datione</strong></span> <span class='ocrx_word' id='word_1_225' title='bbox 596 3388 730 3443; x_wconf 89' lang='lat' dir='ltr'><strong>opus</strong></span> <span class='ocrx_word' id='word_1_226' title='bbox 773 3371 1053 3437; x_wconf 64' lang='lat' dir='ltr'><strong>haberent,</strong></span> <span class='ocrx_word' id='word_1_227' title='bbox 1096 3367 1221 3435; x_wconf 70' lang='lat' dir='ltr'><strong>llaec</strong></span> <span class='ocrx_word' id='word_1_228' title='bbox 1249 3380 1375 3420; x_wconf 88' lang='lat' dir='ltr'><strong>vero</strong></span> <span class='ocrx_word' id='word_1_229' title='bbox 1404 3362 1501 3418; x_wconf 83' lang='lat' dir='ltr'><strong>fuit</strong></span> <span class='ocrx_word' id='word_1_230' title='bbox 1537 3376 1750 3432; x_wconf 89' lang='lat' dir='ltr'><strong>semper</strong></span> <span class='ocrx_word' id='word_1_231' title='bbox 1785 3361 1932 3415; x_wconf 92' lang='lat' dir='ltr'><strong>omni</strong></span> 
     </span>
    </p>
   </div>
   <div class='ocr_carea' id='block_1_35' title="bbox 342 3451 1931 3537">
    <p class='ocr_par' dir='ltr' id='par_1_35' title="bbox 342 3451 1931 3537">
     <span class='ocr_line' id='line_1_35' title="bbox 342 3451 1931 3537; baseline -0.013 -14"><span class='ocrx_word' id='word_1_232' title='bbox 342 3466 656 3537; x_wconf 76' lang='lat' dir='ltr'><strong>exceptione</strong></span> <span class='ocrx_word' id='word_1_233' title='bbox 684 3461 946 3531; x_wconf 84' lang='lat' dir='ltr'><strong>majorum</strong></span> <span class='ocrx_word' id='word_1_234' title='bbox 966 3459 1364 3529; x_wconf 76' lang='lat' dir='ltr'><strong>amicorumque</strong></span> <span class='ocrx_word' id='word_1_235' title='bbox 1388 3454 1625 3523; x_wconf 88' lang='lat' dir='ltr'><strong>virorum</strong></span> <span class='ocrx_word' id='word_1_236' title='bbox 1647 3451 1931 3518; x_wconf 84' lang='lat' dir='ltr'><strong>sententia,</strong></span> 
     </span>
    </p>
   </div>
   <div class='ocr_carea' id='block_1_36' title="bbox 344 3540 1935 3629">
    <p class='ocr_par' dir='ltr' id='par_1_36' title="bbox 344 3540 1935 3629">
     <span class='ocr_line' id='line_1_36' title="bbox 344 3540 1935 3629; baseline -0.012 -15"><span class='ocrx_word' id='word_1_237' title='bbox 344 3556 522 3629; x_wconf 63' lang='lat' dir='ltr'><strong>Garuli</strong></span> <span class='ocrx_word' id='word_1_238' title='bbox 547 3553 755 3625; x_wconf 84' lang='lat' dir='ltr'><strong>Cangii,</strong></span> <span class='ocrx_word' id='word_1_239' title='bbox 784 3549 1122 3618; x_wconf 84' lang='lat' dir='ltr'><strong>Etnericiqne</strong></span> <span class='ocrx_word' id='word_1_240' title='bbox 1148 3544 1697 3619; x_wconf 34' lang='lat' dir='ltr'><strong>B‘igotii,_quibuseum</strong></span> <span class='ocrx_word' id='word_1_241' title='bbox 1719 3540 1935 3604; x_wconf 87' lang='lat' dir='ltr'><strong>senibus</strong></span> 
     </span>
    </p>
   </div>
   <div class='ocr_carea' id='block_1_37' title="bbox 342 3630 1936 3723">
    <p class='ocr_par' dir='ltr' id='par_1_37' title="bbox 342 3630 1936 3723">
     <span class='ocr_line' id='line_1_37' title="bbox 342 3630 1936 3723; baseline -0.014 -17"><span class='ocrx_word' id='word_1_242' title='bbox 342 3648 552 3723; x_wconf 79' lang='lat' dir='ltr'><strong>juvenis</strong></span> <span class='ocrx_word' id='word_1_243' title='bbox 587 3645 716 3703; x_wconf 87' lang='lat' dir='ltr'><strong>olim</strong></span> <span class='ocrx_word' id='word_1_244' title='bbox 746 3641 1019 3709; x_wconf 89' lang='lat' dir='ltr'><strong>versabar,</strong></span> <span class='ocrx_word' id='word_1_245' title='bbox 1052 3647 1109 3693; x_wconf 94' lang='lat' dir='ltr'><strong>ut</strong></span> <span class='ocrx_word' id='word_1_246' title='bbox 1137 3652 1203 3693; x_wconf 88' lang='lat' dir='ltr'><strong>ne</strong></span> <span class='ocrx_word' id='word_1_247' title='bbox 1237 3636 1457 3700; x_wconf 83' lang='lat' dir='ltr'><strong>semotis</strong></span> <span class='ocrx_word' id='word_1_248' title='bbox 1492 3633 1820 3703; x_wconf 80' lang='lat' dir='ltr'><strong>laudatorum</strong></span> <span class='ocrx_word' id='word_1_249' title='bbox 1851 3630 1936 3697; x_wconf 87' lang='lat' dir='ltr'><strong>in-</strong></span> 
     </span>
    </p>
   </div>
   <div class='ocr_carea' id='block_1_38' title="bbox 349 3722 1937 3812">
    <p class='ocr_par' dir='ltr' id='par_1_38' title="bbox 349 3722 1937 3812">
     <span class='ocr_line' id='line_1_38' title="bbox 349 3722 1937 3812; baseline -0.015 -12"><span class='ocrx_word' id='word_1_250' title='bbox 349 3722 641 3812; x_wconf 81' lang='lat' dir='ltr'><strong>terpretum</strong></span> <span class='ocrx_word' id='word_1_251' title='bbox 680 3732 1016 3791; x_wconf 84' lang='lat' dir='ltr'><strong>versionibus</strong></span> <span class='ocrx_word' id='word_1_252' title='bbox 1059 3742 1206 3785; x_wconf 89' lang='lat' dir='ltr'><strong>meas</strong></span> <span class='ocrx_word' id='word_1_253' title='bbox 1234 3726 1639 3794; x_wconf 75' lang='lat' dir='ltr'><strong>substituerem;</strong></span> <span class='ocrx_word' id='word_1_254' title='bbox 1671 3722 1725 3779; x_wconf 92' lang='lat' dir='ltr'><strong>id</strong></span> <span class='ocrx_word' id='word_1_255' title='bbox 1766 3723 1937 3792; x_wconf 91' lang='lat' dir='ltr'><strong>ipsum</strong></span> 
     </span>
    </p>
   </div>
   <div class='ocr_carea' id='block_1_39' title="bbox 308 3814 1937 3905">
    <p class='ocr_par' dir='ltr' id='par_1_39' title="bbox 308 3814 1937 3905">
     <span class='ocr_line' id='line_1_39' title="bbox 308 3814 1937 3905; baseline -0.012 -17"><span class='ocrx_word' id='word_1_256' title='bbox 308 3850 311 3853; x_wconf 51' lang='grc' dir='ltr'><em>ν</em></span> <span class='ocrx_word' id='word_1_257' title='bbox 348 3831 616 3905; x_wconf 71' lang='grc' dir='ltr'><strong>ιπῳεὶριιο</strong></span> <span class='ocrx_word' id='word_1_258' title='bbox 660 3842 756 3898; x_wconf 88' lang='lat' dir='ltr'><strong>per</strong></span> <span class='ocrx_word' id='word_1_259' title='bbox 793 3825 976 3881; x_wconf 87' lang='lat' dir='ltr'><strong>literas</strong></span> <span class='ocrx_word' id='word_1_260' title='bbox 1038 3821 1290 3890; x_wconf 87' lang='lat' dir='ltr'><strong>monebat</strong></span> <span class='ocrx_word' id='word_1_261' title='bbox 1328 3818 1562 3886; x_wconf 74' lang='lat' dir='ltr'><strong>Joannes</strong></span> <span class='ocrx_word' id='word_1_262' title='bbox 1603 3814 1937 3881; x_wconf 82' lang='lat' dir='ltr'><strong>Cotelerius,</strong></span> 
     </span>
    </p>
   </div>
   <div class='ocr_carea' id='block_1_40' title="bbox 349 3907 1940 3995">
    <p class='ocr_par' dir='ltr' id='par_1_40' title="bbox 349 3907 1940 3995">
     <span class='ocr_line' id='line_1_40' title="bbox 349 3907 1940 3995; baseline -0.013 -14"><span class='ocrx_word' id='word_1_263' title='bbox 349 3932 633 3995; x_wconf 79' lang='lat' dir='ltr'><strong>antequam</strong></span> <span class='ocrx_word' id='word_1_264' title='bbox 659 3921 970 3978; x_wconf 58' lang='lat' dir='ltr'><strong>Graecorum</strong></span> <span class='ocrx_word' id='word_1_265' title='bbox 998 3917 1215 3972; x_wconf 85' lang='lat' dir='ltr'><strong>Patrum</strong></span> <span class='ocrx_word' id='word_1_266' title='bbox 1249 3911 1571 3983; x_wconf 75' lang='lat' dir='ltr'><strong>editionibus</strong></span> <span class='ocrx_word' id='word_1_267' title='bbox 1597 3923 1813 3979; x_wconf 76' lang='lat' dir='ltr'><strong>manum</strong></span> <span class='ocrx_word' id='word_1_268' title='bbox 1841 3907 1940 3962; x_wconf 88' lang='lat' dir='ltr'><strong>ad-</strong></span> 
     </span>
    </p>
   </div>
   <div class='ocr_carea' id='block_1_41' title="bbox 350 4003 1941 4084">
    <p class='ocr_par' dir='ltr' id='par_1_41' title="bbox 350 4003 1941 4084">
     <span class='ocr_line' id='line_1_41' title="bbox 350 4003 1941 4084; baseline -0.015 -5"><span class='ocrx_word' id='word_1_269' title='bbox 350 4031 643 4084; x_wconf 63' lang='lat' dir='ltr'><strong>moverent.</strong></span> <span class='ocrx_word' id='word_1_270' title='bbox 675 4013 857 4083; x_wconf 85' lang='lat' dir='ltr'><strong>Neque</strong></span> <span class='ocrx_word' id='word_1_271' title='bbox 880 4025 1009 4067; x_wconf 89' lang='lat' dir='ltr'><strong>vero</strong></span> <span class='ocrx_word' id='word_1_272' title='bbox 1034 4009 1151 4065; x_wconf 92' lang='lat' dir='ltr'><strong>sine</strong></span> <span class='ocrx_word' id='word_1_273' title='bbox 1173 4008 1349 4078; x_wconf 90' lang='lat' dir='ltr'><strong>aliqua</strong></span> <span class='ocrx_word' id='word_1_274' title='bbox 1372 4003 1685 4070; x_wconf 81' lang='lat' dir='ltr'><strong>temeritatis</strong></span> <span class='ocrx_word' id='word_1_275' title='bbox 1710 4011 1835 4069; x_wconf 81' lang='lat' dir='ltr'><strong>nota</strong></span> <span class='ocrx_word' id='word_1_276' title='bbox 1856 4015 1941 4056; x_wconf 87' lang='lat' dir='ltr'><strong>me</strong></span> 
     </span>
    </p>
   </div>
   <div class='ocr_carea' id='block_1_42' title="bbox 352 4093 1943 4180">
    <p class='ocr_par' dir='ltr' id='par_1_42' title="bbox 352 4093 1943 4180">
     <span class='ocr_line' id='line_1_42' title="bbox 352 4093 1943 4180; baseline -0.009 -17"><span class='ocrx_word' id='word_1_277' title='bbox 352 4119 725 4180; x_wconf 69' lang='lat' dir='ltr'><strong>aggressurum</strong></span> <span class='ocrx_word' id='word_1_278' title='bbox 748 4101 1015 4166; x_wconf 89' lang='lat' dir='ltr'><strong>dicebant,</strong></span> <span class='ocrx_word' id='word_1_279' title='bbox 1045 4108 1102 4156; x_wconf 93' lang='lat' dir='ltr'><strong>ut</strong></span> <span class='ocrx_word' id='word_1_280' title='bbox 1122 4094 1661 4164; x_wconf 78' lang='lat' dir='ltr'><strong>laudatissimasillas</strong></span> <span class='ocrx_word' id='word_1_281' title='bbox 1685 4093 1943 4171; x_wconf 82' lang='lat' dir='ltr'><strong>interpre-</strong></span> 
     </span>
    </p>
   </div>
   <div class='ocr_carea' id='block_1_43' title="bbox 355 4183 1942 4275">
    <p class='ocr_par' dir='ltr' id='par_1_43' title="bbox 355 4183 1942 4275">
     <span class='ocr_line' id='line_1_43' title="bbox 355 4183 1942 4275; baseline -0.009 -22"><span class='ocrx_word' id='word_1_282' title='bbox 355 4197 584 4275; x_wconf 82' lang='lat' dir='ltr'><strong>tationes</strong></span> <span class='ocrx_word' id='word_1_283' title='bbox 608 4195 741 4253; x_wconf 87' lang='lat' dir='ltr'><strong>meis</strong></span> <span class='ocrx_word' id='word_1_284' title='bbox 760 4200 1157 4268; x_wconf 89' lang='lat' dir='ltr'><strong>postponerem.</strong></span> <span class='ocrx_word' id='word_1_285' title='bbox 1186 4188 1368 4261; x_wconf 88' lang='lat' dir='ltr'><strong>Itaque</strong></span> <span class='ocrx_word' id='word_1_286' title='bbox 1389 4202 1493 4241; x_wconf 92' lang='lat' dir='ltr'><strong>non</strong></span> <span class='ocrx_word' id='word_1_287' title='bbox 1517 4192 1586 4255; x_wconf 75' lang='lat' dir='ltr'><strong>ut</strong></span> <span class='ocrx_word' id='word_1_288' title='bbox 1600 4183 1942 4255; x_wconf 72' lang='lat' dir='ltr'><strong>convertendi</strong></span> 
     </span>
    </p>
   </div>
   <div class='ocr_carea' id='block_1_44' title="bbox 355 4275 1948 4357">
    <p class='ocr_par' dir='ltr' id='par_1_44' title="bbox 355 4275 1948 4357">
     <span class='ocr_line' id='line_1_44' title="bbox 355 4275 1948 4357; baseline -0.012 -10"><span class='ocrx_word' id='word_1_289' title='bbox 355 4289 593 4349; x_wconf 89' lang='lat' dir='ltr'><strong>laborem</strong></span> <span class='ocrx_word' id='word_1_290' title='bbox 633 4283 1057 4357; x_wconf 78' lang='lat' dir='ltr'><strong>subterfugerem</strong></span> <span class='ocrx_word' id='word_1_291' title='bbox 1099 4280 1236 4353; x_wconf 91' lang='lat' dir='ltr'><strong>(non</strong></span> <span class='ocrx_word' id='word_1_292' title='bbox 1279 4278 1423 4335; x_wconf 91' lang='lat' dir='ltr'><strong>enim</strong></span> <span class='ocrx_word' id='word_1_293' title='bbox 1463 4277 1633 4332; x_wconf 89' lang='lat' dir='ltr'><strong>multo</strong></span> <span class='ocrx_word' id='word_1_294' title='bbox 1657 4276 1836 4347; x_wconf 84' lang='lat' dir='ltr'><strong>minus</strong></span> <span class='ocrx_word' id='word_1_295' title='bbox 1872 4275 1948 4330; x_wconf 91' lang='lat' dir='ltr'><strong>la-</strong></span> 
     </span>
    </p>
   </div>
   <div class='ocr_carea' id='block_1_45' title="bbox 356 4359 1946 4445">
    <p class='ocr_par' dir='ltr' id='par_1_45' title="bbox 356 4359 1946 4445">
     <span class='ocr_line' id='line_1_45' title="bbox 356 4359 1946 4445; baseline -0.008 -10"><span class='ocrx_word' id='word_1_296' title='bbox 356 4359 502 4445; x_wconf 75' lang='lat' dir='ltr'><strong>boris</strong></span> <span class='ocrx_word' id='word_1_297' title='bbox 527 4378 668 4434; x_wconf 89' lang='lat' dir='ltr'><strong>inest</strong></span> <span class='ocrx_word' id='word_1_298' title='bbox 702 4377 757 4433; x_wconf 89' lang='lat' dir='ltr'><strong>in</strong></span> <span class='ocrx_word' id='word_1_299' title='bbox 785 4372 1133 4432; x_wconf 88' lang='lat' dir='ltr'><strong>emendandis</strong></span> <span class='ocrx_word' id='word_1_300' title='bbox 1171 4371 1239 4428; x_wconf 91' lang='lat' dir='ltr'><strong>de</strong></span> <span class='ocrx_word' id='word_1_301' title='bbox 1265 4370 1431 4427; x_wconf 89' lang='lat' dir='ltr'><strong>verbo</strong></span> <span class='ocrx_word' id='word_1_302' title='bbox 1456 4367 1526 4425; x_wconf 87' lang='lat' dir='ltr'><strong>ad</strong></span> <span class='ocrx_word' id='word_1_303' title='bbox 1555 4369 1774 4426; x_wconf 83' lang='lat' dir='ltr'><strong>verbum</strong></span> <span class='ocrx_word' id='word_1_304' title='bbox 1810 4367 1946 4429; x_wconf 90' lang='lat' dir='ltr'><strong>alio-</strong></span> 
     </span>
    </p>
   </div>
   <div class='ocr_carea' id='block_1_46' title="bbox 358 4459 1946 4548">
    <p class='ocr_par' dir='ltr' id='par_1_46' title="bbox 358 4459 1946 4548">
     <span class='ocr_line' id='line_1_46' title="bbox 358 4459 1946 4548; baseline -0.009 -18"><span class='ocrx_word' id='word_1_305' title='bbox 358 4488 475 4544; x_wconf 77' lang='lat' dir='ltr'><strong>rum</strong></span> <span class='ocrx_word' id='word_1_306' title='bbox 499 4468 1048 4548; x_wconf 75' lang='lat' dir='ltr'><strong>interpretationibus,</strong></span> <span class='ocrx_word' id='word_1_307' title='bbox 1077 4480 1237 4539; x_wconf 90' lang='lat' dir='ltr'><strong>quam</strong></span> <span class='ocrx_word' id='word_1_308' title='bbox 1263 4464 1316 4521; x_wconf 90' lang='lat' dir='ltr'><strong>in</strong></span> <span class='ocrx_word' id='word_1_309' title='bbox 1343 4462 1495 4519; x_wconf 88' lang='lat' dir='ltr'><strong>novis</strong></span> <span class='ocrx_word' id='word_1_310' title='bbox 1514 4459 1946 4531; x_wconf 86' lang='lat' dir='ltr'><strong>concinnandis),</strong></span> 
     </span>
    </p>
   </div>
   <div class='ocr_carea' id='block_1_47' title="bbox 290 4551 1947 4639">
    <p class='ocr_par' dir='ltr' id='par_1_47' title="bbox 290 4551 1947 4639">
     <span class='ocr_line' id='line_1_47' title="bbox 290 4551 1947 4639; baseline -0.011 -17"><span class='ocrx_word' id='word_1_311' title='bbox 290 4562 305 4576; x_wconf 89' lang='grc'><em>’</em></span> <span class='ocrx_word' id='word_1_312' title='bbox 359 4564 456 4621; x_wconf 91' lang='lat' dir='ltr'><strong>sed</strong></span> <span class='ocrx_word' id='word_1_313' title='bbox 499 4574 558 4623; x_wconf 89' lang='lat' dir='ltr'><strong>ut</strong></span> <span class='ocrx_word' id='word_1_314' title='bbox 597 4563 756 4639; x_wconf 81' lang='lat' dir='ltr'><strong>tantis</strong></span> <span class='ocrx_word' id='word_1_315' title='bbox 781 4561 911 4635; x_wconf 74' lang='lat' dir='ltr'><strong>viris</strong></span> <span class='ocrx_word' id='word_1_316' title='bbox 938 4574 1143 4618; x_wconf 90' lang='lat' dir='ltr'><strong>morem</strong></span> <span class='ocrx_word' id='word_1_317' title='bbox 1170 4571 1412 4630; x_wconf 77' lang='lat' dir='ltr'><strong>gererem</strong></span> <span class='ocrx_word' id='word_1_318' title='bbox 1433 4596 1448 4622; x_wconf 88' lang='lat'><strong>,</strong></span> <span class='ocrx_word' id='word_1_319' title='bbox 1499 4553 1552 4610; x_wconf 91' lang='lat' dir='ltr'><strong>in</strong></span> <span class='ocrx_word' id='word_1_320' title='bbox 1593 4553 1697 4609; x_wconf 89' lang='lat' dir='ltr'><strong>hoc</strong></span> <span class='ocrx_word' id='word_1_321' title='bbox 1732 4551 1947 4622; x_wconf 83' lang='lat' dir='ltr'><strong>demum</strong></span> 
     </span>
    </p>
   </div>
   <div class='ocr_carea' id='block_1_48' title="bbox 359 4642 1949 4729">
    <p class='ocr_par' dir='ltr' id='par_1_48' title="bbox 359 4642 1949 4729">
     <span class='ocr_line' id='line_1_48' title="bbox 359 4642 1949 4729; baseline -0.011 -15"><span class='ocrx_word' id='word_1_322' title='bbox 359 4655 635 4729; x_wconf 86' lang='lat' dir='ltr'><strong>proposito</strong></span> <span class='ocrx_word' id='word_1_323' title='bbox 654 4654 864 4724; x_wconf 81' lang='lat' dir='ltr'><strong>substiti</strong></span> <span class='ocrx_word' id='word_1_324' title='bbox 884 4672 900 4711; x_wconf 89' lang='lat'><strong>:</strong></span> <span class='ocrx_word' id='word_1_325' title='bbox 930 4660 989 4729; x_wconf 82' lang='lat' dir='ltr'><strong>ut</strong></span> <span class='ocrx_word' id='word_1_326' title='bbox 1019 4664 1210 4721; x_wconf 78' lang='lat' dir='ltr'><strong>omnes</strong></span> <span class='ocrx_word' id='word_1_327' title='bbox 1229 4662 1445 4720; x_wconf 89' lang='lat' dir='ltr'><strong>prorsus</strong></span> <span class='ocrx_word' id='word_1_328' title='bbox 1464 4644 1753 4703; x_wconf 88' lang='lat' dir='ltr'><strong>Frontonis</strong></span> <span class='ocrx_word' id='word_1_329' title='bbox 1772 4642 1949 4713; x_wconf 67' lang='lat' dir='ltr'><strong>Ducaei</strong></span> 
     </span>
    </p>
   </div>
   <div class='ocr_carea' id='block_1_49' title="bbox 362 4737 1950 4819">
    <p class='ocr_par' dir='ltr' id='par_1_49' title="bbox 362 4737 1950 4819">
     <span class='ocr_line' id='line_1_49' title="bbox 362 4737 1950 4819; baseline -0.008 -15"><span class='ocrx_word' id='word_1_330' title='bbox 362 4744 831 4819; x_wconf 84' lang='lat' dir='ltr'><strong>interpretationes</strong></span> <span class='ocrx_word' id='word_1_331' title='bbox 858 4758 1160 4816; x_wconf 77' lang='lat' dir='ltr'><strong>servarem,</strong></span> <span class='ocrx_word' id='word_1_332' title='bbox 1188 4741 1291 4796; x_wconf 92' lang='lat' dir='ltr'><strong>nisi</strong></span> <span class='ocrx_word' id='word_1_333' title='bbox 1316 4755 1437 4797; x_wconf 92' lang='lat' dir='ltr'><strong>cum</strong></span> <span class='ocrx_word' id='word_1_334' title='bbox 1458 4783 1475 4807; x_wconf 89' lang='lat'><strong>,</strong></span> <span class='ocrx_word' id='word_1_335' title='bbox 1501 4737 1831 4795; x_wconf 85' lang='lat' dir='ltr'><strong>variantibus</strong></span> <span class='ocrx_word' id='word_1_336' title='bbox 1854 4750 1950 4807; x_wconf 80' lang='lat' dir='ltr'><strong>co-</strong></span> 
     </span>
    </p>
   </div>
   <div class='ocr_carea' id='block_1_50' title="bbox 362 4832 1953 4909">
    <p class='ocr_par' dir='ltr' id='par_1_50' title="bbox 362 4832 1953 4909">
     <span class='ocr_line' id='line_1_50' title="bbox 362 4832 1953 4909; baseline -0.008 -11"><span class='ocrx_word' id='word_1_337' title='bbox 362 4842 601 4909; x_wconf 77' lang='lat' dir='ltr'><strong>dicibus,</strong></span> <span class='ocrx_word' id='word_1_338' title='bbox 632 4836 885 4907; x_wconf 80' lang='lat' dir='ltr'><strong>mutanda</strong></span> <span class='ocrx_word' id='word_1_339' title='bbox 924 4835 1084 4906; x_wconf 75' lang='lat' dir='ltr'><strong>lectio</strong></span> <span class='ocrx_word' id='word_1_340' title='bbox 1110 4841 1225 4906; x_wconf 71' lang='lat' dir='ltr'><strong>est,</strong></span> <span class='ocrx_word' id='word_1_341' title='bbox 1264 4841 1320 4898; x_wconf 84' lang='lat' dir='ltr'><strong>et</strong></span> <span class='ocrx_word' id='word_1_342' title='bbox 1346 4832 1716 4901; x_wconf 84' lang='lat' dir='ltr'><strong>interpretatio</strong></span> <span class='ocrx_word' id='word_1_343' title='bbox 1741 4845 1953 4900; x_wconf 86' lang='lat' dir='ltr'><strong>quoque</strong></span> 
     </span>
    </p>
   </div>
   <div class='ocr_carea' id='block_1_51' title="bbox 366 4918 1955 5001">
    <p class='ocr_par' dir='ltr' id='par_1_51' title="bbox 366 4918 1955 5001">
     <span class='ocr_line' id='line_1_51' title="bbox 366 4918 1955 5001; baseline -0.007 -15"><span class='ocrx_word' id='word_1_344' title='bbox 366 4939 601 5001; x_wconf 77' lang='lat' dir='ltr'><strong>mutetur</strong></span> <span class='ocrx_word' id='word_1_345' title='bbox 629 4934 876 5000; x_wconf 78' lang='lat' dir='ltr'><strong>oportet;</strong></span> <span class='ocrx_word' id='word_1_346' title='bbox 908 4925 991 4989; x_wconf 82' lang='lat' dir='ltr'><strong>vel</strong></span> <span class='ocrx_word' id='word_1_347' title='bbox 1030 4938 1151 4980; x_wconf 90' lang='lat' dir='ltr'><strong>cum</strong></span> <span class='ocrx_word' id='word_1_348' title='bbox 1180 4921 1283 4976; x_wconf 89' lang='lat' dir='ltr'><strong>alia</strong></span> <span class='ocrx_word' id='word_1_349' title='bbox 1308 4921 1638 4977; x_wconf 88' lang='lat' dir='ltr'><strong>commodior</strong></span> <span class='ocrx_word' id='word_1_350' title='bbox 1663 4931 1716 4975; x_wconf 89' lang='lat' dir='ltr'><strong>et</strong></span> <span class='ocrx_word' id='word_1_351' title='bbox 1753 4918 1955 4975; x_wconf 61' lang='grc' dir='ltr'><strong>(Στυρεῖς</strong></span> 
     </span>
    </p>
   </div>
   <div class='ocr_carea' id='block_1_52' title="bbox 366 5004 1956 5096">
    <p class='ocr_par' dir='ltr' id='par_1_52' title="bbox 366 5004 1956 5096">
     <span class='ocr_line' id='line_1_52' title="bbox 366 5004 1956 5096; baseline -0.008 -17"><span class='ocrx_word' id='word_1_352' title='bbox 366 5023 745 5096; x_wconf 73' lang='lat' dir='ltr'><strong>eongruentior</strong></span> <span class='ocrx_word' id='word_1_353' title='bbox 767 5037 868 5077; x_wconf 84' lang='lat' dir='ltr'><strong>vox</strong></span> <span class='ocrx_word' id='word_1_354' title='bbox 901 5027 996 5089; x_wconf 86' lang='lat' dir='ltr'><strong>aut</strong></span> <span class='ocrx_word' id='word_1_355' title='bbox 1019 5004 1285 5090; x_wconf 72' lang='lat' dir='ltr'><strong>periodus</strong></span> <span class='ocrx_word' id='word_1_356' title='bbox 1309 5015 1468 5089; x_wconf 77' lang='lat' dir='ltr'><strong>etiam</strong></span> <span class='ocrx_word' id='word_1_357' title='bbox 1508 5014 1691 5070; x_wconf 89' lang='lat' dir='ltr'><strong>Latina</strong></span> <span class='ocrx_word' id='word_1_358' title='bbox 1726 5026 1846 5069; x_wconf 89' lang='lat' dir='ltr'><strong>sese</strong></span> <span class='ocrx_word' id='word_1_359' title='bbox 1871 5011 1956 5068; x_wconf 78' lang='lat' dir='ltr'><strong>or-</strong></span> 
     </span>
    </p>
   </div>
   <div class='ocr_carea' id='block_1_53' title="bbox 369 5103 1954 5187">
    <p class='ocr_par' dir='ltr' id='par_1_53' title="bbox 369 5103 1954 5187">
     <span class='ocr_line' id='line_1_53' title="bbox 369 5103 1954 5187; baseline -0.009 -15"><span class='ocrx_word' id='word_1_360' title='bbox 369 5120 501 5183; x_wconf 69' lang='lat' dir='ltr'><strong>(ert;</strong></span> <span class='ocrx_word' id='word_1_361' title='bbox 530 5113 673 5187; x_wconf 88' lang='lat' dir='ltr'><strong>quod</strong></span> <span class='ocrx_word' id='word_1_362' title='bbox 695 5114 1059 5184; x_wconf 80' lang='lat' dir='ltr'><strong>infrequenter</strong></span> <span class='ocrx_word' id='word_1_363' title='bbox 1081 5108 1300 5181; x_wconf 78' lang='lat' dir='ltr'><strong>evenit:</strong></span> <span class='ocrx_word' id='word_1_364' title='bbox 1328 5122 1474 5181; x_wconf 75' lang='lat' dir='ltr'><strong>nam,</strong></span> <span class='ocrx_word' id='word_1_365' title='bbox 1499 5114 1555 5161; x_wconf 87' lang='lat' dir='ltr'><strong>ut</strong></span> <span class='ocrx_word' id='word_1_366' title='bbox 1571 5105 1680 5177; x_wconf 85' lang='lat' dir='ltr'><strong>jam</strong></span> <span class='ocrx_word' id='word_1_367' title='bbox 1702 5103 1954 5171; x_wconf 82' lang='lat' dir='ltr'><strong>diximus,</strong></span> 
     </span>
    </p>
   </div>
   <div class='ocr_carea' id='block_1_54' title="bbox 370 5200 1954 5284">
    <p class='ocr_par' dir='ltr' id='par_1_54' title="bbox 370 5200 1954 5284">
     <span class='ocr_line' id='line_1_54' title="bbox 370 5200 1954 5284; baseline -0.009 -18"><span class='ocrx_word' id='word_1_368' title='bbox 370 5222 512 5272; x_wconf 79' lang='lat' dir='ltr'><strong>inter</strong></span> <span class='ocrx_word' id='word_1_369' title='bbox 562 5209 795 5281; x_wconf 86' lang='lat' dir='ltr'><strong>optimos</strong></span> <span class='ocrx_word' id='word_1_370' title='bbox 837 5208 1159 5284; x_wconf 81' lang='lat' dir='ltr'><strong>interpretes</strong></span> <span class='ocrx_word' id='word_1_371' title='bbox 1202 5203 1323 5279; x_wconf 73' lang='lat' dir='ltr'><strong>iure</strong></span> <span class='ocrx_word' id='word_1_372' title='bbox 1380 5200 1580 5271; x_wconf 81' lang='lat' dir='ltr'><strong>Fronto</strong></span> <span class='ocrx_word' id='word_1_373' title='bbox 1624 5206 1954 5255; x_wconf 89' lang='lat' dir='ltr'><strong>numeratur.</strong></span> 
     </span>
    </p>
   </div>
   <div class='ocr_carea' id='block_1_55' title="bbox 373 5288 1960 5373">
    <p class='ocr_par' dir='ltr' id='par_1_55' title="bbox 373 5288 1960 5373">
     <span class='ocr_line' id='line_1_55' title="bbox 373 5288 1960 5373; baseline -0.013 -9"><span class='ocrx_word' id='word_1_374' title='bbox 373 5303 579 5365; x_wconf 81' lang='lat' dir='ltr'><strong>Erasmi</strong></span> <span class='ocrx_word' id='word_1_375' title='bbox 614 5315 825 5373; x_wconf 88' lang='lat' dir='ltr'><strong>quoque</strong></span> <span class='ocrx_word' id='word_1_376' title='bbox 850 5308 907 5356; x_wconf 91' lang='lat' dir='ltr'><strong>et</strong></span> <span class='ocrx_word' id='word_1_377' title='bbox 943 5297 1127 5366; x_wconf 77' lang='lat' dir='ltr'><strong>Jacobi</strong></span> <span class='ocrx_word' id='word_1_378' title='bbox 1164 5295 1301 5363; x_wconf 75' lang='lat' dir='ltr'><strong>Billii</strong></span> <span class='ocrx_word' id='word_1_379' title='bbox 1342 5292 1616 5365; x_wconf 84' lang='lat' dir='ltr'><strong>versiones</strong></span> <span class='ocrx_word' id='word_1_380' title='bbox 1643 5289 1759 5361; x_wconf 91' lang='lat' dir='ltr'><strong>pari</strong></span> <span class='ocrx_word' id='word_1_381' title='bbox 1797 5288 1960 5345; x_wconf 91' lang='lat' dir='ltr'><strong>modo</strong></span> 
     </span>
    </p>
   </div>
   <div class='ocr_carea' id='block_1_56' title="bbox 369 5382 1960 5459">
    <p class='ocr_par' dir='ltr' id='par_1_56' title="bbox 369 5382 1960 5459">
     <span class='ocr_line' id='line_1_56' title="bbox 369 5382 1960 5459; baseline -0.01 -6"><span class='ocrx_word' id='word_1_382' title='bbox 369 5393 675 5456; x_wconf 89' lang='lat' dir='ltr'><strong>retinendas</strong></span> <span class='ocrx_word' id='word_1_383' title='bbox 718 5392 922 5458; x_wconf 84' lang='lat' dir='ltr'><strong>censui.</strong></span> <span class='ocrx_word' id='word_1_384' title='bbox 977 5389 1220 5454; x_wconf 75' lang='lat' dir='ltr'><strong>Aliorum</strong></span> <span class='ocrx_word' id='word_1_385' title='bbox 1268 5396 1446 5445; x_wconf 89' lang='lat' dir='ltr'><strong>autem</strong></span> <span class='ocrx_word' id='word_1_386' title='bbox 1495 5382 1960 5459; x_wconf 77' lang='lat' dir='ltr'><strong>interpretationes</strong></span> 
     </span>
    </p>
   </div>
   <div class='ocr_carea' id='block_1_57' title="bbox 371 5473 1961 5554">
    <p class='ocr_par' dir='ltr' id='par_1_57' title="bbox 371 5473 1961 5554">
     <span class='ocr_line' id='line_1_57' title="bbox 371 5473 1961 5554; baseline -0.007 -13"><span class='ocrx_word' id='word_1_387' title='bbox 371 5495 465 5554; x_wconf 79' lang='lat' dir='ltr'><strong>aut</strong></span> <span class='ocrx_word' id='word_1_388' title='bbox 496 5486 659 5541; x_wconf 89' lang='lat' dir='ltr'><strong>variis</strong></span> <span class='ocrx_word' id='word_1_389' title='bbox 688 5485 742 5539; x_wconf 91' lang='lat' dir='ltr'><strong>in</strong></span> <span class='ocrx_word' id='word_1_390' title='bbox 782 5483 914 5540; x_wconf 88' lang='lat' dir='ltr'><strong>locis</strong></span> <span class='ocrx_word' id='word_1_391' title='bbox 942 5479 1254 5549; x_wconf 82' lang='lat' dir='ltr'><strong>emendatas</strong></span> <span class='ocrx_word' id='word_1_392' title='bbox 1293 5476 1638 5544; x_wconf 88' lang='lat' dir='ltr'><strong>retinuimus,</strong></span> <span class='ocrx_word' id='word_1_393' title='bbox 1677 5488 1798 5531; x_wconf 92' lang='lat' dir='ltr'><strong>cum</strong></span> <span class='ocrx_word' id='word_1_394' title='bbox 1829 5473 1961 5530; x_wconf 81' lang='lat' dir='ltr'><strong>satis</strong></span> 
     </span>
    </p>
   </div>
   <div class='ocr_carea' id='block_1_58' title="bbox 372 5571 1958 5651">
    <p class='ocr_par' dir='ltr' id='par_1_58' title="bbox 372 5571 1958 5651">
     <span class='ocr_line' id='line_1_58' title="bbox 372 5571 1958 5651; baseline -0.009 -12"><span class='ocrx_word' id='word_1_395' title='bbox 372 5591 621 5645; x_wconf 80' lang='lat' dir='ltr'><strong>accurate</strong></span> <span class='ocrx_word' id='word_1_396' title='bbox 646 5577 1091 5651; x_wconf 76' lang='lat' dir='ltr'><strong>Chrysustomum</strong></span> <span class='ocrx_word' id='word_1_397' title='bbox 1126 5584 1371 5629; x_wconf 88' lang='lat' dir='ltr'><strong>orantem</strong></span> <span class='ocrx_word' id='word_1_398' title='bbox 1397 5571 1668 5637; x_wconf 79' lang='lat' dir='ltr'><strong>referunt,</strong></span> <span class='ocrx_word' id='word_1_399' title='bbox 1695 5572 1778 5626; x_wconf 88' lang='lat' dir='ltr'><strong>vel</strong></span> <span class='ocrx_word' id='word_1_400' title='bbox 1805 5584 1958 5641; x_wconf 87' lang='lat' dir='ltr'><strong>pror-</strong></span> 
     </span>
    </p>
   </div>
   <div class='ocr_carea' id='block_1_59' title="bbox 376 5662 1960 5754">
    <p class='ocr_par' dir='ltr' id='par_1_59' title="bbox 376 5662 1960 5754">
     <span class='ocr_line' id='line_1_59' title="bbox 376 5662 1960 5754; baseline -0.005 -27"><span class='ocrx_word' id='word_1_401' title='bbox 376 5689 467 5754; x_wconf 63' lang='lat' dir='ltr'><strong>sus</strong></span> <span class='ocrx_word' id='word_1_402' title='bbox 494 5673 775 5745; x_wconf 68' lang='lat' dir='ltr'><strong>rejecitnus</strong></span> <span class='ocrx_word' id='word_1_403' title='bbox 801 5680 853 5726; x_wconf 86' lang='lat' dir='ltr'><strong>ct</strong></span> <span class='ocrx_word' id='word_1_404' title='bbox 877 5682 1042 5743; x_wconf 77' lang='lat' dir='ltr'><strong>novas</strong></span> <span class='ocrx_word' id='word_1_405' title='bbox 1063 5665 1351 5743; x_wconf 80' lang='lat' dir='ltr'><strong>edidimus,</strong></span> <span class='ocrx_word' id='word_1_406' title='bbox 1384 5662 1595 5739; x_wconf 85' lang='lat' dir='ltr'><strong>quando</strong></span> <span class='ocrx_word' id='word_1_407' title='bbox 1623 5662 1726 5741; x_wconf 77' lang='lat' dir='ltr'><strong>illa:</strong></span> <span class='ocrx_word' id='word_1_408' title='bbox 1756 5670 1960 5735; x_wconf 78' lang='lat' dir='ltr'><strong>veteres</strong></span> 
     </span>
    </p>
   </div>
   <div class='ocr_carea' id='block_1_60' title="bbox 3491 233 3590 279">
    <p class='ocr_par' dir='ltr' id='par_1_60' title="bbox 3491 233 3590 279">
     <span class='ocr_line' id='line_1_60' title="bbox 3491 233 3590 279; baseline 0 0"><span class='ocrx_word' id='word_1_409' title='bbox 3491 233 3590 279; x_wconf 71' lang='grc' dir='ltr'>ω</span> 
     </span>
    </p>
   </div>
   <div class='ocr_carea' id='block_1_61' title="bbox 2011 337 3588 408">
    <p class='ocr_par' dir='ltr' id='par_1_61' title="bbox 2011 337 3588 408">
     <span class='ocr_line' id='line_1_61' title="bbox 2011 337 3588 408; baseline 0.003 -13"><span class='ocrx_word' id='word_1_410' title='bbox 2011 352 2128 395; x_wconf 85' lang='lat' dir='ltr'><strong>non</strong></span> <span class='ocrx_word' id='word_1_411' title='bbox 2164 345 2413 408; x_wconf 84' lang='lat' dir='ltr'><strong>poterant</strong></span> <span class='ocrx_word' id='word_1_412' title='bbox 2447 337 2651 396; x_wconf 86' lang='lat' dir='ltr'><strong>medica</strong></span> <span class='ocrx_word' id='word_1_413' title='bbox 2691 347 2851 394; x_wconf 78' lang='lat' dir='ltr'><strong>ntanu</strong></span> <span class='ocrx_word' id='word_1_414' title='bbox 2891 338 2969 394; x_wconf 78' lang='lat' dir='ltr'><strong>ad</strong></span> <span class='ocrx_word' id='word_1_415' title='bbox 2997 338 3190 397; x_wconf 86' lang='lat' dir='ltr'><strong>bonam</strong></span> <span class='ocrx_word' id='word_1_416' title='bbox 3232 339 3588 401; x_wconf 81' lang='lat' dir='ltr'><strong>conditionem</strong></span> 
     </span>
    </p>
   </div>
   <div class='ocr_carea' id='block_1_62' title="bbox 2010 428 3691 504">
    <p class='ocr_par' dir='ltr' id='par_1_62' title="bbox 2010 428 3691 504">
     <span class='ocr_line' id='line_1_62' title="bbox 2010 428 3691 504; baseline 0.004 -22"><span class='ocrx_word' id='word_1_417' title='bbox 2010 428 2271 486; x_wconf 88' lang='lat' dir='ltr'><strong>revocari.</strong></span> <span class='ocrx_word' id='word_1_418' title='bbox 2302 428 2448 485; x_wconf 86' lang='lat' dir='ltr'><strong>Alias</strong></span> <span class='ocrx_word' id='word_1_419' title='bbox 2509 430 2634 486; x_wconf 89' lang='lat' dir='ltr'><strong>item</strong></span> <span class='ocrx_word' id='word_1_420' title='bbox 2663 429 3063 502; x_wconf 85' lang='lat' dir='ltr'><strong>paraphrastice</strong></span> <span class='ocrx_word' id='word_1_421' title='bbox 3106 430 3426 500; x_wconf 82' lang='lat' dir='ltr'><strong>adornatas,</strong></span> <span class='ocrx_word' id='word_1_422' title='bbox 3473 447 3594 504; x_wconf 59' lang='lat' dir='ltr'><strong>qua</strong></span> <span class='ocrx_word' id='word_1_423' title='bbox 3686 430 3691 431; x_wconf 30' lang='grc' dir='ltr'>ί</span> 
     </span>
    </p>
   </div>
   <div class='ocr_carea' id='block_1_63' title="bbox 2012 520 3593 596">
    <p class='ocr_par' dir='ltr' id='par_1_63' title="bbox 2012 520 3593 596">
     <span class='ocr_line' id='line_1_63' title="bbox 2012 520 3593 596; baseline 0.003 -22"><span class='ocrx_word' id='word_1_424' title='bbox 2012 520 2170 592; x_wconf 90' lang='lat' dir='ltr'><strong>longo</strong></span> <span class='ocrx_word' id='word_1_425' title='bbox 2192 520 2478 577; x_wconf 78' lang='lat' dir='ltr'><strong>verborum</strong></span> <span class='ocrx_word' id='word_1_426' title='bbox 2509 522 2771 578; x_wconf 91' lang='lat' dir='ltr'><strong>inutilium</strong></span> <span class='ocrx_word' id='word_1_427' title='bbox 2798 523 3022 580; x_wconf 86' lang='lat' dir='ltr'><strong>circuitu</strong></span> <span class='ocrx_word' id='word_1_428' title='bbox 3052 522 3319 579; x_wconf 82' lang='lat' dir='ltr'><strong>fastidium</strong></span> <span class='ocrx_word' id='word_1_429' title='bbox 3343 524 3593 596; x_wconf 82' lang='lat' dir='ltr'><strong>pariunt,</strong></span> 
     </span>
    </p>
   </div>
   <div class='ocr_carea' id='block_1_64' title="bbox 2012 604 3594 687">
    <p class='ocr_par' dir='ltr' id='par_1_64' title="bbox 2012 604 3594 687">
     <span class='ocr_line' id='line_1_64' title="bbox 2012 604 3594 687; baseline 0.007 -19"><span class='ocrx_word' id='word_1_430' title='bbox 2012 627 2234 684; x_wconf 86' lang='lat' dir='ltr'><strong>prorsus</strong></span> <span class='ocrx_word' id='word_1_431' title='bbox 2269 613 2663 685; x_wconf 82' lang='lat' dir='ltr'><strong>ablegavimus,</strong></span> <span class='ocrx_word' id='word_1_432' title='bbox 2704 630 2972 686; x_wconf 85' lang='lat' dir='ltr'><strong>novasque</strong></span> <span class='ocrx_word' id='word_1_433' title='bbox 3024 604 3345 687; x_wconf 69' lang='lat' dir='ltr'><strong>paravimus.</strong></span> <span class='ocrx_word' id='word_1_434' title='bbox 3395 617 3594 687; x_wconf 75' lang='lat' dir='ltr'><strong>liuius-</strong></span> 
     </span>
    </p>
   </div>
   <div class='ocr_carea' id='block_1_65' title="bbox 2014 703 3597 781">
    <p class='ocr_par' dir='ltr' id='par_1_65' title="bbox 2014 703 3597 781">
     <span class='ocr_line' id='line_1_65' title="bbox 2014 703 3597 781; baseline 0.004 -21"><span class='ocrx_word' id='word_1_435' title='bbox 2014 703 2168 761; x_wconf 90' lang='lat' dir='ltr'><strong>modi.</strong></span> <span class='ocrx_word' id='word_1_436' title='bbox 2180 713 2307 762; x_wconf 82' lang='lat' dir='ltr'><strong>sunt</strong></span> <span class='ocrx_word' id='word_1_437' title='bbox 2329 705 2603 764; x_wconf 79' lang='lat' dir='ltr'><strong>Godefridi</strong></span> <span class='ocrx_word' id='word_1_438' title='bbox 2627 707 2892 767; x_wconf 86' lang='lat' dir='ltr'><strong>Tihnanni</strong></span> <span class='ocrx_word' id='word_1_439' title='bbox 2920 718 2979 765; x_wconf 92' lang='lat' dir='ltr'><strong>et</strong></span> <span class='ocrx_word' id='word_1_440' title='bbox 2999 708 3223 766; x_wconf 86' lang='lat' dir='ltr'><strong>aliorum</strong></span> <span class='ocrx_word' id='word_1_441' title='bbox 3242 710 3597 781; x_wconf 84' lang='lat' dir='ltr'><strong>quorumdam</strong></span> 
     </span>
    </p>
   </div>
   <div class='ocr_carea' id='block_1_66' title="bbox 2014 795 3599 873">
    <p class='ocr_par' dir='ltr' id='par_1_66' title="bbox 2014 795 3599 873">
     <span class='ocr_line' id='line_1_66' title="bbox 2014 795 3599 873; baseline 0.007 -22"><span class='ocrx_word' id='word_1_442' title='bbox 2014 795 2500 869; x_wconf 86' lang='lat' dir='ltr'><strong>interpretationes,</strong></span> <span class='ocrx_word' id='word_1_443' title='bbox 2527 814 2647 871; x_wconf 68' lang='lat' dir='ltr'><strong>quae</strong></span> <span class='ocrx_word' id='word_1_444' title='bbox 2675 800 2990 858; x_wconf 79' lang='lat' dir='ltr'><strong>redundanti</strong></span> <span class='ocrx_word' id='word_1_445' title='bbox 3018 801 3106 856; x_wconf 87' lang='lat' dir='ltr'><strong>illa</strong></span> <span class='ocrx_word' id='word_1_446' title='bbox 3125 800 3417 859; x_wconf 91' lang='lat' dir='ltr'><strong>dictionum</strong></span> <span class='ocrx_word' id='word_1_447' title='bbox 3445 803 3599 873; x_wconf 82' lang='lat' dir='ltr'><strong>copia</strong></span> 
     </span>
    </p>
   </div>
   <div class='ocr_carea' id='block_1_67' title="bbox 2012 886 3600 963">
    <p class='ocr_par' dir='ltr' id='par_1_67' title="bbox 2012 886 3600 963">
     <span class='ocr_line' id='line_1_67' title="bbox 2012 886 3600 963; baseline 0.002 -19"><span class='ocrx_word' id='word_1_448' title='bbox 2012 886 2452 962; x_wconf 84' lang='lat' dir='ltr'><strong>Chrysostomum</strong></span> <span class='ocrx_word' id='word_1_449' title='bbox 2472 932 2487 954; x_wconf 87' lang='lat'><strong>,</strong></span> <span class='ocrx_word' id='word_1_450' title='bbox 2512 891 2605 962; x_wconf 78' lang='lat' dir='ltr'><strong>qui</strong></span> <span class='ocrx_word' id='word_1_451' title='bbox 2634 890 2816 960; x_wconf 80' lang='lat' dir='ltr'><strong>inopia</strong></span> <span class='ocrx_word' id='word_1_452' title='bbox 2835 891 3042 949; x_wconf 88' lang='lat' dir='ltr'><strong>dicendi</strong></span> <span class='ocrx_word' id='word_1_453' title='bbox 3069 906 3359 963; x_wconf 88' lang='lat' dir='ltr'><strong>numquam</strong></span> <span class='ocrx_word' id='word_1_454' title='bbox 3385 892 3600 948; x_wconf 82' lang='lat' dir='ltr'><strong>labora-</strong></span> 
     </span>
    </p>
   </div>
   <div class='ocr_carea' id='block_1_68' title="bbox 2014 978 3611 1053">
    <p class='ocr_par' dir='ltr' id='par_1_68' title="bbox 2014 978 3611 1053">
     <span class='ocr_line' id='line_1_68' title="bbox 2014 978 3611 1053; baseline 0.003 -20"><span class='ocrx_word' id='word_1_455' title='bbox 2014 978 2121 1047; x_wconf 88' lang='lat' dir='ltr'><strong>vit,</strong></span> <span class='ocrx_word' id='word_1_456' title='bbox 2149 979 2512 1038; x_wconf 84' lang='lat' dir='ltr'><strong>verbosiorem</strong></span> <span class='ocrx_word' id='word_1_457' title='bbox 2549 996 2707 1053; x_wconf 90' lang='lat' dir='ltr'><strong>quam</strong></span> <span class='ocrx_word' id='word_1_458' title='bbox 2740 997 2835 1053; x_wconf 88' lang='lat' dir='ltr'><strong>par</strong></span> <span class='ocrx_word' id='word_1_459' title='bbox 2860 983 2931 1038; x_wconf 88' lang='lat' dir='ltr'><strong>sit</strong></span> <span class='ocrx_word' id='word_1_460' title='bbox 2965 980 3225 1040; x_wconf 68' lang='lat' dir='ltr'><strong>referunt.</strong></span> <span class='ocrx_word' id='word_1_461' title='bbox 3256 982 3376 1043; x_wconf 79' lang='lat' dir='ltr'><strong>illas</strong></span> <span class='ocrx_word' id='word_1_462' title='bbox 3412 997 3611 1045; x_wconf 49' lang='lat' dir='ltr'><strong>munies.</strong></span> 
     </span>
    </p>
   </div>
   <div class='ocr_carea' id='block_1_69' title="bbox 2015 1071 3603 1146">
    <p class='ocr_par' dir='ltr' id='par_1_69' title="bbox 2015 1071 3603 1146">
     <span class='ocr_line' id='line_1_69' title="bbox 2015 1071 3603 1146; baseline 0.001 -20"><span class='ocrx_word' id='word_1_463' title='bbox 2015 1071 2283 1128; x_wconf 85' lang='lat' dir='ltr'><strong>variorum</strong></span> <span class='ocrx_word' id='word_1_464' title='bbox 2312 1072 2805 1144; x_wconf 78' lang='lat' dir='ltr'><strong>interpretationes,</strong></span> <span class='ocrx_word' id='word_1_465' title='bbox 2836 1087 2868 1130; x_wconf 90' lang='lat' dir='ltr'><strong>e</strong></span> <span class='ocrx_word' id='word_1_466' title='bbox 2901 1074 3120 1146; x_wconf 75' lang='lat' dir='ltr'><strong>regione</strong></span> <span class='ocrx_word' id='word_1_467' title='bbox 3153 1074 3460 1131; x_wconf 63' lang='lat' dir='ltr'><strong>Graecorum</strong></span> <span class='ocrx_word' id='word_1_468' title='bbox 3483 1074 3603 1130; x_wconf 81' lang='lat' dir='ltr'><strong>edi.-</strong></span> 
     </span>
    </p>
   </div>
   <div class='ocr_carea' id='block_1_70' title="bbox 2019 1164 3606 1238">
    <p class='ocr_par' dir='ltr' id='par_1_70' title="bbox 2019 1164 3606 1238">
     <span class='ocr_line' id='line_1_70' title="bbox 2019 1164 3606 1238; baseline 0.002 -20"><span class='ocrx_word' id='word_1_469' title='bbox 2019 1171 2134 1232; x_wconf 90' lang='lat' dir='ltr'><strong>tas,</strong></span> <span class='ocrx_word' id='word_1_470' title='bbox 2178 1172 2464 1238; x_wconf 82' lang='lat' dir='ltr'><strong>utcumque</strong></span> <span class='ocrx_word' id='word_1_471' title='bbox 2503 1165 2883 1222; x_wconf 81' lang='lat' dir='ltr'><strong>emendaverat</strong></span> <span class='ocrx_word' id='word_1_472' title='bbox 2927 1164 3129 1221; x_wconf 83' lang='lat' dir='ltr'><strong>Fronto</strong></span> <span class='ocrx_word' id='word_1_473' title='bbox 3174 1167 3399 1222; x_wconf 70' lang='lat' dir='ltr'><strong>Ducaeus</strong></span> <span class='ocrx_word' id='word_1_474' title='bbox 3428 1184 3443 1219; x_wconf 91' lang='lat'><strong>:</strong></span> <span class='ocrx_word' id='word_1_475' title='bbox 3472 1182 3606 1237; x_wconf 82' lang='lat' dir='ltr'><strong>quas</strong></span> 
     </span>
    </p>
   </div>
   <div class='ocr_carea' id='block_1_71' title="bbox 2018 1258 3604 1330">
    <p class='ocr_par' dir='ltr' id='par_1_71' title="bbox 2018 1258 3604 1330">
     <span class='ocr_line' id='line_1_71' title="bbox 2018 1258 3604 1330; baseline -0.005 -13"><span class='ocrx_word' id='word_1_476' title='bbox 2018 1271 2139 1317; x_wconf 73' lang='lat' dir='ltr'><strong>cum</strong></span> <span class='ocrx_word' id='word_1_477' title='bbox 2179 1259 2265 1314; x_wconf 87' lang='lat' dir='ltr'><strong>sic</strong></span> <span class='ocrx_word' id='word_1_478' title='bbox 2281 1258 2441 1314; x_wconf 82' lang='lat' dir='ltr'><strong>etiam</strong></span> <span class='ocrx_word' id='word_1_479' title='bbox 2471 1259 2783 1316; x_wconf 90' lang='lat' dir='ltr'><strong>emendatas</strong></span> <span class='ocrx_word' id='word_1_480' title='bbox 2825 1274 2931 1315; x_wconf 92' lang='lat' dir='ltr'><strong>non</strong></span> <span class='ocrx_word' id='word_1_481' title='bbox 2960 1259 3485 1330; x_wconf 80' lang='lat' dir='ltr'><strong>omnin0.pr0baret,</strong></span> 
     </span>
    </p>
   </div>
   <div class='ocr_carea' id='block_1_72' title="bbox 2019 1347 3611 1421">
    <p class='ocr_par' dir='ltr' id='par_1_72' title="bbox 2019 1347 3611 1421">
     <span class='ocr_line' id='line_1_72' title="bbox 2019 1347 3611 1421; baseline 0.002 -16"><span class='ocrx_word' id='word_1_482' title='bbox 2019 1347 2208 1405; x_wconf 79' lang='lat' dir='ltr'><strong>cundis</strong></span> <span class='ocrx_word' id='word_1_483' title='bbox 2231 1349 2376 1405; x_wconf 89' lang='lat' dir='ltr'><strong>curis</strong></span> <span class='ocrx_word' id='word_1_484' title='bbox 2403 1349 2597 1406; x_wconf 90' lang='lat' dir='ltr'><strong>iterum</strong></span> <span class='ocrx_word' id='word_1_485' title='bbox 2636 1350 2906 1421; x_wconf 88' lang='lat' dir='ltr'><strong>corrigere</strong></span> <span class='ocrx_word' id='word_1_486' title='bbox 2945 1351 2998 1406; x_wconf 90' lang='lat' dir='ltr'><strong>in</strong></span> <span class='ocrx_word' id='word_1_487' title='bbox 3041 1350 3472 1407; x_wconf 75' lang='lat' dir='ltr'><strong>annotationibus</strong></span> <span class='ocrx_word' id='word_1_488' title='bbox 3495 1352 3611 1408; x_wconf 85' lang='lat' dir='ltr'><strong>suis</strong></span> 
     </span>
    </p>
   </div>
   <div class='ocr_carea' id='block_1_73' title="bbox 2021 1441 3609 1525">
    <p class='ocr_par' dir='ltr' id='par_1_73' title="bbox 2021 1441 3609 1525">
     <span class='ocr_line' id='line_1_73' title="bbox 2021 1441 3609 1525; baseline 0.001 -28"><span class='ocrx_word' id='word_1_489' title='bbox 2021 1448 2105 1497; x_wconf 87' lang='lat' dir='ltr'><strong>est</strong></span> <span class='ocrx_word' id='word_1_490' title='bbox 2124 1455 2424 1513; x_wconf 81' lang='lat' dir='ltr'><strong>aggressus.</strong></span> <span class='ocrx_word' id='word_1_491' title='bbox 2449 1441 2645 1525; x_wconf 55' lang='lat' dir='ltr'><strong>Verum</strong></span> <span class='ocrx_word' id='word_1_492' title='bbox 2666 1485 2683 1511; x_wconf 93' lang='lat'><strong>,</strong></span> <span class='ocrx_word' id='word_1_493' title='bbox 2711 1444 2786 1499; x_wconf 90' lang='lat' dir='ltr'><strong>uti</strong></span> <span class='ocrx_word' id='word_1_494' title='bbox 2808 1443 2917 1515; x_wconf 80' lang='lat' dir='ltr'><strong>jam</strong></span> <span class='ocrx_word' id='word_1_495' title='bbox 2955 1443 3187 1500; x_wconf 88' lang='lat' dir='ltr'><strong>diximus</strong></span> <span class='ocrx_word' id='word_1_496' title='bbox 3205 1484 3221 1510; x_wconf 94' lang='lat'><strong>,</strong></span> <span class='ocrx_word' id='word_1_497' title='bbox 3249 1459 3432 1499; x_wconf 88' lang='lat' dir='ltr'><strong>earum</strong></span> <span class='ocrx_word' id='word_1_498' title='bbox 3461 1460 3609 1514; x_wconf 74' lang='lat' dir='ltr'><strong>qure-</strong></span> 
     </span>
    </p>
   </div>
   <div class='ocr_carea' id='block_1_74' title="bbox 2021 1530 3613 1606">
    <p class='ocr_par' dir='ltr' id='par_1_74' title="bbox 2021 1530 3613 1606">
     <span class='ocr_line' id='line_1_74' title="bbox 2021 1530 3613 1606; baseline 0.003 -19"><span class='ocrx_word' id='word_1_499' title='bbox 2021 1530 2144 1588; x_wconf 91' lang='lat' dir='ltr'><strong>dam</strong></span> <span class='ocrx_word' id='word_1_500' title='bbox 2183 1533 2253 1587; x_wconf 87' lang='lat' dir='ltr'><strong>ita</strong></span> <span class='ocrx_word' id='word_1_501' title='bbox 2281 1533 2612 1590; x_wconf 68' lang='lat' dir='ltr'><strong>concinnatae</strong></span> <span class='ocrx_word' id='word_1_502' title='bbox 2648 1542 2804 1602; x_wconf 88' lang='lat' dir='ltr'><strong>sunt,</strong></span> <span class='ocrx_word' id='word_1_503' title='bbox 2851 1543 2910 1591; x_wconf 89' lang='lat' dir='ltr'><strong>ut</strong></span> <span class='ocrx_word' id='word_1_504' title='bbox 2931 1536 3022 1591; x_wconf 88' lang='lat' dir='ltr'><strong>vix</strong></span> <span class='ocrx_word' id='word_1_505' title='bbox 3058 1550 3122 1592; x_wconf 89' lang='lat' dir='ltr'><strong>ac</strong></span> <span class='ocrx_word' id='word_1_506' title='bbox 3160 1551 3230 1592; x_wconf 92' lang='lat' dir='ltr'><strong>ne</strong></span> <span class='ocrx_word' id='word_1_507' title='bbox 3267 1536 3352 1590; x_wconf 87' lang='lat' dir='ltr'><strong>vix</strong></span> <span class='ocrx_word' id='word_1_508' title='bbox 3392 1536 3613 1606; x_wconf 88' lang='lat' dir='ltr'><strong>quidem</strong></span> 
     </span>
    </p>
   </div>
   <div class='ocr_carea' id='block_1_75' title="bbox 2023 1625 3605 1700">
    <p class='ocr_par' dir='ltr' id='par_1_75' title="bbox 2023 1625 3605 1700">
     <span class='ocr_line' id='line_1_75' title="bbox 2023 1625 3605 1700; baseline 0.001 -19"><span class='ocrx_word' id='word_1_509' title='bbox 2023 1627 2234 1694; x_wconf 87' lang='lat' dir='ltr'><strong>possint</strong></span> <span class='ocrx_word' id='word_1_510' title='bbox 2254 1626 2468 1698; x_wconf 86' lang='lat' dir='ltr'><strong>corrigi.</strong></span> <span class='ocrx_word' id='word_1_511' title='bbox 2498 1625 2778 1683; x_wconf 73' lang='lat' dir='ltr'><strong>Nontiullte</strong></span> <span class='ocrx_word' id='word_1_512' title='bbox 2805 1642 2965 1692; x_wconf 87' lang='lat' dir='ltr'><strong>vero,</strong></span> <span class='ocrx_word' id='word_1_513' title='bbox 2993 1628 3178 1700; x_wconf 83' lang='lat' dir='ltr'><strong>quales</strong></span> <span class='ocrx_word' id='word_1_514' title='bbox 3206 1638 3329 1685; x_wconf 90' lang='lat' dir='ltr'><strong>sunt</strong></span> <span class='ocrx_word' id='word_1_515' title='bbox 3364 1629 3568 1685; x_wconf 89' lang='lat' dir='ltr'><strong>Erasmi</strong></span> <span class='ocrx_word' id='word_1_516' title='bbox 3588 1669 3605 1694; x_wconf 94' lang='lat'><strong>,</strong></span> 
     </span>
    </p>
   </div>
   <div class='ocr_carea' id='block_1_76' title="bbox 2022 1717 3613 1793">
    <p class='ocr_par' dir='ltr' id='par_1_76' title="bbox 2022 1717 3613 1793">
     <span class='ocr_line' id='line_1_76' title="bbox 2022 1717 3613 1793; baseline 0.001 -19"><span class='ocrx_word' id='word_1_517' title='bbox 2022 1717 2205 1774; x_wconf 75' lang='lat' dir='ltr'><strong>Jacobi</strong></span> <span class='ocrx_word' id='word_1_518' title='bbox 2235 1717 2407 1784; x_wconf 85' lang='lat' dir='ltr'><strong>Billii,</strong></span> <span class='ocrx_word' id='word_1_519' title='bbox 2437 1718 2689 1776; x_wconf 87' lang='lat' dir='ltr'><strong>Germani</strong></span> <span class='ocrx_word' id='word_1_520' title='bbox 2716 1720 2916 1788; x_wconf 85' lang='lat' dir='ltr'><strong>Brixii,</strong></span> <span class='ocrx_word' id='word_1_521' title='bbox 2956 1720 3284 1793; x_wconf 85' lang='lat' dir='ltr'><strong>Sigismundi</strong></span> <span class='ocrx_word' id='word_1_522' title='bbox 3322 1720 3527 1778; x_wconf 88' lang='lat' dir='ltr'><strong>Gelenii</strong></span> <span class='ocrx_word' id='word_1_523' title='bbox 3554 1732 3613 1777; x_wconf 81' lang='lat' dir='ltr'><strong>et</strong></span> 
     </span>
    </p>
   </div>
   <div class='ocr_carea' id='block_1_77' title="bbox 2023 1809 3616 1886">
    <p class='ocr_par' dir='ltr' id='par_1_77' title="bbox 2023 1809 3616 1886">
     <span class='ocr_line' id='line_1_77' title="bbox 2023 1809 3616 1886; baseline 0.003 -21"><span class='ocrx_word' id='word_1_524' title='bbox 2023 1810 2247 1866; x_wconf 61' lang='lat' dir='ltr'><strong>aliorum</strong></span> <span class='ocrx_word' id='word_1_525' title='bbox 2275 1826 2382 1867; x_wconf 89' lang='lat' dir='ltr'><strong>non</strong></span> <span class='ocrx_word' id='word_1_526' title='bbox 2409 1809 2691 1869; x_wconf 79' lang='lat' dir='ltr'><strong>infeliciter</strong></span> <span class='ocrx_word' id='word_1_527' title='bbox 2711 1813 3018 1882; x_wconf 84' lang='lat' dir='ltr'><strong>adornatae,</strong></span> <span class='ocrx_word' id='word_1_528' title='bbox 3046 1815 3237 1886; x_wconf 87' lang='lat' dir='ltr'><strong>corrigi</strong></span> <span class='ocrx_word' id='word_1_529' title='bbox 3268 1823 3522 1884; x_wconf 90' lang='lat' dir='ltr'><strong>possunt,</strong></span> <span class='ocrx_word' id='word_1_530' title='bbox 3554 1822 3616 1870; x_wconf 88' lang='lat' dir='ltr'><strong>ut</strong></span> 
     </span>
    </p>
   </div>
   <div class='ocr_carea' id='block_1_78' title="bbox 2025 1901 3612 1977">
    <p class='ocr_par' dir='ltr' id='par_1_78' title="bbox 2025 1901 3612 1977">
     <span class='ocr_line' id='line_1_78' title="bbox 2025 1901 3612 1977; baseline 0.003 -20"><span class='ocrx_word' id='word_1_531' title='bbox 2025 1917 2124 1958; x_wconf 86' lang='lat' dir='ltr'><strong>nos</strong></span> <span class='ocrx_word' id='word_1_532' title='bbox 2146 1902 2315 1959; x_wconf 77' lang='lat' dir='ltr'><strong>libere</strong></span> <span class='ocrx_word' id='word_1_533' title='bbox 2341 1901 2584 1971; x_wconf 81' lang='lat' dir='ltr'><strong>fecimus,</strong></span> <span class='ocrx_word' id='word_1_534' title='bbox 2622 1905 2710 1960; x_wconf 87' lang='lat' dir='ltr'><strong>ubi</strong></span> <span class='ocrx_word' id='word_1_535' title='bbox 2737 1920 2955 1961; x_wconf 90' lang='lat' dir='ltr'><strong>necesse</strong></span> <span class='ocrx_word' id='word_1_536' title='bbox 2981 1905 3154 1962; x_wconf 80' lang='lat' dir='ltr'><strong>visura</strong></span> <span class='ocrx_word' id='word_1_537' title='bbox 3183 1915 3284 1961; x_wconf 90' lang='lat' dir='ltr'><strong>est.</strong></span> <span class='ocrx_word' id='word_1_538' title='bbox 3314 1905 3504 1961; x_wconf 83' lang='lat' dir='ltr'><strong>Libros</strong></span> <span class='ocrx_word' id='word_1_539' title='bbox 3529 1914 3612 1977; x_wconf 48' lang='lat' dir='ltr'><strong>ta?</strong></span> 
     </span>
    </p>
   </div>
   <div class='ocr_carea' id='block_1_79' title="bbox 2026 1993 3615 2062">
    <p class='ocr_par' dir='ltr' id='par_1_79' title="bbox 2026 1993 3615 2062">
     <span class='ocr_line' id='line_1_79' title="bbox 2026 1993 3615 2062; baseline 0.003 -14"><span class='ocrx_word' id='word_1_540' title='bbox 2026 2009 2147 2050; x_wconf 92' lang='lat' dir='ltr'><strong>men</strong></span> <span class='ocrx_word' id='word_1_541' title='bbox 2184 1993 2254 2050; x_wconf 92' lang='lat' dir='ltr'><strong>de</strong></span> <span class='ocrx_word' id='word_1_542' title='bbox 2290 1994 2634 2062; x_wconf 84' lang='lat' dir='ltr'><strong>Sacerdotio,</strong></span> <span class='ocrx_word' id='word_1_543' title='bbox 2680 1996 2805 2053; x_wconf 87' lang='lat' dir='ltr'><strong>licet</strong></span> <span class='ocrx_word' id='word_1_544' title='bbox 2842 2012 2870 2051; x_wconf 93' lang='lat' dir='ltr'><strong>a</strong></span> <span class='ocrx_word' id='word_1_545' title='bbox 2905 1997 3172 2055; x_wconf 84' lang='lat' dir='ltr'><strong>Germano</strong></span> <span class='ocrx_word' id='word_1_546' title='bbox 3208 1998 3388 2054; x_wconf 84' lang='lat' dir='ltr'><strong>Brixio</strong></span> <span class='ocrx_word' id='word_1_547' title='bbox 3426 1997 3615 2054; x_wconf 84' lang='lat' dir='ltr'><strong>Latine</strong></span> 
     </span>
    </p>
   </div>
   <div class='ocr_carea' id='block_1_80' title="bbox 2027 2074 3614 2159">
    <p class='ocr_par' dir='ltr' id='par_1_80' title="bbox 2027 2074 3614 2159">
     <span class='ocr_line' id='line_1_80' title="bbox 2027 2074 3614 2159; baseline 0.005 -19"><span class='ocrx_word' id='word_1_548' title='bbox 2027 2086 2267 2142; x_wconf 75' lang='lat' dir='ltr'><strong>conversi</strong></span> <span class='ocrx_word' id='word_1_549' title='bbox 2296 2096 2505 2154; x_wconf 88' lang='lat' dir='ltr'><strong>essent,</strong></span> <span class='ocrx_word' id='word_1_550' title='bbox 2546 2102 2681 2143; x_wconf 90' lang='lat' dir='ltr'><strong>nova</strong></span> <span class='ocrx_word' id='word_1_551' title='bbox 2723 2074 3461 2159; x_wconf 73' lang='lat' dir='ltr'><strong>interpretationedoaaudos</strong></span> <span class='ocrx_word' id='word_1_552' title='bbox 3483 2105 3614 2148; x_wconf 64' lang='lat' dir='ltr'><strong>ceno.</strong></span> 
     </span>
    </p>
   </div>
   <div class='ocr_carea' id='block_1_81' title="bbox 2025 2149 3615 2251">
    <p class='ocr_par' dir='ltr' id='par_1_81' title="bbox 2025 2149 3615 2251">
     <span class='ocr_line' id='line_1_81' title="bbox 2025 2149 3615 2251; baseline 0.004 -21"><span class='ocrx_word' id='word_1_553' title='bbox 2025 2176 2265 2240; x_wconf 70' lang='lat' dir='ltr'><strong>animus,</strong></span> <span class='ocrx_word' id='word_1_554' title='bbox 2302 2178 2425 2246; x_wconf 90' lang='lat' dir='ltr'><strong>quia</strong></span> <span class='ocrx_word' id='word_1_555' title='bbox 2466 2149 2715 2233; x_wconf 84' lang='lat' dir='ltr'><strong>nimirum</strong></span> <span class='ocrx_word' id='word_1_556' title='bbox 2746 2179 2835 2235; x_wconf 92' lang='lat' dir='ltr'><strong>ille</strong></span> <span class='ocrx_word' id='word_1_557' title='bbox 2863 2149 3212 2251; x_wconf 74' lang='lat' dir='ltr'><strong>paraphrasin</strong></span> <span class='ocrx_word' id='word_1_558' title='bbox 3242 2181 3313 2238; x_wconf 92' lang='lat' dir='ltr'><strong>ibi</strong></span> <span class='ocrx_word' id='word_1_559' title='bbox 3340 2181 3450 2238; x_wconf 77' lang='lat' dir='ltr'><strong>fere</strong></span> <span class='ocrx_word' id='word_1_560' title='bbox 3472 2196 3615 2238; x_wconf 62' lang='lat' dir='ltr'><strong>sema</strong></span> 
     </span>
    </p>
   </div>
   <div class='ocr_carea' id='block_1_82' title="bbox 2029 2263 3616 2342">
    <p class='ocr_par' dir='ltr' id='par_1_82' title="bbox 2029 2263 3616 2342">
     <span class='ocr_line' id='line_1_82' title="bbox 2029 2263 3616 2342; baseline 0.004 -22"><span class='ocrx_word' id='word_1_561' title='bbox 2029 2279 2124 2337; x_wconf 89' lang='lat' dir='ltr'><strong>per</strong></span> <span class='ocrx_word' id='word_1_562' title='bbox 2146 2266 2414 2323; x_wconf 70' lang='lat' dir='ltr'><strong>atiectavit</strong></span> <span class='ocrx_word' id='word_1_563' title='bbox 2432 2309 2449 2336; x_wconf 96' lang='lat'><strong>,</strong></span> <span class='ocrx_word' id='word_1_564' title='bbox 2491 2268 2632 2340; x_wconf 87' lang='lat' dir='ltr'><strong>quod</strong></span> <span class='ocrx_word' id='word_1_565' title='bbox 2665 2263 2836 2342; x_wconf 78' lang='lat' dir='ltr'><strong>genus</strong></span> <span class='ocrx_word' id='word_1_566' title='bbox 2863 2270 3245 2341; x_wconf 86' lang='lat' dir='ltr'><strong>interpretandi</strong></span> <span class='ocrx_word' id='word_1_567' title='bbox 3273 2273 3402 2329; x_wconf 84' lang='lat' dir='ltr'><strong>viris</strong></span> <span class='ocrx_word' id='word_1_568' title='bbox 3429 2287 3616 2329; x_wconf 67' lang='lat' dir='ltr'><strong>omum</strong></span> 
     </span>
    </p>
   </div>
   <div class='ocr_carea' id='block_1_83' title="bbox 2037 2358 3618 2435">
    <p class='ocr_par' dir='ltr' id='par_1_83' title="bbox 2037 2358 3618 2435">
     <span class='ocr_line' id='line_1_83' title="bbox 2037 2358 3618 2435; baseline 0.004 -20"><span class='ocrx_word' id='word_1_569' title='bbox 2037 2363 2129 2415; x_wconf 61' lang='grc' dir='ltr'><em>ω</em></span> <span class='ocrx_word' id='word_1_570' title='bbox 2164 2358 2310 2412; x_wconf 89' lang='lat' dir='ltr'><strong>naris</strong></span> <span class='ocrx_word' id='word_1_571' title='bbox 2346 2358 2644 2417; x_wconf 90' lang='lat' dir='ltr'><strong>admodum.</strong></span> <span class='ocrx_word' id='word_1_572' title='bbox 2677 2359 2942 2432; x_wconf 89' lang='lat' dir='ltr'><strong>displicet.</strong></span> <span class='ocrx_word' id='word_1_573' title='bbox 2978 2362 3065 2418; x_wconf 87' lang='lat' dir='ltr'><strong>Ea.</strong></span> <span class='ocrx_word' id='word_1_574' title='bbox 3092 2379 3254 2434; x_wconf 89' lang='lat' dir='ltr'><strong>porro</strong></span> <span class='ocrx_word' id='word_1_575' title='bbox 3277 2379 3489 2435; x_wconf 85' lang='lat' dir='ltr'><strong>semper</strong></span> <span class='ocrx_word' id='word_1_576' title='bbox 3522 2364 3618 2421; x_wconf 80' lang='lat' dir='ltr'><strong>fuit</strong></span> 
     </span>
    </p>
   </div>
   <div class='ocr_carea' id='block_1_84' title="bbox 2030 2448 3617 2522">
    <p class='ocr_par' dir='ltr' id='par_1_84' title="bbox 2030 2448 3617 2522">
     <span class='ocr_line' id='line_1_84' title="bbox 2030 2448 3617 2522; baseline 0.004 -19"><span class='ocrx_word' id='word_1_577' title='bbox 2030 2448 2256 2504; x_wconf 90' lang='lat' dir='ltr'><strong>instituti</strong></span> <span class='ocrx_word' id='word_1_578' title='bbox 2300 2451 2673 2519; x_wconf 86' lang='lat' dir='ltr'><strong>nostri-ratio,</strong></span> <span class='ocrx_word' id='word_1_579' title='bbox 2721 2460 2789 2507; x_wconf 78' lang='lat' dir='ltr'><strong>ut.</strong></span> <span class='ocrx_word' id='word_1_580' title='bbox 2816 2453 3216 2522; x_wconf 87' lang='lat' dir='ltr'><strong>interpretando</strong></span> <span class='ocrx_word' id='word_1_581' title='bbox 3253 2455 3480 2511; x_wconf 90' lang='lat' dir='ltr'><strong>mediam</strong></span> <span class='ocrx_word' id='word_1_582' title='bbox 3518 2470 3617 2510; x_wconf 91' lang='lat' dir='ltr'><strong>ceu</strong></span> 
     </span>
    </p>
   </div>
   <div class='ocr_carea' id='block_1_85' title="bbox 2031 2540 3619 2616">
    <p class='ocr_par' dir='ltr' id='par_1_85' title="bbox 2031 2540 3619 2616">
     <span class='ocr_line' id='line_1_85' title="bbox 2031 2540 3619 2616; baseline 0.004 -23"><span class='ocrx_word' id='word_1_583' title='bbox 2031 2540 2168 2593; x_wconf 85' lang='lat' dir='ltr'><strong>viam</strong></span> <span class='ocrx_word' id='word_1_584' title='bbox 2191 2547 2496 2596; x_wconf 86' lang='lat' dir='ltr'><strong>teneremus</strong></span> <span class='ocrx_word' id='word_1_585' title='bbox 2523 2544 2661 2597; x_wconf 90' lang='lat' dir='ltr'><strong>inter</strong></span> <span class='ocrx_word' id='word_1_586' title='bbox 2679 2542 3151 2614; x_wconf 89' lang='lat' dir='ltr'><strong>paraphrasticam.</strong></span> <span class='ocrx_word' id='word_1_587' title='bbox 3166 2556 3221 2601; x_wconf 89' lang='lat' dir='ltr'><strong>et</strong></span> <span class='ocrx_word' id='word_1_588' title='bbox 3248 2546 3528 2616; x_wconf 82' lang='lat' dir='ltr'><strong>strigosam</strong></span> <span class='ocrx_word' id='word_1_589' title='bbox 3549 2546 3619 2601; x_wconf 80' lang='lat' dir='ltr'><strong>il-</strong></span> 
     </span>
    </p>
   </div>
   <div class='ocr_carea' id='block_1_86' title="bbox 2033 2631 3621 2709">
    <p class='ocr_par' dir='ltr' id='par_1_86' title="bbox 2033 2631 3621 2709">
     <span class='ocr_line' id='line_1_86' title="bbox 2033 2631 3621 2709; baseline 0.004 -23"><span class='ocrx_word' id='word_1_590' title='bbox 2033 2633 2135 2687; x_wconf 90' lang='lat' dir='ltr'><strong>lam</strong></span> <span class='ocrx_word' id='word_1_591' title='bbox 2156 2631 2345 2699; x_wconf 83' lang='lat' dir='ltr'><strong>aliam,</strong></span> <span class='ocrx_word' id='word_1_592' title='bbox 2369 2648 2488 2704; x_wconf 74' lang='lat' dir='ltr'><strong>qua:</strong></span> <span class='ocrx_word' id='word_1_593' title='bbox 2517 2631 2702 2690; x_wconf 73' lang='lat' dir='ltr'><strong>G-rmca</strong></span> <span class='ocrx_word' id='word_1_594' title='bbox 2731 2633 3141 2709; x_wconf 71' lang='lat' dir='ltr'><strong>pedetentimet</strong></span> <span class='ocrx_word' id='word_1_595' title='bbox 3170 2635 3336 2708; x_wconf 84' lang='lat' dir='ltr'><strong>nimio</strong></span> <span class='ocrx_word' id='word_1_596' title='bbox 3365 2637 3621 2708; x_wconf 87' lang='lat' dir='ltr'><strong>scrupulo</strong></span> 
     </span>
    </p>
   </div>
   <div class='ocr_carea' id='block_1_87' title="bbox 2033 2732 2384 2780">
    <p class='ocr_par' dir='ltr' id='par_1_87' title="bbox 2033 2732 2384 2780">
     <span class='ocr_line' id='line_1_87' title="bbox 2033 2732 2384 2780; baseline 0 -2"><span class='ocrx_word' id='word_1_597' title='bbox 2033 2732 2384 2780; x_wconf 65' lang='lat' dir='ltr'><strong>CODSCCKHUL</strong></span> 
     </span>
    </p>
   </div>
   <div class='ocr_carea' id='block_1_88' title="bbox 2038 2876 3623 2951">
    <p class='ocr_par' dir='ltr' id='par_1_88' title="bbox 2038 2876 3623 2951">
     <span class='ocr_line' id='line_1_88' title="bbox 2038 2876 3623 2951; baseline 0.001 -19"><span class='ocrx_word' id='word_1_598' title='bbox 2038 2878 2066 2951; x_wconf 67' lang='grc' dir='ltr'><strong>ς</strong></span> <span class='ocrx_word' id='word_1_599' title='bbox 2097 2879 2186 2934; x_wconf 72' lang='lat' dir='ltr'><strong>IX.</strong></span> <span class='ocrx_word' id='word_1_600' title='bbox 2216 2908 2293 2936; x_wconf 71' lang='lat'><strong>—.</strong></span> <span class='ocrx_word' id='word_1_601' title='bbox 2316 2876 2392 2937; x_wconf 86' lang='lat' dir='ltr'><strong>De</strong></span> <span class='ocrx_word' id='word_1_602' title='bbox 2415 2879 2593 2937; x_wconf 79' lang='lat' dir='ltr'><strong>ordine</strong></span> <span class='ocrx_word' id='word_1_603' title='bbox 2621 2879 2897 2935; x_wconf 78' lang='lat' dir='ltr'><strong>multarum</strong></span> <span class='ocrx_word' id='word_1_604' title='bbox 2923 2881 3052 2934; x_wconf 79' lang='lat' dir='ltr'><strong>inter</strong></span> <span class='ocrx_word' id='word_1_605' title='bbox 3078 2896 3132 2934; x_wconf 79' lang='lat' dir='ltr'><strong>se</strong></span> <span class='ocrx_word' id='word_1_606' title='bbox 3168 2880 3490 2943; x_wconf 67' lang='lat' dir='ltr'><strong>humiliantur</strong></span> <span class='ocrx_word' id='word_1_607' title='bbox 3505 2881 3623 2950; x_wconf 56' lang='grc' dir='ltr'><strong>λαυρ</strong></span> 
     </span>
    </p>
   </div>
   <div class='ocr_carea' id='block_1_89' title="bbox 2698 2973 2945 3027">
    <p class='ocr_par' dir='ltr' id='par_1_89' title="bbox 2698 2973 2945 3027">
     <span class='ocr_line' id='line_1_89' title="bbox 2698 2973 2945 3027; baseline 0.004 -1"><span class='ocrx_word' id='word_1_608' title='bbox 2698 2973 2945 3027; x_wconf 78' lang='lat' dir='ltr'><strong>restituto.</strong></span> 
     </span>
    </p>
   </div>
   <div class='ocr_carea' id='block_1_90' title="bbox 2108 3103 3626 3176">
    <p class='ocr_par' dir='ltr' id='par_1_90' title="bbox 2108 3103 3626 3176">
     <span class='ocr_line' id='line_1_90' title="bbox 2108 3103 3626 3176; baseline 0 -16"><span class='ocrx_word' id='word_1_609' title='bbox 2108 3103 2263 3165; x_wconf 82' lang='lat' dir='ltr'><strong>Aliud</strong></span> <span class='ocrx_word' id='word_1_610' title='bbox 2295 3105 2347 3160; x_wconf 91' lang='lat' dir='ltr'><strong>in</strong></span> <span class='ocrx_word' id='word_1_611' title='bbox 2390 3104 2490 3161; x_wconf 87' lang='lat' dir='ltr'><strong>hac</strong></span> <span class='ocrx_word' id='word_1_612' title='bbox 2527 3105 2763 3161; x_wconf 86' lang='lat' dir='ltr'><strong>editione</strong></span> <span class='ocrx_word' id='word_1_613' title='bbox 2790 3105 3138 3176; x_wconf 83' lang='lat' dir='ltr'><strong>praestitimus</strong></span> <span class='ocrx_word' id='word_1_614' title='bbox 3174 3119 3279 3160; x_wconf 93' lang='lat' dir='ltr'><strong>non</strong></span> <span class='ocrx_word' id='word_1_615' title='bbox 3320 3104 3495 3159; x_wconf 89' lang='lat' dir='ltr'><strong>minus</strong></span> <span class='ocrx_word' id='word_1_616' title='bbox 3525 3120 3626 3160; x_wconf 83' lang='lat' dir='ltr'><strong>ne~</strong></span> 
     </span>
    </p>
   </div>
   <div class='ocr_carea' id='block_1_91' title="bbox 2035 3196 3622 3272">
    <p class='ocr_par' dir='ltr' id='par_1_91' title="bbox 2035 3196 3622 3272">
     <span class='ocr_line' id='line_1_91' title="bbox 2035 3196 3622 3272; baseline -0.001 -20"><span class='ocrx_word' id='word_1_617' title='bbox 2035 3197 2359 3272; x_wconf 70' lang='lat' dir='ltr'><strong>cessarium,</strong></span> <span class='ocrx_word' id='word_1_618' title='bbox 2380 3213 2476 3253; x_wconf 88' lang='lat' dir='ltr'><strong>nec</strong></span> <span class='ocrx_word' id='word_1_619' title='bbox 2499 3201 2674 3255; x_wconf 86' lang='lat' dir='ltr'><strong>minus</strong></span> <span class='ocrx_word' id='word_1_620' title='bbox 2694 3198 2759 3253; x_wconf 85' lang='lat' dir='ltr'><strong>ad</strong></span> <span class='ocrx_word' id='word_1_621' title='bbox 2782 3197 3222 3269; x_wconf 71' lang='lat' dir='ltr'><strong>Chrysostomum</strong></span> <span class='ocrx_word' id='word_1_622' title='bbox 3254 3196 3622 3252; x_wconf 89' lang='lat' dir='ltr'><strong>illustrandum</strong></span> 
     </span>
    </p>
   </div>
   <div class='ocr_carea' id='block_1_92' title="bbox 2035 3286 3626 3359">
    <p class='ocr_par' dir='ltr' id='par_1_92' title="bbox 2035 3286 3626 3359">
     <span class='ocr_line' id='line_1_92' title="bbox 2035 3286 3626 3359; baseline 0.001 -17"><span class='ocrx_word' id='word_1_623' title='bbox 2035 3299 2409 3359; x_wconf 90' lang='lat' dir='ltr'><strong>opportunum.</strong></span> <span class='ocrx_word' id='word_1_624' title='bbox 2440 3288 2574 3343; x_wconf 80' lang='lat' dir='ltr'><strong>Cum</strong></span> <span class='ocrx_word' id='word_1_625' title='bbox 2605 3304 2796 3359; x_wconf 90' lang='lat' dir='ltr'><strong>nempe</strong></span> <span class='ocrx_word' id='word_1_626' title='bbox 2822 3287 3047 3343; x_wconf 75' lang='lat' dir='ltr'><strong>Saviiins</strong></span> <span class='ocrx_word' id='word_1_627' title='bbox 3081 3297 3135 3343; x_wconf 88' lang='lat' dir='ltr'><strong>et</strong></span> <span class='ocrx_word' id='word_1_628' title='bbox 3171 3286 3368 3343; x_wconf 72' lang='lat' dir='ltr'><strong>Fronto</strong></span> <span class='ocrx_word' id='word_1_629' title='bbox 3405 3287 3626 3343; x_wconf 85' lang='lat' dir='ltr'><strong>Ducaeus</strong></span> 
     </span>
    </p>
   </div>
   <div class='ocr_carea' id='block_1_93' title="bbox 2038 3377 3625 3449">
    <p class='ocr_par' dir='ltr' id='par_1_93' title="bbox 2038 3377 3625 3449">
     <span class='ocr_line' id='line_1_93' title="bbox 2038 3377 3625 3449; baseline 0.002 -17"><span class='ocrx_word' id='word_1_630' title='bbox 2038 3379 2232 3449; x_wconf 89' lang='lat' dir='ltr'><strong>ubique</strong></span> <span class='ocrx_word' id='word_1_631' title='bbox 2257 3387 2537 3445; x_wconf 87' lang='lat' dir='ltr'><strong>terrarum</strong></span> <span class='ocrx_word' id='word_1_632' title='bbox 2564 3380 2850 3449; x_wconf 85' lang='lat' dir='ltr'><strong>perquisita</strong></span> <span class='ocrx_word' id='word_1_633' title='bbox 2880 3377 2935 3434; x_wconf 77' lang='lat' dir='ltr'><strong>S.</strong></span> <span class='ocrx_word' id='word_1_634' title='bbox 2964 3377 3198 3434; x_wconf 90' lang='lat' dir='ltr'><strong>doctoris</strong></span> <span class='ocrx_word' id='word_1_635' title='bbox 3227 3394 3387 3449; x_wconf 86' lang='lat' dir='ltr'><strong>opera</strong></span> <span class='ocrx_word' id='word_1_636' title='bbox 3414 3378 3625 3435; x_wconf 79' lang='lat' dir='ltr'><strong>confer-</strong></span> 
     </span>
    </p>
   </div>
   <div class='ocr_carea' id='block_1_94' title="bbox 2039 3468 3624 3540">
    <p class='ocr_par' dir='ltr' id='par_1_94' title="bbox 2039 3468 3624 3540">
     <span class='ocr_line' id='line_1_94' title="bbox 2039 3468 3624 3540; baseline 0.001 -18"><span class='ocrx_word' id='word_1_637' title='bbox 2039 3469 2132 3522; x_wconf 91' lang='lat' dir='ltr'><strong>tim</strong></span> <span class='ocrx_word' id='word_1_638' title='bbox 2173 3468 2510 3538; x_wconf 74' lang='lat' dir='ltr'><strong>aociperent,</strong></span> <span class='ocrx_word' id='word_1_639' title='bbox 2560 3484 2675 3522; x_wconf 91' lang='lat' dir='ltr'><strong>non.</strong></span> <span class='ocrx_word' id='word_1_640' title='bbox 2706 3470 2834 3523; x_wconf 84' lang='lat' dir='ltr'><strong>satis</strong></span> <span class='ocrx_word' id='word_1_641' title='bbox 2873 3468 3162 3526; x_wconf 73' lang='lat' dir='ltr'><strong>advertere</strong></span> <span class='ocrx_word' id='word_1_642' title='bbox 3195 3478 3476 3539; x_wconf 84' lang='lat' dir='ltr'><strong>potuerunt</strong></span> <span class='ocrx_word' id='word_1_643' title='bbox 3518 3485 3624 3540; x_wconf 89' lang='lat' dir='ltr'><strong>qua</strong></span> 
     </span>
    </p>
   </div>
   <div class='ocr_carea' id='block_1_95' title="bbox 2037 3548 3626 3624">
    <p class='ocr_par' dir='ltr' id='par_1_95' title="bbox 2037 3548 3626 3624">
     <span class='ocr_line' id='line_1_95' title="bbox 2037 3548 3626 3624; baseline 0.001 -12"><span class='ocrx_word' id='word_1_644' title='bbox 2037 3557 2177 3612; x_wconf 87' lang='lat' dir='ltr'><strong>serie</strong></span> <span class='ocrx_word' id='word_1_645' title='bbox 2212 3567 2267 3613; x_wconf 93' lang='lat' dir='ltr'><strong>et</strong></span> <span class='ocrx_word' id='word_1_646' title='bbox 2304 3557 2492 3614; x_wconf 90' lang='lat' dir='ltr'><strong>ordine</strong></span> <span class='ocrx_word' id='word_1_647' title='bbox 2525 3557 2703 3613; x_wconf 68' lang='lat' dir='ltr'><strong>multa}</strong></span> <span class='ocrx_word' id='word_1_648' title='bbox 2734 3557 2965 3612; x_wconf 81' lang='lat' dir='ltr'><strong>humilia:</strong></span> <span class='ocrx_word' id='word_1_649' title='bbox 3005 3548 3241 3614; x_wconf 66' lang='lat' dir='ltr'><strong>locanda:</strong></span> <span class='ocrx_word' id='word_1_650' title='bbox 3276 3569 3486 3624; x_wconf 81' lang='lat' dir='ltr'><strong>essent;</strong></span> <span class='ocrx_word' id='word_1_651' title='bbox 3530 3561 3626 3615; x_wconf 90' lang='lat' dir='ltr'><strong>sed</strong></span> 
     </span>
    </p>
   </div>
   <div class='ocr_carea' id='block_1_96' title="bbox 2038 3646 3629 3721">
    <p class='ocr_par' dir='ltr' id='par_1_96' title="bbox 2038 3646 3629 3721">
     <span class='ocr_line' id='line_1_96' title="bbox 2038 3646 3629 3721; baseline 0.001 -17"><span class='ocrx_word' id='word_1_652' title='bbox 2038 3648 2158 3704; x_wconf 87' lang='lat' dir='ltr'><strong>illas</strong></span> <span class='ocrx_word' id='word_1_653' title='bbox 2194 3658 2254 3704; x_wconf 88' lang='lat' dir='ltr'><strong>ut</strong></span> <span class='ocrx_word' id='word_1_654' title='bbox 2281 3646 2391 3703; x_wconf 82' lang='lat' dir='ltr'><strong>fors</strong></span> <span class='ocrx_word' id='word_1_655' title='bbox 2419 3647 2621 3703; x_wconf 83' lang='lat' dir='ltr'><strong>ferebat</strong></span> <span class='ocrx_word' id='word_1_656' title='bbox 2654 3647 2932 3714; x_wconf 87' lang='lat' dir='ltr'><strong>locabant,</strong></span> <span class='ocrx_word' id='word_1_657' title='bbox 2972 3648 3040 3705; x_wconf 88' lang='lat' dir='ltr'><strong>ab</strong></span> <span class='ocrx_word' id='word_1_658' title='bbox 3068 3650 3168 3717; x_wconf 91' lang='lat' dir='ltr'><strong>iis,</strong></span> <span class='ocrx_word' id='word_1_659' title='bbox 3208 3664 3328 3721; x_wconf 70' lang='lat' dir='ltr'><strong>qua:</strong></span> <span class='ocrx_word' id='word_1_660' title='bbox 3357 3665 3461 3704; x_wconf 88' lang='lat' dir='ltr'><strong>una</strong></span> <span class='ocrx_word' id='word_1_661' title='bbox 3486 3651 3629 3705; x_wconf 78' lang='lat' dir='ltr'><strong>serie</strong></span> 
     </span>
    </p>
   </div>
   <div class='ocr_carea' id='block_1_97' title="bbox 2038 3739 3629 3812">
    <p class='ocr_par' dir='ltr' id='par_1_97' title="bbox 2038 3739 3629 3812">
     <span class='ocr_line' id='line_1_97' title="bbox 2038 3739 3629 3812; baseline 0.001 -17"><span class='ocrx_word' id='word_1_662' title='bbox 2038 3740 2164 3812; x_wconf 90' lang='lat' dir='ltr'><strong>poni</strong></span> <span class='ocrx_word' id='word_1_663' title='bbox 2205 3740 2540 3804; x_wconf 88' lang='lat' dir='ltr'><strong>debuerant,</strong></span> <span class='ocrx_word' id='word_1_664' title='bbox 2583 3739 2741 3812; x_wconf 84' lang='lat' dir='ltr'><strong>longo</strong></span> <span class='ocrx_word' id='word_1_665' title='bbox 2784 3741 2956 3810; x_wconf 76' lang='lat' dir='ltr'><strong>Spatia</strong></span> <span class='ocrx_word' id='word_1_666' title='bbox 2997 3740 3311 3812; x_wconf 69' lang='lat' dir='ltr'><strong>disiunctas.</strong></span> <span class='ocrx_word' id='word_1_667' title='bbox 3358 3741 3433 3796; x_wconf 88' lang='lat' dir='ltr'><strong>Ea</strong></span> <span class='ocrx_word' id='word_1_668' title='bbox 3460 3741 3528 3797; x_wconf 92' lang='lat' dir='ltr'><strong>de</strong></span> <span class='ocrx_word' id='word_1_669' title='bbox 3560 3757 3629 3797; x_wconf 75' lang='lat' dir='ltr'><strong>re</strong></span> 
     </span>
    </p>
   </div>
   <div class='ocr_carea' id='block_1_98' title="bbox 2038 3830 3628 3902">
    <p class='ocr_par' dir='ltr' id='par_1_98' title="bbox 2038 3830 3628 3902">
     <span class='ocr_line' id='line_1_98' title="bbox 2038 3830 3628 3902; baseline 0.001 -17"><span class='ocrx_word' id='word_1_670' title='bbox 2038 3831 2269 3891; x_wconf 81' lang='lat' dir='ltr'><strong>veroilli</strong></span> <span class='ocrx_word' id='word_1_671' title='bbox 2294 3830 2581 3902; x_wconf 91' lang='lat' dir='ltr'><strong>aliquando</strong></span> <span class='ocrx_word' id='word_1_672' title='bbox 2608 3834 2659 3886; x_wconf 91' lang='lat' dir='ltr'><strong>in</strong></span> <span class='ocrx_word' id='word_1_673' title='bbox 2700 3831 2843 3887; x_wconf 89' lang='lat' dir='ltr'><strong>notis</strong></span> <span class='ocrx_word' id='word_1_674' title='bbox 2869 3840 3220 3901; x_wconf 85' lang='lat' dir='ltr'><strong>monuerunt,</strong></span> <span class='ocrx_word' id='word_1_675' title='bbox 3253 3833 3340 3887; x_wconf 84' lang='lat' dir='ltr'><strong>ubi</strong></span> <span class='ocrx_word' id='word_1_676' title='bbox 3368 3841 3628 3888; x_wconf 89' lang='lat' dir='ltr'><strong>mutatum</strong></span> 
     </span>
    </p>
   </div>
   <div class='ocr_carea' id='block_1_99' title="bbox 2040 3921 3629 3994">
    <p class='ocr_par' dir='ltr' id='par_1_99' title="bbox 2040 3921 3629 3994">
     <span class='ocr_line' id='line_1_99' title="bbox 2040 3921 3629 3994; baseline 0.001 -16"><span class='ocrx_word' id='word_1_677' title='bbox 2040 3937 2262 3994; x_wconf 88' lang='lat' dir='ltr'><strong>operum</strong></span> <span class='ocrx_word' id='word_1_678' title='bbox 2299 3923 2458 3978; x_wconf 92' lang='lat' dir='ltr'><strong>situm</strong></span> <span class='ocrx_word' id='word_1_679' title='bbox 2488 3921 3008 3988; x_wconf 85' lang='lat' dir='ltr'><strong>animadverteram;</strong></span> <span class='ocrx_word' id='word_1_680' title='bbox 3040 3924 3234 3994; x_wconf 64' lang='lat' dir='ltr'><strong>saepius</strong></span> <span class='ocrx_word' id='word_1_681' title='bbox 3274 3931 3449 3978; x_wconf 88' lang='lat' dir='ltr'><strong>autem</strong></span> <span class='ocrx_word' id='word_1_682' title='bbox 3482 3924 3629 3979; x_wconf 88' lang='lat' dir='ltr'><strong>iHum</strong></span> 
     </span>
    </p>
   </div>
   <div class='ocr_carea' id='block_1_100' title="bbox 2024 4008 3630 4086">
    <p class='ocr_par' dir='ltr' id='par_1_100' title="bbox 2024 4008 3630 4086">
     <span class='ocr_line' id='line_1_100' title="bbox 2024 4008 3630 4086; baseline -0.001 -16"><span class='ocrx_word' id='word_1_683' title='bbox 2024 4008 2427 4086; x_wconf 58' lang='lat' dir='ltr'><strong>&#39;prteposterum</strong></span> <span class='ocrx_word' id='word_1_684' title='bbox 2487 4012 2730 4068; x_wconf 87' lang='lat' dir='ltr'><strong>ordinem</strong></span> <span class='ocrx_word' id='word_1_685' title='bbox 2780 4014 3085 4068; x_wconf 85' lang='lat' dir='ltr'><strong>nullatenus</strong></span> <span class='ocrx_word' id='word_1_686' title='bbox 3127 4023 3429 4068; x_wconf 79' lang='lat' dir='ltr'><strong>senserunt.</strong></span> <span class='ocrx_word' id='word_1_687' title='bbox 3481 4014 3630 4068; x_wconf 88' lang='lat' dir='ltr'><strong>Illam</strong></span> 
     </span>
    </p>
   </div>
   <div class='ocr_carea' id='block_1_101' title="bbox 2041 4094 3634 4179">
    <p class='ocr_par' dir='ltr' id='par_1_101' title="bbox 2041 4094 3634 4179">
     <span class='ocr_line' id='line_1_101' title="bbox 2041 4094 3634 4179; baseline -0.001 -17"><span class='ocrx_word' id='word_1_688' title='bbox 2041 4094 2172 4165; x_wconf 76' lang='lat' dir='ltr'><strong>vero</strong></span> <span class='ocrx_word' id='word_1_689' title='bbox 2199 4107 2466 4179; x_wconf 86' lang='lat' dir='ltr'><strong>propriam</strong></span> <span class='ocrx_word' id='word_1_690' title='bbox 2498 4107 2692 4161; x_wconf 89' lang='lat' dir='ltr'><strong>seriem</strong></span> <span class='ocrx_word' id='word_1_691' title='bbox 2722 4121 2826 4160; x_wconf 88' lang='lat' dir='ltr'><strong>non</strong></span> <span class='ocrx_word' id='word_1_692' title='bbox 2865 4120 2929 4161; x_wconf 92' lang='lat' dir='ltr'><strong>ex</strong></span> <span class='ocrx_word' id='word_1_693' title='bbox 2961 4117 3278 4177; x_wconf 85' lang='lat' dir='ltr'><strong>argumento</strong></span> <span class='ocrx_word' id='word_1_694' title='bbox 3309 4094 3525 4162; x_wconf 56' lang='lat' dir='ltr'><strong>tantutn&#39;</strong></span> <span class='ocrx_word' id='word_1_695' title='bbox 3546 4120 3634 4161; x_wconf 80' lang='lat' dir='ltr'><strong>as-</strong></span> 
     </span>
    </p>
   </div>
   <div class='ocr_carea' id='block_1_102' title="bbox 2042 4194 3633 4272">
    <p class='ocr_par' dir='ltr' id='par_1_102' title="bbox 2042 4194 3633 4272">
     <span class='ocr_line' id='line_1_102' title="bbox 2042 4194 3633 4272; baseline -0.003 -18"><span class='ocrx_word' id='word_1_696' title='bbox 2042 4198 2193 4272; x_wconf 90' lang='lat' dir='ltr'><strong>sequi</strong></span> <span class='ocrx_word' id='word_1_697' title='bbox 2238 4210 2552 4269; x_wconf 88' lang='lat' dir='ltr'><strong>possnmus,</strong></span> <span class='ocrx_word' id='word_1_698' title='bbox 2592 4194 2686 4251; x_wconf 86' lang='lat' dir='ltr'><strong>sed</strong></span> <span class='ocrx_word' id='word_1_699' title='bbox 2729 4196 2889 4252; x_wconf 88' lang='lat' dir='ltr'><strong>etiam</strong></span> <span class='ocrx_word' id='word_1_700' title='bbox 2938 4196 3246 4264; x_wconf 81' lang='lat' dir='ltr'><strong>frequenter</strong></span> <span class='ocrx_word' id='word_1_701' title='bbox 3287 4212 3358 4253; x_wconf 86' lang='lat' dir='ltr'><strong>ex</strong></span> <span class='ocrx_word' id='word_1_702' title='bbox 3398 4194 3633 4268; x_wconf 80' lang='lat' dir='ltr'><strong>Chryso-</strong></span> 
     </span>
    </p>
   </div>
   <div class='ocr_carea' id='block_1_103' title="bbox 2042 4287 3638 4360">
    <p class='ocr_par' dir='ltr' id='par_1_103' title="bbox 2042 4287 3638 4360">
     <span class='ocr_line' id='line_1_103' title="bbox 2042 4287 3638 4360; baseline -0.006 -11"><span class='ocrx_word' id='word_1_703' title='bbox 2042 4291 2200 4348; x_wconf 87' lang='lat' dir='ltr'><strong>stomi</strong></span> <span class='ocrx_word' id='word_1_704' title='bbox 2224 4289 2517 4360; x_wconf 76' lang='lat' dir='ltr'><strong>procemiis,</strong></span> <span class='ocrx_word' id='word_1_705' title='bbox 2543 4287 2631 4342; x_wconf 90' lang='lat' dir='ltr'><strong>ubi</strong></span> <span class='ocrx_word' id='word_1_706' title='bbox 2658 4288 2851 4358; x_wconf 88' lang='lat' dir='ltr'><strong>prioris</strong></span> <span class='ocrx_word' id='word_1_707' title='bbox 2877 4288 3110 4343; x_wconf 72' lang='lat' dir='ltr'><strong>homilire</strong></span> <span class='ocrx_word' id='word_1_708' title='bbox 3141 4287 3420 4360; x_wconf 86' lang='lat' dir='ltr'><strong>hypothesi</strong></span> <span class='ocrx_word' id='word_1_709' title='bbox 3447 4301 3506 4342; x_wconf 89' lang='lat' dir='ltr'><strong>se</strong></span> <span class='ocrx_word' id='word_1_710' title='bbox 3538 4287 3638 4341; x_wconf 86' lang='lat' dir='ltr'><strong>ad-</strong></span> 
     </span>
    </p>
   </div>
   <div class='ocr_carea' id='block_1_104' title="bbox 2044 4379 3634 4452">
    <p class='ocr_par' dir='ltr' id='par_1_104' title="bbox 2044 4379 3634 4452">
     <span class='ocr_line' id='line_1_104' title="bbox 2044 4379 3634 4452; baseline -0.004 -14"><span class='ocrx_word' id='word_1_711' title='bbox 2044 4382 2151 4438; x_wconf 81' lang='lat' dir='ltr'><strong>huc</strong></span> <span class='ocrx_word' id='word_1_712' title='bbox 2178 4382 2230 4437; x_wconf 92' lang='lat' dir='ltr'><strong>in</strong></span> <span class='ocrx_word' id='word_1_713' title='bbox 2269 4380 2568 4452; x_wconf 89' lang='lat' dir='ltr'><strong>posteriore</strong></span> <span class='ocrx_word' id='word_1_714' title='bbox 2594 4380 2799 4436; x_wconf 77' lang='lat' dir='ltr'><strong>lnerere</strong></span> <span class='ocrx_word' id='word_1_715' title='bbox 2838 4380 3171 4448; x_wconf 81' lang='lat' dir='ltr'><strong>testiﬁcatur,</strong></span> <span class='ocrx_word' id='word_1_716' title='bbox 3198 4379 3283 4434; x_wconf 86' lang='lat' dir='ltr'><strong>vel</strong></span> <span class='ocrx_word' id='word_1_717' title='bbox 3311 4379 3471 4434; x_wconf 88' lang='lat' dir='ltr'><strong>etiam</strong></span> <span class='ocrx_word' id='word_1_718' title='bbox 3510 4392 3634 4433; x_wconf 90' lang='lat' dir='ltr'><strong>cum</strong></span> 
     </span>
    </p>
   </div>
   <div class='ocr_carea' id='block_1_105' title="bbox 2046 4469 3632 4528">
    <p class='ocr_par' dir='ltr' id='par_1_105' title="bbox 2046 4469 3632 4528">
     <span class='ocr_line' id='line_1_105' title="bbox 2046 4469 3632 4528; baseline -0.003 0"><span class='ocrx_word' id='word_1_719' title='bbox 2046 4472 2240 4528; x_wconf 90' lang='lat' dir='ltr'><strong>multas</strong></span> <span class='ocrx_word' id='word_1_720' title='bbox 2284 4480 2565 4528; x_wconf 89' lang='lat' dir='ltr'><strong>enumerat</strong></span> <span class='ocrx_word' id='word_1_721' title='bbox 2588 4481 2737 4527; x_wconf 90' lang='lat' dir='ltr'><strong>certo</strong></span> <span class='ocrx_word' id='word_1_722' title='bbox 2763 4470 2953 4527; x_wconf 91' lang='lat' dir='ltr'><strong>ordine</strong></span> <span class='ocrx_word' id='word_1_723' title='bbox 2991 4470 3178 4527; x_wconf 85' lang='lat' dir='ltr'><strong>eadem</strong></span> <span class='ocrx_word' id='word_1_724' title='bbox 3213 4469 3281 4525; x_wconf 91' lang='lat' dir='ltr'><strong>de</strong></span> <span class='ocrx_word' id='word_1_725' title='bbox 3308 4485 3367 4525; x_wconf 91' lang='lat' dir='ltr'><strong>re</strong></span> <span class='ocrx_word' id='word_1_726' title='bbox 3401 4469 3632 4525; x_wconf 85' lang='lat' dir='ltr'><strong>habitas.</strong></span> 
     </span>
    </p>
   </div>
   <div class='ocr_carea' id='block_1_106' title="bbox 2043 4559 3635 4633">
    <p class='ocr_par' dir='ltr' id='par_1_106' title="bbox 2043 4559 3635 4633">
     <span class='ocr_line' id='line_1_106' title="bbox 2043 4559 3635 4633; baseline -0.003 -14"><span class='ocrx_word' id='word_1_727' title='bbox 2043 4562 2179 4629; x_wconf 76' lang='lat' dir='ltr'><strong>Nam</strong></span> <span class='ocrx_word' id='word_1_728' title='bbox 2212 4562 2351 4618; x_wconf 85' lang='lat' dir='ltr'><strong>solet</strong></span> <span class='ocrx_word' id='word_1_729' title='bbox 2378 4562 2470 4626; x_wconf 89' lang='lat' dir='ltr'><strong>ille</strong></span> <span class='ocrx_word' id='word_1_730' title='bbox 2498 4570 2867 4633; x_wconf 76' lang='lat' dir='ltr'><strong>argumentum</strong></span> <span class='ocrx_word' id='word_1_731' title='bbox 2907 4561 3061 4629; x_wconf 76' lang='lat' dir='ltr'><strong>idem</strong></span> <span class='ocrx_word' id='word_1_732' title='bbox 3091 4561 3145 4627; x_wconf 84' lang='lat' dir='ltr'><strong>in</strong></span> <span class='ocrx_word' id='word_1_733' title='bbox 3187 4559 3367 4625; x_wconf 86' lang='lat' dir='ltr'><strong>multis</strong></span> <span class='ocrx_word' id='word_1_734' title='bbox 3400 4560 3635 4616; x_wconf 90' lang='lat' dir='ltr'><strong>homiliis</strong></span> 
     </span>
    </p>
   </div>
   <div class='ocr_carea' id='block_1_107' title="bbox 2046 4651 3633 4727">
    <p class='ocr_par' dir='ltr' id='par_1_107' title="bbox 2046 4651 3633 4727">
     <span class='ocr_line' id='line_1_107' title="bbox 2046 4651 3633 4727; baseline -0.004 -14"><span class='ocrx_word' id='word_1_735' title='bbox 2046 4664 2408 4727; x_wconf 76' lang='lat' dir='ltr'><strong>pertractare;</strong></span> <span class='ocrx_word' id='word_1_736' title='bbox 2438 4655 2510 4711; x_wconf 91' lang='lat' dir='ltr'><strong>ita</strong></span> <span class='ocrx_word' id='word_1_737' title='bbox 2550 4664 2608 4710; x_wconf 93' lang='lat' dir='ltr'><strong>ut</strong></span> <span class='ocrx_word' id='word_1_738' title='bbox 2631 4669 2751 4726; x_wconf 69' lang='lat' dir='ltr'><strong>qua:</strong></span> <span class='ocrx_word' id='word_1_739' title='bbox 2788 4653 3038 4719; x_wconf 77' lang='lat' dir='ltr'><strong>dicuntur</strong></span> <span class='ocrx_word' id='word_1_740' title='bbox 3062 4652 3115 4711; x_wconf 88' lang='lat' dir='ltr'><strong>in</strong></span> <span class='ocrx_word' id='word_1_741' title='bbox 3141 4651 3315 4725; x_wconf 79' lang='lat' dir='ltr'><strong>aliqua</strong></span> <span class='ocrx_word' id='word_1_742' title='bbox 3342 4651 3633 4719; x_wconf 86' lang='lat' dir='ltr'><strong>concione,</strong></span> 
     </span>
    </p>
   </div>
   <div class='ocr_carea' id='block_1_108' title="bbox 2045 4742 3635 4822">
    <p class='ocr_par' dir='ltr' id='par_1_108' title="bbox 2045 4742 3635 4822">
     <span class='ocr_line' id='line_1_108' title="bbox 2045 4742 3635 4822; baseline -0.005 -17"><span class='ocrx_word' id='word_1_743' title='bbox 2045 4760 2166 4818; x_wconf 79' lang='lat' dir='ltr'><strong>eum</strong></span> <span class='ocrx_word' id='word_1_744' title='bbox 2196 4755 2452 4822; x_wconf 82' lang='lat' dir='ltr'><strong>sequente</strong></span> <span class='ocrx_word' id='word_1_745' title='bbox 2489 4745 2830 4813; x_wconf 69' lang='lat' dir='ltr'><strong>cohaereant,</strong></span> <span class='ocrx_word' id='word_1_746' title='bbox 2874 4755 2929 4809; x_wconf 88' lang='lat' dir='ltr'><strong>et</strong></span> <span class='ocrx_word' id='word_1_747' title='bbox 2957 4745 3035 4802; x_wconf 87' lang='lat' dir='ltr'><strong>sic</strong></span> <span class='ocrx_word' id='word_1_748' title='bbox 3078 4758 3201 4815; x_wconf 75' lang='lat' dir='ltr'><strong>eum</strong></span> <span class='ocrx_word' id='word_1_749' title='bbox 3241 4742 3511 4821; x_wconf 62' lang='lat' dir='ltr'><strong>pleristlue</strong></span> <span class='ocrx_word' id='word_1_750' title='bbox 3539 4758 3635 4812; x_wconf 89' lang='lat' dir='ltr'><strong>po-</strong></span> 
     </span>
    </p>
   </div>
   <div class='ocr_carea' id='block_1_109' title="bbox 2044 4834 3634 4909">
    <p class='ocr_par' dir='ltr' id='par_1_109' title="bbox 2044 4834 3634 4909">
     <span class='ocr_line' id='line_1_109' title="bbox 2044 4834 3634 4909; baseline -0.002 -16"><span class='ocrx_word' id='word_1_751' title='bbox 2044 4838 2361 4907; x_wconf 68' lang='lat' dir='ltr'><strong>sterioribus</strong></span> <span class='ocrx_word' id='word_1_752' title='bbox 2389 4838 2539 4909; x_wconf 88' lang='lat' dir='ltr'><strong>quasi</strong></span> <span class='ocrx_word' id='word_1_753' title='bbox 2576 4845 2819 4903; x_wconf 80' lang='lat' dir='ltr'><strong>catenam</strong></span> <span class='ocrx_word' id='word_1_754' title='bbox 2861 4836 3113 4905; x_wconf 72' lang='lat' dir='ltr'><strong>efﬁciant,</strong></span> <span class='ocrx_word' id='word_1_755' title='bbox 3147 4835 3270 4900; x_wconf 72' lang='lat' dir='ltr'><strong>litee</strong></span> <span class='ocrx_word' id='word_1_756' title='bbox 3294 4834 3634 4892; x_wconf 85' lang='lat' dir='ltr'><strong>homiliarum</strong></span> 
     </span>
    </p>
   </div>
   <div class='ocr_carea' id='block_1_110' title="bbox 2048 4926 3635 5006">
    <p class='ocr_par' dir='ltr' id='par_1_110' title="bbox 2048 4926 3635 5006">
     <span class='ocr_line' id='line_1_110' title="bbox 2048 4926 3635 5006; baseline -0.003 -19"><span class='ocrx_word' id='word_1_757' title='bbox 2048 4930 2389 5006; x_wconf 71' lang='lat' dir='ltr'><strong>perturbatio.</strong></span> <span class='ocrx_word' id='word_1_758' title='bbox 2404 4929 2542 4999; x_wconf 75' lang='lat' dir='ltr'><strong>apud</strong></span> <span class='ocrx_word' id='word_1_759' title='bbox 2566 4928 2820 4986; x_wconf 89' lang='lat' dir='ltr'><strong>Savilium</strong></span> <span class='ocrx_word' id='word_1_760' title='bbox 2839 4970 2855 4998; x_wconf 86' lang='lat'><strong>,</strong></span> <span class='ocrx_word' id='word_1_761' title='bbox 2885 4928 2980 4984; x_wconf 87' lang='lat' dir='ltr'><strong>sed</strong></span> <span class='ocrx_word' id='word_1_762' title='bbox 3016 4929 3212 5000; x_wconf 70' lang='lat' dir='ltr'><strong>smpius</strong></span> <span class='ocrx_word' id='word_1_763' title='bbox 3236 4927 3376 4999; x_wconf 89' lang='lat' dir='ltr'><strong>apud</strong></span> <span class='ocrx_word' id='word_1_764' title='bbox 3402 4926 3635 4989; x_wconf 80' lang='lat' dir='ltr'><strong>Fronto-</strong></span> 
     </span>
    </p>
   </div>
   <div class='ocr_carea' id='block_1_111' title="bbox 2050 5018 3637 5091">
    <p class='ocr_par' dir='ltr' id='par_1_111' title="bbox 2050 5018 3637 5091">
     <span class='ocr_line' id='line_1_111' title="bbox 2050 5018 3637 5091; baseline -0.003 -12"><span class='ocrx_word' id='word_1_765' title='bbox 2050 5038 2171 5083; x_wconf 88' lang='lat' dir='ltr'><strong>nem</strong></span> <span class='ocrx_word' id='word_1_766' title='bbox 2212 5023 2461 5090; x_wconf 72' lang='lat' dir='ltr'><strong>Ducmutn</strong></span> <span class='ocrx_word' id='word_1_767' title='bbox 2505 5021 2839 5091; x_wconf 72' lang='lat' dir='ltr'><strong>observatur.</strong></span> <span class='ocrx_word' id='word_1_768' title='bbox 2885 5020 3130 5091; x_wconf 76' lang='lat' dir='ltr'><strong>Homiiia:</strong></span> <span class='ocrx_word' id='word_1_769' title='bbox 3170 5020 3318 5083; x_wconf 77' lang='lat' dir='ltr'><strong>verbi</strong></span> <span class='ocrx_word' id='word_1_770' title='bbox 3357 5019 3527 5090; x_wconf 88' lang='lat' dir='ltr'><strong>gratia</strong></span> <span class='ocrx_word' id='word_1_771' title='bbox 3567 5018 3637 5079; x_wconf 85' lang='lat' dir='ltr'><strong>de</strong></span> 
     </span>
    </p>
   </div>
   <div class='ocr_carea' id='block_1_112' title="bbox 2048 5112 3635 5186">
    <p class='ocr_par' dir='ltr' id='par_1_112' title="bbox 2048 5112 3635 5186">
     <span class='ocr_line' id='line_1_112' title="bbox 2048 5112 3635 5186; baseline -0.002 -16"><span class='ocrx_word' id='word_1_772' title='bbox 2048 5113 2659 5186; x_wconf 68' lang='lat' dir='ltr'><strong>lucompnchensibiliet</strong></span> <span class='ocrx_word' id='word_1_773' title='bbox 2682 5124 2871 5175; x_wconf 85' lang='lat' dir='ltr'><strong>contra</strong></span> <span class='ocrx_word' id='word_1_774' title='bbox 2908 5115 3234 5181; x_wconf 74' lang='lat' dir='ltr'><strong>Anomteos,</strong></span> <span class='ocrx_word' id='word_1_775' title='bbox 3276 5113 3485 5184; x_wconf 76' lang='lat' dir='ltr'><strong>priores</strong></span> <span class='ocrx_word' id='word_1_776' title='bbox 3513 5112 3635 5183; x_wconf 84' lang='lat' dir='ltr'><strong>qui-</strong></span> 
     </span>
    </p>
   </div>
   <div class='ocr_carea' id='block_1_113' title="bbox 2048 5205 3636 5278">
    <p class='ocr_par' dir='ltr' id='par_1_113' title="bbox 2048 5205 3636 5278">
     <span class='ocr_line' id='line_1_113' title="bbox 2048 5205 3636 5278; baseline -0.003 -13"><span class='ocrx_word' id='word_1_777' title='bbox 2048 5208 2171 5265; x_wconf 89' lang='lat' dir='ltr'><strong>dem</strong></span> <span class='ocrx_word' id='word_1_778' title='bbox 2214 5222 2326 5273; x_wconf 70' lang='lat' dir='ltr'><strong>una,</strong></span> <span class='ocrx_word' id='word_1_779' title='bbox 2357 5214 2413 5263; x_wconf 91' lang='lat' dir='ltr'><strong>et</strong></span> <span class='ocrx_word' id='word_1_780' title='bbox 2452 5207 2626 5277; x_wconf 84' lang='lat' dir='ltr'><strong>nativa</strong></span> <span class='ocrx_word' id='word_1_781' title='bbox 2667 5208 2806 5262; x_wconf 89' lang='lat' dir='ltr'><strong>serie</strong></span> <span class='ocrx_word' id='word_1_782' title='bbox 2843 5214 3132 5278; x_wconf 78' lang='lat' dir='ltr'><strong>ponuntur,</strong></span> <span class='ocrx_word' id='word_1_783' title='bbox 3177 5205 3271 5262; x_wconf 92' lang='lat' dir='ltr'><strong>sed</strong></span> <span class='ocrx_word' id='word_1_784' title='bbox 3312 5205 3636 5277; x_wconf 76' lang='lat' dir='ltr'><strong>posteriores</strong></span> 
     </span>
    </p>
   </div>
   <div class='ocr_carea' id='block_1_114' title="bbox 2050 5296 3633 5375">
    <p class='ocr_par' dir='ltr' id='par_1_114' title="bbox 2050 5296 3633 5375">
     <span class='ocr_line' id='line_1_114' title="bbox 2050 5296 3633 5375; baseline -0.004 -19"><span class='ocrx_word' id='word_1_785' title='bbox 2050 5300 2320 5357; x_wconf 67' lang='lat' dir='ltr'><strong>distracta:</strong></span> <span class='ocrx_word' id='word_1_786' title='bbox 2361 5307 2487 5365; x_wconf 88' lang='lat' dir='ltr'><strong>sunt</strong></span> <span class='ocrx_word' id='word_1_787' title='bbox 2528 5308 2582 5355; x_wconf 89' lang='lat' dir='ltr'><strong>et</strong></span> <span class='ocrx_word' id='word_1_788' title='bbox 2628 5298 2811 5369; x_wconf 86' lang='lat' dir='ltr'><strong>procul</strong></span> <span class='ocrx_word' id='word_1_789' title='bbox 2861 5299 3046 5375; x_wconf 64' lang='lat' dir='ltr'><strong>positae</strong></span> <span class='ocrx_word' id='word_1_790' title='bbox 3092 5298 3146 5355; x_wconf 88' lang='lat' dir='ltr'><strong>in</strong></span> <span class='ocrx_word' id='word_1_791' title='bbox 3194 5306 3423 5369; x_wconf 88' lang='lat' dir='ltr'><strong>utroque</strong></span> <span class='ocrx_word' id='word_1_792' title='bbox 3465 5296 3633 5353; x_wconf 88' lang='lat' dir='ltr'><strong>edito.</strong></span> 
     </span>
    </p>
   </div>
   <div class='ocr_carea' id='block_1_115' title="bbox 2050 5387 3635 5462">
    <p class='ocr_par' dir='ltr' id='par_1_115' title="bbox 2050 5387 3635 5462">
     <span class='ocr_line' id='line_1_115' title="bbox 2050 5387 3635 5462; baseline -0.003 -17"><span class='ocrx_word' id='word_1_793' title='bbox 2050 5391 2189 5462; x_wconf 85' lang='lat' dir='ltr'><strong>Quid</strong></span> <span class='ocrx_word' id='word_1_794' title='bbox 2230 5400 2407 5446; x_wconf 89' lang='lat' dir='ltr'><strong>autem</strong></span> <span class='ocrx_word' id='word_1_795' title='bbox 2454 5389 2577 5445; x_wconf 88' lang='lat' dir='ltr'><strong>hinc</strong></span> <span class='ocrx_word' id='word_1_796' title='bbox 2618 5389 2925 5455; x_wconf 82' lang='lat' dir='ltr'><strong>detrimenti</strong></span> <span class='ocrx_word' id='word_1_797' title='bbox 2967 5399 3204 5461; x_wconf 87' lang='lat' dir='ltr'><strong>emergat</strong></span> <span class='ocrx_word' id='word_1_798' title='bbox 3242 5387 3346 5450; x_wconf 81' lang='lat' dir='ltr'><strong>hoc</strong></span> <span class='ocrx_word' id='word_1_799' title='bbox 3387 5387 3635 5458; x_wconf 78' lang='lat' dir='ltr'><strong>exemplo</strong></span> 
     </span>
    </p>
   </div>
   <div class='ocr_carea' id='block_1_116' title="bbox 2050 5480 3639 5554">
    <p class='ocr_par' dir='ltr' id='par_1_116' title="bbox 2050 5480 3639 5554">
     <span class='ocr_line' id='line_1_116' title="bbox 2050 5480 3639 5554; baseline -0.004 -15"><span class='ocrx_word' id='word_1_800' title='bbox 2050 5483 2366 5554; x_wconf 88' lang='lat' dir='ltr'><strong>comperies.</strong></span> <span class='ocrx_word' id='word_1_801' title='bbox 2409 5482 2652 5538; x_wconf 80' lang='lat' dir='ltr'><strong>Halesius</strong></span> <span class='ocrx_word' id='word_1_802' title='bbox 2688 5482 2740 5537; x_wconf 94' lang='lat' dir='ltr'><strong>in</strong></span> <span class='ocrx_word' id='word_1_803' title='bbox 2783 5481 2933 5537; x_wconf 91' lang='lat' dir='ltr'><strong>Notis</strong></span> <span class='ocrx_word' id='word_1_804' title='bbox 2970 5480 3252 5550; x_wconf 79' lang='lat' dir='ltr'><strong>savilianis</strong></span> <span class='ocrx_word' id='word_1_805' title='bbox 3275 5494 3395 5536; x_wconf 91' lang='lat' dir='ltr'><strong>cum</strong></span> <span class='ocrx_word' id='word_1_806' title='bbox 3423 5480 3639 5551; x_wconf 85' lang='lat' dir='ltr'><strong>legisset</strong></span> 
     </span>
    </p>
   </div>
   <div class='ocr_carea' id='block_1_117' title="bbox 2053 5571 3636 5645">
    <p class='ocr_par' dir='ltr' id='par_1_117' title="bbox 2053 5571 3636 5645">
     <span class='ocr_line' id='line_1_117' title="bbox 2053 5571 3636 5645; baseline -0.003 -15"><span class='ocrx_word' id='word_1_807' title='bbox 2053 5574 2332 5632; x_wconf 84' lang='lat' dir='ltr'><strong>llomitiam</strong></span> <span class='ocrx_word' id='word_1_808' title='bbox 2360 5574 2427 5631; x_wconf 90' lang='lat' dir='ltr'><strong>de</strong></span> <span class='ocrx_word' id='word_1_809' title='bbox 2452 5572 2655 5633; x_wconf 82' lang='lat' dir='ltr'><strong>Lazaro</strong></span> <span class='ocrx_word' id='word_1_810' title='bbox 2684 5574 3039 5645; x_wconf 90' lang='lat' dir='ltr'><strong>quatriduano</strong></span> <span class='ocrx_word' id='word_1_811' title='bbox 3063 5571 3210 5635; x_wconf 85' lang='lat' dir='ltr'><strong>etde</strong></span> <span class='ocrx_word' id='word_1_812' title='bbox 3236 5571 3430 5630; x_wconf 79' lang='lat' dir='ltr'><strong>Christi</strong></span> <span class='ocrx_word' id='word_1_813' title='bbox 3461 5571 3636 5642; x_wconf 85' lang='lat' dir='ltr'><strong>preci-</strong></span> 
     </span>
    </p>
   </div>
   <div class='ocr_carea' id='block_1_118' title="bbox 2056 5665 3634 5739">
    <p class='ocr_par' dir='ltr' id='par_1_118' title="bbox 2056 5665 3634 5739">
     <span class='ocr_line' id='line_1_118' title="bbox 2056 5665 3634 5739; baseline -0.003 -14"><span class='ocrx_word' id='word_1_814' title='bbox 2056 5669 2182 5737; x_wconf 86' lang='lat' dir='ltr'><strong>bus,</strong></span> <span class='ocrx_word' id='word_1_815' title='bbox 2224 5684 2340 5739; x_wconf 74' lang='lat' dir='ltr'><strong>qua:</strong></span> <span class='ocrx_word' id='word_1_816' title='bbox 2384 5668 2521 5724; x_wconf 89' lang='lat' dir='ltr'><strong>inter</strong></span> <span class='ocrx_word' id='word_1_817' title='bbox 2560 5667 2677 5724; x_wconf 87' lang='lat' dir='ltr'><strong>illas</strong></span> <span class='ocrx_word' id='word_1_818' title='bbox 2706 5676 2888 5725; x_wconf 85' lang='lat' dir='ltr'><strong>contra</strong></span> <span class='ocrx_word' id='word_1_819' title='bbox 2918 5668 3205 5725; x_wconf 77' lang='lat' dir='ltr'><strong>Anomteos</strong></span> <span class='ocrx_word' id='word_1_820' title='bbox 3249 5665 3496 5723; x_wconf 86' lang='lat' dir='ltr'><strong>homilias</strong></span> <span class='ocrx_word' id='word_1_821' title='bbox 3526 5665 3634 5736; x_wconf 79' lang='lat' dir='ltr'><strong>jam</strong></span> 
     </span>
    </p>
   </div>
  </div>
