4038 6154
241 413 350 453 ινιι

235 523 363 564 coria
398 513 727 572 numeratur,
757 503 899 559 ilium
925 501 1318 573 Cbrysostomo
1335 498 1656 569 abjudicavit
1681 515 1694 552 :
1723 499 1816 570 qui

237 599 273 653 si
304 614 437 654 mox
461 600 670 667 legisset
700 597 844 649 illam
864 636 884 661 ,_
912 609 1028 664 qua:
1053 592 1161 662 jam
1192 591 1313 646 huic
1341 591 1606 658 cohaeret,
1636 599 1824 660 estque

236 705 464 747 numero
486 688 719 751 decima,
766 701 804 750 a
826 685 916 747 tali
947 683 1086 740 haud
1125 681 1281 736 dubie
1307 681 1506 750 judicio
1531 680 1821 736 abstinuis-

237 789 331 841 tet.
373 779 426 834 in
455 779 555 833 hac
580 779 778 848 quippe
804 775 1126 846 posteriore,
1146 790 1263 844 qua:
1289 773 1419 828 nulli
1447 773 1546 830 fuit
1572 787 1821 842 umquam

237 871 524 942 suspicioni
560 869 820 933 obnoxia,
863 867 1050 924 eadem
1097 880 1239 935 saepe
1276 866 1468 935 repetit
1505 863 1826 936 Chrysosto-

237 980 377 1029 mus,
409 978 529 1032 qua:
552 963 602 1015 in
631 961 795 1030 priori
822 959 1050 1024 dixerat,
1079 973 1242 1028 seque
1269 957 1320 1010 in
1347 956 1432 1011 illa
1459 955 1656 1010 dixisse
1675 969 1828 1009 com-

237 1063 522 1108 memorat.
567 1053 763 1106 Verum
809 1051 930 1120 quia
978 1050 1123 1119 prior
1168 1057 1312 1103 tomo
1355 1047 1540 1118 quinto
1583 1045 1825 1114 iacebat,

237 1145 505 1213 posterior
532 1157 658 1196 vero
685 1150 831 1195 tomo
857 1150 1008 1195 sexto
1039 1148 1157 1209 post
1179 1148 1436 1194 centenas
1462 1137 1627 1191 ferme
1658 1137 1826 1191 inter-

238 1212 461 1302 positus,
487 1248 592 1292 non
619 1231 852 1308 advertit
877 1229 1143 1293 l‘lalesins,
1171 1229 1225 1283 in
1251 1229 1349 1283 hac
1370 1227 1649 1298 posteriori
1679 1227 1829 1297 prio-
1866 1212 1880 1225 ’

237 1324 312 1386 ris
359 1321 688 1393 audientiam
733 1319 1002 1384 asscri,ln
1032 1319 1262 1377 editione
1312 1319 1506 1387 pariter
1549 1315 1834 1372 Frontonis

243 1407 418 1466 Ιῐιιωεὶ
463 1413 545 1469 ha.-
574 1411 808 1468 llomilias
852 1411 1010 1480 longo
1053 1409 1329 1464 intervallo
1367 1407 1647 1476 disiunctae
1689 1413 1833 1460 sunt.

242 1504 526 1573 Vulgatum
558 1517 688 1555 sane
730 1509 844 1566 est,
894 1516 1013 1570 qua:
1043 1499 1336 1569 peregrinis
1377 1499 1430 1553 in
1473 1499 1606 1552 locis
1629 1505 1838 1552 exstant

243 1596 585 1666 peregrinum
615 1595 796 1661 olere,
824 1603 879 1649 et
919 1607 1310 1664 quamcumque
1340 1608 1452 1646 rem
1497 1591 1706 1646 nonnisi
1739 1605 1840 1646 suo

245 1687 367 1740 loco
409 1700 535 1739 suas
565 1694 738 1753 partes
767 1683 988 1754 implere
1027 1697 1203 1751 posse.
1248 1683 1434 1738 Parem
1477 1681 1839 1752 perturbatio-

248 1792 376 1832 nem
399 1777 766 1845 deprehendas
793 1777 843 1830 in
866 1775 1112 1830 Homiliis
1137 1784 1323 1830 contra
1353 1775 1585 1841 Judazos,
1616 1791 1840 1845 quarum

245 1867 559 1922 secundant
627 1875 684 1920 et
756 1865 961 1922 tertiam
1007 1867 1194 1937 quinto
1240 1875 1382 1921 tumo
1424 1868 1600 1936 posuit
1641 1866 1841 1921 Fronto

246 1957 517 2023 Πυθίους,
547 1970 639 2012 sex
685 1971 810 2010 vero
849 1956 1079 2026 reliquas
1122 1955 1294 2026 primo
1339 1955 1686 2026 tomozquod
1739 1955 1842 2014 nisi

247 2048 560 2102 advertatur
599 2056 850 2118 quautam
893 2047 946 2100 in
986 2045 1323 2115 cbronologia
1357 2045 1523 2115 pariat
1560 2045 1841 2114 caliginem

246 2138 378 2208 vide
403 2138 479 2204 sis
504 2138 554 2192 in
577 2137 781 2201 monito
808 2145 989 2196 nostro
1009 2136 1075 2195 ad
1116 2135 1372 2200 llomilias
1399 2143 1582 2196 contra
1607 2134 1840 2190 Judzeos.

250 2229 377 2296 Pari
402 2227 560 2283 modo
587 2227 868 2296 disjunctte
894 2227 1105 2288 fuerant
1129 2225 1362 2284 humilia:
1391 2233 1498 2280 tres
1523 2223 1592 2282 de
1627 2224 1845 2280 Diabolo

253 2325 552 2388 tentatore,
587 2330 719 2386 quas
749 2331 848 2371 suo
869 2315 1055 2370 ordine
1085 2315 1143 2378 in
1167 2313 1266 2368 hac
1287 2313 1522 2370 editione
1550 2314 1832 2385 posuimus.

254 2407 386 2460 llzec
416 2407 467 2459 in
498 2406 670 2476 primo
699 2418 752 2460 et
773 2405 1010 2460 secundo
1039 2413 1205 2458 tomo.
1233 2391 1236 2396 ’

331 2496 410 2569 Ex
441 2498 595 2551 tertio
627 2503 774 2551 tomo
809 2495 952 2562 aliud
981 2494 1282 2564 exemplum
1321 2493 1664 2564 proferimus.
1700 2493 1847 2552 Lou-

255 2605 379 2658 gam
442 2589 636 2642 seriem
690 2587 1026 2641 homiliarum
1089 2585 1346 2640 habuerat
1398 2583 1846 2656 Chrysostomus,

256 2696 484 2762 quarum
511 2680 600 2735 ille
629 2679 872 2733 ordinem
895 2679 963 2732 ita
989 2679 1134 2733 clare
1159 2693 1266 2734 non
1294 2677 1461 2734 semel
1491 2678 1760 2743 enuntiat,
1789 2685 1847 2732 ut

163 2780 170 2785 '
257 2788 331 2841 ne
355 2772 441 2826 vel
483 2772 763 2825 minimum
798 2771 944 2838 dubii
979 2769 1046 2825 de
1087 2770 1275 2828 ordine
1313 2785 1594 2840 superesse
1637 2769 1847 2839 possit:

258 2864 334 2916 ita
360 2877 488 2916 vero
513 2862 785 2931 diSpositze
811 2869 964 2916 erant
991 2861 1093 2915 illa:
1120 2862 1404 2918 conciones
1424 2903 1440 2928 ,
1480 2869 1542 2917 ut
1585 2860 1851 2930 posterior

259 2951 460 3020 prioris
487 2967 700 3021 semper
727 2960 1096 3021 argumentum
1125 2958 1554 3021 prosequeretur.
1583 2952 1854 3020 Erantque

261 3044 368 3113 iilze
395 3059 622 3098 numero
650 3059 864 3110 novem,
889 3059 1111 3113 quarum
1139 3044 1370 3113 quinque
1394 3044 1598 3119 priores
1623 3043 1676 3098 in
1697 3041 1855 3098 Prin-

260 3134 458 3202 cipiunt
476 3133 714 3187 Actorum
730 3134 1188 3200 inscribebantur;
1211 3144 1434 3204 quatuor
1461 3143 1640 3189 autem
1672 3143 1854 3204 poste-

263 3224 441 3293 [iores
485 3224 546 3276 de
579 3222 629 3275 Μ
638 3224 856 3276 utatione
883 3222 1160 3277 Nominum
1180 3265 1195 3290 ,
1225 3223 1504 3279 occasione
1544 3224 1856 3287 mutationis

265 3316 505 3386 nominis
543 3315 687 3370 Sauli
709 3316 758 3369 in
781 3316 1020 3371 Paulum.
1051 3317 1128 3371 Ex
1151 3317 1233 3370 bis
1251 3331 1380 3372 vero
1405 3332 1594 3371 novem
1624 3317 1856 3375 homiliis

266 3417 392 3462 octo
420 3415 631 3462 tantum
666 3407 718 3461 in
741 3418 962 3477 utraque
983 3407 1215 3463 editione
1240 3416 1552 3477 comparent
1579 3425 1592 3460 :
1624 3407 1856 3462 secunda

269 3501 412 3568 enim
435 3500 740 3567 exciderat,
773 3516 887 3570 qua:
910 3500 1018 3570 jam
1045 3509 1256 3569 reperta
1282 3509 1382 3554 est.
1401 3499 1535 3553 Octo
1549 3508 1725 3555 autem
1753 3499 1857 3554 illa:

272 3591 509 3663 humilia:
526 3601 671 3645 tomo
684 3591 868 3660 quinto
881 3590 1125 3653 editionis
1137 3589 1511 3644 Frontoniana:
1524 3589 1856 3653 exstant,scd

272 3682 540 3752 susdcque
568 3682 756 3756 positae
781 3699 796 3736 :
825 3681 995 3752 prima
1038 3697 1268 3752 namque
1305 3697 1424 3752 pag.
1457 3681 1561 3737 556
1610 3681 1861 3750 habetur,

274 3773 511 3832 secunda
551 3773 824 3827 exciderat
855 3783 909 3826 ut
945 3773 1210 3838 diximus,
1254 3772 1404 3826 tertia
1435 3789 1488 3842 p.
1521 3772 1643 3838 151,
1673 3780 1858 3841 quarta

274 3879 330 3933 pi.
358 3863 496 3928 582,
527 3863 704 3932 quinta
739 3880 790 3934 p.
823 3864 948 3926 831,
981 3871 1129 3917 Sexta
1158 3877 1210 3931 p.
1241 3863 1364 3928 544,
1393 3863 1695 3932 septima‘p.
1729 3861 1854 3927 850,

243 3939 461 4010 octava
489 3971 539 4025 p.
575 3954 697 4020 164,
722 3969 858 4008 nona
886 3970 940 4024 p.
969 3953 1092 4014 563.
1120 3953 1284 4022 Major
1307 3953 1480 4006 adhuc
1504 3952 1705 4006 ordinis
1734 3967 1859 4021 per-r

279 4049 512 4121 turbatio
539 4049 592 4102 in
627 4048 859 4102 editione
885 4047 1150 4107 Saviliana
1181 4045 1594 4115 deprehenditur
1621 4063 1634 4099 :
1667 4045 1718 4097 in
1757 4059 1862 4114 qua

279 4141 513 4194 homilize
540 4140 656 4193 ista:
687 4139 845 4192 variis
867 4139 918 4191 in
947 4137 1103 4191 tomis
1131 4137 1397 4192 distractae
1425 4144 1478 4190 et
1503 4143 1760 4205 separata:
1789 4134 1864 4188 lc-

275 4240 494 4300 guntur.
525 4228 666 4283 Cave
705 4239 881 4281 autem
910 4227 961 4281 id
988 4226 1069 4280 vel
1109 4225 1306 4281 Savilio
1333 4225 1414 4280 vel
1455 4224 1708 4279 Frontoni
1737 4223 1863 4278 vitio

275 4334 458 4379 vertas
493 4340 507 4376 :
549 4337 671 4376 nam
713 4319 1116 4390 properantibus
1164 4317 1522 4390 typograpbia:
1567 4315 1746 4385 operis
1783 4315 1864 4370 ha:

277 4415 514 4468 homilim
543 4414 830 4482 separat'm
875 4409 1232 4471 accedebant,
1278 4423 1449 4477 neque
1477 4406 1702 4464 fortasse
1744 4421 1868 4475 spa-

278 4507 411 4568 tium
451 4513 568 4560 erat
612 4504 677 4558 ad
709 4519 891 4557 earum
920 4500 1326 4556 restaurandum
1363 4499 1626 4554 ordinem.
1669 4497 1724 4552 ln
1765 4496 1866 4552 hac

279 4612 410 4653 vero
441 4606 624 4649 neStra
651 4594 884 4648 editione
915 4593 996 4647 hac
1023 4608 1210 4647 novem
1240 4591 1469 4646 homilize
1499 4590 1644 4664 (nam
1670 4605 1866 4644 secun-

277 4685 378 4752 da,
421 4701 542 4755 qua:
578 4684 807 4747 latebat,
849 4699 912 4736 ex
957 4683 1188 4737 tenebris
1229 4682 1482 4752 emersit)
1511 4696 1608 4735 suo
1643 4680 1864 4748 ordine,

277 4775 416 4828 duce
462 4773 884 4844 Chrysostomo,
931 4773 982 4825 in
1031 4773 1187 4826 tertio
1227 4779 1370 4825 temo
1417 4780 1701 4840 ponentur,
1745 4784 1865 4823 cum

281 4865 485 4932 pnes-io
513 4864 732 4929 Monilo,
753 4863 837 4917 ubi
857 4863 994 4917 idem
1015 4863 1127 4932 ipse
1150 4861 1282 4916 ordo
1309 4871 1364 4916 ut
1383 4861 1644 4932 genuinus
1668 4859 1872 4931 perSpi-

275 4945 384 5010 ὀίω
422 4963 713 5009 asseretur.
766 4954 998 5008 Plurima
1045 4955 1147 5007 alia
1181 4953 1416 5022 proferre
1461 4965 1739 5022 possemus
1768 4950 1870 5004 hu-

273 5046 512 5114 iusmodi
558 5044 972 5122 perturbationis
997 5045 1258 5112 exempla,
1283 5042 1374 5098 sed
1402 5042 1517 5097 inec
1543 5043 1592 5096 in
1625 5040 1870 5112 praisenti
1892 5067 1908 5082 ο

273 5129 416 5189 satis
464 5144 654 5200 erunt;
686 5146 878 5190 caetera
905 5135 1111 5190 erudito
1143 5135 1326 5190 lectori
1354 5134 1408 5188 in
1447 5133 1623 5204 operis
1644 5133 1871 5188 decursu

275 5227 622 5282 observanda
650 5227 1019 5297 relinquimus.

277 5339 314 5410 ς
353 5338 420 5392 Χ.
440 5369 511 5378 -
540 5337 618 5393 De
637 5337 988 5393 distributione
1007 5346 1254 5390 tomorum
1276 5338 1328 5388 in
1353 5335 1616 5390 Saviliaua
1635 5341 1679 5388 et
1706 5331 1877 5387 Fron-

839 5429 1043 5481 toniana
1076 5426 1332 5480 Editione.

357 5541 472 5596 lam
498 5541 564 5596 ad
596 5539 846 5594 ordinem
877 5547 931 5593 et
953 5537 1379 5592 distributionem
1410 5545 1671 5590 tomorum
1702 5534 1876 5603 Chry—

273 5633 510 5688 sostomi
536 5631 858 5686 veniamus:
891 5644 991 5697 qua
1025 5629 1075 5680 in
1109 5641 1168 5681 re
1195 5629 1311 5696 plus
1340 5627 1476 5681 inest
1517 5625 1877 5688 difﬁcultatis,

271 5738 446 5807 quam
477 5723 642 5792 vulgo
684 5719 956 5774 credatur.
999 5719 1177 5788 Longe
1219 5719 1483 5772 diversam
1531 5715 1878 5772 distribuendi

267 5816 594 5874 methodum
644 5811 860 5883 sequuti
887 5822 1008 5867 sunt
1036 5812 1260 5868 Savilius
1286 5820 1340 5876 et
1382 5811 1580 5867 Fronto
1612 5811 1871 5876 Ducwus;

1667 384 2050 444 PiLEFATlO.
2133 339 2137 343 “

3381 406 3503 446 XVI"

1929 510 2117 558 neuter
2143 509 2319 558 tamen
2360 505 2529 574 potuit
2567 520 2719 570 eam,
2761 521 2918 577 quam
2965 504 3063 560 sibi
3093 506 3506 578 prmseripserat,

1931 609 2172 648 normam
2192 595 2439 650 retinere.
2461 596 2604 650 Duas
2624 612 2750 651 vero
2768 599 2818 651 in
2842 607 3019 666 partes
3038 606 3256 666 possunt
3277 597 3331 652 S.
3351 598 3511 653 Joan-

1931 686 2015 740 nis
2041 684 2408 755 Chrysostomi
2450 701 2610 756 opera
2641 688 2934 756 generatim
2978 687 3228 761 distingui
3256 730 3266 740 .
3299 689 3348 740 in
3382 703 3513 756 opu-

1931 777 2076 831 scula
2094 775 2428 841 videlicet,et
2453 776 2504 830 in
2535 777 2943 831 commentarios
2961 776 3182 831 inV’etus
3205 777 3515 846 Novumque

1935 866 2358 922 Testamentum.
2405 865 2634 923 Savilius
2671 857 3080 922 commentarios
3110 867 3278 936 primo
3305 852 3512 936 posuit,

1937 957 1971 1010 ii
1999 971 2128 1011 vero
2167 967 2394 1026 quatuor
2418 956 2616 1026 primos
2644 965 2817 1011 tomos
2845 967 3135 1024 occupant;
3180 957 3430 1025 epuscula
3465 959 3513 1009 in

1936 1049 2282 1119 sequentibus
2324 1049 2482 1103 tomis
2531 1049 2802 1112 locantur;
2854 1049 2904 1102 in
2947 1050 3132 1118 quinto
3180 1065 3369 1118 nempe
3417 1053 3516 1105 hoc

1938 1139 2081 1192 ritu:
2117 1140 2170 1193 l°
2194 1139 2481 1194 Sermones
2524 1140 2574 1192 in
2618 1139 2732 1194 loca
2773 1154 2938 1192 saera:
2971 1139 3276 1206 Scriptura).
3307 1138 3364 1191 2°
3387 1139 3517 1193 Ser-

1939 1244 2126 1284 mones
2173 1231 2469 1301 panegyrici
2526 1230 2861 1286 Sanctorum.
2913 1231 2968 1285 5°
3017 1230 3304 1286 Sermones
3345 1231 3516 1286 dubiae

1941 1320 2061 1376 ﬁdei
2117 1322 2166 1374 in
2209 1321 2323 1376 loca
2366 1338 2531 1376 sacra:
2579 1323 2884 1392 Scriptum.
2933 1323 2991 1378 4°
3017 1323 3302 1378 Sermones
3355 1341 3511 1394 pane-

1939 1412 2104 1482 gyrici
2147 1413 2321 1467 dubia-
2371 1413 2516 1468 lidei.
2574 1414 2630 1468 In
2661 1424 2813 1468 sexto
2854 1424 3030 1468 autem
3081 1424 3266 1468 tomo:
3304 1417 3355 1470 l“
3385 1417 3517 1470 Tra—

1941 1511 2113 1557 ctatus
2151 1503 2301 1564 varii.
2349 1503 2409 1556 9.“
2440 1504 2514 1559 De
2561 1504 2760 1558 Statuis
2801 1505 3068 1559 orationes
3116 1520 3218 1559 una
3251 1515 3304 1559 et
3351 1507 3519 1576 vigin-

1945 1596 2016 1660 ti,
2065 1611 2198 1666 quas
2246 1605 2541 1666 sequuntur
2582 1596 2671 1650 alii
2701 1611 2977 1651 sermones
3027 1597 3154 1650 varii
3203 1599 3520 1667 argumenti.

1945 1686 2000 1739 5°
2040 1687 2320 1741 Orationes
2368 1702 2432 1742 ex
2482 1687 2642 1741 variis
2685 1686 3048 1758 Chrysostomi
3092 1688 3222 1742 locis
3258 1688 3509 1742 consarci-

1947 1785 2104 1842 natgr,
2136 1780 2630 1845 «ιυειδἌπανοίσματα
2658 1793 2753 1832 seu
2775 1774 3053 1848 Florilegia
3076 1785 3286 1834 vocant.
3319 1778 3374 1831 4⁸
3395 1776 3514 1831 Ora-

1949 1867 2118 1920 tiones
2166 1867 2406 1934 quaedam
2453 1868 2714 1939 ambigua)
2767 1868 2911 1923 ﬁdei.
2957 1868 3013 1922 In
3061 1878 3206 1924 tomo
3255 1869 3521 1938 septimo:
3583 1864 3590 1870 ’

1952 1959 2004 2012 l"
2036 1959 2320 2028 Epistolm,
2350 1960 2640 2028 prwmissis
2668 1960 2874 2016 duabus
2916 1960 3242 2015 orationibus
3271 1977 3402 2030 quas
3429 1977 3525 2015 ex-

1950 2049 2051 2103 silii
2086 2051 2166 2102 sui
2199 2057 2436 2118 tempore
2472 2049 2886 2120 Chrysostomus
2922 2051 3119 2104 emisit.
3161 2050 3220 2102 2°
3245 2051 3433 2120 Spuria
3475 2051 3527 2105 in

1952 2140 2064 2196 loca
2133 2140 2442 2210 Scripturae.
2500 2140 2557 2194 5°
2611 2141 2900 2196 Sermones
2969 2141 3270 2211 panegyrici
3340 2142 3527 2210 spurii.

1951 2233 2007 2286 4⁸
2032 2232 2312 2288 Tractatus
2341 2233 2470 2287 varii
2493 2233 2678 2302 spurii.
2711 2232 2769 2287 5°
2793 2231 3075 2288 Orationes
3095 2233 3336 2300 quaedam
3364 2232 3503 2286 ambi

1950 2337 2067 2393 gum
2099 2322 2237 2376 lidei.
2270 2323 2326 2377 6°
2348 2321 2634 2391 Florilcgia
2660 2321 3027 2393 Chrysostomi
3054 2336 3083 2374 a
3113 2320 3396 2375 Theodoro
3421 2321 3530 2374 illa-

1953 2417 2118 2484 gistro
2160 2415 2404 2469 collecta.
2453 2414 2508 2467 7°
2548 2413 2828 2468 Orationes
2875 2412 3116 2482 quaedam
3165 2411 3531 2482 Chrysostomi

1955 2507 2160 2562 Latine.
2180 2507 2235 2561 ln
2258 2514 2444 2562 octavo
2468 2515 2646 2561 tomo:
2678 2507 2728 2560 l°
2746 2507 3024 2561 Orationes
3045 2505 3283 2575 quaedam
3318 2505 3367 2558 in
3396 2521 3532 2573 νηίδ-

1953 2598 2268 2653 cedentibus
2305 2598 2463 2654 tomis
2502 2598 2736 2653 omissa).
2762 2597 2821 2650 2°
2853 2595 2998 2650 Varii
3026 2595 3313 2665 scriptores
3340 2595 3409 2648 de
3431 2594 3533 2648 vita

1954 2688 2176 2744 Joannis
2201 2688 2601 2760 Chrysostomi,
2630 2696 2684 2743 et
2713 2687 2862 2742 initia
2891 2687 3128 2742 omnium
3170 2685 3534 2756 Cbrysmtonti

1953 2781 2291 2846 orationum,
2335 2795 2398 2834 ac
2443 2789 2625 2849 postea
2671 2778 3038 2848 epistularum.
3088 2777 3144 2832 3°
3173 2777 3322 2830 Notae
3350 2775 3533 2830 Savilii

1957 2882 2010 2929 et
2039 2871 2264 2926 aliorum
2290 2871 2340 2924 in
2370 2872 2546 2925 omnia
2588 2869 2644 2925 S.
2670 2869 2892 2926 Joannis
2927 2867 3297 2940 Chrysostomi
3328 2881 3488 2936 Opera
3518 2883 3531 2918 :

1955 2979 2074 3035 qua:
2105 2971 2244 3016 nota:
2268 2961 2552 3016 maximam
2579 2960 2754 3014 octavi
2784 2959 2909 3014 tomi
2939 2968 3138 3029 partem
3168 2966 3450 3026 occupant.

2046 3053 2226 3124 Longe
2285 3053 2442 3107 aliam
2502 3049 2850 3108 distribuendi
2915 3048 3224 3105 methodum
3281 3056 3535 3117 sequutus

1961 3147 2160 3201 Fronto
2209 3147 2452 3210 Duemus,
2487 3145 2657 3214 primo
2684 3154 2828 3198 temo
2853 3144 3029 3212 posuit
3055 3143 3305 3211 opuscula
3349 3140 3533 3206 multa,

1957 3251 2112 3292 orsus
2141 3237 2208 3291 ab
2228 3235 2469 3290 Homiliis
2512 3234 2580 3289 ad
2609 3234 2857 3304 populum
2895 3233 3287 3288 Autiocbenum
3335 3232 3384 3284 in
3416 3231 3536 3284 Sta-

1963 3339 2098 3394 tuas,
2122 3327 2313 3397 quibus
2345 3327 2581 3381 subdidit
2616 3327 2718 3379 alia
2757 3325 3007 3394 opuscula
3045 3324 3174 3377 varii
3203 3322 3537 3392 argumenti;

1963 3430 2072 3474 tum
2113 3434 2391 3474 sermones
2435 3419 2801 3489 panegyricos,
2836 3417 3078 3471 homilias
3103 3417 3170 3471 de
3200 3416 3538 3482 Pmnitcntia,

1963 3511 2126 3564 libros
2157 3509 2224 3564 de
2266 3509 2396 3563 Fato
2418 3549 2432 3574 ,
2461 3517 2512 3562 et
2553 3508 2656 3562 alia
2704 3521 2890 3577 pauca.
2930 3506 3130 3560 [lorum
3160 3505 3388 3560 maxima
3420 3520 3541 3574 pars

1967 3600 2278 3667 Antiochim,
2297 3615 2397 3655 nec
2422 3600 2521 3655 nisi
2540 3599 2852 3669 paucissima
2865 3597 3320 3667 Constantinopoli
3347 3597 3540 3652 emissa

1962 3703 2104 3747 sunt.
2134 3693 2188 3747 ln
2239 3693 2476 3748 secundo
2504 3702 2679 3758 tomo,
2713 3691 2966 3745 llomilias
2992 3705 3086 3744 seu
3116 3690 3540 3745 Commentarios

1964 3785 2018 3840 in
2037 3785 2284 3841 Genesim
2311 3801 2325 3851 ;
2364 3794 2413 3842 et
2442 3795 2623 3854 postea
2666 3784 2868 3853 aliquot
2905 3781 3150 3843 homilias
3177 3782 3228 3835 in
3256 3781 3418 3834 Vetus
3443 3780 3543 3834 Te-

1966 3887 2312 3945 stamentum,
2337 3879 2387 3931 in
2411 3877 2554 3932 varia
2583 3875 2922 3931 scilicetbinc
2947 3883 3000 3929 et
3029 3873 3150 3928 inde
3170 3881 3378 3941 sumpta
3406 3872 3540 3925 loca.

1967 3971 2021 4026 In
2056 3972 2210 4026 tertio
2248 3979 2392 4024 tomo
2424 3969 2678 4024 llomilias
2719 3983 2813 4021 seu
2847 3965 3272 4021 Commentarios
3312 3965 3362 4016 in
3398 3963 3544 4016 Psal-

1889 4117 1892 4119 λ
1967 4079 2122 4130 mos,
2155 4073 2337 4133 postea
2381 4061 2832 4116 Commentarium
2883 4059 2932 4112 in
2980 4064 3101 4111 octo
3143 4057 3313 4125 capita
3359 4055 3542 4109 ls:Ii:u;

1970 4155 2066 4209 sub
2107 4154 2219 4209 lure
2245 4153 2498 4208 llomilias
2528 4153 2579 4206 in
2619 4151 2794 4206 varios
2823 4150 3064 4205 Psalmos
3091 4163 3184 4203 seu
3217 4147 3537 4201 Psalmorum

1971 4254 2166 4314 partes.
2218 4246 2272 4300 ln
2302 4255 2492 4316 quarto
2541 4255 2686 4300 tomo
2723 4243 2888 4298 libros
2925 4242 2992 4296 de
3033 4239 3345 4297 Sacerdotio
3371 4256 3384 4292 :
3415 4252 3548 4308 quos

1969 4345 2264 4407 sequuntur
2289 4336 2501 4406 quidam
2559 4335 2676 4390 libri
2714 4334 2930 4389 aseetici
2976 4333 3231 4387 adversus
3279 4345 3522 4400 Oppugua

1976 4439 2115 4485 tores
2141 4429 2261 4481 vitae
2287 4428 2618 4493 monasticzn,
2647 4425 2713 4480 ad
2735 4424 3080 4488 Demetrium,
3103 4422 3168 4476 ad
3192 4421 3543 4485 Stelcchium,
3585 4437 3589 4464 :

1971 4523 2036 4578 ad
2063 4521 2344 4592 Stagirium
2367 4561 2382 4585 ,
2429 4520 2497 4576 de
2537 4517 2988 4584 subintroductis,
3030 4524 3141 4570 tum
3170 4515 3269 4568 alia
3308 4505 3550 4581 qumdam
3589 4511 3594 4517 ’

1973 4629 2133 4685 opera
2161 4611 2464 4682 permixtim
2491 4609 2654 4672 edita,
2686 4607 2891 4676 liturgia
2917 4603 3284 4676 Chrysostomi
3313 4601 3550 4666 nomine,

1975 4708 2236 4779 epistolae,
2259 4706 2470 4760 demum
2498 4701 2587 4756 alii
2617 4699 2830 4771 quidam
2859 4698 3020 4752 libelli
3059 4703 3208 4750 extra
3249 4695 3422 4750 locum
3457 4709 3551 4762 po-

1974 4801 2083 4861 siti,
2107 4799 2228 4868 quia
2274 4795 2476 4851 tardius
2503 4799 2856 4849 acccsserant.
2888 4789 2946 4844 ln
2985 4790 3171 4860 quinto
3201 4797 3345 4844 tomo
3373 4788 3551 4841 Ιιοιιιὶο

1977 4893 2076 4946 lias
2101 4889 2266 4945 edidit
2298 4888 2352 4942 in
2381 4886 2524 4940 varia
2571 4884 2701 4940 Novi
2728 4881 3053 4938 Testamenti
3085 4880 3223 4947 loca,
3248 4890 3356 4934 tum
3388 4893 3550 4948 pane-

1976 4981 2188 5052 gyrieos
2213 4992 2486 5033 sermones
2515 4977 2565 5030 in
2589 4975 2949 5032 solemnitates
2975 4971 3192 5038 Christi,
3215 4978 3271 5026 et
3294 4970 3344 5024 in
3376 4969 3552 5023 divum

1981 5072 2225 5136 Paulum,
2256 5069 2468 5124 dentum
2497 5067 2761 5122 orationes
2792 5075 2845 5120 et
2865 5063 3118 5135 opuscula
3150 5063 3377 5133 plurima
3407 5072 3554 5116 extra

1980 5165 2153 5219 locum
2183 5161 2372 5232 posita,
2401 5159 2523 5229 quia
2552 5157 2756 5212 tardius
2784 5155 2939 5211 allata
2978 5162 3122 5208 sunt.
3155 5151 3211 5206 In
3237 5161 3388 5207 sexto
3416 5161 3561 5205 temo

1981 5252 2228 5308 homilias
2255 5250 2465 5319 spurias
2512 5247 2738 5310 locavit,
2783 5260 2917 5315 quas
2956 5251 3250 5312 sequuntur
3279 5239 3558 5309 Florilegia

1983 5361 2048 5400 ex
2075 5342 2237 5398 variis
2259 5338 2628 5410 Chrysostomi
2656 5333 3004 5390 orationibus.
3037 5332 3113 5386 Eo
3133 5341 3310 5385 autem
3335 5330 3564 5384 consilio

1985 5437 2209 5492 Duezeus
2252 5431 2500 5486 homilias
2543 5429 2601 5484 in
2630 5427 2776 5481 varia
2811 5425 2942 5480 Novi
2978 5421 3303 5478 Testamenti
3349 5421 3464 5476 loca
3508 5421 3560 5474 in

1983 5527 2224 5597 quintum
2255 5519 2733 5590 tomumrejeeisse
2776 5515 3003 5580 videtur,
3030 5523 3088 5570 ut
3117 5527 3235 5593 qua:
3261 5511 3327 5566 ad
3358 5510 3560 5565 Novum

1985 5619 2383 5673 Testamentum
2411 5609 2765 5681 pertinebant,
2794 5613 2913 5675 post
2941 5603 3352 5659 commentarios
3382 5601 3434 5653 in
3463 5597 3562 5651 Vc-

1989 5723 2073 5767 tus
2099 5710 2500 5766 Testamentum
2552 5703 2728 5758 locum
2773 5698 3066 5753 haberent:
3103 5694 3252 5766 quasi
3283 5707 3407 5746 vero
3443 5699 3562 5742 tan-

1991 5814 2096 5866 tam
2125 5801 2434 5859 afﬁnitatcm
2475 5811 2592 5855 cum
2636 5791 3032 5852 commentariis
3071 5788 3294 5844 habeant
3336 5782 3561 5838 humilia:
