4038 6154
495 332 581 381 11)(
1743 323 1805 378 Β.
1848 324 1907 378 Bs
1951 322 2041 378 DE
2079 323 2113 377 Μ

2221 323 2351 379 'FFA
2361 323 2538 380 UCO’N
2755 377 2769 389 ,
3687 320 3774 366 “‘-

498 435 625 498 ἰιιςυ,
655 450 771 506 qua:
797 450 826 491 a
854 436 1099 506 quapiam
1126 435 1416 507 Scripturte
1444 450 1611 493 sacra:
1650 437 1891 497 clausula
1925 453 2081 508 argu-

500 538 737 588 mentum
767 538 1094 583 mutuantur.
1117 526 1275 584 Certe
1300 530 1344 584 si
1381 528 1682 598 huiusmodi
1713 531 1963 588 homilias
1983 547 2079 600 pro

501 619 893 674 commentariis
926 619 1218 675 habeamus
1243 661 1259 688 ,
1291 636 1399 674 non
1449 636 1629 689 paucae
1668 622 2001 692 reperiemur
2025 623 2078 676 in

500 711 671 779 primo
698 718 839 764 tome
867 709 1097 767 humilia:
1143 711 1442 783 hujusmodi
1465 755 1476 776 .
1503 732 1566 769 ex
1598 715 1730 770 Novi
1757 714 2079 779 Testamenti

497 801 745 856 clausulis
763 810 1142 883 argumentum-
1165 814 1484 866 mutuantes.
1506 822 1625 876 qum
1653 818 1778 871 ante
1797 807 2083 865 Columen-

507 893 670 949 tarios
701 894 751 948 in
779 892 1028 951 Geucsim
1072 907 1126 950 ct
1173 897 1232 951 in‘
1257 898 1423 955 Vetus
1447 900 1846 955 Testamentum
1873 901 1940 955 ab
1968 900 2085 968 ipso

500 983 771 1041 Frontone
787 987 970 1056 posita:
989 986 1219 1044 fuerunt.
1240 990 1312 1044 Ex
1335 991 1490 1045 dictis
1509 992 1673 1062 liquet
1688 1007 1924 1046 summos
1943 993 2084 1047 viros

502 1075 757 1132 Savilium
785 1087 838 1133 et
873 1079 1120 1134 Ducwum
1151 1081 1202 1135 in
1243 1081 1606 1141 concinnanda
1643 1098 1869 1152 operum
1917 1093 1972 1139 et
2002 1093 2087 1137 to~

501 1179 711 1221 morum
740 1165 1112 1224 distributione
1162 1186 1265 1226 non
1315 1186 1499 1240 parum
1549 1173 1876 1229 laboravisse
1921 1192 1934 1228 :
1985 1175 2083 1228 etsi

499 1258 696 1327 quippe
737 1258 787 1312 id
815 1275 877 1315 ex
906 1261 1126 1316 arbitrio
1156 1271 1212 1317 ut
1243 1262 1537 1332 plurimum.
1569 1265 1804 1334 pendere
1847 1274 2078 1335 putetur,

502 1365 607 1404 non
642 1351 711 1405 ita
741 1350 896 1410 facile
924 1362 1000 1409 est
1042 1354 1106 1409 ad
1135 1355 1358 1409 aliorum
1387 1357 1636 1424 placitum
1667 1367 1866 1412 tantam
1907 1358 2080 1426 supel-

503 1438 736 1496 lectilem
763 1442 1039 1500 ordinare.
1083 1443 1203 1500 Jam
1230 1446 1536 1505 monuimus
1564 1462 1663 1502 nec
1701 1447 1959 1502 Savilium
1984 1462 2091 1501 nec

504 1530 753 1587 Ducmum
773 1549 927 1603 quem
957 1535 1054 1589 sibi
1076 1537 1468 1606 praestituerunt
1486 1537 1728 1597 ordinem
1755 1553 1968 1594 servare
1990 1554 2088 1608 po—

507 1624 676 1680 tuisse
706 1643 719 1678 :
750 1626 870 1696 quia
904 1637 1019 1697 post
1048 1627 1219 1691 editas
1257 1628 1552 1699 cujuspiam
1584 1630 1883 1699 argumenti
1915 1629 2090 1686 homiv

510 1718 608 1771 lias
640 1716 1016 1788 inexspectata:
1061 1719 1178 1773 aliae
1222 1718 1462 1787 ejusdem
1518 1720 1815 1787 argumenti
1852 1733 2093 1774 accesse-

507 1816 649 1862 runt.
682 1809 815 1864 Ilinc
833 1820 935 1872 est,
964 1810 1104 1880 quod
1134 1809 1277 1879 apud
1301 1810 1559 1865 Savilium
1588 1809 1752 1864 multa
1783 1809 1834 1862 in
1863 1809 2091 1878 septimo

509 1912 559 1953 et
588 1912 777 1956 octavo
809 1890 979 1955 temo"
1004 1903 1360 1971 reperiantur,
1389 1917 1507 1969 qua:
1549 1900 1614 1955 ad
1649 1900 1819 1970 quinti
1859 1908 1916 1954 et
1953 1899 2090 1953 sexti

516 1991 711 2046 seriem
737 1991 1091 2059 pertinebant.
1112 1992 1420 2062 Pariterqne
1448 1990 1651 2046 Fronto
1672 1991 1893 2045 Ducaeus
1921 1989 2096 2058 aliqua

510 2084 561 2137 in
602 2095 810 2153 quarto.
840 2099 960 2154 quae.
1002 2083 1158 2153 primi
1192 2085 1318 2139 tomi
1351 2093 1515 2148 sunt';
1552 2083 1714 2137 multa
1761 2080 2009 2137 similiter
2036 2080 2093 2134 in

511 2174 715 2242 quinto,
742 2189 860 2244 qua:
888 2167 1062 2229 vel'ad
1097 2173 1438 2243 primumvel
1483 2172 1551 2231 ad
1595 2181 1843 2244 quartum
1888 2180 2099 2242 specta-

514 2265 659 2331 bant,
691 2265 945 2336 reposuit.

514 2355 542 2427 ς
569 2354 661 2409 χι.
687 2384 760 2397 --
803 2355 881 2409 De
907 2355 1257 2410 distributione
1281 2364 1533 2413 taurorum
1565 2357 1616 2409 in
1648 2364 1824 2410 nostra
1844 2355 2099 2410 Editione.

584 2446 728 2502 Ordo
779 2446 993 2513 Savilii,
1046 2448 1134 2514 qui
1186 2446 1356 2515 primo
1401 2447 1518 2501 loco
1569 2447 1998 2501 Commentarios
2044 2446 2096 2499 in
2182 2444 2185 2453 “

517 2538 844 2611 Scriptumm
900 2539 1098 2609 posuit,
1127 2539 1464 2609 quantumvis
1513 2538 1819 2607 placuisset,
1849 2553 1954 2600 non
2010 2552 2104 2606 po-

521 2642 659 2687 terat
684 2647 714 2685 a
744 2632 898 2686 nobis
925 2631 1166 2700 usurpari
1187 2631 1296 2685 'hac
1333 2630 1407 2685 de
1431 2645 1591 2685 causa
1626 2648 1639 2684 :
1672 2631 2103 2684 Commentarins

522 2727 578 2782 in
606 2725 850 2781 Psalmos
872 2725 991 2796 plus
1023 2740 1181 2795 quam
1203 2723 1419 2779 dimidia
1448 2723 1787 2778 homiliarum
1812 2732 1963 2793 parte
1990 2737 2109 2777 mu-

526 2817 652 2872 tilus
681 2816 746 2870 ad
783 2825 1019 2869 nostram
1051 2815 1295 2884 pervenit
1320 2822 1554 2869 :ctatem.
1595 2813 1730 2884 Spes
1766 2823 1944 2867 autem
1994 2822 2111 2868 erat

527 2923 624 2962 nos
667 2922 735 2962 ex
764 2905 999 2961 homiliis
1024 2907 1127 2962 illis
1164 2906 1456 2977 deperditis
1494 2923 1598 2961 non
1631 2922 1825 2977 pauens
1851 2922 1916 2961 ex
1955 2917 2105 2961 tene-

527 2998 636 3054 bris
663 2997 948 3052 educturos
967 3012 1125 3053 esse:
1158 3014 1348 3068 resque
1370 2998 1478 3067 jam
1509 2998 1668 3055 cessit
1688 3013 1752 3053 ex
1784 3008 1907 3053 voto
1939 3016 1955 3052 :
1985 3013 2108 3052 nam

530 3097 588 3143 ut
609 3098 729 3142 ante
759 3089 1070 3155 narrabam,
1121 3104 1227 3144 una
1259 3099 1313 3144 et
1358 3089 1570 3159 triginta
1614 3089 1847 3144 homilitr.
1890 3090 2113 3144 sincera:

530 3181 582 3236 in
614 3181 799 3252 Anglia
821 3189 1046 3251 reperta:
1069 3189 1213 3249 sunt,
1241 3196 1466 3251 quarum
1491 3182 1713 3244 alteram
1760 3190 1960 3252 partem
1994 3181 2112 3259 jam

530 3276 846 3346 exseriptam
874 3283 1051 3343 teneo,
1078 3272 1302 3337 alteram
1329 3288 1601 3347 exispecto.
1633 3275 1819 3348 Neque
1848 3285 2114 3345 postrema

533 3369 773 3425 fortassis
816 3369 921 3424 erit
966 3368 1055 3423 illa
1103 3371 1374 3435 accessio;
1436 3386 1555 3424 nam
1606 3370 1840 3438 reliquas
1893 3371 2117 3421 amissas

536 3460 651 3531 pari
701 3457 879 3512 studio
925 3458 1321 3526 perquirimus,
1382 3468 1438 3511 et
1501 3458 1655 3527 fugax
1734 3472 1904 3509 aevum
1975 3470 2119 3523 saepe

536 3550 660 3623 quid
707 3551 961 3620 importat
1009 3549 1153 3603 novi.
1198 3549 1257 3605 Si
1309 3564 1436 3604 vero
1489 3564 1520 3602 a
1568 3547 1966 3602 commentariis
2009 3561 2120 3601 etn-

539 3644 840 3714 pissemus,
891 3640 1147 3712 quidquid
1207 3642 1258 3694 in
1317 3641 1556 3696 Psalmos
1609 3640 1731 3695 novi
1781 3654 2120 3695 accessurum

538 3743 655 3789 erat
679 3775 693 3799 ,
725 3742 877 3787 extra
904 3730 1146 3785 ordinem
1173 3742 1227 3785 et
1257 3732 1430 3785 locum
1463 3731 1760 3801 preprium,
1796 3744 1990 3800 magno
2012 3728 2121 3782 sci-

539 3825 661 3889 licet
690 3838 809 3877 cum
854 3822 1166 3890 dispendio,
1210 3822 1486 3892 jaeuisset.
1538 3821 1689 3876 IIunc
1729 3834 1858 3889 ergo
1901 3834 2120 3889 Operum

541 3927 911 3983 tomorumque
956 3912 1197 3967 ordinem
1223 3955 1238 3978 ,
1278 3929 1337 3967 rc
1366 3922 1613 3966 accurate
1645 3926 1901 3981 perpensa
1922 3951 1938 3975 ,
1972 3909 2126 3964 nobis

543 4005 926 4076 prwstituimus
956 4021 970 4059 :
1012 4004 1264 4072 opuscula
1290 4004 1517 4077 prhnuru
1545 4002 1745 4067 omnia,
1778 4001 2011 4071 cujusvis
2030 4016 2125 4071 ge-

545 4099 691 4155 neris
728 4099 856 4163 sint,
889 4099 941 4153 in
970 4097 1139 4152 tribus
1171 4098 1329 4154 tomis
1370 4097 1635 4167 prioribus
1677 4096 1951 4160 locamus;
1976 4110 2126 4153 com-

547 4191 835 4252 mental-ius
864 4206 984 4246 cum
1007 4189 1215 4245 Veteris
1246 4201 1354 4243 tum
1401 4189 1532 4245 Novi
1569 4188 1894 4251 Testamenli
1923 4196 2126 4258 septem

548 4283 874 4360 posteriores
914 4281 1267 4351 occupabunt.
1299 4280 1566 4349 Opuscula
1595 4294 1723 4334 vero
1754 4280 1857 4337 hoc
1898 4279 2004 4335 ritu
2042 4277 2128 4333 di-

547 4373 799 4428 viduntur
827 4390 840 4425 :
874 4373 1045 4442 primo
1076 4373 1319 4442 ponimus
1348 4386 1411 4426 ea
1457 4386 1576 4442 qua:
1613 4371 1683 4426 ob
1709 4371 2019 4425 varietatem
2045 4384 2133 4424 ar-

544 4464 780 4535 gumenti
810 4481 912 4518 non
946 4473 1164 4535 possunt
1191 4464 1241 4517 in
1290 4479 1446 4517 unam
1474 4473 1528 4517 et
1556 4471 1757 4518 certam
1785 4461 1952 4532 redigi
1990 4461 2131 4516 clas-

543 4574 656 4615 sem
688 4574 703 4621 ;
732 4558 924 4629 illaque
952 4557 1250 4614 secundum
1273 4556 1515 4617 ordinem
1547 4555 1802 4626 temporis
1828 4596 1843 4621 ,
1871 4562 2130 4623 quantum

544 4650 705 4713 licet,
755 4650 1146 4704 constituimus.
1199 4652 1403 4719 Agmen
1461 4647 1661 4703 ducunt
1723 4658 2026 4715 partencses
2066 4643 2139 4699 ad

545 4739 888 4805 Theodorum
935 4741 1137 4809 lapsum
1163 4782 1180 4806 ,
1226 4740 1349 4794 hinc
1387 4750 1686 4810 sequuntur
1714 4737 1835 4792 libri
1877 4736 2139 4792 adversus

546 4831 953 4899 Oppugnatores
991 4831 1112 4883 vita:
1159 4831 1485 4895 monasticae,
1517 4831 1633 4884 libri
1662 4830 1727 4884 ad
1770 4829 2095 4885 Demetrium
2118 4869 2138 4893 ,,

554 4919 619 4983 ad
661 4919 987 4973 Stelechinm
1010 4958 1027 4979 ,
1061 4918 1126 4971 ad
1172 4919 1459 4988 Slagiriutn
1485 4959 1500 4984 ,
1550 4920 1619 4973 de
1660 4920 2094 4974 Subintroductis
2116 4960 2132 4985 ,

553 5012 621 5073 de
645 5010 973 5081 Virginitate,
1005 5009 1070 5064 ad
1101 5009 1321 5065 Viduam
1342 5011 1606 5078 juniorem
1634 5028 1646 5062 :
1680 5011 1973 5066 secundum
2003 5021 2138 5067 tem-

556 5103 700 5183 poris
726 5103 922 5158 seriem
965 5102 1227 5157 accedunt
1276 5103 1393 5158 libri
1438 5102 1506 5156 de
1543 5102 1853 5157 Saccrdotio
1877 5145 1892 5169 ,
1923 5103 2138 5158 homilia

554 5211 677 5260 cum
706 5195 987 5267 presbyter
1027 5194 1123 5249 fuit
1162 5195 1476 5249 ordinatus:
1506 5195 1572 5250 de
1615 5195 2141 5264 Incomprehensibili

559 5294 614 5354 et
633 5295 821 5341 contra
840 5286 1130 5341 Anommos
1156 5285 1401 5340 Ilomilite
1421 5285 1533 5348 XII,
1553 5294 1742 5340 contra
1763 5284 1977 5341 Judazos
2003 5284 2139 5351 VIII;

550 5380 796 5437 Humilia:
855 5381 924 5437 de
959 5380 1212 5436 Kalendis
1239 5391 1294 5436 et
1343 5381 1409 5436 de
1455 5380 1657 5435 Lazaro
1701 5380 1809 5450 jam
1850 5393 1991 5437 octo.
2051 5381 2144 5437 [Ite

549 5493 675 5534 vero
709 5477 936 5547 primum
966 5485 1169 5533 tomum
1200 5476 1500 5531 absolvunt.
1530 5477 1603 5531 Ex
1634 5476 1734 5532 hac
1775 5477 1943 5546 prima
1972 5477 2146 5532 classe

550 5573 602 5625 in
628 5568 879 5627 secundo
909 5578 1055 5625 tomo
1077 5570 1319 5625 Ilomilia:
1346 5569 1467 5624 XXI
1496 5569 1547 5623 in
1575 5568 1811 5635 Statuas,
1835 5568 2144 5624 eatecheses

552 5663 696 5731 dux,
735 5670 846 5719 tres
872 5661 939 5717 de
962 5662 1187 5718 Diabolo
1214 5671 1474 5716 tentature
1504 5660 1755 5727 homilize,
1781 5669 1836 5716 et
1866 5675 2057 5715 novem
2079 5659 2145 5715 de

558 5755 894 5815 iur-nitentia.
934 5755 1045 5820 Ilu_c
1084 5753 1277 5813 desinit
1324 5755 1494 5833 prima
1525 5754 1743 5822 classis,
1775 5769 1891 5823 qua:
1932 5752 1996 5808 ad
2030 5768 2144 5809 mc-

2186 438 2332 492 dium
2379 439 2544 493 ferme
2580 438 2801 494 secundi
2841 438 2971 494 tomi
3000 439 3266 510 pertingit.
3295 438 3541 496 Secunda
3579 441 3767 498 classis

2186 540 2269 584 est
2295 531 2613 586 concionem
2661 532 3096 603 panegyricarum
3134 531 3202 587 de
3230 531 3380 588 festis
3429 532 3639 588 Domini
3666 549 3764 589 no-

2186 624 2283 677 stri
2311 622 2436 678 .Iesu
2465 623 2684 680 Christi.
2716 625 2958 679 Homilize
2999 625 3052 680 in
3094 624 3313 681 Paulum
3360 634 3414 680 et
3452 625 3504 680 in
3531 624 3771 698 reliquos

2188 711 2448 768 Sanctos:
2477 713 2562 769 hae
2592 714 2881 770 secundum
2908 715 3162 770 claudunt
3182 724 3404 769 tomum.
3436 715 3612 770 Tertia
3635 717 3776 772 clas-

2191 805 2265 859 sis
2289 815 2373 859 est
2402 805 2736 860 homiliarum
2762 820 2880 876 qua:
2908 805 3167 869 extrariis
3194 804 3483 875 Scriptum
3520 806 3775 861 clausulis

2190 904 2559 965 argumentum
2592 903 2939 961 mutuantur;
2981 894 3063 949 hae
3090 910 3217 950 vero
3256 894 3592 963 occupabunt
3626 896 3776 966 prio-

2195 1003 2308 1042 rem
2342 996 2547 1056 partem
2575 988 2702 1045 tomi
2731 987 2892 1042 tertii.
2924 987 3120 1055 Quarta
3150 987 3340 1042 classis
3379 997 3461 1042 est
3484 987 3785 1057 opusculo.-

2195 1094 2311 1132 rum
2335 1077 2402 1132 ad
2444 1087 2620 1133 motus
2647 1077 3285 1148 Constantinopolitanos,
3309 1086 3363 1133 et
3390 1078 3455 1133 ad
3487 1088 3777 1149 utrumque

2195 1169 2869 1242 S.JoannisChrysostomi
2896 1172 3139 1226 exsilium
3158 1171 3557 1240 pertinentium.
3582 1170 3778 1237 Quinta

2194 1263 2384 1318 classis
2427 1263 2772 1332 epistularum
2801 1263 3037 1316 omnium
3066 1280 3081 1316 :
3111 1270 3298 1332 quarta
3327 1269 3382 1316 et
3423 1263 3628 1332 quinta,
3657 1278 3777 1331 quae

2198 1358 2441 1424 m‘agnam
2474 1354 2670 1409 habent
2699 1354 2835 1409 inter
2850 1368 2908 1408 se
2932 1353 3261 1420 affinitatem,
3286 1361 3608 1423 postremam
3639 1354 3782 1408 tertii

2204 1448 2332 1502 ιυιηί
2386 1456 2588 1516 partem
2636 1447 3000 1517 complebunt.
3043 1445 3260 1513 Septem
3305 1459 3432 1500 vero
3459 1444 3785 1515 posteriores

2201 1542 2327 1594 tomi
2365 1555 2555 1595 omnes
2598 1540 2818 1594 omnino
2863 1538 3301 1604 commentarios,
3332 1536 3419 1607 qui
3464 1546 3747 1605 supersunt
3767 1578 3805 1606 ,η

2202 1632 2640 1702 complectentur.
2691 1633 2865 1700 Atque
2913 1629 2966 1684 in
3029 1629 3133 1683 fine
3183 1628 3435 1698 postremi
3487 1626 3788 1697 fragmenta

2204 1723 2348 1776 varia
2375 1721 2664 1776 afferentur
2696 1732 2804 1776 tum
2835 1737 2899 1776 ex
2933 1720 3127 1776 Photio
3147 1763 3160 1785 ,
3187 1730 3297 1774 tum
3325 1735 3389 1774 ex
3415 1719 3534 1773 aliis
3560 1720 3789 1789 scripto-

2209 1816 2352 1870 ribus
2382 1824 2539 1886 atquc
2578 1830 2641 1870 ex
2670 1814 3043 1884 manuscriptis
3085 1820 3352 1881 excerpta.
3387 1811 3551 1865 Dubia
3581 1826 3709 1865 vero
3735 1820 3792 1866 et

2208 1909 2389 1977 spuria
2426 1924 2585 1978 opera
2617 1908 2685 1962 ita
2715 1907 3037 1962 distribuere
3080 1907 3253 1961 conati
3285 1920 3489 1969 smnus,
3527 1914 3582 1958 nt
3611 1903 3789 1958 habita

2206 1999 2507 2070 argumenti
2537 1999 2743 2053 ratione
2773 1999 2823 2051 in
2857 1997 3015 2060 finem
3060 1997 3316 2065 cujusque
3363 1995 3489 2049 tomi
3538 1994 3794 2064 ablegen-

2213 2103 2315 2147 tur.
2352 2092 2602 2148 Falemnr
2662 2102 2840 2146 tamen
2901 2106 3007 2143 non
3054 2091 3302 2158 'pntu'sse
3351 2102 3449 2141 nos
3493 2086 3544 2141 id
3597 2087 3796 2156 ubique

2210 2193 2465 2253 prmstare
2487 2201 2499 2235 :
2520 2183 2562 2236 si
2590 2182 2752 2244 enim,
2779 2181 3004 2249 exempli
3035 2194 3212 2244 causa,
3235 2194 3420 2233 omnes
3447 2178 3799 2248 panegyricos

2211 2277 2722 2353 spuriossermones
2751 2274 2801 2327 in
2833 2272 2937 2329 fine
2966 2272 3183 2328 secundi
3213 2271 3341 2326 tomi
3364 2314 3376 2336 ,
3408 2273 3493 2341 qui
3524 2271 3669 2325 locus
3695 2284 3799 2325 eae

2211 2384 2330 2423 rum
2371 2368 2618 2437 proprius
2674 2374 2827 2432 erat,
2883 2364 3266 2434 posuisscmus,
3319 2363 3370 2416 in
3415 2361 3627 2416 nimiam
3681 2375 3806 2414 mo-

2212 2459 2315 2512 lem
2371 2459 2625 2513 crevisset
2678 2457 2767 2511 ille
2834 2465 3008 2511 tomus
3065 2473 3078 2509 :
3131 2453 3476 2524 quamobrem
3543 2451 3807 2523 plurimos

2213 2548 2515 2618 huiusmodi
2539 2546 2916 2618 adi-sequentes
2946 2556 3118 2601 toruos
3140 2545 3360 2615 rejiccrc
3391 2543 3559 2599 coacti
3590 2556 3804 2597 sumus.

2214 2639 2318 2695 Sed
2357 2640 2407 2695 id
2439 2640 2765 2699 levissimum
2796 2649 2896 2703 est,
2930 2637 2983 2692 ni
3021 2636 3197 2701 fallor,
3226 2632 3621 2690 incommodum
3644 2652 3656 2686 :
3679 2647 3810 2701 spu-

2215 2731 2292 2786 ria
2322 2730 2517 2800 quippe
2546 2739 2651 2783 tam
2685 2730 2861 2797 inepta
2891 2728 3204 2797 plerumque
3233 2734 3355 2779 sunt
3385 2732 3443 2778 ut
3486 2723 3658 2778 lucem
3688 2737 3812 2777 non

2218 2833 2543 2877 mereantur.
2576 2821 2632 2875 In
2664 2820 2847 2875 decem
2878 2821 3035 2887 igitur
3075 2828 3248 2872 tomos
3290 2818 3466 2870 omnia
3500 2816 3557 2871 S.
3584 2814 3845 2875 Joannis.

2221 2911 2587 2984 Chrysostomi
2633 2926 2793 2978 Opera
2832 2907 3265 2965 distribuentur:
3320 2905 3659 2960 undecimum
3712 2919 3819 2976 ap.

2220 3003 2449 3073 pcndici,
2481 3002 2548 3057 de
2587 3017 2686 3070 qua
2718 3015 2839 3054 mox
2893 3008 3096 3067 agetur,
3129 2996 3476 3052 destinamus.
3511 2994 3616 3050 Sed
3644 3005 3821 3053 erunt

2222 3097 2450 3153 fortasse
2479 3096 2566 3165 qui
2598 3103 2839 3165 quaerant
2863 3109 2876 3145 :
2903 3090 3191 3147 Frontonis
3214 3088 3388 3142 Duemi
3420 3087 3584 3143 editio
3611 3088 3826 3144 duode-

2223 3191 2324 3244 cini
2357 3189 2514 3241 tomis
2540 3229 2554 3252 ,
2587 3187 2698 3241 sive
2727 3183 2975 3239 undecim
3021 3181 3211 3252 ampl:e
3257 3178 3412 3232 molis
3454 3177 3845 3239 voluminibus

2225 3280 2518 3336 absolvitur
2553 3296 2567 3332 :
2615 3292 2723 3348 quo
2773 3284 2930 3345 pacto
2980 3273 3143 3343 igitur
3184 3278 3259 3324 tot
3303 3280 3510 3323 auctam
3539 3266 3839 3324 ancedotis.

2227 3385 2409 3443 totque
2435 3370 2651 3435 monitis
2681 3369 2969 3424 editionem
3001 3365 3185 3419 decem
3228 3363 3279 3433 in
3323 3361 3685 3444 voluminibus
3718 3359 3818 3413 in-

2226 3460 2453 3516 cludas'?
2483 3462 2535 3514 Id
2567 3462 2654 3530 qui
2701 3459 2830 3513 fieri
2866 3457 3097 3525 potuerit
3134 3455 3288 3515 facile
3330 3452 3591 3520 intelligas
3619 3450 3662 3504 si
3693 3465 3853 3521 per».~

2229 3553 2430 3624 pendas
2458 3552 2613 3621 longe
2652 3549 2838 3618 majori
2867 3547 3050 3602 charta
3090 3555 3145 3600 et
3183 3546 3369 3615 pagina
3417 3554 3541 3597 usos
3572 3551 3829 3613 typogra-

2227 3646 2363 3717 p':os
2394 3652 2604 3696 nostros
2632 3640 2789 3694 tomis
2816 3654 3008 3693 novem
3038 3647 3090 3692 ct
3118 3636 3346 3691 dimidio
3371 3650 3434 3690 ea
3471 3635 3648 3688 omnia
3682 3647 3827 3688 eon-

2229 3734 2447 3791 cludcre
2472 3744 2631 3801 posse
2656 3770 2670 3796 ,
2704 3744 2823 3799 qua:
2854 3729 2905 3781 in
2946 3726 3193 3781 undecim
3225 3724 3509 3779 Frontonis
3537 3723 3831 3778 volumini-

2231 3826 2329 3880 bus
2375 3823 2739 3886 continentur,
2767 3819 2906 3892 quod
2952 3819 3061 3890 jam
3107 3818 3472 3887 experimento
3512 3813 3857 3881 didicimus.‘

2233 3920 2313 3976 Ad
2344 3921 2460 3974 hcce
2486 3934 2613 3973 vero
2643 3917 2824 3988 spuria
2858 3931 2976 3986 qua:
3008 3915 3058 3969 in
3097 3913 3384 3969 Frontonis
3431 3910 3667 3966 editione
3701 3921 3830 3961 am-

2233 4014 2378 4085 plum
2408 4012 2656 4066 volumen
2699 4008 3082 4073 conficiebant,
3114 4006 3168 4059 in
3209 4014 3391 4059 nostra
3438 4001 3671 4057 editione
3698 4014 3849 4058 cum,

2235 4122 2299 4160 ex
2329 4118 2487 4173 supra
2525 4110 2818 4156 memorata
2859 4098 3059 4154 charta:
3099 4094 3494 4166 magnitudine,
3528 4104 3637 4152 tum
3663 4090 3839 4147 etiam

2235 4212 2300 4250 ex
2327 4194 2527 4249 minuta
2557 4201 2802 4264 typorum
2837 4189 3007 4244 forma
3029 4187 3093 4243 ad
3122 4185 3399 4249 dimidium
3430 4182 3711 4239 voluminis
3738 4199 3839 4245 re-

2241 4286 2503 4345 ducuntur
2524 4264 2546 4337 ἐ
2590 4284 2701 4354 jam
2750 4282 2915 4337 habes
2963 4278 3208 4336 undecim
3250 4278 3520 4333 volumina
3550 4276 3611 4331 in
3631 4289 3843 4331 novem

2238 4377 2472 4433 redacta.
2505 4377 2747 4445 Insuper,
2774 4374 2994 4429 sublatis
3036 4373 3137 4427 illis
3161 4370 3564 4443 paraphrastice
3593 4368 3835 4424 adorna-

2242 4470 2307 4524 tis
2352 4468 2554 4524 Latinis
2597 4463 3145 4536 interpretationibus,
3191 4478 3311 4532 quae
3350 4461 3634 4517 verborum
3674 4458 3835 4529 cepia

2241 4561 2632 4627 redundabant,
2661 4576 2778 4630 quae
2811 4559 2915 4613 illis
2954 4556 3253 4612 substitulze
3286 4561 3411 4607 sunt
3449 4552 3606 4621 longe
3653 4550 3837 4605 minus

2243 4653 2396 4724 Spatii
2424 4652 2779 4722 occupabunt,
2805 4649 3035 4719 hincque
3065 4643 3301 4700 nonnihil
3333 4642 3497 4697 etiam
3520 4658 3594 4697 .ex
3622 4657 3836 4698 memo-

2245 4748 2372 4802 ratis
2424 4762 2614 4803 novem
2649 4741 3007 4798 voluminibus
3053 4738 3335 4794 deciditur.
3368 4735 3835 4804 Quibusperspc-

2243 4846 2343 4900 etis
2374 4843 2526 4899 facile
2572 4840 2834 4909 intelligas
2874 4839 2925 4891 in
2952 4837 3139 4891 decem
3191 4834 3296 4889 illis
3335 4830 3587 4888 editionis
3633 4839 3835 4884 nostra:

2214 4933 2600 5019 .voluminibus
2676 4941 2786 4986 tum
2850 4944 2913 4983 ea
2982 4940 3100 4997 qua:
3161 4940 3229 4983 ex
3298 4920 3531 4978 tenebris
3593 4920 3838 4977 eruimus

2246 5023 2612 5093 Chrysostomi
2642 5036 2832 5090 opera,
2864 5028 2974 5074 tum
3022 5016 3183 5071 etiam
3221 5015 3455 5082 monita,
3502 5011 3623 5085 plus
3673 5028 3836 5093 quam

2248 5132 2410 5173 unum
2440 5116 2684 5170 volumen
2714 5126 2973 5182 occupare
3012 5109 3111 5180 (α).

2253 5251 2281 5326 §
2314 5250 2427 5307 XII.
2459 5280 2531 5290 —-
2561 5248 2637 5303 De
2664 5246 2943 5320 appendice
2983 5260 3226 5316 perquam
3274 5242 3555 5299 necessaria
3603 5240 3838 5309 aperiens

2488 5343 2550 5397 S.
2581 5339 2798 5395 Joannis
2821 5336 3167 5409 Chrysoslomi
3196 5335 3568 5407 subjungenda;

2328 5458 2470 5513 Inter
2498 5471 2558 5510 ea
2590 5469 2708 5525 qua:
2735 5452 2800 5507 ad
2827 5452 3272 5522 Chrysostomum
3306 5444 3681 5507 illustrandum
3703 5458 3835 5499 con-

2300 5635 2373 5747 an)
2400 5633 2528 5684 Hand
2547 5632 2697 5681 multo
2716 5639 2822 5693 post
2838 5631 2992 5682 sensit
3013 5641 3128 5679 sese
3142 5625 3271 5678 male
3287 5623 3634 5698 prazjndicasse
3656 5632 3703 5672 ι’.
3718 5631 3848 5694 unus,

2300 5697 2569 5747 ιῖἡιευιιιιιες
2594 5696 2642 5743 in
2670 5695 2801 5743 tertii
2827 5694 2956 5741 enim
2978 5692 3092 5739 torui
3117 5690 3396 5747 prmi'attune
3424 5700 3523 5747 3am
3547 5695 3714 5734 monet
3740 5687 3843 5741 edn

2255 5687 2569 5748 teihimnnns:
2594 5696 2642 5743 in
2670 5687 2801 5743 tertii
2827 5694 2956 5741 enim
2978 5692 3092 5739 torui
3117 5687 3396 5751 prmtatiune
3424 5688 3523 5747 jam
3547 5695 3714 5734 monet
3740 5687 3843 5741 cdix

2258 5770 2439 5810 tionem
2461 5771 2600 5820 usqu.
2640 5759 2686 5806 in
2705 5755 2939 5805 tredecim
2966 5750 3265 5803 tourosfortc
3289 5762 3556 5803 evasuram.
3597 5754 3653 5795 lt.
