  <div class='ocr_page' id='page_1' title='image "/cluster/home/n/w/nwhite01/storage/ocr_20150623/47/mdp.39015012902212/022.png"; bbox 0 0 4038 6154; ppageno 0'>
   <div class='ocr_carea' id='block_1_1' title="bbox 175 374 269 414">
    <p class='ocr_par' dir='ltr' id='par_1_1' title="bbox 175 374 269 414">
     <span class='ocr_line' id='line_1_1' title="bbox 175 374 269 414; baseline -0.043 0"><span class='ocrx_word' id='word_1_1' title='bbox 175 374 269 414; x_wconf 69' lang='grc' dir='ltr'><strong>χχι</strong></span> 
     </span>
    </p>
   </div>
   <div class='ocr_carea' id='block_1_2' title="bbox 175 475 1772 553">
    <p class='ocr_par' dir='ltr' id='par_1_2' title="bbox 175 475 1772 553">
     <span class='ocr_line' id='line_1_2' title="bbox 175 475 1772 553; baseline 0.001 -23"><span class='ocrx_word' id='word_1_2' title='bbox 175 477 325 553; x_wconf 74' lang='lat' dir='ltr'><strong>ferre</strong></span> <span class='ocrx_word' id='word_1_3' title='bbox 358 485 583 551; x_wconf 61' lang='lat' dir='ltr'><strong>[nostum</strong></span> <span class='ocrx_word' id='word_1_4' title='bbox 608 519 623 540; x_wconf 86' lang='lat'><strong>.</strong></span> <span class='ocrx_word' id='word_1_5' title='bbox 669 476 800 531; x_wconf 86' lang='lat' dir='ltr'><strong>nihil</strong></span> <span class='ocrx_word' id='word_1_6' title='bbox 838 476 1208 547; x_wconf 84' lang='lat' dir='ltr'><strong>opportunius.</strong></span> <span class='ocrx_word' id='word_1_7' title='bbox 1242 493 1367 543; x_wconf 69' lang='lat' dir='ltr'><strong>meo,</strong></span> <span class='ocrx_word' id='word_1_8' title='bbox 1389 477 1604 549; x_wconf 78' lang='lat' dir='ltr'><strong>quidem</strong></span> <span class='ocrx_word' id='word_1_9' title='bbox 1635 475 1772 545; x_wconf 82' lang='lat' dir='ltr'><strong>judi-</strong></span> 
     </span>
    </p>
   </div>
   <div class='ocr_carea' id='block_1_3' title="bbox 172 567 1770 639">
    <p class='ocr_par' dir='ltr' id='par_1_3' title="bbox 172 567 1770 639">
     <span class='ocr_line' id='line_1_3' title="bbox 172 567 1770 639; baseline -0.001 -17"><span class='ocrx_word' id='word_1_10' title='bbox 172 572 289 637; x_wconf 77' lang='lat' dir='ltr'><strong>cio,</strong></span> <span class='ocrx_word' id='word_1_11' title='bbox 323 569 621 639; x_wconf 86' lang='lat' dir='ltr'><strong>appendicc</strong></span> <span class='ocrx_word' id='word_1_12' title='bbox 671 568 759 622; x_wconf 92' lang='lat' dir='ltr'><strong>illa</strong></span> <span class='ocrx_word' id='word_1_13' title='bbox 811 568 880 623; x_wconf 86' lang='lat' dir='ltr'><strong>ad</strong></span> <span class='ocrx_word' id='word_1_14' title='bbox 924 570 1123 624; x_wconf 83' lang='lat' dir='ltr'><strong>calcem</strong></span> <span class='ocrx_word' id='word_1_15' title='bbox 1167 584 1401 637; x_wconf 79' lang='lat' dir='ltr'><strong>operum,</strong></span> <span class='ocrx_word' id='word_1_16' title='bbox 1436 567 1770 638; x_wconf 75' lang='lat' dir='ltr'><strong>adjicienda,</strong></span> 
     </span>
    </p>
   </div>
   <div class='ocr_carea' id='block_1_4' title="bbox 174 658 1771 735">
    <p class='ocr_par' dir='ltr' id='par_1_4' title="bbox 174 658 1771 735">
     <span class='ocr_line' id='line_1_4' title="bbox 174 658 1771 735; baseline 0.001 -23"><span class='ocrx_word' id='word_1_17' title='bbox 174 675 305 728; x_wconf 69' lang='lat' dir='ltr'><strong>qua:</strong></span> <span class='ocrx_word' id='word_1_18' title='bbox 337 658 588 719; x_wconf 75' lang='lat' dir='ltr'><strong>editionis</strong></span> <span class='ocrx_word' id='word_1_19' title='bbox 615 659 857 723; x_wconf 85' lang='lat' dir='ltr'><strong>ultimum</strong></span> <span class='ocrx_word' id='word_1_20' title='bbox 888 667 1089 713; x_wconf 89' lang='lat' dir='ltr'><strong>tomum</strong></span> <span class='ocrx_word' id='word_1_21' title='bbox 1126 658 1414 715; x_wconf 89' lang='lat' dir='ltr'><strong>constituet</strong></span> <span class='ocrx_word' id='word_1_22' title='bbox 1443 674 1458 715; x_wconf 83' lang='lat'><strong>:</strong></span> <span class='ocrx_word' id='word_1_23' title='bbox 1488 659 1605 735; x_wconf 71' lang='lat' dir='ltr'><strong>ubi,</strong></span> <span class='ocrx_word' id='word_1_24' title='bbox 1632 674 1771 727; x_wconf 68' lang='lat' dir='ltr'><strong>prte-</strong></span> 
     </span>
    </p>
   </div>
   <div class='ocr_carea' id='block_1_5' title="bbox 175 749 1776 823">
    <p class='ocr_par' dir='ltr' id='par_1_5' title="bbox 175 749 1776 823">
     <span class='ocr_line' id='line_1_5' title="bbox 175 749 1776 823; baseline 0.001 -21"><span class='ocrx_word' id='word_1_25' title='bbox 175 749 365 803; x_wconf 79' lang='lat' dir='ltr'><strong>missis</strong></span> <span class='ocrx_word' id='word_1_26' title='bbox 426 758 662 804; x_wconf 87' lang='lat' dir='ltr'><strong>veterum</strong></span> <span class='ocrx_word' id='word_1_27' title='bbox 711 750 779 804; x_wconf 88' lang='lat' dir='ltr'><strong>de</strong></span> <span class='ocrx_word' id='word_1_28' title='bbox 837 750 1043 806; x_wconf 84' lang='lat' dir='ltr'><strong>Joanne</strong></span> <span class='ocrx_word' id='word_1_29' title='bbox 1098 751 1482 823; x_wconf 78' lang='lat' dir='ltr'><strong>Cbrysostomo</strong></span> <span class='ocrx_word' id='word_1_30' title='bbox 1536 752 1776 817; x_wconf 83' lang='lat' dir='ltr'><strong>testimo-</strong></span> 
     </span>
    </p>
   </div>
   <div class='ocr_carea' id='block_1_6' title="bbox 172 830 1768 914">
    <p class='ocr_par' dir='ltr' id='par_1_6' title="bbox 172 830 1768 914">
     <span class='ocr_line' id='line_1_6' title="bbox 172 830 1768 914; baseline 0.001 -19"><span class='ocrx_word' id='word_1_31' title='bbox 172 845 303 902; x_wconf 78' lang='lat' dir='ltr'><strong>niis.</strong></span> <span class='ocrx_word' id='word_1_32' title='bbox 335 842 581 907; x_wconf 70' lang='lat' dir='ltr'><strong>diatribm</strong></span> <span class='ocrx_word' id='word_1_33' title='bbox 603 845 839 914; x_wconf 90' lang='lat' dir='ltr'><strong>quinque</strong></span> <span class='ocrx_word' id='word_1_34' title='bbox 868 830 1114 899; x_wconf 79' lang='lat' dir='ltr'><strong>edentur.</strong></span> <span class='ocrx_word' id='word_1_35' title='bbox 1151 844 1208 898; x_wconf 91' lang='lat' dir='ltr'><strong>ln</strong></span> <span class='ocrx_word' id='word_1_36' title='bbox 1230 860 1412 899; x_wconf 84' lang='lat' dir='ltr'><strong>earum</strong></span> <span class='ocrx_word' id='word_1_37' title='bbox 1440 844 1607 912; x_wconf 89' lang='lat' dir='ltr'><strong>prima</strong></span> <span class='ocrx_word' id='word_1_38' title='bbox 1637 859 1768 914; x_wconf 85' lang='lat' dir='ltr'><strong>age-</strong></span> 
     </span>
    </p>
   </div>
   <div class='ocr_carea' id='block_1_7' title="bbox 173 928 1785 1007">
    <p class='ocr_par' dir='ltr' id='par_1_7' title="bbox 173 928 1785 1007">
     <span class='ocr_line' id='line_1_7' title="bbox 173 928 1785 1007; baseline 0.002 -22"><span class='ocrx_word' id='word_1_39' title='bbox 173 943 261 987; x_wconf 88' lang='lat' dir='ltr'><strong>tnr</strong></span> <span class='ocrx_word' id='word_1_40' title='bbox 290 932 359 1005; x_wconf 76' lang='lat' dir='ltr'><strong>de</strong></span> <span class='ocrx_word' id='word_1_41' title='bbox 400 932 609 1007; x_wconf 76' lang='lat' dir='ltr'><strong>fortuna</strong></span> <span class='ocrx_word' id='word_1_42' title='bbox 637 950 862 1007; x_wconf 69' lang='lat' dir='ltr'><strong>Opt‘l&#39;lllll</strong></span> <span class='ocrx_word' id='word_1_43' title='bbox 899 937 1028 990; x_wconf 82' lang='lat' dir='ltr'><strong>tanti</strong></span> <span class='ocrx_word' id='word_1_44' title='bbox 1073 935 1346 1001; x_wconf 85' lang='lat' dir='ltr'><strong>docloris,</strong></span> <span class='ocrx_word' id='word_1_45' title='bbox 1388 936 1562 1005; x_wconf 87' lang='lat' dir='ltr'><strong>deque</strong></span> <span class='ocrx_word' id='word_1_46' title='bbox 1612 928 1785 1000; x_wconf 68' lang='lat' dir='ltr'><strong>variis&#39;</strong></span> 
     </span>
    </p>
   </div>
   <div class='ocr_carea' id='block_1_8' title="bbox 170 1024 1769 1097">
    <p class='ocr_par' dir='ltr' id='par_1_8' title="bbox 170 1024 1769 1097">
     <span class='ocr_line' id='line_1_8' title="bbox 170 1024 1769 1097; baseline 0.002 -20"><span class='ocrx_word' id='word_1_47' title='bbox 170 1024 564 1094; x_wconf 76' lang='lat' dir='ltr'><strong>manuscriptis</strong></span> <span class='ocrx_word' id='word_1_48' title='bbox 588 1026 863 1081; x_wconf 80' lang='lat' dir='ltr'><strong>codicibus</strong></span> <span class='ocrx_word' id='word_1_49' title='bbox 895 1028 1158 1096; x_wconf 82' lang='lat' dir='ltr'><strong>ejusdem,</strong></span> <span class='ocrx_word' id='word_1_50' title='bbox 1188 1028 1277 1097; x_wconf 85' lang='lat' dir='ltr'><strong>qui</strong></span> <span class='ocrx_word' id='word_1_51' title='bbox 1313 1028 1365 1081; x_wconf 90' lang='lat' dir='ltr'><strong>in</strong></span> <span class='ocrx_word' id='word_1_52' title='bbox 1398 1026 1637 1096; x_wconf 75' lang='lat' dir='ltr'><strong>plurimis</strong></span> <span class='ocrx_word' id='word_1_53' title='bbox 1658 1026 1769 1080; x_wconf 78' lang='lat' dir='ltr'><strong>Eu-</strong></span> 
     </span>
    </p>
   </div>
   <div class='ocr_carea' id='block_1_9' title="bbox 172 1114 1771 1189">
    <p class='ocr_par' dir='ltr' id='par_1_9' title="bbox 172 1114 1771 1189">
     <span class='ocr_line' id='line_1_9' title="bbox 172 1114 1771 1189; baseline 0.003 -25"><span class='ocrx_word' id='word_1_54' title='bbox 172 1130 323 1182; x_wconf 61' lang='lat' dir='ltr'><strong>rupae</strong></span> <span class='ocrx_word' id='word_1_55' title='bbox 375 1114 717 1169; x_wconf 81' lang='lat' dir='ltr'><strong>bibliothecis</strong></span> <span class='ocrx_word' id='word_1_56' title='bbox 759 1117 956 1189; x_wconf 76' lang='lat' dir='ltr'><strong>ingenti</strong></span> <span class='ocrx_word' id='word_1_57' title='bbox 994 1133 1216 1171; x_wconf 88' lang='lat' dir='ltr'><strong>numero</strong></span> <span class='ocrx_word' id='word_1_58' title='bbox 1260 1115 1503 1172; x_wconf 75' lang='lat' dir='ltr'><strong>feruntur</strong></span> <span class='ocrx_word' id='word_1_59' title='bbox 1533 1136 1547 1172; x_wconf 90' lang='lat'><strong>:</strong></span> <span class='ocrx_word' id='word_1_60' title='bbox 1577 1116 1620 1170; x_wconf 91' lang='lat' dir='ltr'><strong>si</strong></span> <span class='ocrx_word' id='word_1_61' title='bbox 1668 1132 1771 1186; x_wconf 85' lang='lat' dir='ltr'><strong>qua</strong></span> 
     </span>
    </p>
   </div>
   <div class='ocr_carea' id='block_1_10' title="bbox 172 1207 1770 1283">
    <p class='ocr_par' dir='ltr' id='par_1_10' title="bbox 172 1207 1770 1283">
     <span class='ocr_line' id='line_1_10' title="bbox 172 1207 1770 1283; baseline 0.003 -26"><span class='ocrx_word' id='word_1_62' title='bbox 172 1219 312 1281; x_wconf 35' lang='lat' dir='ltr'><strong>vero.</strong></span> <span class='ocrx_word' id='word_1_63' title='bbox 337 1207 393 1279; x_wconf 67' lang='lat' dir='ltr'><strong>in</strong></span> <span class='ocrx_word' id='word_1_64' title='bbox 421 1207 487 1277; x_wconf 75' lang='lat' dir='ltr'><strong>iis</strong></span> <span class='ocrx_word' id='word_1_65' title='bbox 514 1217 699 1281; x_wconf 67' lang='lat' dir='ltr'><strong>natatu</strong></span> <span class='ocrx_word' id='word_1_66' title='bbox 725 1207 881 1276; x_wconf 80' lang='lat' dir='ltr'><strong>digna</strong></span> <span class='ocrx_word' id='word_1_67' title='bbox 909 1217 964 1283; x_wconf 80' lang='lat' dir='ltr'><strong>et</strong></span> <span class='ocrx_word' id='word_1_68' title='bbox 993 1208 1279 1279; x_wconf 75' lang='lat' dir='ltr'><strong>singularia</strong></span> <span class='ocrx_word' id='word_1_69' title='bbox 1308 1209 1678 1273; x_wconf 80' lang='lat' dir='ltr'><strong>observentur,</strong></span> <span class='ocrx_word' id='word_1_70' title='bbox 1707 1222 1770 1262; x_wconf 87' lang='lat' dir='ltr'><strong>ea</strong></span> 
     </span>
    </p>
   </div>
   <div class='ocr_carea' id='block_1_11' title="bbox 172 1297 1773 1368">
    <p class='ocr_par' dir='ltr' id='par_1_11' title="bbox 172 1297 1773 1368">
     <span class='ocr_line' id='line_1_11' title="bbox 172 1297 1773 1368; baseline 0.004 -23"><span class='ocrx_word' id='word_1_71' title='bbox 172 1311 284 1349; x_wconf 87' lang='lat' dir='ltr'><strong>non</strong></span> <span class='ocrx_word' id='word_1_72' title='bbox 330 1297 528 1365; x_wconf 80' lang='lat' dir='ltr'><strong>pigebit</strong></span> <span class='ocrx_word' id='word_1_73' title='bbox 554 1307 833 1353; x_wconf 88' lang='lat' dir='ltr'><strong>annotare.</strong></span> <span class='ocrx_word' id='word_1_74' title='bbox 864 1298 997 1353; x_wconf 88' lang='lat' dir='ltr'><strong>Tum</strong></span> <span class='ocrx_word' id='word_1_75' title='bbox 1026 1299 1093 1354; x_wconf 91' lang='lat' dir='ltr'><strong>dc</strong></span> <span class='ocrx_word' id='word_1_76' title='bbox 1133 1299 1424 1355; x_wconf 86' lang='lat' dir='ltr'><strong>innumeris</strong></span> <span class='ocrx_word' id='word_1_77' title='bbox 1454 1313 1590 1368; x_wconf 92' lang='lat' dir='ltr'><strong>pene</strong></span> <span class='ocrx_word' id='word_1_78' title='bbox 1612 1298 1773 1353; x_wconf 83' lang='lat' dir='ltr'><strong>editis</strong></span> 
     </span>
    </p>
   </div>
   <div class='ocr_carea' id='block_1_12' title="bbox 172 1387 1769 1461">
    <p class='ocr_par' dir='ltr' id='par_1_12' title="bbox 172 1387 1769 1461">
     <span class='ocr_line' id='line_1_12' title="bbox 172 1387 1769 1461; baseline 0.002 -23"><span class='ocrx_word' id='word_1_79' title='bbox 172 1387 517 1461; x_wconf 68' lang='lat' dir='ltr'><strong>tractabitur,</strong></span> <span class='ocrx_word' id='word_1_80' title='bbox 540 1388 630 1457; x_wconf 85' lang='lat' dir='ltr'><strong>qui</strong></span> <span class='ocrx_word' id='word_1_81' title='bbox 673 1388 756 1444; x_wconf 87' lang='lat' dir='ltr'><strong>vel</strong></span> <span class='ocrx_word' id='word_1_82' title='bbox 808 1397 985 1458; x_wconf 85' lang='lat' dir='ltr'><strong>partes</strong></span> <span class='ocrx_word' id='word_1_83' title='bbox 1028 1404 1272 1458; x_wconf 88' lang='lat' dir='ltr'><strong>operum,</strong></span> <span class='ocrx_word' id='word_1_84' title='bbox 1295 1390 1377 1444; x_wconf 87' lang='lat' dir='ltr'><strong>vel</strong></span> <span class='ocrx_word' id='word_1_85' title='bbox 1403 1405 1562 1459; x_wconf 83' lang='lat' dir='ltr'><strong>opera</strong></span> <span class='ocrx_word' id='word_1_86' title='bbox 1591 1390 1769 1443; x_wconf 90' lang='lat' dir='ltr'><strong>omnia</strong></span> 
     </span>
    </p>
   </div>
   <div class='ocr_carea' id='block_1_13' title="bbox 171 1479 1769 1549">
    <p class='ocr_par' dir='ltr' id='par_1_13' title="bbox 171 1479 1769 1549">
     <span class='ocr_line' id='line_1_13' title="bbox 171 1479 1769 1549; baseline 0.003 -19"><span class='ocrx_word' id='word_1_87' title='bbox 171 1479 631 1549; x_wconf 73' lang='lat' dir='ltr'><strong>complectuntur,</strong></span> <span class='ocrx_word' id='word_1_88' title='bbox 656 1480 924 1549; x_wconf 78' lang='lat' dir='ltr'><strong>annotatis</strong></span> <span class='ocrx_word' id='word_1_89' title='bbox 952 1496 1114 1547; x_wconf 88' lang='lat' dir='ltr'><strong>anno,</strong></span> <span class='ocrx_word' id='word_1_90' title='bbox 1161 1481 1278 1535; x_wconf 91' lang='lat' dir='ltr'><strong>loco</strong></span> <span class='ocrx_word' id='word_1_91' title='bbox 1302 1490 1355 1536; x_wconf 92' lang='lat' dir='ltr'><strong>ct</strong></span> <span class='ocrx_word' id='word_1_92' title='bbox 1394 1481 1640 1536; x_wconf 77' lang='lat' dir='ltr'><strong>editionis</strong></span> <span class='ocrx_word' id='word_1_93' title='bbox 1670 1496 1769 1534; x_wconf 86' lang='lat' dir='ltr'><strong>au-</strong></span> 
     </span>
    </p>
   </div>
   <div class='ocr_carea' id='block_1_14' title="bbox 169 1560 1770 1647">
    <p class='ocr_par' dir='ltr' id='par_1_14' title="bbox 169 1560 1770 1647">
     <span class='ocr_line' id='line_1_14' title="bbox 169 1560 1770 1647; baseline 0.002 -25"><span class='ocrx_word' id='word_1_94' title='bbox 169 1580 329 1633; x_wconf 84' lang='lat' dir='ltr'><strong>ctore</strong></span> <span class='ocrx_word' id='word_1_95' title='bbox 360 1588 374 1622; x_wconf 90' lang='lat'><strong><em>:</em></strong></span> <span class='ocrx_word' id='word_1_96' title='bbox 408 1560 747 1639; x_wconf 63' lang='lat' dir='ltr'><strong>praefationes</strong></span> <span class='ocrx_word' id='word_1_97' title='bbox 787 1573 946 1627; x_wconf 89' lang='lat' dir='ltr'><strong>etiam</strong></span> <span class='ocrx_word' id='word_1_98' title='bbox 986 1571 1313 1647; x_wconf 75' lang='lat' dir='ltr'><strong>singularum</strong></span> <span class='ocrx_word' id='word_1_99' title='bbox 1339 1572 1630 1636; x_wconf 83' lang='lat' dir='ltr'><strong>editionum</strong></span> <span class='ocrx_word' id='word_1_100' title='bbox 1671 1572 1770 1626; x_wconf 83' lang='lat' dir='ltr'><strong>mi-</strong></span> 
     </span>
    </p>
   </div>
   <div class='ocr_carea' id='block_1_15' title="bbox 174 1660 1764 1718">
    <p class='ocr_par' dir='ltr' id='par_1_15' title="bbox 174 1660 1764 1718">
     <span class='ocr_line' id='line_1_15' title="bbox 174 1660 1764 1718; baseline 0.003 -7"><span class='ocrx_word' id='word_1_101' title='bbox 174 1660 396 1713; x_wconf 89' lang='lat' dir='ltr'><strong>nutiore</strong></span> <span class='ocrx_word' id='word_1_102' title='bbox 450 1660 762 1715; x_wconf 77' lang='lat' dir='ltr'><strong>charactere</strong></span> <span class='ocrx_word' id='word_1_103' title='bbox 811 1661 1093 1715; x_wconf 76' lang='lat' dir='ltr'><strong>cudentnr.</strong></span> <span class='ocrx_word' id='word_1_104' title='bbox 1151 1661 1205 1714; x_wconf 90' lang='lat' dir='ltr'><strong>lu</strong></span> <span class='ocrx_word' id='word_1_105' title='bbox 1257 1661 1488 1718; x_wconf 86' lang='lat' dir='ltr'><strong>secunda</strong></span> <span class='ocrx_word' id='word_1_106' title='bbox 1537 1661 1764 1715; x_wconf 84' lang='lat' dir='ltr'><strong>diatriba</strong></span> 
     </span>
    </p>
   </div>
   <div class='ocr_carea' id='block_1_16' title="bbox 172 1748 1767 1821">
    <p class='ocr_par' dir='ltr' id='par_1_16' title="bbox 172 1748 1767 1821">
     <span class='ocr_line' id='line_1_16' title="bbox 172 1748 1767 1821; baseline 0.003 -20"><span class='ocrx_word' id='word_1_107' title='bbox 172 1748 241 1803; x_wconf 90' lang='lat' dir='ltr'><strong>de</strong></span> <span class='ocrx_word' id='word_1_108' title='bbox 284 1763 347 1802; x_wconf 92' lang='lat' dir='ltr'><strong>rc</strong></span> <span class='ocrx_word' id='word_1_109' title='bbox 388 1749 679 1804; x_wconf 88' lang='lat' dir='ltr'><strong>admodum</strong></span> <span class='ocrx_word' id='word_1_110' title='bbox 727 1766 948 1821; x_wconf 84' lang='lat' dir='ltr'><strong>operosa</strong></span> <span class='ocrx_word' id='word_1_111' title='bbox 980 1751 1376 1820; x_wconf 73' lang='lat' dir='ltr'><strong>disputabitur;</strong></span> <span class='ocrx_word' id='word_1_112' title='bbox 1426 1753 1673 1805; x_wconf 84' lang='lat' dir='ltr'><strong>nimirum</strong></span> <span class='ocrx_word' id='word_1_113' title='bbox 1702 1751 1767 1806; x_wconf 90' lang='lat' dir='ltr'><strong>de</strong></span> 
     </span>
    </p>
   </div>
   <div class='ocr_carea' id='block_1_17' title="bbox 171 1838 1767 1917">
    <p class='ocr_par' dir='ltr' id='par_1_17' title="bbox 171 1838 1767 1917">
     <span class='ocr_line' id='line_1_17' title="bbox 171 1838 1767 1917; baseline 0.002 -23"><span class='ocrx_word' id='word_1_114' title='bbox 171 1840 401 1895; x_wconf 85' lang='lat' dir='ltr'><strong>amissis</strong></span> <span class='ocrx_word' id='word_1_115' title='bbox 455 1842 573 1909; x_wconf 84' lang='lat' dir='ltr'><strong>ejus</strong></span> <span class='ocrx_word' id='word_1_116' title='bbox 618 1842 763 1896; x_wconf 86' lang='lat' dir='ltr'><strong>libris</strong></span> <span class='ocrx_word' id='word_1_117' title='bbox 810 1842 1167 1912; x_wconf 73' lang='lat' dir='ltr'><strong>operibusque</strong></span> <span class='ocrx_word' id='word_1_118' title='bbox 1220 1844 1423 1917; x_wconf 72' lang='lat' dir='ltr'><strong>variis,</strong></span> <span class='ocrx_word' id='word_1_119' title='bbox 1467 1838 1586 1911; x_wconf 75' lang='lat' dir='ltr'><strong>qua:</strong></span> <span class='ocrx_word' id='word_1_120' title='bbox 1634 1850 1767 1902; x_wconf 84' lang='lat' dir='ltr'><strong>teste</strong></span> 
     </span>
    </p>
   </div>
   <div class='ocr_carea' id='block_1_18' title="bbox 158 1927 1766 2002">
    <p class='ocr_par' dir='ltr' id='par_1_18' title="bbox 158 1927 1766 2002">
     <span class='ocr_line' id='line_1_18' title="bbox 158 1927 1766 2002; baseline 0.002 -18"><span class='ocrx_word' id='word_1_121' title='bbox 158 1927 335 1998; x_wconf 68' lang='lat' dir='ltr'><strong>&#39;Suida</strong></span> <span class='ocrx_word' id='word_1_122' title='bbox 389 1945 607 1985; x_wconf 89' lang='lat' dir='ltr'><strong>omnem</strong></span> <span class='ocrx_word' id='word_1_123' title='bbox 644 1928 920 1987; x_wconf 85' lang='lat' dir='ltr'><strong>numerum</strong></span> <span class='ocrx_word' id='word_1_124' title='bbox 970 1932 1297 2002; x_wconf 72' lang='lat' dir='ltr'><strong>superabant</strong></span> <span class='ocrx_word' id='word_1_125' title='bbox 1330 1951 1342 1985; x_wconf 92' lang='lat'>:</span> <span class='ocrx_word' id='word_1_126' title='bbox 1395 1933 1466 1986; x_wconf 89' lang='lat' dir='ltr'><strong>ibi</strong></span> <span class='ocrx_word' id='word_1_127' title='bbox 1505 1932 1572 1991; x_wconf 85' lang='lat' dir='ltr'><strong>de</strong></span> <span class='ocrx_word' id='word_1_128' title='bbox 1605 1932 1766 1987; x_wconf 88' lang='lat' dir='ltr'><strong>Com-</strong></span> 
     </span>
    </p>
   </div>
   <div class='ocr_carea' id='block_1_19' title="bbox 171 2005 1768 2093">
    <p class='ocr_par' dir='ltr' id='par_1_19' title="bbox 171 2005 1768 2093">
     <span class='ocr_line' id='line_1_19' title="bbox 171 2005 1768 2093; baseline 0.001 -17"><span class='ocrx_word' id='word_1_129' title='bbox 171 2005 459 2081; x_wconf 74' lang='lat' dir='ltr'><strong>mentariis</strong></span> <span class='ocrx_word' id='word_1_130' title='bbox 488 2022 537 2074; x_wconf 92' lang='lat' dir='ltr'><strong>in</strong></span> <span class='ocrx_word' id='word_1_131' title='bbox 570 2022 800 2076; x_wconf 77' lang='lat' dir='ltr'><strong>Mart-um</strong></span> <span class='ocrx_word' id='word_1_132' title='bbox 832 2034 883 2077; x_wconf 89' lang='lat' dir='ltr'><strong>et</strong></span> <span class='ocrx_word' id='word_1_133' title='bbox 911 2024 964 2077; x_wconf 91' lang='lat' dir='ltr'><strong>in</strong></span> <span class='ocrx_word' id='word_1_134' title='bbox 1008 2022 1205 2086; x_wconf 86' lang='lat' dir='ltr'><strong>Lucam</strong></span> <span class='ocrx_word' id='word_1_135' title='bbox 1234 2023 1608 2093; x_wconf 85' lang='lat' dir='ltr'><strong>disputabitur,</strong></span> <span class='ocrx_word' id='word_1_136' title='bbox 1631 2038 1768 2093; x_wconf 88' lang='lat' dir='ltr'><strong>quos</strong></span> 
     </span>
    </p>
   </div>
   <div class='ocr_carea' id='block_1_20' title="bbox 171 2110 1764 2185">
    <p class='ocr_par' dir='ltr' id='par_1_20' title="bbox 171 2110 1764 2185">
     <span class='ocr_line' id='line_1_20' title="bbox 171 2110 1764 2185; baseline 0.004 -22"><span class='ocrx_word' id='word_1_137' title='bbox 171 2111 261 2165; x_wconf 82' lang='lat' dir='ltr'><strong>alii</strong></span> <span class='ocrx_word' id='word_1_138' title='bbox 312 2111 553 2167; x_wconf 83' lang='lat' dir='ltr'><strong>edidisse</strong></span> <span class='ocrx_word' id='word_1_139' title='bbox 586 2110 1027 2184; x_wconf 79' lang='lat' dir='ltr'><strong>Cbrysostomttnt</strong></span> <span class='ocrx_word' id='word_1_140' title='bbox 1079 2123 1329 2175; x_wconf 83' lang='lat' dir='ltr'><strong>narrant.</strong></span> <span class='ocrx_word' id='word_1_141' title='bbox 1356 2114 1445 2169; x_wconf 86' lang='lat' dir='ltr'><strong>alii</strong></span> <span class='ocrx_word' id='word_1_142' title='bbox 1477 2131 1764 2185; x_wconf 86' lang='lat' dir='ltr'><strong>numquam</strong></span> 
     </span>
    </p>
   </div>
   <div class='ocr_carea' id='block_1_21' title="bbox 172 2204 1765 2279">
    <p class='ocr_par' dir='ltr' id='par_1_21' title="bbox 172 2204 1765 2279">
     <span class='ocr_line' id='line_1_21' title="bbox 172 2204 1765 2279; baseline 0.002 -22"><span class='ocrx_word' id='word_1_143' title='bbox 172 2204 453 2272; x_wconf 72' lang='lat' dir='ltr'><strong>exstitisse</strong></span> <span class='ocrx_word' id='word_1_144' title='bbox 498 2205 866 2262; x_wconf 81' lang='lat' dir='ltr'><strong>contendunt:</strong></span> <span class='ocrx_word' id='word_1_145' title='bbox 898 2207 964 2262; x_wconf 90' lang='lat' dir='ltr'><strong>de</strong></span> <span class='ocrx_word' id='word_1_146' title='bbox 1010 2207 1377 2279; x_wconf 82' lang='lat' dir='ltr'><strong>Chrysostonti</strong></span> <span class='ocrx_word' id='word_1_147' title='bbox 1413 2208 1540 2273; x_wconf 83' lang='lat' dir='ltr'><strong>item</strong></span> <span class='ocrx_word' id='word_1_148' title='bbox 1570 2208 1765 2263; x_wconf 86' lang='lat' dir='ltr'><strong>oratio-</strong></span> 
     </span>
    </p>
   </div>
   <div class='ocr_carea' id='block_1_22' title="bbox 175 2296 1763 2367">
    <p class='ocr_par' dir='ltr' id='par_1_22' title="bbox 175 2296 1763 2367">
     <span class='ocr_line' id='line_1_22' title="bbox 175 2296 1763 2367; baseline 0.003 -16"><span class='ocrx_word' id='word_1_149' title='bbox 175 2296 331 2351; x_wconf 89' lang='lat' dir='ltr'><strong>nibus</strong></span> <span class='ocrx_word' id='word_1_150' title='bbox 363 2304 553 2349; x_wconf 87' lang='lat' dir='ltr'><strong>contra</strong></span> <span class='ocrx_word' id='word_1_151' title='bbox 578 2297 804 2361; x_wconf 79' lang='lat' dir='ltr'><strong>Arabas,</strong></span> <span class='ocrx_word' id='word_1_152' title='bbox 834 2299 923 2367; x_wconf 90' lang='lat' dir='ltr'><strong>qui</strong></span> <span class='ocrx_word' id='word_1_153' title='bbox 953 2299 1201 2353; x_wconf 82' lang='lat' dir='ltr'><strong>dicebant</strong></span> <span class='ocrx_word' id='word_1_154' title='bbox 1221 2299 1453 2353; x_wconf 88' lang='lat' dir='ltr'><strong>animam</strong></span> <span class='ocrx_word' id='word_1_155' title='bbox 1485 2300 1619 2353; x_wconf 84' lang='lat' dir='ltr'><strong>mori</strong></span> <span class='ocrx_word' id='word_1_156' title='bbox 1641 2315 1763 2355; x_wconf 90' lang='lat' dir='ltr'><strong>cum</strong></span> 
     </span>
    </p>
   </div>
   <div class='ocr_carea' id='block_1_23' title="bbox 174 2387 1769 2461">
    <p class='ocr_par' dir='ltr' id='par_1_23' title="bbox 174 2387 1769 2461">
     <span class='ocr_line' id='line_1_23' title="bbox 174 2387 1769 2461; baseline 0.003 -25"><span class='ocrx_word' id='word_1_157' title='bbox 174 2400 446 2456; x_wconf 73' lang='lat' dir='ltr'><strong>corpore,</strong></span> <span class='ocrx_word' id='word_1_158' title='bbox 486 2402 618 2456; x_wconf 89' lang='lat' dir='ltr'><strong>quas</strong></span> <span class='ocrx_word' id='word_1_159' title='bbox 677 2387 948 2443; x_wconf 86' lang='lat' dir='ltr'><strong>Orationes</strong></span> <span class='ocrx_word' id='word_1_160' title='bbox 995 2389 1156 2459; x_wconf 88' lang='lat' dir='ltr'><strong>aliqui</strong></span> <span class='ocrx_word' id='word_1_161' title='bbox 1210 2390 1349 2444; x_wconf 90' lang='lat' dir='ltr'><strong>inter</strong></span> <span class='ocrx_word' id='word_1_162' title='bbox 1395 2389 1769 2461; x_wconf 77' lang='lat' dir='ltr'><strong>Cbrysostomi</strong></span> 
     </span>
    </p>
   </div>
   <div class='ocr_carea' id='block_1_24' title="bbox 174 2478 1764 2550">
    <p class='ocr_par' dir='ltr' id='par_1_24' title="bbox 174 2478 1764 2550">
     <span class='ocr_line' id='line_1_24' title="bbox 174 2478 1764 2550; baseline 0.003 -18"><span class='ocrx_word' id='word_1_163' title='bbox 174 2492 335 2549; x_wconf 76' lang='lat' dir='ltr'><strong>opera</strong></span> <span class='ocrx_word' id='word_1_164' title='bbox 366 2486 653 2532; x_wconf 81' lang='lat' dir='ltr'><strong>recensent</strong></span> <span class='ocrx_word' id='word_1_165' title='bbox 681 2496 695 2532; x_wconf 91' lang='lat'><strong><em>:</em></strong></span> <span class='ocrx_word' id='word_1_166' title='bbox 727 2478 902 2549; x_wconf 82' lang='lat' dir='ltr'><strong>deque</strong></span> <span class='ocrx_word' id='word_1_167' title='bbox 938 2480 1057 2534; x_wconf 90' lang='lat' dir='ltr'><strong>aliis</strong></span> <span class='ocrx_word' id='word_1_168' title='bbox 1089 2481 1390 2550; x_wconf 86' lang='lat' dir='ltr'><strong>hujusmodi</strong></span> <span class='ocrx_word' id='word_1_169' title='bbox 1418 2481 1556 2536; x_wconf 89' lang='lat' dir='ltr'><strong>bene</strong></span> <span class='ocrx_word' id='word_1_170' title='bbox 1582 2481 1764 2543; x_wconf 81' lang='lat' dir='ltr'><strong>multis</strong></span> 
     </span>
    </p>
   </div>
   <div class='ocr_carea' id='block_1_25' title="bbox 175 2566 1767 2639">
    <p class='ocr_par' dir='ltr' id='par_1_25' title="bbox 175 2566 1767 2639">
     <span class='ocr_line' id='line_1_25' title="bbox 175 2566 1767 2639; baseline 0.004 -19"><span class='ocrx_word' id='word_1_171' title='bbox 175 2566 494 2639; x_wconf 83' lang='lat' dir='ltr'><strong>disseretur.</strong></span> <span class='ocrx_word' id='word_1_172' title='bbox 536 2568 591 2623; x_wconf 94' lang='lat' dir='ltr'><strong>ln</strong></span> <span class='ocrx_word' id='word_1_173' title='bbox 632 2569 788 2630; x_wconf 85' lang='lat' dir='ltr'><strong>tertia</strong></span> <span class='ocrx_word' id='word_1_174' title='bbox 831 2569 1056 2637; x_wconf 79' lang='lat' dir='ltr'><strong>diatriba</strong></span> <span class='ocrx_word' id='word_1_175' title='bbox 1082 2570 1150 2626; x_wconf 90' lang='lat' dir='ltr'><strong>de</strong></span> <span class='ocrx_word' id='word_1_176' title='bbox 1179 2571 1420 2626; x_wconf 85' lang='lat' dir='ltr'><strong>doctrina</strong></span> <span class='ocrx_word' id='word_1_177' title='bbox 1456 2570 1513 2627; x_wconf 89' lang='lat' dir='ltr'><strong>S.</strong></span> <span class='ocrx_word' id='word_1_178' title='bbox 1541 2571 1767 2627; x_wconf 84' lang='lat' dir='ltr'><strong>Joannis</strong></span> 
     </span>
    </p>
   </div>
   <div class='ocr_carea' id='block_1_26' title="bbox 173 2657 1765 2733">
    <p class='ocr_par' dir='ltr' id='par_1_26' title="bbox 173 2657 1765 2733">
     <span class='ocr_line' id='line_1_26' title="bbox 173 2657 1765 2733; baseline 0.004 -20"><span class='ocrx_word' id='word_1_179' title='bbox 173 2657 546 2730; x_wconf 78' lang='lat' dir='ltr'><strong>Chrysostomi</strong></span> <span class='ocrx_word' id='word_1_180' title='bbox 593 2660 737 2714; x_wconf 89' lang='lat' dir='ltr'><strong>circa</strong></span> <span class='ocrx_word' id='word_1_181' title='bbox 791 2660 913 2716; x_wconf 91' lang='lat' dir='ltr'><strong>ﬁdei</strong></span> <span class='ocrx_word' id='word_1_182' title='bbox 972 2661 1216 2733; x_wconf 79' lang='lat' dir='ltr'><strong>dogmata</strong></span> <span class='ocrx_word' id='word_1_183' title='bbox 1270 2662 1619 2728; x_wconf 87' lang='lat' dir='ltr'><strong>tractabitur,</strong></span> <span class='ocrx_word' id='word_1_184' title='bbox 1674 2663 1765 2719; x_wconf 89' lang='lat' dir='ltr'><strong>ubi</strong></span> 
     </span>
    </p>
   </div>
   <div class='ocr_carea' id='block_1_27' title="bbox 174 2749 1765 2827">
    <p class='ocr_par' dir='ltr' id='par_1_27' title="bbox 174 2749 1765 2827">
     <span class='ocr_line' id='line_1_27' title="bbox 174 2749 1765 2827; baseline 0.004 -25"><span class='ocrx_word' id='word_1_185' title='bbox 174 2749 337 2823; x_wconf 82' lang='lat' dir='ltr'><strong>ipsius</strong></span> <span class='ocrx_word' id='word_1_186' title='bbox 382 2751 607 2827; x_wconf 79' lang='lat' dir='ltr'><strong>prolatis</strong></span> <span class='ocrx_word' id='word_1_187' title='bbox 663 2751 723 2806; x_wconf 88' lang='lat' dir='ltr'><strong>S.</strong></span> <span class='ocrx_word' id='word_1_188' title='bbox 778 2750 1014 2807; x_wconf 88' lang='lat' dir='ltr'><strong>doctoris</strong></span> <span class='ocrx_word' id='word_1_189' title='bbox 1075 2752 1234 2808; x_wconf 88' lang='lat' dir='ltr'><strong>dictis</strong></span> <span class='ocrx_word' id='word_1_190' title='bbox 1280 2766 1439 2825; x_wconf 89' lang='lat' dir='ltr'><strong>atque</strong></span> <span class='ocrx_word' id='word_1_191' title='bbox 1484 2755 1765 2823; x_wconf 71' lang='lat' dir='ltr'><strong>sententiis</strong></span> 
     </span>
    </p>
   </div>
   <div class='ocr_carea' id='block_1_28' title="bbox 171 2842 1760 2918">
    <p class='ocr_par' dir='ltr' id='par_1_28' title="bbox 171 2842 1760 2918">
     <span class='ocr_line' id='line_1_28' title="bbox 171 2842 1760 2918; baseline 0.005 -24"><span class='ocrx_word' id='word_1_192' title='bbox 171 2842 345 2906; x_wconf 81' lang='lat' dir='ltr'><strong>omnia</strong></span> <span class='ocrx_word' id='word_1_193' title='bbox 378 2843 805 2898; x_wconf 77' lang='lat' dir='ltr'><strong>recensebantur</strong></span> <span class='ocrx_word' id='word_1_194' title='bbox 829 2861 843 2906; x_wconf 91' lang='lat'><strong>;</strong></span> <span class='ocrx_word' id='word_1_195' title='bbox 875 2845 1034 2915; x_wconf 89' lang='lat' dir='ltr'><strong>idque</strong></span> <span class='ocrx_word' id='word_1_196' title='bbox 1062 2862 1169 2901; x_wconf 90' lang='lat' dir='ltr'><strong>non</strong></span> <span class='ocrx_word' id='word_1_197' title='bbox 1196 2847 1525 2918; x_wconf 89' lang='lat' dir='ltr'><strong>disceptandi</strong></span> <span class='ocrx_word' id='word_1_198' title='bbox 1554 2848 1760 2917; x_wconf 80' lang='lat' dir='ltr'><strong>animo,</strong></span> 
     </span>
    </p>
   </div>
   <div class='ocr_carea' id='block_1_29' title="bbox 173 2931 1761 3008">
    <p class='ocr_par' dir='ltr' id='par_1_29' title="bbox 173 2931 1761 3008">
     <span class='ocr_line' id='line_1_29' title="bbox 173 2931 1761 3008; baseline 0.008 -23"><span class='ocrx_word' id='word_1_199' title='bbox 173 2931 270 2991; x_wconf 82' lang='lat' dir='ltr'><strong>sed</strong></span> <span class='ocrx_word' id='word_1_200' title='bbox 296 2949 364 2987; x_wconf 79' lang='lat' dir='ltr'><strong>ex</strong></span> <span class='ocrx_word' id='word_1_201' title='bbox 408 2949 518 2989; x_wconf 91' lang='lat' dir='ltr'><strong>uno</strong></span> <span class='ocrx_word' id='word_1_202' title='bbox 544 2935 657 2989; x_wconf 83' lang='lat' dir='ltr'><strong>veri</strong></span> <span class='ocrx_word' id='word_1_203' title='bbox 698 2936 894 2991; x_wconf 90' lang='lat' dir='ltr'><strong>studio.</strong></span> <span class='ocrx_word' id='word_1_204' title='bbox 930 2938 982 2992; x_wconf 94' lang='lat' dir='ltr'><strong>In</strong></span> <span class='ocrx_word' id='word_1_205' title='bbox 1021 2948 1208 3008; x_wconf 84' lang='lat' dir='ltr'><strong>quarta</strong></span> <span class='ocrx_word' id='word_1_206' title='bbox 1238 2938 1465 3005; x_wconf 78' lang='lat' dir='ltr'><strong>diatriba</strong></span> <span class='ocrx_word' id='word_1_207' title='bbox 1496 2940 1564 2995; x_wconf 91' lang='lat' dir='ltr'><strong>dc</strong></span> <span class='ocrx_word' id='word_1_208' title='bbox 1600 2941 1761 2998; x_wconf 89' lang='lat' dir='ltr'><strong>disci-</strong></span> 
     </span>
    </p>
   </div>
   <div class='ocr_carea' id='block_1_30' title="bbox 170 3026 1764 3103">
    <p class='ocr_par' dir='ltr' id='par_1_30' title="bbox 170 3026 1764 3103">
     <span class='ocr_line' id='line_1_30' title="bbox 170 3026 1764 3103; baseline 0.006 -25"><span class='ocrx_word' id='word_1_209' title='bbox 170 3026 308 3095; x_wconf 86' lang='lat' dir='ltr'><strong>plina</strong></span> <span class='ocrx_word' id='word_1_210' title='bbox 337 3035 585 3096; x_wconf 87' lang='lat' dir='ltr'><strong>tempore</strong></span> <span class='ocrx_word' id='word_1_211' title='bbox 612 3028 980 3101; x_wconf 83' lang='lat' dir='ltr'><strong>Chrysostomi</strong></span> <span class='ocrx_word' id='word_1_212' title='bbox 1006 3046 1072 3087; x_wconf 79' lang='lat' dir='ltr'><strong>ex</strong></span> <span class='ocrx_word' id='word_1_213' title='bbox 1100 3033 1263 3101; x_wconf 89' lang='lat' dir='ltr'><strong>ipsius</strong></span> <span class='ocrx_word' id='word_1_214' title='bbox 1295 3033 1525 3097; x_wconf 81' lang='lat' dir='ltr'><strong>maxime</strong></span> <span class='ocrx_word' id='word_1_215' title='bbox 1551 3031 1764 3103; x_wconf 87' lang='lat' dir='ltr'><strong>scriptis</strong></span> 
     </span>
    </p>
   </div>
   <div class='ocr_carea' id='block_1_31' title="bbox 168 3105 1763 3193">
    <p class='ocr_par' dir='ltr' id='par_1_31' title="bbox 168 3105 1763 3193">
     <span class='ocr_line' id='line_1_31' title="bbox 168 3105 1763 3193; baseline 0.009 -29"><span class='ocrx_word' id='word_1_216' title='bbox 168 3105 372 3185; x_wconf 79' lang='lat' dir='ltr'><strong>agetur.</strong></span> <span class='ocrx_word' id='word_1_217' title='bbox 416 3116 518 3173; x_wconf 90' lang='lat' dir='ltr'><strong>Ubi</strong></span> <span class='ocrx_word' id='word_1_218' title='bbox 544 3119 835 3189; x_wconf 77' lang='lat' dir='ltr'><strong>singularia</strong></span> <span class='ocrx_word' id='word_1_219' title='bbox 876 3129 1056 3189; x_wconf 89' lang='lat' dir='ltr'><strong>certe,</strong></span> <span class='ocrx_word' id='word_1_220' title='bbox 1088 3122 1202 3178; x_wconf 83' lang='lat' dir='ltr'><strong>sive</strong></span> <span class='ocrx_word' id='word_1_221' title='bbox 1236 3123 1376 3193; x_wconf 91' lang='lat' dir='ltr'><strong>quod</strong></span> <span class='ocrx_word' id='word_1_222' title='bbox 1403 3124 1467 3179; x_wconf 86' lang='lat' dir='ltr'><strong>ad</strong></span> <span class='ocrx_word' id='word_1_223' title='bbox 1498 3124 1763 3193; x_wconf 86' lang='lat' dir='ltr'><strong>liturgiam</strong></span> 
     </span>
    </p>
   </div>
   <div class='ocr_carea' id='block_1_32' title="bbox 168 3206 1760 3283">
    <p class='ocr_par' dir='ltr' id='par_1_32' title="bbox 168 3206 1760 3283">
     <span class='ocr_line' id='line_1_32' title="bbox 168 3206 1760 3283; baseline 0.006 -25"><span class='ocrx_word' id='word_1_224' title='bbox 168 3214 223 3269; x_wconf 84' lang='lat' dir='ltr'><strong>et</strong></span> <span class='ocrx_word' id='word_1_225' title='bbox 261 3206 516 3262; x_wconf 79' lang='lat' dir='ltr'><strong>sacriﬁcii</strong></span> <span class='ocrx_word' id='word_1_226' title='bbox 544 3209 990 3278; x_wconf 82' lang='lat' dir='ltr'><strong>celebrationem,</strong></span> <span class='ocrx_word' id='word_1_227' title='bbox 1022 3213 1136 3268; x_wconf 83' lang='lat' dir='ltr'><strong>sive</strong></span> <span class='ocrx_word' id='word_1_228' title='bbox 1159 3214 1299 3283; x_wconf 88' lang='lat' dir='ltr'><strong>quod</strong></span> <span class='ocrx_word' id='word_1_229' title='bbox 1330 3214 1396 3269; x_wconf 90' lang='lat' dir='ltr'><strong>ad</strong></span> <span class='ocrx_word' id='word_1_230' title='bbox 1433 3214 1566 3268; x_wconf 81' lang='lat' dir='ltr'><strong>alios</strong></span> <span class='ocrx_word' id='word_1_231' title='bbox 1592 3215 1724 3269; x_wconf 91' lang='lat' dir='ltr'><strong>ritus</strong></span> <span class='ocrx_word' id='word_1_232' title='bbox 1743 3256 1760 3281; x_wconf 90' lang='lat'><strong>,</strong></span> 
     </span>
    </p>
   </div>
   <div class='ocr_carea' id='block_1_33' title="bbox 171 3296 1763 3372">
    <p class='ocr_par' dir='ltr' id='par_1_33' title="bbox 171 3296 1763 3372">
     <span class='ocr_line' id='line_1_33' title="bbox 171 3296 1763 3372; baseline 0.006 -21"><span class='ocrx_word' id='word_1_233' title='bbox 171 3296 626 3369; x_wconf 78' lang='lat' dir='ltr'><strong>observabuntur,</strong></span> <span class='ocrx_word' id='word_1_234' title='bbox 653 3316 845 3372; x_wconf 88' lang='lat' dir='ltr'><strong>nempe</strong></span> <span class='ocrx_word' id='word_1_235' title='bbox 883 3302 951 3359; x_wconf 88' lang='lat' dir='ltr'><strong>de</strong></span> <span class='ocrx_word' id='word_1_236' title='bbox 977 3304 1137 3360; x_wconf 88' lang='lat' dir='ltr'><strong>variis</strong></span> <span class='ocrx_word' id='word_1_237' title='bbox 1166 3305 1353 3360; x_wconf 81' lang='lat' dir='ltr'><strong>ofﬁciis</strong></span> <span class='ocrx_word' id='word_1_238' title='bbox 1388 3306 1597 3361; x_wconf 86' lang='lat' dir='ltr'><strong>diaconi</strong></span> <span class='ocrx_word' id='word_1_239' title='bbox 1627 3307 1763 3361; x_wconf 86' lang='lat' dir='ltr'><strong>alio-</strong></span> 
     </span>
    </p>
   </div>
   <div class='ocr_carea' id='block_1_34' title="bbox 170 3389 1759 3465">
    <p class='ocr_par' dir='ltr' id='par_1_34' title="bbox 170 3389 1759 3465">
     <span class='ocr_line' id='line_1_34' title="bbox 170 3389 1759 3465; baseline 0.007 -26"><span class='ocrx_word' id='word_1_240' title='bbox 170 3402 392 3461; x_wconf 72' lang='lat' dir='ltr'><strong>rumque</strong></span> <span class='ocrx_word' id='word_1_241' title='bbox 438 3389 845 3458; x_wconf 87' lang='lat' dir='ltr'><strong>ministrorum;</strong></span> <span class='ocrx_word' id='word_1_242' title='bbox 889 3397 957 3449; x_wconf 89' lang='lat' dir='ltr'><strong>de</strong></span> <span class='ocrx_word' id='word_1_243' title='bbox 998 3396 1328 3449; x_wconf 84' lang='lat' dir='ltr'><strong>ornamentis</strong></span> <span class='ocrx_word' id='word_1_244' title='bbox 1368 3396 1759 3465; x_wconf 89' lang='lat' dir='ltr'><strong>Ecclesiarum,</strong></span> 
     </span>
    </p>
   </div>
   <div class='ocr_carea' id='block_1_35' title="bbox 172 3476 1759 3560">
    <p class='ocr_par' dir='ltr' id='par_1_35' title="bbox 172 3476 1759 3560">
     <span class='ocr_line' id='line_1_35' title="bbox 172 3476 1759 3560; baseline 0.007 -28"><span class='ocrx_word' id='word_1_245' title='bbox 172 3476 234 3547; x_wconf 81' lang='lat' dir='ltr'><strong>de</strong></span> <span class='ocrx_word' id='word_1_246' title='bbox 260 3479 398 3549; x_wconf 84' lang='lat' dir='ltr'><strong>signi</strong></span> <span class='ocrx_word' id='word_1_247' title='bbox 448 3479 639 3536; x_wconf 88' lang='lat' dir='ltr'><strong>Crucis</strong></span> <span class='ocrx_word' id='word_1_248' title='bbox 669 3483 815 3537; x_wconf 85' lang='lat' dir='ltr'><strong>vario</strong></span> <span class='ocrx_word' id='word_1_249' title='bbox 842 3497 972 3552; x_wconf 87' lang='lat' dir='ltr'><strong>usu;</strong></span> <span class='ocrx_word' id='word_1_250' title='bbox 1013 3485 1080 3540; x_wconf 90' lang='lat' dir='ltr'><strong>de</strong></span> <span class='ocrx_word' id='word_1_251' title='bbox 1104 3486 1223 3541; x_wconf 91' lang='lat' dir='ltr'><strong>oleo</strong></span> <span class='ocrx_word' id='word_1_252' title='bbox 1249 3502 1313 3542; x_wconf 79' lang='lat' dir='ltr'><strong>ex</strong></span> <span class='ocrx_word' id='word_1_253' title='bbox 1341 3486 1439 3541; x_wconf 81' lang='lat' dir='ltr'><strong>SS.</strong></span> <span class='ocrx_word' id='word_1_254' title='bbox 1469 3498 1759 3560; x_wconf 81' lang='lat' dir='ltr'><strong>martyrum</strong></span> 
     </span>
    </p>
   </div>
   <div class='ocr_carea' id='block_1_36' title="bbox 170 3568 1760 3644">
    <p class='ocr_par' dir='ltr' id='par_1_36' title="bbox 170 3568 1760 3644">
     <span class='ocr_line' id='line_1_36' title="bbox 170 3568 1760 3644; baseline 0.006 -18"><span class='ocrx_word' id='word_1_255' title='bbox 170 3568 423 3637; x_wconf 61' lang='lat' dir='ltr'><strong>npulcris</strong></span> <span class='ocrx_word' id='word_1_256' title='bbox 467 3570 775 3643; x_wconf 81' lang='lat' dir='ltr'><strong>desumpta,</strong></span> <span class='ocrx_word' id='word_1_257' title='bbox 821 3590 926 3644; x_wconf 90' lang='lat' dir='ltr'><strong>quo</strong></span> <span class='ocrx_word' id='word_1_258' title='bbox 968 3576 1248 3631; x_wconf 89' lang='lat' dir='ltr'><strong>utebantur</strong></span> <span class='ocrx_word' id='word_1_259' title='bbox 1289 3578 1355 3633; x_wconf 89' lang='lat' dir='ltr'><strong>ad</strong></span> <span class='ocrx_word' id='word_1_260' title='bbox 1382 3577 1653 3635; x_wconf 68' lang='lat' dir='ltr'><strong>daemones</strong></span> <span class='ocrx_word' id='word_1_261' title='bbox 1679 3583 1760 3636; x_wconf 88' lang='lat' dir='ltr'><strong>lu-</strong></span> 
     </span>
    </p>
   </div>
   <div class='ocr_carea' id='block_1_37' title="bbox 168 3660 1760 3742">
    <p class='ocr_par' dir='ltr' id='par_1_37' title="bbox 168 3660 1760 3742">
     <span class='ocr_line' id='line_1_37' title="bbox 168 3660 1760 3742; baseline 0.01 -30"><span class='ocrx_word' id='word_1_262' title='bbox 168 3660 367 3728; x_wconf 73' lang='lat' dir='ltr'><strong>gaudos</strong></span> <span class='ocrx_word' id='word_1_263' title='bbox 413 3663 740 3735; x_wconf 84' lang='lat' dir='ltr'><strong>morbosque</strong></span> <span class='ocrx_word' id='word_1_264' title='bbox 785 3667 1092 3737; x_wconf 90' lang='lat' dir='ltr'><strong>pellendos;</strong></span> <span class='ocrx_word' id='word_1_265' title='bbox 1140 3670 1490 3742; x_wconf 87' lang='lat' dir='ltr'><strong>similiterque</strong></span> <span class='ocrx_word' id='word_1_266' title='bbox 1533 3672 1601 3728; x_wconf 89' lang='lat' dir='ltr'><strong>de</strong></span> <span class='ocrx_word' id='word_1_267' title='bbox 1638 3673 1760 3730; x_wconf 89' lang='lat' dir='ltr'><strong>oleo</strong></span> 
     </span>
    </p>
   </div>
   <div class='ocr_carea' id='block_1_38' title="bbox 168 3748 1759 3837">
    <p class='ocr_par' dir='ltr' id='par_1_38' title="bbox 168 3748 1759 3837">
     <span class='ocr_line' id='line_1_38' title="bbox 168 3748 1759 3837; baseline 0.006 -25"><span class='ocrx_word' id='word_1_268' title='bbox 168 3748 362 3812; x_wconf 64' lang='lat' dir='ltr'><strong>sanctae</strong></span> <span class='ocrx_word' id='word_1_269' title='bbox 404 3757 627 3822; x_wconf 86' lang='lat' dir='ltr'><strong>Crucis,</strong></span> <span class='ocrx_word' id='word_1_270' title='bbox 668 3759 737 3815; x_wconf 90' lang='lat' dir='ltr'><strong>de</strong></span> <span class='ocrx_word' id='word_1_271' title='bbox 766 3777 873 3831; x_wconf 90' lang='lat' dir='ltr'><strong>quo</strong></span> <span class='ocrx_word' id='word_1_272' title='bbox 911 3762 963 3816; x_wconf 91' lang='lat' dir='ltr'><strong>in</strong></span> <span class='ocrx_word' id='word_1_273' title='bbox 994 3762 1108 3817; x_wconf 75' lang='lat' dir='ltr'><strong>Vita</strong></span> <span class='ocrx_word' id='word_1_274' title='bbox 1137 3763 1194 3819; x_wconf 91' lang='lat' dir='ltr'><strong>S.</strong></span> <span class='ocrx_word' id='word_1_275' title='bbox 1228 3763 1415 3830; x_wconf 74' lang='lat' dir='ltr'><strong>Sabm;</strong></span> <span class='ocrx_word' id='word_1_276' title='bbox 1443 3764 1618 3837; x_wconf 87' lang='lat' dir='ltr'><strong>deque</strong></span> <span class='ocrx_word' id='word_1_277' title='bbox 1642 3767 1759 3822; x_wconf 92' lang='lat' dir='ltr'><strong>aliis</strong></span> 
     </span>
    </p>
   </div>
   <div class='ocr_carea' id='block_1_39' title="bbox 170 3845 1760 3929">
    <p class='ocr_par' dir='ltr' id='par_1_39' title="bbox 170 3845 1760 3929">
     <span class='ocr_line' id='line_1_39' title="bbox 170 3845 1760 3929; baseline 0.011 -31"><span class='ocrx_word' id='word_1_278' title='bbox 170 3845 464 3917; x_wconf 76' lang='lat' dir='ltr'><strong>innumeris</strong></span> <span class='ocrx_word' id='word_1_279' title='bbox 494 3851 690 3906; x_wconf 85' lang='lat' dir='ltr'><strong>veteris</strong></span> <span class='ocrx_word' id='word_1_280' title='bbox 731 3850 989 3911; x_wconf 78' lang='lat' dir='ltr'><strong>Ecclesize</strong></span> <span class='ocrx_word' id='word_1_281' title='bbox 1031 3853 1316 3910; x_wconf 88' lang='lat' dir='ltr'><strong>Orientalis</strong></span> <span class='ocrx_word' id='word_1_282' title='bbox 1355 3856 1583 3913; x_wconf 89' lang='lat' dir='ltr'><strong>ritibus:</strong></span> <span class='ocrx_word' id='word_1_283' title='bbox 1624 3874 1760 3929; x_wconf 86' lang='lat' dir='ltr'><strong>quos</strong></span> 
     </span>
    </p>
   </div>
   <div class='ocr_carea' id='block_1_40' title="bbox 167 3936 1760 4015">
    <p class='ocr_par' dir='ltr' id='par_1_40' title="bbox 167 3936 1760 4015">
     <span class='ocr_line' id='line_1_40' title="bbox 167 3936 1760 4015; baseline 0.01 -25"><span class='ocrx_word' id='word_1_284' title='bbox 167 3936 295 4013; x_wconf 69' lang='lat' dir='ltr'><strong>ritus</strong></span> <span class='ocrx_word' id='word_1_285' title='bbox 318 3940 519 4010; x_wconf 70' lang='lat' dir='ltr'><strong>smpius</strong></span> <span class='ocrx_word' id='word_1_286' title='bbox 546 3957 707 4012; x_wconf 78' lang='lat' dir='ltr'><strong>quam</strong></span> <span class='ocrx_word' id='word_1_287' title='bbox 738 3945 913 4015; x_wconf 88' lang='lat' dir='ltr'><strong>quivis</strong></span> <span class='ocrx_word' id='word_1_288' title='bbox 933 3946 1067 4000; x_wconf 85' lang='lat' dir='ltr'><strong>alius</strong></span> <span class='ocrx_word' id='word_1_289' title='bbox 1106 3958 1487 4004; x_wconf 89' lang='lat' dir='ltr'><strong>commemorat</strong></span> <span class='ocrx_word' id='word_1_290' title='bbox 1512 3949 1571 4006; x_wconf 89' lang='lat' dir='ltr'><strong>S.</strong></span> <span class='ocrx_word' id='word_1_291' title='bbox 1598 3950 1760 4006; x_wconf 91' lang='lat' dir='ltr'><strong>Joan-</strong></span> 
     </span>
    </p>
   </div>
   <div class='ocr_carea' id='block_1_41' title="bbox 168 4025 1801 4108">
    <p class='ocr_par' dir='ltr' id='par_1_41' title="bbox 168 4025 1801 4108">
     <span class='ocr_line' id='line_1_41' title="bbox 168 4025 1801 4108; baseline 0.01 -24"><span class='ocrx_word' id='word_1_292' title='bbox 168 4044 259 4085; x_wconf 80' lang='lat' dir='ltr'><strong>nes</strong></span> <span class='ocrx_word' id='word_1_293' title='bbox 297 4031 741 4104; x_wconf 82' lang='lat' dir='ltr'><strong>Cbrysostomus.</strong></span> <span class='ocrx_word' id='word_1_294' title='bbox 773 4025 842 4092; x_wconf 30' lang='lat' dir='ltr'><strong>&#39;ln</strong></span> <span class='ocrx_word' id='word_1_295' title='bbox 889 4038 1073 4108; x_wconf 75' lang='lat' dir='ltr'><strong>quinta</strong></span> <span class='ocrx_word' id='word_1_296' title='bbox 1118 4040 1347 4096; x_wconf 90' lang='lat' dir='ltr'><strong>diatriba</strong></span> <span class='ocrx_word' id='word_1_297' title='bbox 1387 4042 1457 4098; x_wconf 91' lang='lat' dir='ltr'><strong>de</strong></span> <span class='ocrx_word' id='word_1_298' title='bbox 1502 4043 1662 4097; x_wconf 89' lang='lat' dir='ltr'><strong>variis</strong></span> <span class='ocrx_word' id='word_1_299' title='bbox 1704 4055 1757 4099; x_wconf 91' lang='lat' dir='ltr'><strong>et</strong></span> <span class='ocrx_word' id='word_1_300' title='bbox 1793 4073 1801 4079; x_wconf 66' lang='grc' dir='ltr'><strong><em>ο</em></strong></span> 
     </span>
    </p>
   </div>
   <div class='ocr_carea' id='block_1_42' title="bbox 167 4122 1755 4202">
    <p class='ocr_par' dir='ltr' id='par_1_42' title="bbox 167 4122 1755 4202">
     <span class='ocr_line' id='line_1_42' title="bbox 167 4122 1755 4202; baseline 0.008 -24"><span class='ocrx_word' id='word_1_301' title='bbox 167 4122 521 4191; x_wconf 69' lang='lat' dir='ltr'><strong>miscellaneis</strong></span> <span class='ocrx_word' id='word_1_302' title='bbox 546 4126 710 4183; x_wconf 90' lang='lat' dir='ltr'><strong>rebus</strong></span> <span class='ocrx_word' id='word_1_303' title='bbox 742 4131 1095 4186; x_wconf 81' lang='lat' dir='ltr'><strong>tractabitur:</strong></span> <span class='ocrx_word' id='word_1_304' title='bbox 1127 4133 1173 4185; x_wconf 86' lang='lat' dir='ltr'><strong>si</strong></span> <span class='ocrx_word' id='word_1_305' title='bbox 1201 4133 1326 4202; x_wconf 84' lang='lat' dir='ltr'><strong>quid</strong></span> <span class='ocrx_word' id='word_1_306' title='bbox 1354 4134 1610 4190; x_wconf 91' lang='lat' dir='ltr'><strong>omissum</strong></span> <span class='ocrx_word' id='word_1_307' title='bbox 1639 4134 1755 4191; x_wconf 85' lang='lat' dir='ltr'><strong>l&#39;ue-</strong></span> 
     </span>
    </p>
   </div>
   <div class='ocr_carea' id='block_1_43' title="bbox 164 4213 1756 4296">
    <p class='ocr_par' dir='ltr' id='par_1_43' title="bbox 164 4213 1756 4296">
     <span class='ocr_line' id='line_1_43' title="bbox 164 4213 1756 4296; baseline 0.009 -30"><span class='ocrx_word' id='word_1_308' title='bbox 164 4213 251 4279; x_wconf 85' lang='lat' dir='ltr'><strong>rit,</strong></span> <span class='ocrx_word' id='word_1_309' title='bbox 280 4214 331 4269; x_wconf 93' lang='lat' dir='ltr'><strong>id</strong></span> <span class='ocrx_word' id='word_1_310' title='bbox 358 4216 643 4282; x_wconf 75' lang='lat' dir='ltr'><strong>afferetur;</strong></span> <span class='ocrx_word' id='word_1_311' title='bbox 676 4219 723 4273; x_wconf 90' lang='lat' dir='ltr'><strong>si</strong></span> <span class='ocrx_word' id='word_1_312' title='bbox 749 4220 874 4289; x_wconf 91' lang='lat' dir='ltr'><strong>quid</strong></span> <span class='ocrx_word' id='word_1_313' title='bbox 899 4231 1135 4276; x_wconf 90' lang='lat' dir='ltr'><strong>erratum</strong></span> <span class='ocrx_word' id='word_1_314' title='bbox 1165 4231 1256 4278; x_wconf 90' lang='lat' dir='ltr'><strong>aut</strong></span> <span class='ocrx_word' id='word_1_315' title='bbox 1284 4224 1460 4279; x_wconf 90' lang='lat' dir='ltr'><strong>minus</strong></span> <span class='ocrx_word' id='word_1_316' title='bbox 1488 4236 1631 4280; x_wconf 90' lang='lat' dir='ltr'><strong>recte</strong></span> <span class='ocrx_word' id='word_1_317' title='bbox 1661 4241 1756 4296; x_wconf 82' lang='lat' dir='ltr'><strong>po-</strong></span> 
     </span>
    </p>
   </div>
   <div class='ocr_carea' id='block_1_44' title="bbox 164 4304 1754 4387">
    <p class='ocr_par' dir='ltr' id='par_1_44' title="bbox 164 4304 1754 4387">
     <span class='ocr_line' id='line_1_44' title="bbox 164 4304 1754 4387; baseline 0.01 -30"><span class='ocrx_word' id='word_1_318' title='bbox 164 4304 317 4376; x_wconf 69' lang='lat' dir='ltr'><strong>situm</strong></span> <span class='ocrx_word' id='word_1_319' title='bbox 338 4349 356 4374; x_wconf 90' lang='lat'><strong>,</strong></span> <span class='ocrx_word' id='word_1_320' title='bbox 390 4309 803 4377; x_wconf 87' lang='lat' dir='ltr'><strong>emendabitur;</strong></span> <span class='ocrx_word' id='word_1_321' title='bbox 834 4326 955 4366; x_wconf 88' lang='lat' dir='ltr'><strong>nam</strong></span> <span class='ocrx_word' id='word_1_322' title='bbox 993 4329 1118 4368; x_wconf 92' lang='lat' dir='ltr'><strong>usus</strong></span> <span class='ocrx_word' id='word_1_323' title='bbox 1143 4323 1196 4368; x_wconf 90' lang='lat' dir='ltr'><strong>et</strong></span> <span class='ocrx_word' id='word_1_324' title='bbox 1236 4317 1477 4387; x_wconf 77' lang='lat' dir='ltr'><strong>tractatio</strong></span> <span class='ocrx_word' id='word_1_325' title='bbox 1505 4317 1754 4380; x_wconf 88' lang='lat' dir='ltr'><strong>diuturna</strong></span> 
     </span>
    </p>
   </div>
   <div class='ocr_carea' id='block_1_45' title="bbox 163 4399 1313 4462">
    <p class='ocr_par' dir='ltr' id='par_1_45' title="bbox 163 4399 1313 4462">
     <span class='ocr_line' id='line_1_45' title="bbox 163 4399 1313 4462; baseline 0.008 -11"><span class='ocrx_word' id='word_1_326' title='bbox 163 4399 545 4455; x_wconf 80' lang='lat' dir='ltr'><strong>accuratiorem</strong></span> <span class='ocrx_word' id='word_1_327' title='bbox 575 4400 805 4458; x_wconf 76' lang='lat' dir='ltr'><strong>afferunt</strong></span> <span class='ocrx_word' id='word_1_328' title='bbox 831 4420 1009 4459; x_wconf 88' lang='lat' dir='ltr'><strong>rerum</strong></span> <span class='ocrx_word' id='word_1_329' title='bbox 1050 4407 1313 4462; x_wconf 90' lang='lat' dir='ltr'><strong>notitiam.</strong></span> 
     </span>
    </p>
   </div>
   <div class='ocr_carea' id='block_1_46' title="bbox 224 4489 1750 4576">
    <p class='ocr_par' dir='ltr' id='par_1_46' title="bbox 224 4489 1750 4576">
     <span class='ocr_line' id='line_1_46' title="bbox 224 4489 1750 4576; baseline 0.009 -30"><span class='ocrx_word' id='word_1_330' title='bbox 224 4489 493 4560; x_wconf 84' lang='lat' dir='ltr'><strong>Sequetur</strong></span> <span class='ocrx_word' id='word_1_331' title='bbox 517 4492 634 4549; x_wconf 84' lang='lat' dir='ltr'><strong>Vita</strong></span> <span class='ocrx_word' id='word_1_332' title='bbox 658 4493 714 4549; x_wconf 93' lang='lat' dir='ltr'><strong>S.</strong></span> <span class='ocrx_word' id='word_1_333' title='bbox 737 4494 958 4553; x_wconf 86' lang='lat' dir='ltr'><strong>Joannis</strong></span> <span class='ocrx_word' id='word_1_334' title='bbox 976 4497 1347 4570; x_wconf 82' lang='lat' dir='ltr'><strong>Cbrysostomi</strong></span> <span class='ocrx_word' id='word_1_335' title='bbox 1372 4544 1388 4567; x_wconf 86' lang='lat'><strong>,</strong></span> <span class='ocrx_word' id='word_1_336' title='bbox 1414 4511 1522 4556; x_wconf 92' lang='lat' dir='ltr'><strong>tum</strong></span> <span class='ocrx_word' id='word_1_337' title='bbox 1546 4518 1609 4558; x_wconf 80' lang='lat' dir='ltr'><strong>ex</strong></span> <span class='ocrx_word' id='word_1_338' title='bbox 1634 4504 1750 4576; x_wconf 77' lang='lat' dir='ltr'><strong>eius</strong></span> 
     </span>
    </p>
   </div>
   <div class='ocr_carea' id='block_1_47' title="bbox 160 4582 1748 4664">
    <p class='ocr_par' dir='ltr' id='par_1_47' title="bbox 160 4582 1748 4664">
     <span class='ocr_line' id='line_1_47' title="bbox 160 4582 1748 4664; baseline 0.011 -31"><span class='ocrx_word' id='word_1_339' title='bbox 160 4582 392 4657; x_wconf 73' lang='lat' dir='ltr'><strong>maxime</strong></span> <span class='ocrx_word' id='word_1_340' title='bbox 439 4584 694 4655; x_wconf 79' lang='lat' dir='ltr'><strong>scriptis,</strong></span> <span class='ocrx_word' id='word_1_341' title='bbox 745 4595 855 4657; x_wconf 90' lang='lat' dir='ltr'><strong>tum</strong></span> <span class='ocrx_word' id='word_1_342' title='bbox 899 4604 963 4643; x_wconf 77' lang='lat' dir='ltr'><strong>ex</strong></span> <span class='ocrx_word' id='word_1_343' title='bbox 1007 4589 1230 4645; x_wconf 90' lang='lat' dir='ltr'><strong>aliorum</strong></span> <span class='ocrx_word' id='word_1_344' title='bbox 1276 4593 1392 4649; x_wconf 85' lang='lat' dir='ltr'><strong>sive</strong></span> <span class='ocrx_word' id='word_1_345' title='bbox 1433 4595 1748 4664; x_wconf 63' lang='lat' dir='ltr'><strong>aequalium,</strong></span> 
     </span>
    </p>
   </div>
   <div class='ocr_carea' id='block_1_48' title="bbox 161 4672 1745 4756">
    <p class='ocr_par' dir='ltr' id='par_1_48' title="bbox 161 4672 1745 4756">
     <span class='ocr_line' id='line_1_48' title="bbox 161 4672 1745 4756; baseline 0.009 -29"><span class='ocrx_word' id='word_1_346' title='bbox 161 4672 272 4728; x_wconf 84' lang='lat' dir='ltr'><strong>sive</strong></span> <span class='ocrx_word' id='word_1_347' title='bbox 298 4677 613 4745; x_wconf 85' lang='lat' dir='ltr'><strong>supparium</strong></span> <span class='ocrx_word' id='word_1_348' title='bbox 637 4720 652 4741; x_wconf 89' lang='lat'><strong>,</strong></span> <span class='ocrx_word' id='word_1_349' title='bbox 686 4678 799 4735; x_wconf 91' lang='lat' dir='ltr'><strong>sive</strong></span> <span class='ocrx_word' id='word_1_350' title='bbox 829 4682 1188 4750; x_wconf 87' lang='lat' dir='ltr'><strong>posteriorum</strong></span> <span class='ocrx_word' id='word_1_351' title='bbox 1215 4685 1535 4756; x_wconf 87' lang='lat' dir='ltr'><strong>scriptorum</strong></span> <span class='ocrx_word' id='word_1_352' title='bbox 1562 4704 1745 4742; x_wconf 86' lang='lat' dir='ltr'><strong>narra-</strong></span> 
     </span>
    </p>
   </div>
   <div class='ocr_carea' id='block_1_49' title="bbox 160 4767 1752 4840">
    <p class='ocr_par' dir='ltr' id='par_1_49' title="bbox 160 4767 1752 4840">
     <span class='ocr_line' id='line_1_49' title="bbox 160 4767 1752 4840; baseline 0.011 -24"><span class='ocrx_word' id='word_1_353' title='bbox 160 4769 213 4816; x_wconf 84' lang='lat' dir='ltr'><strong>tu</strong></span> <span class='ocrx_word' id='word_1_354' title='bbox 234 4806 251 4829; x_wconf 93' lang='lat'><strong>,</strong></span> <span class='ocrx_word' id='word_1_355' title='bbox 280 4767 693 4829; x_wconf 77' lang='lat' dir='ltr'><strong>accuratissime</strong></span> <span class='ocrx_word' id='word_1_356' title='bbox 720 4781 979 4840; x_wconf 90' lang='lat' dir='ltr'><strong>quantum</strong></span> <span class='ocrx_word' id='word_1_357' title='bbox 1017 4773 1197 4830; x_wconf 91' lang='lat' dir='ltr'><strong>licebit</strong></span> <span class='ocrx_word' id='word_1_358' title='bbox 1236 4777 1573 4831; x_wconf 91' lang='lat' dir='ltr'><strong>concinnata.</strong></span> <span class='ocrx_word' id='word_1_359' title='bbox 1615 4779 1752 4835; x_wconf 92' lang='lat' dir='ltr'><strong>lluic</strong></span> 
     </span>
    </p>
   </div>
   <div class='ocr_carea' id='block_1_50' title="bbox 158 4855 1748 4939">
    <p class='ocr_par' dir='ltr' id='par_1_50' title="bbox 158 4855 1748 4939">
     <span class='ocr_line' id='line_1_50' title="bbox 158 4855 1748 4939; baseline 0.013 -32"><span class='ocrx_word' id='word_1_360' title='bbox 158 4855 511 4925; x_wconf 77' lang='lat' dir='ltr'><strong>subjicientur</strong></span> <span class='ocrx_word' id='word_1_361' title='bbox 536 4858 655 4928; x_wconf 83' lang='lat' dir='ltr'><strong>ejus</strong></span> <span class='ocrx_word' id='word_1_362' title='bbox 694 4862 818 4916; x_wconf 69' lang='lat' dir='ltr'><strong>vita:</strong></span> <span class='ocrx_word' id='word_1_363' title='bbox 851 4863 1140 4935; x_wconf 80' lang='lat' dir='ltr'><strong>scriptores</strong></span> <span class='ocrx_word' id='word_1_364' title='bbox 1165 4874 1409 4939; x_wconf 75' lang='lat' dir='ltr'><strong>veteres,</strong></span> <span class='ocrx_word' id='word_1_365' title='bbox 1441 4868 1706 4929; x_wconf 86' lang='lat' dir='ltr'><strong>Palladius</strong></span> <span class='ocrx_word' id='word_1_366' title='bbox 1733 4913 1748 4937; x_wconf 89' lang='lat'><strong>,</strong></span> 
     </span>
    </p>
   </div>
   <div class='ocr_carea' id='block_1_51' title="bbox 161 4944 1748 5032">
    <p class='ocr_par' dir='ltr' id='par_1_51' title="bbox 161 4944 1748 5032">
     <span class='ocr_line' id='line_1_51' title="bbox 161 4944 1748 5032; baseline 0.011 -31"><span class='ocrx_word' id='word_1_367' title='bbox 161 4944 418 5016; x_wconf 77' lang='lat' dir='ltr'><strong>Georgius</strong></span> <span class='ocrx_word' id='word_1_368' title='bbox 441 4992 457 5016; x_wconf 89' lang='lat'><strong>,</strong></span> <span class='ocrx_word' id='word_1_369' title='bbox 494 4951 693 5022; x_wconf 89' lang='lat' dir='ltr'><strong>aliique</strong></span> <span class='ocrx_word' id='word_1_370' title='bbox 719 4956 977 5026; x_wconf 82' lang='lat' dir='ltr'><strong>anonymi</strong></span> <span class='ocrx_word' id='word_1_371' title='bbox 1001 4998 1015 5022; x_wconf 86' lang='lat'><strong>,</strong></span> <span class='ocrx_word' id='word_1_372' title='bbox 1046 4972 1271 5029; x_wconf 81' lang='lat' dir='ltr'><strong>quorum</strong></span> <span class='ocrx_word' id='word_1_373' title='bbox 1300 4961 1539 5032; x_wconf 74' lang='lat' dir='ltr'><strong>nonnulli</strong></span> <span class='ocrx_word' id='word_1_374' title='bbox 1576 4962 1748 5020; x_wconf 91' lang='lat' dir='ltr'><strong>lucem</strong></span> 
     </span>
    </p>
   </div>
   <div class='ocr_carea' id='block_1_52' title="bbox 163 5041 1749 5111">
    <p class='ocr_par' dir='ltr' id='par_1_52' title="bbox 163 5041 1749 5111">
     <span class='ocr_line' id='line_1_52' title="bbox 163 5041 1749 5111; baseline 0.013 -20"><span class='ocrx_word' id='word_1_375' title='bbox 163 5041 399 5096; x_wconf 89' lang='lat' dir='ltr'><strong>nondum</strong></span> <span class='ocrx_word' id='word_1_376' title='bbox 426 5043 689 5100; x_wconf 77' lang='lat' dir='ltr'><strong>viderant.</strong></span> <span class='ocrx_word' id='word_1_377' title='bbox 722 5046 836 5103; x_wconf 87' lang='lat' dir='ltr'><strong>Sub</strong></span> <span class='ocrx_word' id='word_1_378' title='bbox 859 5046 972 5104; x_wconf 67' lang='lat' dir='ltr'><strong>haec</strong></span> <span class='ocrx_word' id='word_1_379' title='bbox 992 5049 1218 5110; x_wconf 83' lang='lat' dir='ltr'><strong>indicem</strong></span> <span class='ocrx_word' id='word_1_380' title='bbox 1240 5051 1483 5108; x_wconf 87' lang='lat' dir='ltr'><strong>dabimus</strong></span> <span class='ocrx_word' id='word_1_381' title='bbox 1510 5055 1749 5111; x_wconf 89' lang='lat' dir='ltr'><strong>locorum</strong></span> 
     </span>
    </p>
   </div>
   <div class='ocr_carea' id='block_1_53' title="bbox 161 5129 1747 5216">
    <p class='ocr_par' dir='ltr' id='par_1_53' title="bbox 161 5129 1747 5216">
     <span class='ocr_line' id='line_1_53' title="bbox 161 5129 1747 5216; baseline 0.011 -31"><span class='ocrx_word' id='word_1_382' title='bbox 161 5129 449 5202; x_wconf 71' lang='lat' dir='ltr'><strong>Scriptum</strong></span> <span class='ocrx_word' id='word_1_383' title='bbox 477 5150 646 5192; x_wconf 62' lang='lat' dir='ltr'><strong>sacra:</strong></span> <span class='ocrx_word' id='word_1_384' title='bbox 669 5179 685 5201; x_wconf 88' lang='lat'><strong>,</strong></span> <span class='ocrx_word' id='word_1_385' title='bbox 715 5154 876 5208; x_wconf 91' lang='lat' dir='ltr'><strong>quem</strong></span> <span class='ocrx_word' id='word_1_386' title='bbox 904 5151 1157 5210; x_wconf 86' lang='lat' dir='ltr'><strong>sequetur</strong></span> <span class='ocrx_word' id='word_1_387' title='bbox 1183 5143 1345 5201; x_wconf 58' lang='lat' dir='ltr'><strong>inde;</strong></span> <span class='ocrx_word' id='word_1_388' title='bbox 1375 5160 1551 5200; x_wconf 86' lang='lat' dir='ltr'><strong>rerum</strong></span> <span class='ocrx_word' id='word_1_389' title='bbox 1582 5161 1747 5216; x_wconf 78' lang='lat' dir='ltr'><strong>gene-</strong></span> 
     </span>
    </p>
   </div>
   <div class='ocr_carea' id='block_1_54' title="bbox 164 5221 1748 5302">
    <p class='ocr_par' dir='ltr' id='par_1_54' title="bbox 164 5221 1748 5302">
     <span class='ocr_line' id='line_1_54' title="bbox 164 5221 1748 5302; baseline 0.013 -28"><span class='ocrx_word' id='word_1_390' title='bbox 164 5221 283 5283; x_wconf 79' lang='lat' dir='ltr'><strong>ralis</strong></span> <span class='ocrx_word' id='word_1_391' title='bbox 312 5224 367 5277; x_wconf 89' lang='lat' dir='ltr'><strong>in</strong></span> <span class='ocrx_word' id='word_1_392' title='bbox 396 5225 574 5280; x_wconf 86' lang='lat' dir='ltr'><strong>omnia</strong></span> <span class='ocrx_word' id='word_1_393' title='bbox 604 5227 721 5297; x_wconf 85' lang='lat' dir='ltr'><strong>ejus</strong></span> <span class='ocrx_word' id='word_1_394' title='bbox 749 5243 934 5298; x_wconf 88' lang='lat' dir='ltr'><strong>opera.</strong></span> <span class='ocrx_word' id='word_1_395' title='bbox 968 5231 1084 5286; x_wconf 85' lang='lat' dir='ltr'><strong>Erit</strong></span> <span class='ocrx_word' id='word_1_396' title='bbox 1113 5248 1275 5302; x_wconf 91' lang='lat' dir='ltr'><strong>porro</strong></span> <span class='ocrx_word' id='word_1_397' title='bbox 1302 5234 1459 5290; x_wconf 84' lang='lat' dir='ltr'><strong>index</strong></span> <span class='ocrx_word' id='word_1_398' title='bbox 1490 5236 1577 5294; x_wconf 88' lang='lat' dir='ltr'><strong>ille</strong></span> <span class='ocrx_word' id='word_1_399' title='bbox 1596 5238 1748 5294; x_wconf 85' lang='lat' dir='ltr'><strong>locu-</strong></span> 
     </span>
    </p>
   </div>
   <div class='ocr_carea' id='block_1_55' title="bbox 163 5311 1746 5400">
    <p class='ocr_par' dir='ltr' id='par_1_55' title="bbox 163 5311 1746 5400">
     <span class='ocr_line' id='line_1_55' title="bbox 163 5311 1746 5400; baseline 0.013 -33"><span class='ocrx_word' id='word_1_400' title='bbox 163 5311 481 5381; x_wconf 78' lang='lat' dir='ltr'><strong>pletissimus</strong></span> <span class='ocrx_word' id='word_1_401' title='bbox 502 5327 557 5374; x_wconf 88' lang='lat' dir='ltr'><strong>et</strong></span> <span class='ocrx_word' id='word_1_402' title='bbox 583 5334 800 5375; x_wconf 90' lang='lat' dir='ltr'><strong>summo</strong></span> <span class='ocrx_word' id='word_1_403' title='bbox 827 5321 1010 5380; x_wconf 86' lang='lat' dir='ltr'><strong>labore</strong></span> <span class='ocrx_word' id='word_1_404' title='bbox 1033 5318 1475 5398; x_wconf 87' lang='lat' dir='ltr'><strong>accurationeqne</strong></span> <span class='ocrx_word' id='word_1_405' title='bbox 1494 5330 1746 5400; x_wconf 77' lang='lat' dir='ltr'><strong>singulari</strong></span> 
     </span>
    </p>
   </div>
   <div class='ocr_carea' id='block_1_56' title="bbox 163 5409 1746 5484">
    <p class='ocr_par' dir='ltr' id='par_1_56' title="bbox 163 5409 1746 5484">
     <span class='ocr_line' id='line_1_56' title="bbox 163 5409 1746 5484; baseline 0.012 -26"><span class='ocrx_word' id='word_1_406' title='bbox 163 5409 525 5466; x_wconf 78' lang='lat' dir='ltr'><strong>concinnatus.</strong></span> <span class='ocrx_word' id='word_1_407' title='bbox 554 5411 783 5480; x_wconf 61' lang='lat' dir='ltr'><strong>Quanta;</strong></span> <span class='ocrx_word' id='word_1_408' title='bbox 812 5429 976 5484; x_wconf 88' lang='lat' dir='ltr'><strong>porro</strong></span> <span class='ocrx_word' id='word_1_409' title='bbox 1005 5418 1254 5483; x_wconf 90' lang='lat' dir='ltr'><strong>utilitatis</strong></span> <span class='ocrx_word' id='word_1_410' title='bbox 1280 5419 1387 5474; x_wconf 92' lang='lat' dir='ltr'><strong>sint</strong></span> <span class='ocrx_word' id='word_1_411' title='bbox 1414 5421 1616 5479; x_wconf 89' lang='lat' dir='ltr'><strong>indices</strong></span> <span class='ocrx_word' id='word_1_412' title='bbox 1643 5421 1746 5477; x_wconf 91' lang='lat' dir='ltr'><strong>hn-</strong></span> 
     </span>
    </p>
   </div>
   <div class='ocr_carea' id='block_1_57' title="bbox 156 5496 1749 5577">
    <p class='ocr_par' dir='ltr' id='par_1_57' title="bbox 156 5496 1749 5577">
     <span class='ocr_line' id='line_1_57' title="bbox 156 5496 1749 5577; baseline 0.011 -22"><span class='ocrx_word' id='word_1_413' title='bbox 156 5496 379 5566; x_wconf 81' lang='lat' dir='ltr'><strong>iusmodi</strong></span> <span class='ocrx_word' id='word_1_414' title='bbox 425 5506 582 5574; x_wconf 89' lang='lat' dir='ltr'><strong>pauci</strong></span> <span class='ocrx_word' id='word_1_415' title='bbox 627 5508 861 5577; x_wconf 76' lang='lat' dir='ltr'><strong>experiri</strong></span> <span class='ocrx_word' id='word_1_416' title='bbox 899 5509 1102 5565; x_wconf 89' lang='lat' dir='ltr'><strong>volunt.</strong></span> <span class='ocrx_word' id='word_1_417' title='bbox 1151 5511 1222 5565; x_wconf 76' lang='lat' dir='ltr'><strong>At</strong></span> <span class='ocrx_word' id='word_1_418' title='bbox 1259 5512 1400 5566; x_wconf 88' lang='lat' dir='ltr'><strong>enim</strong></span> <span class='ocrx_word' id='word_1_419' title='bbox 1442 5530 1545 5568; x_wconf 89' lang='lat' dir='ltr'><strong>non</strong></span> <span class='ocrx_word' id='word_1_420' title='bbox 1589 5516 1749 5572; x_wconf 91' lang='lat' dir='ltr'><strong>modo</strong></span> 
     </span>
    </p>
   </div>
   <div class='ocr_carea' id='block_1_58' title="bbox 158 5597 1748 5679">
    <p class='ocr_par' dir='ltr' id='par_1_58' title="bbox 158 5597 1748 5679">
     <span class='ocr_line' id='line_1_58' title="bbox 158 5597 1748 5679; baseline 0.011 -32"><span class='ocrx_word' id='word_1_421' title='bbox 158 5606 275 5649; x_wconf 75' lang='lat' dir='ltr'><strong>sum</strong></span> <span class='ocrx_word' id='word_1_422' title='bbox 298 5597 369 5652; x_wconf 89' lang='lat' dir='ltr'><strong>ad</strong></span> <span class='ocrx_word' id='word_1_423' title='bbox 396 5599 513 5655; x_wconf 89' lang='lat' dir='ltr'><strong>loca</strong></span> <span class='ocrx_word' id='word_1_424' title='bbox 558 5601 926 5672; x_wconf 87' lang='lat' dir='ltr'><strong>perquirenda</strong></span> <span class='ocrx_word' id='word_1_425' title='bbox 966 5603 1162 5668; x_wconf 89' lang='lat' dir='ltr'><strong>utiles;</strong></span> <span class='ocrx_word' id='word_1_426' title='bbox 1205 5606 1297 5660; x_wconf 89' lang='lat' dir='ltr'><strong>sed</strong></span> <span class='ocrx_word' id='word_1_427' title='bbox 1339 5607 1497 5661; x_wconf 89' lang='lat' dir='ltr'><strong>etiam</strong></span> <span class='ocrx_word' id='word_1_428' title='bbox 1536 5610 1748 5679; x_wconf 87' lang='lat' dir='ltr'><strong>quando</strong></span> 
     </span>
    </p>
   </div>
   <div class='ocr_carea' id='block_1_59' title="bbox 157 5692 1745 5763">
    <p class='ocr_par' dir='ltr' id='par_1_59' title="bbox 157 5692 1745 5763">
     <span class='ocr_line' id='line_1_59' title="bbox 157 5692 1745 5763; baseline 0.011 -25"><span class='ocrx_word' id='word_1_429' title='bbox 157 5697 400 5744; x_wconf 78' lang='lat' dir='ltr'><strong>accurate</strong></span> <span class='ocrx_word' id='word_1_430' title='bbox 422 5692 770 5762; x_wconf 82' lang='lat' dir='ltr'><strong>cogitateque</strong></span> <span class='ocrx_word' id='word_1_431' title='bbox 799 5692 980 5763; x_wconf 86' lang='lat' dir='ltr'><strong>scripti</strong></span> <span class='ocrx_word' id='word_1_432' title='bbox 1011 5706 1133 5750; x_wconf 90' lang='lat' dir='ltr'><strong>sunt</strong></span> <span class='ocrx_word' id='word_1_433' title='bbox 1159 5738 1172 5759; x_wconf 87' lang='lat'><strong>,</strong></span> <span class='ocrx_word' id='word_1_434' title='bbox 1213 5697 1327 5751; x_wconf 88' lang='lat' dir='ltr'><strong>sine</strong></span> <span class='ocrx_word' id='word_1_435' title='bbox 1366 5700 1521 5754; x_wconf 83' lang='lat' dir='ltr'><strong>t-.edio</strong></span> <span class='ocrx_word' id='word_1_436' title='bbox 1544 5710 1596 5755; x_wconf 87' lang='lat' dir='ltr'><strong>et</strong></span> <span class='ocrx_word' id='word_1_437' title='bbox 1624 5716 1745 5756; x_wconf 90' lang='lat' dir='ltr'><strong>cum</strong></span> 
     </span>
    </p>
   </div>
   <div class='ocr_carea' id='block_1_60' title="bbox 158 5776 1740 5871">
    <p class='ocr_par' dir='ltr' id='par_1_60' title="bbox 158 5776 1740 5871">
     <span class='ocr_line' id='line_1_60' title="bbox 158 5776 1740 5871; baseline 0.01 -37"><span class='ocrx_word' id='word_1_438' title='bbox 158 5776 327 5857; x_wconf 69' lang='lat' dir='ltr'><strong>fructu</strong></span> <span class='ocrx_word' id='word_1_439' title='bbox 353 5785 590 5843; x_wconf 74' lang='lat' dir='ltr'><strong>maximo</strong></span> <span class='ocrx_word' id='word_1_440' title='bbox 622 5785 877 5853; x_wconf 72' lang='lat' dir='ltr'><strong>leguntur</strong></span> <span class='ocrx_word' id='word_1_441' title='bbox 900 5826 914 5852; x_wconf 90' lang='lat'><strong>,</strong></span> <span class='ocrx_word' id='word_1_442' title='bbox 946 5788 1157 5845; x_wconf 86' lang='lat' dir='ltr'><strong>omissis</strong></span> <span class='ocrx_word' id='word_1_443' title='bbox 1189 5789 1434 5871; x_wconf 83' lang='lat' dir='ltr'><strong>videlicet</strong></span> <span class='ocrx_word' id='word_1_444' title='bbox 1466 5794 1701 5868; x_wconf 70' lang='lat' dir='ltr'><strong>numeris</strong></span> <span class='ocrx_word' id='word_1_445' title='bbox 1727 5836 1740 5862; x_wconf 91' lang='lat'><strong>,</strong></span> 
     </span>
    </p>
   </div>
   <div class='ocr_carea' id='block_1_61' title="bbox 1610 358 1998 425">
    <p class='ocr_par' dir='ltr' id='par_1_61' title="bbox 1610 358 1998 425">
     <span class='ocr_line' id='line_1_61' title="bbox 1610 358 1998 425; baseline -0.003 -9"><span class='ocrx_word' id='word_1_446' title='bbox 1610 358 1998 425; x_wconf 51' lang='lat' dir='ltr'><strong>PRIJFA&#39;PIO.</strong></span> 
     </span>
    </p>
   </div>
   <div class='ocr_carea' id='block_1_62' title="bbox 3354 372 3466 414">
    <p class='ocr_par' dir='ltr' id='par_1_62' title="bbox 3354 372 3466 414">
     <span class='ocr_line' id='line_1_62' title="bbox 3354 372 3466 414; baseline 0.018 -2"><span class='ocrx_word' id='word_1_447' title='bbox 3354 372 3466 414; x_wconf 65' lang='lat' dir='ltr'><strong>XXII</strong></span> 
     </span>
    </p>
   </div>
   <div class='ocr_carea' id='block_1_63' title="bbox 1887 454 3471 547">
    <p class='ocr_par' dir='ltr' id='par_1_63' title="bbox 1887 454 3471 547">
     <span class='ocr_line' id='line_1_63' title="bbox 1887 454 3471 547; baseline -0.002 -16"><span class='ocrx_word' id='word_1_448' title='bbox 1887 476 1976 547; x_wconf 91' lang='lat' dir='ltr'><strong>qui</strong></span> <span class='ocrx_word' id='word_1_449' title='bbox 2007 475 2073 532; x_wconf 89' lang='lat' dir='ltr'><strong>ad</strong></span> <span class='ocrx_word' id='word_1_450' title='bbox 2103 454 2301 531; x_wconf 85' lang='lat' dir='ltr'><strong>seriem</strong></span> <span class='ocrx_word' id='word_1_451' title='bbox 2328 473 2550 535; x_wconf 84' lang='lat' dir='ltr'><strong>minime</strong></span> <span class='ocrx_word' id='word_1_452' title='bbox 2570 472 2863 545; x_wconf 80' lang='lat' dir='ltr'><strong>pertinent.</strong></span> <span class='ocrx_word' id='word_1_453' title='bbox 2893 475 2976 533; x_wconf 72' lang='lat' dir='ltr'><strong>lix</strong></span> <span class='ocrx_word' id='word_1_454' title='bbox 3008 471 3310 545; x_wconf 73' lang='lat' dir='ltr'><strong>huiusmodi</strong></span> <span class='ocrx_word' id='word_1_455' title='bbox 3340 487 3471 528; x_wconf 81' lang='lat' dir='ltr'><strong>vero</strong></span> 
     </span>
    </p>
   </div>
   <div class='ocr_carea' id='block_1_64' title="bbox 1884 563 3469 637">
    <p class='ocr_par' dir='ltr' id='par_1_64' title="bbox 1884 563 3469 637">
     <span class='ocr_line' id='line_1_64' title="bbox 1884 563 3469 637; baseline 0 -17"><span class='ocrx_word' id='word_1_456' title='bbox 1884 568 2112 622; x_wconf 84' lang='lat' dir='ltr'><strong>lectione</strong></span> <span class='ocrx_word' id='word_1_457' title='bbox 2139 567 2183 622; x_wconf 93' lang='lat' dir='ltr'><strong>is</strong></span> <span class='ocrx_word' id='word_1_458' title='bbox 2215 566 2415 622; x_wconf 83' lang='lat' dir='ltr'><strong>fruetus</strong></span> <span class='ocrx_word' id='word_1_459' title='bbox 2443 566 2751 635; x_wconf 87' lang='lat' dir='ltr'><strong>decerpitur</strong></span> <span class='ocrx_word' id='word_1_460' title='bbox 2774 607 2788 632; x_wconf 91' lang='lat'><strong>,</strong></span> <span class='ocrx_word' id='word_1_461' title='bbox 2826 581 2984 637; x_wconf 87' lang='lat' dir='ltr'><strong>quem</strong></span> <span class='ocrx_word' id='word_1_462' title='bbox 3014 566 3069 623; x_wconf 90' lang='lat' dir='ltr'><strong>iu</strong></span> <span class='ocrx_word' id='word_1_463' title='bbox 3098 565 3208 635; x_wconf 92' lang='lat' dir='ltr'><strong>ipsa</strong></span> <span class='ocrx_word' id='word_1_464' title='bbox 3235 563 3469 620; x_wconf 77' lang='lat' dir='ltr'><strong>auctoris</strong></span> 
     </span>
    </p>
   </div>
   <div class='ocr_carea' id='block_1_65' title="bbox 1883 655 3465 729">
    <p class='ocr_par' dir='ltr' id='par_1_65' title="bbox 1883 655 3465 729">
     <span class='ocr_line' id='line_1_65' title="bbox 1883 655 3465 729; baseline -0.002 -14"><span class='ocrx_word' id='word_1_465' title='bbox 1883 661 2110 716; x_wconf 89' lang='lat' dir='ltr'><strong>lectione</strong></span> <span class='ocrx_word' id='word_1_466' title='bbox 2140 661 2226 715; x_wconf 81' lang='lat' dir='ltr'><strong>vix</strong></span> <span class='ocrx_word' id='word_1_467' title='bbox 2258 659 2515 729; x_wconf 85' lang='lat' dir='ltr'><strong>reperias.</strong></span> <span class='ocrx_word' id='word_1_468' title='bbox 2546 658 2600 712; x_wconf 90' lang='lat' dir='ltr'><strong>In</strong></span> <span class='ocrx_word' id='word_1_469' title='bbox 2628 668 2843 713; x_wconf 88' lang='lat' dir='ltr'><strong>auctore</strong></span> <span class='ocrx_word' id='word_1_470' title='bbox 2877 658 3073 729; x_wconf 88' lang='lat' dir='ltr'><strong>quippe</strong></span> <span class='ocrx_word' id='word_1_471' title='bbox 3100 655 3278 715; x_wconf 83' lang='lat' dir='ltr'><strong>omnia</strong></span> <span class='ocrx_word' id='word_1_472' title='bbox 3314 672 3465 726; x_wconf 83' lang='lat' dir='ltr'><strong>spar-</strong></span> 
     </span>
    </p>
   </div>
   <div class='ocr_carea' id='block_1_66' title="bbox 1881 748 3470 822">
    <p class='ocr_par' dir='ltr' id='par_1_66' title="bbox 1881 748 3470 822">
     <span class='ocr_line' id='line_1_66' title="bbox 1881 748 3470 822; baseline -0.003 -16"><span class='ocrx_word' id='word_1_473' title='bbox 1881 752 1981 806; x_wconf 89' lang='lat' dir='ltr'><strong>sim</strong></span> <span class='ocrx_word' id='word_1_474' title='bbox 2007 750 2178 822; x_wconf 87' lang='lat' dir='ltr'><strong>posita</strong></span> <span class='ocrx_word' id='word_1_475' title='bbox 2200 759 2325 806; x_wconf 90' lang='lat' dir='ltr'><strong>sunt</strong></span> <span class='ocrx_word' id='word_1_476' title='bbox 2346 768 2360 815; x_wconf 93' lang='lat'><strong>;</strong></span> <span class='ocrx_word' id='word_1_477' title='bbox 2384 750 2428 804; x_wconf 91' lang='lat' dir='ltr'><strong>si</strong></span> <span class='ocrx_word' id='word_1_478' title='bbox 2452 749 2580 820; x_wconf 89' lang='lat' dir='ltr'><strong>quid</strong></span> <span class='ocrx_word' id='word_1_479' title='bbox 2606 748 2673 804; x_wconf 90' lang='lat' dir='ltr'><strong>de</strong></span> <span class='ocrx_word' id='word_1_480' title='bbox 2697 749 2824 815; x_wconf 87' lang='lat' dir='ltr'><strong>Deo,</strong></span> <span class='ocrx_word' id='word_1_481' title='bbox 2852 749 3000 803; x_wconf 87' lang='lat' dir='ltr'><strong>verbi</strong></span> <span class='ocrx_word' id='word_1_482' title='bbox 3025 750 3217 816; x_wconf 81' lang='lat' dir='ltr'><strong>gratia,</strong></span> <span class='ocrx_word' id='word_1_483' title='bbox 3240 750 3470 804; x_wconf 78' lang='lat' dir='ltr'><strong>senserit</strong></span> 
     </span>
    </p>
   </div>
   <div class='ocr_carea' id='block_1_67' title="bbox 1881 838 3464 915">
    <p class='ocr_par' dir='ltr' id='par_1_67' title="bbox 1881 838 3464 915">
     <span class='ocr_line' id='line_1_67' title="bbox 1881 838 3464 915; baseline -0.005 -17"><span class='ocrx_word' id='word_1_484' title='bbox 1881 843 2296 915; x_wconf 80' lang='lat' dir='ltr'><strong>Chrysostomus</strong></span> <span class='ocrx_word' id='word_1_485' title='bbox 2324 842 2564 897; x_wconf 77' lang='lat' dir='ltr'><strong>ediscere</strong></span> <span class='ocrx_word' id='word_1_486' title='bbox 2592 841 2776 910; x_wconf 86' lang='lat' dir='ltr'><strong>cupias</strong></span> <span class='ocrx_word' id='word_1_487' title='bbox 2801 882 2816 906; x_wconf 88' lang='lat'><strong>,</strong></span> <span class='ocrx_word' id='word_1_488' title='bbox 2845 841 2888 894; x_wconf 89' lang='lat' dir='ltr'><strong>si</strong></span> <span class='ocrx_word' id='word_1_489' title='bbox 2919 839 3043 908; x_wconf 89' lang='lat' dir='ltr'><strong>quid</strong></span> <span class='ocrx_word' id='word_1_490' title='bbox 3071 838 3137 893; x_wconf 90' lang='lat' dir='ltr'><strong>de</strong></span> <span class='ocrx_word' id='word_1_491' title='bbox 3164 838 3426 907; x_wconf 76' lang='lat' dir='ltr'><strong>baptismo</strong></span> <span class='ocrx_word' id='word_1_492' title='bbox 3449 880 3464 901; x_wconf 86' lang='lat'><strong>,</strong></span> 
     </span>
    </p>
   </div>
   <div class='ocr_carea' id='block_1_68' title="bbox 1880 929 3466 1004">
    <p class='ocr_par' dir='ltr' id='par_1_68' title="bbox 1880 929 3466 1004">
     <span class='ocr_line' id='line_1_68' title="bbox 1880 929 3466 1004; baseline -0.006 -14"><span class='ocrx_word' id='word_1_493' title='bbox 1880 934 1948 990; x_wconf 90' lang='lat' dir='ltr'><strong>de</strong></span> <span class='ocrx_word' id='word_1_494' title='bbox 1973 934 2141 1004; x_wconf 85' lang='lat' dir='ltr'><strong>gratia</strong></span> <span class='ocrx_word' id='word_1_495' title='bbox 2166 976 2181 999; x_wconf 88' lang='lat'><strong>,</strong></span> <span class='ocrx_word' id='word_1_496' title='bbox 2209 942 2315 989; x_wconf 91' lang='lat' dir='ltr'><strong>etc.</strong></span> <span class='ocrx_word' id='word_1_497' title='bbox 2343 975 2359 1000; x_wconf 86' lang='lat'><strong>,</strong></span> <span class='ocrx_word' id='word_1_498' title='bbox 2390 941 2498 988; x_wconf 88' lang='lat' dir='ltr'><strong>tota</strong></span> <span class='ocrx_word' id='word_1_499' title='bbox 2523 932 2708 990; x_wconf 87' lang='lat' dir='ltr'><strong>decem</strong></span> <span class='ocrx_word' id='word_1_500' title='bbox 2739 930 3007 992; x_wconf 85' lang='lat' dir='ltr'><strong>volumina</strong></span> <span class='ocrx_word' id='word_1_501' title='bbox 3039 929 3278 998; x_wconf 78' lang='lat' dir='ltr'><strong>perlegas</strong></span> <span class='ocrx_word' id='word_1_502' title='bbox 3303 944 3466 1003; x_wconf 79' lang='lat' dir='ltr'><strong>Opur-</strong></span> 
     </span>
    </p>
   </div>
   <div class='ocr_carea' id='block_1_69' title="bbox 1882 1019 3467 1095">
    <p class='ocr_par' dir='ltr' id='par_1_69' title="bbox 1882 1019 3467 1095">
     <span class='ocr_line' id='line_1_69' title="bbox 1882 1019 3467 1095; baseline -0.005 -14"><span class='ocrx_word' id='word_1_503' title='bbox 1882 1034 1994 1091; x_wconf 89' lang='lat' dir='ltr'><strong>tet,</strong></span> <span class='ocrx_word' id='word_1_504' title='bbox 2044 1026 2445 1095; x_wconf 87' lang='lat' dir='ltr'><strong>periculumque</strong></span> <span class='ocrx_word' id='word_1_505' title='bbox 2489 1039 2702 1092; x_wconf 84' lang='lat' dir='ltr'><strong>semper</strong></span> <span class='ocrx_word' id='word_1_506' title='bbox 2739 1031 2822 1077; x_wconf 85' lang='lat' dir='ltr'><strong>est</strong></span> <span class='ocrx_word' id='word_1_507' title='bbox 2863 1036 2929 1078; x_wconf 87' lang='lat' dir='ltr'><strong>ne</strong></span> <span class='ocrx_word' id='word_1_508' title='bbox 2970 1021 3020 1074; x_wconf 91' lang='lat' dir='ltr'><strong>in</strong></span> <span class='ocrx_word' id='word_1_509' title='bbox 3070 1030 3173 1073; x_wconf 84' lang='lat' dir='ltr'><strong>l:|llt</strong></span> <span class='ocrx_word' id='word_1_510' title='bbox 3214 1019 3467 1074; x_wconf 86' lang='lat' dir='ltr'><strong>diuturno</strong></span> 
     </span>
    </p>
   </div>
   <div class='ocr_carea' id='block_1_70' title="bbox 1881 1110 3462 1184">
    <p class='ocr_par' dir='ltr' id='par_1_70' title="bbox 1881 1110 3462 1184">
     <span class='ocr_line' id='line_1_70' title="bbox 1881 1110 3462 1184; baseline -0.006 -13"><span class='ocrx_word' id='word_1_511' title='bbox 1881 1117 2123 1171; x_wconf 82' lang='lat' dir='ltr'><strong>lectionis</strong></span> <span class='ocrx_word' id='word_1_512' title='bbox 2169 1116 2441 1181; x_wconf 85' lang='lat' dir='ltr'><strong>decursu,</strong></span> <span class='ocrx_word' id='word_1_513' title='bbox 2491 1113 2632 1184; x_wconf 89' lang='lat' dir='ltr'><strong>quod</strong></span> <span class='ocrx_word' id='word_1_514' title='bbox 2683 1114 2853 1184; x_wconf 91' lang='lat' dir='ltr'><strong>primo</strong></span> <span class='ocrx_word' id='word_1_515' title='bbox 2894 1121 3200 1182; x_wconf 87' lang='lat' dir='ltr'><strong>perceptum</strong></span> <span class='ocrx_word' id='word_1_516' title='bbox 3252 1110 3420 1165; x_wconf 82' lang='lat' dir='ltr'><strong>fuerat</strong></span> <span class='ocrx_word' id='word_1_517' title='bbox 3448 1152 3462 1174; x_wconf 92' lang='lat'><strong>,</strong></span> 
     </span>
    </p>
   </div>
   <div class='ocr_carea' id='block_1_71' title="bbox 1879 1200 3464 1276">
    <p class='ocr_par' dir='ltr' id='par_1_71' title="bbox 1879 1200 3464 1276">
     <span class='ocr_line' id='line_1_71' title="bbox 1879 1200 3464 1276; baseline -0.003 -17"><span class='ocrx_word' id='word_1_518' title='bbox 1879 1215 2162 1276; x_wconf 87' lang='lat' dir='ltr'><strong>antequam</strong></span> <span class='ocrx_word' id='word_1_519' title='bbox 2195 1207 2259 1262; x_wconf 87' lang='lat' dir='ltr'><strong>ad</strong></span> <span class='ocrx_word' id='word_1_520' title='bbox 2293 1206 2450 1261; x_wconf 84' lang='lat' dir='ltr'><strong>linem</strong></span> <span class='ocrx_word' id='word_1_521' title='bbox 2490 1206 2742 1262; x_wconf 84' lang='lat' dir='ltr'><strong>devenias</strong></span> <span class='ocrx_word' id='word_1_522' title='bbox 2767 1247 2781 1269; x_wconf 87' lang='lat'><strong>,</strong></span> <span class='ocrx_word' id='word_1_523' title='bbox 2827 1203 3070 1259; x_wconf 88' lang='lat' dir='ltr'><strong>elabatur</strong></span> <span class='ocrx_word' id='word_1_524' title='bbox 3103 1221 3116 1257; x_wconf 90' lang='lat'><strong>:</strong></span> <span class='ocrx_word' id='word_1_525' title='bbox 3171 1200 3464 1271; x_wconf 84' lang='lat' dir='ltr'><strong>periculum</strong></span> 
     </span>
    </p>
   </div>
   <div class='ocr_carea' id='block_1_72' title="bbox 1880 1293 3465 1366">
    <p class='ocr_par' dir='ltr' id='par_1_72' title="bbox 1880 1293 3465 1366">
     <span class='ocr_line' id='line_1_72' title="bbox 1880 1293 3465 1366; baseline -0.003 -14"><span class='ocrx_word' id='word_1_526' title='bbox 1880 1298 2006 1357; x_wconf 88' lang='lat' dir='ltr'><strong>item</strong></span> <span class='ocrx_word' id='word_1_527' title='bbox 2040 1313 2109 1353; x_wconf 91' lang='lat' dir='ltr'><strong>ne</strong></span> <span class='ocrx_word' id='word_1_528' title='bbox 2136 1297 2364 1356; x_wconf 62' lang='lat' dir='ltr'><strong>assidua:</strong></span> <span class='ocrx_word' id='word_1_529' title='bbox 2394 1307 2658 1366; x_wconf 63' lang='lat' dir='ltr'><strong>tantaeque</strong></span> <span class='ocrx_word' id='word_1_530' title='bbox 2687 1296 2928 1351; x_wconf 85' lang='lat' dir='ltr'><strong>lectionis</strong></span> <span class='ocrx_word' id='word_1_531' title='bbox 2957 1295 3115 1350; x_wconf 67' lang='lat' dir='ltr'><strong>ttedio</strong></span> <span class='ocrx_word' id='word_1_532' title='bbox 3137 1295 3271 1350; x_wconf 90' lang='lat' dir='ltr'><strong>bene</strong></span> <span class='ocrx_word' id='word_1_533' title='bbox 3302 1293 3465 1348; x_wconf 81' lang='lat' dir='ltr'><strong>multa</strong></span> 
     </span>
    </p>
   </div>
   <div class='ocr_carea' id='block_1_73' title="bbox 1879 1384 3465 1457">
    <p class='ocr_par' dir='ltr' id='par_1_73' title="bbox 1879 1384 3465 1457">
     <span class='ocr_line' id='line_1_73' title="bbox 1879 1384 3465 1457; baseline -0.002 -16"><span class='ocrx_word' id='word_1_534' title='bbox 1879 1387 2221 1444; x_wconf 86' lang='lat' dir='ltr'><strong>inobservata</strong></span> <span class='ocrx_word' id='word_1_535' title='bbox 2253 1397 2559 1457; x_wconf 60' lang='lat' dir='ltr'><strong>pra&#39;tercas.</strong></span> <span class='ocrx_word' id='word_1_536' title='bbox 2592 1388 2788 1445; x_wconf 87' lang='lat' dir='ltr'><strong>Contra</strong></span> <span class='ocrx_word' id='word_1_537' title='bbox 2816 1402 2943 1441; x_wconf 89' lang='lat' dir='ltr'><strong>vero</strong></span> <span class='ocrx_word' id='word_1_538' title='bbox 2975 1386 3026 1440; x_wconf 91' lang='lat' dir='ltr'><strong>in</strong></span> <span class='ocrx_word' id='word_1_539' title='bbox 3056 1384 3351 1440; x_wconf 89' lang='lat' dir='ltr'><strong>istiusmodi</strong></span> <span class='ocrx_word' id='word_1_540' title='bbox 3383 1384 3465 1438; x_wconf 91' lang='lat' dir='ltr'><strong>in-</strong></span> 
     </span>
    </p>
   </div>
   <div class='ocr_carea' id='block_1_74' title="bbox 1878 1475 3462 1549">
    <p class='ocr_par' dir='ltr' id='par_1_74' title="bbox 1878 1475 3462 1549">
     <span class='ocr_line' id='line_1_74' title="bbox 1878 1475 3462 1549; baseline -0.003 -17"><span class='ocrx_word' id='word_1_541' title='bbox 1878 1478 1998 1534; x_wconf 89' lang='lat' dir='ltr'><strong>dice</strong></span> <span class='ocrx_word' id='word_1_542' title='bbox 2021 1521 2035 1544; x_wconf 93' lang='lat'><strong>,</strong></span> <span class='ocrx_word' id='word_1_543' title='bbox 2063 1493 2412 1549; x_wconf 55' lang='lat' dir='ltr'><strong>qua‘cumque</strong></span> <span class='ocrx_word' id='word_1_544' title='bbox 2432 1478 2498 1534; x_wconf 90' lang='lat' dir='ltr'><strong>de</strong></span> <span class='ocrx_word' id='word_1_545' title='bbox 2521 1479 2632 1533; x_wconf 91' lang='lat' dir='ltr'><strong>Dco</strong></span> <span class='ocrx_word' id='word_1_546' title='bbox 2658 1520 2671 1543; x_wconf 89' lang='lat'><strong>,</strong></span> <span class='ocrx_word' id='word_1_547' title='bbox 2699 1492 3046 1548; x_wconf 62' lang='lat' dir='ltr'><strong>quotcumque</strong></span> <span class='ocrx_word' id='word_1_548' title='bbox 3071 1475 3137 1531; x_wconf 90' lang='lat' dir='ltr'><strong>de</strong></span> <span class='ocrx_word' id='word_1_549' title='bbox 3159 1475 3420 1545; x_wconf 89' lang='lat' dir='ltr'><strong>baptismo</strong></span> <span class='ocrx_word' id='word_1_550' title='bbox 3443 1515 3462 1542; x_wconf 87' lang='lat'><strong>,</strong></span> 
     </span>
    </p>
   </div>
   <div class='ocr_carea' id='block_1_75' title="bbox 1878 1567 3460 1640">
    <p class='ocr_par' dir='ltr' id='par_1_75' title="bbox 1878 1567 3460 1640">
     <span class='ocr_line' id='line_1_75' title="bbox 1878 1567 3460 1640; baseline -0.005 -15"><span class='ocrx_word' id='word_1_551' title='bbox 1878 1570 2017 1627; x_wconf 89' lang='lat' dir='ltr'><strong>devc</strong></span> <span class='ocrx_word' id='word_1_552' title='bbox 2051 1571 2170 1626; x_wconf 89' lang='lat' dir='ltr'><strong>aliis</strong></span> <span class='ocrx_word' id='word_1_553' title='bbox 2213 1571 2537 1640; x_wconf 88' lang='lat' dir='ltr'><strong>quibuslibet</strong></span> <span class='ocrx_word' id='word_1_554' title='bbox 2583 1570 2634 1625; x_wconf 91' lang='lat' dir='ltr'><strong>in</strong></span> <span class='ocrx_word' id='word_1_555' title='bbox 2679 1578 2897 1623; x_wconf 88' lang='lat' dir='ltr'><strong>auctore</strong></span> <span class='ocrx_word' id='word_1_556' title='bbox 2936 1567 3156 1636; x_wconf 67' lang='lat' dir='ltr'><strong>reperiri</strong></span> <span class='ocrx_word' id='word_1_557' title='bbox 3198 1576 3416 1636; x_wconf 84' lang='lat' dir='ltr'><strong>possunt</strong></span> <span class='ocrx_word' id='word_1_558' title='bbox 3446 1607 3460 1627; x_wconf 87' lang='lat'><strong>,</strong></span> 
     </span>
    </p>
   </div>
   <div class='ocr_carea' id='block_1_76' title="bbox 1878 1657 3462 1730">
    <p class='ocr_par' dir='ltr' id='par_1_76' title="bbox 1878 1657 3462 1730">
     <span class='ocr_line' id='line_1_76' title="bbox 1878 1657 3462 1730; baseline -0.004 -16"><span class='ocrx_word' id='word_1_559' title='bbox 1878 1677 2039 1715; x_wconf 89' lang='lat' dir='ltr'><strong>unum</strong></span> <span class='ocrx_word' id='word_1_560' title='bbox 2087 1661 2186 1717; x_wconf 88' lang='lat' dir='ltr'><strong>sub</strong></span> <span class='ocrx_word' id='word_1_561' title='bbox 2225 1671 2500 1730; x_wconf 86' lang='lat' dir='ltr'><strong>aspectum</strong></span> <span class='ocrx_word' id='word_1_562' title='bbox 2552 1659 2926 1727; x_wconf 85' lang='lat' dir='ltr'><strong>subjiciuntur.</strong></span> <span class='ocrx_word' id='word_1_563' title='bbox 2974 1658 3331 1724; x_wconf 86' lang='lat' dir='ltr'><strong>Quamobrem</strong></span> <span class='ocrx_word' id='word_1_564' title='bbox 3379 1657 3462 1709; x_wconf 91' lang='lat' dir='ltr'><strong>vel</strong></span> 
     </span>
    </p>
   </div>
   <div class='ocr_carea' id='block_1_77' title="bbox 1878 1747 3462 1821">
    <p class='ocr_par' dir='ltr' id='par_1_77' title="bbox 1878 1747 3462 1821">
     <span class='ocr_line' id='line_1_77' title="bbox 1878 1747 3462 1821; baseline 0.001 -17"><span class='ocrx_word' id='word_1_565' title='bbox 1878 1751 2064 1808; x_wconf 77' lang='lat' dir='ltr'><strong>iisdem</strong></span> <span class='ocrx_word' id='word_1_566' title='bbox 2097 1752 2228 1821; x_wconf 89' lang='lat' dir='ltr'><strong>ipsis</strong></span> <span class='ocrx_word' id='word_1_567' title='bbox 2253 1752 2342 1821; x_wconf 91' lang='lat' dir='ltr'><strong>qui</strong></span> <span class='ocrx_word' id='word_1_568' title='bbox 2373 1760 2452 1808; x_wconf 87' lang='lat' dir='ltr'><strong>tot</strong></span> <span class='ocrx_word' id='word_1_569' title='bbox 2480 1750 2746 1805; x_wconf 89' lang='lat' dir='ltr'><strong>volumina</strong></span> <span class='ocrx_word' id='word_1_570' title='bbox 2787 1750 2968 1819; x_wconf 78' lang='lat' dir='ltr'><strong>legunt</strong></span> <span class='ocrx_word' id='word_1_571' title='bbox 2991 1789 3005 1812; x_wconf 87' lang='lat'><strong>,</strong></span> <span class='ocrx_word' id='word_1_572' title='bbox 3049 1747 3239 1802; x_wconf 89' lang='lat' dir='ltr'><strong>indicis</strong></span> <span class='ocrx_word' id='word_1_573' title='bbox 3276 1747 3462 1805; x_wconf 62' lang='lat' dir='ltr'><strong>lectio:</strong></span> 
     </span>
    </p>
   </div>
   <div class='ocr_carea' id='block_1_78' title="bbox 1878 1836 3462 1914">
    <p class='ocr_par' dir='ltr' id='par_1_78' title="bbox 1878 1836 3462 1914">
     <span class='ocr_line' id='line_1_78' title="bbox 1878 1836 3462 1914; baseline -0.003 -16"><span class='ocrx_word' id='word_1_574' title='bbox 1878 1859 1999 1899; x_wconf 91' lang='lat' dir='ltr'><strong>nem</strong></span> <span class='ocrx_word' id='word_1_575' title='bbox 2028 1860 2095 1899; x_wconf 91' lang='lat' dir='ltr'><strong>ne</strong></span> <span class='ocrx_word' id='word_1_576' title='bbox 2118 1844 2526 1914; x_wconf 68' lang='lat' dir='ltr'><strong>praetermittam</strong></span> <span class='ocrx_word' id='word_1_577' title='bbox 2544 1851 2731 1898; x_wconf 89' lang='lat' dir='ltr'><strong>auctor</strong></span> <span class='ocrx_word' id='word_1_578' title='bbox 2749 1856 2888 1896; x_wconf 89' lang='lat' dir='ltr'><strong>sum.</strong></span> <span class='ocrx_word' id='word_1_579' title='bbox 2913 1840 3038 1895; x_wconf 83' lang='lat' dir='ltr'><strong>Post</strong></span> <span class='ocrx_word' id='word_1_580' title='bbox 3065 1838 3292 1893; x_wconf 84' lang='lat' dir='ltr'><strong>indicem</strong></span> <span class='ocrx_word' id='word_1_581' title='bbox 3314 1836 3462 1893; x_wconf 66' lang='lat' dir='ltr'><strong>Onoo.</strong></span> 
     </span>
    </p>
   </div>
   <div class='ocr_carea' id='block_1_79' title="bbox 1875 1928 3462 2004">
    <p class='ocr_par' dir='ltr' id='par_1_79' title="bbox 1875 1928 3462 2004">
     <span class='ocr_line' id='line_1_79' title="bbox 1875 1928 3462 2004; baseline -0.01 -8"><span class='ocrx_word' id='word_1_582' title='bbox 1875 1936 2137 1997; x_wconf 82' lang='lat' dir='ltr'><strong>masticon</strong></span> <span class='ocrx_word' id='word_1_583' title='bbox 2157 1935 2541 2004; x_wconf 89' lang='lat' dir='ltr'><strong>amplissimum</strong></span> <span class='ocrx_word' id='word_1_584' title='bbox 2564 1933 2774 1988; x_wconf 85' lang='lat' dir='ltr'><strong>dabitur</strong></span> <span class='ocrx_word' id='word_1_585' title='bbox 2797 1947 2986 1986; x_wconf 90' lang='lat' dir='ltr'><strong>vocum</strong></span> <span class='ocrx_word' id='word_1_586' title='bbox 3013 1930 3250 1985; x_wconf 91' lang='lat' dir='ltr'><strong>omnium</strong></span> <span class='ocrx_word' id='word_1_587' title='bbox 3278 1928 3462 1997; x_wconf 83' lang='lat' dir='ltr'><strong>singu-</strong></span> 
     </span>
    </p>
   </div>
   <div class='ocr_carea' id='block_1_80' title="bbox 1874 2020 3462 2094">
    <p class='ocr_par' dir='ltr' id='par_1_80' title="bbox 1874 2020 3462 2094">
     <span class='ocr_line' id='line_1_80' title="bbox 1874 2020 3462 2094; baseline -0.005 -15"><span class='ocrx_word' id='word_1_588' title='bbox 1874 2026 2063 2080; x_wconf 90' lang='lat' dir='ltr'><strong>larinm</strong></span> <span class='ocrx_word' id='word_1_589' title='bbox 2088 2067 2104 2090; x_wconf 87' lang='lat'><strong>,</strong></span> <span class='ocrx_word' id='word_1_590' title='bbox 2131 2040 2249 2094; x_wconf 76' lang='lat' dir='ltr'><strong>qum</strong></span> <span class='ocrx_word' id='word_1_591' title='bbox 2279 2025 2329 2078; x_wconf 90' lang='lat' dir='ltr'><strong>in</strong></span> <span class='ocrx_word' id='word_1_592' title='bbox 2354 2023 2500 2079; x_wconf 89' lang='lat' dir='ltr'><strong>edito</strong></span> <span class='ocrx_word' id='word_1_593' title='bbox 2526 2022 2895 2094; x_wconf 76' lang='lat' dir='ltr'><strong>Chrysostomi</strong></span> <span class='ocrx_word' id='word_1_594' title='bbox 2926 2020 3266 2090; x_wconf 87' lang='lat' dir='ltr'><strong>reperiuntur</strong></span> <span class='ocrx_word' id='word_1_595' title='bbox 3291 2060 3306 2084; x_wconf 90' lang='lat'><strong>,</strong></span> <span class='ocrx_word' id='word_1_596' title='bbox 3336 2034 3462 2078; x_wconf 84' lang='lat' dir='ltr'><strong>cum</strong></span> 
     </span>
    </p>
   </div>
   <div class='ocr_carea' id='block_1_81' title="bbox 1873 2110 3463 2186">
    <p class='ocr_par' dir='ltr' id='par_1_81' title="bbox 1873 2110 3463 2186">
     <span class='ocr_line' id='line_1_81' title="bbox 1873 2110 3463 2186; baseline -0.006 -14"><span class='ocrx_word' id='word_1_597' title='bbox 1873 2132 2057 2172; x_wconf 88' lang='lat' dir='ltr'><strong>earmn</strong></span> <span class='ocrx_word' id='word_1_598' title='bbox 2091 2116 2531 2186; x_wconf 89' lang='lat' dir='ltr'><strong>interpretatione</strong></span> <span class='ocrx_word' id='word_1_599' title='bbox 2560 2114 2746 2173; x_wconf 87' lang='lat' dir='ltr'><strong>Latina</strong></span> <span class='ocrx_word' id='word_1_600' title='bbox 2775 2132 2788 2168; x_wconf 94' lang='lat'>:</span> <span class='ocrx_word' id='word_1_601' title='bbox 2822 2112 3102 2177; x_wconf 88' lang='lat' dir='ltr'><strong>idiotismi,</strong></span> <span class='ocrx_word' id='word_1_602' title='bbox 3132 2111 3220 2181; x_wconf 87' lang='lat' dir='ltr'><strong>qui</strong></span> <span class='ocrx_word' id='word_1_603' title='bbox 3245 2110 3463 2180; x_wconf 74' lang='lat' dir='ltr'><strong>plurimi</strong></span> 
     </span>
    </p>
   </div>
   <div class='ocr_carea' id='block_1_82' title="bbox 1873 2203 3457 2279">
    <p class='ocr_par' dir='ltr' id='par_1_82' title="bbox 1873 2203 3457 2279">
     <span class='ocr_line' id='line_1_82' title="bbox 1873 2203 3457 2279; baseline -0.001 -18"><span class='ocrx_word' id='word_1_604' title='bbox 1873 2209 2010 2279; x_wconf 91' lang='lat' dir='ltr'><strong>apud</strong></span> <span class='ocrx_word' id='word_1_605' title='bbox 2034 2208 2181 2262; x_wconf 90' lang='lat' dir='ltr'><strong>illum</strong></span> <span class='ocrx_word' id='word_1_606' title='bbox 2207 2214 2517 2271; x_wconf 88' lang='lat' dir='ltr'><strong>occurrunt,</strong></span> <span class='ocrx_word' id='word_1_607' title='bbox 2544 2206 2888 2262; x_wconf 86' lang='lat' dir='ltr'><strong>notabuntur.</strong></span> <span class='ocrx_word' id='word_1_608' title='bbox 2961 2207 3167 2272; x_wconf 68' lang='lat' dir='ltr'><strong>Agmen</strong></span> <span class='ocrx_word' id='word_1_609' title='bbox 3247 2203 3457 2260; x_wconf 86' lang='lat' dir='ltr'><strong>claudet</strong></span> 
     </span>
    </p>
   </div>
   <div class='ocr_carea' id='block_1_83' title="bbox 1872 2292 3461 2369">
    <p class='ocr_par' dir='ltr' id='par_1_83' title="bbox 1872 2292 3461 2369">
     <span class='ocr_line' id='line_1_83' title="bbox 1872 2292 3461 2369; baseline -0.003 -17"><span class='ocrx_word' id='word_1_610' title='bbox 1872 2300 2143 2369; x_wconf 75' lang='lat' dir='ltr'><strong>catalogus</strong></span> <span class='ocrx_word' id='word_1_611' title='bbox 2172 2298 2537 2368; x_wconf 84' lang='lat' dir='ltr'><strong>alphabeticus</strong></span> <span class='ocrx_word' id='word_1_612' title='bbox 2576 2311 2796 2366; x_wconf 90' lang='lat' dir='ltr'><strong>operum</strong></span> <span class='ocrx_word' id='word_1_613' title='bbox 2826 2293 3061 2348; x_wconf 87' lang='lat' dir='ltr'><strong>omnium</strong></span> <span class='ocrx_word' id='word_1_614' title='bbox 3091 2292 3461 2364; x_wconf 75' lang='lat' dir='ltr'><strong>Chrysostomi</strong></span> 
     </span>
    </p>
   </div>
   <div class='ocr_carea' id='block_1_84' title="bbox 1871 2384 3460 2467">
    <p class='ocr_par' dir='ltr' id='par_1_84' title="bbox 1871 2384 3460 2467">
     <span class='ocr_line' id='line_1_84' title="bbox 1871 2384 3460 2467; baseline -0.004 -24"><span class='ocrx_word' id='word_1_615' title='bbox 1871 2390 2296 2467; x_wconf 48' lang='lat' dir='ltr'><strong>et.cpistolarum</strong></span> <span class='ocrx_word' id='word_1_616' title='bbox 2337 2405 2367 2443; x_wconf 90' lang='lat' dir='ltr'><strong>a</strong></span> <span class='ocrx_word' id='word_1_617' title='bbox 2408 2389 2590 2457; x_wconf 80' lang='lat' dir='ltr'><strong>primis</strong></span> <span class='ocrx_word' id='word_1_618' title='bbox 2637 2386 2897 2456; x_wconf 80' lang='lat' dir='ltr'><strong>cujusque</strong></span> <span class='ocrx_word' id='word_1_619' title='bbox 2937 2384 3117 2453; x_wconf 82' lang='lat' dir='ltr'><strong>operis</strong></span> <span class='ocrx_word' id='word_1_620' title='bbox 3159 2384 3333 2441; x_wconf 85' lang='lat' dir='ltr'><strong>verbis</strong></span> <span class='ocrx_word' id='word_1_621' title='bbox 3361 2384 3460 2439; x_wconf 86' lang='lat' dir='ltr'><strong>dn-</strong></span> 
     </span>
    </p>
   </div>
   <div class='ocr_carea' id='block_1_85' title="bbox 1870 2461 3458 2550">
    <p class='ocr_par' dir='ltr' id='par_1_85' title="bbox 1870 2461 3458 2550">
     <span class='ocr_line' id='line_1_85' title="bbox 1870 2461 3458 2550; baseline -0.006 -13"><span class='ocrx_word' id='word_1_622' title='bbox 1870 2461 1990 2537; x_wconf 82' lang='lat' dir='ltr'><strong>ctus</strong></span> <span class='ocrx_word' id='word_1_623' title='bbox 2010 2522 2024 2545; x_wconf 87' lang='lat'><strong>,</strong></span> <span class='ocrx_word' id='word_1_624' title='bbox 2057 2461 2318 2550; x_wconf 79' lang='lat' dir='ltr'><strong>longeque</strong></span> <span class='ocrx_word' id='word_1_625' title='bbox 2345 2478 2573 2547; x_wconf 90' lang='lat' dir='ltr'><strong>amplior</strong></span> <span class='ocrx_word' id='word_1_626' title='bbox 2605 2492 2764 2547; x_wconf 88' lang='lat' dir='ltr'><strong>quam</strong></span> <span class='ocrx_word' id='word_1_627' title='bbox 2800 2474 3096 2532; x_wconf 83' lang='lat' dir='ltr'><strong>Savilianus</strong></span> <span class='ocrx_word' id='word_1_628' title='bbox 3120 2515 3134 2540; x_wconf 92' lang='lat'><strong>,</strong></span> <span class='ocrx_word' id='word_1_629' title='bbox 3176 2475 3231 2533; x_wconf 90' lang='lat' dir='ltr'><strong>in</strong></span> <span class='ocrx_word' id='word_1_630' title='bbox 3269 2485 3458 2530; x_wconf 83' lang='lat' dir='ltr'><strong>octavo</strong></span> 
     </span>
    </p>
   </div>
   <div class='ocr_carea' id='block_1_86' title="bbox 1872 2574 2716 2643">
    <p class='ocr_par' dir='ltr' id='par_1_86' title="bbox 1872 2574 2716 2643">
     <span class='ocr_line' id='line_1_86' title="bbox 1872 2574 2716 2643; baseline -0.005 -15"><span class='ocrx_word' id='word_1_631' title='bbox 1872 2585 2017 2630; x_wconf 89' lang='lat' dir='ltr'><strong>tomo</strong></span> <span class='ocrx_word' id='word_1_632' title='bbox 2046 2576 2188 2630; x_wconf 88' lang='lat' dir='ltr'><strong>illius</strong></span> <span class='ocrx_word' id='word_1_633' title='bbox 2212 2574 2473 2630; x_wconf 78' lang='lat' dir='ltr'><strong>editionis</strong></span> <span class='ocrx_word' id='word_1_634' title='bbox 2495 2574 2716 2643; x_wconf 86' lang='lat' dir='ltr'><strong>positus.</strong></span> 
     </span>
    </p>
   </div>
   <div class='ocr_carea' id='block_1_87' title="bbox 1912 2748 3423 2831">
    <p class='ocr_par' dir='ltr' id='par_1_87' title="bbox 1912 2748 3423 2831">
     <span class='ocr_line' id='line_1_87' title="bbox 1912 2748 3423 2831; baseline 0 -26"><span class='ocrx_word' id='word_1_635' title='bbox 1912 2748 2109 2831; x_wconf 60' lang='grc' dir='ltr'><strong>ίΧηι.</strong></span> <span class='ocrx_word' id='word_1_636' title='bbox 2130 2781 2201 2791; x_wconf 90' lang='grc'><strong><em>-</em></strong></span> <span class='ocrx_word' id='word_1_637' title='bbox 2230 2750 2306 2805; x_wconf 85' lang='lat' dir='ltr'><strong>De</strong></span> <span class='ocrx_word' id='word_1_638' title='bbox 2329 2754 2448 2808; x_wconf 78' lang='lat' dir='ltr'><strong>viris</strong></span> <span class='ocrx_word' id='word_1_639' title='bbox 2496 2754 2778 2824; x_wconf 77' lang='lat' dir='ltr'><strong>insignibus</strong></span> <span class='ocrx_word' id='word_1_640' title='bbox 2800 2795 2812 2816; x_wconf 92' lang='lat'><strong>,</strong></span> <span class='ocrx_word' id='word_1_641' title='bbox 2844 2769 3055 2819; x_wconf 68' lang='lat' dir='ltr'><strong>quorum</strong></span> <span class='ocrx_word' id='word_1_642' title='bbox 3087 2770 3181 2820; x_wconf 67' lang='lat' dir='ltr'><strong>ope</strong></span> <span class='ocrx_word' id='word_1_643' title='bbox 3234 2755 3282 2803; x_wconf 82' lang='lat' dir='ltr'><strong>in</strong></span> <span class='ocrx_word' id='word_1_644' title='bbox 3329 2763 3423 2805; x_wconf 75' lang='lat' dir='ltr'><strong>huc</strong></span> 
     </span>
    </p>
   </div>
   <div class='ocr_carea' id='block_1_88' title="bbox 2370 2844 2917 2898">
    <p class='ocr_par' dir='ltr' id='par_1_88' title="bbox 2370 2844 2917 2898">
     <span class='ocr_line' id='line_1_88' title="bbox 2370 2844 2917 2898; baseline -0.005 0"><span class='ocrx_word' id='word_1_645' title='bbox 2370 2844 2583 2898; x_wconf 80' lang='lat' dir='ltr'><strong>editione</strong></span> <span class='ocrx_word' id='word_1_646' title='bbox 2621 2845 2699 2897; x_wconf 69' lang='lat' dir='ltr'><strong>usi</strong></span> <span class='ocrx_word' id='word_1_647' title='bbox 2726 2860 2917 2898; x_wconf 72' lang='lat' dir='ltr'><strong>minus.</strong></span> 
     </span>
    </p>
   </div>
   <div class='ocr_carea' id='block_1_89' title="bbox 1941 3049 3453 3122">
    <p class='ocr_par' dir='ltr' id='par_1_89' title="bbox 1941 3049 3453 3122">
     <span class='ocr_line' id='line_1_89' title="bbox 1941 3049 3453 3122; baseline -0.002 -16"><span class='ocrx_word' id='word_1_648' title='bbox 1941 3052 2126 3106; x_wconf 78' lang='lat' dir='ltr'><strong>Restat</strong></span> <span class='ocrx_word' id='word_1_649' title='bbox 2152 3061 2208 3107; x_wconf 91' lang='lat' dir='ltr'><strong>ut</strong></span> <span class='ocrx_word' id='word_1_650' title='bbox 2238 3054 2290 3111; x_wconf 88' lang='lat' dir='ltr'><strong>in</strong></span> <span class='ocrx_word' id='word_1_651' title='bbox 2314 3053 2448 3122; x_wconf 85' lang='lat' dir='ltr'><strong>grati</strong></span> <span class='ocrx_word' id='word_1_652' title='bbox 2479 3053 2642 3107; x_wconf 90' lang='lat' dir='ltr'><strong>animi</strong></span> <span class='ocrx_word' id='word_1_653' title='bbox 2675 3051 3036 3107; x_wconf 89' lang='lat' dir='ltr'><strong>testimonium</strong></span> <span class='ocrx_word' id='word_1_654' title='bbox 3069 3049 3257 3105; x_wconf 87' lang='lat' dir='ltr'><strong>lectori</strong></span> <span class='ocrx_word' id='word_1_655' title='bbox 3287 3051 3453 3120; x_wconf 80' lang='lat' dir='ltr'><strong>signi-</strong></span> 
     </span>
    </p>
   </div>
   <div class='ocr_carea' id='block_1_90' title="bbox 1870 3140 3451 3212">
    <p class='ocr_par' dir='ltr' id='par_1_90' title="bbox 1870 3140 3451 3212">
     <span class='ocr_line' id='line_1_90' title="bbox 1870 3140 3451 3212; baseline 0 -19"><span class='ocrx_word' id='word_1_656' title='bbox 1870 3140 2091 3195; x_wconf 86' lang='lat' dir='ltr'><strong>licemns</strong></span> <span class='ocrx_word' id='word_1_657' title='bbox 2114 3183 2129 3209; x_wconf 92' lang='lat'><strong>,</strong></span> <span class='ocrx_word' id='word_1_658' title='bbox 2161 3158 2385 3212; x_wconf 89' lang='lat' dir='ltr'><strong>quarum</strong></span> <span class='ocrx_word' id='word_1_659' title='bbox 2413 3141 2854 3205; x_wconf 85' lang='lat' dir='ltr'><strong>bibliothecarum</strong></span> <span class='ocrx_word' id='word_1_660' title='bbox 2883 3140 3156 3198; x_wconf 76' lang='lat' dir='ltr'><strong>codicibus</strong></span> <span class='ocrx_word' id='word_1_661' title='bbox 3182 3181 3198 3207; x_wconf 89' lang='lat'><strong>,</strong></span> <span class='ocrx_word' id='word_1_662' title='bbox 3225 3155 3451 3209; x_wconf 88' lang='lat' dir='ltr'><strong>quorum</strong></span> 
     </span>
    </p>
   </div>
   <div class='ocr_carea' id='block_1_91' title="bbox 1867 3230 3456 3300">
    <p class='ocr_par' dir='ltr' id='par_1_91' title="bbox 1867 3230 3456 3300">
     <span class='ocr_line' id='line_1_91' title="bbox 1867 3230 3456 3300; baseline -0.001 -16"><span class='ocrx_word' id='word_1_663' title='bbox 1867 3246 1968 3300; x_wconf 87' lang='lat' dir='ltr'><strong>0pc</strong></span> <span class='ocrx_word' id='word_1_664' title='bbox 2016 3232 2250 3286; x_wconf 80' lang='lat' dir='ltr'><strong>virorum</strong></span> <span class='ocrx_word' id='word_1_665' title='bbox 2292 3232 2358 3287; x_wconf 91' lang='lat' dir='ltr'><strong>ad</strong></span> <span class='ocrx_word' id='word_1_666' title='bbox 2399 3232 2535 3299; x_wconf 77' lang='lat' dir='ltr'><strong>hanc</strong></span> <span class='ocrx_word' id='word_1_667' title='bbox 2575 3231 2866 3299; x_wconf 80' lang='lat' dir='ltr'><strong>editionem</strong></span> <span class='ocrx_word' id='word_1_668' title='bbox 2913 3232 2993 3285; x_wconf 73' lang='lat' dir='ltr'><strong>usi</strong></span> <span class='ocrx_word' id='word_1_669' title='bbox 3029 3231 3217 3284; x_wconf 86' lang='lat' dir='ltr'><strong>simus.</strong></span> <span class='ocrx_word' id='word_1_670' title='bbox 3247 3230 3456 3284; x_wconf 89' lang='lat' dir='ltr'><strong>Primus</strong></span> 
     </span>
    </p>
   </div>
   <div class='ocr_carea' id='block_1_92' title="bbox 1865 3319 3452 3378">
    <p class='ocr_par' dir='ltr' id='par_1_92' title="bbox 1865 3319 3452 3378">
     <span class='ocr_line' id='line_1_92' title="bbox 1865 3319 3452 3378; baseline -0.003 0"><span class='ocrx_word' id='word_1_671' title='bbox 1865 3322 2217 3378; x_wconf 89' lang='lat' dir='ltr'><strong>celebrandus</strong></span> <span class='ocrx_word' id='word_1_672' title='bbox 2246 3324 2400 3377; x_wconf 90' lang='lat' dir='ltr'><strong>nobis</strong></span> <span class='ocrx_word' id='word_1_673' title='bbox 2426 3331 2509 3377; x_wconf 90' lang='lat' dir='ltr'><strong>est</strong></span> <span class='ocrx_word' id='word_1_674' title='bbox 2539 3323 3018 3377; x_wconf 74' lang='lat' dir='ltr'><strong>excellentissimus</strong></span> <span class='ocrx_word' id='word_1_675' title='bbox 3066 3323 3216 3375; x_wconf 91' lang='lat' dir='ltr'><strong>Dom.</strong></span> <span class='ocrx_word' id='word_1_676' title='bbox 3252 3319 3452 3375; x_wconf 73' lang='lat' dir='ltr'><strong>lit-zmi-</strong></span> 
     </span>
    </p>
   </div>
   <div class='ocr_carea' id='block_1_93' title="bbox 1866 3412 3454 3479">
    <p class='ocr_par' dir='ltr' id='par_1_93' title="bbox 1866 3412 3454 3479">
     <span class='ocr_line' id='line_1_93' title="bbox 1866 3412 3454 3479; baseline -0.001 -10"><span class='ocrx_word' id='word_1_677' title='bbox 1866 3428 1961 3469; x_wconf 79' lang='lat' dir='ltr'><strong>cus</strong></span> <span class='ocrx_word' id='word_1_678' title='bbox 1988 3413 2234 3477; x_wconf 57' lang='lat' dir='ltr'><strong>Canoitvs</strong></span> <span class='ocrx_word' id='word_1_679' title='bbox 2280 3430 2345 3469; x_wconf 87' lang='lat' dir='ltr'><strong>nu</strong></span> <span class='ocrx_word' id='word_1_680' title='bbox 2387 3414 2641 3470; x_wconf 63' lang='lat' dir='ltr'><strong>Caunos?</strong></span> <span class='ocrx_word' id='word_1_681' title='bbox 2683 3431 2750 3479; x_wconf 63' lang='lat' dir='ltr'><strong>ut:</strong></span> <span class='ocrx_word' id='word_1_682' title='bbox 2785 3412 2993 3469; x_wconf 63' lang='lat' dir='ltr'><strong>Consus</strong></span> <span class='ocrx_word' id='word_1_683' title='bbox 3020 3456 3033 3477; x_wconf 87' lang='lat'><strong>,</strong></span> <span class='ocrx_word' id='word_1_684' title='bbox 3085 3414 3199 3468; x_wconf 81' lang='lat' dir='ltr'><strong>Dux</strong></span> <span class='ocrx_word' id='word_1_685' title='bbox 3244 3422 3299 3468; x_wconf 89' lang='lat' dir='ltr'><strong>ct</strong></span> <span class='ocrx_word' id='word_1_686' title='bbox 3342 3413 3454 3467; x_wconf 72' lang='lat' dir='ltr'><strong>Pan</strong></span> 
     </span>
    </p>
   </div>
   <div class='ocr_carea' id='block_1_94' title="bbox 1865 3503 3453 3579">
    <p class='ocr_par' dir='ltr' id='par_1_94' title="bbox 1865 3503 3453 3579">
     <span class='ocr_line' id='line_1_94' title="bbox 1865 3503 3453 3579; baseline 0.001 -22"><span class='ocrx_word' id='word_1_687' title='bbox 1865 3503 2142 3571; x_wconf 72' lang='lat' dir='ltr'><strong>Francizc,</strong></span> <span class='ocrx_word' id='word_1_688' title='bbox 2216 3505 2514 3579; x_wconf 85' lang='lat' dir='ltr'><strong>Episc0pus</strong></span> <span class='ocrx_word' id='word_1_689' title='bbox 2583 3505 2873 3568; x_wconf 72' lang='lat' dir='ltr'><strong>Metensis,</strong></span> <span class='ocrx_word' id='word_1_690' title='bbox 2926 3505 3015 3574; x_wconf 91' lang='lat' dir='ltr'><strong>qui</strong></span> <span class='ocrx_word' id='word_1_691' title='bbox 3078 3503 3453 3559; x_wconf 78' lang='lat' dir='ltr'><strong>bibliothecam</strong></span> 
     </span>
    </p>
   </div>
   <div class='ocr_carea' id='block_1_95' title="bbox 1864 3594 3449 3665">
    <p class='ocr_par' dir='ltr' id='par_1_95' title="bbox 1864 3594 3449 3665">
     <span class='ocr_line' id='line_1_95' title="bbox 1864 3594 3449 3665; baseline -0.001 -16"><span class='ocrx_word' id='word_1_692' title='bbox 1864 3610 2016 3649; x_wconf 89' lang='lat' dir='ltr'><strong>suam</strong></span> <span class='ocrx_word' id='word_1_693' title='bbox 2045 3596 2189 3649; x_wconf 89' lang='lat' dir='ltr'><strong>omni</strong></span> <span class='ocrx_word' id='word_1_694' title='bbox 2221 3596 2703 3665; x_wconf 82' lang='lat' dir='ltr'><strong>inanuscriptorum</strong></span> <span class='ocrx_word' id='word_1_695' title='bbox 2730 3637 2745 3661; x_wconf 85' lang='lat'><strong>,</strong></span> <span class='ocrx_word' id='word_1_696' title='bbox 2778 3594 3070 3664; x_wconf 75' lang='lat' dir='ltr'><strong>prmscrtim</strong></span> <span class='ocrx_word' id='word_1_697' title='bbox 3100 3594 3405 3651; x_wconf 59' lang='grc' dir='ltr'><strong>(ἑταῖροι-ιλιι]</strong></span> <span class='ocrx_word' id='word_1_698' title='bbox 3432 3637 3449 3663; x_wconf 84' lang='grc'><em>,</em></span> 
     </span>
    </p>
   </div>
   <div class='ocr_carea' id='block_1_96' title="bbox 1863 3684 3452 3755">
    <p class='ocr_par' dir='ltr' id='par_1_96' title="bbox 1863 3684 3452 3755">
     <span class='ocr_line' id='line_1_96' title="bbox 1863 3684 3452 3755; baseline -0.001 -16"><span class='ocrx_word' id='word_1_699' title='bbox 1863 3700 2061 3755; x_wconf 84' lang='lat' dir='ltr'><strong>genere</strong></span> <span class='ocrx_word' id='word_1_700' title='bbox 2088 3684 2339 3740; x_wconf 83' lang='lat' dir='ltr'><strong>refertam</strong></span> <span class='ocrx_word' id='word_1_701' title='bbox 2374 3686 2473 3739; x_wconf 89' lang='lat' dir='ltr'><strong>hoc</strong></span> <span class='ocrx_word' id='word_1_702' title='bbox 2502 3684 2553 3739; x_wconf 92' lang='lat' dir='ltr'><strong>in</strong></span> <span class='ocrx_word' id='word_1_703' title='bbox 2583 3686 2828 3745; x_wconf 74' lang='lat' dir='ltr'><strong>C(enobio</strong></span> <span class='ocrx_word' id='word_1_704' title='bbox 2857 3685 3096 3755; x_wconf 75' lang='lat' dir='ltr'><strong>deposuit</strong></span> <span class='ocrx_word' id='word_1_705' title='bbox 3128 3726 3143 3749; x_wconf 92' lang='lat'><strong>,</strong></span> <span class='ocrx_word' id='word_1_706' title='bbox 3174 3694 3227 3739; x_wconf 91' lang='lat' dir='ltr'><strong>ct</strong></span> <span class='ocrx_word' id='word_1_707' title='bbox 3257 3700 3352 3753; x_wconf 91' lang='lat' dir='ltr'><strong>pro</strong></span> <span class='ocrx_word' id='word_1_708' title='bbox 3373 3685 3452 3740; x_wconf 88' lang='lat' dir='ltr'><strong>in-</strong></span> 
     </span>
    </p>
   </div>
   <div class='ocr_carea' id='block_1_97' title="bbox 1863 3775 3448 3846">
    <p class='ocr_par' dir='ltr' id='par_1_97' title="bbox 1863 3775 3448 3846">
     <span class='ocr_line' id='line_1_97' title="bbox 1863 3775 3448 3846; baseline -0.002 -15"><span class='ocrx_word' id='word_1_709' title='bbox 1863 3784 1985 3831; x_wconf 90' lang='lat' dir='ltr'><strong>nata</strong></span> <span class='ocrx_word' id='word_1_710' title='bbox 2016 3775 2369 3831; x_wconf 87' lang='lat' dir='ltr'><strong>beneﬁcentia</strong></span> <span class='ocrx_word' id='word_1_711' title='bbox 2408 3786 2512 3830; x_wconf 91' lang='lat' dir='ltr'><strong>tam</strong></span> <span class='ocrx_word' id='word_1_712' title='bbox 2554 3777 2709 3830; x_wconf 64' lang='lat' dir='ltr'><strong>lautae</strong></span> <span class='ocrx_word' id='word_1_713' title='bbox 2738 3775 3083 3846; x_wconf 78' lang='lat' dir='ltr'><strong>supellectilis</strong></span> <span class='ocrx_word' id='word_1_714' title='bbox 3114 3775 3266 3829; x_wconf 88' lang='lat' dir='ltr'><strong>nobis</strong></span> <span class='ocrx_word' id='word_1_715' title='bbox 3296 3790 3448 3829; x_wconf 91' lang='lat' dir='ltr'><strong>usum</strong></span> 
     </span>
    </p>
   </div>
   <div class='ocr_carea' id='block_1_98' title="bbox 1862 3866 3448 3939">
    <p class='ocr_par' dir='ltr' id='par_1_98' title="bbox 1862 3866 3448 3939">
     <span class='ocr_line' id='line_1_98' title="bbox 1862 3866 3448 3939; baseline 0.001 -19"><span class='ocrx_word' id='word_1_716' title='bbox 1862 3868 2128 3922; x_wconf 91' lang='lat' dir='ltr'><strong>concessit</strong></span> <span class='ocrx_word' id='word_1_717' title='bbox 2154 3883 2168 3933; x_wconf 89' lang='lat'><strong>;</strong></span> <span class='ocrx_word' id='word_1_718' title='bbox 2195 3866 2333 3922; x_wconf 86' lang='lat' dir='ltr'><strong>unde</strong></span> <span class='ocrx_word' id='word_1_719' title='bbox 2358 3867 2520 3921; x_wconf 88' lang='lat' dir='ltr'><strong>multa</strong></span> <span class='ocrx_word' id='word_1_720' title='bbox 2546 3866 2983 3939; x_wconf 87' lang='lat' dir='ltr'><strong>Chrysostomum</strong></span> <span class='ocrx_word' id='word_1_721' title='bbox 3006 3867 3297 3938; x_wconf 85' lang='lat' dir='ltr'><strong>spectantia</strong></span> <span class='ocrx_word' id='word_1_722' title='bbox 3328 3883 3448 3921; x_wconf 89' lang='lat' dir='ltr'><strong>mu-</strong></span> 
     </span>
    </p>
   </div>
   <div class='ocr_carea' id='block_1_99' title="bbox 1861 3958 3449 4029">
    <p class='ocr_par' dir='ltr' id='par_1_99' title="bbox 1861 3958 3449 4029">
     <span class='ocr_line' id='line_1_99' title="bbox 1861 3958 3449 4029; baseline 0.001 -17"><span class='ocrx_word' id='word_1_723' title='bbox 1861 3958 1991 4013; x_wconf 88' lang='lat' dir='ltr'><strong>tuati</strong></span> <span class='ocrx_word' id='word_1_724' title='bbox 2029 3974 2235 4013; x_wconf 88' lang='lat' dir='ltr'><strong>sumus.</strong></span> <span class='ocrx_word' id='word_1_725' title='bbox 2282 3959 2358 4013; x_wconf 73' lang='lat' dir='ltr'><strong>Ex</strong></span> <span class='ocrx_word' id='word_1_726' title='bbox 2405 3958 2725 4014; x_wconf 87' lang='lat' dir='ltr'><strong>bibliotheca</strong></span> <span class='ocrx_word' id='word_1_727' title='bbox 2772 3958 2933 4029; x_wconf 80' lang='lat' dir='ltr'><strong>Regia</strong></span> <span class='ocrx_word' id='word_1_728' title='bbox 2979 3973 3193 4028; x_wconf 80' lang='lat' dir='ltr'><strong>semper</strong></span> <span class='ocrx_word' id='word_1_729' title='bbox 3236 3958 3449 4014; x_wconf 86' lang='lat' dir='ltr'><strong>codices</strong></span> 
     </span>
    </p>
   </div>
   <div class='ocr_carea' id='block_1_100' title="bbox 1861 4048 3483 4122">
    <p class='ocr_par' dir='ltr' id='par_1_100' title="bbox 1861 4048 3483 4122">
     <span class='ocr_line' id='line_1_100' title="bbox 1861 4048 3483 4122; baseline -0.002 -13"><span class='ocrx_word' id='word_1_730' title='bbox 1861 4050 2017 4109; x_wconf 85' lang='lat' dir='ltr'><strong>nobis</strong></span> <span class='ocrx_word' id='word_1_731' title='bbox 2059 4049 2126 4104; x_wconf 90' lang='lat' dir='ltr'><strong>ad</strong></span> <span class='ocrx_word' id='word_1_732' title='bbox 2168 4049 2448 4104; x_wconf 90' lang='lat' dir='ltr'><strong>arbitrium</strong></span> <span class='ocrx_word' id='word_1_733' title='bbox 2492 4049 2811 4122; x_wconf 90' lang='lat' dir='ltr'><strong>suppeditati</strong></span> <span class='ocrx_word' id='word_1_734' title='bbox 2858 4058 2982 4104; x_wconf 90' lang='lat' dir='ltr'><strong>sunt</strong></span> <span class='ocrx_word' id='word_1_735' title='bbox 3032 4048 3359 4102; x_wconf 86' lang='lat' dir='ltr'><strong>humanitate</strong></span> <span class='ocrx_word' id='word_1_736' title='bbox 3394 4061 3483 4107; x_wconf 17' lang='lat' dir='ltr'><strong>ett</strong></span> 
     </span>
    </p>
   </div>
   <div class='ocr_carea' id='block_1_101' title="bbox 1859 4139 3445 4213">
    <p class='ocr_par' dir='ltr' id='par_1_101' title="bbox 1859 4139 3445 4213">
     <span class='ocr_line' id='line_1_101' title="bbox 1859 4139 3445 4213; baseline -0.001 -17"><span class='ocrx_word' id='word_1_737' title='bbox 1859 4141 2219 4197; x_wconf 88' lang='lat' dir='ltr'><strong>muniﬁcentia</strong></span> <span class='ocrx_word' id='word_1_738' title='bbox 2252 4142 2521 4197; x_wconf 83' lang='lat' dir='ltr'><strong>illustriss.</strong></span> <span class='ocrx_word' id='word_1_739' title='bbox 2566 4144 2797 4198; x_wconf 76' lang='lat' dir='ltr'><strong>ABBATIS</strong></span> <span class='ocrx_word' id='word_1_740' title='bbox 2831 4142 2895 4197; x_wconf 88' lang='lat' dir='ltr'><strong>D.</strong></span> <span class='ocrx_word' id='word_1_741' title='bbox 2945 4158 3011 4196; x_wconf 78' lang='lat' dir='ltr'><strong>ne</strong></span> <span class='ocrx_word' id='word_1_742' title='bbox 3060 4139 3289 4197; x_wconf 82' lang='lat' dir='ltr'><strong>LOUvOIs</strong></span> <span class='ocrx_word' id='word_1_743' title='bbox 3314 4182 3329 4206; x_wconf 90' lang='lat'><strong>,</strong></span> <span class='ocrx_word' id='word_1_744' title='bbox 3363 4139 3445 4213; x_wconf 84' lang='lat' dir='ltr'><strong>bi-</strong></span> 
     </span>
    </p>
   </div>
   <div class='ocr_carea' id='block_1_102' title="bbox 1858 4232 3443 4306">
    <p class='ocr_par' dir='ltr' id='par_1_102' title="bbox 1858 4232 3443 4306">
     <span class='ocr_line' id='line_1_102' title="bbox 1858 4232 3443 4306; baseline 0.001 -18"><span class='ocrx_word' id='word_1_745' title='bbox 1858 4232 2136 4290; x_wconf 67' lang='lat' dir='ltr'><strong>bliotheca:</strong></span> <span class='ocrx_word' id='word_1_746' title='bbox 2168 4234 2344 4304; x_wconf 69' lang='lat' dir='ltr'><strong>ltegiae</strong></span> <span class='ocrx_word' id='word_1_747' title='bbox 2375 4235 2609 4305; x_wconf 71' lang='lat' dir='ltr'><strong>prml‘ecti</strong></span> <span class='ocrx_word' id='word_1_748' title='bbox 2634 4278 2649 4301; x_wconf 89' lang='lat'><strong>,</strong></span> <span class='ocrx_word' id='word_1_749' title='bbox 2692 4236 2791 4290; x_wconf 90' lang='lat' dir='ltr'><strong>sub</strong></span> <span class='ocrx_word' id='word_1_750' title='bbox 2830 4234 2980 4306; x_wconf 88' lang='lat' dir='ltr'><strong>cujus</strong></span> <span class='ocrx_word' id='word_1_751' title='bbox 3017 4235 3267 4304; x_wconf 87' lang='lat' dir='ltr'><strong>auspiciis</strong></span> <span class='ocrx_word' id='word_1_752' title='bbox 3293 4235 3443 4304; x_wconf 85' lang='lat' dir='ltr'><strong>ejus—.</strong></span> 
     </span>
    </p>
   </div>
   <div class='ocr_carea' id='block_1_103' title="bbox 1856 4325 3447 4396">
    <p class='ocr_par' dir='ltr' id='par_1_103' title="bbox 1856 4325 3447 4396">
     <span class='ocr_line' id='line_1_103' title="bbox 1856 4325 3447 4396; baseline -0.001 -14"><span class='ocrx_word' id='word_1_753' title='bbox 1856 4325 1979 4382; x_wconf 88' lang='lat' dir='ltr'><strong>dem</strong></span> <span class='ocrx_word' id='word_1_754' title='bbox 2034 4325 2369 4381; x_wconf 65' lang='lat' dir='ltr'><strong>bibliothecae</strong></span> <span class='ocrx_word' id='word_1_755' title='bbox 2394 4328 2643 4382; x_wconf 84' lang='lat' dir='ltr'><strong>custodes</strong></span> <span class='ocrx_word' id='word_1_756' title='bbox 2683 4328 2743 4381; x_wconf 86' lang='lat'><strong>0.</strong></span> <span class='ocrx_word' id='word_1_757' title='bbox 2786 4326 2855 4382; x_wconf 89' lang='lat' dir='ltr'><strong>de</strong></span> <span class='ocrx_word' id='word_1_758' title='bbox 2900 4326 3170 4391; x_wconf 67' lang='lat' dir='ltr'><strong>Tanoms,</strong></span> <span class='ocrx_word' id='word_1_759' title='bbox 3222 4341 3447 4396; x_wconf 67' lang='lat' dir='ltr'><strong>prmser-</strong></span> 
     </span>
    </p>
   </div>
   <div class='ocr_carea' id='block_1_104' title="bbox 1859 4417 3459 4490">
    <p class='ocr_par' dir='ltr' id='par_1_104' title="bbox 1859 4417 3459 4490">
     <span class='ocr_line' id='line_1_104' title="bbox 1859 4417 3459 4490; baseline -0.001 -14"><span class='ocrx_word' id='word_1_760' title='bbox 1859 4419 2057 4490; x_wconf 88' lang='lat' dir='ltr'><strong>timque</strong></span> <span class='ocrx_word' id='word_1_761' title='bbox 2082 4419 2163 4472; x_wconf 89' lang='lat' dir='ltr'><strong>vir</strong></span> <span class='ocrx_word' id='word_1_762' title='bbox 2184 4418 2253 4472; x_wconf 93' lang='lat' dir='ltr'><strong>cl.</strong></span> <span class='ocrx_word' id='word_1_763' title='bbox 2275 4418 2511 4473; x_wconf 64' lang='lat' dir='ltr'><strong>Joannes</strong></span> <span class='ocrx_word' id='word_1_764' title='bbox 2532 4419 2805 4475; x_wconf 74' lang='lat' dir='ltr'><strong>BOIVJNIUS</strong></span> <span class='ocrx_word' id='word_1_765' title='bbox 2827 4462 2842 4486; x_wconf 92' lang='lat'><strong>,</strong></span> <span class='ocrx_word' id='word_1_766' title='bbox 2868 4435 2973 4474; x_wconf 92' lang='lat' dir='ltr'><strong>non</strong></span> <span class='ocrx_word' id='word_1_767' title='bbox 2996 4420 3172 4475; x_wconf 89' lang='lat' dir='ltr'><strong>minus</strong></span> <span class='ocrx_word' id='word_1_768' title='bbox 3194 4417 3459 4475; x_wconf 71' lang='lat' dir='ltr'><strong>comitate</strong></span> 
     </span>
    </p>
   </div>
   <div class='ocr_carea' id='block_1_105' title="bbox 1854 4508 3446 4580">
    <p class='ocr_par' dir='ltr' id='par_1_105' title="bbox 1854 4508 3446 4580">
     <span class='ocr_line' id='line_1_105' title="bbox 1854 4508 3446 4580; baseline -0.003 -15"><span class='ocrx_word' id='word_1_769' title='bbox 1854 4525 2013 4580; x_wconf 83' lang='lat' dir='ltr'><strong>quam</strong></span> <span class='ocrx_word' id='word_1_770' title='bbox 2044 4508 2345 4564; x_wconf 86' lang='lat' dir='ltr'><strong>eruditione</strong></span> <span class='ocrx_word' id='word_1_771' title='bbox 2377 4518 2488 4564; x_wconf 90' lang='lat' dir='ltr'><strong>toto</strong></span> <span class='ocrx_word' id='word_1_772' title='bbox 2514 4510 2643 4565; x_wconf 90' lang='lat' dir='ltr'><strong>orbe</strong></span> <span class='ocrx_word' id='word_1_773' title='bbox 2674 4510 2910 4565; x_wconf 89' lang='lat' dir='ltr'><strong>literario</strong></span> <span class='ocrx_word' id='word_1_774' title='bbox 2940 4509 3250 4564; x_wconf 87' lang='lat' dir='ltr'><strong>notissimus</strong></span> <span class='ocrx_word' id='word_1_775' title='bbox 3272 4549 3288 4573; x_wconf 92' lang='lat'><strong>,</strong></span> <span class='ocrx_word' id='word_1_776' title='bbox 3317 4509 3446 4571; x_wconf 68' lang='lat' dir='ltr'><strong>soli-</strong></span> 
     </span>
    </p>
   </div>
   <div class='ocr_carea' id='block_1_106' title="bbox 1857 4599 3451 4671">
    <p class='ocr_par' dir='ltr' id='par_1_106' title="bbox 1857 4599 3451 4671">
     <span class='ocr_line' id='line_1_106' title="bbox 1857 4599 3451 4671; baseline -0.001 -15"><span class='ocrx_word' id='word_1_777' title='bbox 1857 4602 1924 4656; x_wconf 89' lang='lat' dir='ltr'><strong>tis</strong></span> <span class='ocrx_word' id='word_1_778' title='bbox 1948 4600 2138 4656; x_wconf 81' lang='lat' dir='ltr'><strong>ofliciis</strong></span> <span class='ocrx_word' id='word_1_779' title='bbox 2168 4614 2266 4655; x_wconf 91' lang='lat' dir='ltr'><strong>nos</strong></span> <span class='ocrx_word' id='word_1_780' title='bbox 2297 4600 2604 4671; x_wconf 89' lang='lat' dir='ltr'><strong>proscquuti</strong></span> <span class='ocrx_word' id='word_1_781' title='bbox 2631 4609 2773 4654; x_wconf 89' lang='lat' dir='ltr'><strong>sunt.</strong></span> <span class='ocrx_word' id='word_1_782' title='bbox 2802 4599 2955 4653; x_wconf 88' lang='lat' dir='ltr'><strong>llaud</strong></span> <span class='ocrx_word' id='word_1_783' title='bbox 2996 4600 3161 4653; x_wconf 90' lang='lat' dir='ltr'><strong>multo</strong></span> <span class='ocrx_word' id='word_1_784' title='bbox 3207 4599 3451 4662; x_wconf 72' lang='lat' dir='ltr'><strong>minores</strong></span> 
     </span>
    </p>
   </div>
   <div class='ocr_carea' id='block_1_107' title="bbox 1854 4687 3449 4763">
    <p class='ocr_par' dir='ltr' id='par_1_107' title="bbox 1854 4687 3449 4763">
     <span class='ocr_line' id='line_1_107' title="bbox 1854 4687 3449 4763; baseline -0.003 -17"><span class='ocrx_word' id='word_1_785' title='bbox 1854 4692 2008 4753; x_wconf 84' lang='lat' dir='ltr'><strong>nobis</strong></span> <span class='ocrx_word' id='word_1_786' title='bbox 2035 4692 2293 4763; x_wconf 76' lang='lat' dir='ltr'><strong>suppetia:</strong></span> <span class='ocrx_word' id='word_1_787' title='bbox 2318 4704 2595 4746; x_wconf 88' lang='lat' dir='ltr'><strong>accessere</strong></span> <span class='ocrx_word' id='word_1_788' title='bbox 2625 4705 2687 4744; x_wconf 78' lang='lat' dir='ltr'><strong>ex</strong></span> <span class='ocrx_word' id='word_1_789' title='bbox 2718 4687 3043 4749; x_wconf 87' lang='lat' dir='ltr'><strong>bibliotheca</strong></span> <span class='ocrx_word' id='word_1_790' title='bbox 3089 4688 3449 4758; x_wconf 63' lang='lat' dir='ltr'><strong>illustrissimi</strong></span> 
     </span>
    </p>
   </div>
   <div class='ocr_carea' id='block_1_108' title="bbox 1852 4779 3449 4851">
    <p class='ocr_par' dir='ltr' id='par_1_108' title="bbox 1852 4779 3449 4851">
     <span class='ocr_line' id='line_1_108' title="bbox 1852 4779 3449 4851; baseline 0.002 -14"><span class='ocrx_word' id='word_1_791' title='bbox 1852 4781 2075 4839; x_wconf 77' lang='lat' dir='ltr'><strong>Coums</strong></span> <span class='ocrx_word' id='word_1_792' title='bbox 2104 4799 2171 4838; x_wconf 79' lang='lat' dir='ltr'><strong>os</strong></span> <span class='ocrx_word' id='word_1_793' title='bbox 2198 4782 2497 4838; x_wconf 69' lang='lat' dir='ltr'><strong>SEIGNELAY</strong></span> <span class='ocrx_word' id='word_1_794' title='bbox 2520 4822 2534 4847; x_wconf 92' lang='lat'><strong>,</strong></span> <span class='ocrx_word' id='word_1_795' title='bbox 2570 4797 2688 4851; x_wconf 79' lang='lat' dir='ltr'><strong>qua:</strong></span> <span class='ocrx_word' id='word_1_796' title='bbox 2715 4779 3040 4841; x_wconf 67' lang='lat' dir='ltr'><strong>Colbcrtinrc</strong></span> <span class='ocrx_word' id='word_1_797' title='bbox 3069 4780 3283 4836; x_wconf 80' lang='lat' dir='ltr'><strong>nomine</strong></span> <span class='ocrx_word' id='word_1_798' title='bbox 3314 4780 3449 4840; x_wconf 48' lang='lat' dir='ltr'><strong>insi-1</strong></span> 
     </span>
    </p>
   </div>
   <div class='ocr_carea' id='block_1_109' title="bbox 1851 4872 3440 4945">
    <p class='ocr_par' dir='ltr' id='par_1_109' title="bbox 1851 4872 3440 4945">
     <span class='ocr_line' id='line_1_109' title="bbox 1851 4872 3440 4945; baseline 0.001 -16"><span class='ocrx_word' id='word_1_799' title='bbox 1851 4875 1995 4944; x_wconf 88' lang='lat' dir='ltr'><strong>gnita</strong></span> <span class='ocrx_word' id='word_1_800' title='bbox 2051 4874 2251 4944; x_wconf 80' lang='lat' dir='ltr'><strong>ingenti</strong></span> <span class='ocrx_word' id='word_1_801' title='bbox 2300 4875 2611 4930; x_wconf 70' lang='lat' dir='ltr'><strong>Grmcorum</strong></span> <span class='ocrx_word' id='word_1_802' title='bbox 2656 4872 2782 4930; x_wconf 84' lang='lat' dir='ltr'><strong>Mss.</strong></span> <span class='ocrx_word' id='word_1_803' title='bbox 2831 4874 2983 4945; x_wconf 83' lang='lat' dir='ltr'><strong>copia</strong></span> <span class='ocrx_word' id='word_1_804' title='bbox 3038 4873 3297 4929; x_wconf 88' lang='lat' dir='ltr'><strong>instructa</strong></span> <span class='ocrx_word' id='word_1_805' title='bbox 3337 4885 3440 4931; x_wconf 90' lang='lat' dir='ltr'><strong>est.</strong></span> 
     </span>
    </p>
   </div>
   <div class='ocr_carea' id='block_1_110' title="bbox 1852 4965 3450 5038">
    <p class='ocr_par' dir='ltr' id='par_1_110' title="bbox 1852 4965 3450 5038">
     <span class='ocr_line' id='line_1_110' title="bbox 1852 4965 3450 5038; baseline 0.003 -16"><span class='ocrx_word' id='word_1_806' title='bbox 1852 4966 2053 5037; x_wconf 71' lang='grc' dir='ltr'><strong>ῌονιιιι]</strong></span> <span class='ocrx_word' id='word_1_807' title='bbox 2084 4966 2240 5021; x_wconf 90' lang='lat' dir='ltr'><strong>nobis</strong></span> <span class='ocrx_word' id='word_1_808' title='bbox 2267 4966 2333 5021; x_wconf 88' lang='lat' dir='ltr'><strong>ad</strong></span> <span class='ocrx_word' id='word_1_809' title='bbox 2373 4976 2560 5022; x_wconf 90' lang='lat' dir='ltr'><strong>nutum</strong></span> <span class='ocrx_word' id='word_1_810' title='bbox 2602 4968 2813 5038; x_wconf 88' lang='lat' dir='ltr'><strong>copiam</strong></span> <span class='ocrx_word' id='word_1_811' title='bbox 2855 4965 2981 5023; x_wconf 79' lang='lat' dir='ltr'><strong>fecit</strong></span> <span class='ocrx_word' id='word_1_812' title='bbox 3024 4966 3450 5026; x_wconf 67' lang='lat' dir='ltr'><strong>humanissimus</strong></span> 
     </span>
    </p>
   </div>
   <div class='ocr_carea' id='block_1_111' title="bbox 1851 5056 3060 5120">
    <p class='ocr_par' dir='ltr' id='par_1_111' title="bbox 1851 5056 3060 5120">
     <span class='ocr_line' id='line_1_111' title="bbox 1851 5056 3060 5120; baseline 0.002 -9"><span class='ocrx_word' id='word_1_813' title='bbox 1851 5056 1941 5114; x_wconf 83' lang='lat' dir='ltr'><strong>illc</strong></span> <span class='ocrx_word' id='word_1_814' title='bbox 1968 5059 2048 5111; x_wconf 84' lang='lat' dir='ltr'><strong>vir</strong></span> <span class='ocrx_word' id='word_1_815' title='bbox 2074 5099 2089 5120; x_wconf 85' lang='lat'><strong>,</strong></span> <span class='ocrx_word' id='word_1_816' title='bbox 2119 5057 2183 5113; x_wconf 89' lang='lat' dir='ltr'><strong>ad</strong></span> <span class='ocrx_word' id='word_1_817' title='bbox 2212 5058 2490 5115; x_wconf 90' lang='lat' dir='ltr'><strong>literarum</strong></span> <span class='ocrx_word' id='word_1_818' title='bbox 2514 5059 2855 5114; x_wconf 88' lang='lat' dir='ltr'><strong>commodum</strong></span> <span class='ocrx_word' id='word_1_819' title='bbox 2884 5067 3060 5113; x_wconf 89' lang='lat' dir='ltr'><strong>natus.</strong></span> 
     </span>
    </p>
   </div>
   <div class='ocr_carea' id='block_1_112' title="bbox 1923 5148 3443 5219">
    <p class='ocr_par' dir='ltr' id='par_1_112' title="bbox 1923 5148 3443 5219">
     <span class='ocr_line' id='line_1_112' title="bbox 1923 5148 3443 5219; baseline 0.002 -17"><span class='ocrx_word' id='word_1_820' title='bbox 1923 5149 1978 5203; x_wconf 91' lang='lat' dir='ltr'><strong>In</strong></span> <span class='ocrx_word' id='word_1_821' title='bbox 2004 5148 2327 5206; x_wconf 89' lang='lat' dir='ltr'><strong>bibliotheca</strong></span> <span class='ocrx_word' id='word_1_822' title='bbox 2350 5150 2604 5206; x_wconf 77' lang='lat' dir='ltr'><strong>Vaticana</strong></span> <span class='ocrx_word' id='word_1_823' title='bbox 2627 5193 2643 5219; x_wconf 89' lang='lat'><strong>,</strong></span> <span class='ocrx_word' id='word_1_824' title='bbox 2673 5150 2799 5206; x_wconf 90' lang='lat' dir='ltr'><strong>dum</strong></span> <span class='ocrx_word' id='word_1_825' title='bbox 2830 5149 3016 5204; x_wconf 69' lang='lat' dir='ltr'><strong>Roma:</strong></span> <span class='ocrx_word' id='word_1_826' title='bbox 3045 5165 3323 5213; x_wconf 88' lang='lat' dir='ltr'><strong>versarer,</strong></span> <span class='ocrx_word' id='word_1_827' title='bbox 3356 5150 3443 5205; x_wconf 50' lang='lat' dir='ltr'><strong>ina</strong></span> 
     </span>
    </p>
   </div>
   <div class='ocr_carea' id='block_1_113' title="bbox 1850 5238 3441 5311">
    <p class='ocr_par' dir='ltr' id='par_1_113' title="bbox 1850 5238 3441 5311">
     <span class='ocr_line' id='line_1_113' title="bbox 1850 5238 3441 5311; baseline 0.001 -17"><span class='ocrx_word' id='word_1_828' title='bbox 1850 5254 2073 5307; x_wconf 73' lang='lat' dir='ltr'><strong>uulnera</strong></span> <span class='ocrx_word' id='word_1_829' title='bbox 2102 5240 2360 5311; x_wconf 82' lang='lat' dir='ltr'><strong>exscripsi</strong></span> <span class='ocrx_word' id='word_1_830' title='bbox 2387 5281 2402 5308; x_wconf 93' lang='lat'><strong>,</strong></span> <span class='ocrx_word' id='word_1_831' title='bbox 2425 5240 2611 5311; x_wconf 85' lang='lat' dir='ltr'><strong>Collegi</strong></span> <span class='ocrx_word' id='word_1_832' title='bbox 2638 5282 2653 5306; x_wconf 92' lang='lat'><strong>,</strong></span> <span class='ocrx_word' id='word_1_833' title='bbox 2680 5241 2902 5295; x_wconf 90' lang='lat' dir='ltr'><strong>contuli.</strong></span> <span class='ocrx_word' id='word_1_834' title='bbox 2929 5239 3056 5295; x_wconf 88' lang='lat' dir='ltr'><strong>Post</strong></span> <span class='ocrx_word' id='word_1_835' title='bbox 3085 5238 3314 5293; x_wconf 87' lang='lat' dir='ltr'><strong>reditum</strong></span> <span class='ocrx_word' id='word_1_836' title='bbox 3345 5255 3441 5295; x_wconf 87' lang='lat' dir='ltr'><strong>au-.</strong></span> 
     </span>
    </p>
   </div>
   <div class='ocr_carea' id='block_1_114' title="bbox 1848 5328 3438 5407">
    <p class='ocr_par' dir='ltr' id='par_1_114' title="bbox 1848 5328 3438 5407">
     <span class='ocr_line' id='line_1_114' title="bbox 1848 5328 3438 5407; baseline -0.001 -18"><span class='ocrx_word' id='word_1_837' title='bbox 1848 5341 1955 5389; x_wconf 81' lang='lat' dir='ltr'><strong>tem</strong></span> <span class='ocrx_word' id='word_1_838' title='bbox 1984 5373 1999 5397; x_wconf 85' lang='lat'><strong>,</strong></span> <span class='ocrx_word' id='word_1_839' title='bbox 2027 5348 2094 5388; x_wconf 76' lang='lat' dir='ltr'><strong>ex</strong></span> <span class='ocrx_word' id='word_1_840' title='bbox 2121 5348 2227 5407; x_wconf 89' lang='lat' dir='ltr'><strong>quo</strong></span> <span class='ocrx_word' id='word_1_841' title='bbox 2256 5332 2650 5388; x_wconf 87' lang='lat' dir='ltr'><strong>illustrissimus</strong></span> <span class='ocrx_word' id='word_1_842' title='bbox 2675 5332 2755 5387; x_wconf 90' lang='lat' dir='ltr'><strong>vir</strong></span> <span class='ocrx_word' id='word_1_843' title='bbox 2796 5332 2857 5387; x_wconf 87' lang='grc' dir='ltr'>υ.</span> <span class='ocrx_word' id='word_1_844' title='bbox 2900 5328 3147 5386; x_wconf 67' lang='grc' dir='ltr'><strong>Οληοιυε</strong></span> <span class='ocrx_word' id='word_1_845' title='bbox 3184 5331 3438 5393; x_wconf 65' lang='lat' dir='ltr'><strong>lllavstta</strong></span> 
     </span>
    </p>
   </div>
   <div class='ocr_carea' id='block_1_115' title="bbox 1849 5423 3447 5495">
    <p class='ocr_par' dir='ltr' id='par_1_115' title="bbox 1849 5423 3447 5495">
     <span class='ocr_line' id='line_1_115' title="bbox 1849 5423 3447 5495; baseline 0.001 -17"><span class='ocrx_word' id='word_1_846' title='bbox 1849 5424 1902 5487; x_wconf 82' lang='lat' dir='ltr'><strong>in</strong></span> <span class='ocrx_word' id='word_1_847' title='bbox 1947 5424 2405 5480; x_wconf 90' lang='lat' dir='ltr'><strong>bibliothecarium</strong></span> <span class='ocrx_word' id='word_1_848' title='bbox 2448 5434 2726 5495; x_wconf 87' lang='lat' dir='ltr'><strong>cooptatus</strong></span> <span class='ocrx_word' id='word_1_849' title='bbox 2772 5433 2892 5487; x_wconf 86' lang='lat' dir='ltr'><strong>est,</strong></span> <span class='ocrx_word' id='word_1_850' title='bbox 2939 5423 3119 5478; x_wconf 88' lang='lat' dir='ltr'><strong>omnia</strong></span> <span class='ocrx_word' id='word_1_851' title='bbox 3166 5438 3261 5492; x_wconf 90' lang='lat' dir='ltr'><strong>pro</strong></span> <span class='ocrx_word' id='word_1_852' title='bbox 3312 5430 3447 5479; x_wconf 66' lang='lat' dir='ltr'><strong>Vt‘lQ</strong></span> 
     </span>
    </p>
   </div>
   <div class='ocr_carea' id='block_1_116' title="bbox 1848 5515 3440 5585">
    <p class='ocr_par' dir='ltr' id='par_1_116' title="bbox 1848 5515 3440 5585">
     <span class='ocr_line' id='line_1_116' title="bbox 1848 5515 3440 5585; baseline 0.003 -19"><span class='ocrx_word' id='word_1_853' title='bbox 1848 5515 2182 5585; x_wconf 77' lang='lat' dir='ltr'><strong>suppeditata</strong></span> <span class='ocrx_word' id='word_1_854' title='bbox 2226 5516 2393 5571; x_wconf 82' lang='lat' dir='ltr'><strong>fuere.</strong></span> <span class='ocrx_word' id='word_1_855' title='bbox 2440 5515 2540 5572; x_wconf 84' lang='lat' dir='ltr'><strong>Est</strong></span> <span class='ocrx_word' id='word_1_856' title='bbox 2573 5516 2720 5571; x_wconf 88' lang='lat' dir='ltr'><strong>enim</strong></span> <span class='ocrx_word' id='word_1_857' title='bbox 2761 5515 2842 5570; x_wconf 89' lang='lat' dir='ltr'><strong>vir</strong></span> <span class='ocrx_word' id='word_1_858' title='bbox 2887 5515 3015 5581; x_wconf 91' lang='lat' dir='ltr'><strong>ille,</strong></span> <span class='ocrx_word' id='word_1_859' title='bbox 3058 5523 3114 5569; x_wconf 94' lang='lat' dir='ltr'><strong>nt</strong></span> <span class='ocrx_word' id='word_1_860' title='bbox 3153 5516 3440 5585; x_wconf 80' lang='lat' dir='ltr'><strong>omnigena</strong></span> 
     </span>
    </p>
   </div>
   <div class='ocr_carea' id='block_1_117' title="bbox 1845 5608 3433 5680">
    <p class='ocr_par' dir='ltr' id='par_1_117' title="bbox 1845 5608 3433 5680">
     <span class='ocr_line' id='line_1_117' title="bbox 1845 5608 3433 5680; baseline -0.001 -16"><span class='ocrx_word' id='word_1_861' title='bbox 1845 5608 2147 5665; x_wconf 89' lang='lat' dir='ltr'><strong>eruditione</strong></span> <span class='ocrx_word' id='word_1_862' title='bbox 2174 5618 2392 5665; x_wconf 86' lang='lat' dir='ltr'><strong>ornatus</strong></span> <span class='ocrx_word' id='word_1_863' title='bbox 2417 5650 2433 5675; x_wconf 89' lang='lat'><strong>,</strong></span> <span class='ocrx_word' id='word_1_864' title='bbox 2481 5610 2552 5665; x_wconf 90' lang='lat' dir='ltr'><strong>ita</strong></span> <span class='ocrx_word' id='word_1_865' title='bbox 2591 5609 2818 5665; x_wconf 90' lang='lat' dir='ltr'><strong>literatis</strong></span> <span class='ocrx_word' id='word_1_866' title='bbox 2857 5609 3142 5665; x_wconf 86' lang='lat' dir='ltr'><strong>admodum</strong></span> <span class='ocrx_word' id='word_1_867' title='bbox 3175 5619 3433 5680; x_wconf 55' lang='lat' dir='ltr'><strong>Opportuv</strong></span> 
     </span>
    </p>
   </div>
   <div class='ocr_carea' id='block_1_118' title="bbox 1846 5698 3439 5772">
    <p class='ocr_par' dir='ltr' id='par_1_118' title="bbox 1846 5698 3439 5772">
     <span class='ocr_line' id='line_1_118' title="bbox 1846 5698 3439 5772; baseline 0.004 -18"><span class='ocrx_word' id='word_1_868' title='bbox 1846 5717 1964 5757; x_wconf 87' lang='lat' dir='ltr'><strong>nos.</strong></span> <span class='ocrx_word' id='word_1_869' title='bbox 1998 5701 2072 5756; x_wconf 76' lang='lat' dir='ltr'><strong>Ex</strong></span> <span class='ocrx_word' id='word_1_870' title='bbox 2105 5701 2201 5757; x_wconf 87' lang='lat' dir='ltr'><strong>ista</strong></span> <span class='ocrx_word' id='word_1_871' title='bbox 2232 5716 2362 5757; x_wconf 89' lang='lat' dir='ltr'><strong>vero</strong></span> <span class='ocrx_word' id='word_1_872' title='bbox 2403 5700 2723 5758; x_wconf 83' lang='lat' dir='ltr'><strong>biblmtncca</strong></span> <span class='ocrx_word' id='word_1_873' title='bbox 2752 5701 2915 5757; x_wconf 87' lang='lat' dir='ltr'><strong>multa</strong></span> <span class='ocrx_word' id='word_1_874' title='bbox 2946 5701 3102 5758; x_wconf 87' lang='lat' dir='ltr'><strong>nobis</strong></span> <span class='ocrx_word' id='word_1_875' title='bbox 3129 5698 3439 5772; x_wconf 53' lang='lat' dir='ltr'><strong>apograplta.</strong></span> 
     </span>
    </p>
   </div>
   <div class='ocr_carea' id='block_1_119' title="bbox 1853 5791 3441 5868">
    <p class='ocr_par' dir='ltr' id='par_1_119' title="bbox 1853 5791 3441 5868">
     <span class='ocr_line' id='line_1_119' title="bbox 1853 5791 3441 5868; baseline -0.004 -21"><span class='ocrx_word' id='word_1_876' title='bbox 1853 5793 2138 5868; x_wconf 72' lang='lat' dir='ltr'><strong>natismisit</strong></span> <span class='ocrx_word' id='word_1_877' title='bbox 2171 5793 2250 5849; x_wconf 90' lang='lat' dir='ltr'><strong>vir</strong></span> <span class='ocrx_word' id='word_1_878' title='bbox 2278 5793 2633 5851; x_wconf 89' lang='lat' dir='ltr'><strong>amicissimus</strong></span> <span class='ocrx_word' id='word_1_879' title='bbox 2663 5802 2715 5851; x_wconf 90' lang='lat' dir='ltr'><strong>ct</strong></span> <span class='ocrx_word' id='word_1_880' title='bbox 2742 5791 3081 5849; x_wconf 80' lang='lat' dir='ltr'><strong>doctissimus</strong></span> <span class='ocrx_word' id='word_1_881' title='bbox 3110 5792 3441 5855; x_wconf 57' lang='lat' dir='ltr'><strong>[tenuantis</strong></span> 
     </span>
    </p>
   </div>
  </div>
