4038 6154
620 342 751 385 XXI"
850 351 855 356 '

607 454 860 509 Anonsas
882 451 1030 508 Lana
1055 494 1069 519 ,
1103 451 1190 522 qui
1216 452 1323 523 jam
1351 452 1576 510 Lutetia:
1596 452 1724 525 agit.
1755 455 1832 511 Ex
1864 456 2185 516 bibliotheca

605 544 737 600 item
765 543 1149 608 Ottoboniana,
1196 543 1407 600 favente
1451 544 1874 601 eminentissimo
1916 546 2186 604 Cardinali

605 633 789 690 Psrno
817 633 1102 689 O'r'roeono
1122 676 1137 698 ,
1169 650 1278 689 non
1305 649 1470 705 pauca
1495 635 1718 690 mutuati
1748 649 1951 692 sumus.

680 727 733 780 In
758 726 947 796 Anglia
974 726 1117 781 nulla
1147 741 1251 780 non
1280 726 1577 782 officiorum
1623 742 1821 799 genera
1858 729 2011 786 nobis
2050 745 2187 802 pra:-

605 819 725 872 stita
754 827 914 885 sunt,
938 816 1215 888 fateorque
1240 833 1326 872 me
1348 831 1604 890 nusquam
1627 821 1881 891 majorem
1905 832 2184 894 expertum

608 909 988 965 humanitatem
1030 925 1186 980 quam
1235 910 1373 980 apud
1417 912 1709 987 Anglorum
1753 922 1987 984 gentem.
2030 913 2194 970 Przeit»

611 1001 708 1058 hoc
748 1001 804 1056 in
834 1017 1053 1057 munere
1078 1002 1160 1057 vir
1187 1002 1255 1056 cl.
1285 1012 1342 1058 et
1379 1004 1769 1061 iliustrissimus
1794 1005 2031 1062 Joannes
2052 1007 2187 1062 Por-

608 1106 779 1147 τείως
801 1132 817 1158 ,
842 1092 1137 1163 Episcopus
1160 1091 1478 1150 Oxoniensis
1497 1137 1510 1157 ,
1536 1096 1835 1151 eruditione
1856 1112 1977 1152 cum
2005 1099 2188 1167 primis

608 1183 1010 1250 numerandus,
1051 1184 1139 1255 qui
1186 1185 1397 1241 eximiis
1438 1186 1691 1256 operibus
1734 1203 1850 1244 rem
1901 1189 2187 1245 Iiterariam

607 1274 951 1343 locupletavit
979 1293 993 1328 :
1017 1275 1062 1328 is
1088 1275 1241 1331 nobis
1266 1276 1566 1346 apographa
1595 1293 1770 1333 rerum
1797 1278 1864 1333 ad
1890 1279 2186 1334 institutum

608 1374 848 1420 nostrum
894 1367 1269 1435 pertinentium
1313 1376 1529 1438 rogatus
1574 1378 1939 1439 non-rogatus
1974 1368 2027 1424 in
2072 1368 2190 1426 dies

608 1456 771 1511 mittit
793 1498 808 1519 ,
840 1466 894 1510 et
921 1457 1186 1527 ingentem
1216 1458 1361 1513 illam
1391 1460 1794 1515 commentariis
1823 1461 1875 1515 in
1905 1460 2147 1516 Psahnos
2169 1501 2186 1527 ,

609 1555 672 1600 ut
692 1546 800 1615 jam
829 1547 1060 1603 diximus
1080 1590 1094 1612 ,
1124 1549 1483 1604 accessionem
1516 1550 1820 1619 procuravit
1841 1591 1857 1617 ,
1892 1551 2044 1620 cujus
2078 1551 2189 1621 jam

612 1648 816 1708 partem
845 1648 1086 1695 tenemus
1108 1680 1123 1705 ,
1152 1648 1356 1709 partem
1381 1650 1771 1708 exspectamus.
1800 1641 1981 1712 Neque
2007 1651 2188 1698 tacen-

609 1728 710 1783 dus
738 1729 817 1783 vir
840 1729 1195 1784 amicissimus
1221 1738 1275 1785 et
1298 1731 1689 1786 eruditissimus
1714 1732 2021 1787 Ttuornaus
2046 1731 2188 1787 Gon-

613 1834 782 1874 wunus
805 1862 821 1887 ,
855 1819 1149 1890 Episcopus
1171 1820 1539 1877 Kilmoriensis
1561 1862 1578 1888 ,
1604 1823 1692 1891 qui
1720 1823 1850 1877 mihi
1878 1831 1932 1877 et
1960 1838 2113 1893 opem
2136 1832 2192 1880 et

611 1910 1040 1965 beneVoleutiam
1062 1910 1404 1966 illustrissimi
1428 1911 1625 1965 Potteri
1650 1912 1953 1989 conciliavit
1975 1953 1989 1975 ,
2017 1926 2191 1983 neque

554 2000 565 2073 Ξ
611 2009 788 2055 cessat
834 2001 1128 2057 commodis
1169 2002 1302 2057 meis
1339 2000 1647 2074 advigilare.
1684 2002 2039 2072 Cantabrigize
2072 2003 2193 2058 offi-

610 2091 709 2146 ciis
735 2090 846 2146 suis
871 2106 967 2146 nos
996 2092 1237 2147 certatim
1267 2093 1574 2163 prosequuti
1615 2101 1739 2148 sunt
1778 2094 1860 2148 vir
1899 2094 1969 2148 cl.
2012 2094 2190 2149 Bent.-

612 2197 764 2236 LEIUS
789 2222 804 2245 ,
831 2182 1137 2252 reipublicae
1162 2183 1410 2238 literarias
1433 2183 1597 2238 decus
1624 2191 1679 2239 et
1705 2192 2073 2238 ornamentum
2096 2223 2114 2250 ,
2137 2193 2194 2239 et

612 2274 695 2327 vir
739 2273 1080 2328 doctissimus
1121 2273 1582 2345 amicissimusque
1632 2274 1847 2331 Plautus
1889 2274 2191 2341 NEEDIAI,

614 2364 795 2425 multis
823 2364 1119 2434 insignibus
1144 2364 1301 2421 editis
1327 2365 1578 2435 operibus
1602 2364 1799 2419 clarus.

686 2455 742 2510 In
770 2455 1051 2511 Germania
1082 2457 1236 2511 nobis
1264 2470 1477 2526 semper
1501 2463 1696 2525 praesto
1725 2454 1858 2520 fuit,
1889 2464 1947 2511 et
1990 2454 2059 2510 ad
2097 2471 2196 2510 nu-

614 2556 729 2601 tum
757 2547 1013 2601 benefieia
1040 2547 1264 2601 contulit
1291 2547 1372 2601 vir
1397 2547 1726 2602 clarissimus
1760 2545 1992 2601 Joannes
2018 2546 2194 2602 Bent-:-

617 2653 804 2695 btcrus
831 2637 1207 2694 CENTILOT'I'US
1236 2655 1301 2693 an
1327 2639 1669 2693 ENGELSBRUN
1692 2679 1708 2704 ,
1731 2636 2065 2692 bibliotheca:
2084 2636 2196 2692 Ca:-

613 2745 783 2785 Sarete
812 2730 1092 2799 praefectus
1114 2771 1129 2796 ,
1163 2729 1245 2784 vir
1279 2728 1575 2784 eruditione
1615 2729 1933 2798 conspicuus
1957 2771 1972 2794 ,
2000 2726 2191 2782 huma-

624 2845 2554 2878 F——-———————~_———-——_ﬁ—!_

2048 350 2440 409 Pll/EFATIO.

3730 347 3863 390 XXIV.

2294 460 2458 516 nitate
2484 472 2604 512 cum
2632 459 2813 527 primis
2837 462 3187 522 celebrandas
3209 506 3225 534 ,
3251 464 3481 539 denique
3504 469 3754 527 omnium.
3770 488 3869 529 nu-

2293 565 2584 607 merorum.
2617 551 2833 609 Vienna:
2858 571 3070 627 quoque
3093 565 3150 614 et
3177 573 3338 614 manu
3362 569 3417 616 et
3439 577 3542 632 ope
3577 573 3633 619 et
3668 566 3865 622 amico-

2289 658 2412 699 rum
2441 643 2733 700 ministerio
2754 646 2822 700 ad
2850 648 3016 703 nostri
3043 634 3382 706 commodum
3403 667 3533 709 usus
3552 669 3764 725 semper
3786 667 3868 714 est

2289 737 2521 795 Joannes
2562 738 2999 797 Cnmsrornonus
3040 742 3504 800 Ban'rsnsrstnms
3540 762 3694 802 meus
3714 788 3728 813 ,
3769 750 3867 804 Ar-

2288 832 2677 902 gentoratensis
2699 873 2714 898 ,
2747 848 2912 888 sacra:
2953 833 3215 891 Caesareae
3255 835 3517 907 Majestati
3542 853 3571 891 a
3601 838 3867 895 Consiliis.

2291 922 2580 994 IIamburgi
2608 923 2766 979 etiam
2811 925 2924 994 pari
2963 940 3060 981 nos
3102 925 3475 982 benevolentia
3517 939 3869 1000 prosequutus

2289 1023 2373 1070 est
2394 1015 2473 1069 vir
2492 1015 2880 1085 insignissimus
2904 1023 2968 1071 et.
2981 1016 3375 1073 eruditissimus
3399 1018 3635 1074 Joannes
3663 1022 3869 1075 Arnen-

2291 1119 2390 1160 rus
2427 1104 2741 1172 Fanntcws,
2788 1121 2947 1176 quem
2993 1107 3063 1161 ob
3101 1108 3352 1176 pra-clara
3393 1109 3446 1162 in
3489 1110 3877 1180 rempublicam

2290 1196 2578 1251 Iitcrariam
2603 1197 2794 1252 collata
2821 1197 3078 1253 beneficia
3114 1198 3323 1268 ignorat
3358 1213 3516 1253 nemo
3561 1201 3651 1271 qui
3691 1201 3869 1256 literas

2290 1287 2449 1340 norit.
2479 1285 2527 1341 Is
2555 1286 2973 1357 manuscriptum
2994 1286 3423 1361 epistolarum-S.
3454 1287 3678 1344 Joannis
3697 1287 3866 1361 Chry-

2290 1376 2511 1431 sostomi
2535 1418 2551 1444 ,
2580 1391 2678 1432 nec
2706 1356 2922 1446 rogatus
2944 1416 2961 1442 ,
2989 1356 3292 1447 [Iamburgo
3314 1377 3574 1433 Lutetiam
3601 1379 3748 1434 misit
3773 1421 3787 1444 ,
3808 1356 3879 1435 ut

2290 1467 2457 1522 oculis
2471 1467 2585 1538 ipse
2604 1467 2738 1523 meis
2758 1470 2931 1522 varias
2951 1467 3351 1523 iudelectiones
3365 1471 3613 1539 excipere
3633 1485 3866 1539 possem.

2291 1559 2479 1630 Neque
2499 1560 2710 1616 silentio
2734 1559 3223 1630 przetermittendus
3245 1560 3327 1615 vir
3354 1560 3425 1616 cI.
3452 1558 3733 1616 Gonaanes
3758 1561 3868 1616 We

2292 1667 2413 1707 now
2436 1694 2452 1720 ,
2483 1652 2573 1722 qui
2604 1652 2809 1707 nullum
2837 1652 3066 1722 lapidem
3096 1666 3202 1706 non
3232 1652 3398 1706 movit
3420 1662 3478 1706 ut
3500 1652 3700 1707 nostris
3728 1652 3867 1707 fave-

2293 1754 2375 1800 ret
2402 1745 2592 1800 studiis
2620 1753 2677 1801 et
2712 1745 2982 1816 operibus.
3028 1745 3108 1800 En
3146 1744 3349 1811 habes,
3397 1744 3621 1800 candide
3660 1745 3867 1811 lectore,

2293 1834 2534 1891 festivam
2601 1835 2980 1904 praeclarorum
3039 1833 3314 1889 hominum
3372 1834 3868 1901 enumerationem,

2293 1942 2518 1997 quorum
2561 1927 3002 1982 commemoratio
3050 1927 3246 1982 nemini
3294 1927 3478 1982 literas
3520 1927 3722 1982 amanti
3769 1942 3887 1982 non»

2293 2023 2457 2087 grata.
2478 2024 2651 2087 potest
2676 2031 2817 2072 esse.

2364 2106 2561 2177 Neque
2597 2106 2825 2161 tacendi—
2864 2113 2989 2160 sunt
3042 2104 3305 2160 carissimi
3360 2104 3572 2160 sodales
3619 2107 3724 2161 mei
3779 2106 3887 2161 viri-

2294 2198 2436 2255 doeti
2461 2239 2476 2263 ,
2505 2199 2591 2266 qui
2624 2213 2832 2254 mecum
2864 2198 2918 2252 in
2950 2197 3049 2251 hoc
3075 2197 3283 2253 edendo
3310 2213 3475 2268 opere
3500 2198 3869 2263 desudaruut,

2295 2289 2360 2344 D.
2389 2288 2636 2344 Canows
2660 2304 2727 2342 ne
2748 2304 2814 2342 La
2840 2287 2957 2341 Rus
2977 2328 2992 2351 ,
3019 2286 3080 2340 D.
3112 2287 3386 2343 Manrtnus
3406 2287 3664 2351 Bouous'r
3688 2331 3703 2356 ,
3732 2299 3787 2344 et
3813 2290 3871 2342 It.

2295 2379 2557 2436 Josnruus
2584 2379 2840 2434 Doussor.
2868 2377 3060 2433 Gaeteri
3087 2386 3263 2432 autem
3299 2378 3592 2447 qui~variis
3630 2379 3872 2434 lectioni-

2296 2472 2397 2528 bus
2422 2470 2748 2540 excipiendis
2773 2484 2993 2539 operam
3023 2467 3161 2523 bene
3185 2469 3337 2523 mulli
3356 2468 3614 2525 dederunt
3636 2508 3651 2535 ,
3675 2478 3734 2525 et
3753 2468 3895 2524 dant

2299 2564 2581 2634 hodieque,
2597 2562 2649 2617 in
2662 2562 2838 2632 aliquo
2856 2569 3121 2616 tomorum
3142 2560 3474 2630 sequentium
3491 2552 3876 2614 commemora-

2296 2657 2525 2713 buntur:
2544 2669 2666 2709 nam
2684 2654 2735 2708 in
2756 2653 2872 2708 dies
2889 2652 3009 2706 novi
3031 2651 3097 2706 ad
3119 2651 3170 2706 id
3184 2652 3418 2706 muneris
3429 2667 3489 2706 se
3502 2650 3808 2715 conferunt,
3830 2658 3889 2703 et

2514 2780 2528 2795 .
2554 2782 2567 2794 .
2598 2779 2612 2792 .
2646 2789 2652 2794 .
2683 2780 2695 2794 .
2713 2757 2811 2792 uno
2833 2743 3000 2792 avulso
3020 2738 3117 2791 non
3132 2742 3295 2791 deficit
3311 2741 3451 2792 alter.

1215 2943 1362 3024 DE
1410 2938 1682 3025 VITA
1732 2941 1818 3024 S.
1860 2938 2345 3023 JOANNIS
2407 2928 3267 3027 CHRYSOSTOMI',

967 3101 1071 3159 ET
1117 3097 1367 3161 PRIMO
1409 3099 1513 3159 DE
1557 3095 2116 3166 SCRIPTORIBUS
2158 3090 2376 3157 VIT/E
2421 3083 2771 3148 EIUSDEM
2802 3081 3085 3143 SANCTI
3128 3078 3535 3143 DOCTORIS

1617 3241 1796 3311 QUOS
1835 3234 2439 3296 PRAETERMITTERE
2479 3227 2685 3285 Ἡδυλί

2300 3489 2464 3541 mium
2513 3489 2569 3544 S.
2608 3489 2692 3544 Jo.
2735 3491 3126 3560 Chrysostomi.
3168 3491 3277 3545 Leo
3307 3503 3497 3559 nempe
3528 3489 3614 3544 ille
3645 3498 3728 3544 est
3752 3532 3767 3557 ,
3797 3486 3907 3559 qui'

688 3512 793 3588 Qui
818 3513 1017 3588 primus
1047 3512 1115 3567 ab
1143 3510 1368 3565 llenri‘co
1401 3509 1600 3565 Savilio
1631 3508 1803 3562 editus
1844 3504 1941 3557 fuit
1971 3501 2100 3554 Vita:
2132 3494 2190 3550 S.

613 3607 696 3664 Jo.
735 3602 1100 3675 Chrysostomi
1144 3602 1391 3672 scriptor,
1418 3610 1502 3656 est
1543 3598 1803 3668 Georgius
1856 3589 2194 3648 Alexandria:

613 3695 1080 3766 archiepiscOpus,
1112 3709 1268 3764 quem
1314 3693 1529 3763 quidam
1576 3699 1762 3759 putant
1785 3685 2006 3743 Joannis
2034 3682 2193 3736 Elec-

617 3787 905 3857 mosynarii
952 3799 1312 3839 successorem
1346 3784 1530 3838 fuisse.
1561 3781 1662 3836 llic
1703 3778 1890 3833 humili
1937 3785 1991 3829 et
2029 3773 2195 3828 inele-

616 3876 760 3945 ganti
785 3874 925 3946 stylo
946 3874 1222 3929 innumera
1244 3874 1407 3930 refert
1428 3871 1686 3934 fabulosa,
1712 3869 1777 3923 iis
1797 3863 2053 3935 exceptis,
2078 3878 2196 3934 qua:

618 3982 685 4021 ex
711 3964 947 4020 Palladio
976 3975 1028 4019 et
1053 3963 1273 4020 Socrate
1299 3972 1567 4017 mutuatus
1591 3968 1691 4016 est.
1723 3958 1912 4012 Narrat
1935 3955 2194 4012 Joannem

617 4058 888 4127 juvenem.
927 4055 1035 4127 jam
1085 4056 1257 4119 literis
1293 4054 1593 4120 eruditum,
1637 4050 1874 4107 Athenas
1901 4048 2197 4120 profectum

620 4161 775 4210 esse;
807 4146 984 4215 ibique
1028 4160 1148 4200 eum
1200 4155 1320 4215 post
1363 4142 1630 4198 modicum
1672 4140 1928 4209 temporis
1970 4138 2197 4208 spatium

621 4237 977 4293 Athenienses
1003 4251 1189 4292 omnes
1218 4235 1622 4305 disciplinarum
1653 4234 1924 4295 notitia‘ct
1956 4229 2199 4286 facundia

622 4336 926 4399 superaret,
955 4327 1151 4382 multos
1176 4326 1229 4381 in
1258 4326 1339 4380 sui
1358 4324 1764 4380 admirationem
1788 4322 2047 4393 rapuisse,
2069 4320 2201 4376 alio-

627 4437 743 4475 rum
773 4435 900 4475 vero
927 4418 1172 4474 invidiam
1203 4417 1587 4481 concitavisse,
1625 4419 1961 4486 maximeque
1991 4412 2199 4468 Anthe-

623 4511 713 4566 mii
744 4511 1016 4582 eujusdam
1048 4510 1143 4564 viri
1165 4509 1306 4565 docti
1328 4518 1381 4564 et
1404 4507 1638 4579 superbi,
1657 4522 1885 4578 quocum
1912 4506 2075 4560 etiam
2100 4502 2202 4557 dis-

623 4603 846 4672 putavit.
909 4601 1034 4657 llace
1073 4599 1361 4671 disputatio
1402 4598 1640 4669 pluribus
1684 4604 2033 4652 memoratur.
2074 4591 2204 4647 Post

626 4690 925 4759 hujusmodi
953 4690 1183 4745 fabulam
1204 4689 1403 4745 fusiore
1420 4687 1560 4760 stylo
1580 4693 1928 4742 recensentur
1947 4680 2204 4738 miracula

628 4782 765 4837 bene
808 4781 972 4834 multa
1019 4796 1050 4835 a
1098 4780 1305 4836 Joanne
1348 4790 1533 4836 nostro
1584 4787 1979 4850 patratatcum
2027 4784 2204 4830 tamen

626 4871 1160 4942 Ghrysostomusnon
1180 4870 1347 4925 semel
1367 4870 1528 4933 dicat,
1542 4869 1792 4925 miracula
1810 4866 1952 4923 nulla
1965 4880 2062 4922 suo
2075 4874 2209 4921 tem-

628 4977 758 5033 pore
785 4960 899 5016 fieri
917 5001 934 5028 ,
962 4973 1062 5015 nec
1086 4972 1206 5014 esse
1229 4958 1553 5013 necessaria.
1583 4957 1865 5013 lnnumera
1901 4956 2113 5027 profert
2131 4955 2207 5010 si-

632 5054 813 5118 milia,
854 5066 955 5108 nec
991 5049 1210 5121 majoris
1252 5048 1431 5120 pretii.
1478 5047 1811 5122 Quapropter
1836 5046 1955 5116 jur'e
1980 5045 2210 5102 Savilius

540 5184 559 5193 -
638 5148 795 5204 talem
818 5145 886 5202 de
911 5143 1143 5213 GeOrgio
1171 5141 1273 5197 fert
1297 5140 1619 5196 sententiam
1645 5156 1659 5193 :
1690 5137 1934 5193 Omnibus
1959 5147 2089 5192 certe
2106 5136 2211 5191 suis

637 5238 912 5307 cqualibus
932 5279 946 5303 ,
975 5236 1124 5291 etiam
1154 5233 1368 5306 posteris
1405 5231 1502 5305 (ut
1526 5232 1590 5286 de
1610 5229 1956 5286 vetustioribus
1981 5226 2208 5296 taceam)

632 5329 865 5398 infantia:
890 5328 945 5382 in
964 5325 1178 5381 dicendo
1208 5323 1433 5395 palmam
1461 5320 1783 5393 prazripuisse
1809 5319 1986 5374 merito
2006 5318 2212 5390 judice-

635 5429 736 5473 tur.
760 5417 845 5473 Ex
863 5417 1017 5487 hujus
1040 5423 1207 5469 tamen
1235 5412 1439 5484 facibus
1468 5412 1742 5467 hauserunt
1771 5410 1875 5469 Leo
1903 5408 2210 5481 Imperator,

633 5519 813 5564 auctor
861 5509 1114 5576 incertus,
1154 5513 1202 5560 st
1248 5503 1459 5560 Simeon
1498 5501 1901 5571 Metaphrastes,
1945 5517 2072 5572 quos
2113 5515 2215 5553 una

632 5604 833 5657 damus.
931 5633 942 5641 -

709 5694 836 5751 Post
875 5691 1015 5747 hanc
1042 5690 1216 5747 Vitam
1248 5704 1279 5745 a
1307 5689 1537 5759 Georgio
1566 5686 1934 5744 Alexandrino
1962 5684 2212 5754 scriptam

648 5788 789 5862 apud
831 5786 1087 5845 Savilium
1132 5783 1369 5854 seqnitur
1413 5780 1606 5839 Leonis
1655 5779 1994 5853 Imperatoris
2043 5776 2214 5833 Enco-

2345 3393 2667 3415 -η

2299 3577 2522 3645 Sapiens
2564 3586 2620 3633 et
2660 3578 3016 3648 Philosophus
3043 3580 3251 3644 dictus,
3281 3579 3549 3635 Orientale
3594 3579 3881 3648 Imperium

2302 3666 2472 3720 tenuit
2494 3665 2562 3719 ab
2583 3682 2722 3721 anno
2747 3666 2852 3722 886
2876 3667 2942 3721 ad
2967 3683 3165 3723 annum
3190 3668 3316 3724 910.
3351 3667 3442 3723 Ille
3468 3678 3642 3721 tamen
3665 3668 3881 3737 sapiens

2303 3755 2598 3824 Imperator
2644 3772 2711 3811 ex
2761 3756 3115 3811 ftetidissimo'
3143 3757 3234 3812 illo
3275 3742 3490 3827 Georgii
3532 3757 3680 3811 fonte
3706 3755 3903 3811 omnia

2303 3855 2594 3913 mutuatur,
2629 3861 2726 3901 nec
2757 3847 2941 3916 majori
2973 3862 3133 3917 quam
3162 3847 3254 3902 ille
3282 3846 3386 3901 fide
3414 3845 3604 3916 dignus
3633 3857 3742 3901 est.

2372 3936 2607 3993 Leonem
2639 3936 3018 4007 Imperatorem
3049 3937 3248 4007 excipit
3284 3936 3424 4006 apud
3464 3935 3721 3992 Savilinm
3748 3948 3882 3990 ano-

2304 4044 2499 4099 nymus
2524 4030 2754 4099 scriptor
2780 4028 2913 4084 Vita:
2938 4029 2994 4084 S.
3018 4028 3176 4084 Joau.
3201 4026 3590 4098 Ghrysostomi,
3610 4028 3703 4096 qui
3734 4027 3905 4082 initio

2305 4120 2510 4192 profert
2548 4121 2763 4176 nomina
2792 4121 2987 4177 eorum
3009 4107 3098 4190 qui
3127 4119 3194 4176 de
3223 4119 3329 4174 vita
3358 4117 3737 4190 Chrysostomi
3765 4118 3887 4174 scri-

2309 4221 2548 4283 pserunt,
2575 4212 2676 4269 hoc
2703 4213 2856 4268 titulo
2885 4229 2899 4266 :
2933 4212 3152 4279 Quinam
3181 4212 3244 4267 de
3270 4212 3373 4265 vita
3399 4210 3749 4282 Chrysostomi
3766 4214 3892 4267 seris

2306 4314 2531 4376 pserunt.
2560 4304 2760 4360 Horum
2787 4305 3001 4359 nomina
3032 4303 3148 4359 hmc
3172 4310 3333 4358 sunt:
3357 4301 3607 4358 Socrates
3632 4301 3888 4358 ecclesia-

2309 4397 2474 4451 sticus
2498 4394 2977 4465 bistoriographus,
2997 4393 3266 4449 Palladius
3286 4392 3675 4463 Heienopoleos
3693 4393 3888 4463 episc.,

2310 4485 2529 4541 Proclus
2551 4485 3190 4555 Constantinopolitanus,
3209 4482 3439 4554 Cyrillus
3460 4481 3855 4538 Alexandrinus
3876 4523 3889 4543 ,

2308 4576 2377 4633 de
2403 4576 2557 4647 cujus
2585 4577 2788 4633 visione
2817 4577 2952 4631 infra
2981 4576 3173 4647 agitur,
3214 4574 3548 4645 Sophronius
3586 4574 3887 4644 patriarcha

2308 4667 2821 4739 Jerosolymitanus,
2863 4667 3098 4723 Joannes
3154 4666 3555 4732 Damascenus,
3606 4664 3893 4736 Martyrius
3992 4664 3993 4723 1

2312 4759 2676 4816 Antiochenus
2718 4759 3053 4829 patriarcha,
3086 4756 3307 4812 Cosmas
3340 4753 3712 4826 Chrysostomi
3757 4763 3893 4810 tem-
3992 4750 3993 4829 j

2311 4867 2444 4923 pore
2467 4852 2723 4907 diaconus
2746 4853 3065 4906 ἀποστολικῶν
3082 4889 3097 4914 ,
3124 4847 3491 4904 Theodoretus
3523 4845 3651 4917 Cyri
3684 4846 3853 4916 cpisc.
3876 4884 3891 4910 ,
3992 4860 3993 4905 ξ

2312 4940 2463 4997 Nilus
2488 4942 2708 5011 Magnus
2730 4981 2744 5007 ,
2769 4940 3003 4995 Isidorus
3034 4938 3300 4994 Pelusiota
3321 4979 3335 5004 ,
3368 4936 3635 5006 Evagrius
3660 4937 3853 4993 Asceta
3875 4975 3890 5000 ,
3992 4958 3993 4983 :

2311 5032 2536 5088 Cosmas
2556 5031 2813 5095 Vestitor,
2849 5030 2960 5085 Leo
2989 5029 3303 5099 Imperator,
3334 5027 3546 5082 Niectas
3570 5032 3893 5099 σκεωρῦὶαξις

2312 5123 2525 5180 Nieetas
2547 5122 2820 5192 Paphlago
2838 5163 2853 5187 ,
2882 5121 3193 5176 Eustathius
3226 5119 3423 5183 Primi,
3455 5117 3688 5173 Basilius
3714 5123 3742 5172 ὁ
3766 5139 3893 5188 πρυ-

2314 5223 2558 5287 τόθρονος,
2605 5213 2987 5296 Constantinus
3037 5211 3531 5285 Porphyrogenitus
3573 5208 3892 5280 Imperator.

2317 5306 2402 5362 Ex
2430 5308 2508 5361 his
2537 5306 2789 5373 omnibus,
2819 5304 2991 5375 pergit
3015 5304 3126 5368 ille,
3146 5302 3509 5375 opportuniora
3530 5310 3577 5356 et
3606 5300 3896 5372 pulchriora
3992 5302 3993 5377 ᾖ

2317 5400 2628 5470 colligentes,
2658 5414 2875 5469 quorum
2902 5397 3136 5470 quoniam
3163 5396 3278 5451 aliis
3302 5412 3365 5449 ea;
3383 5395 3567 5448 horum
3593 5393 3898 5463 scriptorum
3992 5452 3993 5463 χ

2318 5508 2529 5546 numero
2549 5500 2689 5552 nota,
2712 5489 2830 5545 aliis
2849 5490 3021 5561 ignota
3043 5498 3206 5554 erant,
3230 5488 3364 5541 hunc
3390 5487 3575 5541 librum
3601 5486 3656 5540 in
3682 5487 3895 5556 gratiam
3992 5494 3993 5549 j

2315 5586 2519 5656 piorum
2560 5583 2820 5637 hominum
2855 5582 3213 5636 adornavimus
3255 5578 3323 5633 ad
3357 5578 3575 5649 gloriam
3603 5576 3732 5643 Dei,
3762 5585 3813 5630 et
3833 5575 3898 5628 ad

2320 5675 2613 5730 memoriam
2641 5674 2804 5728 sancti
2828 5673 2941 5726 viri.

2395 5767 2492 5824 Ilic
2531 5780 2658 5822 vero
2708 5766 3023 5833 Anonymus
3066 5761 3270 5821 caneris
3315 5758 3605 5831 elegantior
3646 5767 3766 5825 est;
3810 5757 3898 5811 sed
3992 5752 3993 5833 ξ

3988 1284 3994 1615 ι

3986 1688 3994 2009 1
