4038 6154
239 291 352 333 κιν

243 381 384 447 nihil
416 389 587 460 magis
615 390 822 447 confert
848 391 914 446 ad
960 393 1119 450 vitam
1151 395 1207 451 S.
1237 396 1396 453 Joan.
1431 398 1794 471 Chrysostomi
1817 443 1832 468 ,

240 471 724 552 quani'Georgins,
752 497 817 537 ex
845 484 998 555 cujus
1023 485 1242 543 fmcibus
1266 491 1444 545 omnia
1470 490 1666 558 hausit,
1699 504 1754 547 ut
1782 503 1838 548 et

230 562 641 641 ‘Metaphrastes
670 560 973 642 Scriptores
1000 590 1127 631 vero
1158 577 1229 632 illi
1257 578 1320 632 de
1346 580 1446 633 vita
1469 579 1833 652 Clirysostmni,

241 678 392 733 quos
418 663 729 716 nominatim
761 665 873 733 ipse
899 677 1303 734 commemorat,
1328 686 1433 724 non
1456 685 1647 726 omnes
1671 681 1834 726 totam

243 752 623 822 Glirysostomi
649 754 810 808 vitam
832 755 1252 826 descripserunt,
1281 759 1375 813 sed
1397 776 1461 814 ex
1489 760 1594 815 illis
1624 761 1834 831 plurimi

244 842 509 897 nonnulla
552 852 761 898 tantum
800 844 866 900 ad
907 847 1067 901 vitam
1109 843 1478 919 Chrysos'tbmi
1513 853 1837 922 pertinentia

244 933 502 988 retulere.
528 933 803 990 Visiouem
832 947 1009 992 autem
1036 939 1179 994 illam
1204 940 1385 1012 Cyrilli
1408 982 1423 1006 ,
1449 942 1516 998 de
1542 959 1644 1014 qua
1675 960 1835 1015 supra

249 1024 488 1094 loquitur
509 1026 826 1098 Ananymus
846 1068 861 1093 ,
890 1028 944 1083 in
974 1027 1125 1085 Notis
1149 1024 1438 1088 suisall‘ert
1467 1032 1696 1089 Savilius
1715 1070 1731 1100 ,
1757 1043 1839 1090 at-

247 1130 355 1183 que
388 1115 457 1167 ita
483 1113 705 1169 ridicula
734 1116 841 1170 visa
871 1115 972 1172 fuit
994 1117 1357 1190 Tillemontio,
1378 1131 1434 1178 ut
1454 1138 1523 1179 ne
1542 1139 1839 1181 memorare

244 1204 469 1275 quidem
501 1205 645 1259 illam
674 1205 925 1276 dignatus
950 1209 1041 1263 sit.

323 1297 398 1351 De
428 1296 657 1367 Georgio
688 1301 1050 1357 Alexandrino
1085 1313 1141 1381 et
1177 1304 1249 1362 de
1290 1305 1460 1362 tribus
1497 1310 1840 1378 sequentibus

245 1389 371 1441 vim:
392 1389 756 1461 Chrysostomi
783 1394 1152 1463 scriptoribus,
1182 1411 1213 1450 a
1243 1397 1440 1455 Savilio
1465 1400 1647 1456 Grmce
1675 1401 1837 1467 eusis,

248 1477 303 1530 in
330 1477 581 1533 Latinum
610 1482 881 1538 vertendis
904 1526 921 1549 ,
953 1495 1007 1540 et
1030 1485 1089 1540 in
1122 1486 1220 1543 hac
1247 1488 1482 1544 editione
1511 1490 1840 1559 publicandis

247 1570 457 1638 pridem
486 1574 874 1642 cogitaveram;
909 1576 1016 1631 imo
1038 1594 1164 1634 vero
1188 1579 1470 1650 Georgium
1503 1582 1686 1638 Latine
1712 1598 1840 1637 eou-

244 1673 462 1719 vertere
484 1680 750 1737 coeperam
773 1686 786 1720 :
813 1669 907 1723 sed
933 1669 1020 1724 ubi
1053 1680 1128 1725 tot
1152 1673 1460 1742 quisquilias
1492 1674 1689 1735 inveni,
1718 1683 1839 1729 tunc

251 1791 1349 1817 h—_—_————

1164 281 1251 338 DE
1289 281 1774 344 SCRIPTORIBUS
1815 286 2053 347 [UERUM
2093 278 2586 346 Clli‘tYSOSTOML

3409 306 3529 349 κχνι

1948 402 2196 471 pmnituit
2222 402 2473 471 coepisse,
2499 404 2554 458 et
2582 402 2732 459 libuit
2751 403 3037 471 desistere,
3067 419 3129 461 ac
3159 404 3391 461 Leonem
3423 403 3528 461 Im-

1945 501 2266 563 peratorem,
2297 494 2631 563 Auonymum
2654 506 2707 550 et
2732 496 3149 566 Metaphrasten,
3177 498 3265 569 qui
3285 514 3351 553 ex
3369 498 3530 556 Geor-

1944 584 2015 653 gii
2043 583 2260 638 fmcibus
2286 583 2569 639 hauserant
2595 626 2608 650 ,
2638 587 2880 643 similiter
2908 590 3215 645 amandare.
3246 589 3375 645 Nam
3405 607 3528 646 eum

1947 673 2136 728 horum
2165 674 2282 727 vita:
2306 673 2671 746 Gluysostomi
2700 677 3018 747 scriptorum
3045 694 3209 749 Opera
3240 680 3525 735 admodum

1944 764 2151 832 prolixa
2172 765 2298 830 sint,
2323 763 2508 819 Latine
2528 781 2786 821 conversa
2810 782 2913 821 non
2941 770 3234 836 potuissent
3258 768 3311 823 in
3338 770 3527 825 eodem

1946 854 2113 911 Temo
2146 856 2406 910 cmitineri
2433 899 2449 923 ,
2489 865 2546 911 et
2583 859 2912 931 oportuisset
2953 860 3112 914 alium
3157 861 3420 918 adornare
3448 872 3530 916 to-

1948 962 2091 1001 mum
2107 963 2129 1013 s;
2149 947 2307 1017 idque
2333 949 2478 1002 nullo
2507 948 2698 1011 fructu,
2719 966 2838 1005 cum
2866 950 2930 1005 ad
2955 951 3114 1005 vitam
3135 952 3526 1024 Chrysostomi,

1947 1045 2005 1091 ut
2031 1040 2275 1107 superius
2300 1038 2496 1093 dictum
2524 1048 2626 1106 est,
2648 1040 2774 1095 nihil
2806 1041 3011 1111 possint
3032 1042 3223 1097 all‘erre
3249 1047 3525 1100 momenti.

1946 1130 2278 1200 Quapropter
2305 1131 2389 1187 his
2415 1134 2650 1201 omissis,
2681 1149 2711 1188 a
2744 1134 2860 1189 Vita
2887 1134 3253 1206 Chrysostmni
3288 1152 3380 1206 per
3406 1137 3524 1193 Pal-

1947 1222 2143 1295 ladium
2173 1264 2188 1287 ,
2243 1224 2628 1295 llelenopoleos
2678 1226 2986 1296 episcopum
3042 1236 3096 1282 et
3145 1227 3528 1299 Chrysostomo

1947 1329 2182 1370 corevum
2204 1357 2218 1381 ,
2249 1316 2562 1386 incipiemus
2592 1335 2604 1370 :
2637 1319 2725 1389 qui
2755 1318 3120 1390 Ghrysostomi
3151 1330 3329 1390 partes
3355 1327 3528 1375 saeta-

1949 1417 2064 1472 tus,
2099 1409 2259 1462 multa
2293 1410 2508 1475 retulit,
2542 1425 2661 1479 qua:
2691 1411 2804 1479 ipse
2836 1411 3117 1467 videratet
3141 1427 3367 1483 quorum
3391 1421 3524 1466 cen-

1948 1513 2064 1554 sors
2091 1498 2278 1553 fuerat.
2318 1500 2515 1555 Deinde
2553 1516 2680 1557 vero
2719 1503 2877 1556 vitam
2922 1502 2978 1557 S.
3014 1502 3249 1557 doctoris
3285 1514 3528 1573 oppene-

1945 1604 2087 1655 mus,
2106 1606 2171 1645 ex
2198 1591 2313 1657 ejus
2336 1591 2564 1647 maxime
2582 1594 2792 1663 scriptis
2808 1601 2861 1647 et
2884 1609 2946 1647 ex
2970 1593 3272 1665 iide'dignis
3297 1598 3529 1649 auctori-

1949 1677 2048 1731 bus
2072 1693 2102 1731 a
2131 1678 2283 1733 nobis
2311 1679 2642 1734 adornatam.

1986 1780 2001 1791 ρ

1101 1808 2637 2015 Eii—amamur

1573 2101 2167 2181 ADMONITIO

1075 2232 1181 2292 DE
1224 2232 1783 2299 SCRIPTORIBUS
1826 2238 2099 2302 RERUM
2143 2208 2730 2320 CHRYSOSTOM‘I,

307 2348 408 2406 -ΕΤ
449 2349 868 2406 ΡΒΑΞΞΕΒΤΙΜ
907 2351 1209 2409 GEORGIO
1247 2352 1697 2422 CJETEIllSQUE
1738 2356 1865 2414 ΒΙΟ(

1938 2361 2144 2418 APIIIS
2180 2363 2728 2423 RECENTIORIBUS
2763 2366 2992 2424 CAUTE
3033 2356 3387 2424 LEGENDIS.

1580 2491 2207 2547 -οθιῷᾣ-ὕεὲ-ο-

323 2641 342 2675 ι
382 2621 461 2676 Ad
493 2622 782 2690 scriptores
813 2635 987 2676 rerum
1009 2620 1376 2693 Chrysostomi
1399 2623 1638 2693 quaedam
1664 2625 1835 2681 adno-

236 2721 426 2767 tatur-0
470 2709 845 2765 constituenda
889 2710 1019 2765 mihi
1065 2720 1189 2766 ante
1230 2714 1408 2767 omnia
1457 2713 1663 2769 videtur
1700 2716 1835 2770 ratio

248 2815 550 2873 temporum
576 2842 592 2868 ,
623 2818 727 2872 qua
758 2803 858 2857 rite
886 2803 1244 2872 constabilita,
1272 2815 1463 2860 caetera
1492 2806 1621 2861 fient
1646 2807 1836 2862 diluci-

236 2894 420 2958 diora,
452 2903 507 2949 et
532 2895 698 2948 inulta
731 2894 782 2948 in
808 2894 904 2949 hac
930 2894 1147 2950 historia
1176 2896 1330 2952 dubia
1357 2897 1667 2963 dissolvere,
1694 2900 1834 2954 mul-

238 2997 327 3043 tos
364 2986 746 3042 historicorum
790 3002 1004 3043 errores
1038 2987 1319 3044 ehronieos
1347 3005 1452 3045 non
1491 2992 1592 3047 erit
1619 2991 1835 3049 difficile

238 3077 549 3147 castigare:
582 3093 703 3145 qua:
734 3086 930 3141 tamen,
963 3086 1019 3131 ut
1040 3093 1155 3132 mea
1182 3080 1382 3147 omnia,
1406 3080 1663 3137 lectorum
1689 3082 1833 3152 judi-

235 3169 324 3222 cio
351 3167 439 3222 vel
481 3166 783 3236 recipienda
805 3208 822 3233 ,
852 3168 932 3223 vel
965 3167 1292 3239 repudianda
1327 3170 1589 3241 relinquo.
1618 3173 1695 3227 Ae
1723 3172 1833 3242 pri-

236 3275 387 3313 mum
427 3258 499 3313 de
528 3257 616 3313 die
654 3266 708 3312 et
736 3259 953 3314 consule
973 3301 988 3326 ,
1035 3276 1140 3330 quo
1172 3268 1325 3315 natus
1354 3271 1436 3315 est
1461 3261 1696 3316 Joannes
1734 3277 1832 3316 no-

240 3361 374 3415 ster,
406 3364 570 3404 nemo
610 3359 848 3404 veterum
889 3350 1196 3405 Graecorum
1240 3350 1529 3421 quidquam
1569 3351 1830 3421 prodidit,

245 3454 405 3495 nemo
447 3441 807 3495 recentiorum
839 3457 852 3494 :
882 3441 1017 3496 adeo
1060 3450 1186 3496 sunt
1219 3457 1531 3512 magnorum
1559 3443 1793 3497 virorum
1813 3482 1829 3507 ,

242 3531 467 3600 perinde
506 3545 571 3587 ae
598 3530 875 3586 ﬂuviorum
900 3574 916 3600 ,
947 3543 1098 3588 ortus
1137 3534 1385 3601 obscuri,
1427 3549 1740 3604 progressus
1778 3543 1833 3590 et

242 3624 424 3693 exitus
447 3622 743 3692 conspicui.
775 3621 1077 3678 Secundum
1098 3665 1112 3691 ,
1145 3623 1365 3679 Joannis
1397 3634 1623 3694 patrem,
1652 3625 1831 3694 paucis

241 3721 364 3782 post
389 3713 721 3767 nativitatem
751 3712 840 3766 ﬁlii
867 3712 1054 3768 diebus
1073 3755 1089 3780 ,
1121 3728 1187 3768 an
1215 3713 1486 3769 mensibus
1514 3713 1730 3781 abiisse,
1758 3730 1828 3769 ex

243 3805 430 3859 matris
464 3804 532 3859 ad
555 3804 817 3860 Joannem
844 3804 1019 3859 verbis
1061 3806 1259 3875 liquet,
1289 3806 1381 3862 lib.
1424 3806 1448 3861 l
1481 3805 1549 3860 de
1570 3804 1832 3861 Sacerdo-

249 3896 323 3949 tio
353 3911 409 3950 ιι.
436 3896 472 3951 5
500 3912 516 3949 :
549 3893 741 3949 Partus
768 3895 840 3949 tui
865 3894 1066 3949 dolores
1102 3897 1293 3966 excepit
1322 3895 1486 3949 obitus
1512 3895 1690 3964 patris.
1711 3894 1829 3950 Jam

244 4003 367 4043 eum
403 3999 581 4045 mater
607 3990 773 4060 ipsius
801 4004 970 4046 annos
997 3990 1267 4045 viduitatis
1294 3989 1566 4061 capiesset
1607 3990 1826 4060 viginti,

240 4091 465 4150 apparet
500 4095 624 4135 eum
661 4079 836 4136 adhuc
860 4081 1158 4136 Antiochiae
1183 4081 1237 4136 in
1266 4081 1446 4137 schola
1473 4079 1681 4135 Libanii
1711 4096 1831 4134 ver-

240 4178 441 4236 satum,
476 4185 545 4225 ex
584 4172 751 4241 ipsius
781 4172 1150 4244 Chrysostomi
1177 4173 1375 4238 verbis,
1406 4172 1554 4228 Orat.
1585 4173 1611 4227 1
1641 4172 1709 4227 ad
1734 4172 1832 4227 Vi-

239 4262 401 4317 duam
423 4264 542 4333 jnn.
562 4281 576 4318 :
596 4262 732 4317 Nam
752 4274 799 4319 et
826 4280 917 4336 ego
936 4265 1209 4335 aliquando
1224 4282 1336 4319 cum
1353 4281 1506 4338 essem
1519 4265 1719 4336 junior,
1738 4265 1830 4318 do-

240 4355 370 4407 ctori
399 4370 509 4407 meo
539 4353 836 4428 (Libanio),
870 4365 979 4411 erat
1007 4366 1174 4411 autem
1200 4356 1286 4412 ille
1312 4359 1536 4412 omnium
1565 4357 1828 4411 hominum

241 4445 460 4499 maxime
496 4447 904 4519 superstitiosus,
933 4458 1037 4503 etc.
1062 4489 1076 4514 ,
1121 4463 1291 4519 usque
1319 4448 1385 4503 ad
1415 4448 1609 4515 verba,
1655 4449 1829 4519 quales

238 4537 479 4592 mulieres
516 4538 655 4608 apud
682 4539 982 4595 christianos
1016 4551 1133 4595 sunt
1161 4540 1250 4609 (Τ.
1282 4538 1323 4594 Ι.
1361 4539 1427 4595 ad
1455 4539 1684 4596 Viduam
1706 4540 1823 4610 jun.

242 4643 299 4682 n.
326 4627 419 4698 2).
450 4628 604 4694 Quod
636 4629 681 4683 si
714 4645 970 4686 numerus
1009 4630 1111 4687 iste
1138 4631 1321 4701 viginti
1361 4645 1621 4685 annorum
1654 4632 1829 4700 justus

238 4726 342 4783 est,
390 4732 497 4773 non
542 4719 832 4786 rotundus,
875 4720 1016 4790 quod
1046 4720 1274 4775 fortasse
1300 4721 1510 4785 verius,
1545 4728 1601 4774 ut
1640 4719 1828 4775 demus

240 4809 424 4863 statim
452 4819 572 4876 post
603 4809 824 4865 Joannis
860 4821 1033 4867 ortum
1064 4823 1266 4881 patrem
1309 4810 1631 4877 decessisse,
1660 4824 1828 4865 annos

239 4908 437 4953 natum.
453 4900 734 4955 minimum
760 4902 941 4971 viginti
975 4903 1026 4957 in
1048 4902 1313 4958 auditorio
1337 4902 1541 4958 Libanii
1566 4900 1824 4957 Joannem

239 4990 460 5045 hresisse
487 5006 709 5047 necesse
745 5002 846 5048 est.
873 4976 1140 5049 Palladius
1183 5009 1379 5049 annum
1408 5004 1651 5049 octavum
1677 4994 1823 5050 deci-

238 5095 382 5134 umm
413 5091 658 5151 agentem
690 5083 939 5155 oratoriae
967 5099 1182 5154 operam
1221 5084 1432 5140 dedisse
1462 5094 1700 5141 testatur.
1727 5084 1828 5140 Cc-

234 5168 436 5224 drenus
461 5170 665 5227 diserte
702 5173 890 5228 scribit
918 5180 1059 5228 anno
1086 5175 1257 5229 :etatis
1282 5174 1490 5230 decimo
1520 5185 1708 5231 octavo
1731 5174 1826 5231 de-

232 5261 470 5317 stituisse
512 5263 817 5327 Libanium.
857 5264 1118 5335 Georgius
1162 5276 1217 5321 et
1255 5265 1363 5321 Leo
1402 5267 1502 5323 huc
1542 5267 1656 5336 ipsi)
1685 5282 1825 5321 anno

234 5351 457 5408 Athenis
493 5352 645 5425 (quo,
675 5364 731 5409 ut
756 5357 951 5419 ferunt,
985 5365 1105 5426 post
1126 5357 1509 5414 Antiochenam
1537 5359 1823 5414 institutio-

232 5460 354 5499 nem
382 5446 684 5500 studiorum
714 5461 872 5502 causa
909 5448 1250 5519 migraverat)
1279 5448 1502 5504 rediisse
1547 5447 1776 5519 produnt
1806 5467 1821 5504 :

230 5537 318 5590 alii
344 5552 491 5591 anno
518 5536 695 5591 artatis
721 5538 1009 5603 sedecimo,
1033 5537 1240 5608 longius
1256 5538 1430 5595 adhuc
1458 5554 1488 5594 a
1515 5554 1642 5595 vero
1672 5539 1826 5595 aber-

230 5639 428 5683 rantes.
484 5628 720 5698 Expleto
768 5628 925 5699 igitur
953 5645 1092 5686 anno
1119 5629 1372 5685 vicesimo
1418 5631 1636 5700 (neque
1682 5629 1822 5685 enim

233 5721 415 5789 plures
441 5736 646 5793 ponere
673 5723 867 5792 patitur
886 5737 982 5778 nos
1002 5722 1334 5794 sequentium
1358 5722 1589 5779 ealculus
1621 5732 1827 5793 tempe.

1944 2627 2082 2677 rum,
2111 2629 2210 2669 nec
2236 2616 2512 2683 pauciores
2529 2618 2688 2673 verba
2712 2618 3080 2691 Chrysostomi
3108 2620 3149 2689 ),
3176 2618 3401 2675 desertis
3417 2624 3530 2675 stu-

1947 2701 2048 2758 diis
2064 2704 2387 2778 juvenilibus
2411 2708 2806 2778 eloquentimet
2835 2711 3184 2780 philosophia:
3206 2712 3418 2783 argutiis
3438 2726 3527 2766 so-

1942 2791 2135 2861 phistze
2158 2793 2363 2849 Libanii
2401 2797 2607 2867 longum
2635 2798 2743 2853 t'ale
2765 2799 2936 2854 dicens
2964 2801 3059 2869 (ait
3096 2800 3399 2871 Georgius),
3431 2801 3519 2856 ad-

1942 2886 2147 2942 hmrere
2172 2889 2336 2958 coepit
2369 2890 2428 2942 Β.
2477 2890 2708 2958 Meletio,
2738 2892 2991 2962 episcopo
3026 2892 3360 2948 Autioeheno
3381 2933 3394 2958 ,
3423 2907 3524 2948 nec

1941 2978 2010 3031 ab
2045 2979 2162 3048 eius
2188 2995 2435 3051 umquam
2468 2983 2634 3038 latere
2661 2983 2971 3051 discedere;
2998 2999 3026 3037 a
3064 2997 3170 3055 quo
3200 2986 3367 3040 sacris
3392 2985 3547 3056 ἀρε-

1940 3070 2169 3125 matibus
2204 3072 2486 3143 diligenter
2507 3075 2795 3130 instructus
2813 3085 2899 3143 et,
2932 3076 3193 3147 baptismo
3221 3083 3339 3146 post
3361 3078 3526 3133 trien-

1940 3161 2086 3216 nium
2111 3163 2267 3230 ferme
2288 3165 2619 3228 illuminatus,
2654 3166 2823 3223 lector
2849 3168 3124 3224 ordinatus
3151 3180 3234 3225 est
3260 3189 3273 3223 :
3302 3173 3380 3225 sic
3402 3170 3524 3226 Pal-

1940 3251 2140 3315 ladius,
2172 3253 2478 3319 Cedreuus,
2508 3257 2616 3310 alii.
2657 3257 2755 3311 llic
2787 3272 2914 3326 ergo
2938 3274 3107 3313 annos
3143 3259 3309 3315 habes
3337 3271 3442 3316 tres
3468 3270 3524 3315 et

1938 3342 2142 3411 viginti.
2174 3343 2323 3397 Circa
2363 3342 2466 3399 hoc
2511 3353 2716 3414 tempus
2758 3355 2979 3401 matrem
3021 3348 3219 3403 abiisse
3254 3348 3526 3417 probabile

1937 3440 2046 3494 est;
2078 3432 2355 3503 ipsumque
2376 3435 2497 3489 vitze
2526 3450 2584 3490 se
2604 3435 2854 3505 deinceps
2876 3438 3200 3504 monasticae,
3224 3454 3381 3508 quam
3412 3454 3524 3495 ma-

1940 3526 2102 3580 ternis
2130 3526 2374 3596 prceibus
2399 3528 2567 3581 victus
2603 3528 2880 3583 distulerat
2914 3531 3092 3585 verius
3115 3546 3272 3602 quam
3313 3532 3524 3601 abjere-

1937 3625 2051 3681 rat,
2094 3616 2392 3672 tradidisse.
2430 3618 2844 3684 Quadrienuium
2884 3621 3076 3675 vixisse
3105 3622 3155 3675 iu
3198 3625 3522 3679 monaSlerio

1936 3708 2231 3765 Antiochia:
2259 3709 2433 3765 vicino
2458 3726 2644 3767 omnes
2665 3714 2951 3783 scriptores
2979 3721 3257 3782 testantur,
3289 3727 3391 3770 tam
3420 3732 3519 3772 ve-

1937 3805 2076 3854 teres
2113 3814 2270 3869 quam
2316 3802 2673 3868 recentiores,
2721 3817 3103 3875 sacrorumque
3142 3805 3399 3861 librorum
3440 3808 3517 3861 le-

1934 3887 2116 3953 ctioni,
2144 3897 2191 3942 et
2213 3890 2439 3943 asceticis
2458 3891 2622 3957 rebus,
2650 3892 2787 3960 apud
2809 3891 3105 3948 Carterium
3129 3903 3182 3949 et
3207 3894 3515 3962 Diodorum,

1936 3985 2054 4030 tunc
2076 3979 2378 4045 monasterio
2404 3980 2700 4050 praepositos
2718 4022 2731 4045 ,
2761 3995 2977 4050 operam
3005 3982 3236 4037 dedisse.
3269 3984 3392 4038 llaec
3416 3970 3520 4039 So—

1932 4079 2124 4125 crates.
2160 4070 2235 4125 Ex
2261 4072 2450 4142 quibus
2481 4072 2761 4138 Diodorus,
2788 4077 2979 4130 postea
3006 4074 3281 4129 Tarsensis
3306 4075 3517 4144 episco-

1933 4175 2064 4229 pus,
2095 4163 2257 4216 multa
2296 4163 2508 4232 scripsit
2547 4163 2790 4218 literalem
2832 4163 3116 4218 divinarum
3140 4162 3517 4235 Scripturarum

1931 4268 2132 4307 sensum
2172 4255 2316 4309 unice
2350 4272 2532 4310 curans
2572 4272 2842 4327 earumque
2878 4257 3068 4328 ﬁguras
3117 4256 3417 4328 (allegorias
3461 4266 3518 4313 et

1931 4358 2227 4413 anagogas,
2263 4346 2483 4415 quibus,
2523 4361 2680 4417 supra
2719 4363 2878 4416 quam
2912 4364 3003 4416 per
3031 4358 3181 4414 erat,
3224 4348 3515 4406 delectatus

1933 4435 2396 4506 fueratOrigenes)
2416 4437 2666 4506 rejiciens.
2688 4437 2856 4503 Quam
2881 4438 3324 4506 interpr-emimus
3346 4441 3515 4493 ratio-

1932 4544 2053 4585 nem
2077 4544 2108 4584 a
2133 4529 2385 4599 magistro
2440 4539 2708 4584 mutuatus
2743 4531 2949 4583 videtur
2995 4530 3082 4583 hic
3111 4539 3310 4592 uoster,
3355 4543 3516 4594 quem

1931 4620 2145 4679 nonnisi
2170 4621 2381 4691 prtefata
2405 4620 2556 4675 venia
2575 4618 2686 4674 fere
2701 4618 2767 4672 ad
2785 4618 3065 4688 allegorias
3080 4617 3406 4673 descendere
3437 4620 3513 4673 vi-

1930 4714 2139 4771 demus.
2153 4713 2426 4781 Cedrenus
2441 4711 2605 4767 solius
2623 4710 2862 4765 meminit
2874 4708 3117 4765 Carterii.
3135 4708 3400 4763 Palladius
3416 4710 3512 4781 Sy-

1932 4822 2050 4860 rum
2076 4804 2358 4875 quemdam
2377 4816 2559 4858 senem
2578 4809 2960 4856 commemorat
2977 4799 3316 4854 continentiae
3333 4800 3517 4869 impri-

1931 4895 2035 4955 mis
2052 4893 2367 4959 studiosum,
2384 4892 2468 4948 cui
2485 4906 2543 4948 se
2559 4891 2762 4947 socium
2781 4891 2833 4944 in
2852 4890 3178 4946 monasterio
3191 4889 3339 4947 dedit
3355 4889 3516 4945 Joan-

1930 5001 2048 5043 nes.
2078 4985 2268 5041 Utrum
2295 4999 2359 5040 ex
2385 4982 2595 5039 duobus
2622 4982 2725 5038 illis
2764 4997 2902 5037 unus
2932 4980 3090 5036 fuerit
3110 4981 3211 5036 iste
3232 4980 3419 5052 Syrus,
3448 4996 3513 5035 an

1930 5078 2108 5148 potius
2138 5077 2456 5149 Hesychius,
2490 5075 2654 5147 Syrus
2682 5091 2860 5146 genere
2886 5088 2916 5132 a
2936 5073 3168 5144 Georgio
3186 5075 3510 5137 nominatus.

1929 5187 2035 5226 non
2065 5184 2281 5241 possum
2312 5178 2567 5225 statuere.
2591 5167 2671 5223 Ex
2695 5175 2803 5222 tota
2836 5173 2982 5222 certe
3001 5165 3212 5236 Georgii
3244 5168 3541 5240 narratiog

1931 5278 2031 5328 ne,
2062 5261 2389 5316 monasterio
2427 5261 2470 5319 si
2508 5274 2616 5315 non
2659 5257 2968 5327 przefuisse,
3006 5265 3152 5311 certe
3192 5255 3260 5310 ad
3298 5270 3511 5310 omnem

1929 5355 2181 5424 pietatem
2211 5354 2486 5424 prmivisse
2531 5351 2783 5406 fratribus
2825 5349 2995 5420 iisque
3024 5347 3236 5418 regulas
3257 5357 3513 5403 asceticas

1929 5445 2254 5511 condidisse,
2279 5444 2454 5514 potius
2473 5457 2630 5514 quam
2658 5441 2758 5496 sub
2777 5440 2994 5495 alterius
3017 5437 3295 5507 disciplina
3318 5437 3510 5490 vixisse

1935 5539 2207 5595 videatur.
2231 5537 2442 5592 Relicto
2465 5543 2588 5606 post
2612 5531 3015 5604 quadriennium
3044 5519 3145 5584 hoc
3163 5520 3504 5588 monasterio,

1932 5629 2199 5686 desiderio
2244 5625 2591 5684 delitescendi
2639 5622 2979 5678 remotiorem
3022 5635 3261 5676 ereumm
3313 5615 3502 5685 petiit:

1936 5722 2146 5792 illieque
2186 5720 2451 5791 spelunca:
2495 5716 2725 5772 inclusus
2768 5712 3036 5770 biennium
3073 5712 3239 5766 ferme
3285 5705 3504 5774 peregit.
