4038 6154
1615 218 1893 296 iiENttitll
1933 247 2184 303 sava.“
2220 247 2663 309 atsstzarnto

531 376 706 442 Atque
725 368 793 426 de
821 370 918 423 hoc
946 366 1218 435 sexennio,
1248 376 1305 422 ut
1324 366 1452 433 dixi,
1481 367 1621 422 inter
1642 376 1887 421 auctores
1905 380 2102 419 conve-

532 465 629 519 nit.
663 462 790 517 inde
835 461 900 515 ad
932 461 1116 515 urbem
1152 474 1415 521 reversus.
1448 459 1705 514 diaconus
1740 475 1770 512 a
1803 461 1859 513 S.
1903 458 2111 513 Meletio

534 552 699 622 (quod
723 555 859 607 inter
883 565 1069 606 omnes
1087 549 1317 620 constat)
1341 550 1450 620 jam
1472 550 1859 619 proficiscente,
1887 559 1940 603 ut
1960 557 2108 619 puto,

484 678 487 681 λ
529 643 1039 713 Constantinopolim
1057 643 1121 698 ad
1140 642 1425 698 secnndam
1443 642 1701 712 synodum
1720 641 2110 708 celebrandam,

529 750 675 790 anno
720 734 929 789 Domini
973 734 1072 789 581
1107 734 1343 798 ineunte,
1374 732 1668 799 ordinatus,
1696 733 2112 819 quinquennjnm

535 825 853 881 venerandis
881 825 1201 879 ministravit
1228 825 1499 879 altaribus.
1530 824 1660 878 Nam
1692 823 1832 894 quod
1860 833 1979 894 post
2008 823 2115 877 ille-

533 918 638 973 letii
674 927 922 981 mortem,
952 931 1069 985 quae
1094 916 1209 984 ipso
1227 923 1466 985 tempore
1492 917 1736 970 secunda:
1765 914 1950 985 synodi
1973 912 2116 967 acci-

535 1002 633 1062 dit,
666 1001 915 1056 Socrates
944 1001 1020 1054 ait
1051 1018 1064 1054 :
1097 999 1352 1054 Recedens
1393 1000 1617 1054 Joannes
1647 1019 1676 1053 η
1702 1000 1989 1054 Melctianis
2036 999 2120 1069 (ea:

539 1091 675 1155 urbe,
708 1091 876 1160 inquit
891 1089 1169 1161 Georgius)
1185 1101 1284 1144 tres
1303 1092 1521 1161 integros
1537 1101 1695 1144 annos
1715 1091 1981 1161 tranquille
1995 1091 2119 1159 egit;

539 1193 874 1235 ennimoratur
893 1183 947 1236 in
966 1183 1269 1236 monasterio
1296 1183 1348 1235 in
1379 1182 1476 1253 quo
1521 1183 1738 1253 primunt
1767 1193 1874 1236 erat
1892 1224 1906 1246 ,
1953 1183 2121 1252 inquit

539 1271 828 1341 Georgius;
860 1273 1142 1328 triennium
1165 1272 1286 1339 hoc,
1318 1282 1380 1328 ut
1405 1274 1710 1344 importune
1734 1282 1918 1329 contra
1950 1275 2117 1327 ratio-

540 1380 663 1420 nem
693 1376 1012 1435 temporum,
1036 1376 1094 1420 ut
1121 1367 1172 1420 in
1202 1367 1548 1436 sequentibus
1572 1367 1979 1433 monstrabitur,
2007 1368 2122 1421 Pal-

540 1455 682 1511 ladio
708 1459 866 1512 etiam
898 1475 1005 1514 non
1035 1459 1380 1529 suffragante,
1417 1460 1771 1529 inlcrjectum,
1804 1477 1868 1515 ex
1901 1466 2122 1515 numero

533 262 678 307 xm.“
1620 262 1893 296 “nutum
1933 262 2013 301 SA
2030 262 2053 301 \
2072 262 2184 303 ιυι
2220 262 2663 309 υιδδῐλῑϊλῒῑυ
3627 274 3835 318 XXVIII

2222 381 2445 426 mortem
2479 386 2668 426 novem
2697 372 2820 427 anni
2847 381 2971 428 sunt
2989 413 3005 441 ,
3036 363 3371 429 menses-sex
3397 375 3482 430 vel
3513 369 3658 443 octo,
3685 370 3835 433 dies

2217 464 2483 529 sedecim;
2515 474 2570 519 et
2595 479 2624 516 a
2652 457 2926 521 n‘ativitate
2955 465 3020 520 ad
3047 474 3277 521 mortem
3308 468 3602 522 Secundum
3631 469 3830 540 majo—

2218 570 2331 610 rem
2355 555 2803 627 computationem
2831 572 2990 628 supra
3010 556 3289 613 collectam
3316 559 3443 613 anni
3461 559 3549 627 55,
3579 570 3633 615 et
3654 576 3829 616 men—

2218 660 2306 701 ses
2334 647 2568 717 aliquot;
2598 647 2891 704 secu'ndum
2916 641 3187 727 minorem,
3203 645 3655 718 computationem
3677 644 3824 706 anili

2221 739 2309 805 52,
2333 751 2385 795 et
2410 736 2612 810 aliquot
2631 748 2887 810 przetcrea
2915 755 3146 795 menses.
3170 730 3427 806 Zonaras,
3452 739 3728 798 Cedrenus
3753 753 3832 798 et

2221 833 2309 887 alii
2339 834 2448 888 fere
2477 846 2686 900 omnes,
2715 848 2882 888 annos
2909 849 3032 887 eum
3059 832 3258 889 vixisse
3286 832 3525 888 scribunt
3545 850 3653 889 non
3691 835 3836 906 plur

2222 938 2310 978 res
2355 923 2731 993 quinquaginta
2775 916 2983 978 duobus
3021 940 3033 975 :
3075 919 3261 978 auet'or
3302 920 3539 979 incertus
3575 940 3696 996 pag.
3740 926 3836 982 54

2226 1016 2364 1070 Edit.
2399 1008 2514 1070 Lat.
2546 1015 2717 1070 Paris.
2751 1015 2909 1081 i588,
2942 1014 3089 1069 addit
3124 1014 3336 1070 menses
3372 1024 3494 1070 octo
3528 1012 3652 1071 :icui
3686 1034 3835 1088 pro-

2228 1103 2510 1176 pcmddum
2532 1107 2813 1160 assentior.
2839 1106 2912 1159 ita
2935 1104 3224 1161 secundum
3252 1105 3509 1176 majorem
3532 1118 3831 1178 computa-

2193 1198 2422 1266 tionem
2461 1194 2638 1252 incidit
2683 1192 2851 1250 annus
2881 1197 3168 1251 nativitatis
3212 1197 3431 1252 Joannis
3470 1196 3521 1252 in
3558 1199 3827 1253 consula-

2226 1297 2335 1342 tum
2358 1286 2649 1343 Constantii
2689 1288 2721 1341 5
2754 1297 2806 1340 et
2831 1269 2969 1342 Calli
2994 1286 3238 1353 Cmsaris,
3272 1285 3413 1341 an'no
3445 1288 3556 1342 Don
3583 1288 3651 1342 ini
3677 1289 3823 1352 559.;

2227 1376 2520 1434 secundum
2551 1379 2831 1441 minorem,
2853 1379 2903 1431 in
2930 1376 3262 1432 cens‘tilat'uin
3282 1378 3587 1432 Arbetiouis
3614 1387 3670 1432 et
3691 1378 3836 1432 Lol—

2229 1470 2375 1536 liani',
2406 1481 2545 1525 anno
2573 1472 2693 1531 535,
2727 1486 2931 1534 mense,
2952 1480 3007 1523 ut.
3030 1471 3261 1534 videtur,
3286 1469 3556 1537 Januario,
3577 1471 3659 1524 vel
3678 1471 3829 1524 Mar-

540 1566 799 1605 annorum
832 1549 1199 1624 Chrysostomi
1233 1552 1569 1607 eximendum
1616 1567 1831 1607 censeo.
1865 1553 1989 1607 Post
2013 1553 2126 1605 ilia-

542 1653 789 1697 conatum
822 1659 968 1713 ergo,
1014 1645 1290 1715 presbyter
1318 1643 1529 1707 deinde,
1567 1644 1708 1714 quod
1759 1643 1896 1697 inter
1940 1659 2125 1697 omnes

542 1734 812 1798 convenit,
832 1742 951 1803 post
979 1748 1147 1788 annos
1177 1733 1408 1804 quinque
1436 1750 1466 1787 a
1492 1734 1743 1788 Flaviano
1766 1733 1916 1803 (non,
1936 1743 1991 1786 ut
2014 1729 2126 1787 vult

544 1823 810 1888 Socrates,
847 1824 1089 1894 Evagrio,
1137 1823 1342 1879 Paulini
1373 1824 1724 1894 successore),
1764 1823 1905 1892 quod
1939 1834 2120 1892 postea

544 1918 911 1983 ostendemus,
951 1917 1227 1972 ordinatus
1253 1926 1353 1971 est.
1389 1917 1476 1971 Sic
1513 1917 1771 1970 habemus
1797 1932 1825 1968 a
1858 1916 2128 1969 nativitate

546 2014 771 2068 Joannis
797 2028 962 2084 usque
988 2013 1053 2067 ad
1080 2012 1290 2067 deserta
1332 2012 1501 2066 studia
1524 2010 1778 2080 juvenilia
1819 2022 2007 2070 annos,
2041 2024 2129 2062 se—

544 2110 776 2164 ‘eundum
809 2109 1244 2182 Chrysostomum
1275 2121 1466 2176 Ipsum,
1487 2104 1690 2173 viginti,
1711 2096 1815 2165 vel,
1835 2099 2129 2156 secundum

545 2200 702 2265 alios,
735 2201 1027 2255 octodecim
1066 2199 1244 2269 :apud
1289 2194 1554 2252 llicletium
1594 2210 1763 2251 annos
1789 2195 1954 2249 ferme
1990 2202 2129 2255 tres;

549 2291 672 2347 inde
699 2293 749 2345 in
780 2308 960 2347 eremo
984 2307 1152 2346 annos
1184 2292 1351 2346 ferme
1371 2307 1462 2345 sex
1498 2308 1512 2345 :
1541 2289 1591 2344 in
1621 2287 1828 2344 diaconi
1857 2288 2019 2358 gradu
2041 2303 2135 2340 an-

550 2398 648 2440 nos
679 2388 929 2456 quinque,
963 2395 1035 2454 et,
1060 2395 1308 2454 exempto
1336 2386 1423 2438 illo
1437 2384 1671 2438 Socratis
1699 2392 1754 2436 et
1778 2382 2133 2435 reeentiorum

553 2478 801 2540 triennio,
834 2478 886 2533 in
936 2476 1230 2548 presbyteri
1261 2478 1427 2545 gradu
1457 2489 1624 2529 annos
1652 2473 1957 2529 duodecim.
1984 2460 2135 2539 Quod

551 2572 596 2626 'si
626 2573 765 2640 pleni
808 2572 1007 2627 fuerint
1031 2571 1087 2625 iii
1116 2572 1262 2634 anni,
1296 2587 1398 2624 non
1436 2570 1550 2625 cavi
1591 2572 1681 2623 aut
1709 2568 1949 2624 labentes
1973 2566 2135 2637 (quod

560 2658 737 2732 potius
759 2678 899 2727 reor,
927 2662 978 2716 in
1006 2665 1160 2716 annis
1190 2663 1481 2732 praesertim
1509 2669 1631 2715 ante
1658 2660 2015 2725 diaconatum,
2043 2666 2141 2729 pro

556 2760 706 2807 more
746 2753 982 2807 omnium
1035 2753 1145 2808 fere
1187 2762 1462 2808 auctorum
1494 2766 1744 2807 numeros
1774 2765 1916 2821 Step0
1940 2765 2139 2820 augen-

563 2846 715 2911 tium,
743 2852 797 2898 et
821 2845 940 2914 quia
973 2844 1287 2899 vocabulum
1316 2843 1481 2898 ferme
1511 2844 1591 2898 bis
1619 2858 1646 2896 a
1676 2839 1908 2897 Palladio
1940 2840 2139 2909 repeti-

563 2926 673 2989 tum
701 2933 827 3006 est),
860 2950 888 2989 a
920 2936 1192 2989 nativitate
1226 2934 1292 2989 ad
1334 2934 1694 3004 episcopatum
1735 2933 1859 2987 anni
1886 2932 2141 2999 colligen-

565 3028 651 3079 tur
678 3025 767 3080 46.
797 3025 947 3093 Quod
978 3027 1019 3079 si
1048 3024 1183 3080 duos
1207 3040 1375 3079 annos
1403 3040 1521 3081 cum
1553 3023 1786 3079 Palladio
1805 3032 1860 3078 et
1881 3022 2145 3077 recentio-

567 3116 713 3170 ribus
733 3116 1007 3171 demamus
1031 3131 1094 3170 ex
1113 3116 1664 3186 studiisjuvenilibus;
1688 3124 1743 3169 et
1764 3128 1960 3168 annum
1980 3127 2143 3167 unum

564 3207 660 3275 pro
683 3206 772 3260 illo
803 3206 882 3261 bis
904 3206 1128 3275 repetito
1155 3204 1354 3270 ferme;
1381 3205 1509 3260 anni
1537 3212 1739 3259 tantum
1759 3212 1915 3258 erunt
1930 3204 2017 3258 45.
2043 3202 2149 3256 Re-

567 3293 707 3368 liqua
728 3298 980 3369 deinceps
1008 3312 1191 3368 prona,
1222 3298 1546 3368 epoclta-que
1564 3305 1745 3364 certm,
1765 3311 1871 3350 non
1886 3310 2144 3349 annorum

565 3378 790 3454 tantum,
814 3389 909 3443 sed
939 3396 993 3442 et
1016 3389 1278 3443 mensium
1314 3387 1694 3457 propemodum
1722 3397 1773 3441 et
1804 3385 2032 3441 dierum.
2062 3385 2147 3438 In-

565 3485 649 3534 ter
672 3494 858 3534 omnes
893 3479 1161 3544 convenit,
1206 3486 1312 3532 tam
1360 3487 1570 3532 veteres
1611 3493 1768 3547 quam
1799 3476 2146 3540 recentiores,

565 3559 825 3625 Joannem
860 3568 927 3623 ab
953 3567 1180 3623 Arcadio
1204 3569 1443 3638 Augusto
1478 3567 1779 3631 Antiochia,
1814 3567 1902 3621 ubi
1930 3565 2148 3637 presby-

569 3662 653 3715 ter
677 3660 793 3723 fuit,
833 3659 1059 3714 accitum
1104 3659 1156 3712 in
1201 3659 1330 3713 sella
1370 3659 1658 3728 episcopali
1691 3658 2152 3726 Constantinopoli

572 3756 826 3821 locatum,
847 3755 997 3809 Coss.
1025 3754 1261 3808 llonorio
1278 3755 1309 3807 4
1326 3764 1378 3807 et
1397 3753 1745 3824 Eutychiano,
1771 3751 1870 3805 hoc
1890 3760 1991 3815 est,
2013 3765 2153 3805 anno

569 3843 787 3912 Christi,
820 3856 878 3901 ut
906 3861 1005 3901 nos
1031 3861 1391 3906 numeramus,
1422 3845 1546 3910 598,
1594 3843 1865 3898 Februarii
1894 3842 1985 3907 26,
2025 3841 2155 3897 sede

572 3938 809 4017 urbeque
839 3938 1047 4008 pulsum
1070 3938 1159 4010 (de
1181 3938 1471 4007 posteriore
1492 3937 1680 3991 exsilio
1705 3937 1921 4006 loquor;
1948 3952 2067 3990 nam
2088 3936 2155 3990 de

573 4032 755 4100 priore‘
785 4041 968 4102 p05tea
1006 4031 1321 4102 videbimus)
1352 4030 1587 4086 lionorio
1628 4031 1681 4095 t3,
1727 4038 1781 4083 et
1833 4029 2155 4083 Aristamato

574 4118 753 4187 Cess.,
783 4123 870 4192 qui
896 4137 1067 4177 annus
1092 4132 1174 4177 cst
1212 4122 1423 4177 Domini
1449 4122 1574 4187 401,
1604 4122 1858 4175 vicesimo
1882 4121 1968 4174 die
1991 4120 2153 4185 Junii,

579 4216 717 4278 sive,
752 4224 809 4270 ut
833 4216 920 4269 alii
952 4218 1257 4286 loquuntur,
1292 4215 1525 4289 quinque
1554 4214 1745 4269 diebus
1775 4224 1894 4284 post
1918 4216 2157 4285 comple-

577 4315 683 4362 tam
712 4307 1085 4362 Pentecostcn.
1120 4308 1184 4361 Et
1211 4306 1425 4377 quidem
1452 4306 1661 4362 decimo
1703 4308 1857 4361 tertio
1906 4318 2020 4377 post
2050 4308 2157 4367 die.

578 4386 681 4454 hoc
706 4406 805 4465 cst,
836 4399 991 4454 tertio
1018 4398 1165 4467 Julii,
1194 4399 1314 4454 data
1346 4409 1425 4453 cst
1448 4399 1667 4455 Joannis
1696 4401 1859 4455 nostri
1887 4400 1952 4453 ad
1980 4400 2164 4469 Olym—

579 4491 785 4563 Ρῑτιὰιιηι
827 4492 1048 4562 epistola
1088 4507 1258 4556 nona;
1301 4499 1357 4546 et
1395 4491 1650 4561 postridie
1691 4492 1809 4561 ejus
1851 4491 1979 4555 dici,
2012 4504 2089 4543 se.
2126 4491 2164 4543 ὁ

577 4582 700 4638 Julii
739 4584 820 4638 vel
862 4582 1080 4640 Panemi
1119 4585 1339 4651 mensis,
1382 4584 1547 4639 altera
1580 4582 1648 4639 ad
1675 4575 2074 4638 Constantium.
2107 4579 2164 4635 in

585 4678 685 4730 hoc
711 4677 900 4731 exsilio
929 4676 1059 4731 vixit
1085 4676 1279 4731 Cucusi
1311 4691 1507 4730 annum
1537 4690 1721 4737 unum,
1755 4671 1991 4730 Arabissi
2017 4670 2168 4727 bien-

582 4766 750 4831 nium,
782 4766 1001 4835 reliquis
1025 4767 1298 4820 mensibus
1327 4767 1377 4821 in
1427 4768 1616 4824 itinere
1652 4766 1953 4838 Pityuntem
1980 4778 2168 4819 versus
2206 4828 2231 4847 κ

584 4857 933 4924 consumptis,
956 4872 1062 4926 qtto
1080 4866 1252 4910 tamen
1273 4873 1375 4911 non
1397 4860 1657 4926 pervenit,-
1681 4869 1853 4914 morte
1870 4866 2169 4929 pra-ventus

586 4946 858 5012 Comanis,
892 4945 1128 5001 llonorio
1154 4947 1183 5001 7
1219 4958 1271 5001 et
1309 4947 1608 5001 Theodosio
1636 4948 1824 5002 iterum
1855 4950 2031 5015 Coss.,
2070 4949 2171 5004 hoc

591 5048 694 5107 cst,
724 5054 864 5094 anno
889 5037 1085 5095 Christi
1113 5039 1215 5095 407
1248 5058 1261 5096 :
1291 5038 1434 5109 quod
1461 5042 1597 5094 inter
1624 5055 1812 5096 omnes
1836 5048 2064 5096 constat.
2097 5042 2171 5097 De

590 5147 781 5187 mense
818 5131 1176 5186 contraversia
1204 5139 1289 5187 est
1319 5148 1330 5184 :
1364 5129 1611 5186 Socrates
1649 5129 1737 5185 die
1773 5132 1833 5185 14
1861 5129 2174 5186 Novembris

592 5225 788 5280 abiisse
817 5225 1001 5279 scribit
1050 5241 1064 5278 :
1115 5223 1398 5296 Georgius,
1439 5232 1495 5279 et
1531 5232 1649 5294 post
1686 5239 1805 5279 eum
1848 5226 2173 5282 recentiores

592 5324 869 5380 otnnes,et
895 5315 1288 5386 Calendarium,
1323 5326 1382 5372 ut
1408 5316 1633 5385 videtur,
1667 5316 1962 5372 Romanum
1998 5317 2085 5373 die
2111 5319 2175 5374 li

592 5410 949 5481 Septembris,
998 5413 1113 5482 ipso
1141 5411 1477 5467 exaltationis
1514 5410 1571 5467 S.
1604 5411 1794 5467 Crueis
1819 5411 1925 5468 die.
1956 5411 2096 5479 Quin
2124 5422 2175 5466 et

595 5502 737 5572 apud
766 5501 1038 5557 Socratem
1069 5503 1400 5571 Septembris
1435 5502 1714 5574 legendum
1743 5519 1860 5558 esse
1876 5511 2084 5558 constat
2110 5518 2174 5558 ex

602 5595 766 5651 H'tet'i
820 5595 978 5650 latina
1027 5596 1462 5665 interpretatione
1497 5596 1549 5650 in
1589 5590 1893 5652 Cassiodori
1945 5594 2174 5650 llistoria

597 5678 860 5759 iripartita
895 5688 985 5743 lib.
1020 5688 1106 5753 l0,
1136 5705 1183 5741 c.
1220 5689 1303 5742 t8.
1340 5687 1410 5741 ita
1451 5686 1518 5742 ab
1561 5687 1711 5743 initio
1751 5688 2085 5760 episcopatus
2111 5687 2176 5743 ad

2233 1563 2326 1616 tio.
2376 1562 2491 1616 Jam
2551 1562 2798 1630 reliquias
2849 1560 3217 1631 Chrysostomi
3263 1560 3413 1630 jussu
3473 1551 3829 1630 imperatorii

2232 1654 2518 1709 T’hco‘dosii
2553 1654 2800 1727 junioris,
2836 1662 2891 1707 ct
2919 1668 3077 1706 suasu
3111 1652 3302 1716 Procli,
3338 1662 3447 1705 tum
3490 1652 3725 1721 episcopi
3748 1650 3821 1706 C.

2233 1730 2315 1810 l’.,
2350 1747 2598 1801 Cumanis
2626 1747 2675 1798 in
2709 1746 2891 1799 urbem
2926 1761 2965 1797 τι
2985 1746 3121 1814 giam
3148 1736 3453 1813 (lepor-tatas
3477 1753 3526 1797 et
3558 1743 3610 1796 in
3638 1727 3830 1796 basili-

2232 1852 2347 1892 cam
2379 1837 2472 1892 SS.
2506 1838 2881 1906 Apostolorum
2913 1837 3081 1889 illatas
3120 1851 3183 1888 ex
3224 1833 3493 1888 Theodor.
3528 1834 3619 1887 lib.
3665 1834 3721 1895 5,
3765 1820 3828 1887 ὁ.

2236 1931 2324 1992 56,
2358 1939 2409 1983 ct
2436 1929 2590 1982 Socr.
2624 1930 2710 1981 lib.
2739 1931 2789 1994 7,
2815 1945 2861 1982 c.
2892 1929 2979 1983 iii.
3003 1937 3231 1992 constat,
3264 1925 3567 1980 Theodosio
3604 1925 3664 1979 i6
3685 1939 3830 1995 con—

2238 2022 2372 2082 sulc,
2408 2020 2507 2074 hoc
2539 2031 2619 2074 est
2661 2036 2802 2074 anno
2830 2019 3026 2073 Christi
3065 2017 3188 2080 458,
3220 2016 3453 2072 Januarii
3484 2016 3552 2069 27
3575 2015 3664 2069 die
3705 2031 3720 2066 :
3768 2014 3830 2068 ιιι

2237 2123 2342 2178 est,
2392 2114 2508 2182 post
2548 2113 2789 2165 exsilium
2833 2112 3092 2179 posterius
3135 2110 3287 2162 annis
3322 2109 3412 2172 5'5,
3452 2106 3724 2160 mensibus
3751 2105 3829 2168 εξ

2239 2202 2352 2273 post
2389 2197 2612 2259 mortem
2642 2204 2795 2259 annis
2819 2203 2906 2269 50,
2935 2202 3209 2256 mensibus
3229 2202 3263 2256 '5
3290 2201 3371 2254 vel
3394 2200 3446 2254 5.
3469 2193 3688 2253 Cosmas
3713 2192 3794 2252 ve
3814 2228 3834 2240 ο

2241 2296 2415 2359 stitor,
2464 2305 2575 2364 post
2614 2296 2819 2365 triginm
2860 2304 2906 2347 et
2944 2304 3042 2347 tres
3067 2309 3246 2346 annos.
3277 2278 3523 2347 Socrates
3552 2290 3644 2343 lib.
3673 2289 3727 2353 7,
3771 2296 3832 2365 c'.

2241 2389 2329 2450 liii,
2380 2388 2595 2441 notabili
2639 2380 3027 2451 inconstantiaj
3058 2386 3308 2455 trigesimo
3337 2384 3506 2452 quinto
3552 2378 3686 2434 anno
3714 2364 3842 2449 post

2243 2479 2496 2539 exsilium,
2526 2489 2579 2531 et
2609 2474 2835 2546 septimo
2861 2489 2979 2546 post
3005 2492 3179 2540 versu,
3212 2475 3462 2545 trigesimo
3490 2472 3663 2541 quinto
3691 2475 3843 2523 anno

2244 2582 2353 2643 post
2377 2572 2584 2636 obitum,
2608 2587 2728 2625 cum
2758 2571 2894 2625 inter
2918 2570 3034 2624 lure
3059 2569 3168 2623 duo
3201 2567 3483 2622 triennium
3512 2565 3847 2619 intercesse-

2244 2667 2332 2732 rit,
2362 2676 2415 2720 et
2458 2665 2660 2734 aliquot
2687 2678 2915 2717 meltSt‘S.
2949 2663 3124 2732 Atque
3154 2660 3269 2714 haec
3309 2654 3420 2713 fere
3448 2664 3589 2718 sunt,
3623 2656 3677 2709 in
3707 2652 3845 2725 qni-3-

2246 2759 2346 2813 bus
2369 2763 2632 2825 tempora,
2652 2765 2705 2810 et
2729 2765 3021 2825 temporum
3044 2767 3205 2823 prope
3228 2758 3491 2805 momenta
3511 2765 3576 2803 ex
3598 2746 3846 2800 historiis

2250 2858 2435 2903 notare
2465 2846 2607 2901 licet.
2635 2846 2854 2915 Reliqua
2898 2846 2996 2898 late
3038 2842 3123 2895 vel
3165 2840 3512 2909 argumentis,
3558 2838 3643 2892 vel
3669 2837 3846 2892 etiam

2246 2930 2567 3008 c‘oujecturis
2594 2936 2909 3006 colligenda.
2951 2936 3027 2988 Ac
3071 2934 3328 3002 primum,
3372 2930 3660 2998 Eutropius
3696 2923 3848 2981 iratli

2247 3029 2454 3102 fugiens
2474 3032 2642 3099 Augg.
2667 3028 2731 3081 ad
2755 3028 3031 3082 ecclesiam
3064 3025 3213 3101 fugit,
3252 3038 3309 3077 se
3337 3021 3556 3076 consule
3576 3031 3631 3075 et
3657 3020 3849 3087 Theo-

2250 3122 2403 3186 doro,
2446 3121 2549 3176 hoc
2587 3129 2689 3185 est,
2733 3134 2873 3174 anno
2917 3117 3114 3172 Christi
3161 3114 3283 3181 599,
3320 3113 3481 3168 homo
3508 3126 3614 3166 non
3658 3105 3847 3164 solani

2249 3213 2619 3280 Christianus,
2671 3211 2765 3267 sed
2818 3212 2977 3265 etiam
3025 3208 3383 3269 orthodoxus;
3435 3214 3493 3258 ut
3542 3203 3630 3273 qui
3671 3200 3850 3255 libros

2253 3307 2499 3362 Eunomii
2531 3303 2924 3369 hatresiarcliaz,
2943 3302 3030 3372 qui
3048 3302 3230 3355 Arium
3256 3300 3426 3370 ipsum
3451 3297 3716 3365 impietate
3747 3308 3849 3347 su-

2254 3395 2479 3469 peravit,
2517 3398 2723 3467 publice
2766 3395 2926 3465 juSsit
2954 3392 3201 3457 cremari,
3244 3391 3573 3457 cadavcrqne
3589 3385 3701 3456 ejus
3744 3388 3849 3438 ex;

2256 3499 2481 3544 tractum
2531 3488 2739 3558 projici.
2779 3485 3003 3556 Nieeph.
3052 3485 3144 3538 lib.
3178 3485 3265 3549 1'5,
3294 3498 3344 3537 c.
3391 3483 3441 3547 1,
3485 3479 3848 3534 Asiaticorum

2256 3583 2625 3651 episc0p0rum
2650 3580 2921 3649 negotium
2937 3585 3170 3646 emptum
3193 3583 3274 3629 est
3295 3572 3510 3629 tractari
3530 3576 3607 3625 ἔπι
3627 3572 3851 3641 τρισκαιέ

2258 3677 2453 3733 δεκάτης
2476 3677 2817 3737 immanium;
2834 3712 2845 3731 ,
2870 3668 2970 3721 hoc
2996 3677 3098 3732 est,
3128 3665 3414 3721 indictione
3440 3663 3566 3733 (non
3592 3659 3852 3714 distribuo'

2260 3765 2423 3827 tione,
2450 3773 2507 3816 ut
2533 3763 2670 3817 male
2700 3763 2964 3829 interpres
2990 3759 3208 3814 Palladii
3238 3768 3295 3811 et
3339 3755 3473 3825 alii),
3515 3755 3664 3809 tertia
3695 3752 3853 3806 deci‘.

2259 3874 2380 3921 ma,
2426 3856 2461 3908 i.
2503 3870 2554 3910 e.
2596 3872 2735 3908 anno
2764 3852 2974 3907 Domini
3016 3851 3150 3916 400,
3194 3850 3507 3919 duravitque
3550 3847 3851 3908 biennium;

2263 3955 2398 4003 teste
2424 3945 2682 4010 Palladio;
2714 3945 2814 4000 ho'e
2841 3954 2942 4009 est,
2971 3957 3139 4013 nSque
3166 3942 3230 3995 ad
3264 3941 3422 3994 finem
3453 3940 3576 3994 anui
3607 3938 3728 4001 401,
3762 3932 3852 3992 vel

2262 4041 2421 4102 etiam
2458 4037 2663 4092 initium
2688 4036 2813 4090 602.
2845 4037 2916 4089 De
2941 4045 3182 4103 tempore
3213 4033 3403 4103 prioris
3432 4030 3604 4084 eXsilii
3633 4044 3737 4082 non
3768 4026 3858 4083 est

2264 4128 2398 4184 adeo
2427 4128 2663 4200 proclive
2695 4127 2915 4181 definire
2939 4144 2955 4181 :
2984 4141 3148 4193 quare
3177 4124 3528 4194 argumentis,
3558 4130 3615 4176 ut
3634 4121 3765 4184 dixi,
3800 4108 3859 4175 ei

2265 4219 2610 4287 conjecturis,
2652 4217 2792 4287 quod
2824 4218 3136 4287 poterimus,
3178 4214 3441 4270 elicienda
3468 4213 3682 4269 veritas.
3726 4212 3859 4269 Post

2268 4311 2337 4364 i9.
2389 4312 2546 4364 horas
2569 4325 2598 4364 a
2627 4310 2796 4378 prima
2827 4306 3138 4378 expulsione
3182 4308 3363 4376 (quam
3411 4304 3631 4360 meridie
3660 4302 3856 4357 factam

2270 4403 2428 4458 tradit
2470 4402 2718 4457 Socrates
2760 4408 2814 4456 et
2843 4402 2928 4456 alii
2955 4390 3023 4454 ad
3047 4406 3303 4467 vesperam
3338 4410 3631 4462 extrenmm,
3677 4394 3859 4467 Chry-

2270 4495 2492 4550 sostomi
2523 4496 2687 4562 ipsius
2713 4493 2939 4562 epistola
2987 4490 3051 4545 ad
3081 4487 3487 4557 innocentium).
3513 4487 3665 4557 jussu
3686 4482 3860 4554 impe-

2271 4597 2505 4641 ratorum
2525 4594 2802 4641 revoeatus
2823 4584 3056 4638 Joannes
3087 4583 3185 4653 (sic
3212 4578 3523 4650 Palladius),
3557 4592 3861 4648 paucosque

2274 4687 2388 4748 post
2417 4677 2553 4744 dies,
2577 4676 2772 4730 invitus
2801 4674 2928 4730 licet
2947 4674 3273 4740 mullumque
3295 4670 3551 4733 renitens,
3570 4670 3625 4722 in
3657 4667 3855 4722 throno

2276 4770 2500 4836 locatus,
2542 4769 2854 4826 concionem
2900 4766 3082 4821 habuit
3118 4763 3254 4834 apud
3284 4762 3536 4834 populum
3565 4776 3708 4827 eam,
3740 4776 3861 4830 qua:

2274 4870 2450 4916 exstat
2488 4862 2541 4915 in
2593 4861 2696 4914 line
2744 4858 2986 4928 Georgii,
3034 4857 3157 4911 Cum
3205 4857 3420 4911 Sarram
3461 4855 3524 4907 ab
3571 4852 3861 4916 libra/iani;

2278 4953 2575 5024 Tbeophilo
2602 4952 2775 5007 adhuc
2801 4952 2865 5005 ad
2919 4950 3103 5003 urbem
3150 4959 3421 5013 manente,
3459 4960 3631 5015 neque
3656 4943 3863 4999 hiscere

2279 5053 2462 5101 contra
2502 5043 2749 5099 audente.
2796 5042 3008 5096 Sozam.
3052 5040 3145 5095 lib.
3177 5038 3231 5102 8,
3281 5054 3330 5091 e.
3387 5036 3453 5092 18
3484 5055 3497 5091 :
3526 5039 3754 5104 cutnqtt'c
3795 5035 3866 5087 lib

2276 5135 2532 5206 judicium
2578 5131 2871 5187 Heraclidae
2916 5132 3169 5200 episcopo
3216 5128 3485 5198 Ephesino
3524 5124 3729 5181 absenti
3774 5138 3865 5192 per

2284 5225 2564 5296 Theophili
2619 5223 2904 5280 factionem
2954 5225 3291 5286 intentatum,
3319 5220 3655 5275 velitationes
3683 5215 3864 5271 ﬁerent

2285 5321 2337 5374 in
2352 5318 2482 5374 urbe
2497 5316 2698 5373 crebrre
2713 5317 2851 5371 inter
2864 5312 3484 5382 Constantinopolitanos
3500 5317 3551 5365 et
3566 5297 3865 5379 Egyptios,

2284 5413 2356 5465 ita
2375 5420 2430 5465 ut
2449 5409 2593 5463 multi
2606 5406 2854 5463 vulnerati
2872 5407 2992 5471 sint,
3012 5404 3247 5459 nonnulli
3267 5419 3378 5457 vero
3395 5401 3567 5465 occisi;
3583 5405 3869 5467 qutnreret-

2286 5518 2389 5574 que
2408 5499 2761 5569 Theophilum
2776 5498 2962 5552 civitas
2985 5498 3033 5549 ia
3055 5510 3201 5550 mare
3217 5493 3546 5564 prrccipitare
3560 5507 3574 5556 ;
3589 5488 3690 5543 sibi
3704 5495 3872 5543 metu-

2287 5611 2383 5649 ens
2403 5590 2730 5661 TlteOpbilus
2749 5589 2876 5658 fugit
2893 5588 2944 5641 in
2967 5586 3277 5657 Egyptum,
3294 5585 3398 5651 iam
3411 5576 3867 5648 Itimteincipicnte,

2292 5685 2460 5755 inquit
2482 5682 2835 5747 Sozomenus,
2855 5688 2909 5733 et
2935 5676 3262 5747 Nicephorus
3284 5674 3377 5728 lib.
3404 5673 3490 5738 l3,
3513 5686 3561 5726 c.
3596 5672 3683 5737 i7,
3712 5670 3869 5723 adeo-
