4038 6154
284 361 408 404 XXI)‘

284 477 396 533 que
425 459 571 514 diem
597 455 761 525 ipsius
788 452 988 523 reditus
1007 451 1075 508 ab
1100 454 1294 508 exsilio
1311 451 1542 509 Joannes
1571 455 1876 526 Anonymns

286 568 415 622 cap.
450 549 572 614 too,
601 544 985 615 Metaphrastes
1017 558 1136 614 cap.
1162 545 1250 608 56,
1283 556 1339 599 et
1370 544 1666 614 Menologia
1696 544 1879 599 Graeca

286 649 502 719 ponunt
527 641 594 695 15
615 637 968 693 Novembris:
991 651 1149 706 quem
1179 636 1322 691 diem
1348 650 1514 705 USqlte
1540 636 1605 689 ad
1635 650 1727 690 sua
1749 645 1882 691 tem-

287 749 421 806 pora
451 747 548 804 pro
577 731 713 786 festo
738 730 996 785 celebrari
1029 727 1488 798 Constantinopoli
1528 729 1712 783 scribit
1738 728 1877 783 idem

285 829 606 896 Anonymus
628 833 685 878 et
708 820 1119 891 Metaphrastes,
1150 827 1205 875 et
1230 819 1462 874 indicant
1486 819 1669 874 Graeca
1693 819 1875 874 Meno-

282 917 446 989 logia.
478 916 613 972 Cum
647 917 825 984 itaque
852 929 914 967 ex
939 912 1128 967 horum
1155 912 1613 967 consentientibus
1638 913 1876 966 testimo-

284 1013 393 1066 niis
436 1024 623 1065 mense
669 1006 953 1062 Novembri
984 1004 1211 1059 redierit
1252 1004 1319 1059 ab
1362 1003 1584 1070 exsilio,
1630 1004 1697 1058 de
1736 1019 1876 1058 anno

287 1102 548 1170 deinceps
590 1097 968 1169 qumrendum,
1014 1103 1188 1149 utrum
1231 1093 1513 1149 Novembri
1561 1108 1703 1147 anno
1745 1094 1872 1161 405,

287 1191 599 1247 Theodosio
622 1198 678 1244 et
698 1187 996 1243 Rumorido
1023 1184 1199 1252 Coss.,
1228 1200 1295 1239 an
1318 1184 1600 1241 Novembri
1630 1184 1753 1251 402,
1777 1187 1881 1239 Ar-

280 1280 441 1338 cadio
465 1282 499 1337 5
523 1290 577 1335 et
594 1280 835 1335 Honorio
857 1279 911 1345 5,
936 1277 1173 1332 redierit.
1204 1278 1351 1344 Dico,
1376 1276 1622 1346 clareque
1641 1291 1874 1347 pronun-

286 1374 386 1438 tio,
417 1373 470 1426 in
498 1369 853 1425 Novembrem
880 1381 1023 1422 anno
1063 1367 1171 1421 405
1198 1366 1421 1421 reditum
1454 1367 1571 1436 ejus
1596 1367 1665 1421 ab
1689 1366 1875 1421 exsilio

280 1464 479 1519 cadere
508 1476 613 1516 non
655 1461 925 1529 potuisse;
958 1456 1201 1528 quamvis
1227 1456 1382 1512 Card.
1413 1456 1674 1510 Baronius
1702 1466 1753 1511 et
1786 1456 1873 1511 alii

282 1568 352 1609 eo
400 1567 543 1608 anno
585 1552 782 1607 locent.
815 1549 1105 1619 Gregorius
1134 1563 1251 1617 cap.
1281 1548 1350 1603 55
1378 1565 1390 1601 :
1416 1546 1648 1616 Dumque
1674 1546 1749 1600 illi
1779 1548 1871 1612 sic,

283 1645 472 1716 inquit,
492 1644 582 1697 alii
597 1643 701 1696 alia
723 1641 1021 1696 molirentur
1046 1639 1272 1708 (scilicet
1297 1638 1347 1692 in
1370 1638 1607 1693 seCundo
1647 1638 1872 1693 concilio

280 1746 472 1790 contra
501 1731 811 1803 Joannem),
843 1731 1154 1784 transierunt
1202 1744 1395 1783 menses
1438 1744 1614 1783 novent
1654 1727 1868 1797 (decem,

285 1827 459 1895 inquit
490 1825 601 1881 Leo
620 1810 757 1893 'lmp.
783 1838 898 1892 cap.
936 1821 1028 1876 26.
1059 1816 1326 1875 Palladius
1352 1829 1636 1889 utrumque
1663 1819 1868 1889 ponit);

295 1928 471 1971 aluero
508 1916 772 1987 festivitate
815 1913 1057 1967 natalium
1097 1911 1378 1967 Saluatoris
1417 1911 1734 1975 adveniente,
1765 1919 1869 1966 etc.

276 2007 361 2064 Ex
390 2007 589 2077 quibus
633 2004 813 2060 verbis
854 2010 1074 2074 apparet
1121 2017 1263 2055 anno
1292 2001 1396 2056 405
1432 2013 1664 2072 coeptum
1711 2003 1872 2057 luisse

275 2098 571 2153 secundum
590 2105 773 2152 contra
794 2094 1057 2149 Joannem
1076 2091 1487 2147 conciliabulum
1506 2108 1692 2149 mense
1712 2094 1869 2163 Apri-

275 2189 312 2244 li
344 2207 358 2241 :
392 2198 449 2242 ut
470 2202 694 2242 necesse
719 2186 790 2240 sit
818 2186 965 2255 prius
984 2184 1227 2238 exsilium
1274 2184 1324 2238 in
1348 2182 1702 2239 Novembrcm
1728 2199 1871 2239 anno

278 2279 392 2333 409.
419 2277 677 2340 incidere,
707 2291 827 2330 cum
850 2276 902 2329 in
935 2274 1215 2329 Novembri
1250 2289 1392 2327 anno
1417 2274 1524 2327 406
1548 2274 1741 2349 cadere
1764 2290 1867 2328 non

282 2370 535 2440 potuerit.
564 2367 716 2436 Quod
734 2367 883 2423 sicui
910 2365 1121 2435 Georgii
1150 2367 1279 2419 levis
1297 2363 1537 2419 videatur
1558 2367 1865 2431 auctoritas,

277 2463 468 2517 credat
492 2462 683 2516 saltem
716 2458 972 2521 Palladio,
1009 2459 1126 2512 testi
1157 2458 1258 2526 [ide
1303 2457 1543 2527 diguiori,
1571 2457 1637 2513 de
1680 2459 1866 2512 eadem

278 2570 338 2610 re
382 2568 518 2624 pene
559 2552 746 2608 eadem
793 2550 1049 2620 loquenti.
1094 2548 1265 2616 Quid,
1291 2549 1530 2618 inquies,
1562 2558 1736 2603 actum
1784 2552 1867 2602 in-

278 2646 465 2701 terra?
493 2642 837 2714 Respondeo,
866 2641 1127 2696 Joannem
1173 2650 1289 2710 post
1334 2641 1477 2710 prius
1507 2642 1739 2695 exsilium
1776 2658 1869 2711 per

278 2737 494 2809 aliquod
528 2748 736 2806 tempus
759 2735 1051 2805 quievisse.
1104 2735 1156 2789 in
1198 2748 1493 2804 magnaque
1538 2733 1698 2789 fuisse
1729 2736 1864 2803 apud

284 2830 584 2885 Eudoxiam
626 2827 818 2898 gratia,
865 2826 1061 2896 quippe
1086 2824 1290 2895 magnis
1318 2824 1385 2878 ab
1415 2825 1529 2893 ipso
1562 2824 1866 2879 decoratam

284 2916 532 2976 laudibus
553 2921 604 2973 in
627 2920 870 2975 oratione
894 2932 1052 2987 supra
1094 2926 1384 2971 memorata
1425 2916 1489 2968 ad
1516 2916 1670 2969 tinem
1697 2916 1864 2971 Geor-

281 3014 375 3083 gii.
423 3012 599 3067 Testis
639 3010 778 3065 idem
818 3008 1104 3072 Palladius,
1146 3007 1297 3076 cujus
1339 3007 1498 3061 verba
1540 3014 1708 3061 sunt:
1743 3006 1871 3062 l’ost

281 3103 420 3157 duos
460 3103 653 3156 iterum
686 3112 901 3154 menses
929 3114 957 3151 a
989 3098 1139 3168 plaga
1180 3097 1375 3152 inﬂicta
1405 3097 1547 3169 (fuga
1585 3112 1660 3152 sc.
1690 3097 1867 3152 Theo-

282 3194 415 3264 phili
445 3201 501 3248 et
530 3191 899 3262 Egyptiornm
930 3187 1326 3260 episcoporum)
1356 3189 1565 3245 modice
1601 3189 1871 3258 respiran-

287 3297 373 3341 tes
405 3286 634 3358 (inimici
661 3283 901 3354 Joannis)
931 3281 1166 3337 secundo
1193 3281 1447 3335 adversus
1472 3280 1730 3335 Joannem
1761 3280 1866 3334 fre-

283 3388 438 3433 munt
469 3395 483 3430 :
516 3377 616 3431 hoc
651 3383 754 3442 est,
787 3375 933 3444 quasi
963 3388 1147 3427 mense
1181 3371 1599 3428 Januario'anno
1623 3371 1747 3435 405,
1779 3387 1872 3439 per

284 3473 625 3524 occasionem
649 3476 836 3521 statuae
861 3472 1129 3536 argentea:
1154 3460 1773 3533 lmperatrieisclttamidt
1794 3464 1875 3517 in-

285 3563 448 3626 dutae,
493 3575 652 3630 supra
685 3559 1118 3629 porphyreticam
1145 3556 1445 3611 columnam
1474 3557 1681 3626 positae.
1711 3553 1872 3624 Cujus

288 3656 366 3709 rei
408 3652 764 3708 meminerunt
804 3651 904 3705 hoc
946 3666 1088 3704 anno
1134 3634 1437 3704 Theodosio
1478 3660 1531 3702 et
1579 3648 1872 3703 Ruinorido

284 3747 465 3812 Cass,
507 3755 707 3816 pra-ter
733 3746 1006 3800 Socratem
1040 3744 1131 3799 lib.
1160 3743 1214 3810 6,
1257 3760 1305 3798 c.
1335 3744 1423 3809 l8,
1454 3742 1687 3813 Prosper
1706 3743 1873 3812 Aqui-

287 3838 517 3898 tanicus,
542 3848 593 3891 et
641 3836 979 3891 M.-.rcellintts
1007 3834 1198 3890 Comes
1220 3835 1270 3888 in
1299 3833 1598 3889 Chronieis.
1634 3834 1710 3888 Ad
1740 3834 1875 3888 hanc

284 3936 543 3992 statuam,
570 3925 700 3996 ipsis
731 3924 959 3981 fortasse
990 3924 1240 3980 Kalendis
1260 3924 1515 3987 Januarii,
1542 3925 1629 3994 qui
1660 3923 1775 3978 dies
1794 3932 1876 3977 est

284 4019 550 4073 solemnis
574 4017 698 4071 anni
730 4016 954 4071 Romani
987 4015 1754 4086 incipientis,dedicatameum
1781 4031 1875 4081 pu-

285 4108 408 4161 blici
435 4109 627 4162 tierent
671 4106 779 4160 ludi
806 4106 1127 4170 etcborem;
1172 4107 1335 4159 iratus
1371 4105 1603 4160 Joannes
1642 4105 1873 4174 linguam

285 4207 473 4252 contra
502 4212 619 4261 eos,
644 4197 734 4266 qui
765 4196 905 4251 ludis
929 4196 1012 4251 bis
1039 4197 1380 4258 interessent,
1401 4200 1560 4250 acuit.
1590 4196 1701 4261 Qua
1723 4210 1877 4250 occa-

282 4288 442 4346 sione
470 4288 595 4343 freti
623 4287 844 4342 Joannis
872 4287 1092 4353 inimici,
1121 4290 1209 4357 qui
1232 4288 1407 4342 adhuc
1434 4289 1484 4341 in
1514 4288 1664 4353 urbe,
1684 4292 1879 4355 printer

291 4378 600 4451 Egyptios,
630 4380 875 4445 aderant,
920 4380 1204 4450 inStigantc
1246 4382 1500 4450 Augusta,
1548 4380 1875 4435 clandestina

288 4472 590 4527 moliuntur
630 4481 815 4528 contra
858 4472 1031 4542 ipsum
1070 4472 1324 4539 consilia;
1368 4487 1534 4544 reque
1583 4473 1878 4543 Theophilo

287 4563 499 4618 absenti
529 4577 627 4631 per
652 4563 867 4618 nuntios
891 4572 946 4618 et
971 4562 1156 4618 literas
1179 4564 1589 4629 communicata,
1623 4564 1879 4633 incipien-

290 4663 366 4719 te,
396 4662 455 4707 ut
482 4660 633 4721 puto,
658 4652 828 4722 Aprili
874 4652 1154 4709 concilium
1185 4654 1475 4709 secundum
1505 4661 1688 4708 contra
1713 4654 1877 4708 Joan-
1916 4676 1921 4681 -

289 4754 413 4798 nem
442 4751 680 4811 cogunt:
713 4744 853 4813 quod
882 4744 1048 4798 variis
1089 4743 1157 4798 de
1184 4744 1359 4798 causis
1384 4758 1554 4812 usque
1583 4743 1649 4797 ad
1672 4742 1878 4797 Natali-

290 4839 365 4890 tia
389 4837 637 4904 proxime
676 4835 953 4904 sequentia
981 4843 1298 4897 extractum,
1338 4843 1393 4888 et
1424 4832 1618 4888 deinde
1642 4831 1710 4887 ad
1735 4833 1879 4899 Quas

289 4928 648 4998 ilragesimam
675 4940 817 4981 anno
837 4926 957 4992 404,
981 4936 1032 4981 et
1054 4925 1120 4980 ad
1148 4925 1349 4980 Pascha
1370 4933 1492 4995 post
1515 4925 1746 4994 quinque
1766 4924 1880 4980 dies
1899 4968 1909 4977 .

291 5035 322 5070 a
354 5018 617 5088 completa
650 5018 967 5073 Pentecoste
994 5017 1187 5072 Joanni
1228 5027 1411 5071 nostro
1455 5030 1612 5070 causa
1660 5015 1879 5071 secundi

293 5107 469 5161 exsilii
497 5104 621 5175 fuit,
650 5120 793 5162 anno
820 5108 1046 5176 integro,
1074 5116 1278 5175 septem
1312 5107 1583 5162 mensibus
1601 5116 1655 5162 et
1675 5116 1882 5176 septem

294 5197 484 5253 diebus
510 5209 632 5270 post
657 5198 883 5254 reditum
908 5198 976 5253 ab
996 5199 1183 5253 exsilio
1203 5192 1405 5269 priore.
1429 5199 1602 5267 Atque
1631 5198 1743 5253 lucc
1764 5214 1878 5254 mea

296 5297 386 5343 est
413 5289 479 5345 de
511 5299 757 5358 tempore
785 5288 976 5360 prioris
996 5290 1165 5343 exsilii
1193 5288 1476 5343 sententia.
1503 5288 1685 5359 Neque
1706 5290 1885 5344 obstat

293 5379 435 5449 quod
468 5374 846 5436 Theodoretus
867 5381 960 5435 lib.
988 5381 1042 5445 5,
1069 5394 1120 5435 e.
1151 5381 1241 5447 54,
1268 5381 1363 5445 ait,
1398 5379 1584 5434 Paucis
1609 5382 1883 5449 interiectis

297 5472 549 5526 mensibus
590 5472 807 5543 (nempe
846 5487 875 5526 a
918 5470 1148 5537 reditu),
1196 5476 1481 5543 congregati
1523 5483 1642 5527 sunt
1666 5474 1882 5534 iterum.

296 5581 566 5637 plenasque
594 5565 912 5637 requirebant
945 5581 1036 5635 pro
1066 5565 1281 5618 emunita
1317 5574 1425 5633 post
1446 5564 1696 5619 decretum
1722 5566 1887 5620 exilii

295 5656 592 5711 ministerio.
620 5657 760 5712 Nam
804 5665 925 5725 post
965 5656 1198 5725 quinque
1234 5670 1443 5710 menses
1487 5665 1541 5711 et
1588 5656 1744 5726 paulo
1782 5657 1884 5711 mi-

298 5763 395 5805 nus
416 5791 432 5818 ,
462 5759 763 5822 coegerunt
784 5747 1095 5813 concilium;
1123 5744 1267 5817 quod
1293 5746 1497 5801 duravit
1528 5756 1710 5817 postea
1741 5763 1890 5803 men-

1235 322 1321 391 on
1358 322 1847 398 SCRIPTORIBUS
1887 325 2123 397 annos]
2161 323 2646 403 uttRi‘SOS'tOitl.

3465 376 3567 419 XX)!

1992 470 2076 508 ses
2101 456 2181 509 l-l.
2227 456 2406 527 Neque
2434 464 2622 514 mirum
2649 476 2734 531 ea,
2757 459 2875 534 qua:
2897 456 3225 535 sesquianno
3252 462 3398 540 gesta
3427 486 3570 538 sunt,

1988 546 2157 599 tribus
2203 561 2336 615 pene
2381 550 2556 604 verbis
2593 566 2621 604 a
2663 551 2999 609 Theodoreto
3038 558 3279 624 narrari,
3319 562 3410 630 qui
3447 568 3569 617 stri-

1985 637 2114 690 ctim
2147 647 2196 692 et
2231 640 2415 694 timide
2445 651 2609 696 totum
2655 642 2754 699 hoc
2790 647 2999 717 attingit
3044 651 3333 719 negotium,
3362 653 3429 707 iis
3454 654 3571 723 per;

1985 734 2163 782 motus
2189 731 2517 799 ratiooibus,
2561 748 2677 802 qum
2717 734 2769 788 in
2802 736 3060 806 principio
3108 739 3233 794 dicti
3273 743 3461 811 rapitis
3503 736 3571 802 54

1984 816 2298 873 all'eruntur.
2344 821 2655 893 Anonyiuus
2686 837 2715 876 a
2753 823 2924 879 reditu
2963 824 3029 879 ad
3075 824 3276 883 Pascha
3315 842 3440 886 ante
3477 847 3569 886 sea

1979 908 2211 961 cundum
2259 909 2503 964 exsilium
2549 911 2916 968 intercessisse
2959 915 3144 970 scribit
3188 921 3377 972 annuat
3435 921 3566 973 inte-
3630 904 3633 909 ί

1978 1014 2148 1072 grum;
2165 1003 2241 1058 sic
2265 1005 2421 1058 etiam
2446 1005 2830 1074 Metaphrastes
2851 1025 2865 1060 :
2883 1007 2973 1078 qui
2994 1023 3163 1063 annus
3190 1011 3394 1079 integer
3421 1018 3565 1068 uicti-

1980 1093 2117 1149 sium
2143 1111 2361 1150 necesse
2386 1106 2468 1152 est
2484 1098 2643 1153 fuerit
2661 1099 2747 1163 17,
2772 1114 2891 1155 cum
2910 1110 3132 1172 uterque
3148 1102 3233 1158 die
3258 1105 3322 1159 l3
3340 1105 3561 1161 N'o‘vein-

1978 1183 2089 1240 bris
2118 1187 2339 1243 rediisse
2368 1189 2585 1244 scribat.

2054 1296 2073 1329 ι
2110 1278 2364 1349 Expedita
2383 1297 2641 1337 annorum
2658 1283 3022 1355 Chrysostomi
3042 1300 3158 1340 com
3167 1288 3456 1356 putatione,
3476 1287 3561 1344 se-

1977 1368 2175 1438 quitur,
2194 1377 2250 1424 ut
2273 1371 2339 1425 de
2361 1373 2741 1451 subrogatione
2763 1377 2965 1431 Arsacii
2986 1419 3001 1443 ,
3030 1387 3085 1432 et
3115 1372 3557 1436 successioneAi-

1979 1458 2068 1513 tici
2098 1459 2455 1531 Eudoxireque
2478 1465 2726 1534 Augusta:
2758 1475 2929 1520 morte
2953 1482 3113 1535 pauca
3144 1469 3469 1538 adjiciamus.
3506 1471 3561 1523 In

1975 1548 2194 1607 Joannis
2222 1554 2411 1608 iterum
2453 1556 2657 1624 expulsi
2700 1557 2873 1611 locum
2910 1558 3227 1628 subrogatur
3276 1562 3558 1627 Arsacias,

1977 1642 2152 1712 paucis
2184 1644 2452 1716 interfectis
2474 1646 2666 1713 diebus,
2705 1648 2875 1716 inquit
2902 1648 3150 1703 Socrates
3170 1649 3264 1704 lib.
3297 1651 3350 1714 6,
3378 1667 3428 1705 c.
3470 1653 3556 1707 l9.

1976 1732 2210 1787 Annales
2246 1733 2438 1799 Graeci,
2471 1735 2598 1789 editi
2630 1753 2798 1806 nuper
2822 1752 2850 1790 a
2880 1736 3116 1807 .losepho
3156 1738 3426 1809 Scaligero
3451 1749 3553 1795 una

1976 1834 2096 1875 cum
2126 1823 2390 1890 Eusebio,
2426 1827 2697 1880 Arsacium
2726 1842 2844 1882 es.~e
2876 1827 3065 1881 factum
3087 1831 3392 1900 episcopum
3423 1833 3558 1886 refe-

1975 1924 2100 1968 runt
2125 1914 2176 1968 in
2210 1919 2406 1985 templo
2428 1918 2640 1986 Sophim
2674 1922 2942 1985 cremato,
2972 1920 3041 1974 26
3070 1920 3232 1986 Junii,
3259 1933 3409 1977 sexto
3441 1922 3554 1994 post

1973 2002 2194 2058 Joannis
2242 2006 2611 2074 expulsionem
2656 2007 2763 2061 die.
2814 2010 3022 2062 Obiisse
3079 2012 3355 2067 Arsacinm
3416 2016 3557 2070 anno

1974 2095 2216 2162 sequenti
2243 2096 2385 2150 circa
2417 2099 2473 2151 ll
2512 2097 2863 2163 Novembris,
2894 2099 3043 2153 Coss.
3076 2100 3333 2157 Stilicoue
3364 2104 3553 2158 iterum

1972 2193 2027 2240 et
2064 2187 2372 2253 Anthemio,
2407 2188 2509 2243 hoc
2546 2197 2629 2243 est
2653 2205 2797 2244 anno
2837 2190 3045 2244 Domini
3087 2193 3224 2257 404,
3253 2200 3438 2248 auctor
3475 2202 3556 2249 est

1971 2276 2216 2331 Socrates
2259 2279 2356 2332 lib.
2382 2280 2440 2343 6,
2473 2295 2522 2332 c.
2551 2278 2642 2333 ΞΟ.
2670 2279 2814 2338 Vixit
2861 2280 3018 2348 igitur
3062 2282 3310 2335 Arsacius
3352 2283 3403 2335 in
3437 2284 3550 2351 epi-

1971 2378 2190 2437 scopatu
2218 2384 2411 2423 annum
2450 2386 2633 2433 unum,
2668 2385 2882 2424 nienses
2908 2371 2974 2435 4,
3005 2370 3118 2425 dies
3157 2371 3242 2425 l6.
3290 2372 3555 2426 Palladius

1973 2467 2027 2512 ct
2045 2459 2134 2513 alii
2162 2475 2267 2514 non
2295 2460 2472 2530 plures
2492 2442 2786 2515 attribuunt
2814 2462 2874 2514 14
2898 2462 3173 2516 mensibus
3194 2479 3206 2513 :
3227 2462 3555 2533 Nicephorns

1970 2551 2274 2607 Palriarelia
2308 2553 2603 2607 biennium.
2632 2552 2760 2607 Post
2797 2552 2999 2606 Arsacii
3044 2562 3291 2616 mortem,
3321 2535 3467 2623 qum,
3497 2562 3554 2609 ut

1971 2643 2104 2707 dixi,
2154 2644 2349 2698 accidit
2382 2645 2437 2698 ll
2484 2643 2803 2698 Novembris
2845 2645 2968 2707 405,
3002 2643 3181 2698 Multis
3214 2647 3555 2716 episwpatum

1970 2734 2300 2788 ambientibus
2322 2776 2335 2797 ,
2361 2733 2825 2803 inquitSocrates,
2861 2734 3116 2804 multoque
3140 2736 3397 2806 interjecto
3425 2747 3553 2790 teme

1971 2842 2110 2896 pore,
2155 2825 2391 2880 succedit
2420 2828 2658 2891 Atticus,
2683 2837 2900 2898 quatuor
2928 2828 3112 2897 elapsis
3155 2831 3425 2897 mensibus,
3463 2831 3547 2884 in-

1969 2920 2086 2986 quit
2113 2917 2403 2988 Georgius,
2441 2918 2540 2972 hoe
2567 2919 2799 2973 factum:
2834 2928 2892 2973 ut
2934 2919 2984 2971 in
3032 2934 3268 2973 mensem
3308 2920 3555 2977 Martium

1970 3023 2113 3063 anno
2138 3008 2263 3073 406,
2293 3010 2443 3064 Coss.
2474 3009 2703 3063 Arcadio
2729 3011 2760 3063 6
2793 3020 2843 3063 et
2880 3009 3087 3074 Probo,
3121 3025 3338 3065 necesse
3366 3013 3432 3065 sit
3458 3013 3555 3066 Αι-
3606 3045 3613 3053 -

1973 3100 2063 3153 tiei
2113 3103 2437 3155 creationem
2493 3101 2751 3155 incidere.
2801 3100 2988 3156 Restat
3035 3102 3265 3157 maxima
3319 3104 3555 3158 omnium

1975 3193 2200 3260 qnmstio
2216 3192 2282 3245 de
2304 3203 2474 3247 morte
2498 3194 2750 3247 Eudoxim
2772 3199 3020 3263 Augustm
3046 3212 3058 3246 :
3085 3197 3135 3248 in
3159 3196 3310 3265 cujus
3327 3197 3559 3251 nouindo‘

1976 3295 2217 3355 tempore
2264 3289 2588 3339 recentiores
2616 3287 2682 3338 ab
2726 3288 2973 3338 omnibus
3020 3285 3071 3338 in
3102 3286 3404 3340 universum
3427 3329 3441 3351 ,
3468 3288 3557 3357 qui

1975 3376 2164 3429 mortis
2187 3374 2302 3443 ejus
2329 3375 2530 3429 diserte
2557 3374 2931 3439 meminerunt,
2959 3376 3234 3430 veteribus
3257 3378 3556 3431 discedunt.

1974 3466 2222 3521 Sacrate-5
2245 3466 2337 3519 lib.
2373 3465 2426 3527 6,
2456 3480 2503 3521 e.
2535 3465 2617 3527 i9,
2640 3466 2905 3532 ingentem
2936 3465 3267 3534 grandinem,
3300 3468 3460 3519 instar
3481 3469 3560 3520 la-

1976 3556 2150 3625 pidum
2178 3556 2422 3625 (nucibus
2470 3571 2672 3623 parem,
2717 3555 2884 3625 inquit
2926 3555 3207 3609 Annalium
3249 3556 3556 3612 Graicorunt

1975 3644 2204 3716 auctor),
2232 3645 2371 3699 circa
2400 3644 2468 3699 50
2495 3643 2827 3714 Septembris
2875 3645 3153 3710 cecidisse,
3184 3645 3372 3699 eodem
3394 3688 3408 3709 ,
3455 3655 3563 3715 quo

1975 3739 2213 3793 Joannes
2252 3737 2436 3806 pulsus
2466 3746 2569 3805 est,
2600 3754 2763 3805 anno,
2796 3738 2847 3791 in
2876 3738 3156 3791 consulatu
3190 3737 3406 3791 llmmrii
3444 3739 3477 3792 6
3505 3735 3562 3791 et

1978 3829 2304 3891 Aristaeneli,
2353 3828 2556 3892 scribit,
2609 3827 2708 3882 huc
2748 3812 2835 3882 est
2883 3843 3023 3881 anno
3081 3827 3289 3881 Domini
3336 3827 3461 3893 404,
3509 3832 3564 3883 et

1978 3929 2204 3991 quarto,
2232 3930 2353 3988 post
2397 3918 2482 3973 die
2521 3919 2720 3973 abiisse
2756 3919 3075 3973 Eudoxiam.
3120 3920 3350 3972 Annales
3392 3918 3564 3973 Grmci

1978 4013 2148 4082 pridie
2176 4011 2352 4065 Nonas
2380 4011 2627 4064 Octobris
2653 4010 2852 4064 obiisse
2872 4051 2884 4069 .
2916 4017 2970 4063 et
3008 4011 3042 4063 4
3070 4009 3190 4063 ldus
3215 4007 3462 4064 Octobris
3508 4009 3562 4062 in

1982 4106 2207 4160 Basilica
2258 4104 2354 4159 SS.
2406 4104 2807 4174 Aposmlnrum,
2858 4102 3118 4172 sepultam
3169 4101 3358 4155 iisdem
3382 4098 3561 4155 xCossi

1979 4196 2213 4250 llonorio
2230 4205 2285 4250 et
2304 4196 2644 4259 Aristaeneto,
2660 4199 2978 4248 memorant.
2995 4192 3331 4247 Marcellinus
3346 4190 3562 4256 Comes,

1979 4288 2169 4344 iisdem
2202 4288 2378 4352 Coss.,
2419 4288 2609 4356 inquit,
2647 4287 2908 4353 Eudoxia,
2947 4301 3083 4341 uxor
3120 4284 3357 4350 Arcadii,
3390 4284 3562 4340 obiiti

1981 4379 2211 4447 Prosper
2224 4379 2587 4448 Aquitanicus,
2614 4378 2804 4434 iisdem
2826 4378 3006 4433 itidem
3030 4377 3184 4432 Coss.
3208 4378 3468 4444 Eudoxia,
3485 4377 3563 4431 in:

1981 4473 2114 4542 quit,
2140 4487 2274 4525 uxor
2296 4471 2531 4538 Arcadii,
2554 4472 2694 4527 diem
2718 4473 2924 4525 clausit.
2947 4470 3144 4526 Contra
3168 4472 3302 4525 hanc
3326 4481 3565 4525 veterum

1982 4564 2299 4633 scriptorum
2347 4561 2661 4632 phalangem
2689 4562 2812 4631 quid
2851 4561 3009 4616 faciet
3051 4560 3259 4614 infirma
3302 4560 3568 4613 recentia-

1981 4671 2101 4711 rum
2132 4667 2351 4718 manus;
2376 4653 2463 4722 qui
2493 4665 2685 4705 omnes
2725 4666 2830 4704 uno
2868 4665 2966 4704 ore
3007 4649 3198 4705 Joanni
3229 4657 3409 4702 nostro
3447 4658 3566 4703 eam

1983 4745 2327 4815 superstitem
2353 4743 2516 4797 fuisse
2537 4751 2648 4796 tres
2673 4755 2906 4804 menses,
2939 4738 3040 4795 hoc
3070 4748 3151 4794 est
3170 4739 3308 4793 circa
3335 4739 3568 4795 medium

1984 4835 2293 4891 Decembris
2313 4875 2327 4899 ,
2359 4848 2501 4886 anno
2527 4823 2652 4894 407,
2686 4831 2768 4885 vel
2796 4831 2938 4886 circa
2965 4830 3201 4886 medium
3230 4830 3393 4885 Febr.
3425 4846 3570 4885 anno

1984 4927 2112 4993 408,
2163 4924 2465 4980 decessisse
2509 4923 2814 4979 testantur?
2852 4937 3011 4993 quam
3054 4925 3215 4977 etiam
3264 4922 3569 4991 opinionem

1985 5033 2084 5088 ego
2131 5026 2187 5071 ut
2235 5016 2403 5086 magis
2450 5016 2778 5086 probabilem
2816 5013 3134 5082 amplector.
3179 5013 3367 5068 Causa:
3420 5022 3568 5081 sunt,

1986 5111 2214 5180 primum
2242 5108 2383 5178 quod
2413 5109 2527 5161 illas
2555 5107 2944 5161 inhumanitate:
2974 5115 3029 5159 et
3058 5106 3418 5158 immanitates
3444 5120 3570 5158 con-

1928 5263 1935 5269 ,
1990 5211 2067 5256 tra
2096 5203 2377 5271 episcopos
2407 5200 2607 5270 legatos
2645 5200 2711 5254 ab
2736 5198 3022 5254 Occidente
3042 5238 3057 5262 ,
3086 5207 3271 5251 contra
3309 5197 3570 5252 Joaum-in

1991 5301 2230 5346 nostrum
2265 5291 2331 5345 ad
2361 5302 2587 5344 mortem
2623 5298 2787 5360 usque
2818 5290 2984 5358 ipsam
3030 5297 3216 5342 contra
3246 5304 3431 5342 oniues
3461 5288 3573 5355 cpi-

1990 5400 2201 5455 sc0pos,
2222 5384 2466 5449 clericos,
2493 5393 2545 5437 et
2570 5383 2703 5437 alios
2722 5382 2958 5452 partiam
2980 5378 3221 5445 Joannis,
3253 5397 3356 5433 non
3379 5380 3446 5435 ab
3464 5381 3571 5433 alio"

1992 5478 2257 5547 profectas
2288 5476 2433 5530 l‘onte
2455 5486 2660 5544 putem,
2690 5488 2847 5544 quam
2872 5466 2940 5527 ab
2968 5472 3288 5541 implacabili
3310 5472 3575 5540 impotent-

1994 5569 2212 5624 tissimte
2242 5567 2452 5622 femimc
2481 5565 2660 5620 furore
2692 5583 2707 5619 :
2737 5580 2860 5619 cum
2888 5564 3122 5633 alioquin
3168 5563 3426 5618 Arcadius
3457 5563 3572 5629 ipse

1999 5658 2256 5728 simplicis
2281 5657 2437 5710 fuerit
2466 5664 2521 5711 et
2538 5657 2682 5710 mitis
2712 5654 2930 5725 ingenii,
2958 5662 3012 5710 et
3033 5662 3296 5708 tantorum
3320 5651 3428 5705 fere
3456 5666 3573 5701 ma-

1994 5750 2166 5804 lorum
2208 5749 2458 5819 ignarus;
2488 5758 2660 5818 neque
2687 5742 2944 5801 credibile
2983 5746 3049 5800 sit
3092 5754 3290 5800 tantum
3326 5738 3575 5796 habuisse
