4038 6154
507 262 625 303 XXXI

507 365 758 438 ponderis
778 364 916 437 apud
947 363 1164 430 milites,
1191 360 1437 417 ουειοιιοε
1468 367 1736 431 portuum,
1768 368 1825 414 et
1851 366 2078 414 cancros

508 457 717 529 imperii
745 457 1033 519 ministros,
1058 454 1361 523 episcopos,
1381 451 1721 522 reliquosque
1736 450 1955 506 Joannis
1980 449 2082 504 ini-

511 552 701 609 micos.
730 549 831 603 nisi
860 545 1111 602 Eudoxia:
1139 545 1350 602 femina:
1379 559 1539 613 supra
1566 559 1751 601 sexum
1783 541 2003 607 ferocis,
2026 549 2082 596 et

509 643 699 697 marito
720 639 1271 714 dominantis,’opibus
1288 628 1473 703 fultos,
1491 637 1803 691 auctoritate
1824 634 2077 691 munitos.

503 733 610 790 Sed
636 732 777 803 quod
808 747 896 787 me
920 731 1005 785 vel
1042 730 1272 785 maxime
1313 732 1517 795 movet,
1550 736 1608 782 ut
1634 741 1730 797 pro
1766 725 2078 782 recentiori-

503 828 622 891 bus,
654 823 794 894 quod
825 823 1173 877 invitissimus
1196 804 1354 885 facio,
1394 829 1579 874 contra
1616 828 1823 873 veteres
1847 831 2075 888 pronum

502 916 661 980 tiem,
691 912 821 968 illud
850 922 968 967 est:
1009 909 1153 981 quod
1201 909 1436 966 Joannes
1465 920 1682 970 noster,
1725 922 1883 978 quem
1926 907 1970 962 si
1991 923 2079 962 ve-

504 1020 647 1062 teres
675 1020 984 1075 sequamur,
1017 1012 1184 1058 totum
1217 1002 1504 1057 triennium
1528 1001 1764 1070 Oportuit
1791 999 1955 1055 fuisse
1984 1013 2077 1054 su-

505 1098 780 1170 perstitem
809 1095 1082 1162 Eudosire,
1109 1094 1161 1149 in
1193 1090 1272 1147 tet
1292 1077 1533 1162 epistolis
1555 1092 1623 1146 ad
1656 1090 1978 1161 pontificem,
2010 1090 2077 1144 ad

504 1189 807 1259 epise0pos,
848 1186 915 1239 ad
955 1186 1088 1240 alios
1130 1185 1350 1248 amicos,
1395 1199 1489 1253 per
1533 1182 1820 1239 triennium
1867 1181 2080 1251 scriptis

505 1292 765 1347 nusquam
805 1276 1108 1331 meminerit
1158 1276 1344 1330 mortis
1376 1274 1648 1339 Eudoxize,
1690 1274 1850 1344 quam
1890 1273 2079 1328 morbo

501 1366 754 1423 diuturno
774 1376 828 1422 et
850 1361 1141 1431 cruciabili,
1168 1365 1306 1421 addo
1332 1367 1491 1421 etiam
1525 1364 1686 1433 fmdo,
1726 1365 1949 1435 periisse
1973 1374 2080 1419 tra-

504 1444 638 1513 dunt
668 1477 681 1514 :
712 1450 779 1514 de
810 1466 955 1513 tanta
986 1467 1040 1513 et
1075 1468 1182 1512 tam
1214 1458 1406 1527 insigni
1450 1455 1542 1511 Dei
1572 1456 1802 1512 vindicta
1848 1472 1952 1512 non
1996 1466 2077 1511 ta-

507 1551 748 1614 citurus;
778 1549 1014 1618 quinimo
1049 1548 1116 1603 ad
1146 1563 1292 1618 spem
1337 1557 1536 1602 certam
1577 1546 1801 1615 reditus,
1841 1556 1929 1602 aut
1961 1562 2077 1604 tne-

504 1639 665 1695 liores
694 1638 920 1694 fortuna:
950 1655 1017 1695 eo
1047 1640 1161 1709 ipso
1183 1639 1515 1710 ar‘rigendus.
1545 1626 1814 1694 Palladius
1841 1653 2074 1708 quoque,

504 1731 715 1787 illorum
771 1735 1068 1800 temporum
1123 1730 1372 1800 aequalis,
1428 1744 1550 1786 cum
1601 1736 1789 1799 pinnas
1826 1734 2077 1792 θεηλάτςυς

503 1817 570 1877 de
599 1821 828 1877 inimicis
854 1821 1073 1877 Joannis
1093 1822 1270 1874 statim
1299 1830 1537 1890 sumptas
1574 1819 1841 1890 sigillatim
1891 1833 2079 1875 recen-

501 1923 638 1981 seat,
670 1914 738 1969 de
763 1913 1000 1968 Eudoxia
1037 1913 1176 1976 silet,
1204 1927 1359 1980 quant
1388 1911 1566 1965 ferunt
1593 1911 1779 1965 morbo
1817 1908 1994 1974 faedo,
2023 1918 2079 1964 et

508 2016 627 2076 post
656 2020 874 2076 magnos
902 2005 1169 2059 cruciatus
1195 2004 1413 2061 obiiSSe.

580 2115 599 2149 ι
632 2096 929 2152 Constituta
971 2096 1177 2164 itaque,
1206 2103 1460 2164 quantum
1491 2107 1521 2146 a
1551 2093 1704 2147 nobis
1732 2091 1844 2148 fieri
1873 2093 2072 2161 potuit,

500 2196 799 2257 temporum
848 2187 1074 2251 ratione,
1122 2184 1188 2239 ad
1230 2186 1374 2255 ipsos
1418 2184 1732 2239 accedamus
1777 2193 2071 2240 auctores:

499 2294 726 2349 quorum
765 2277 921 2333 facile
967 2279 1215 2347 princeps
1243 2276 1541 2341 Palladius,
1578 2291 1672 2331 seu
1713 2273 1957 2347 quisquis
1994 2286 2076 2331 est

498 2360 641 2423 illius
670 2368 862 2439 dialogi
893 2378 1097 2431 auctor,
1126 2368 1215 2437 qui
1237 2369 1353 2437 ejus
1382 2367 1548 2421 fertur
1574 2368 1808 2422 nomine.
1841 2385 1860 2419 ι

571 2458 669 2513 llic
710 2457 816 2513 duo
842 2465 1124 2512 moventur
1164 2456 1517 2525 quaestiones,
1569 2456 1762 2538 quibus
1807 2455 2075 2511 solvendis

500 2544 734 2604 Sarilitis
754 2564 813 2602 sc
837 2563 1054 2618 prorsus
1085 2549 1340 2616 imparem
1371 2561 1491 2602 esse
1516 2546 1665 2602 dicit.
1693 2547 1870 2603 Prima
1898 2557 1981 2602 est
2007 2547 2075 2603 de

496 2648 714 2693 auctore
745 2639 885 2693 illius
927 2638 1151 2707 dialogi,
1183 2649 1360 2692 utrum
1397 2638 1537 2693 idem
1567 2638 1636 2693 sit
1663 2654 1728 2692 an
1759 2639 2002 2695 diversus
2041 2640 2101 2694 ai

498 2732 750 2799 Palladio,
795 2732 1180 2802 llelenOpoleos
1221 2732 1492 2802 episcopo,
1532 2732 1909 2789 Lausiacorum
1937 2734 2073 2789 scri-

494 2834 683 2894 ptore:
717 2822 960 2877 eumdem
978 2839 1097 2879 esse
1114 2824 1326 2893 quidem
1345 2824 1571 2881 suadere
1590 2835 1645 2881 et
1675 2826 1881 2880 titulum
1900 2827 2071 2896 ipsum

499 2913 714 2983 dialogi,
731 2914 939 2982 etquod
962 2914 1224 2969 Palladius
1254 2915 1528 2986 dialogista
1551 2931 1611 2971 se
1630 2918 1681 2972 in
1699 2916 1929 2972 Asiatica
1949 2933 2072 2987 per-

495 3005 823 3075 egrinatione
837 3017 1147 3076 perpetuum
1161 3007 1407 3062 comitem
1419 3007 1610 3063 Joanni
1621 3009 1910 3067 adhresisse
1921 3010 2074 3082 profi-

494 3105 667 3152 teatur
692 3114 706 3149 :
735 3096 875 3168 quod
899 3097 965 3153 de
996 3085 1230 3153 Palladio
1247 3097 1501 3154 Lausiaco
1530 3115 1710 3155 verum
1729 3115 1849 3157 esse
1887 3116 2072 3158 omnes

491 3187 676 3243 sciant.
698 3180 751 3241 id
765 3193 993 3257 quoque,
1014 3186 1153 3258 quod
1165 3172 1443 3260 idialogista
1460 3191 1707 3246 canitiem
1719 3206 1867 3247 suam
1882 3193 2074 3262 prmdi-

489 3290 593 3345 eet,
609 3281 805 3350 optime
817 3293 945 3336 sane
963 3283 1012 3336 in
1031 3282 1344 3339 Lausiacum
1360 3285 1572 3352 cadere,
1587 3285 1674 3351 qui
1691 3286 2071 3357 aliquotannos

489 3377 609 3442 post
638 3372 860 3426 Romani
886 3383 1094 3441 captam
1121 3375 1329 3430 vixerit.
1355 3375 1548 3430 Verum
1571 3376 1785 3431 obstare
1808 3376 1877 3431 ab
1900 3377 2070 3432 altera

489 3472 638 3530 parte
657 3503 672 3528 ,
702 3462 842 3531 quod
885 3474 989 3516 tam
1016 3463 1330 3519 Theodorus
1357 3482 1512 3535 quam
1560 3466 1673 3535 ipse
1718 3467 1987 3522 Palladius
2015 3468 2069 3522 in

488 3553 698 3623 dialogo
713 3552 780 3607 de
803 3553 893 3607 illo
914 3553 1300 3623 lleleu0poleos
1323 3555 1575 3627 episcopo
1591 3558 1641 3610 in
1665 3557 1821 3612 tertia
1843 3573 2070 3627 persona

489 3646 789 3716 loquantur.
813 3646 1053 3700 Alterum
1074 3646 1301 3701 occurrit
1324 3646 1519 3703 Sarilio
1544 3649 1846 3718 scrupulum
1866 3664 1897 3705 e
1920 3665 2071 3704 men—

487 3738 631 3792 tione
655 3737 849 3792 Zosimi
875 3738 1138 3808 poutiticis
1165 3737 1403 3793 ductum.
1438 3741 1510 3793 De
1541 3739 1637 3795 hac
1665 3741 1946 3810 posteriori
1968 3742 2067 3797 ob-

482 3827 716 3901 jectione
740 3827 857 3882 ride
886 3826 1015 3883 infr'a
1038 3829 1223 3899 Bigotii
1249 3829 1699 3885 dissertationem.
1740 3832 2063 3899 Secundum,

492 3908 660 3989 inquit
686 3919 944 3988 Savilins,
973 3930 1056 3976 est
1083 3921 1332 3988 dubium,
1365 3923 1630 3992 quomodo
1669 3922 1782 3979 fieri
1815 3926 2064 3994 potuerit,

488 4021 545 4065 ut
574 4012 711 4065 intra
743 4012 971 4067 triduum
1010 4012 1234 4086 (Pallad.
1267 4014 1429 4084 Dial.)
1469 4024 1589 4084 post
1616 4026 1862 4085 acceptas
1888 4017 2066 4072 Theos

487 4103 615 4171 pltiii
642 4104 851 4170 literas,
880 4105 1071 4174 quibus
1096 4102 1186 4159 ille
1211 4106 1540 4175 significabat
1567 4106 1725 4177 Papa:
1765 4107 2068 4164 Innocentio

483 4183 741 4249 Joannem
759 4212 787 4250 a
799 4212 859 4252 se
876 4197 1036 4252 fuisse
1047 4197 1365 4266 depositura,
1386 4199 1485 4253 illa:
1501 4198 1720 4254 Joannis
1737 4201 1921 4269 literze,
1938 4217 2068 4272 qua-

487 4300 603 4339 rum
625 4285 851 4354 initium,
876 4286 1042 4341 Etiam
1069 4299 1336 4359 antequam
1357 4290 1565 4344 reddita:
1578 4302 1712 4358 sunt,
1733 4292 1798 4347 ad
1817 4293 2065 4349 eumdem

489 4364 684 4444 Papam
701 4377 1034 4444 pervenerint
1050 4395 1063 4432 :
1078 4377 1483 4449 namTheOphili
1499 4382 1800 4436 necessario
1812 4398 1931 4439 esse
1944 4383 2066 4438 scri-

484 4465 601 4535 ptas
627 4482 691 4521 ex
717 4468 943 4524 concilio
975 4468 1039 4524 ad
1076 4469 1363 4538 Quercnm,
1387 4485 1506 4525 cum
1539 4473 1814 4541 posteriori
1839 4473 2067 4528 concilio

482 4556 594 4626 ipse
618 4574 716 4614 nec
737 4560 1053 4625 interfuerit,
1073 4577 1244 4633 neque
1272 4561 1323 4617 in
1344 4577 1409 4619 eo
1430 4563 1591 4630 ullum
1608 4566 1960 4620 accusationis
1986 4580 2068 4620 ca-

484 4654 577 4717 put
603 4649 673 4702 sit
700 4652 986 4719 prolatum,
1017 4654 1109 4707 sed
1149 4671 1324 4708 merus
1351 4671 1522 4727 canon
1542 4657 1754 4711 concilii
1780 4656 2067 4712 Antioche-

483 4730 537 4791 ni
581 4737 848 4793 adhibitus
875 4758 888 4793 :
916 4753 1100 4796 contra
1129 4744 1349 4799 Joannis
1379 4746 1560 4801 literas
1611 4756 1730 4817 post
1767 4747 2060 4802 secundam

483 4827 1029 4898 ipsiusexpnlsionem
1050 4833 1275 4901 scriptas
1299 4850 1439 4900 esse,
1459 4835 1715 4893 declarari
1743 4840 1826 4895 vel
1848 4838 1930 4894 his
1951 4840 2066 4911 ejus

487 4924 680 4989 verbis,
702 4923 939 4978 Secundo
967 4926 1176 4979 ecclesia
1203 4943 1311 4979 sum
1335 4928 1521 4996 ejectus
1548 4945 1566 4982 :
1595 4933 1731 4986 inter
1754 4933 1860 4988 duo
1885 4943 2062 4990 autem

481 5016 665 5069 exsilia
689 5016 1052 5072 intercessisse
1078 5033 1290 5072 menses
1311 5020 1697 5076 uovcmdeeim.

561 5125 579 5155 ε
615 5108 670 5160 ln
698 5106 917 5163 Socrate
954 5119 1182 5179 quatuor
1210 5110 1395 5165 eadem
1427 5112 1636 5182 pagina,
1682 5122 1774 5168 aut
1809 5114 2062 5186 quinque,

483 5208 606 5251 sunt
628 5207 804 5252 errata
830 5199 1077 5255 historica
1104 5202 1153 5255 in
1182 5202 1459 5257 narrandis
1482 5201 1845 5275 Chrysostomi
1864 5209 2024 5275 rebus
2048 5227 2060 5263 :

484 5302 604 5340 nam
630 5301 824 5343 czetera
849 5304 951 5344 non
974 5291 1193 5361 attingo.
1223 5299 1416 5363 Atque,
1440 5304 1497 5363 ut
1523 5295 1590 5350 ab
1612 5296 1813 5354 ultimis
1840 5300 2018 5354 ordiar
2047 5319 2063 5357 :

483 5378 624 5448 quod
655 5378 911 5436 Joannem
940 5382 1007 5435 ab
1052 5383 1297 5454 Evagrio,
1332 5385 1533 5441 Paulini
1578 5402 1920 5458 successore,
1955 5392 2064 5446 Eu-

482 5473 867 5529 stathizmarum
899 5478 1123 5546 partium
1148 5481 1444 5535 Antiochia:
1471 5482 1752 5553 episcopo,
1783 5486 2063 5557 presbyte-

483 5571 601 5619 rum
632 5566 816 5621 scribit
841 5582 961 5624 esse
1000 5571 1299 5626 ordinatum
1326 5590 1337 5625 :
1368 5588 1397 5626 a
1443 5574 1675 5629 Palladio
1713 5576 2062 5645 omnibusque

483 5656 599 5713 aliis
626 5658 894 5715 veteribus
929 5670 981 5715 et
1010 5663 1396 5720 recentioribus
1433 5664 1711 5733 refellitur,
1745 5667 1835 5739 qui
1866 5667 1915 5723 id
1949 5683 2054 5724 uno

1615 234 1889 292 HENRJC‘J
1920 232 2175 292 'SAVlLﬂ
2231 233 2677 292 DISSERTATIO

3625 272 3770 316 XXXII

2189 370 2282 412 ore
2310 369 2496 413 omnes
2524 356 2780 416 Flaviano
2809 360 3068 432 tribuunt,
3097 363 3341 439 aliarum,
3392 365 3495 423 hoc
3521 379 3626 438 est,
3653 372 3770 429 Me-

2188 446 2499 502 letianarum
2539 449 2764 519 partium
2792 452 3062 524 episcopo.
3093 454 3237 524 Quas
3258 466 3434 528 partes
3461 458 3515 514 in
3543 474 3608 517 eo
3627 463 3764 519 schi-

2184 546 2353 593 smate
2378 548 2439 594 et
2456 530 2525 595 ab
2551 539 2703 595 initio
2730 551 2944 597 secutus
2969 551 3053 600 est
3094 543 3350 613 Joannes,
3378 557 3436 604 ut
3457 563 3490 605 e
3527 552 3774 623 superio-

2185 628 2334 683 ribus
2350 639 2513 699 patet,
2530 639 2585 685 et
2607 631 2659 686 in
2674 631 2863 687 iisdem
2886 648 3054 704 usque
3072 634 3139 689 ad
3156 634 3314 692 tinem
3334 642 3774 698 constantissime

2190 721 2501 789 permansit.
2546 722 2661 777 Non
2688 723 2858 791 enim,
2903 724 3004 780 nisi
3034 735 3155 797 post
3192 738 3421 786 mortem
3460 730 3765 806 Porphyrii,

2184 811 2272 879 qui
2337 810 2589 868 Flaviano
2654 816 2943 882 successit,
3004 817 3284 886 prudentia
3341 829 3397 877 et
3450 821 3770 883 dexteritate

2187 900 2497 969 Alexandri,
2514 904 2745 974 episcopi
2770 914 2893 961 tunc
2906 907 3246 978 Antiocheni,
3263 912 3436 982 sopita
3455 924 3538 969 est
3554 915 3640 971 illa
3652 917 3764 974 dis-

2182 993 2361 1049 cordia
2379 996 2517 1051 inter
2534 997 2909 1071 Eustathianos
2939 1011 2994 1055 et
3023 1001 3352 1073 Meletianos,
3371 1015 3505 1063 teste
3521 1007 3769 1066 Theodo-

2185 1093 2301 1139 reto
2329 1084 2420 1139 lib.
2453 1086 2507 1150 ὅ,
2537 1102 2585 1141 c.
2613 1088 2702 1143 53.
2734 1088 2839 1146 Sed
2870 1090 2936 1145 ad
2975 1092 3327 1150 refellendum
3356 1095 3497 1154 hunc
3524 1107 3768 1158 errorem

2185 1175 2420 1232 Socratis
2445 1193 2550 1231 non
2580 1188 2657 1233 est
2688 1195 2909 1236 necesse
2929 1184 3260 1241 extrinsecus
3280 1188 3619 1256 probationes
3648 1206 3770 1246 mu-

2185 1266 2318 1343 tuari
2336 1283 2350 1320 :
2369 1264 2489 1321 eum
2506 1271 2772 1324 sexcentis
2788 1271 2838 1325 in
2859 1272 2986 1327 locis
2998 1287 3061 1328 ex
3082 1262 3622 1349 i‘psiusChrysostomi
3642 1296 3768 1336 ver—

2182 1355 2264 1412 bis
2291 1356 2409 1413 luce
2427 1358 2622 1414 clarius
2650 1360 2738 1427 sit,
2761 1377 2790 1415 a
2824 1361 3074 1419 Flaviano
3105 1380 3228 1420 eum
3256 1364 3420 1423 fuisse
3456 1369 3764 1426 ordinatum

2185 1449 2572 1521 presbyterum,
2592 1452 2690 1507 sub
2701 1468 2873 1524 eoque
2892 1454 3146 1525 deinceps
3163 1472 3329 1529 usque
3347 1459 3414 1514 ad
3427 1463 3768 1531 epise0patus

2185 1549 2423 1610 tempora
2451 1542 2663 1599 vixisse.
2692 1544 2995 1601 Proximum
3017 1557 3119 1613 est,
3144 1564 3249 1603 non
3274 1549 3487 1620 quidem
3506 1552 3558 1606 id
3588 1553 3766 1609 minus

2185 1630 2395 1697 falsum,
2418 1632 2513 1687 sed
2540 1634 2681 1702 quod
2707 1635 2912 1706 aliquos
2932 1638 3121 1693 saltem
3151 1653 3182 1694 e
3208 1641 3591 1698 recentioribus
3617 1644 3766 1700 inrc—

2185 1724 2321 1779 nerit
2348 1725 2645 1782 laudatores
2673 1728 2817 1798 (nam
2835 1729 2974 1799 apud
3004 1730 3292 1786 Palladium
3320 1732 3520 1788 nullum
3544 1733 3761 1804 hujusce

2183 1816 2258 1870 rei
2284 1817 2579 1889 vestigium)
2610 1818 2677 1873 de
2705 1828 2817 1874 toto
2849 1819 2941 1875 illo
2969 1822 3230 1888 triennio,
3276 1838 3384 1893 quo
3421 1834 3542 1894 post
3567 1825 3760 1881 Meletii

2181 1916 2433 1972 mortem,
2463 1909 2735 1978 tranquille
2761 1911 2880 1981 egit,
2910 1911 3080 1981 inquit
3112 1912 3393 1981 Socrates;
3423 1927 3761 1971 conmoratus

2180 2008 2253 2051 est
2283 1998 2334 2051 in
2364 2001 2665 2055 monasterio
2703 2001 2788 2054 ubi
2830 2002 2994 2071 fuerat
3038 2004 3211 2071 prius,
3250 2005 3418 2076 inquit
3453 2006 3711 2078 Georgius
3744 2026 3759 2063 :

2183 2089 2321 2144 unde
2355 2101 2660 2160 assumptus
2696 2099 2779 2146 est
2800 2103 2987 2162 postea
3010 2093 3075 2148 ad
3124 2096 3567 2167 presbyteratum.
3607 2099 3760 2164 Quod

2179 2189 2325 2234 stare
2349 2181 2495 2235 nullo
2530 2181 2691 2237 modo
2717 2191 2922 2251 potest,
2954 2184 3051 2238 nisi
3082 2197 3269 2240 contra
3297 2202 3484 2241 omnes
3510 2186 3762 2242 historias

2180 2284 2285 2324 non
2315 2270 2401 2336 12,
2428 2271 2522 2325 sed
2551 2272 2617 2327 M
2646 2287 2814 2326 annos
2841 2282 2895 2328 et
2918 2274 3144 2344 amplius
3169 2274 3390 2332 Joannis
3419 2278 3765 2349 presbytera-

2176 2354 2261 2419 tui
2283 2362 2640 2434 assigncnius.
2674 2364 2802 2419 Nam
2845 2366 3071 2435 primum
3103 2382 3131 2421 a
3160 2379 3331 2424 morte
3369 2368 3583 2436 Meletii,
3611 2386 3760 2438 qu.e-,

2180 2463 2234 2508 ut
2264 2469 2422 2524 supra
2443 2455 2703 2522 diximus,
2731 2457 2921 2513 accidit
2947 2459 3070 2523 581,
3091 2467 3330 2530 tempore
3355 2461 3600 2516 sccundze
3625 2477 3765 2534 syn-

2177 2545 2290 2612 odi,
2317 2561 2488 2616 nsque
2532 2546 2599 2602 ad
2643 2549 3007 2618 episcopatum
3032 2549 3254 2605 Joannis
3278 2566 3421 2607 anno
3462 2551 3564 2608 598
3583 2593 3600 2619 ,
3630 2556 3763 2608 anni

2174 2646 2303 2727 sunt
2332 2640 2473 2709 pleni
2503 2639 2570 2695 16
2597 2658 2612 2696 :
2638 2656 2669 2696 e
2693 2642 2888 2711 quibus
2926 2653 3071 2699 recte
3110 2657 3225 2708 nos,
3259 2653 3316 2698 ut
3361 2654 3504 2715 puto,
3536 2644 3768 2702 Joannis

2175 2729 2479 2784 diaeonatui
2522 2730 2577 2797 4,
2606 2739 2661 2785 et
2689 2732 3073 2802 presbyteratui
3119 2734 3206 2800 19.,
3236 2735 3642 2805 assignavimus.
3676 2737 3764 2793 Et

2178 2819 2260 2873 his
2289 2820 2335 2874 si
2378 2820 2562 2876 demas
2593 2821 2682 2888 12,
2722 2822 2915 2892 quibus
2953 2821 3081 2877 vixit
3108 2825 3404 2894 presbyter,
3449 2842 3555 2880 non
3587 2827 3765 2881 trien-

2176 2910 2321 2964 nium
2347 2951 2363 2978 ,
2404 2920 2461 2966 ut
2496 2912 2681 2967 volunt
2718 2911 2826 2978 illi,
2871 2912 2963 2967 sed
2999 2913 3403 2983 quadriennium
3451 2917 3763 2986 supererit,

2175 3013 2460 3075 antequam
2502 3004 2569 3060 ad
2622 3004 3045 3076 presbyteratum
3091 3016 3454 3062 assumeretur
3497 3008 3761 3066 Joannes;

2178 3096 2379 3152 Deinde
2404 3096 2543 3153 hanc
2569 3095 2873 3168 Opinionem
2905 3099 3249 3168 sequentibus
3279 3114 3501 3156 necesse
3543 3103 3646 3156 erit
3670 3102 3765 3156 di;

2174 3201 2296 3242 cere
2308 3202 2428 3243 cum
2447 3196 2621 3242 morte
2640 3186 2833 3243 Meletii
2851 3188 3055 3243 [initum
3069 3204 3188 3244 esse
3207 3188 3629 3260 quinquennium
3643 3191 3765 3246 dia;

2175 3289 2419 3334 conatus.
2449 3280 2623 3351 Atque
2644 3280 2717 3335 ita
2742 3279 2830 3335 fiet
2852 3279 3085 3336 Joannes
3109 3282 3297 3335 mortis
3342 3292 3580 3351 tempore
3619 3297 3763 3352 pene

2174 3374 2642 3444 septuagenarius,
2700 3374 2831 3428 inter
2881 3375 3131 3443 loringos
3179 3375 3386 3437 scilicet,
3414 3390 3543 3440 non,
3575 3384 3629 3428 ut
3669 3386 3765 3429 est

2174 3463 2413 3518 onmium
2453 3474 2667 3533 recepta
2705 3464 2924 3533 opinio,
2964 3469 3095 3519 inter
3135 3475 3438 3534 prwmature
3466 3465 3757 3535 defunctos.

2172 3552 2352 3625 itaque
2376 3553 2479 3609 hoe
2499 3555 2786 3609 triennium
2817 3570 2939 3609 cum
2972 3554 3208 3610 Palladio
3245 3556 3402 3626 plane
3423 3555 3650 3611 eximant
3682 3570 3758 3610 ex

2171 3661 2432 3702 annorum
2452 3645 2818 3718 Chrysostomi
2842 3648 3256 3716 computatione,
3289 3656 3397 3702 tum
3429 3650 3544 3703 aliis
3565 3648 3763 3703 ductus

2172 3722 2467 3793 rationibus
2483 3780 2497 3800 ,
2518 3747 2627 3792 tum
2651 3753 2717 3793 ne
2736 3740 2955 3792 nimium
2973 3749 3305 3795 excresccret
3318 3753 3576 3795 annorum
3592 3741 3763 3795 Joam

2172 3828 2255 3883 nis
2293 3836 2568 3883 numerus.
2598 3828 2837 3884 Tertium
2865 3840 2968 3893 ρει,
2999 3830 3140 3899 quod
3166 3830 3427 3885 Joannem
3453 3841 3483 3884 n
3511 3829 3756 3897 Zenone;

2170 3922 2424 3992 episcopo
2444 3921 2686 3992 Majumte
2713 3922 2761 3976 in
2798 3922 3095 3989 l’aheslina,
3129 3922 3513 3994 Hierosolymis
3535 3938 3760 3978 reverso

2173 4015 2317 4088 (nam
2345 4015 2834 4087 Hierosolymorum
2860 4015 3170 4085 episcOpum
3192 4032 3347 4071 nemo
3368 4016 3524 4080 dixit,
3546 4017 3645 4071 etsi
3673 4017 3761 4070 \‘ir

2170 4122 2396 4177 magnus
2426 4121 2583 4162 secus
2617 4107 2942 4176 acceperit),
2969 4116 3294 4176 anagnosten
3313 4147 3329 4171 ,
3357 4106 3471 4160 sive
3495 4108 3759 4162 lectorem

2169 4197 2483 4253 scribitesse
2496 4207 2731 4254 creatum
2753 4216 2766 4252 :
2789 4213 2908 4252 cum
2928 4198 2976 4252 id
2996 4213 3025 4252 a
3045 4198 3254 4252 Meletio
3270 4198 3463 4252 factum
3490 4215 3553 4253 ex
3579 4199 3760 4252 Pallas

2170 4289 2261 4345 dio
2298 4304 2458 4360 supra
2502 4290 2927 4355 ostenderimus;
2974 4306 3145 4360 neque
3193 4307 3425 4347 canones
3468 4294 3649 4347 sinunt
3696 4292 3756 4346 in

2170 4381 2339 4435 aliena
2360 4381 2630 4450 provincia
2651 4380 3011 4436 ordinationes
3040 4382 3233 4438 facere.
3267 4383 3523 4451 Quartum
3553 4394 3633 4438 est
3661 4384 3761 4440 ille

2169 4470 2235 4526 de
2252 4471 2445 4527 Basilio
2461 4471 2648 4541 Magno
2668 4482 2724 4527 et
2746 4472 2954 4528 Joanne
2977 4473 3360 4544 Chrysostumo
3383 4476 3603 4544 insignis
3623 4485 3760 4529 tem-

2171 4580 2351 4632 porum
2367 4564 2693 4635 perturbatio,
2717 4580 2746 4617 a
2765 4563 2975 4627 Photio,
2996 4566 3295 4637 Anonymo,
3314 4566 3562 4621 Simeone
3589 4566 3760 4621 Meta-

2172 4654 2411 4724 phraste,
2441 4655 2603 4711 Card.
2636 4655 2867 4710 Barouio
2892 4657 3021 4711 satis
3049 4656 3328 4712 refutatust
3360 4657 3577 4726 Quinto,
3609 4660 3755 4729 quod

2171 4747 2449 4804 Lectorem
2479 4749 2674 4804 factum
2702 4750 2864 4806 fuisse
2895 4759 3013 4821 post
3037 4750 3275 4806 relictam
3302 4753 3463 4807 vitam
3491 4753 3751 4806 monasti-

2170 4853 2288 4893 cam
2319 4853 2561 4895 asserere
2589 4840 2798 4895 videtur
2823 4852 3004 4896 contra
3032 4858 3285 4912 expressa
3316 4844 3476 4899 verba
3503 4844 3750 4898 Palladii.

2169 4930 2301 4985 Nam
2349 4932 2490 5001 quod
2541 4932 2611 4988 ab
2661 4933 2850 4988 eodem
2904 4943 3195 5004 anagnoste
3249 4938 3584 5005 conscriptos
3632 4938 3753 4990 illos

2171 5033 2357 5080 contra
2380 5023 2594 5080 Judaios
2624 5039 2902 5082 sermones
2933 5028 3145 5089 asserit,
3175 5029 3520 5084 refutavimus
3550 5028 3603 5083 in
3645 5027 3751 5082 No.

2128 5189 2136 5197 .
2172 5116 2238 5168 tis
2267 5131 2280 5169 :
2309 5124 2363 5169 et
2389 5115 2531 5184 quod
2577 5118 2742 5173 libros
2766 5118 2834 5173 de
2861 5118 3204 5186 Sacerdotio,
3237 5120 3303 5175 ad
3329 5121 3636 5192 Stagirium,
3680 5121 3749 5177 de

2170 5208 2501 5276 Acatalepto,
2531 5218 2584 5263 el
2612 5208 2679 5263 de
2708 5209 3167 5278 Subiutroductis,
3197 5213 3264 5267 ab
3308 5213 3496 5269 eodem
3526 5214 3753 5268 diacono

2169 5300 2494 5367 compositos
2521 5298 2771 5354 affirmat.
2802 5302 3026 5357 Siluitne
3070 5320 3198 5374 ergo
3239 5305 3476 5359 divinum
3515 5307 3639 5361 illud
3671 5309 3750 5362 in-

2168 5389 2405 5456 genium,
2426 5400 2480 5444 et
2497 5405 2557 5446 os
2577 5405 2819 5456 aureum,
2841 5401 3004 5447 totum
3025 5394 3075 5448 in
3095 5395 3381 5451 solitudine
3396 5397 3755 5451 sexennium?

2168 5482 2234 5537 Et
2259 5483 2473 5552 quidem
2504 5484 2548 5537 si
2593 5485 2915 5554 coujecturis
2960 5487 3110 5542 locus
3139 5497 3313 5555 esset,
3357 5490 3521 5541 libros
3560 5490 3626 5541 de
3653 5489 3754 5544 Sa-

2168 5575 2428 5638 cerdotio,
2456 5576 2521 5631 ad
2549 5577 2860 5647 Stagirium,
2892 5591 3132 5648 putarent
3161 5580 3227 5634 ab
3257 5597 3343 5647 eo,
3373 5593 3668 5649 anagnoste
3698 5591 3756 5636 et.

2174 5668 2457 5732 monacho,
2501 5670 2728 5741 scriptos
2753 5690 2765 5726 :
2795 5672 2872 5727 sic
2901 5672 3044 5730 enim
3083 5673 3299 5730 Simeon
3340 5674 3750 5744 Metaphrastes.
