4038 6154
350 311 522 352 xxxttt
1272 292 1359 346 DE
1399 291 1886 351 SCRIPTORIBUS

2021 292 2162 350 RUM
2191 295 2680 356 CI-IIIYSOSTOJII.
3467 332 3620 375 xxv"

345 411 640 467 Orationes
693 421 825 462 vero
855 415 1039 462 contra
1083 405 1299 464 Judacos
1341 417 1544 463 certum
1591 417 1760 463 estex
1810 407 1938 476 ipsis

347 499 727 572 Chrysostomi
760 498 942 554 verbis
990 498 1201 556 habitas
1231 513 1351 554 esse
1399 513 1541 554 anno
1569 497 1804 553 secundo
1853 497 1938 552 vel

351 592 518 647 tertio
545 591 892 652 diaconatus;
924 604 1029 658 quo
1054 590 1214 645 etiam
1243 603 1384 644 anno
1405 589 1543 644 dicta
1567 598 1650 644 est
1679 589 1765 642 illa
1789 604 1938 658 egre-

344 686 436 754 gia
465 684 518 738 in
550 683 806 753 Babylam
825 683 1016 736 oratio.
1039 685 1212 752 Atque
1233 682 1339 749 hic,
1364 682 1606 752 quamvis
1627 689 1775 737 extra
1801 697 1934 748 rem,

343 775 609 830 nonnulla
653 789 722 828 ex
753 773 994 826 historiis
1024 782 1254 827 attexam
1296 773 1363 828 de
1402 773 1620 842 scriptis
1657 773 1772 842 ejus
1819 781 1939 841 post

342 866 712 922 diaconatum.
746 866 1100 935 Nicc-pliorus,
1129 867 1218 936 qui
1251 881 1309 921 se
1333 866 1454 920 inde
1483 867 1550 920 ab
1579 866 1935 921 adolescentia

343 959 466 1028 ejus
491 974 678 1012 amore
706 957 977 1027 ﬂagrasse,
1010 970 1170 1028 atque
1209 959 1260 1012 in
1306 958 1478 1022 illius,
1510 957 1726 1026 perinde
1756 973 1817 1012 ac
1844 958 1935 1012 Dei

337 1049 512 1119 ipsius
532 1090 546 1115 ,
571 1049 791 1102 vocibus
816 1048 1146 1118 acquievisse
1176 1048 1394 1114 scribit,
1427 1063 1456 1102 a
1478 1048 1682 1103 Joanne
1711 1048 1933 1118 presby-

339 1155 463 1196 tero
491 1141 824 1210 conscriptas
849 1141 1009 1195 tradit
1050 1142 1410 1209 expositiones
1450 1142 1500 1194 in
1531 1141 1810 1210 Evangelia
1833 1181 1846 1206 ,
1880 1141 1930 1194 in

338 1231 608 1294 Psalmos,
651 1231 720 1287 de
745 1231 968 1298 Statuis,
1001 1231 1066 1285 de
1092 1231 1402 1302 Virginitate
1423 1234 1759 1302 (Anonymns
1787 1231 1932 1285 addit

337 1323 744 1392 Expositionem
788 1323 838 1375 in
889 1321 1133 1391 Isaiam);
1164 1322 1232 1375 ab
1271 1322 1462 1376 eodem
1510 1322 1782 1391 episcopo,
1820 1321 1928 1375 Ex-

334 1417 636 1487 positiones
661 1415 717 1468 in
736 1415 796 1468 Β.
822 1415 1139 1483 Apostolum
1165 1413 1252 1485 (de
1273 1431 1374 1484 qua
1394 1430 1450 1468 re
1467 1413 1673 1485 supra),
1699 1415 1750 1469 in
1775 1415 1923 1481 Acta,

330 1518 392 1562 et
417 1508 811 1578 Panegyricos:
841 1521 1069 1577 quorum
1116 1516 1291 1562 tamen
1342 1507 1478 1561 bona
1519 1521 1670 1576 pars,
1719 1514 1778 1561 ut
1817 1505 1926 1560 suis

333 1597 476 1652 locis
501 1597 855 1660 ostendimus,
884 1598 1082 1667 scripta
1122 1607 1204 1652 est
1229 1598 1556 1663 Antiochiae;
1588 1608 1642 1652 et
1672 1613 1738 1652 ne
1767 1598 1924 1668 longe

330 1689 553 1753 abeam,
582 1688 674 1743 ille
699 1689 753 1742 in
783 1688 1053 1743 Meletium
1085 1698 1206 1758 post
1231 1703 1402 1744 annos
1430 1689 1662 1760 quinque
1691 1704 1720 1742 a
1752 1698 1925 1745 morte

333 1777 541 1832 Melctii
570 1778 780 1834 habitus
803 1786 915 1846 est,
947 1778 1048 1832 hoc
1077 1787 1189 1844 est,
1223 1779 1396 1848 primo
1419 1794 1559 1833 anno
1587 1779 1920 1850 presbytera-

329 1877 442 1922 tus.
471 1869 580 1940 Sed_
609 1871 890 1924 redeamus
919 1869 985 1923 ad
1006 1869 1318 1925 Socratem:
1347 1871 1498 1940 cujus
1528 1869 1653 1924 illud
1677 1870 1919 1924 ultimum

328 1974 440 2012 non
476 1959 672 2028 injuria
704 1959 1068 2029 reprehendas
1092 2001 1104 2025 ,
1135 1960 1275 2030 quod
1303 1958 1576 2030 expressis
1602 1959 1776 2014 verbis
1805 1961 1920 2014 sine

325 2050 436 2103 ulla
462 2050 797 2106 dubitatione
837 2052 1141 2106 incendium
1171 2053 1356 2122 templi
1380 2064 1432 2106 et
1465 2052 1628 2106 curia:
1657 2052 1919 2106 Joannitis

326 2139 434 2210 (sic
456 2143 598 2196 enim
621 2144 710 2212 qui
728 2143 950 2198 Joannis
972 2145 1140 2197 nostri
1169 2144 1392 2212 partium
1415 2152 1585 2203 erant,
1609 2142 1912 2214 audiebant)

325 2234 562 2288 tribuit:
596 2249 718 2287 cum
770 2235 928 2289 minis
971 2235 1230 2290 bonorum
1270 2235 1740 2304 adsi‘riplionibus,
1786 2235 1916 2290 diris

322 2325 655 2380 cruciatibus
693 2332 751 2379 et
776 2325 1215 2395 exquisitissimis
1257 2327 1538 2380 tormentis
1565 2325 1616 2380 in
1653 2326 1812 2389 viros,
1862 2326 1912 2379 in

322 2418 554 2472 feminas
575 2417 818 2471 Saevitum
841 2427 987 2472 esset
1011 2435 1024 2470 :
1054 2417 1190 2472 adeo
1211 2426 1269 2472 ιιι
1289 2417 1502 2486 quidam
1534 2417 1915 2486 quaestionibus

321 2511 776 2574 immorerentur,
805 2510 1025 2580 quidam
1057 2509 1213 2579 paulo
1245 2519 1366 2578 post
1396 2513 1730 2579 exspirarent
1765 2527 1778 2562 :
1817 2526 1912 2564 ue-

316 2616 431 2668 que
471 2611 647 2654 tamen
686 2601 850 2655 ullum
880 2601 998 2672 ejus
1026 2599 1282 2656 facinoris
1316 2609 1647 2670 compertum
1675 2601 1744 2655 sit
1773 2600 1913 2671 apud

318 2691 602 2747 Joannitas
629 2692 936 2763 vestigium.

404 2801 422 2833 ι
448 2783 588 2850 Jam,
615 2784 658 2837 si
687 2785 884 2853 placet,
908 2783 974 2838 ad
996 2783 1281 2855 Georgium
1313 2783 1728 2840 Alexandrinum
1755 2798 1912 2839 accee

316 2878 552 2930 damus:
588 2877 671 2931 cui
701 2876 942 2943 Photius,
973 2877 1148 2947 magni
1171 2876 1353 2946 judicii
1383 2877 1482 2940 vir,
1524 2884 1578 2930 et
1621 2875 1913 2930 acerrimus

324 2976 573 3022 veterum
601 2967 922 3035 scriptorum
948 2981 1160 3032 censor,
1214 2965 1320 3021 duo
1373 2965 1615 3036 impingit
1665 2966 1908 3033 crimina,

319 3058 634 3114 IIcIIenismi
683 3072 788 3112 non
833 3058 1134 3124 observati,
1177 3066 1231 3112 et
1267 3058 1580 3128 ignorantia:
1623 3057 1910 3114 factorum.

324 3153 408 3205 De
433 3150 600 3222 priori
629 3149 791 3204 multa
819 3147 1124 3205 monuimus
1144 3151 1340 3219 passim
1368 3149 1422 3202 in
1444 3148 1614 3214 Notis,
1648 3157 1701 3204 et
1722 3164 1808 3204 res
1828 3157 1912 3205 est

316 3243 498 3298 cuivis
552 3241 706 3296 obvia
737 3260 748 3294 :
779 3241 847 3296 de
896 3241 1198 3310 posteriori,
1247 3256 1407 3310 quam
1463 3240 1706 3296 historiae
1743 3241 1912 3296 Geor-

316 3335 496 3404 gianae
523 3341 728 3405 partem
752 3341 939 3388 notare
969 3333 1217 3399 voluerit,
1247 3348 1367 3388 cum
1397 3333 1525 3387 nihil
1575 3333 1772 3388 diserte
1814 3350 1908 3388 ex-

315 3427 608 3494 primatur,
633 3423 853 3478 difﬁcile
878 3433 959 3478 est
987 3432 1240 3478 statuere.
1270 3421 1376 3478 Nos
1404 3431 1582 3478 tamen
1610 3438 1680 3478 ne
1709 3424 1808 3477 hac
1856 3424 1907 3478 in

318 3524 478 3585 ptrte
517 3515 771 3570 studiosis
812 3514 1100 3569 lectoribus
1126 3513 1359 3568 defuisse
1389 3513 1682 3579 videamur,
1723 3515 1908 3583 conje-

319 3616 504 3660 cturas
524 3615 737 3659 nostras
755 3604 1081 3659 adducemus
1107 3605 1158 3659 in
1193 3603 1448 3669 medium,
1477 3603 1793 3670 rationibus,
1851 3612 1910 3659 ut

320 3705 476 3767 puto,
507 3711 612 3750 non
639 3695 957 3765 spernendis
981 3694 1242 3750 ﬁrmatas.
1268 3699 1346 3751 Ac
1375 3695 1568 3765 primo,
1616 3696 1908 3766 scriptores

319 3803 502 3843 rerum
547 3788 916 3860 Chrysostomi
970 3791 1022 3842 in
1079 3787 1211 3844 duas
1263 3788 1524 3843 distribuo
1575 3789 1796 3843 classes.
1850 3786 1905 3842 In

320 3880 504 3949 priore
529 3888 738 3932 veteres
766 3892 926 3946 pono,
955 3877 1247 3932 Palladium
1270 3877 1686 3942 Theodoretum,
1714 3876 1908 3932 Socra-

320 3971 511 4024 temet
540 3967 922 4034 Sozomeuum,
948 3968 1036 4038 qui
1067 3975 1159 4020 aut
1183 3967 1402 4022 Joannis
1453 3982 1589 4034 ωηο,
1643 3977 1736 4020 aut
1785 3981 1905 4035 pro-

319 4059 468 4113 ximo
497 4066 619 4127 post
638 4057 986 4126 scripserunt,
1014 4066 1117 4112 ete
1158 4056 1386 4113 diversis
1437 4057 1668 4112 fontibus
1721 4059 1908 4112 hause—

318 4160 466 4205 runt.
499 4148 686 4218 Neque
705 4149 850 4203 enim
879 4147 1153 4217 probabile
1203 4156 1305 4213 est,
1356 4163 1540 4202 eorum
1588 4163 1907 4218 quemquam

318 4239 545 4295 alterius
567 4239 844 4292 historiam
873 4229 1088 4293 vidisse.
1143 4238 1238 4293 His
1284 4253 1544 4294 accenseo
1578 4239 1908 4308 antiquitatis

319 4332 492 4403 gratia
526 4341 762 4397 nostros,
793 4331 1112 4400 Prosperum
1143 4332 1539 4401 Aquitanicum,
1568 4342 1624 4386 et
1648 4333 1910 4386 Marcelli-

322 4437 452 4476 num
481 4419 747 4476 Comitem
778 4438 791 4474 :
824 4422 877 4475 in
907 4422 1072 4477 altera
1103 4423 1255 4476 lance
1286 4423 1499 4476 unicum
1551 4437 1693 4492 pono
1737 4422 1907 4479 Geor-

321 4513 488 4584 gium.
522 4511 657 4566 Nam
688 4527 852 4582 quum
877 4528 940 4566 ex
971 4513 1136 4582 ipsius
1161 4527 1254 4567 ore
1284 4513 1568 4580 loquantur
1586 4514 1766 4568 caeteri
1794 4529 1909 4567 om-

322 4620 440 4660 nes.
473 4604 584 4660 Leo
612 4604 926 4676 Imperator,
960 4606 1294 4676 Auouymus,
1319 4604 1720 4672 Metaphrastes,
1745 4603 1910 4658 Zona-

331 4710 442 4761 ras,
468 4695 689 4765 Glycas,
718 4695 1073 4765 Nicephorus,
1099 4695 1398 4760 Cedrenus,
1433 4694 1543 4758 alii,
1573 4693 1784 4747 nonnisi
1813 4709 1908 4762 pro

329 4803 436 4845 uno
459 4797 598 4842 teste
620 4788 932 4842 numerandi
956 4797 1101 4843 sant.
1129 4787 1183 4842 In
1230 4788 1422 4856 quibus
1466 4786 1624 4856 igitur
1650 4785 1910 4855 Georgius

325 4895 354 4933 a
385 4878 658 4934 veteribus
686 4877 933 4944 discedit,
960 4889 1052 4932 aut
1073 4879 1345 4933 veteribus
1367 4892 1500 4931 nova
1518 4877 1584 4930 de
1605 4891 1702 4930 suo
1718 4877 1905 4943 assuit,

328 4987 390 5027 ea
417 4971 528 5027 fere
557 4970 736 5024 omnia
769 4971 851 5026 vel
880 4972 931 5025 in
962 4970 1110 5025 falsis
1138 4971 1400 5039 relinquo,
1433 4969 1513 5024 vel
1542 4970 1592 5022 in
1623 4970 1905 5037 suspectis.

404 5080 422 5114 ι
469 5065 548 5117 Ac
570 5065 798 5132 primum
850 5061 948 5115 hac
977 5077 1137 5132 scopa
1189 5061 1317 5115 mihi
1370 5060 1640 5130 purganda
1691 5062 1909 5117 veniunt

325 5155 584 5210 miracula
611 5156 699 5209 illa
727 5155 1089 5218 sanationum,
1121 5154 1384 5208 visionum
1409 5154 1681 5218 etomnia,
1709 5153 1910 5222 dequi-
1946 5185 1954 5192 ‹

329 5249 428 5304 bus
451 5249 592 5319 apud
621 5257 834 5304 veteres
862 5248 1188 5302 obstinatum
1214 5246 1508 5310 silentium,
1564 5261 1684 5300 cum
1738 5245 1908 5301 Geor-

324 5342 444 5413 gius
470 5341 535 5396 iis
562 5340 1048 5396 commemorandis
1090 5354 1191 5394 nec
1218 5338 1431 5392 modum
1458 5337 1616 5394 faciat
1647 5354 1820 5406 neque
1849 5339 1910 5394 ﬁ-

324 5447 470 5488 nem.
504 5430 668 5488 Certe
691 5431 744 5485 iu
774 5430 876 5485 hoc
899 5438 1120 5499 peccant
1149 5445 1255 5482 non
1279 5427 1539 5496 Georgius
1559 5437 1784 5495 tantum,
1814 5428 1906 5484 sed

328 5536 385 5581 et
413 5524 504 5580 alii
523 5522 812 5593 Georgium
829 5520 999 5577 secuti
1027 5539 1041 5575 :
1072 5523 1302 5590 quicum
1331 5520 1523 5574 nudam
1547 5529 1601 5574 et
1619 5520 1907 5574 solitariam

327 5622 611 5676 veritatem
638 5629 747 5671 non
793 5620 1044 5682 putarent
1082 5612 1214 5666 satis
1238 5626 1361 5665 esse
1408 5609 1759 5681 magniﬁcam,
1818 5619 1908 5665 aut

327 5707 457 5764 illud
489 5703 818 5772 Thucydidis
843 5711 1174 5763 vererentur.
1222 5717 1289 5756 ne
1318 5719 1416 5757 non
1459 5701 1690 5770 fabulosa
1740 5701 1904 5754 minus

654 5795 927 5854 Parnm.
969 5794 1084 5852 GR.
1134 5789 1348 5851 XLVII
1364 5835 1378 5848 .

2047 416 2190 476 grata
2210 407 2513 478 viderentur,
2545 413 2857 470 immensam
2905 432 3288 489 congesserunt
3334 427 3622 484 miraculo-

2047 512 2162 596 rum
2199 501 2302 552 vim
2328 517 2340 566 ;
2367 512 2417 555 et
2444 517 2548 571 quo
2576 505 2836 575 ﬁngendis
2860 509 3131 566 miraculis
3151 513 3299 570 locus
3325 529 3466 574 esset
3486 521 3638 596 liba-3

2045 588 2173 653 rior,
2203 590 2369 659 ipsam
2401 592 2635 650 historia:
2656 606 3010 655 contestatam
3040 604 3316 660 veritatem
3351 624 3450 665 nec
3498 628 3621 669 raro

2045 695 2141 736 nec
2164 681 2352 738 leviter
2374 685 2738 743 immutarunt.
2763 691 2993 748 Proinde
3024 710 3140 764 qua:
3166 699 3305 766 apud
3331 700 3619 772 Georgium

2043 783 2166 827 sunt
2196 774 2263 829 de
2292 777 2600 844 Anthemio,
2655 781 2722 836 de
2747 781 2996 857 Hcsychii
3041 787 3277 856 visione,
3335 791 3399 846 de
3455 795 3618 848 nobili

2042 863 2396 930 Antiocheno,
2423 869 2489 923 de
2515 868 2843 926 hemicranio
2897 874 3187 944 laborante,
3234 879 3301 935 de
3347 883 3619 938 Archelao

2041 954 2252 1024 leproso
2281 998 2296 1021 ,
2342 955 2639 1015 Chris'tiana
2686 965 2830 1033 ﬂuxu
2865 968 3123 1036 sanguinis
3168 969 3453 1040 laborante,
3511 975 3618 1028 Eu-

2039 1045 2157 1100 cleo
2179 1049 2637 1118 mon0plithalmo,
2673 1054 2826 1109 leone
2845 1067 3130 1125 prostrato,
3157 1060 3224 1115 de
3239 1062 3355 1117 alba
3371 1065 3615 1120 columba

2038 1140 2194 1206 capiti
2223 1139 2464 1207 Joannis,
2495 1159 2615 1198 cum
2645 1147 2922 1216 presbyter
2943 1150 3300 1218 ordinaretur,
3327 1153 3610 1223 insidente,

2037 1227 2102 1283 de
2126 1230 2320 1284 Euelire
2351 1232 2482 1299 ﬁlio,
2514 1234 2580 1289 de
2608 1247 2774 1291 uxore
2801 1239 3038 1307 praefecti
3069 1243 3383 1310 Antiochiae,
3415 1245 3482 1300 de
3504 1246 3612 1300 da:-

2036 1322 2280 1376 moniaco
2312 1323 2537 1380 liberato
2567 1327 2654 1383 die
2680 1333 3099 1387 consecrationis
3122 1375 3136 1400 ,
3177 1335 3245 1389 de
3297 1337 3486 1405 angelo
3531 1336 3609 1391 di-

2033 1414 2219 1466 stricto
2243 1413 2418 1483 gladio
2444 1417 2763 1485 prohibente
2783 1423 3126 1478 centuriones
3141 1434 3195 1479 et
3216 1425 3410 1480 milites
3430 1427 3610 1481 Eudo-

2033 1502 2134 1556 xize
2164 1505 2232 1558 ab
2253 1505 2491 1576 ingressu
2519 1510 2695 1578 palatii
2726 1513 3044 1582 episcopalis
3070 1557 3082 1579 ,
3115 1516 3183 1570 de
3208 1532 3271 1571 eo
3299 1519 3381 1572 cui
3423 1535 3610 1573 manus

2032 1592 2294 1650 miraculo
2333 1606 2386 1651 et
2407 1599 2634 1654 arefacta
2665 1610 2718 1656 et
2738 1610 2920 1658 sanata
2963 1614 3062 1671 est,
3115 1607 3183 1662 de
3211 1609 3502 1679 paralytico
3554 1611 3606 1662 in

2029 1685 2284 1740 Armenia
2314 1689 2524 1744 sanitati
2552 1693 2819 1760 restituto,
2854 1695 2922 1750 de
2953 1696 3197 1766 Adelphii
3227 1699 3448 1763 visione,
3479 1707 3532 1755 et
3559 1701 3606 1755 si

2027 1791 2144 1845 quae
2166 1776 2269 1830 alia
2292 1778 2530 1847 ejusdem
2553 1785 2797 1852 generis;
2828 1800 2946 1840 cum
2980 1799 3219 1844 veterum
3253 1791 3463 1844 illorum
3493 1807 3602 1845 uno

2027 1865 2190 1919 verbo
2211 1868 2472 1933 omnium,
2507 1881 2560 1925 et
2588 1887 2651 1927 ex
2677 1877 3082 1942 recentioribus,
3115 1879 3444 1947 Damasceni,
3499 1881 3603 1936 Zo-

2025 1971 2188 2022 naras,
2213 1957 2527 2029 Nicephori,
2555 1962 2804 2031 Ccdrcni,
2860 1969 3172 2024 auctoritate
3228 1971 3600 2036 destituantur,

2026 2053 2076 2105 in
2129 2055 2330 2108 incertis
2369 2055 2631 2125 relinquo.
2679 2057 2745 2111 Et
2787 2058 3000 2126 quidem
3027 2061 3278 2132 pleraque
3306 2079 3508 2129 eorum,
3557 2065 3602 2120 si

2022 2145 2142 2215 quis
2185 2147 2402 2217 propius
2453 2148 2816 2217 introspiciat,
2854 2152 2988 2204 mala
3019 2152 3338 2208 a'tnulalione
3374 2156 3600 2224 quadam

2019 2234 2086 2289 ad
2108 2236 2506 2291 similitudinem
2541 2239 2916 2293 miraculorum
2956 2241 3006 2294 in
3039 2242 3094 2297 S.
3124 2243 3399 2311 Scriptura
3434 2246 3601 2300 conli-

2019 2335 2102 2379 cta
2143 2326 2440 2380 videantur.
2473 2328 2662 2382 Totum
2689 2329 2812 2383 illud
2860 2330 3043 2384 drama
3078 2334 3345 2388 Anthemii
3373 2337 3601 2407 philoso

2021 2416 2129 2485 phi,
2158 2417 2528 2474 Demosthenis
2557 2420 2818 2488 prmfecti,
2838 2432 2892 2476 et
2913 2422 3134 2478 Joannis
3161 2425 3332 2479 doctis
3357 2427 3604 2496 judicana

2022 2505 2146 2560 dum
2175 2508 2442 2576 permitto,
2474 2525 2650 2564 annon
2683 2510 2748 2564 ad
2775 2514 3076 2581 exemplum
3132 2515 3276 2569 illius
3329 2518 3378 2570 in
3429 2519 3596 2572 sacris

2019 2596 2189 2652 literis
2218 2599 2285 2653 de
2316 2599 2526 2671 Elyma,
2553 2601 2740 2668 Sergio
2780 2602 2943 2656 Paulo
2991 2611 3046 2658 et
3090 2604 3150 2658 Β.
3202 2607 3478 2676 Apostolo,
3531 2609 3598 2664 ab

2017 2688 2193 2742 etioso
2221 2689 2446 2744 cerebro
2477 2705 2789 2760 expressum
2822 2692 3088 2748 videatur.
3123 2694 3266 2749 Idem
3297 2697 3365 2750 de
3395 2697 3597 2753 Arche-

2017 2777 2102 2833 lao
2129 2778 2195 2833 ad
2219 2779 2504 2849 imaginem
2533 2781 2768 2836 Naaman
2791 2783 2930 2852 Syri,
2978 2784 3047 2839 de
3073 2786 3404 2843 Antiocheno
3432 2788 3598 2843 hemi-

2017 2871 2199 2927 cranio
2221 2871 2519 2940 laborante,
2562 2882 2616 2929 et
2639 2874 2935 2930 Christiana
2966 2877 3112 2946 ﬂuxu
3149 2880 3408 2948 sanguinis
3453 2879 3593 2934 labo-

2015 2973 2158 3018 rante
2177 2963 2241 3019 ad
2265 2967 2540 3020 mulierem
2570 2968 2714 3037 ﬂuxu
2739 2969 3000 3038 sanguinis
3027 2967 3334 3023 laborantem
3357 2973 3408 3025 in
3436 2987 3597 3026 evan-

2014 3055 2185 3124 gelio,
2245 3054 2312 3111 de
2366 3055 2692 3112 daamoniaco
2747 3059 2813 3112 ad
2871 3057 3259 3115 diemoniacum
3317 3062 3594 3119 liberatum

2015 3145 2178 3200 Marci
2199 3161 2377 3211 nono;
2407 3156 2461 3202 et
2483 3147 2625 3217 quod
2653 3148 2769 3203 sine
2791 3148 3158 3219 indignatione
3187 3165 3292 3205 non
3339 3152 3478 3222 lego,
3531 3155 3597 3208 de

2015 3235 2260 3290 columba
2306 3236 2571 3292 insidente
2600 3239 2760 3307 capiti
2787 3237 3006 3293 Joannis
3031 3239 3083 3292 in
3111 3240 3474 3306 ordinatione,
3528 3245 3596 3298 ad

2016 3327 2300 3398 imaginem
2329 3329 2585 3400 unigeniti
2615 3331 2734 3386 Filii
2775 3331 2868 3385 Dei
2901 3331 2952 3386 in
3001 3333 3286 3403 baptismo.
3341 3336 3469 3390 Nam
3522 3339 3594 3391 illi

2014 3417 2185 3472 Procli
2213 3419 2422 3484 visioni,
2453 3435 2572 3490 quae
2603 3420 2666 3475 D.
2699 3420 2919 3474 Paulum
2951 3421 3139 3477 Joanni
3182 3424 3289 3493 jam
3342 3428 3595 3498 episcopo

2013 3509 2400 3577 expositionem
2431 3513 2482 3566 in
2510 3512 2760 3582 epistolas
2789 3514 2956 3582 ipsius
2979 3515 3255 3571 meditanti
3308 3534 3401 3586 per
3451 3519 3595 3574 fora-

2014 3617 2137 3658 tnen
2166 3603 2296 3658 vidit
2337 3603 2391 3658 in
2416 3619 2598 3659 aurem
2626 3605 2911 3660 dictantem
2939 3622 3058 3677 quae
3107 3609 3382 3674 scriberet,
3438 3610 3596 3668 ﬁdem

2015 3685 2235 3765 deregat
2263 3714 2277 3750 :
2307 3695 2446 3765 quod
2478 3696 2728 3766 pleraque
2754 3697 2869 3766 ejus
2896 3707 2951 3752 et
2970 3697 3255 3753 lectissima
3289 3700 3338 3754 in
3365 3702 3596 3770 Aposto-

2013 3785 2121 3838 lum
2150 3786 2200 3838 in
2222 3788 2331 3841 otio
2361 3787 2452 3842 illo
2475 3787 2806 3842 Antiocheno
2836 3788 3029 3857 scripta
3057 3787 3218 3844 fuisse
3239 3799 3466 3856 constet,
3495 3791 3594 3846 de-

2018 3876 2210 3931 teriora
2249 3887 2300 3931 et
2327 3877 2502 3945 inﬁmo
2554 3879 2660 3931 loco
2689 3878 2918 3932 habenda
2967 3876 3445 3950 Constantinopoli,
3503 3882 3592 3935 vix
3629 3949 3635 3956 ι

2012 3965 2412 4038 Οιιινγηοειοιηο,
2448 3967 2640 4022 nedum
2667 3967 2846 4021 divino
2875 3966 2932 4022 S.
2967 3969 3115 4022 Pauli
3168 3970 3367 4038 Spiritu
3417 3972 3595 4040 digna.
3625 3969 3632 3990 ‘

2014 4053 2070 4110 In
2141 4058 2485 4112 translatione
2542 4058 2881 4127 reliquiarum
2929 4058 3151 4113 Joannis
3216 4060 3595 4132 Imperatorem

2014 4147 2368 4202 Theodosium
2419 4149 2605 4202 oculos
2649 4163 2711 4201 ac
2759 4147 2986 4203 frontem
3037 4150 3379 4219 reliquiarum
3449 4167 3597 4205 urna:

2014 4239 2329 4322 avﬁ‘ricuisse,
2357 4240 2513 4295 ﬁdem
2541 4240 3073 4309 facitTheodoretus,
3100 4242 3248 4296 testis
3265 4243 3366 4311 ﬁde
3391 4244 3595 4313 dignus;
3690 4283 3695 4287 ι

2015 4331 2108 4386 sed
2134 4331 2201 4385 de
2222 4332 2422 4384 homine
2447 4333 2692 4401 serpentis
2715 4333 2861 4385 dente
2881 4334 2999 4386 laeso
3024 4343 3079 4388 et
3109 4335 3353 4404 podalgo,
3377 4337 3595 4388 eodem-
3692 4333 3697 4340 ’

2015 4434 2115 4490 que
2135 4421 2389 4490 chiralgo,
2418 4421 2468 4475 in
2511 4423 2791 4490 praesentia
2819 4423 3052 4474 omnium
3086 4423 3158 4476 ibi
3189 4425 3405 4488 sanatis,
3439 4438 3594 4477 assu-

2015 4519 2252 4564 mentum
2274 4520 2355 4565 est
2381 4510 2612 4580 Georgii,
2643 4527 2709 4566 ne
2735 4511 2940 4565 Cosmae
2968 4512 3180 4580 quidem
3205 4513 3476 4578 Vestitori,
3501 4514 3595 4567 ho-

2013 4601 2142 4656 mini
2164 4603 2397 4656 omnium
2426 4603 2642 4656 maxime
2688 4604 3032 4671 superstitioso
3065 4613 3438 4657 memoratum.
3485 4605 3590 4661 Sed

2013 4693 2079 4747 ad
2125 4694 2298 4762 priora
2322 4701 2577 4747 revertor.
2603 4691 2859 4747 Joannem
2884 4692 3110 4761 primum
3141 4707 3171 4748 a
3199 4692 3408 4749 Meletio
3422 4695 3595 4766 bapti-

2015 4793 2187 4837 zatum
2220 4784 2396 4848 tradit,
2428 4791 2482 4836 et
2507 4782 2701 4838 deinde
2730 4793 2974 4851 parentes
2999 4783 3181 4852 ipsius,
3210 4800 3328 4838 cum
3359 4785 3596 4841 Joannes

2020 4876 2154 4944 ipse,
2170 4885 2298 4929 utex
2320 4874 2552 4929 Palladio
2563 4882 2790 4938 constat,
2809 4890 2911 4928 non
2925 4885 3047 4930 ante
3059 4891 3254 4929 amunn
3270 4877 3439 4929 aetatis
3454 4877 3593 4932 vice«

2014 4969 2206 5022 simum
2238 4967 2530 5036 baptizatus
2556 4967 2737 5032 fuerit,
2763 4978 2918 5036 prout
2945 4982 3060 5022 mos
3087 4967 3287 5021 fert-hat
3310 4967 3445 5022 illius
3466 4979 3592 5022 teta-

2016 5060 2102 5123 tis,
2133 5059 2424 5128 prtesertim
2453 5059 2504 5112 in
2528 5059 2628 5112 illis
2657 5061 2743 5128 qui
2772 5074 2875 5111 non
2904 5065 3083 5112 essent
3121 5057 3435 5111 Christianis
3480 5058 3589 5112 nati

2015 5152 2342 5221 parentibus,
2363 5160 2571 5206 mortuo
2587 5160 2709 5204 ante
2732 5150 2947 5205 totidem
2966 5164 3132 5204 annos
3155 5160 3302 5217 patre
3321 5150 3590 5218 Secundo,

1975 5234 1982 5244 ’
2014 5241 2151 5295 sicut
2180 5255 2335 5310 supra
2364 5250 2635 5295 ostensum
2659 5247 2759 5293 est.
2803 5239 2969 5293 Matre
3004 5239 3214 5318 quidem
3243 5239 3406 5294 fuisse
3430 5238 3588 5294 Chri-

2014 5332 2202 5394 stiana,
2220 5333 2406 5386 saltem
2427 5331 2541 5399 ipso
2566 5345 2762 5383 annum
2789 5340 2976 5397 agente
2996 5319 3325 5390 vicesimum.
3345 5344 3409 5383 ex
3429 5327 3591 5394 ipsius

2013 5423 2377 5490 Chrysostomi
2409 5423 2582 5476 verbis
2617 5431 2838 5489 apparet
2878 5421 2928 5474 in
2967 5419 3218 5476 Oratione
3266 5421 3332 5474 ad
3364 5419 3586 5476 Viduam

2009 5514 2294 5584 juniorcm.
2326 5515 2399 5569 De
2425 5522 2576 5583 patre
2606 5513 2736 5566 nihil
2764 5524 2963 5568 temere
2993 5512 3400 5572 afﬁrmaverim;
3430 5520 3518 5564 aut
3543 5511 3591 5566 si

2014 5606 2174 5659 ambo
2197 5605 2391 5659 fuerint
2409 5604 2695 5659 Christiani
2714 5604 2781 5656 ab
2803 5604 2973 5668 initio,
3003 5604 3142 5673 quod
3163 5604 3386 5658 fortasse
3406 5599 3586 5654 verius

2015 5712 2118 5764 est,
2150 5697 2312 5750 ﬁlium
2333 5712 2496 5769 usque
2515 5697 2577 5751 ad
2601 5712 2716 5749 eam
2735 5704 2943 5749 aetatem
2958 5695 3275 5764 baptismum
3290 5686 3587 5749 distulisse.

3175 5781 3215 5841 2

3903 5989 3906 6024 l
