4038 6154
392 285 531 325 XXXV

393 402 498 440 non
534 383 636 439 erit
662 383 710 438 ei
741 383 952 443 mirum,
981 378 1068 446 qui
1093 370 1433 438 Nazianzeni,
1475 379 1699 438 utroque
1750 377 1966 438 parente

395 475 696 533 Christiano
719 473 847 536 nati,
873 477 1018 540 patre
1043 466 1202 520 etiam
1231 463 1502 532 episcopo,
1526 459 1701 515 Vitam
1729 459 1968 528 perlege.

395 570 486 625 rit.
514 567 760 624 Proximo
788 563 904 617 loco
929 556 1407 630 peregrinationem
1436 552 1580 607 illam
1606 551 1833 605 Atticam
1855 559 1970 604 stu-

394 660 600 716 diorum
625 669 750 724 ergo
779 666 938 722 pono.
971 649 1136 718 Hujus
1159 642 1598 717 peregrinationis
1617 640 1815 695 mentio
1832 637 1972 708 apud

392 759 620 813 veteres,
649 743 964 809 Palladium,
986 740 1280 803 Socratem,
1302 734 1464 798 nulla,
1489 747 1554 788 ne
1576 732 1738 786 ullum
1760 729 1970 800 quidem

393 841 695 910 vestigium,
729 836 820 906 qui
851 842 1026 888 tamen
1055 829 1266 885 curiose
1286 826 1414 882 satis
1443 823 1616 880 studia
1655 821 1769 891 ejus
1815 819 1971 889 juve-

393 934 521 988 nilia
543 931 714 990 literis
749 925 1089 982 mandarunt.

472 1041 491 1074 ε
537 1018 787 1077 Secunde
809 1015 1009 1071 nullum
1031 1011 1242 1082 reperio
1264 1018 1468 1078 tempus
1485 1021 1703 1061 vacuum
1734 1004 1785 1058 in
1811 1017 1968 1057 auuo-

396 1129 516 1169 rum
555 1107 917 1180 Chrysostomi
944 1102 1360 1173 computatione,
1388 1097 1527 1168 quod
1570 1096 1692 1150 huic
1736 1091 1973 1164 peregri-

398 1199 600 1256 nationi
627 1197 824 1268 possim
851 1194 1140 1250 destinare.
1171 1189 1352 1244 Tertio
1380 1196 1601 1242 matrem
1630 1183 1976 1254 indulgentis-

401 1297 614 1359 simam,
648 1306 765 1360 qua:
793 1288 899 1359 pati
929 1301 1033 1341 non
1062 1283 1251 1355 potuit,
1285 1289 1342 1335 ut
1380 1281 1430 1334 in
1458 1279 1660 1333 vicinos
1678 1275 1975 1331 Antiochia:

401 1394 610 1439 montes
655 1379 950 1441 secederet,
1000 1375 1120 1430 dico
1169 1372 1388 1427 minime
1437 1382 1848 1440 perpessurum,
1905 1377 1966 1424 ut.

402 1475 663 1538 Athenas,
697 1478 842 1524 tanto
881 1468 1117 1521 locorum
1153 1461 1324 1532 spatio
1348 1469 1487 1514 terra
1513 1457 1750 1525 marique
1777 1454 1972 1522 disjun-

402 1574 537 1627 etas,
557 1562 832 1631 migraret,
865 1555 1159 1626 praesertim
1184 1567 1303 1606 cum
1324 1551 1484 1604 vitam
1515 1547 1857 1602 monasticam
1885 1558 1950 1596 au

406 1653 621 1724 spicatis
643 1651 847 1705 crimen
873 1646 1152 1716 apostasia;
1181 1657 1286 1696 non
1315 1640 1474 1695 fuerit
1499 1638 1600 1692 illis
1629 1634 1974 1704 temporibus,

407 1745 620 1798 deserto
644 1737 986 1802 monasterio,
1014 1735 1066 1790 in
1098 1734 1280 1788 urbem
1303 1730 1500 1796 redire,
1533 1727 1672 1798 quod
1696 1726 1808 1794 ipse
1839 1725 1977 1778 ultro

405 1835 531 1889 fecit
554 1831 986 1901 Chrysostomus,
1021 1823 1286 1880 ulterioris
1310 1821 1451 1874 illius
1478 1816 1777 1872 solitudinis
1801 1815 1869 1869 ob
1897 1814 1976 1866 in-

404 1924 758 1978 valetudiuem
783 1926 1057 1987 perttcsus.
1105 1913 1276 1981 Atque
1304 1919 1362 1963 ut
1383 1909 1552 1962 dicam
1590 1905 1731 1975 quod
1783 1905 1974 1968 sentio,

403 2025 574 2071 totum
597 2015 700 2068 hoc
722 2012 788 2067 ad
815 2008 1116 2078 exemplum
1139 2005 1322 2060 Basilii
1346 2002 1516 2073 Magni
1555 2013 1609 2055 et
1633 1999 1845 2068 Georgii
1877 1997 1979 2051 Na-

406 2106 642 2162 zianzeui
695 2102 978 2157 conﬁctum
1026 2097 1298 2161 arbitror;
1343 2107 1476 2163 quos
1525 2090 1710 2144 ambos
1759 2087 1982 2142 Athenis

407 2195 677 2251 studuisse
705 2199 886 2245 uotum
919 2196 1032 2252 est;
1064 2202 1129 2241 ne
1159 2185 1359 2239 scilicet
1388 2183 1620 2236 Joannes
1647 2187 1825 2233 noster
1853 2177 1980 2231 reli-

410 2288 531 2356 quis
560 2282 810 2338 Ecclesiae
854 2277 1138 2334 Orientalis
1189 2274 1392 2344 magnis
1437 2271 1724 2326 luminibus
1767 2267 1984 2322 inferior

410 2375 702 2430 videretur.
733 2371 1014 2440 Georgius,
1040 2382 1156 2436 cap.
1183 2366 1270 2430 16,
1298 2363 1556 2418 Joannem
1589 2377 1618 2414 e
1660 2358 1984 2414 monasterio

411 2477 531 2538 post
559 2459 882 2520 triennalem'
907 2461 1054 2514 illam
1077 2457 1436 2513 secessionem
1459 2469 1487 2506 a
1512 2451 1765 2505 Flaviano
1797 2463 1984 2518 magna

414 2574 606 2630 pompa
671 2567 964 2624 arreptum,
1016 2549 1385 2620 presbyterum
1431 2544 1728 2601 ordinatum
1781 2541 1982 2596 scribit.

417 2653 599 2708 Primo
628 2649 714 2703 illa
749 2645 1021 2701 triennalis
1050 2642 1282 2697 secessio
1309 2640 1506 2694 nullum
1534 2638 1584 2691 in
1607 2638 1713 2691 vita
1750 2635 1986 2706 Chryso-

417 2745 574 2800 stomi
597 2743 770 2796 locum
805 2740 982 2803 habet,
1013 2745 1120 2790 tum
1152 2735 1220 2789 ob
1242 2749 1323 2798 ea,
1351 2748 1468 2802 quae
1492 2745 1646 2799 supra
1668 2727 1987 2783 monstravi-

416 2849 558 2898 mus,
593 2842 700 2885 tum
725 2827 865 2899 quod
894 2828 957 2882 iis
982 2826 1108 2895 ipSis
1135 2823 1288 2877 annis
1313 2830 1521 2876 constet
1544 2819 1984 2890 Chrysostomum

416 2926 473 2980 iu
507 2921 732 2978 ecclesia
755 2917 1023 2972 orationes
1053 2914 1301 2968 habuisse
1322 2928 1432 2978 eas,
1463 2927 1579 2982 quae
1607 2918 1815 2964 exstant
1857 2923 1988 2962 con-

418 3026 496 3068 tra
527 3013 758 3072 Judmos,
788 3016 841 3062 et
867 3007 918 3060 in
945 3006 1195 3075 Babylam
1220 3012 1525 3074 martyrem,
1559 3010 1788 3069 utsupra
1809 2997 1990 3051 videre

419 3105 565 3158 licet.
616 3098 837 3162 Deinde,
887 3103 1112 3167 quantos
1160 3094 1404 3162 plausus,
1456 3101 1681 3161 quantos
1729 3089 1991 3143 clamores

417 3195 585 3250 cieret
612 3207 672 3247 os
694 3191 818 3245 illud
848 3203 1086 3252 aureum,
1109 3187 1152 3240 si
1178 3201 1242 3240 ex
1273 3184 1597 3238 monasterio
1623 3189 1768 3235 tanto
1795 3179 1990 3250 petitus

417 3286 634 3349 ambitu,
668 3290 812 3337 tanto
838 3280 992 3335 datus
1013 3278 1170 3344 foret,
1217 3286 1271 3331 et
1299 3292 1401 3330 nou
1433 3291 1498 3330 ex
1521 3275 1697 3329 medio
1735 3273 1990 3328 diacono-

419 3391 535 3431 rum
561 3388 719 3445 grege
743 3372 808 3425 ad
828 3371 927 3424 hoc
945 3368 1293 3424 ministerium
1321 3367 1600 3436 sumptus?
1631 3365 1781 3432 Quod
1805 3378 1990 3418 verum

419 3481 540 3519 esse
566 3476 772 3517 mecum
795 3459 1065 3524 fatebitur,
1109 3456 1346 3526 quisquis
1390 3471 1509 3509 cum
1555 3454 1758 3524 judicio
1811 3453 1998 3522 legerit

422 3555 717 3608 orationem
762 3551 933 3615 illam,
967 3547 1108 3600 Num
1150 3561 1265 3598 vera
1305 3553 1450 3609 sunt,
1482 3552 1520 3597 t.
1545 3544 1596 3610 1,
1627 3558 1679 3613 p.
1705 3543 1826 3598 693.
1881 3541 1995 3596 Jam

424 3634 570 3715 quod
601 3641 783 3697 scribit
807 3639 1066 3707 Georgius
1090 3651 1206 3705 cap.
1237 3635 1325 3702 52,
1353 3651 1458 3689 non
1489 3649 1581 3688 sex
1611 3634 1802 3699 solum,
1834 3631 1926 3686 sed
1946 3639 2001 3685 et

425 3738 562 3792 alios
585 3749 687 3798 sex
715 3730 985 3801 depasitos
1003 3743 1028 3780 a
1047 3728 1252 3783 Joanne
1277 3728 1326 3780 iu
1357 3726 1482 3780 Asia
1509 3725 1807 3794 episcopos,
1837 3723 1999 3777 Palla-

429 3827 546 3880 dius
566 3833 750 3893 aperte
770 3829 948 3890 negat,
975 3831 1027 3874 et
1054 3836 1084 3873 a
1112 3832 1334 3872 numero
1362 3816 1427 3871 16
1454 3816 1539 3870 vel
1569 3817 1656 3881 17,
1711 3813 1852 3884 quod
1902 3813 1998 3866 ad-

426 3915 648 3972 versarii
671 3913 891 3970 Joannis
933 3911 1260 3981 objecerunt,
1295 3910 1509 3979 propius
1551 3908 1721 3960 abest.
1772 3905 1998 3960 Historia

426 4007 745 4076 Callitropcs
811 4003 900 4073 (c.
932 4001 1044 4073 '54)
1101 4002 1293 4055 multas
1339 3999 1500 4054 habet
1546 3997 1997 4058 circumstantias,

423 4112 650 4168 quarum
677 4095 812 4151 nihil
833 4093 1006 4147 simile
1028 4091 1246 4146 memini
1267 4090 1461 4144 vidisse
1490 4089 1542 4141 in
1594 4096 1777 4141 vetere
1827 4086 2001 4141 eccle-

426 4189 640 4243 siastica
665 4184 913 4248 historia,
942 4197 1116 4253 neque
1146 4183 1278 4248 scio,
1309 4195 1374 4233 an
1405 4193 1592 4234 omnes
1643 4178 1853 4234 defendi
1881 4194 2002 4247 pos-

425 4279 553 4335 sint.
588 4278 736 4334 Hanc
756 4275 1033 4331 historiam
1063 4272 1342 4329 confundit
1363 4271 1635 4327 Cedrenus
1663 4287 1782 4326 cum
1821 4272 1907 4325 illa
1937 4271 2003 4326 de

428 4371 582 4427 vidua
611 4367 938 4445 Theognosti
957 4365 1041 4439 (c.
1067 4367 1130 4420 41
1156 4366 1195 4436 ),
1221 4379 1340 4434 quae
1360 4364 1491 4418 adeo
1515 4363 1706 4418 similis
1733 4371 1815 4417 est
1841 4363 1911 4416 illi
1934 4362 2007 4419 de

426 4461 640 4520 Nabodi
664 4469 717 4514 et
739 4458 974 4524 Jezabel,
999 4465 1057 4511 ut
1084 4456 1248 4511 altera
1276 4471 1342 4510 ex
1365 4455 1532 4509 altera
1552 4469 1801 4524 expressa
1829 4453 2005 4506 videa-

428 4563 534 4608 tur.
567 4552 842 4620 Recipitur
880 4557 1056 4603 tamen
1107 4546 1222 4601 haec
1263 4545 1484 4600 historia
1535 4545 1603 4599 de
1645 4544 1800 4598 vidua
1831 4541 2006 4595 Theo-

428 4643 603 4714 guosti
629 4658 658 4696 a
687 4643 1038 4705 Damasceno,
1081 4640 1156 4694 uti
1177 4649 1230 4694 et
1272 4639 1339 4693 ab
1386 4638 1631 4692 omnibus
1661 4636 1772 4690 fere
1814 4649 2004 4688 recen-

431 4735 660 4789 tioribus
688 4733 1014 4802 biographis.
1057 4732 1188 4786 Nam
1230 4731 1368 4801 apud
1407 4743 1615 4787 veteres
1659 4731 1802 4784 nulla
1850 4728 2006 4798 hujus

434 4823 670 4878 historiae
691 4822 890 4877 mentio
919 4829 1038 4885 est;
1069 4835 1169 4876 nec
1198 4821 1511 4888 rescriptum
1541 4830 1642 4885 est,
1661 4819 1799 4889 quod
1817 4819 2002 4883 sciam,

436 4916 602 4969 ullum
633 4914 685 4966 in
715 4921 825 4966 toto
850 4911 972 4980 jure
999 4911 1242 4963 Romano
1272 4908 1396 4973 tale,
1447 4910 1603 4977 quale
1655 4909 1721 4962 ab
1766 4907 2008 4962 Eudoxia

440 5019 490 5061 in
517 5005 617 5060 hoc
644 5002 854 5073 negotio
877 5003 1091 5056 citatur.
1116 4999 1199 5055 Ad
1220 4998 1336 5053 hrec
1362 4998 1501 5052 inter
1525 4997 1826 5051 testimonia
1852 4998 2004 5066 igno-

436 5095 625 5150 rantiae
645 5093 857 5163 Georgii
887 5106 1050 5162 pono,
1078 5089 1220 5160 quod
1243 5089 1503 5144 Joannem
1527 5089 1594 5143 ab
1618 5087 1804 5148 exsilio
1829 5088 2008 5155 priore

439 5194 739 5243 revocatum
762 5186 912 5253 jussu
933 5181 1144 5237 Arcadii
1172 5179 1377 5245 scribit,
1408 5193 1526 5232 cum
1566 5177 1744 5246 p0puli
1767 5177 2012 5232 clamori-

439 5281 560 5346 bus,
587 5288 698 5332 tum
729 5277 947 5332 Honorii
977 5275 1153 5329 fratris
1181 5274 1384 5338 literis;
1416 5289 1537 5327 cum
1568 5273 1703 5326 intra
1731 5271 2009 5327 duodecim

441 5371 598 5427 horas
635 5368 702 5422 ab
751 5367 1062 5437 expulsione
1107 5365 1258 5435 jussu
1307 5363 1688 5433 lmperatorum
1733 5373 2011 5417 revocatus

443 5460 633 5525 fuerit;
665 5472 836 5526 neque
861 5456 1143 5526 quidquam
1190 5455 1423 5524 potuerit
1469 5454 1666 5508 interea
1720 5453 2007 5520 Honorius,

443 5549 532 5615 qui
558 5549 830 5604 Ravennae
859 5546 968 5601 fere
983 5555 1073 5600 aut
1097 5545 1377 5601 Mediolani
1402 5544 1608 5614 agebat,
1637 5542 1703 5597 de
1757 5543 1872 5612 ejus
1913 5557 2009 5597 ex-

442 5642 682 5718 pulsione
709 5642 1015 5700 resciscere.
1056 5640 1186 5696 Nam
1212 5639 1353 5712 quod
1383 5638 1661 5709 epistolam
1691 5635 2009 5708 Chrysosto-

1483 253 1752 310 llENRiCl
1789 254 2030 310 SAVILII
2060 254 2499 312 DISSERTATIO

3487 274 3643 312 λχτνι

2078 373 2168 436 mi,
2190 372 2355 425 Etiam
2382 381 2646 441 antequam
2672 370 2881 427 redditae
2904 381 3039 438 sunt,
3058 371 3308 442 scriptam
3330 386 3449 427 esse
3472 377 3646 440 prodit

2075 471 2193 531 post
2221 465 2368 532 prius
2416 463 2699 529 exsilium;
2753 477 2904 518 error
2931 462 3144 534 quidem
3176 462 3644 520 manifestissimus

2075 561 2179 619 est,
2225 552 2319 607 sed
2359 567 2478 607 cum
2529 552 2768 608 Palladio
2813 554 3134 607 communis.
3193 552 3327 607 lllud
3379 553 3650 622 peculiare

2076 659 2251 711 suum,
2275 653 2328 698 et
2348 659 2586 699 crassum
2616 644 2767 708 satis,
2798 644 2942 714 quod
2972 660 3092 699 cum
3118 659 3236 713 cap.
3267 643 3330 699 61
3370 645 3651 716 episcopos

2076 749 2141 788 ex
2193 734 2568 789 communione
2609 733 2832 790 Joannis
2881 750 2974 804 per
3023 734 3426 790 Theotechnum
3471 735 3652 791 literas

2078 841 2327 881 exarasse
2353 828 2536 882 scribit
2573 827 2640 881 ad
2687 827 3049 882 Innocentium
3093 841 3304 896 papam,
3333 827 3525 896 quibus
3579 828 3653 882 si-

2077 917 2423 985 gniﬁcabatur
2446 917 2705 972 Joannem
2743 917 3008 973 Cucusum
3039 919 3372 988 relegatum:
3404 919 3546 973 idem
3571 926 3651 972 ta-

2079 1024 2199 1062 men
2221 1023 2337 1078 cap.
2367 1008 2454 1074 64,
2487 1010 2640 1079 quasi
2665 1009 2747 1064 sui
2776 1009 2992 1076 oblitus,
3051 1010 3426 1065 Innocentium
3476 1009 3578 1065 hoc
3620 1027 3651 1066 a

2080 1101 2483 1166 mercatoribus,
2511 1109 2568 1154 ut
2597 1111 2744 1170 puto,
2772 1101 2957 1156 aliisve
2984 1102 3073 1172 qui
3095 1100 3154 1155 ob
3181 1102 3414 1171 quaedam
3453 1103 3654 1173 negotia

2079 1189 2216 1246 forte
2259 1192 2481 1245 Romam
2509 1200 2787 1259 venerant,
2840 1190 3076 1261 primum
3115 1193 3400 1248 rescivisse
3450 1204 3651 1248 narrat.

2082 1281 2324 1335 Nondum
2353 1282 2504 1349 enim,
2539 1282 2728 1352 inquit,
2761 1283 2822 1337 de
2846 1283 2984 1338 illius
3007 1283 3222 1338 secundo
3246 1284 3424 1339 exsilio
3445 1285 3651 1338 audiue-

2078 1389 2207 1426 ram.
2240 1373 2390 1440 Quod
2419 1389 2536 1442 cap.
2566 1374 2636 1429 58
2660 1374 2835 1444 Epidii
2856 1376 3122 1430 servulum
3145 1390 3267 1430 cum
3296 1377 3404 1431 sica
3424 1377 3653 1432 submis~

2081 1475 2197 1516 sum
2227 1463 2292 1516 ad
2321 1463 2744 1518 interﬁciendum
2770 1464 3208 1530 Chrysostomum
3233 1464 3426 1521 Cucusi
3453 1475 3653 1530 narrat;

2081 1552 2134 1606 id
2161 1552 2353 1607 factum
2385 1554 2502 1610 sine
2529 1555 2675 1609 omni
2701 1554 2860 1609 dubio
2882 1555 3344 1623 Constantinopoli
3371 1563 3472 1610 est.
3502 1557 3654 1623 Quod

2083 1643 2400 1712 Adelphium
2427 1645 2666 1700 Arabissi
2689 1653 2843 1700 vocet
2871 1645 3203 1714 episcopum,
3234 1661 3354 1700 cum
3403 1660 3470 1700 eo
3519 1655 3654 1699 tem-

2083 1748 2214 1802 pore
2234 1735 2518 1803 episcopus
2547 1735 2808 1799 Arabissi,
2867 1743 3002 1790 teste
3029 1734 3216 1789 eodem
3244 1734 3450 1790 Joanne
3497 1735 3656 1803 epist.

2085 1823 2208 1888 12!,
2240 1822 2397 1877 fuerit
2421 1824 2633 1893 Otrejus
2659 1843 2672 1880 :
2704 1825 2845 1895 quod
2865 1825 3125 1880 Joannem
3172 1825 3225 1879 in
3272 1825 3512 1894 ejusdem
3536 1867 3551 1892 ,
3601 1835 3656 1879 ut

2085 1924 2231 1982 puto,
2259 1913 2504 1982 Adelphii
2521 1915 2722 1969 aedibus
2750 1915 2945 1969 Cucusi
2971 1925 3272 1984 susceptum
3295 1914 3501 1981 scribit,
3521 1915 3658 1984 quod

2086 2005 2428 2059 humanitatis
2475 2006 2704 2061 ofﬁcium
2739 2006 2892 2078 (nam
2944 2007 3044 2060 alia
3094 2007 3440 2062 humanitatis
3487 2006 3658 2061 ofﬁcia

2086 2097 2365 2165 episcopus
2393 2096 2608 2163 Cucusi,
2663 2097 2716 2151 id
2761 2105 2861 2164 est,
2910 2106 2969 2151 ut
3015 2107 3162 2168 puto,
3211 2097 3505 2166 Adelphius
3549 2097 3662 2168 ipse

2087 2187 2354 2255 praestitit,
2383 2195 2442 2240 ut
2469 2188 2632 2256 liquet
2651 2188 2811 2257 epist.
2842 2189 2908 2242 15
2934 2187 3000 2240 ad
3029 2186 3364 2259 Olympiad.)
3420 2203 3525 2241 non
3574 2188 3661 2241 alii

2087 2292 2244 2346 quam
2269 2278 2527 2333 Dioscoro
2552 2279 2735 2334 tribuit
2759 2279 2871 2348 ipse
2892 2278 3124 2333 Joannes
3140 2279 3297 2348 epist.
3319 2279 3386 2333 12
3405 2279 3471 2334 ad
3483 2278 3665 2350 Olym-

2091 2368 2321 2436 piadem,
2346 2369 2497 2438 cujus
2529 2369 2673 2424 nulla
2715 2369 2854 2440 apud
2903 2370 3189 2439 Georgium
3236 2373 3472 2425 mentio:
3523 2370 3663 2439 quod

2091 2463 2336 2518 Proclum
2361 2464 2415 2517 in
2440 2464 2785 2519 translatione
2812 2465 3156 2534 reliquiarum
3183 2465 3492 2534 episcOpum
3515 2473 3666 2518 vocet

2089 2552 2295 2626 Cyzici,
2326 2555 2414 2624 qui
2442 2555 2630 2609 relicta
2659 2554 2857 2625 Cyzico
2881 2556 3313 2624 archiepiscopus
3336 2563 3448 2608 tum
3494 2552 3667 2607 fuerat

2089 2646 2717 2717 Coustantinopolitauus
2745 2666 2758 2702 :
2789 2657 2969 2718 aperta
2995 2656 3139 2714 sunt,
3171 2656 3228 2702 ut
3271 2647 3402 2702 mihi
3435 2646 3664 2709 videtur,

2091 2747 2368 2792 ιεοηιιηθηια
2376 2777 2387 2790 .

2170 2847 2188 2881 ι
2235 2821 2491 2897 Superest
2528 2829 2595 2884 de
2623 2829 2861 2898 epistolis
2910 2844 2974 2884 ex
3016 2828 3304 2884 Occidente
3347 2838 3403 2884 et
3451 2829 3668 2884 Oriente

2095 2921 2234 2974 ultro
2256 2921 2497 2988 citroque
2522 2921 2696 2975 missis
2709 2936 2896 2990 magna
2910 2921 3216 2990 cumprimis
3251 2929 3305 2974 et
3333 2919 3495 2972 ardua
3519 2935 3668 2989 quze-

2095 3011 2197 3064 stio
2219 3027 2232 3074 ;
2257 3009 2323 3063 de
2343 3024 2447 3079 qua
2468 3010 2783 3064 sententiam
2803 3024 2972 3062 meam
3001 3010 3227 3077 ingenue
3252 3017 3304 3062 et
3331 3009 3496 3062 libere
3521 3025 3672 3063 more

2096 3103 2356 3169 majorum
2381 3101 2634 3170 aperiam,
2660 3100 2805 3154 nullo
2832 3100 3055 3169 partium
3079 3099 3254 3153 studio
3281 3099 3490 3163 ductus,
3520 3100 3664 3152 nulla

2095 3194 2404 3263 cujusquam
2435 3177 2600 3262 gratia
2631 3191 2715 3246 vel
2733 3191 2875 3246 odio.
2916 3192 3084 3246 Hasce
3130 3191 3285 3261 igitur
3323 3191 3574 3259 epistolas
3618 3191 3670 3244 in

2100 3286 2196 3339 tria
2219 3285 2474 3338 diatribuo
2497 3299 2691 3353 genera
2719 3303 2731 3338 :
2763 3283 2845 3338 vel
2873 3284 3012 3337 enim
3045 3283 3220 3337 missm
3243 3291 3366 3335 sunt
3385 3292 3501 3351 post
3522 3282 3669 3351 prius

2101 3376 2364 3438 exsilium,
2390 3375 2472 3428 vel
2504 3384 2623 3443 post
2665 3375 2909 3429 exsilium
2940 3375 3222 3442 posterius,
3253 3374 3334 3428 vel
3365 3382 3485 3442 post
3531 3388 3676 3427 mor-

2103 3473 2207 3518 tem
2235 3464 2473 3518 Joannis.
2503 3463 2556 3517 ln
2581 3465 2751 3532 primo
2777 3472 2830 3517 et
2854 3464 3089 3517 secundo
3118 3479 3314 3533 genere
3347 3464 3542 3516 nullam
3564 3463 3674 3517 Ge-

2103 3555 2254 3624 orgio
2283 3555 2429 3608 litem
2457 3569 2662 3618 moveo,
2694 3564 2886 3622 praeter
2911 3569 3048 3620 eam,
3077 3570 3194 3623 qua:
3227 3555 3324 3622 ipsi
3349 3571 3468 3608 cum
3500 3555 3674 3607 Palla-

2103 3644 2192 3698 dio
2220 3645 2516 3698 communis
2545 3653 2657 3709 est;
2687 3644 2753 3698 de
2779 3659 2883 3712 qua
2923 3658 3081 3713 supra
3128 3644 3196 3698 ad
3245 3644 3560 3698 Palladium.
3604 3645 3679 3698 De

2107 3739 2262 3792 tertio
2286 3753 2480 3805 genere
2507 3736 2927 3805 disquirendum,
2978 3737 3045 3792 de
3082 3751 3186 3806 quo
3215 3737 3292 3792 sic
3316 3737 3575 3806 Georgius
3620 3752 3671 3790 c.

2105 3829 2209 3883 68:
2238 3829 2445 3882 Mortuo
2470 3828 2579 3898 jam
2604 3828 2665 3882 B.
2698 3827 2920 3892 Joanne,
2953 3828 3078 3893 duo,
3112 3829 3300 3896 inquit,
3330 3827 3553 3881 Romam
3589 3843 3681 3881 ve-

2107 3927 2297 3973 nerunt
2319 3919 2642 3988 Presbyteri,
2674 3927 2727 3973 et
2752 3919 3009 3973 diaconus
3038 3917 3285 3986 unus,qui
3317 3933 3436 3972 cum
3465 3932 3530 3972 eo
3559 3915 3681 3971 fue-

2107 4019 2226 4061 rant
2257 4009 2308 4061 in
2335 4009 2542 4073 exsilio,
2576 4018 2625 4062 et
2654 4007 2792 4078 apud
2848 4007 3216 4062 Innocentium
3272 4021 3460 4076 papam
3505 4007 3685 4075 queri-

2109 4099 2341 4152 moniam
2363 4099 2634 4168 deponunt
2659 4098 2726 4152 de
2753 4097 3120 4152 vexationibus
3149 4096 3340 4151 Joauni
3370 4095 3530 4149 illatis
3555 4113 3568 4147 :
3593 4095 3682 4164 qui

2110 4193 2185 4247 rei
2207 4191 2486 4246 atrocitate
2500 4202 2798 4246 commotus
2819 4191 2996 4245 statim
3019 4189 3084 4243 ad
3115 4189 3404 4243 Honorium
3434 4188 3682 4242 accurrit.

2109 4282 2246 4349 Quid
2279 4282 2485 4335 multa?
2512 4281 2670 4335 ambo
2698 4281 2825 4334 dant
2849 4295 3038 4348 graece,
3066 4289 3120 4333 ut
3148 4277 3376 4344 videtur,
3409 4278 3592 4331 literas
3616 4277 3685 4330 ad

2111 4369 2415 4436 Arcadium,
2458 4369 2794 4424 Innocentius
2822 4369 2955 4434 illas,
2987 4384 3084 4422 uox
3107 4367 3366 4438 sanguinis
3393 4366 3567 4434 fratris
3590 4366 3690 4416 mei

2111 4464 2328 4516 Joannis
2358 4463 2560 4528 clamat,
2612 4461 2666 4515 in
2711 4461 2902 4530 quibus
2951 4460 3238 4515 Arcadium
3287 4467 3340 4514 et
3392 4457 3690 4512 Eudoxiam

2113 4552 2571 4616 excommunicat;
2602 4550 2869 4606 Honorius
2899 4550 3037 4616 illas,
3069 4550 3236 4603 nescio
3256 4563 3368 4619 qua:
3412 4548 3685 4610 contraria,

2114 4653 2216 4697 etc.
2248 4644 2341 4697 llis
2368 4643 2535 4698 literis
2561 4642 2811 4712 acceptis,
2836 4641 3113 4708 Arcadius,
3147 4652 3202 4694 ut
3229 4649 3309 4694 est
3333 4639 3469 4708 apud
3515 4637 3689 4692 Geor-

2112 4735 2277 4804 gium,
2306 4749 2422 4804 cap.
2453 4733 2541 4798 69,
2574 4741 2691 4802 post
2711 4748 2895 4806 poenas
2922 4732 2988 4786 de
3019 4731 3263 4785 omnibus
3284 4729 3512 4783 inimicis
3527 4728 3680 4782 Joan-

2115 4825 2198 4878 nis
2225 4834 2484 4893 sumptas,
2508 4823 2800 4876 Eudoxiam
2827 4837 3046 4876 uxorem
3079 4822 3214 4874 intra
3245 4820 3541 4874 cubiculum
3565 4833 3688 4870 cum

2117 4910 2426 4982 pedisequis
2471 4911 2703 4965 clausam
2730 4911 2916 4976 tenuit,
2962 4909 3120 4979 virgis
3163 4911 3322 4963 etiam
3369 4923 3582 4972 emsam,
3632 4917 3690 4960 ut

2119 5005 2431 5072 Anonymus
2462 5001 2555 5068 ait,
2583 5002 2724 5055 male
2750 5000 3021 5065 multavit;
3054 5000 3266 5063 Acacio,
3292 4999 3602 5061 Severiano,
3636 5007 3691 5050 et

2118 5092 2398 5161 Theophili
2429 5093 2742 5162 propinquis,
2785 5093 2976 5146 mirum
3003 5093 3057 5146 ni
3084 5092 3143 5145 Β.
3171 5089 3369 5161 Cyrillo
3419 5091 3560 5144 inter
3587 5105 3692 5143 ca:-

2120 5193 2282 5248 teros,
2318 5184 2527 5248 vinctis,
2561 5183 2892 5252 Romamque
2943 5183 3010 5236 ad
3065 5183 3427 5238 Innocentium
3485 5181 3686 5246 missis,

2118 5274 2304 5329 scribit
2330 5273 2396 5326 ad
2424 5273 2783 5327 Innocentium
2812 5273 2954 5326 illam
2979 5273 3255 5342 epistolam
3283 5273 3433 5342 cujus
3457 5272 3688 5334 initium,

2123 5363 2307 5417 Omnes
2337 5364 2559 5417 homines
2588 5365 2772 5430 sciunt,
2802 5363 3096 5420 humillime
3127 5374 3331 5434 petens,
3384 5372 3442 5418 υι
3493 5363 3592 5417 sibi
3636 5371 3692 5418 et

2121 5454 2375 5509 Eudoxiae
2423 5456 2573 5507 venia
2602 5455 2951 5524 impertiatur,
2983 5457 3241 5524 amboque
3273 5457 3324 5509 in
3355 5455 3691 5518 communio-

2120 5561 2242 5601 nem
2270 5546 2608 5617 recipiantur.
2641 5547 2864 5624 Scripsit
2889 5551 3046 5603 etiam
3073 5547 3309 5602 Eudoxia
3339 5549 3402 5603 ad
3428 5547 3692 5601 Innocen-

2128 5635 2279 5705 tium,
2309 5643 2362 5690 ct
2387 5635 2642 5691 Arcadius
2665 5635 2730 5692 ad
2754 5635 3038 5692 Honorium
3070 5635 3306 5692 fratrem.
3334 5636 3702 5704 Innocentius,
