  <div class='ocr_page' id='page_1' title='image "/cluster/home/n/w/nwhite01/storage/ocr_20150623/47/mdp.39015012902212/031.png"; bbox 0 0 4038 6154; ppageno 0'>
   <div class='ocr_carea' id='block_1_1' title="bbox 478 335 637 378">
    <p class='ocr_par' dir='ltr' id='par_1_1' title="bbox 478 335 637 378">
     <span class='ocr_line' id='line_1_1' title="bbox 478 335 637 378; baseline -0.006 -2"><span class='ocrx_word' id='word_1_1' title='bbox 478 335 637 378; x_wconf 68' lang='lat' dir='ltr'><strong>XXXIX</strong></span> 
     </span>
    </p>
   </div>
   <div class='ocr_carea' id='block_1_2' title="bbox 557 435 2056 510">
    <p class='ocr_par' dir='ltr' id='par_1_2' title="bbox 557 435 2056 510">
     <span class='ocr_line' id='line_1_2' title="bbox 557 435 2056 510; baseline 0.001 -18"><span class='ocrx_word' id='word_1_2' title='bbox 557 439 838 507; x_wconf 71' lang='lat' dir='ltr'><strong>[lucusque</strong></span> <span class='ocrx_word' id='word_1_3' title='bbox 863 436 931 492; x_wconf 89' lang='lat' dir='ltr'><strong>de</strong></span> <span class='ocrx_word' id='word_1_4' title='bbox 958 435 1205 507; x_wconf 83' lang='lat' dir='ltr'><strong>Georgio.</strong></span> <span class='ocrx_word' id='word_1_5' title='bbox 1238 435 1293 491; x_wconf 90' lang='lat' dir='ltr'><strong>ln</strong></span> <span class='ocrx_word' id='word_1_6' title='bbox 1316 435 1534 507; x_wconf 84' lang='lat' dir='ltr'><strong>reliquis</strong></span> <span class='ocrx_word' id='word_1_7' title='bbox 1558 451 1651 493; x_wconf 91' lang='lat' dir='ltr'><strong>cro</strong></span> <span class='ocrx_word' id='word_1_8' title='bbox 1675 437 1908 504; x_wconf 84' lang='lat' dir='ltr'><strong>brevior,</strong></span> <span class='ocrx_word' id='word_1_9' title='bbox 1936 439 2056 510; x_wconf 86' lang='lat' dir='ltr'><strong>quia</strong></span> 
     </span>
    </p>
   </div>
   <div class='ocr_carea' id='block_1_3' title="bbox 483 527 2056 602">
    <p class='ocr_par' dir='ltr' id='par_1_3' title="bbox 483 527 2056 602">
     <span class='ocr_line' id='line_1_3' title="bbox 483 527 2056 602; baseline 0.001 -18"><span class='ocrx_word' id='word_1_10' title='bbox 483 529 733 600; x_wconf 82' lang='lat' dir='ltr'><strong>pleraque</strong></span> <span class='ocrx_word' id='word_1_11' title='bbox 758 529 932 584; x_wconf 84' lang='lat' dir='ltr'><strong>omnia</strong></span> <span class='ocrx_word' id='word_1_12' title='bbox 959 527 1073 584; x_wconf 77' lang='lat' dir='ltr'><strong>fere</strong></span> <span class='ocrx_word' id='word_1_13' title='bbox 1098 528 1294 585; x_wconf 79' lang='lat' dir='ltr'><strong>habent</strong></span> <span class='ocrx_word' id='word_1_14' title='bbox 1322 544 1442 585; x_wconf 91' lang='lat' dir='ltr'><strong>cum</strong></span> <span class='ocrx_word' id='word_1_15' title='bbox 1470 529 1699 602; x_wconf 88' lang='lat' dir='ltr'><strong>Georgio</strong></span> <span class='ocrx_word' id='word_1_16' title='bbox 1730 534 2056 600; x_wconf 86' lang='lat' dir='ltr'><strong>communia,</strong></span> 
     </span>
    </p>
   </div>
   <div class='ocr_carea' id='block_1_4' title="bbox 480 619 2061 692">
    <p class='ocr_par' dir='ltr' id='par_1_4' title="bbox 480 619 2061 692">
     <span class='ocr_line' id='line_1_4' title="bbox 480 619 2061 692; baseline 0.002 -16"><span class='ocrx_word' id='word_1_17' title='bbox 480 636 655 691; x_wconf 89' lang='lat' dir='ltr'><strong>neque</strong></span> <span class='ocrx_word' id='word_1_18' title='bbox 678 635 853 690; x_wconf 83' lang='lat' dir='ltr'><strong>operae</strong></span> <span class='ocrx_word' id='word_1_19' title='bbox 873 621 1101 689; x_wconf 75' lang='lat' dir='ltr'><strong>pretium</strong></span> <span class='ocrx_word' id='word_1_20' title='bbox 1123 619 1284 675; x_wconf 80' lang='lat' dir='ltr'><strong>fuerit</strong></span> <span class='ocrx_word' id='word_1_21' title='bbox 1314 621 1501 678; x_wconf 90' lang='lat' dir='ltr'><strong>iisdem</strong></span> <span class='ocrx_word' id='word_1_22' title='bbox 1528 622 1744 692; x_wconf 87' lang='lat' dir='ltr'><strong>ineptiis</strong></span> <span class='ocrx_word' id='word_1_23' title='bbox 1768 622 2061 679; x_wconf 69' lang='lat' dir='ltr'><strong>refutandis</strong></span> 
     </span>
    </p>
   </div>
   <div class='ocr_carea' id='block_1_5' title="bbox 476 707 2060 786">
    <p class='ocr_par' dir='ltr' id='par_1_5' title="bbox 476 707 2060 786">
     <span class='ocr_line' id='line_1_5' title="bbox 476 707 2060 786; baseline 0.003 -20"><span class='ocrx_word' id='word_1_24' title='bbox 476 707 562 766; x_wconf 77' lang='lat' dir='ltr'><strong>bis</strong></span> <span class='ocrx_word' id='word_1_25' title='bbox 579 711 868 765; x_wconf 84' lang='lat' dir='ltr'><strong>immorari.</strong></span> <span class='ocrx_word' id='word_1_26' title='bbox 899 710 1008 766; x_wconf 89' lang='lat' dir='ltr'><strong>Leo</strong></span> <span class='ocrx_word' id='word_1_27' title='bbox 1027 711 1350 768; x_wconf 82' lang='lat' dir='ltr'><strong>breviarium</strong></span> <span class='ocrx_word' id='word_1_28' title='bbox 1377 713 1530 769; x_wconf 91' lang='lat' dir='ltr'><strong>nobis</strong></span> <span class='ocrx_word' id='word_1_29' title='bbox 1545 714 1689 769; x_wconf 91' lang='lat' dir='ltr'><strong>dedit</strong></span> <span class='ocrx_word' id='word_1_30' title='bbox 1709 713 1940 786; x_wconf 82' lang='lat' dir='ltr'><strong>Georgii,</strong></span> <span class='ocrx_word' id='word_1_31' title='bbox 1961 715 2060 770; x_wconf 89' lang='lat' dir='ltr'><strong>nisi</strong></span> 
     </span>
    </p>
   </div>
   <div class='ocr_carea' id='block_1_6' title="bbox 487 800 2060 874">
    <p class='ocr_par' dir='ltr' id='par_1_6' title="bbox 487 800 2060 874">
     <span class='ocr_line' id='line_1_6' title="bbox 487 800 2060 874; baseline 0.004 -20"><span class='ocrx_word' id='word_1_32' title='bbox 487 800 618 870; x_wconf 66' lang='lat' dir='ltr'><strong>quod</strong></span> <span class='ocrx_word' id='word_1_33' title='bbox 647 801 696 854; x_wconf 94' lang='lat' dir='ltr'><strong>in</strong></span> <span class='ocrx_word' id='word_1_34' title='bbox 725 801 832 855; x_wconf 88' lang='lat' dir='ltr'><strong>illis</strong></span> <span class='ocrx_word' id='word_1_35' title='bbox 860 801 1102 871; x_wconf 82' lang='lat' dir='ltr'><strong>epistolis</strong></span> <span class='ocrx_word' id='word_1_36' title='bbox 1125 801 1410 873; x_wconf 83' lang='lat' dir='ltr'><strong>Georgium</strong></span> <span class='ocrx_word' id='word_1_37' title='bbox 1433 815 1704 874; x_wconf 82' lang='lat' dir='ltr'><strong>sequatur,</strong></span> <span class='ocrx_word' id='word_1_38' title='bbox 1736 806 1924 861; x_wconf 88' lang='lat' dir='ltr'><strong>saltem</strong></span> <span class='ocrx_word' id='word_1_39' title='bbox 1955 820 2060 861; x_wconf 91' lang='lat' dir='ltr'><strong>non</strong></span> 
     </span>
    </p>
   </div>
   <div class='ocr_carea' id='block_1_7' title="bbox 479 889 2059 967">
    <p class='ocr_par' dir='ltr' id='par_1_7' title="bbox 479 889 2059 967">
     <span class='ocr_line' id='line_1_7' title="bbox 479 889 2059 967; baseline 0.007 -25"><span class='ocrx_word' id='word_1_40' title='bbox 479 889 772 956; x_wconf 86' lang='lat' dir='ltr'><strong>abbreviet,</strong></span> <span class='ocrx_word' id='word_1_41' title='bbox 798 898 852 944; x_wconf 90' lang='lat' dir='ltr'><strong>ut</strong></span> <span class='ocrx_word' id='word_1_42' title='bbox 881 906 1051 960; x_wconf 90' lang='lat' dir='ltr'><strong>neque</strong></span> <span class='ocrx_word' id='word_1_43' title='bbox 1097 891 1317 948; x_wconf 91' lang='lat' dir='ltr'><strong>Photius</strong></span> <span class='ocrx_word' id='word_1_44' title='bbox 1359 894 1413 948; x_wconf 88' lang='lat' dir='ltr'><strong>in</strong></span> <span class='ocrx_word' id='word_1_45' title='bbox 1458 895 1689 964; x_wconf 89' lang='lat' dir='ltr'><strong>epitomc</strong></span> <span class='ocrx_word' id='word_1_46' title='bbox 1713 896 2059 967; x_wconf 88' lang='lat' dir='ltr'><strong>Gregoriana,</strong></span> 
     </span>
    </p>
   </div>
   <div class='ocr_carea' id='block_1_8' title="bbox 479 981 2066 1061">
    <p class='ocr_par' dir='ltr' id='par_1_8' title="bbox 479 981 2066 1061">
     <span class='ocr_line' id='line_1_8' title="bbox 479 981 2066 1061; baseline 0.006 -25"><span class='ocrx_word' id='word_1_47' title='bbox 479 981 612 1036; x_wconf 86' lang='lat' dir='ltr'><strong>Cod.</strong></span> <span class='ocrx_word' id='word_1_48' title='bbox 646 981 734 1038; x_wconf 86' lang='lat'><strong>96.</strong></span> <span class='ocrx_word' id='word_1_49' title='bbox 763 982 941 1038; x_wconf 79' lang='lat' dir='ltr'><strong>Potuit</strong></span> <span class='ocrx_word' id='word_1_50' title='bbox 967 992 1111 1040; x_wconf 83' lang='lat' dir='ltr'><strong>certe</strong></span> <span class='ocrx_word' id='word_1_51' title='bbox 1130 985 1248 1041; x_wconf 90' lang='lat' dir='ltr'><strong>sine</strong></span> <span class='ocrx_word' id='word_1_52' title='bbox 1274 986 1469 1043; x_wconf 91' lang='lat' dir='ltr'><strong>damno</strong></span> <span class='ocrx_word' id='word_1_53' title='bbox 1495 989 1663 1045; x_wconf 91' lang='lat' dir='ltr'><strong>omitti</strong></span> <span class='ocrx_word' id='word_1_54' title='bbox 1691 1007 1705 1045; x_wconf 89' lang='lat'><strong>:</strong></span> <span class='ocrx_word' id='word_1_55' title='bbox 1732 1005 1906 1061; x_wconf 85' lang='lat' dir='ltr'><strong>neque</strong></span> <span class='ocrx_word' id='word_1_56' title='bbox 1919 991 2066 1049; x_wconf 89' lang='lat' dir='ltr'><strong>enim</strong></span> 
     </span>
    </p>
   </div>
   <div class='ocr_carea' id='block_1_9' title="bbox 482 1074 2063 1154">
    <p class='ocr_par' dir='ltr' id='par_1_9' title="bbox 482 1074 2063 1154">
     <span class='ocr_line' id='line_1_9' title="bbox 482 1074 2063 1154; baseline 0.008 -28"><span class='ocrx_word' id='word_1_57' title='bbox 482 1074 680 1143; x_wconf 89' lang='lat' dir='ltr'><strong>aliquid</strong></span> <span class='ocrx_word' id='word_1_58' title='bbox 703 1075 932 1147; x_wconf 87' lang='lat' dir='ltr'><strong>Georgio</strong></span> <span class='ocrx_word' id='word_1_59' title='bbox 951 1077 1172 1142; x_wconf 87' lang='lat' dir='ltr'><strong>addidit,</strong></span> <span class='ocrx_word' id='word_1_60' title='bbox 1199 1089 1394 1149; x_wconf 70' lang='lat' dir='ltr'><strong>prmter</strong></span> <span class='ocrx_word' id='word_1_61' title='bbox 1413 1080 1711 1138; x_wconf 71' lang='lat' dir='ltr'><strong>affectatam</strong></span> <span class='ocrx_word' id='word_1_62' title='bbox 1723 1082 1921 1140; x_wconf 90' lang='lat' dir='ltr'><strong>alicubi</strong></span> <span class='ocrx_word' id='word_1_63' title='bbox 1938 1083 2063 1154; x_wconf 82' lang='lat' dir='ltr'><strong>styli</strong></span> 
     </span>
    </p>
   </div>
   <div class='ocr_carea' id='block_1_10' title="bbox 486 1165 2064 1246">
    <p class='ocr_par' dir='ltr' id='par_1_10' title="bbox 486 1165 2064 1246">
     <span class='ocr_line' id='line_1_10' title="bbox 486 1165 2064 1246; baseline 0.008 -26"><span class='ocrx_word' id='word_1_64' title='bbox 486 1165 864 1222; x_wconf 88' lang='lat' dir='ltr'><strong>obscuritatem</strong></span> <span class='ocrx_word' id='word_1_65' title='bbox 889 1186 902 1222; x_wconf 91' lang='lat'><strong>:</strong></span> <span class='ocrx_word' id='word_1_66' title='bbox 924 1167 1025 1223; x_wconf 86' lang='lat' dir='ltr'><strong>nisi</strong></span> <span class='ocrx_word' id='word_1_67' title='bbox 1051 1170 1192 1240; x_wconf 91' lang='lat' dir='ltr'><strong>quod</strong></span> <span class='ocrx_word' id='word_1_68' title='bbox 1220 1171 1286 1225; x_wconf 85' lang='lat' dir='ltr'><strong>ad</strong></span> <span class='ocrx_word' id='word_1_69' title='bbox 1312 1173 1569 1242; x_wconf 88' lang='lat' dir='ltr'><strong>reliquam</strong></span> <span class='ocrx_word' id='word_1_70' title='bbox 1600 1173 1819 1231; x_wconf 85' lang='lat' dir='ltr'><strong>Joannis</strong></span> <span class='ocrx_word' id='word_1_71' title='bbox 1843 1174 2064 1246; x_wconf 76' lang='lat' dir='ltr'><strong>gloriam</strong></span> 
     </span>
    </p>
   </div>
   <div class='ocr_carea' id='block_1_11' title="bbox 489 1255 2066 1334">
    <p class='ocr_par' dir='ltr' id='par_1_11' title="bbox 489 1255 2066 1334">
     <span class='ocr_line' id='line_1_11' title="bbox 489 1255 2066 1334; baseline 0.008 -24"><span class='ocrx_word' id='word_1_72' title='bbox 489 1255 620 1312; x_wconf 86' lang='lat' dir='ltr'><strong>inde</strong></span> <span class='ocrx_word' id='word_1_73' title='bbox 638 1271 828 1328; x_wconf 85' lang='lat' dir='ltr'><strong>magna</strong></span> <span class='ocrx_word' id='word_1_74' title='bbox 851 1258 1117 1314; x_wconf 86' lang='lat' dir='ltr'><strong>videretur</strong></span> <span class='ocrx_word' id='word_1_75' title='bbox 1138 1259 1271 1315; x_wconf 80' lang='lat' dir='ltr'><strong>facta</strong></span> <span class='ocrx_word' id='word_1_76' title='bbox 1299 1263 1556 1331; x_wconf 85' lang='lat' dir='ltr'><strong>accessio,</strong></span> <span class='ocrx_word' id='word_1_77' title='bbox 1579 1265 1720 1334; x_wconf 91' lang='lat' dir='ltr'><strong>quod</strong></span> <span class='ocrx_word' id='word_1_78' title='bbox 1739 1272 1941 1320; x_wconf 90' lang='lat' dir='ltr'><strong>tantum</strong></span> <span class='ocrx_word' id='word_1_79' title='bbox 1963 1266 2066 1322; x_wconf 90' lang='lat' dir='ltr'><strong>lm-</strong></span> 
     </span>
    </p>
   </div>
   <div class='ocr_carea' id='block_1_12' title="bbox 491 1349 2068 1422">
    <p class='ocr_par' dir='ltr' id='par_1_12' title="bbox 491 1349 2068 1422">
     <span class='ocr_line' id='line_1_12' title="bbox 491 1349 2068 1422; baseline 0.008 -21"><span class='ocrx_word' id='word_1_80' title='bbox 491 1357 791 1418; x_wconf 90' lang='lat' dir='ltr'><strong>peratorem</strong></span> <span class='ocrx_word' id='word_1_81' title='bbox 824 1349 1040 1404; x_wconf 89' lang='lat' dir='ltr'><strong>laudum</strong></span> <span class='ocrx_word' id='word_1_82' title='bbox 1068 1366 1280 1406; x_wconf 89' lang='lat' dir='ltr'><strong>suarum</strong></span> <span class='ocrx_word' id='word_1_83' title='bbox 1303 1365 1601 1422; x_wconf 57' lang='lat' dir='ltr'><strong>praeconem</strong></span> <span class='ocrx_word' id='word_1_84' title='bbox 1630 1355 1891 1412; x_wconf 85' lang='lat' dir='ltr'><strong>invenerit</strong></span> <span class='ocrx_word' id='word_1_85' title='bbox 1920 1358 2068 1413; x_wconf 85' lang='lat' dir='ltr'><strong>Ano-</strong></span> 
     </span>
    </p>
   </div>
   <div class='ocr_carea' id='block_1_13' title="bbox 492 1443 2067 1519">
    <p class='ocr_par' dir='ltr' id='par_1_13' title="bbox 492 1443 2067 1519">
     <span class='ocr_line' id='line_1_13' title="bbox 492 1443 2067 1519; baseline 0.009 -26"><span class='ocrx_word' id='word_1_86' title='bbox 492 1455 684 1512; x_wconf 73' lang='lat' dir='ltr'><strong>nymus</strong></span> <span class='ocrx_word' id='word_1_87' title='bbox 711 1457 872 1496; x_wconf 92' lang='lat' dir='ltr'><strong>unum</strong></span> <span class='ocrx_word' id='word_1_88' title='bbox 898 1450 988 1496; x_wconf 92' lang='lat' dir='ltr'><strong>aut</strong></span> <span class='ocrx_word' id='word_1_89' title='bbox 1026 1443 1250 1499; x_wconf 89' lang='lat' dir='ltr'><strong>alterum</strong></span> <span class='ocrx_word' id='word_1_90' title='bbox 1292 1444 1452 1501; x_wconf 86' lang='lat' dir='ltr'><strong>habet</strong></span> <span class='ocrx_word' id='word_1_91' title='bbox 1480 1461 1716 1503; x_wconf 89' lang='lat' dir='ltr'><strong>errorem</strong></span> <span class='ocrx_word' id='word_1_92' title='bbox 1749 1449 2067 1519; x_wconf 83' lang='lat' dir='ltr'><strong>peculiarem</strong></span> 
     </span>
    </p>
   </div>
   <div class='ocr_carea' id='block_1_14' title="bbox 489 1532 2071 1598">
    <p class='ocr_par' dir='ltr' id='par_1_14' title="bbox 489 1532 2071 1598">
     <span class='ocr_line' id='line_1_14' title="bbox 489 1532 2071 1598; baseline 0.008 -13"><span class='ocrx_word' id='word_1_93' title='bbox 489 1539 544 1585; x_wconf 89' lang='lat' dir='ltr'><strong>et</strong></span> <span class='ocrx_word' id='word_1_94' title='bbox 580 1545 754 1586; x_wconf 88' lang='lat' dir='ltr'><strong>suum.</strong></span> <span class='ocrx_word' id='word_1_95' title='bbox 786 1532 1022 1588; x_wconf 88' lang='lat' dir='ltr'><strong>Primum</strong></span> <span class='ocrx_word' id='word_1_96' title='bbox 1049 1543 1132 1589; x_wconf 91' lang='lat' dir='ltr'><strong>est</strong></span> <span class='ocrx_word' id='word_1_97' title='bbox 1153 1534 1315 1589; x_wconf 91' lang='lat' dir='ltr'><strong>latum</strong></span> <span class='ocrx_word' id='word_1_98' title='bbox 1343 1538 1473 1591; x_wconf 84' lang='lat' dir='ltr'><strong>satis</strong></span> <span class='ocrx_word' id='word_1_99' title='bbox 1499 1546 1554 1593; x_wconf 90' lang='lat' dir='ltr'><strong>et</strong></span> <span class='ocrx_word' id='word_1_100' title='bbox 1580 1553 1817 1594; x_wconf 89' lang='lat' dir='ltr'><strong>crassum</strong></span> <span class='ocrx_word' id='word_1_101' title='bbox 1851 1543 2071 1598; x_wconf 87' lang='lat' dir='ltr'><strong>menda-</strong></span> 
     </span>
    </p>
   </div>
   <div class='ocr_carea' id='block_1_15' title="bbox 488 1622 2071 1707">
    <p class='ocr_par' dir='ltr' id='par_1_15' title="bbox 488 1622 2071 1707">
     <span class='ocr_line' id='line_1_15' title="bbox 488 1622 2071 1707; baseline 0.01 -31"><span class='ocrx_word' id='word_1_102' title='bbox 488 1622 650 1689; x_wconf 89' lang='lat' dir='ltr'><strong>cium,</strong></span> <span class='ocrx_word' id='word_1_103' title='bbox 686 1625 826 1694; x_wconf 87' lang='lat' dir='ltr'><strong>quod</strong></span> <span class='ocrx_word' id='word_1_104' title='bbox 854 1626 1132 1683; x_wconf 87' lang='lat' dir='ltr'><strong>Libanium</strong></span> <span class='ocrx_word' id='word_1_105' title='bbox 1170 1627 1330 1684; x_wconf 78' lang='lat' dir='ltr'><strong>faciat</strong></span> <span class='ocrx_word' id='word_1_106' title='bbox 1366 1631 1434 1686; x_wconf 86' lang='lat' dir='ltr'><strong>ad</strong></span> <span class='ocrx_word' id='word_1_107' title='bbox 1472 1631 1736 1688; x_wconf 89' lang='lat' dir='ltr'><strong>Julianum</strong></span> <span class='ocrx_word' id='word_1_108' title='bbox 1758 1634 1867 1704; x_wconf 90' lang='lat' dir='ltr'><strong>jam</strong></span> <span class='ocrx_word' id='word_1_109' title='bbox 1895 1635 2071 1707; x_wconf 82' lang='lat' dir='ltr'><strong>Augu-</strong></span> 
     </span>
    </p>
   </div>
   <div class='ocr_carea' id='block_1_16' title="bbox 491 1714 2074 1796">
    <p class='ocr_par' dir='ltr' id='par_1_16' title="bbox 491 1714 2074 1796">
     <span class='ocr_line' id='line_1_16' title="bbox 491 1714 2074 1796; baseline 0.01 -30"><span class='ocrx_word' id='word_1_110' title='bbox 491 1721 630 1767; x_wconf 88' lang='lat' dir='ltr'><strong>stum</strong></span> <span class='ocrx_word' id='word_1_111' title='bbox 655 1714 943 1782; x_wconf 87' lang='lat' dir='ltr'><strong>dicentem,</strong></span> <span class='ocrx_word' id='word_1_112' title='bbox 973 1718 1238 1773; x_wconf 87' lang='lat' dir='ltr'><strong>neminem</strong></span> <span class='ocrx_word' id='word_1_113' title='bbox 1265 1720 1474 1776; x_wconf 88' lang='lat' dir='ltr'><strong>illorum</strong></span> <span class='ocrx_word' id='word_1_114' title='bbox 1505 1737 1814 1793; x_wconf 86' lang='lat' dir='ltr'><strong>magnorum</strong></span> <span class='ocrx_word' id='word_1_115' title='bbox 1840 1726 2074 1796; x_wconf 87' lang='lat' dir='ltr'><strong>philoso-</strong></span> 
     </span>
    </p>
   </div>
   <div class='ocr_carea' id='block_1_17' title="bbox 493 1804 2072 1887">
    <p class='ocr_par' dir='ltr' id='par_1_17' title="bbox 493 1804 2072 1887">
     <span class='ocr_line' id='line_1_17' title="bbox 493 1804 2072 1887; baseline 0.009 -28"><span class='ocrx_word' id='word_1_116' title='bbox 493 1804 720 1874; x_wconf 87' lang='lat' dir='ltr'><strong>phorum</strong></span> <span class='ocrx_word' id='word_1_117' title='bbox 749 1807 952 1864; x_wconf 87' lang='lat' dir='ltr'><strong>Joanne</strong></span> <span class='ocrx_word' id='word_1_118' title='bbox 973 1811 1302 1880; x_wconf 86' lang='lat' dir='ltr'><strong>superiorem</strong></span> <span class='ocrx_word' id='word_1_119' title='bbox 1329 1827 1468 1878; x_wconf 89' lang='lat' dir='ltr'><strong>esse,</strong></span> <span class='ocrx_word' id='word_1_120' title='bbox 1497 1830 1565 1870; x_wconf 89' lang='lat' dir='ltr'><strong>ne</strong></span> <span class='ocrx_word' id='word_1_121' title='bbox 1592 1831 1838 1886; x_wconf 90' lang='lat' dir='ltr'><strong>magnum</strong></span> <span class='ocrx_word' id='word_1_122' title='bbox 1860 1818 2072 1887; x_wconf 87' lang='lat' dir='ltr'><strong>quidem</strong></span> 
     </span>
    </p>
   </div>
   <div class='ocr_carea' id='block_1_18' title="bbox 495 1897 2073 1976">
    <p class='ocr_par' dir='ltr' id='par_1_18' title="bbox 495 1897 2073 1976">
     <span class='ocr_line' id='line_1_18' title="bbox 495 1897 2073 1976; baseline 0.008 -24"><span class='ocrx_word' id='word_1_123' title='bbox 495 1897 646 1952; x_wconf 91' lang='lat' dir='ltr'><strong>illum</strong></span> <span class='ocrx_word' id='word_1_124' title='bbox 675 1907 730 1954; x_wconf 92' lang='lat' dir='ltr'><strong>et</strong></span> <span class='ocrx_word' id='word_1_125' title='bbox 754 1899 989 1956; x_wconf 83' lang='lat' dir='ltr'><strong>divinum</strong></span> <span class='ocrx_word' id='word_1_126' title='bbox 1016 1900 1310 1971; x_wconf 87' lang='lat' dir='ltr'><strong>Platonem,</strong></span> <span class='ocrx_word' id='word_1_127' title='bbox 1347 1918 1445 1958; x_wconf 91' lang='lat' dir='ltr'><strong>nec</strong></span> <span class='ocrx_word' id='word_1_128' title='bbox 1469 1905 1522 1958; x_wconf 90' lang='lat' dir='ltr'><strong>in</strong></span> <span class='ocrx_word' id='word_1_129' title='bbox 1544 1906 1845 1976; x_wconf 88' lang='lat' dir='ltr'><strong>eloquentia</strong></span> <span class='ocrx_word' id='word_1_130' title='bbox 1877 1909 2073 1964; x_wconf 89' lang='lat' dir='ltr'><strong>Demo-</strong></span> 
     </span>
    </p>
   </div>
   <div class='ocr_carea' id='block_1_19' title="bbox 490 1988 2080 2064">
    <p class='ocr_par' dir='ltr' id='par_1_19' title="bbox 490 1988 2080 2064">
     <span class='ocr_line' id='line_1_19' title="bbox 490 1988 2080 2064; baseline 0.008 -22"><span class='ocrx_word' id='word_1_131' title='bbox 490 1988 768 2055; x_wconf 89' lang='lat' dir='ltr'><strong>sthenem;</strong></span> <span class='ocrx_word' id='word_1_132' title='bbox 795 1989 936 2058; x_wconf 89' lang='lat' dir='ltr'><strong>quod</strong></span> <span class='ocrx_word' id='word_1_133' title='bbox 965 1999 1022 2044; x_wconf 94' lang='lat' dir='ltr'><strong>ut</strong></span> <span class='ocrx_word' id='word_1_134' title='bbox 1047 2005 1232 2047; x_wconf 83' lang='lat' dir='ltr'><strong>verum</strong></span> <span class='ocrx_word' id='word_1_135' title='bbox 1265 2001 1448 2062; x_wconf 82' lang='lat' dir='ltr'><strong>postea</strong></span> <span class='ocrx_word' id='word_1_136' title='bbox 1472 1993 1635 2051; x_wconf 80' lang='lat' dir='ltr'><strong>fuisse</strong></span> <span class='ocrx_word' id='word_1_137' title='bbox 1662 1997 1868 2064; x_wconf 88' lang='lat' dir='ltr'><strong>demus,</strong></span> <span class='ocrx_word' id='word_1_138' title='bbox 1893 1998 1958 2054; x_wconf 91' lang='lat' dir='ltr'><strong>ad</strong></span> <span class='ocrx_word' id='word_1_139' title='bbox 1984 1999 2080 2055; x_wconf 83' lang='lat' dir='ltr'><strong>Ju-</strong></span> 
     </span>
    </p>
   </div>
   <div class='ocr_carea' id='block_1_20' title="bbox 490 2077 2078 2168">
    <p class='ocr_par' dir='ltr' id='par_1_20' title="bbox 490 2077 2078 2168">
     <span class='ocr_line' id='line_1_20' title="bbox 490 2077 2078 2168; baseline 0.009 -36"><span class='ocrx_word' id='word_1_140' title='bbox 490 2077 691 2134; x_wconf 86' lang='lat' dir='ltr'><strong>lianum</strong></span> <span class='ocrx_word' id='word_1_141' title='bbox 717 2089 861 2136; x_wconf 89' lang='lat' dir='ltr'><strong>certe</strong></span> <span class='ocrx_word' id='word_1_142' title='bbox 897 2081 1001 2136; x_wconf 92' lang='lat' dir='ltr'><strong>dici</strong></span> <span class='ocrx_word' id='word_1_143' title='bbox 1026 2097 1132 2138; x_wconf 88' lang='lat' dir='ltr'><strong>non</strong></span> <span class='ocrx_word' id='word_1_144' title='bbox 1171 2085 1361 2152; x_wconf 84' lang='lat' dir='ltr'><strong>potuit,</strong></span> <span class='ocrx_word' id='word_1_145' title='bbox 1392 2086 1480 2156; x_wconf 90' lang='lat' dir='ltr'><strong>qui</strong></span> <span class='ocrx_word' id='word_1_146' title='bbox 1505 2096 1745 2144; x_wconf 88' lang='lat' dir='ltr'><strong>mortuus</strong></span> <span class='ocrx_word' id='word_1_147' title='bbox 1765 2099 1848 2144; x_wconf 89' lang='lat' dir='ltr'><strong>est</strong></span> <span class='ocrx_word' id='word_1_148' title='bbox 1872 2091 2078 2168; x_wconf 83' lang='lat' dir='ltr'><strong>Joanne</strong></span> 
     </span>
    </p>
   </div>
   <div class='ocr_carea' id='block_1_21' title="bbox 496 2167 2075 2252">
    <p class='ocr_par' dir='ltr' id='par_1_21' title="bbox 496 2167 2075 2252">
     <span class='ocr_line' id='line_1_21' title="bbox 496 2167 2075 2252; baseline 0.011 -33"><span class='ocrx_word' id='word_1_149' title='bbox 496 2167 579 2222; x_wconf 70' lang='lat' dir='ltr'><strong>vix</strong></span> <span class='ocrx_word' id='word_1_150' title='bbox 603 2183 665 2224; x_wconf 89' lang='lat' dir='ltr'><strong>ac</strong></span> <span class='ocrx_word' id='word_1_151' title='bbox 689 2184 756 2225; x_wconf 90' lang='lat' dir='ltr'><strong>ne</strong></span> <span class='ocrx_word' id='word_1_152' title='bbox 783 2171 868 2226; x_wconf 80' lang='lat' dir='ltr'><strong>vix</strong></span> <span class='ocrx_word' id='word_1_153' title='bbox 893 2171 1105 2242; x_wconf 92' lang='lat' dir='ltr'><strong>quidem</strong></span> <span class='ocrx_word' id='word_1_154' title='bbox 1128 2183 1372 2230; x_wconf 80' lang='lat' dir='ltr'><strong>octavum</strong></span> <span class='ocrx_word' id='word_1_155' title='bbox 1400 2178 1573 2233; x_wconf 73' lang='lat' dir='ltr'><strong>aetatis</strong></span> <span class='ocrx_word' id='word_1_156' title='bbox 1594 2193 1792 2234; x_wconf 91' lang='lat' dir='ltr'><strong>annum</strong></span> <span class='ocrx_word' id='word_1_157' title='bbox 1815 2181 2075 2252; x_wconf 86' lang='lat' dir='ltr'><strong>ingresso;</strong></span> 
     </span>
    </p>
   </div>
   <div class='ocr_carea' id='block_1_22' title="bbox 500 2260 1076 2328">
    <p class='ocr_par' dir='ltr' id='par_1_22' title="bbox 500 2260 1076 2328">
     <span class='ocr_line' id='line_1_22' title="bbox 500 2260 1076 2328; baseline 0.014 -18"><span class='ocrx_word' id='word_1_158' title='bbox 500 2266 554 2312; x_wconf 90' lang='lat' dir='ltr'><strong>ut</strong></span> <span class='ocrx_word' id='word_1_159' title='bbox 574 2260 876 2316; x_wconf 83' lang='lat' dir='ltr'><strong>exclamare</strong></span> <span class='ocrx_word' id='word_1_160' title='bbox 898 2263 1076 2328; x_wconf 88' lang='lat' dir='ltr'><strong>libeat,</strong></span> 
     </span>
    </p>
   </div>
   <div class='ocr_carea' id='block_1_23' title="bbox 743 2354 1459 2416">
    <p class='ocr_par' dir='ltr' id='par_1_23' title="bbox 743 2354 1459 2416">
     <span class='ocr_line' id='line_1_23' title="bbox 743 2354 1459 2416; baseline 0.011 -15"><span class='ocrx_word' id='word_1_161' title='bbox 743 2358 797 2402; x_wconf 77' lang='lat' dir='ltr'><strong>Et</strong></span> <span class='ocrx_word' id='word_1_162' title='bbox 812 2354 927 2416; x_wconf 87' lang='lat' dir='ltr'><strong>quid</strong></span> <span class='ocrx_word' id='word_1_163' title='bbox 949 2368 1046 2406; x_wconf 88' lang='lat' dir='ltr'><strong>non</strong></span> <span class='ocrx_word' id='word_1_164' title='bbox 1063 2357 1238 2408; x_wconf 67' lang='lat' dir='ltr'><strong>Graecia</strong></span> <span class='ocrx_word' id='word_1_165' title='bbox 1254 2358 1459 2409; x_wconf 80' lang='lat' dir='ltr'><strong>mendax</strong></span> 
     </span>
    </p>
   </div>
   <div class='ocr_carea' id='block_1_24' title="bbox 623 2433 1160 2500">
    <p class='ocr_par' dir='ltr' id='par_1_24' title="bbox 623 2433 1160 2500">
     <span class='ocr_line' id='line_1_24' title="bbox 623 2433 1160 2500; baseline 0.011 -19"><span class='ocrx_word' id='word_1_166' title='bbox 623 2433 775 2484; x_wconf 78' lang='lat' dir='ltr'><strong>Audet</strong></span> <span class='ocrx_word' id='word_1_167' title='bbox 791 2435 841 2485; x_wconf 89' lang='lat' dir='ltr'><strong>in</strong></span> <span class='ocrx_word' id='word_1_168' title='bbox 859 2436 1160 2500; x_wconf 90' lang='lat' dir='ltr'><strong>historia....,</strong></span> 
     </span>
    </p>
   </div>
   <div class='ocr_carea' id='block_1_25' title="bbox 505 2520 2085 2600">
    <p class='ocr_par' dir='ltr' id='par_1_25' title="bbox 505 2520 2085 2600">
     <span class='ocr_line' id='line_1_25' title="bbox 505 2520 2085 2600; baseline 0.01 -29"><span class='ocrx_word' id='word_1_169' title='bbox 505 2520 801 2587; x_wconf 58' lang='lat' dir='ltr'><strong>praesertim</strong></span> <span class='ocrx_word' id='word_1_170' title='bbox 836 2520 934 2575; x_wconf 88' lang='lat' dir='ltr'><strong>ista</strong></span> <span class='ocrx_word' id='word_1_171' title='bbox 954 2525 1252 2579; x_wconf 87' lang='lat' dir='ltr'><strong>recentior!</strong></span> <span class='ocrx_word' id='word_1_172' title='bbox 1284 2524 1416 2580; x_wconf 87' lang='lat' dir='ltr'><strong>Huic</strong></span> <span class='ocrx_word' id='word_1_173' title='bbox 1440 2526 1613 2582; x_wconf 86' lang='lat' dir='ltr'><strong>simile</strong></span> <span class='ocrx_word' id='word_1_174' title='bbox 1632 2541 1697 2583; x_wconf 91' lang='lat' dir='ltr'><strong>ac</strong></span> <span class='ocrx_word' id='word_1_175' title='bbox 1720 2543 1856 2598; x_wconf 86' lang='lat' dir='ltr'><strong>pene</strong></span> <span class='ocrx_word' id='word_1_176' title='bbox 1879 2544 2085 2600; x_wconf 84' lang='lat' dir='ltr'><strong>germa-</strong></span> 
     </span>
    </p>
   </div>
   <div class='ocr_carea' id='block_1_26' title="bbox 504 2608 2087 2685">
    <p class='ocr_par' dir='ltr' id='par_1_26' title="bbox 504 2608 2087 2685">
     <span class='ocr_line' id='line_1_26' title="bbox 504 2608 2087 2685; baseline 0.011 -23"><span class='ocrx_word' id='word_1_177' title='bbox 504 2625 629 2664; x_wconf 89' lang='lat' dir='ltr'><strong>num</strong></span> <span class='ocrx_word' id='word_1_178' title='bbox 653 2619 754 2676; x_wconf 89' lang='lat' dir='ltr'><strong>est,</strong></span> <span class='ocrx_word' id='word_1_179' title='bbox 784 2608 1097 2683; x_wconf 77' lang='lat' dir='ltr'><strong>Gregorium</strong></span> <span class='ocrx_word' id='word_1_180' title='bbox 1125 2614 1532 2685; x_wconf 86' lang='lat' dir='ltr'><strong>Nazianzenum,</strong></span> <span class='ocrx_word' id='word_1_181' title='bbox 1562 2633 1639 2674; x_wconf 89' lang='lat' dir='ltr'><strong>sc.</strong></span> <span class='ocrx_word' id='word_1_182' title='bbox 1663 2619 1788 2676; x_wconf 91' lang='lat' dir='ltr'><strong>dum</strong></span> <span class='ocrx_word' id='word_1_183' title='bbox 1811 2621 1986 2677; x_wconf 88' lang='lat' dir='ltr'><strong>adhuc</strong></span> <span class='ocrx_word' id='word_1_184' title='bbox 2000 2637 2087 2679; x_wconf 53' lang='lat' dir='ltr'><strong>es.</strong></span> 
     </span>
    </p>
   </div>
   <div class='ocr_carea' id='block_1_27' title="bbox 503 2699 2086 2782">
    <p class='ocr_par' dir='ltr' id='par_1_27' title="bbox 503 2699 2086 2782">
     <span class='ocr_line' id='line_1_27' title="bbox 503 2699 2086 2782; baseline 0.01 -28"><span class='ocrx_word' id='word_1_185' title='bbox 503 2707 585 2755; x_wconf 88' lang='lat' dir='ltr'><strong>set</strong></span> <span class='ocrx_word' id='word_1_186' title='bbox 611 2699 914 2757; x_wconf 87' lang='lat' dir='ltr'><strong>Patriarcha</strong></span> <span class='ocrx_word' id='word_1_187' title='bbox 934 2702 995 2758; x_wconf 91' lang='lat' dir='ltr'><strong>G.</strong></span> <span class='ocrx_word' id='word_1_188' title='bbox 1025 2704 1107 2773; x_wconf 88' lang='lat' dir='ltr'><strong>P.,</strong></span> <span class='ocrx_word' id='word_1_189' title='bbox 1138 2720 1258 2762; x_wconf 92' lang='lat' dir='ltr'><strong>cum</strong></span> <span class='ocrx_word' id='word_1_190' title='bbox 1280 2707 1580 2764; x_wconf 87' lang='lat' dir='ltr'><strong>Theodosio</strong></span> <span class='ocrx_word' id='word_1_191' title='bbox 1606 2710 1792 2782; x_wconf 77' lang='lat' dir='ltr'><strong>Magno</strong></span> <span class='ocrx_word' id='word_1_192' title='bbox 1812 2727 2086 2770; x_wconf 86' lang='lat' dir='ltr'><strong>sermones</strong></span> 
     </span>
    </p>
   </div>
   <div class='ocr_carea' id='block_1_28' title="bbox 510 2792 2088 2868">
    <p class='ocr_par' dir='ltr' id='par_1_28' title="bbox 510 2792 2088 2868">
     <span class='ocr_line' id='line_1_28' title="bbox 510 2792 2088 2868; baseline 0.008 -21"><span class='ocrx_word' id='word_1_193' title='bbox 510 2806 694 2848; x_wconf 85' lang='lat' dir='ltr'><strong>serere</strong></span> <span class='ocrx_word' id='word_1_194' title='bbox 721 2793 788 2849; x_wconf 89' lang='lat' dir='ltr'><strong>de</strong></span> <span class='ocrx_word' id='word_1_195' title='bbox 813 2792 1030 2852; x_wconf 84' lang='lat' dir='ltr'><strong>Joannis</strong></span> <span class='ocrx_word' id='word_1_196' title='bbox 1059 2798 1386 2856; x_wconf 84' lang='lat' dir='ltr'><strong>orationibus</strong></span> <span class='ocrx_word' id='word_1_197' title='bbox 1411 2799 1745 2868; x_wconf 89' lang='lat' dir='ltr'><strong>Statuarum;</strong></span> <span class='ocrx_word' id='word_1_198' title='bbox 1773 2819 1896 2860; x_wconf 91' lang='lat' dir='ltr'><strong>cum</strong></span> <span class='ocrx_word' id='word_1_199' title='bbox 1923 2807 2088 2861; x_wconf 78' lang='lat' dir='ltr'><strong>n0tisâ€”</strong></span> 
     </span>
    </p>
   </div>
   <div class='ocr_carea' id='block_1_29' title="bbox 506 2882 2087 2963">
    <p class='ocr_par' dir='ltr' id='par_1_29' title="bbox 506 2882 2087 2963">
     <span class='ocr_line' id='line_1_29' title="bbox 506 2882 2087 2963; baseline 0.01 -28"><span class='ocrx_word' id='word_1_200' title='bbox 506 2882 698 2938; x_wconf 85' lang='lat' dir='ltr'><strong>simum</strong></span> <span class='ocrx_word' id='word_1_201' title='bbox 731 2883 820 2952; x_wconf 91' lang='lat' dir='ltr'><strong>sit,</strong></span> <span class='ocrx_word' id='word_1_202' title='bbox 857 2884 1169 2958; x_wconf 78' lang='lat' dir='ltr'><strong>Gregorium</strong></span> <span class='ocrx_word' id='word_1_203' title='bbox 1198 2889 1440 2947; x_wconf 89' lang='lat' dir='ltr'><strong>abdicato</strong></span> <span class='ocrx_word' id='word_1_204' title='bbox 1465 2892 1792 2963; x_wconf 88' lang='lat' dir='ltr'><strong>episcopatu,</strong></span> <span class='ocrx_word' id='word_1_205' title='bbox 1824 2903 1877 2952; x_wconf 90' lang='lat' dir='ltr'><strong>et</strong></span> <span class='ocrx_word' id='word_1_206' title='bbox 1902 2895 2087 2951; x_wconf 81' lang='lat' dir='ltr'><strong>relicta</strong></span> 
     </span>
    </p>
   </div>
   <div class='ocr_carea' id='block_1_30' title="bbox 507 2973 2089 3058">
    <p class='ocr_par' dir='ltr' id='par_1_30' title="bbox 507 2973 2089 3058">
     <span class='ocr_line' id='line_1_30' title="bbox 507 2973 2089 3058; baseline 0.009 -29"><span class='ocrx_word' id='word_1_207' title='bbox 507 2973 986 3048; x_wconf 87' lang='lat' dir='ltr'><strong>Constantinopoli,</strong></span> <span class='ocrx_word' id='word_1_208' title='bbox 1015 2979 1069 3034; x_wconf 93' lang='lat' dir='ltr'><strong>in</strong></span> <span class='ocrx_word' id='word_1_209' title='bbox 1087 2979 1472 3052; x_wconf 86' lang='lat' dir='ltr'><strong>Cappadociam</strong></span> <span class='ocrx_word' id='word_1_210' title='bbox 1499 2986 1845 3054; x_wconf 88' lang='lat' dir='ltr'><strong>concessisse,</strong></span> <span class='ocrx_word' id='word_1_211' title='bbox 1869 2987 1982 3058; x_wconf 88' lang='lat' dir='ltr'><strong>ipso</strong></span> <span class='ocrx_word' id='word_1_212' title='bbox 1999 3002 2089 3044; x_wconf 80' lang='lat' dir='ltr'><strong>se-</strong></span> 
     </span>
    </p>
   </div>
   <div class='ocr_carea' id='block_1_31' title="bbox 508 3066 2088 3144">
    <p class='ocr_par' dir='ltr' id='par_1_31' title="bbox 508 3066 2088 3144">
     <span class='ocr_line' id='line_1_31' title="bbox 508 3066 2088 3144; baseline 0.011 -25"><span class='ocrx_word' id='word_1_213' title='bbox 508 3066 697 3122; x_wconf 69' lang='lat' dir='ltr'><strong>cundae</strong></span> <span class='ocrx_word' id='word_1_214' title='bbox 741 3068 932 3140; x_wconf 80' lang='lat' dir='ltr'><strong>synodi</strong></span> <span class='ocrx_word' id='word_1_215' title='bbox 979 3077 1238 3142; x_wconf 89' lang='lat' dir='ltr'><strong>tempore,</strong></span> <span class='ocrx_word' id='word_1_216' title='bbox 1268 3089 1408 3130; x_wconf 90' lang='lat' dir='ltr'><strong>anno</strong></span> <span class='ocrx_word' id='word_1_217' title='bbox 1452 3075 1659 3132; x_wconf 90' lang='lat' dir='ltr'><strong>Domini</strong></span> <span class='ocrx_word' id='word_1_218' title='bbox 1701 3078 1824 3144; x_wconf 79' lang='grc'><strong>581,</strong></span> <span class='ocrx_word' id='word_1_219' title='bbox 1875 3080 2088 3137; x_wconf 79' lang='lat' dir='ltr'><strong>vixdum</strong></span> 
     </span>
    </p>
   </div>
   <div class='ocr_carea' id='block_1_32' title="bbox 507 3155 2094 3236">
    <p class='ocr_par' dir='ltr' id='par_1_32' title="bbox 507 3155 2094 3236">
     <span class='ocr_line' id='line_1_32' title="bbox 507 3155 2094 3236; baseline 0.013 -26"><span class='ocrx_word' id='word_1_220' title='bbox 507 3155 737 3214; x_wconf 80' lang='lat' dir='ltr'><strong>diacono</strong></span> <span class='ocrx_word' id='word_1_221' title='bbox 759 3160 984 3228; x_wconf 85' lang='lat' dir='ltr'><strong>Joanne.</strong></span> <span class='ocrx_word' id='word_1_222' title='bbox 1015 3173 1068 3221; x_wconf 90' lang='lat' dir='ltr'><strong>et</strong></span> <span class='ocrx_word' id='word_1_223' title='bbox 1087 3180 1258 3224; x_wconf 86' lang='lat' dir='ltr'><strong>annos</strong></span> <span class='ocrx_word' id='word_1_224' title='bbox 1288 3167 1564 3226; x_wconf 89' lang='lat' dir='ltr'><strong>minimum</strong></span> <span class='ocrx_word' id='word_1_225' title='bbox 1591 3181 1794 3236; x_wconf 81' lang='lat' dir='ltr'><strong>septem</strong></span> <span class='ocrx_word' id='word_1_226' title='bbox 1821 3181 1943 3230; x_wconf 86' lang='lat' dir='ltr'><strong>ante</strong></span> <span class='ocrx_word' id='word_1_227' title='bbox 1961 3180 2094 3231; x_wconf 81' lang='lat' dir='ltr'><strong>tem-</strong></span> 
     </span>
    </p>
   </div>
   <div class='ocr_carea' id='block_1_33' title="bbox 1670 323 3749 385">
    <p class='ocr_par' dir='ltr' id='par_1_33' title="bbox 1670 323 3749 385">
     <span class='ocr_line' id='line_1_33' title="bbox 1670 323 3749 385; baseline 0.003 -6"><span class='ocrx_word' id='word_1_228' title='bbox 1670 324 2006 380; x_wconf 76' lang='lat' dir='ltr'><strong>MARTYRII</strong></span> <span class='ocrx_word' id='word_1_229' title='bbox 2043 323 2477 383; x_wconf 79' lang='lat' dir='ltr'><strong>ANTIOCHENI.</strong></span> <span class='ocrx_word' id='word_1_230' title='bbox 3674 343 3749 385; x_wconf 70' lang='lat' dir='ltr'><strong>tu.</strong></span> 
     </span>
    </p>
   </div>
   <div class='ocr_carea' id='block_1_34' title="bbox 2165 437 3756 511">
    <p class='ocr_par' dir='ltr' id='par_1_34' title="bbox 2165 437 3756 511">
     <span class='ocr_line' id='line_1_34' title="bbox 2165 437 3756 511; baseline 0.004 -21"><span class='ocrx_word' id='word_1_231' title='bbox 2165 450 2262 506; x_wconf 92' lang='lat' dir='ltr'><strong>pus</strong></span> <span class='ocrx_word' id='word_1_232' title='bbox 2286 448 2595 490; x_wconf 86' lang='lat' dir='ltr'><strong>eversarum</strong></span> <span class='ocrx_word' id='word_1_233' title='bbox 2626 443 2938 492; x_wconf 87' lang='lat' dir='ltr'><strong>statuarum.</strong></span> <span class='ocrx_word' id='word_1_234' title='bbox 2971 437 3051 492; x_wconf 84' lang='lat' dir='ltr'><strong>Ad</strong></span> <span class='ocrx_word' id='word_1_235' title='bbox 3088 439 3339 496; x_wconf 82' lang='lat' dir='ltr'><strong>miracula</strong></span> <span class='ocrx_word' id='word_1_236' title='bbox 3371 441 3510 509; x_wconf 91' lang='lat' dir='ltr'><strong>quod</strong></span> <span class='ocrx_word' id='word_1_237' title='bbox 3541 452 3756 511; x_wconf 82' lang='lat' dir='ltr'><strong>spectat</strong></span> 
     </span>
    </p>
   </div>
   <div class='ocr_carea' id='block_1_35' title="bbox 2165 525 3752 602">
    <p class='ocr_par' dir='ltr' id='par_1_35' title="bbox 2165 525 3752 602">
     <span class='ocr_line' id='line_1_35' title="bbox 2165 525 3752 602; baseline 0.005 -22"><span class='ocrx_word' id='word_1_238' title='bbox 2165 527 2288 582; x_wconf 89' lang='lat' dir='ltr'><strong>licet</strong></span> <span class='ocrx_word' id='word_1_239' title='bbox 2311 540 2492 582; x_wconf 91' lang='lat' dir='ltr'><strong>eorum</strong></span> <span class='ocrx_word' id='word_1_240' title='bbox 2523 525 2828 596; x_wconf 83' lang='lat' dir='ltr'><strong>diligentem</strong></span> <span class='ocrx_word' id='word_1_241' title='bbox 2856 528 3222 584; x_wconf 85' lang='lat' dir='ltr'><strong>collectionem</strong></span> <span class='ocrx_word' id='word_1_242' title='bbox 3261 528 3449 586; x_wconf 80' lang='lat' dir='ltr'><strong>fecisse</strong></span> <span class='ocrx_word' id='word_1_243' title='bbox 3487 531 3752 602; x_wconf 85' lang='lat' dir='ltr'><strong>Georgius</strong></span> 
     </span>
    </p>
   </div>
   <div class='ocr_carea' id='block_1_36' title="bbox 2168 614 3756 692">
    <p class='ocr_par' dir='ltr' id='par_1_36' title="bbox 2168 614 3756 692">
     <span class='ocr_line' id='line_1_36' title="bbox 2168 614 3756 692; baseline 0.006 -22"><span class='ocrx_word' id='word_1_244' title='bbox 2168 622 2351 686; x_wconf 90' lang='lat' dir='ltr'><strong>posset</strong></span> <span class='ocrx_word' id='word_1_245' title='bbox 2378 614 2566 683; x_wconf 86' lang='lat' dir='ltr'><strong>videri,</strong></span> <span class='ocrx_word' id='word_1_246' title='bbox 2599 621 2728 673; x_wconf 88' lang='lat' dir='ltr'><strong>satis</strong></span> <span class='ocrx_word' id='word_1_247' title='bbox 2756 628 2930 674; x_wconf 87' lang='lat' dir='ltr'><strong>tamen</strong></span> <span class='ocrx_word' id='word_1_248' title='bbox 2963 620 3194 687; x_wconf 85' lang='lat' dir='ltr'><strong>amplum</strong></span> <span class='ocrx_word' id='word_1_249' title='bbox 3225 620 3438 690; x_wconf 87' lang='lat' dir='ltr'><strong>reliquit</strong></span> <span class='ocrx_word' id='word_1_250' title='bbox 3465 623 3756 692; x_wconf 85' lang='lat' dir='ltr'><strong>Anonymo</strong></span> 
     </span>
    </p>
   </div>
   <div class='ocr_carea' id='block_1_37' title="bbox 2165 707 3761 781">
    <p class='ocr_par' dir='ltr' id='par_1_37' title="bbox 2165 707 3761 781">
     <span class='ocr_line' id='line_1_37' title="bbox 2165 707 3761 781; baseline 0.004 -19"><span class='ocrx_word' id='word_1_251' title='bbox 2165 707 2514 779; x_wconf 84' lang='lat' dir='ltr'><strong>spicilegium.</strong></span> <span class='ocrx_word' id='word_1_252' title='bbox 2545 709 2692 765; x_wconf 83' lang='lat' dir='ltr'><strong>Visio</strong></span> <span class='ocrx_word' id='word_1_253' title='bbox 2722 708 2978 780; x_wconf 82' lang='lat' dir='ltr'><strong>Gregorio</strong></span> <span class='ocrx_word' id='word_1_254' title='bbox 3003 709 3277 781; x_wconf 86' lang='lat' dir='ltr'><strong>Theologo</strong></span> <span class='ocrx_word' id='word_1_255' title='bbox 3305 711 3444 767; x_wconf 80' lang='lat' dir='ltr'><strong>facta</strong></span> <span class='ocrx_word' id='word_1_256' title='bbox 3477 713 3547 768; x_wconf 89' lang='lat' dir='ltr'><strong>de</strong></span> <span class='ocrx_word' id='word_1_257' title='bbox 3584 713 3761 770; x_wconf 59' lang='lat' dir='ltr'><strong>Joan~</strong></span> 
     </span>
    </p>
   </div>
   <div class='ocr_carea' id='block_1_38' title="bbox 2167 799 3762 877">
    <p class='ocr_par' dir='ltr' id='par_1_38' title="bbox 2167 799 3762 877">
     <span class='ocr_line' id='line_1_38' title="bbox 2167 799 3762 877; baseline 0.002 -22"><span class='ocrx_word' id='word_1_258' title='bbox 2167 815 2235 856; x_wconf 89' lang='lat' dir='ltr'><strong>ne</strong></span> <span class='ocrx_word' id='word_1_259' title='bbox 2261 815 2379 870; x_wconf 90' lang='lat' dir='ltr'><strong>cap.</strong></span> <span class='ocrx_word' id='word_1_260' title='bbox 2412 800 2509 864; x_wconf 77' lang='lat'><strong>57;</strong></span> <span class='ocrx_word' id='word_1_261' title='bbox 2532 800 2598 856; x_wconf 92' lang='lat' dir='ltr'><strong>de</strong></span> <span class='ocrx_word' id='word_1_262' title='bbox 2621 800 2681 856; x_wconf 92' lang='lat' dir='ltr'><strong>S.</strong></span> <span class='ocrx_word' id='word_1_263' title='bbox 2712 799 2877 856; x_wconf 86' lang='lat' dir='ltr'><strong>Paulo</strong></span> <span class='ocrx_word' id='word_1_264' title='bbox 2901 800 3118 856; x_wconf 87' lang='lat' dir='ltr'><strong>Joannis</strong></span> <span class='ocrx_word' id='word_1_265' title='bbox 3145 803 3504 872; x_wconf 82' lang='lat' dir='ltr'><strong>expositiones</strong></span> <span class='ocrx_word' id='word_1_266' title='bbox 3523 806 3614 860; x_wconf 69' lang='lat' dir='ltr'><strong>sub</strong></span> <span class='ocrx_word' id='word_1_267' title='bbox 3645 807 3762 877; x_wconf 78' lang='lat' dir='ltr'><strong>for-</strong></span> 
     </span>
    </p>
   </div>
   <div class='ocr_carea' id='block_1_39' title="bbox 2168 890 3766 962">
    <p class='ocr_par' dir='ltr' id='par_1_39' title="bbox 2168 890 3766 962">
     <span class='ocr_line' id='line_1_39' title="bbox 2168 890 3766 962; baseline 0.004 -18"><span class='ocrx_word' id='word_1_268' title='bbox 2168 907 2252 944; x_wconf 89' lang='lat' dir='ltr'><strong>ma</strong></span> <span class='ocrx_word' id='word_1_269' title='bbox 2281 906 2523 962; x_wconf 81' lang='lat' dir='ltr'><strong>corporea</strong></span> <span class='ocrx_word' id='word_1_270' title='bbox 2549 890 2897 946; x_wconf 75' lang='lat' dir='ltr'><strong>confirmante</strong></span> <span class='ocrx_word' id='word_1_271' title='bbox 2918 906 3036 960; x_wconf 91' lang='lat' dir='ltr'><strong>cap.</strong></span> <span class='ocrx_word' id='word_1_272' title='bbox 3065 891 3163 955; x_wconf 82' lang='lat'><strong>59;</strong></span> <span class='ocrx_word' id='word_1_273' title='bbox 3190 893 3330 962; x_wconf 89' lang='lat' dir='ltr'><strong>quod</strong></span> <span class='ocrx_word' id='word_1_274' title='bbox 3360 893 3592 950; x_wconf 82' lang='lat' dir='ltr'><strong>Joannes</strong></span> <span class='ocrx_word' id='word_1_275' title='bbox 3625 894 3766 951; x_wconf 88' lang='lat' dir='ltr'><strong>Pro-</strong></span> 
     </span>
    </p>
   </div>
   <div class='ocr_carea' id='block_1_40' title="bbox 2169 981 3769 1054">
    <p class='ocr_par' dir='ltr' id='par_1_40' title="bbox 2169 981 3769 1054">
     <span class='ocr_line' id='line_1_40' title="bbox 2169 981 3769 1054; baseline 0.004 -19"><span class='ocrx_word' id='word_1_276' title='bbox 2169 981 2253 1036; x_wconf 90' lang='lat' dir='ltr'><strong>clo</strong></span> <span class='ocrx_word' id='word_1_277' title='bbox 2274 981 2662 1037; x_wconf 87' lang='lat' dir='ltr'><strong>successionem</strong></span> <span class='ocrx_word' id='word_1_278' title='bbox 2686 981 2736 1036; x_wconf 93' lang='lat' dir='ltr'><strong>in</strong></span> <span class='ocrx_word' id='word_1_279' title='bbox 2759 982 2886 1038; x_wconf 89' lang='lat' dir='ltr'><strong>sede</strong></span> <span class='ocrx_word' id='word_1_280' title='bbox 2909 982 2966 1038; x_wconf 91' lang='lat' dir='ltr'><strong>C.</strong></span> <span class='ocrx_word' id='word_1_281' title='bbox 2991 983 3050 1036; x_wconf 87' lang='lat' dir='ltr'><strong>P.</strong></span> <span class='ocrx_word' id='word_1_282' title='bbox 3077 983 3314 1052; x_wconf 68' lang='lat' dir='ltr'><strong>praedicit</strong></span> <span class='ocrx_word' id='word_1_283' title='bbox 3332 999 3450 1054; x_wconf 88' lang='lat' dir='ltr'><strong>cap.</strong></span> <span class='ocrx_word' id='word_1_284' title='bbox 3474 986 3572 1052; x_wconf 88' lang='lat'><strong>60;</strong></span> <span class='ocrx_word' id='word_1_285' title='bbox 3594 985 3769 1042; x_wconf 83' lang='lat' dir='ltr'><strong>Joan-</strong></span> 
     </span>
    </p>
   </div>
   <div class='ocr_carea' id='block_1_41' title="bbox 2171 1068 3765 1144">
    <p class='ocr_par' dir='ltr' id='par_1_41' title="bbox 2171 1068 3765 1144">
     <span class='ocr_line' id='line_1_41' title="bbox 2171 1068 3765 1144; baseline 0.004 -20"><span class='ocrx_word' id='word_1_286' title='bbox 2171 1070 2255 1124; x_wconf 90' lang='lat' dir='ltr'><strong>nis</strong></span> <span class='ocrx_word' id='word_1_287' title='bbox 2307 1068 2610 1138; x_wconf 81' lang='lat' dir='ltr'><strong>frequentes</strong></span> <span class='ocrx_word' id='word_1_288' title='bbox 2651 1076 2877 1125; x_wconf 78' lang='grc' dir='ltr'><strong>á½Ï€Ï„Î±Ïƒá½·Î±Î¹</strong></span> <span class='ocrx_word' id='word_1_289' title='bbox 2926 1071 3064 1126; x_wconf 91' lang='lat' dir='ltr'><strong>inter</strong></span> <span class='ocrx_word' id='word_1_290' title='bbox 3117 1075 3338 1144; x_wconf 76' lang='lat' dir='ltr'><strong>synaxin</strong></span> <span class='ocrx_word' id='word_1_291' title='bbox 3381 1075 3765 1132; x_wconf 86' lang='lat' dir='ltr'><strong>celebrandam</strong></span> 
     </span>
    </p>
   </div>
   <div class='ocr_carea' id='block_1_42' title="bbox 2171 1159 3768 1237">
    <p class='ocr_par' dir='ltr' id='par_1_42' title="bbox 2171 1159 3768 1237">
     <span class='ocr_line' id='line_1_42' title="bbox 2171 1159 3768 1237; baseline 0.006 -23"><span class='ocrx_word' id='word_1_292' title='bbox 2171 1173 2288 1229; x_wconf 87' lang='lat' dir='ltr'><strong>cap.</strong></span> <span class='ocrx_word' id='word_1_293' title='bbox 2322 1159 2410 1228; x_wconf 72' lang='lat'><strong>72,</strong></span> <span class='ocrx_word' id='word_1_294' title='bbox 2452 1161 2538 1226; x_wconf 80' lang='lat'><strong>75,</strong></span> <span class='ocrx_word' id='word_1_295' title='bbox 2589 1161 2685 1227; x_wconf 66' lang='lat'><strong>74;</strong></span> <span class='ocrx_word' id='word_1_296' title='bbox 2717 1162 2979 1232; x_wconf 82' lang='lat' dir='ltr'><strong>apparitio</strong></span> <span class='ocrx_word' id='word_1_297' title='bbox 3023 1162 3268 1230; x_wconf 63' lang='lat' dir='ltr'><strong>Andreae,</strong></span> <span class='ocrx_word' id='word_1_298' title='bbox 3315 1164 3574 1237; x_wconf 84' lang='lat' dir='ltr'><strong>Stachyos</strong></span> <span class='ocrx_word' id='word_1_299' title='bbox 3612 1167 3768 1223; x_wconf 83' lang='lat' dir='ltr'><strong>etB.</strong></span> 
     </span>
    </p>
   </div>
   <div class='ocr_carea' id='block_1_43' title="bbox 2173 1253 3769 1323">
    <p class='ocr_par' dir='ltr' id='par_1_43' title="bbox 2173 1253 3769 1323">
     <span class='ocr_line' id='line_1_43' title="bbox 2173 1253 3769 1323; baseline 0.003 -16"><span class='ocrx_word' id='word_1_300' title='bbox 2173 1253 2404 1323; x_wconf 80' lang='lat' dir='ltr'><strong>Virginis</strong></span> <span class='ocrx_word' id='word_1_301' title='bbox 2431 1268 2548 1323; x_wconf 87' lang='lat' dir='ltr'><strong>cap.</strong></span> <span class='ocrx_word' id='word_1_302' title='bbox 2579 1254 2678 1318; x_wconf 89' lang='lat'><strong>79;</strong></span> <span class='ocrx_word' id='word_1_303' title='bbox 2703 1254 2976 1323; x_wconf 60' lang='lat' dir='ltr'><strong>praedictio</strong></span> <span class='ocrx_word' id='word_1_304' title='bbox 3004 1254 3138 1308; x_wconf 82' lang='lat' dir='ltr'><strong>facta</strong></span> <span class='ocrx_word' id='word_1_305' title='bbox 3166 1255 3355 1310; x_wconf 82' lang='lat' dir='ltr'><strong>Nicaeae</strong></span> <span class='ocrx_word' id='word_1_306' title='bbox 3393 1257 3460 1313; x_wconf 89' lang='lat' dir='ltr'><strong>de</strong></span> <span class='ocrx_word' id='word_1_307' title='bbox 3502 1258 3769 1315; x_wconf 80' lang='lat' dir='ltr'><strong>Mauricio</strong></span> 
     </span>
    </p>
   </div>
   <div class='ocr_carea' id='block_1_44' title="bbox 2177 1347 3763 1422">
    <p class='ocr_par' dir='ltr' id='par_1_44' title="bbox 2177 1347 3763 1422">
     <span class='ocr_line' id='line_1_44' title="bbox 2177 1347 3763 1422; baseline 0.005 -20"><span class='ocrx_word' id='word_1_308' title='bbox 2177 1347 2501 1418; x_wconf 83' lang='lat' dir='ltr'><strong>Imperatore</strong></span> <span class='ocrx_word' id='word_1_309' title='bbox 2516 1361 2633 1418; x_wconf 85' lang='lat' dir='ltr'><strong>cap.</strong></span> <span class='ocrx_word' id='word_1_310' title='bbox 2655 1347 2784 1413; x_wconf 68' lang='lat'><strong>107;</strong></span> <span class='ocrx_word' id='word_1_311' title='bbox 2805 1349 3033 1403; x_wconf 86' lang='lat' dir='ltr'><strong>visiones</strong></span> <span class='ocrx_word' id='word_1_312' title='bbox 3053 1349 3211 1404; x_wconf 79' lang='lat' dir='ltr'><strong>Marci</strong></span> <span class='ocrx_word' id='word_1_313' title='bbox 3229 1359 3282 1405; x_wconf 92' lang='lat' dir='ltr'><strong>et</strong></span> <span class='ocrx_word' id='word_1_314' title='bbox 3295 1349 3475 1421; x_wconf 86' lang='lat' dir='ltr'><strong>Cyrilli</strong></span> <span class='ocrx_word' id='word_1_315' title='bbox 3493 1368 3611 1422; x_wconf 86' lang='lat' dir='ltr'><strong>cap.</strong></span> <span class='ocrx_word' id='word_1_316' title='bbox 3634 1353 3763 1420; x_wconf 66' lang='grc' dir='ltr'><strong>Î·Î´,</strong></span> 
     </span>
    </p>
   </div>
   <div class='ocr_carea' id='block_1_45' title="bbox 2181 1437 3770 1508">
    <p class='ocr_par' dir='ltr' id='par_1_45' title="bbox 2181 1437 3770 1508">
     <span class='ocr_line' id='line_1_45' title="bbox 2181 1437 3770 1508; baseline 0.003 -15"><span class='ocrx_word' id='word_1_317' title='bbox 2181 1438 2319 1503; x_wconf 71' lang='grc' dir='ltr'><strong>129Ï‚</strong></span> <span class='ocrx_word' id='word_1_318' title='bbox 2353 1448 2551 1494; x_wconf 89' lang='lat' dir='ltr'><strong>tremor</strong></span> <span class='ocrx_word' id='word_1_319' title='bbox 2595 1438 2822 1508; x_wconf 90' lang='lat' dir='ltr'><strong>sepulcri</strong></span> <span class='ocrx_word' id='word_1_320' title='bbox 2873 1437 3126 1494; x_wconf 77' lang='lat' dir='ltr'><strong>Eudoxice</strong></span> <span class='ocrx_word' id='word_1_321' title='bbox 3165 1453 3282 1508; x_wconf 91' lang='lat' dir='ltr'><strong>cap.</strong></span> <span class='ocrx_word' id='word_1_322' title='bbox 3329 1441 3450 1506; x_wconf 73' lang='grc'><strong>152,</strong></span> <span class='ocrx_word' id='word_1_323' title='bbox 3495 1451 3550 1498; x_wconf 93' lang='lat' dir='ltr'><strong>et</strong></span> <span class='ocrx_word' id='word_1_324' title='bbox 3577 1445 3770 1498; x_wconf 76' lang='lat' dir='ltr'><strong>nescio</strong></span> 
     </span>
    </p>
   </div>
   <div class='ocr_carea' id='block_1_46' title="bbox 2179 1527 3766 1604">
    <p class='ocr_par' dir='ltr' id='par_1_46' title="bbox 2179 1527 3766 1604">
     <span class='ocr_line' id='line_1_46' title="bbox 2179 1527 3766 1604; baseline 0.004 -21"><span class='ocrx_word' id='word_1_325' title='bbox 2179 1543 2299 1596; x_wconf 68' lang='lat' dir='ltr'><strong>qua:</strong></span> <span class='ocrx_word' id='word_1_326' title='bbox 2325 1527 2461 1583; x_wconf 82' lang='lat' dir='ltr'><strong>facta</strong></span> <span class='ocrx_word' id='word_1_327' title='bbox 2493 1529 2745 1583; x_wconf 89' lang='lat' dir='ltr'><strong>miracula</strong></span> <span class='ocrx_word' id='word_1_328' title='bbox 2767 1529 2820 1582; x_wconf 79' lang='lat' dir='ltr'><strong>in</strong></span> <span class='ocrx_word' id='word_1_329' title='bbox 2846 1530 3177 1584; x_wconf 81' lang='lat' dir='ltr'><strong>translatione</strong></span> <span class='ocrx_word' id='word_1_330' title='bbox 3206 1531 3552 1602; x_wconf 80' lang='lat' dir='ltr'><strong>reliquiarum,</strong></span> <span class='ocrx_word' id='word_1_331' title='bbox 3577 1551 3698 1604; x_wconf 70' lang='lat' dir='ltr'><strong>quae</strong></span> <span class='ocrx_word' id='word_1_332' title='bbox 3731 1551 3766 1588; x_wconf 86' lang='lat' dir='ltr'><strong>a</strong></span> 
     </span>
    </p>
   </div>
   <div class='ocr_carea' id='block_1_47' title="bbox 2179 1619 3769 1697">
    <p class='ocr_par' dir='ltr' id='par_1_47' title="bbox 2179 1619 3769 1697">
     <span class='ocr_line' id='line_1_47' title="bbox 2179 1619 3769 1697; baseline 0.007 -23"><span class='ocrx_word' id='word_1_333' title='bbox 2179 1619 2446 1675; x_wconf 77' lang='lat' dir='ltr'><strong>Vestitore</strong></span> <span class='ocrx_word' id='word_1_334' title='bbox 2467 1629 2735 1675; x_wconf 92' lang='lat' dir='ltr'><strong>mutuatus</strong></span> <span class='ocrx_word' id='word_1_335' title='bbox 2752 1630 2866 1677; x_wconf 90' lang='lat' dir='ltr'><strong>est:</strong></span> <span class='ocrx_word' id='word_1_336' title='bbox 2894 1621 3008 1676; x_wconf 81' lang='lat' dir='ltr'><strong>haec</strong></span> <span class='ocrx_word' id='word_1_337' title='bbox 3033 1623 3230 1689; x_wconf 89' lang='lat' dir='ltr'><strong>omnia,</strong></span> <span class='ocrx_word' id='word_1_338' title='bbox 3253 1624 3490 1695; x_wconf 90' lang='lat' dir='ltr'><strong>inquam,</strong></span> <span class='ocrx_word' id='word_1_339' title='bbox 3520 1627 3769 1697; x_wconf 87' lang='lat' dir='ltr'><strong>ejusdem</strong></span> 
     </span>
    </p>
   </div>
   <div class='ocr_carea' id='block_1_48' title="bbox 2180 1715 3771 1790">
    <p class='ocr_par' dir='ltr' id='par_1_48' title="bbox 2180 1715 3771 1790">
     <span class='ocr_line' id='line_1_48' title="bbox 2180 1715 3771 1790; baseline 0.004 -20"><span class='ocrx_word' id='word_1_340' title='bbox 2180 1715 2386 1771; x_wconf 91' lang='lat' dir='ltr'><strong>ordinis</strong></span> <span class='ocrx_word' id='word_1_341' title='bbox 2418 1715 2626 1787; x_wconf 90' lang='lat' dir='ltr'><strong>locique</strong></span> <span class='ocrx_word' id='word_1_342' title='bbox 2654 1726 2779 1772; x_wconf 87' lang='lat' dir='ltr'><strong>sunt</strong></span> <span class='ocrx_word' id='word_1_343' title='bbox 2806 1731 2927 1772; x_wconf 92' lang='lat' dir='ltr'><strong>cum</strong></span> <span class='ocrx_word' id='word_1_344' title='bbox 2959 1719 3064 1774; x_wconf 91' lang='lat' dir='ltr'><strong>illis</strong></span> <span class='ocrx_word' id='word_1_345' title='bbox 3089 1719 3206 1774; x_wconf 87' lang='lat' dir='ltr'><strong>aliis</strong></span> <span class='ocrx_word' id='word_1_346' title='bbox 3233 1719 3566 1790; x_wconf 87' lang='lat' dir='ltr'><strong>Georgianis.</strong></span> <span class='ocrx_word' id='word_1_347' title='bbox 3607 1721 3771 1788; x_wconf 84' lang='lat' dir='ltr'><strong>Quod</strong></span> 
     </span>
    </p>
   </div>
   <div class='ocr_carea' id='block_1_49' title="bbox 2182 1809 3774 1880">
    <p class='ocr_par' dir='ltr' id='par_1_49' title="bbox 2182 1809 3774 1880">
     <span class='ocr_line' id='line_1_49' title="bbox 2182 1809 3774 1880; baseline 0.001 -15"><span class='ocrx_word' id='word_1_348' title='bbox 2182 1809 2228 1865; x_wconf 89' lang='lat' dir='ltr'><strong>si</strong></span> <span class='ocrx_word' id='word_1_349' title='bbox 2257 1809 2387 1865; x_wconf 91' lang='lat' dir='ltr'><strong>illud</strong></span> <span class='ocrx_word' id='word_1_350' title='bbox 2413 1809 2610 1879; x_wconf 88' lang='lat' dir='ltr'><strong>Ephori</strong></span> <span class='ocrx_word' id='word_1_351' title='bbox 2649 1809 2788 1879; x_wconf 90' lang='lat' dir='ltr'><strong>apud</strong></span> <span class='ocrx_word' id='word_1_352' title='bbox 2814 1810 3132 1866; x_wconf 87' lang='lat' dir='ltr'><strong>Strabonem</strong></span> <span class='ocrx_word' id='word_1_353' title='bbox 3159 1810 3229 1866; x_wconf 91' lang='lat' dir='ltr'><strong>de</strong></span> <span class='ocrx_word' id='word_1_354' title='bbox 3265 1812 3482 1866; x_wconf 89' lang='lat' dir='ltr'><strong>oraculo</strong></span> <span class='ocrx_word' id='word_1_355' title='bbox 3508 1811 3774 1880; x_wconf 87' lang='lat' dir='ltr'><strong>Delphico</strong></span> 
     </span>
    </p>
   </div>
   <div class='ocr_carea' id='block_1_50' title="bbox 2184 1900 3773 1971">
    <p class='ocr_par' dir='ltr' id='par_1_50' title="bbox 2184 1900 3773 1971">
     <span class='ocr_line' id='line_1_50' title="bbox 2184 1900 3773 1971; baseline 0.003 -18"><span class='ocrx_word' id='word_1_356' title='bbox 2184 1901 2466 1969; x_wconf 83' lang='lat' dir='ltr'><strong>scripturi:</strong></span> <span class='ocrx_word' id='word_1_357' title='bbox 2493 1900 2730 1971; x_wconf 88' lang='lat' dir='ltr'><strong>ineptum</strong></span> <span class='ocrx_word' id='word_1_358' title='bbox 2757 1915 2878 1956; x_wconf 87' lang='lat' dir='ltr'><strong>esse</strong></span> <span class='ocrx_word' id='word_1_359' title='bbox 2901 1901 2967 1956; x_wconf 91' lang='lat' dir='ltr'><strong>de</strong></span> <span class='ocrx_word' id='word_1_360' title='bbox 2992 1903 3206 1957; x_wconf 89' lang='lat' dir='ltr'><strong>oraculo</strong></span> <span class='ocrx_word' id='word_1_361' title='bbox 3225 1904 3462 1958; x_wconf 92' lang='lat' dir='ltr'><strong>omnium</strong></span> <span class='ocrx_word' id='word_1_362' title='bbox 3484 1903 3773 1959; x_wconf 82' lang='lat' dir='ltr'><strong>verissimo</strong></span> 
     </span>
    </p>
   </div>
   <div class='ocr_carea' id='block_1_51' title="bbox 2183 1992 3778 2059">
    <p class='ocr_par' dir='ltr' id='par_1_51' title="bbox 2183 1992 3778 2059">
     <span class='ocr_line' id='line_1_51' title="bbox 2183 1992 3778 2059; baseline 0.003 -13"><span class='ocrx_word' id='word_1_363' title='bbox 2183 2000 2446 2059; x_wconf 86' lang='lat' dir='ltr'><strong>acturum,</strong></span> <span class='ocrx_word' id='word_1_364' title='bbox 2489 1992 2706 2047; x_wconf 88' lang='lat' dir='ltr'><strong>incertis</strong></span> <span class='ocrx_word' id='word_1_365' title='bbox 2741 1994 3042 2049; x_wconf 90' lang='lat' dir='ltr'><strong>rumoribus</strong></span> <span class='ocrx_word' id='word_1_366' title='bbox 3071 2003 3124 2049; x_wconf 91' lang='lat' dir='ltr'><strong>et</strong></span> <span class='ocrx_word' id='word_1_367' title='bbox 3159 1996 3551 2051; x_wconf 88' lang='lat' dir='ltr'><strong>narrationibus</strong></span> <span class='ocrx_word' id='word_1_368' title='bbox 3588 1995 3778 2050; x_wconf 78' lang='lat' dir='ltr'><strong>minus</strong></span> 
     </span>
    </p>
   </div>
   <div class='ocr_carea' id='block_1_52' title="bbox 2187 2082 3776 2155">
    <p class='ocr_par' dir='ltr' id='par_1_52' title="bbox 2187 2082 3776 2155">
     <span class='ocr_line' id='line_1_52' title="bbox 2187 2082 3776 2155; baseline 0.005 -19"><span class='ocrx_word' id='word_1_369' title='bbox 2187 2082 2548 2152; x_wconf 88' lang='lat' dir='ltr'><strong>probabilibus</strong></span> <span class='ocrx_word' id='word_1_370' title='bbox 2578 2083 2976 2154; x_wconf 79' lang='lat' dir='ltr'><strong>indulgerezsi,</strong></span> <span class='ocrx_word' id='word_1_371' title='bbox 3019 2085 3254 2155; x_wconf 88' lang='lat' dir='ltr'><strong>inquam,</strong></span> <span class='ocrx_word' id='word_1_372' title='bbox 3289 2085 3390 2142; x_wconf 91' lang='lat' dir='ltr'><strong>hoc</strong></span> <span class='ocrx_word' id='word_1_373' title='bbox 3432 2086 3498 2140; x_wconf 88' lang='lat' dir='ltr'><strong>iis</strong></span> <span class='ocrx_word' id='word_1_374' title='bbox 3536 2086 3776 2144; x_wconf 82' lang='lat' dir='ltr'><strong>venisset</strong></span> 
     </span>
    </p>
   </div>
   <div class='ocr_carea' id='block_1_53' title="bbox 2187 2172 3779 2246">
    <p class='ocr_par' dir='ltr' id='par_1_53' title="bbox 2187 2172 3779 2246">
     <span class='ocr_line' id='line_1_53' title="bbox 2187 2172 3779 2246; baseline 0.003 -19"><span class='ocrx_word' id='word_1_375' title='bbox 2187 2172 2242 2228; x_wconf 88' lang='lat' dir='ltr'><strong>in</strong></span> <span class='ocrx_word' id='word_1_376' title='bbox 2273 2180 2524 2236; x_wconf 86' lang='lat' dir='ltr'><strong>mentem,</strong></span> <span class='ocrx_word' id='word_1_377' title='bbox 2553 2173 2644 2242; x_wconf 89' lang='lat' dir='ltr'><strong>qui</strong></span> <span class='ocrx_word' id='word_1_378' title='bbox 2685 2188 2771 2229; x_wconf 90' lang='lat' dir='ltr'><strong>res</strong></span> <span class='ocrx_word' id='word_1_379' title='bbox 2799 2173 2890 2230; x_wconf 92' lang='lat' dir='ltr'><strong>Dei</strong></span> <span class='ocrx_word' id='word_1_380' title='bbox 2929 2183 2984 2229; x_wconf 90' lang='lat' dir='ltr'><strong>et</strong></span> <span class='ocrx_word' id='word_1_381' title='bbox 3023 2174 3270 2230; x_wconf 70' lang='lat' dir='ltr'><strong>Ecclesiae</strong></span> <span class='ocrx_word' id='word_1_382' title='bbox 3297 2175 3591 2246; x_wconf 86' lang='lat' dir='ltr'><strong>posteritati</strong></span> <span class='ocrx_word' id='word_1_383' title='bbox 3617 2185 3779 2231; x_wconf 90' lang='lat' dir='ltr'><strong>erant</strong></span> 
     </span>
    </p>
   </div>
   <div class='ocr_carea' id='block_1_54' title="bbox 2190 2263 3778 2334">
    <p class='ocr_par' dir='ltr' id='par_1_54' title="bbox 2190 2263 3778 2334">
     <span class='ocr_line' id='line_1_54' title="bbox 2190 2263 3778 2334; baseline 0.003 -16"><span class='ocrx_word' id='word_1_384' title='bbox 2190 2263 2586 2330; x_wconf 89' lang='lat' dir='ltr'><strong>transmissuri;</strong></span> <span class='ocrx_word' id='word_1_385' title='bbox 2620 2278 2725 2319; x_wconf 91' lang='lat' dir='ltr'><strong>non</strong></span> <span class='ocrx_word' id='word_1_386' title='bbox 2773 2263 2913 2318; x_wconf 89' lang='lat' dir='ltr'><strong>hanc</strong></span> <span class='ocrx_word' id='word_1_387' title='bbox 2957 2274 3259 2334; x_wconf 87' lang='lat' dir='ltr'><strong>corruptam</strong></span> <span class='ocrx_word' id='word_1_388' title='bbox 3304 2275 3778 2322; x_wconf 84' lang='lat' dir='ltr'><strong>monumentorum</strong></span> 
     </span>
    </p>
   </div>
   <div class='ocr_carea' id='block_1_55' title="bbox 2191 2355 3778 2427">
    <p class='ocr_par' dir='ltr' id='par_1_55' title="bbox 2191 2355 3778 2427">
     <span class='ocr_line' id='line_1_55' title="bbox 2191 2355 3778 2427; baseline 0.003 -17"><span class='ocrx_word' id='word_1_389' title='bbox 2191 2355 2352 2412; x_wconf 82' lang='lat' dir='ltr'><strong>ï¬dem</strong></span> <span class='ocrx_word' id='word_1_390' title='bbox 2383 2356 2640 2412; x_wconf 87' lang='lat' dir='ltr'><strong>immensa</strong></span> <span class='ocrx_word' id='word_1_391' title='bbox 2667 2356 2896 2427; x_wconf 85' lang='lat' dir='ltr'><strong>ï¬ngendi</strong></span> <span class='ocrx_word' id='word_1_392' title='bbox 2938 2356 3154 2412; x_wconf 87' lang='lat' dir='ltr'><strong>libidine</strong></span> <span class='ocrx_word' id='word_1_393' title='bbox 3184 2357 3376 2412; x_wconf 89' lang='lat' dir='ltr'><strong>merito</strong></span> <span class='ocrx_word' id='word_1_394' title='bbox 3402 2373 3778 2427; x_wconf 80' lang='lat' dir='ltr'><strong>quererernur.</strong></span> 
     </span>
    </p>
   </div>
   <div class='ocr_carea' id='block_1_56' title="bbox 2188 2446 3782 2518">
    <p class='ocr_par' dir='ltr' id='par_1_56' title="bbox 2188 2446 3782 2518">
     <span class='ocr_line' id='line_1_56' title="bbox 2188 2446 3782 2518; baseline 0 -14"><span class='ocrx_word' id='word_1_395' title='bbox 2188 2446 2292 2504; x_wconf 85' lang='lat' dir='ltr'><strong>Sed</strong></span> <span class='ocrx_word' id='word_1_396' title='bbox 2320 2448 2508 2504; x_wconf 89' lang='lat' dir='ltr'><strong>desino</strong></span> <span class='ocrx_word' id='word_1_397' title='bbox 2527 2449 2726 2504; x_wconf 89' lang='lat' dir='ltr'><strong>inutilis</strong></span> <span class='ocrx_word' id='word_1_398' title='bbox 2751 2448 3002 2518; x_wconf 67' lang='lat' dir='ltr'><strong>querelae,</strong></span> <span class='ocrx_word' id='word_1_399' title='bbox 3019 2457 3073 2503; x_wconf 91' lang='lat' dir='ltr'><strong>et</strong></span> <span class='ocrx_word' id='word_1_400' title='bbox 3088 2447 3154 2503; x_wconf 90' lang='lat' dir='ltr'><strong>ad</strong></span> <span class='ocrx_word' id='word_1_401' title='bbox 3181 2448 3572 2518; x_wconf 85' lang='lat' dir='ltr'><strong>Metaphrastcn</strong></span> <span class='ocrx_word' id='word_1_402' title='bbox 3595 2457 3782 2504; x_wconf 82' lang='lat' dir='ltr'><strong>trans-</strong></span> 
     </span>
    </p>
   </div>
   <div class='ocr_carea' id='block_1_57' title="bbox 2190 2535 3780 2613">
    <p class='ocr_par' dir='ltr' id='par_1_57' title="bbox 2190 2535 3780 2613">
     <span class='ocr_line' id='line_1_57' title="bbox 2190 2535 3780 2613; baseline 0.001 -21"><span class='ocrx_word' id='word_1_403' title='bbox 2190 2551 2289 2603; x_wconf 85' lang='lat' dir='ltr'><strong>eo,</strong></span> <span class='ocrx_word' id='word_1_404' title='bbox 2320 2535 2386 2593; x_wconf 88' lang='lat' dir='ltr'><strong>ad</strong></span> <span class='ocrx_word' id='word_1_405' title='bbox 2407 2555 2565 2610; x_wconf 91' lang='lat' dir='ltr'><strong>quem</strong></span> <span class='ocrx_word' id='word_1_406' title='bbox 2587 2541 2883 2613; x_wconf 89' lang='lat' dir='ltr'><strong>quidquam</strong></span> <span class='ocrx_word' id='word_1_407' title='bbox 2939 2548 3124 2596; x_wconf 88' lang='lat' dir='ltr'><strong>notare</strong></span> <span class='ocrx_word' id='word_1_408' title='bbox 3161 2554 3268 2595; x_wconf 89' lang='lat' dir='ltr'><strong>non</strong></span> <span class='ocrx_word' id='word_1_409' title='bbox 3313 2555 3447 2610; x_wconf 92' lang='lat' dir='ltr'><strong>opus</strong></span> <span class='ocrx_word' id='word_1_410' title='bbox 3489 2548 3590 2596; x_wconf 92' lang='lat' dir='ltr'><strong>est.</strong></span> <span class='ocrx_word' id='word_1_411' title='bbox 3633 2536 3780 2595; x_wconf 86' lang='lat' dir='ltr'><strong>Nihil</strong></span> 
     </span>
    </p>
   </div>
   <div class='ocr_carea' id='block_1_58' title="bbox 2194 2626 3779 2702">
    <p class='ocr_par' dir='ltr' id='par_1_58' title="bbox 2194 2626 3779 2702">
     <span class='ocr_line' id='line_1_58' title="bbox 2194 2626 3779 2702; baseline 0.003 -20"><span class='ocrx_word' id='word_1_412' title='bbox 2194 2626 2339 2682; x_wconf 87' lang='lat' dir='ltr'><strong>enim</strong></span> <span class='ocrx_word' id='word_1_413' title='bbox 2369 2626 2549 2694; x_wconf 89' lang='lat' dir='ltr'><strong>habet,</strong></span> <span class='ocrx_word' id='word_1_414' title='bbox 2581 2629 2720 2698; x_wconf 92' lang='lat' dir='ltr'><strong>quod</strong></span> <span class='ocrx_word' id='word_1_415' title='bbox 2761 2644 2868 2684; x_wconf 91' lang='lat' dir='ltr'><strong>non</strong></span> <span class='ocrx_word' id='word_1_416' title='bbox 2911 2638 3003 2685; x_wconf 89' lang='lat' dir='ltr'><strong>aut</strong></span> <span class='ocrx_word' id='word_1_417' title='bbox 3037 2630 3176 2700; x_wconf 89' lang='lat' dir='ltr'><strong>apud</strong></span> <span class='ocrx_word' id='word_1_418' title='bbox 3203 2629 3488 2702; x_wconf 88' lang='lat' dir='ltr'><strong>Georgium</strong></span> <span class='ocrx_word' id='word_1_419' title='bbox 3519 2632 3779 2700; x_wconf 77' lang='lat' dir='ltr'><strong>reperies.</strong></span> 
     </span>
    </p>
   </div>
   <div class='ocr_carea' id='block_1_59' title="bbox 2196 2719 3784 2795">
    <p class='ocr_par' dir='ltr' id='par_1_59' title="bbox 2196 2719 3784 2795">
     <span class='ocr_line' id='line_1_59' title="bbox 2196 2719 3784 2795; baseline 0.005 -23"><span class='ocrx_word' id='word_1_420' title='bbox 2196 2727 2288 2774; x_wconf 87' lang='lat' dir='ltr'><strong>aut</strong></span> <span class='ocrx_word' id='word_1_421' title='bbox 2314 2719 2453 2790; x_wconf 87' lang='lat' dir='ltr'><strong>apud</strong></span> <span class='ocrx_word' id='word_1_422' title='bbox 2474 2720 2835 2791; x_wconf 82' lang='lat' dir='ltr'><strong>Auonymum,</strong></span> <span class='ocrx_word' id='word_1_423' title='bbox 2859 2736 3016 2792; x_wconf 88' lang='lat' dir='ltr'><strong>quem</strong></span> <span class='ocrx_word' id='word_1_424' title='bbox 3044 2721 3158 2778; x_wconf 79' lang='lat' dir='ltr'><strong>fere</strong></span> <span class='ocrx_word' id='word_1_425' title='bbox 3183 2722 3452 2792; x_wconf 83' lang='lat' dir='ltr'><strong>exprimit.</strong></span> <span class='ocrx_word' id='word_1_426' title='bbox 3489 2723 3784 2795; x_wconf 81' lang='lat' dir='ltr'><strong>Anonymo</strong></span> 
     </span>
    </p>
   </div>
   <div class='ocr_carea' id='block_1_60' title="bbox 2197 2810 3786 2883">
    <p class='ocr_par' dir='ltr' id='par_1_60' title="bbox 2197 2810 3786 2883">
     <span class='ocr_line' id='line_1_60' title="bbox 2197 2810 3786 2883; baseline 0.003 -18"><span class='ocrx_word' id='word_1_427' title='bbox 2197 2810 2338 2865; x_wconf 90' lang='lat' dir='ltr'><strong>enim</strong></span> <span class='ocrx_word' id='word_1_428' title='bbox 2381 2825 2503 2866; x_wconf 92' lang='lat' dir='ltr'><strong>cum</strong></span> <span class='ocrx_word' id='word_1_429' title='bbox 2551 2811 2906 2883; x_wconf 85' lang='lat' dir='ltr'><strong>Metaphraste</strong></span> <span class='ocrx_word' id='word_1_430' title='bbox 2953 2827 3140 2868; x_wconf 91' lang='lat' dir='ltr'><strong>sensus</strong></span> <span class='ocrx_word' id='word_1_431' title='bbox 3183 2813 3294 2869; x_wconf 78' lang='lat' dir='ltr'><strong>fere</strong></span> <span class='ocrx_word' id='word_1_432' title='bbox 3335 2828 3566 2883; x_wconf 83' lang='lat' dir='ltr'><strong>semper,</strong></span> <span class='ocrx_word' id='word_1_433' title='bbox 3610 2813 3786 2869; x_wconf 76' lang='lat' dir='ltr'><strong>verba</strong></span> 
     </span>
    </p>
   </div>
   <div class='ocr_carea' id='block_1_61' title="bbox 2197 2901 3790 2972">
    <p class='ocr_par' dir='ltr' id='par_1_61' title="bbox 2197 2901 3790 2972">
     <span class='ocr_line' id='line_1_61' title="bbox 2197 2901 3790 2972; baseline 0.002 -17"><span class='ocrx_word' id='word_1_434' title='bbox 2197 2901 2356 2955; x_wconf 84' lang='lat' dir='ltr'><strong>etiam</strong></span> <span class='ocrx_word' id='word_1_435' title='bbox 2384 2901 2693 2972; x_wconf 89' lang='lat' dir='ltr'><strong>plerumque</strong></span> <span class='ocrx_word' id='word_1_436' title='bbox 2722 2912 2844 2957; x_wconf 91' lang='lat' dir='ltr'><strong>sunt</strong></span> <span class='ocrx_word' id='word_1_437' title='bbox 2871 2903 3191 2957; x_wconf 91' lang='lat' dir='ltr'><strong>communia.</strong></span> <span class='ocrx_word' id='word_1_438' title='bbox 3221 2905 3393 2972; x_wconf 85' lang='lat' dir='ltr'><strong>Atque</strong></span> <span class='ocrx_word' id='word_1_439' title='bbox 3416 2903 3530 2957; x_wconf 85' lang='lat' dir='ltr'><strong>haec</strong></span> <span class='ocrx_word' id='word_1_440' title='bbox 3554 2917 3618 2958; x_wconf 88' lang='lat' dir='ltr'><strong>ex</strong></span> <span class='ocrx_word' id='word_1_441' title='bbox 3642 2903 3790 2958; x_wconf 84' lang='lat' dir='ltr'><strong>mul~</strong></span> 
     </span>
    </p>
   </div>
   <div class='ocr_carea' id='block_1_62' title="bbox 2201 2991 3788 3065">
    <p class='ocr_par' dir='ltr' id='par_1_62' title="bbox 2201 2991 3788 3065">
     <span class='ocr_line' id='line_1_62' title="bbox 2201 2991 3788 3065; baseline 0.002 -18"><span class='ocrx_word' id='word_1_442' title='bbox 2201 2993 2268 3047; x_wconf 90' lang='lat' dir='ltr'><strong>tis</strong></span> <span class='ocrx_word' id='word_1_443' title='bbox 2283 2991 2538 3047; x_wconf 89' lang='lat' dir='ltr'><strong>adnotare</strong></span> <span class='ocrx_word' id='word_1_444' title='bbox 2553 2993 2724 3047; x_wconf 84' lang='lat' dir='ltr'><strong>visum</strong></span> <span class='ocrx_word' id='word_1_445' title='bbox 2746 3002 2826 3048; x_wconf 90' lang='lat' dir='ltr'><strong>est</strong></span> <span class='ocrx_word' id='word_1_446' title='bbox 2847 2993 2913 3048; x_wconf 91' lang='lat' dir='ltr'><strong>ad</strong></span> <span class='ocrx_word' id='word_1_447' title='bbox 2934 3000 3176 3048; x_wconf 87' lang='lat' dir='ltr'><strong>auctores</strong></span> <span class='ocrx_word' id='word_1_448' title='bbox 3191 3007 3367 3048; x_wconf 92' lang='lat' dir='ltr'><strong>rerum</strong></span> <span class='ocrx_word' id='word_1_449' title='bbox 3387 2991 3788 3065; x_wconf 87' lang='lat' dir='ltr'><strong>Chrysostomi:</strong></span> 
     </span>
    </p>
   </div>
   <div class='ocr_carea' id='block_1_63' title="bbox 2196 3081 3787 3154">
    <p class='ocr_par' dir='ltr' id='par_1_63' title="bbox 2196 3081 3787 3154">
     <span class='ocr_line' id='line_1_63' title="bbox 2196 3081 3787 3154; baseline 0.003 -18"><span class='ocrx_word' id='word_1_450' title='bbox 2196 3096 2315 3152; x_wconf 69' lang='lat' dir='ltr'><strong>quae</strong></span> <span class='ocrx_word' id='word_1_451' title='bbox 2339 3081 2635 3150; x_wconf 89' lang='lat' dir='ltr'><strong>doctorum,</strong></span> <span class='ocrx_word' id='word_1_452' title='bbox 2660 3093 2718 3138; x_wconf 91' lang='lat' dir='ltr'><strong>ut</strong></span> <span class='ocrx_word' id='word_1_453' title='bbox 2738 3083 2866 3149; x_wconf 90' lang='lat' dir='ltr'><strong>dixi,</strong></span> <span class='ocrx_word' id='word_1_454' title='bbox 2881 3082 3098 3153; x_wconf 89' lang='lat' dir='ltr'><strong>judicio,</strong></span> <span class='ocrx_word' id='word_1_455' title='bbox 3127 3091 3183 3138; x_wconf 91' lang='lat' dir='ltr'><strong>ut</strong></span> <span class='ocrx_word' id='word_1_456' title='bbox 3204 3097 3321 3140; x_wconf 87' lang='lat' dir='ltr'><strong>mea</strong></span> <span class='ocrx_word' id='word_1_457' title='bbox 3347 3098 3560 3154; x_wconf 88' lang='lat' dir='ltr'><strong>quoque</strong></span> <span class='ocrx_word' id='word_1_458' title='bbox 3575 3087 3787 3149; x_wconf 85' lang='lat' dir='ltr'><strong>omnia,</strong></span> 
     </span>
    </p>
   </div>
   <div class='ocr_carea' id='block_1_64' title="bbox 2204 3175 2507 3240">
    <p class='ocr_par' dir='ltr' id='par_1_64' title="bbox 2204 3175 2507 3240">
     <span class='ocr_line' id='line_1_64' title="bbox 2204 3175 2507 3240; baseline -0.007 -10"><span class='ocrx_word' id='word_1_459' title='bbox 2204 3175 2474 3240; x_wconf 88' lang='lat' dir='ltr'><strong>permitto.</strong></span> <span class='ocrx_word' id='word_1_460' title='bbox 2488 3193 2507 3228; x_wconf 75' lang='grc' dir='ltr'><strong><em>Î¹</em></strong></span> 
     </span>
    </p>
   </div>
  </div>
