4038 6154
298 339 392 380 XL!

1383 318 1472 375 DE
1508 319 1567 376 S.
1605 315 1876 376 JOANNE
1913 315 2447 376 CHRYSOS'I‘OMO.

3454 335 3567 380 χιιι

307 471 3550 514 W

1077 607 1800 769 MARTYRII
1897 647 2804 770 ANTIOCHENI

553 943 1428 1040 PANEGYRICUM
1504 945 1600 1036 s.
1675 886 3116 1040 JOANNIS‘CHRYSOSTOMI
3191 925 3311 1035 (α).

389 1496 536 1554 Inter
567 1493 740 1551 varios
784 1493 955 1548 sancti
985 1490 1208 1546 Joannis
1235 1490 1584 1562 Chrysostomi
1607 1493 1726 1548 vita:
1769 1491 1902 1546 scri-

315 1599 491 1660 ptores
528 1585 746 1658 quidam
789 1592 864 1638 est
933 1581 1144 1639 ercus
1198 1583 1504 1654 Anonymus
1542 1599 1576 1635 a
1607 1581 1804 1636 Savilio
1847 1581 1904 1634 in

315 1689 502 1734 octavo
530 1677 771 1731 editionis
801 1689 911 1729 sute
941 1683 1080 1728 tomo
1119 1673 1384 1746 vulgatus,
1410 1689 1562 1744 quem
1603 1681 1779 1726 tamen
1807 1687 1904 1741 po-

319 1781 546 1825 stremus
562 1767 913 1839 Chrysostomi
939 1765 1107 1820 editor
1135 1766 1578 1838 Hontfauconius,
1601 1780 1906 1835 quanquam

319 1861 461 1932 stylo
493 1876 596 1914 non
617 1861 962 1923 invenustum,
998 1857 1244 1911 recudere
1273 1855 1604 1920 noluit,quia
1637 1853 1768 1907 nihil
1799 1856 1907 1923 fere

319 1955 392 2007 ab
429 1969 490 2007 eo
522 1953 594 2005 ad
641 1950 894 2020 majorem
934 1949 1236 2020 argumenti
1279 1948 1524 2001 notitiam
1554 1948 1781 2018 conferri
1810 1963 1909 2014 pu-

321 2044 476 2098 tavit.
501 2045 752 2096 Attamen
784 2044 878 2096 hoc
901 2057 1090 2095 novum
1122 2057 1284 2110 neque
1305 2039 1430 2093 levis
1457 2039 1704 2092 momenti
1739 2039 1793 2090 in
1818 2036 1908 2089 illo

320 2145 460 2200 erat,
494 2143 708 2188 notante
751 2134 913 2188 etiam
949 2131 1361 2203 Montfauconio,
1407 2133 1543 2201 quod
1575 2129 1785 2182 nomina
1817 2143 1908 2182 ιιι

322 2236 602 2280 auctorum
632 2223 910 2287 recitabat,
944 2240 976 2276 a
1017 2224 1200 2293 quibus
1245 2239 1324 2276 res
1367 2230 1524 2292 gesta:
1561 2219 1909 2289 Chrysostomi

325 2317 703 2371 commendatae
744 2315 934 2368 litteris
977 2315 1222 2384 fuerunt,
1256 2322 1414 2382 atque
1441 2311 1530 2364 hos
1557 2312 1692 2363 inter
1729 2309 1912 2363 Antio-

327 2409 544 2462 chenum
573 2407 937 2475 patriarcham
989 2403 1302 2474 Martyrium
1351 2401 1618 2471 ponebat;
1658 2401 1727 2454 ad
1759 2417 1910 2470 quem

324 2499 584 2569 Anonymi
641 2499 812 2552 locum
859 2496 1201 2550 Bollandiani
1260 2496 1376 2566 (die
1435 2493 1501 2547 H
1557 2479 1908 2560 Septembris,

326 2599 368 2642 t.
419 2589 508 2656 IV,
546 2606 598 2658 p.
632 2588 756 2654 406,
793 2588 890 2642 col.
929 2588 983 2658 2)
1016 2588 1091 2641 sic
1137 2593 1557 2640 commentantur
1592 2599 1610 2637 :
1658 2603 1676 2634 (
1709 2581 1915 2637 Flor-uit

328 2673 616 2744 Martyrius
641 2674 833 2728 saeculo
861 2690 911 2739 ν,
945 2682 993 2728 et
1038 2682 1407 2744 consequenter
1434 2673 1563 2727 satis
1590 2673 1912 2741 propinquus

329 2770 444 2815 erat
485 2761 802 2830 temporibus
842 2759 1194 2831 Chrysostomi-
1245 2762 1314 2814 ad
1366 2770 1510 2831 gesta
1570 2759 1732 2828 ipsius
1778 2765 1912 2810 recte

330 2848 672 2910 enarranda;
697 2846 787 2901 sed
820 2845 950 2899 nihil
977 2847 1291 2915 scriptorum
1323 2846 1434 2913 ejus
1461 2845 1706 2898 innotuit.
1747 2863 1764 2893 ›
1802 2840 1914 2914 Ego

327 2953 450 2992 vero
479 2939 823 2991 memineram
863 2953 944 2990 me
983 2945 1106 2991 ante
1135 2936 1429 3004 complures
1467 2950 1633 2988 annos
1664 2934 1834 2988 videre
1859 2935 1916 2986 in

331 3027 521 3084 Leonis
564 3028 751 3083 Allatii
790 3029 987 3083 schedis
1023 3027 1399 3083 Vallicellianis
1455 3029 1708 3098 scriptum
1769 3028 1916 3081 breve

331 3121 578 3191 Hartyrii
604 3121 679 3176 De
694 3120 816 3175 Vita
843 3120 1211 3192 Chrysostomi
1244 3139 1258 3175 :
1286 3137 1425 3174 nunc
1453 3129 1653 3180 autem,
1679 3137 1742 3173 ne
1770 3121 1916 3174 rivu-

335 3212 443 3266 lum
493 3212 683 3266 omisso
729 3212 869 3282 fonte
904 3219 1263 3276 consectarer,
1305 3210 1532 3263 codicem
1570 3210 1697 3263 mihi
1739 3217 1919 3263 notum

341 3302 652 3356 Vaticanum
685 3303 884 3371 inspexi
912 3301 1070 3372 (unde
1092 3300 1322 3354 Allatius
1345 3315 1545 3370 quoque
1574 3308 1631 3351 ut
1667 3308 1792 3368 puto
1827 3314 1921 3352 ea:-

335 3395 578 3466 scripsit)
605 3396 903 3466 antiquum,
933 3393 1243 3458 miscellam,
1273 3391 1361 3445 ubi
1398 3392 1536 3444 inter
1573 3399 1762 3444 cratera
1787 3392 1922 3443 hanc

337 3485 581 3555 Martyrii
616 3485 901 3554 pretiosam
941 3482 1262 3556 gemmulam
1295 3481 1465 3550 reperi
1506 3496 1624 3533 cum
1667 3496 1726 3533 eo
1771 3479 1922 3532 titulo

337 3593 490 3648 quem
529 3577 588 3630 in
617 3577 789 3647 fronte
814 3576 1056 3630 editionis
1102 3575 1282 3629 recito.
1324 3573 1434 3627 Hoc
1474 3589 1566 3644 ego
1607 3573 1716 3625 viso
1747 3570 1920 3636 titulo,

337 3669 520 3722 statim
549 3669 756 3739 agnovi,
787 3683 892 3721 non
914 3667 1191 3721 historiam
1214 3666 1425 3736 proprie
1440 3681 1530 3719 seu
1558 3665 1925 3736 biographiam

338 3757 710 3828 Chrysostomi,
741 3759 830 3812 sed
871 3758 1245 3829 panegyricum
1283 3773 1316 3810 a
1347 3756 1602 3826 Mar-tyrio
1647 3756 1921 3824 scriptum,

338 3851 479 3920 quod
504 3865 650 3921 teque
699 3850 939 3905 nonnulli
993 3850 1090 3904 alii
1143 3851 1374 3920 fecerunt
1408 3849 1473 3903 ab
1525 3849 1618 3903 illo
1655 3849 1926 3919 Anonymo

341 3941 640 4006 memorati,
672 3959 721 3994 v.
757 3958 838 4012 gr.
885 3939 1103 3995 Proclus
1133 3949 1182 3994 et
1208 3939 1366 3994 Joan.
1410 3939 1800 4001 Damascenus,
1834 3939 1924 4010 qui

339 4032 686 4096 orationibus,
722 4049 855 4100 quas
894 4049 1003 4102 prce
1034 4032 1275 4086 manibus
1301 4031 1570 4096 habemus,
1601 4029 1924 4100 Chrysosto-

341 4140 488 4177 mum
517 4123 923 4178 celebraverunt.
951 4122 1305 4178 Nihilominus
1335 4122 1648 4176 auctoritate
1677 4119 1924 4188 Martyrii

342 4224 643 4284 permotus,
679 4215 769 4285 qui
810 4230 1009 4269 coaevus
1051 4214 1414 4284 Chrysostomo
1468 4213 1586 4285 fuit,
1634 4220 1683 4266 et
1733 4211 1924 4266 codicis

345 4308 507 4362 etiam
556 4307 774 4361 raritati
807 4308 1012 4370 timens,
1045 4306 1134 4378 qui
1181 4322 1300 4359 cum
1343 4305 1562 4374 fortasse
1610 4304 1676 4356 sit
1719 4303 1923 4365 unicus,

343 4406 593 4469 pereunte
617 4398 1000 4468 eo,Hartyrius
1019 4395 1179 4451 simul
1206 4396 1418 4467 periret,
1449 4395 1592 4448 nolui
1624 4395 1751 4447 mihi
1773 4409 1928 4462 pror-

345 4507 430 4544 sus
462 4489 601 4544 elabi
628 4490 814 4543 edendi
846 4490 942 4543 hoc
970 4490 1223 4558 scriptum
1248 4488 1610 4550 occasionem;
1633 4485 1728 4540 etsi
1759 4495 1815 4538 ut
1842 4485 1927 4538 di-

347 4581 415 4634 cit
439 4580 645 4645 titulus,
673 4591 830 4652 atque
859 4582 968 4650 ipse
995 4589 1164 4636 textus
1192 4581 1534 4642 demonstrat,
1567 4577 1773 4631 nonnisi
1801 4592 1928 4644 pars

347 4682 614 4742 postrema
641 4673 963 4727 tauaationis
989 4680 1083 4727 est.

417 4765 499 4818 Ad
525 4763 777 4834 Martyrii
821 4774 1033 4819 (etatem
1068 4767 1205 4836 quod
1245 4763 1454 4825 attinet,
1486 4759 1739 4815 Boschius
1759 4759 1926 4828 (Patr.

345 4856 605 4912 Antioch.
638 4872 693 4909 n.
721 4855 919 4927 XLIII)
962 4856 1159 4926 aliique
1190 4853 1425 4906 historici
1464 4852 1664 4919 factum
1697 4865 1814 4903 eum
1840 4865 1932 4918 pa-

350 4947 640 5001 triarcham
670 4947 938 5001 observant
969 4947 1108 5000 circa
1136 4960 1335 4998 annum
1364 4943 1488 5008 459,
1519 4942 1796 4996 decessisse
1829 4957 1931 4993 au-

352 5049 454 5092 tem
482 5054 623 5092 anno
638 5039 759 5092 471.
779 5037 920 5109 Ergo
937 5039 1060 5108 quia
1078 5037 1472 5106 Chrysostomus
1502 5034 1645 5087 haud
1676 5032 1814 5086 ultra
1835 5048 1933 5085 an-

352 5143 479 5182 num
499 5129 604 5182 407
621 5129 782 5182 vitam
801 5127 1069 5200 produxit,
1089 5127 1324 5197 sequitur
1350 5134 1405 5180 ut
1428 5123 1483 5178 Μ
1489 5124 1722 5194 artyrius
1748 5122 1932 5177 adole-

348 5237 494 5275 scens
513 5220 800 5275 admodum
823 5218 1188 5289 Chrysostomo
1219 5217 1436 5272 abeunte
1467 5216 1648 5286 fuerit.
1678 5215 1838 5281 Atqui
1876 5215 1933 5268 in

352 5313 664 5369 laudatione
690 5330 744 5369 n.
795 5315 830 5369 4
883 5314 1054 5368 adhuc
1091 5311 1474 5382 quodammodo
1517 5308 1804 5378 Martyrius
1843 5308 1937 5361 du-

350 5402 481 5456 bitat
509 5419 638 5458 num
692 5419 877 5474 reapse
917 5403 1196 5458 exstinctus
1249 5408 1376 5456 esset
1431 5399 1844 5470 Chrysostomus,
1864 5412 1936 5452 an

349 5489 544 5544 alicubi
585 5508 618 5545 a
658 5490 1071 5561 persecutoribus
1119 5490 1455 5545 occultatus:
1489 5505 1609 5563 ergo
1644 5490 1937 5545 orationem

409 5694 481 5757 (a)
521 5694 640 5754 Mn,
673 5689 969 5745 Bibliotheca
990 5705 1112 5745 nova
1140 5693 1267 5748 PP..
1294 5695 1330 5742 t.
1361 5693 1424 5752 ll.
1446 5708 1495 5757 p.
1528 5691 1637 5745 διδ.

2001 1491 2137 1545 hanc
2158 1491 2270 1545 sine
2293 1489 2452 1544 dubio
2479 1489 2628 1560 longe
2662 1497 2785 1544 ante
2820 1489 3174 1558 episcopatum
3197 1504 3351 1549 suum
3379 1490 3586 1561 scripsit

2003 1581 2327 1652 Martyrius;
2355 1597 2660 1653 quanquam
2681 1581 2724 1634 is
2754 1582 2811 1634 in
2842 1580 2994 1634 titulo
3022 1591 3069 1634 et
3095 1597 3232 1634 nunc
3258 1590 3306 1634 et
3334 1581 3462 1636 olim
3485 1585 3590 1654 epi-

2003 1676 2146 1745 scopi
2174 1690 2363 1728 nomen
2391 1675 2545 1744 yerit,
2580 1681 2638 1728 ut
2659 1671 2960 1728 auctoribus
2992 1688 3205 1743 operum
3232 1682 3346 1744 post
3375 1675 3588 1743 adeptos

2005 1767 2223 1820 honores
2279 1767 2478 1836 passim
2527 1766 2742 1823 accidit.
2775 1763 3068 1835 Ceteroqui
3103 1781 3265 1819 causa
3315 1765 3589 1820 dubitandi

2006 1853 2070 1906 de
2095 1853 2265 1906 sancti
2295 1853 2395 1906 viri
2421 1852 2564 1906 obitu
2607 1869 2709 1907 non
2741 1861 2852 1907 tam
2905 1869 2962 1906 re
2995 1853 3178 1923 aliqua
3209 1853 3466 1923 probabili
3506 1856 3589 1908 ni-

2008 1942 2236 2007 tebatur,
2287 1959 2448 2012 quam
2485 1944 2696 2012 piorum
2722 1944 3047 1997 'amantium
3094 1944 3350 1998 desiderio
3388 1946 3593 2000 diutino

2007 2032 2419 2097 sustentabatur,
2461 2033 2550 2102 qui
2603 2030 2763 2085 talem
2793 2033 3090 2101 episcopum
3126 2049 3191 2086 ac
3226 2043 3515 2102 parentem,
3546 2038 3594 2089 si

2005 2123 2123 2191 fieri
2153 2133 2341 2192 posset,
2375 2123 2560 2177 abiisse
2583 2122 3029 2194 nolebant,deque
3057 2140 3117 2178 eo
3152 2141 3387 2179 rumores
3421 2127 3595 2180 varios

2010 2212 2159 2265 inani
2185 2213 2568 2282 exspectatione
2596 2212 2834 2266 serebant
2857 2213 3009 2282 quasi
3029 2213 3085 2266 in
3105 2213 3314 2284 angulis
3344 2213 3595 2284 Scythicis

2011 2301 2181 2354 adhuc
2209 2302 2435 2365 viveret;
2457 2301 2616 2355 veluti
2647 2301 2870 2368 exempli
2900 2317 3060 2357 causa
3091 2319 3215 2374 gens
3247 2303 3504 2357 Lusitana
3534 2305 3598 2359 de

2012 2392 2314 2448 Sebastiani
2341 2395 2477 2465 regis
2519 2395 2577 2447 in
2625 2393 2809 2462 praelia
2844 2394 3096 2464 Africano
3125 2396 3380 2449 occisione
3418 2397 3601 2451 diutis-

2012 2487 2140 2540 sime
2157 2485 2433 2542 dubitavit.
2469 2484 2610 2540 Illud
2640 2487 2775 2540 serio
2801 2488 3326 2542 animadvertendum
3353 2497 3446 2553 est,
3463 2491 3601 2559 quod

2015 2576 2296 2647 Martyrius
2323 2578 2536 2647 quidam
2563 2575 3176 2648 Constantinopolitanus
3211 2580 3463 2634 diaconus
3491 2580 3600 2634 Ro-

2017 2685 2158 2721 mam
2215 2669 2285 2722 ad
2318 2667 2678 2722 Innocentium
2727 2686 2821 2738 pro
2859 2669 3215 2739 Chrysostomi
3256 2687 3417 2724 causa
3464 2672 3602 2726 venit

2018 2759 2247 2829 (Montf...
2279 2758 2387 2813 Vit.
2433 2759 2659 2831 Chrys.,
2693 2777 2747 2830 p.
2797 2761 2942 2832 154).
2995 2761 3181 2817 Utrum
3235 2770 3414 2816 tamen
3465 2763 3602 2816 idem

2015 2863 2167 2903 nomo
2211 2849 2387 2920 fuerit,
2415 2851 2504 2920 qui
2555 2850 2930 2906 Antiochenam
2960 2860 3138 2920 postea
3181 2851 3486 2907 cathedram
3519 2869 3605 2906 oc-

2019 2938 2250 3007 cupavit,
2281 2939 2409 2992 mihi
2439 2955 2540 2992 non
2569 2941 2702 2995 satis
2743 2941 2924 3011 liquet.
2954 2941 3007 2996 Is
3041 2951 3115 2997 est
3145 2950 3282 3001 certe
3316 2942 3604 3013 Martyrius

2019 3039 2192 3083 noster
2217 3047 2368 3100 quem
2407 3029 2464 3085 S.
2505 3030 2696 3085 Petrus
2731 3028 3044 3097 Damianus,
3079 3048 3257 3100 opusc.
3294 3047 3405 3100 xu,
3444 3032 3494 3097 i,
3527 3031 3606 3088 De

2018 3121 2356 3177 abdicatione
2388 3122 2579 3190 episc.,
2609 3125 2798 3192 refert,
2844 3132 3056 3192 prapter
3078 3123 3379 3178 dissidentis
3429 3121 3606 3179 inobe«

2020 3215 2275 3267 dientiam
2309 3213 2488 3284 populi
2521 3213 2826 3267 cathedram
2854 3214 3112 3267 dimisisse
3136 3214 3426 3268 dicentem:
3450 3230 3468 3265 ι
3495 3214 3606 3269 Cle-

2021 3321 2080 3358 ro
2109 3320 2211 3357 non
2239 3304 2463 3368 subdito,
2496 3314 2544 3358 et
2567 3303 2759 3373 populo
2789 3305 3083 3368 dissidenti,
3100 3313 3149 3358 et
3170 3303 3420 3358 Ecclesia
3446 3320 3606 3374 squa-

2024 3395 2148 3448 lenti
2197 3393 2537 3460 abrenuntio,
2574 3408 2785 3447 servans
2833 3393 3068 3446 mihimet
3114 3393 3397 3451 sacerdotii
3435 3393 3606 3466 digni-

2025 3494 2206 3540 tatem.
2247 3503 2266 3536 ι

2094 3575 2233 3629 Pars
2277 3575 2406 3638 hwc,
2455 3591 2610 3645 quam
2662 3591 2754 3630 nos
2786 3577 3149 3645 comperimus,
3175 3577 3492 3649 Panegyrici
3524 3596 3608 3634 εει

2026 3677 2215 3732 trema,
2236 3671 2500 3732 versatur,"
2537 3674 2592 3720 ut
2622 3683 2722 3738 par
2757 3677 2890 3729 erat,
2923 3667 2978 3721 in
3009 3669 3252 3723 extremis
3291 3671 3610 3725 sanctissimi

2024 3761 2126 3813 viri
2161 3759 2330 3821 rebus,
2352 3758 2567 3829 ejusque
2593 3758 2753 3813 veluti
2775 3762 3089 3830 martyrium
3119 3761 3364 3826 celebrat,
3395 3772 3610 3833 propter

2026 3851 2430 3921 injustissimam
2461 3850 2813 3921 improborum
2859 3852 3128 3908 hominum
3178 3855 3606 3922 persecutionem.

2033 3942 2310 3997 Hominem
2340 3942 2542 3997 nullum
2590 3943 2906 3997 nominatim
2948 3944 3184 4014 appellat
3224 3953 3426 4012 auctor,
3461 3955 3517 4000 u-t
3547 3947 3612 4000 de

2030 4034 2316 4090 viventibus
2375 4033 2767 4104 petentibusque
2814 4034 2929 4102 ﬁeri
2966 4035 3112 4101 solet,
3160 4037 3252 4091 sed
3300 4053 3385 4091 eos
3435 4046 3612 4091 tamen

2033 4124 2190 4179 claris
2239 4127 2368 4180 satis
2420 4125 2674 4180 coloribus
2716 4128 2988 4198 designat,
3022 4129 3385 4200 praecipueque
3434 4144 3610 4186 senem

2033 4215 2306 4272 Arsacium
2319 4225 2369 4272 et
2395 4217 2643 4283 Atticum,
2660 4215 3014 4288 Chrysostomi
3043 4218 3220 4276 ambos
3239 4229 3420 4275 contra
3452 4235 3614 4276 tono-

2035 4309 2208 4366 nicam
2237 4308 2473 4378 regulam
2490 4327 2824 4365 successores.
2844 4309 2948 4366 Sed
2971 4313 3028 4366 in
3047 4312 3279 4368 Atticum
3306 4312 3614 4384 gravissime

2035 4397 2311 4461 invehitur,
2343 4414 2497 4468 quem
2520 4398 2720 4470 alioqui
2748 4402 2944 4470 passim
2967 4402 3199 4457 historiae
3227 4403 3475 4458 denotant
3495 4421 3611 4460 am-

2035 4487 2296 4550 bitiosum,
2328 4488 2670 4557 versipellem,
2701 4492 2938 4562 vafrum,
2964 4508 3216 4561 quemque
3253 4492 3536 4546 Palladius
3557 4494 3614 4546 in

2037 4579 2254 4650 Dialogo
2283 4579 2350 4633 de
2387 4579 2507 4634 Vita
2551 4578 2766 4648 Chrys,
2798 4597 2915 4647 cap.
2962 4582 3052 4648 ii,
3090 4582 3324 4635 omnium
3365 4582 3613 4636 adversus

2037 4673 2455 4742 Chrysostomum
2510 4669 2839 4726 molitionum
2889 4671 3013 4726 dicit
3063 4669 3339 4738 artiﬁcem.
3387 4670 3455 4726 Et
3490 4673 3616 4742 quia

2035 4763 2256 4828 Atticus,
2290 4775 2401 4831 post
2442 4762 2730 4816 adversarii
2772 4762 2853 4815 sui
2894 4761 3109 4827 obitum,
3153 4760 3355 4817 nullum
3386 4761 3612 4832 lapidem

2039 4870 2143 4910 non
2196 4854 2451 4918 movebat,
2489 4853 2780 4922 praesertim
2827 4853 3262 4910 assentationibus
3294 4861 3343 4908 et
3381 4855 3612 4924 pecunia

2039 4945 2358 5009 diribitione,
2399 4953 2453 4998 ut
2489 4943 2737 4999 mortales
2781 4961 2955 4999 omnes
3000 4946 3056 4999 in
3093 4962 3247 5000 suam
3273 4953 3480 5015 partem
3513 4956 3618 5001 tra-

2041 5039 2214 5102 heret,
2249 5036 2314 5091 ab
2352 5036 2451 5090 hac
2496 5035 2783 5107 Martyrius
2814 5053 2943 5107 pace
2970 5045 3020 5091 et
3061 5037 3421 5093 communione
3467 5037 3617 5094 valde

2041 5127 2274 5182 alienum
2301 5144 2355 5181 se
2383 5128 2527 5193 dicit,
2558 5137 2872 5199 cteterosque
2913 5143 3089 5182 omnes
3126 5128 3352 5182 deterret
3380 5144 3399 5183 :
3428 5128 3484 5182 in
3512 5145 3616 5200 qua

2041 5235 2168 5273 sane
2197 5219 2458 5273 discordia
2480 5219 2570 5271 diu
2592 5219 2961 5274 consentientes
2987 5217 3168 5272 habuit
3197 5224 3308 5272 tum
3327 5215 3619 5274 Orientales

2044 5317 2154 5364 tum
2195 5311 2356 5364 etiam
2401 5308 2757 5365 Occidentales
2809 5309 3096 5379 episcopos,
3135 5325 3229 5362 nec
3281 5325 3384 5363 non
3447 5308 3620 5379 ipsam

2043 5399 2340 5455 Romanam
2372 5401 2565 5466 sedem,
2595 5417 2712 5471 quae
2741 5400 2948 5454 nonnisi
2981 5415 3118 5472 (egre
3141 5414 3354 5468 seroque
3390 5397 3618 5453 Atticum

2045 5491 2115 5545 ad
2140 5490 2555 5546 communionem
2581 5506 2732 5545 suam
2760 5489 2972 5560 recepit.
