4038 6154
474 285 610 330 XLIII

1713 267 1907 321 MART
1919 268 1945 322 ὶ
1960 268 2051 324 Rll
2086 267 2508 328 ΔΝΤΙΟΟΗΕΝΙ
3172 325 3198 340 ν.
3212 328 3244 344 ..

479 416 3705 475 WIM—W

3613 296 3754 346 κων

2340 444 2576 456 ——.—-——

930 605 1160 692 ΤΟΥ
1196 606 1342 693 ΕΝ
1377 602 1520 698 ΑΓ
1524 607 1745 697 ΙΟΙΣ
1782 608 2217 700 ΠΑΤΡΟΣ
2256 599 2583 702 ΗΜΩΝ
2621 615 3258 708 ΜΑΡΤΥΡΙΟΥ

1640 768 2022 849 Εηιειίοηο
2036 798 2082 852 Υ
2106 800 2563 862 ΑΝΤιοΧΕΙΑΣ

683 957 782 1011 ΕΚ
819 955 957 1012 ΤΟΥ
983 953 1342 1014 ΕΓΚΩΜΙοΥ
1372 957 1485 1013 ΕΙΣ
1510 958 1650 1014 ΤΟΝ
1674 961 1766 1015 EN
1800 963 2025 1018 ΑΓΙΟΙΣ
2067 964 2348 1020 ΠΑΤΕΡΑ
2381 966 2581 1021 ΗΜΩΝ
2610 970 2923 1029 ΙΩΑΝΝΗΝ
2957 977 3531 1036 ΑΡΧΙΕΠΙΣΚΟΠΟΝ

1318 1054 2156 1126 ΚΩΝΣΤΑΝΤΙΝΟΥΠΟΛΕΩΣ,
2192 1062 2332 1117 ΤΟΝ
2356 1064 2889 1126 ΧΡΥΣΟΣΤΟΜΟΝ.

540 1367 611 1415 α’.
658 1360 798 1415 Ἀλλ’
821 1359 915 1415 ἐπὶ
940 1361 1001 1416 τὸ
1030 1364 1333 1435 μαρτύριον
1355 1368 1506 1439 ἡμᾶς
1524 1368 1618 1422 τοῦ
1643 1370 1858 1443 Πατρὸς
1886 1374 2054 1428 ὁκαι-

471 1454 566 1524 ρὺς
598 1453 784 1509 καλεῖο
824 1455 1124 1528 μαρτύριον
1159 1460 1461 1529 στεφανοῦν
1485 1462 1584 1533 μὲν
1610 1463 1705 1518 τὸν
1731 1462 1952 1536 Πατέρα
1987 1468 2056 1521 δι’

469 1544 642 1615 αὐτὴν
692 1545 787 1599 τοῦ
830 1546 1157 1619 πράγματος
1202 1550 1302 1622 τήν
1353 1551 1534 1621 φύσιν,
1576 1556 1952 1629 ἀνακηρύττον
2000 1547 2058 1613 δέ

467 1635 565 1687 τοῦ
592 1635 729 1689 Θεοῦ
762 1637 824 1690 τὸ
848 1638 1127 1708 πάνσοφόν
1158 1657 1219 1693 τε
1245 1642 1343 1695 καὶ
1374 1642 1682 1715 εὐμήχανον
1708 1648 1801 1700 καὶ
1819 1648 2044 1703 δυνατὸν

469 1726 551 1790 είς
592 1726 654 1779 τὸ
691 1727 895 1800 πόρους
933 1730 991 1783 ἐν
1019 1732 1133 1794 τοῖς
1163 1731 1393 1804 ἀπόροις
1426 1734 1626 1805 εὑρεῖν.
1662 1736 1735 1789 Τὸ
1766 1737 1875 1809 γὰρ
1899 1737 2058 1809 εὔχε-

462 1816 598 1873 σθαι
632 1818 730 1888 μὲν
759 1819 849 1873 τὸν
891 1817 1047 1888 ἅγιον
1078 1821 1483 1894 καταξιωθῆναι
1516 1824 1611 1878 τοῦ
1650 1826 1895 1880 τοιούτου
1938 1845 2058 1882 στε-

472 1908 668 1976 φάνου,
695 1909 787 1963 τὸν
821 1911 1013 1981 καιρὸν
1054 1911 1113 1964 δέ
1149 1913 1308 1966 τοῦτο
1349 1915 1425 1984 μή
1474 1914 1642 1985 ἔχειν,
1675 1918 1775 1987 τῆς
1807 1919 1909 1989 μὲν
1937 1920 2058 1974 ἀσε-

469 1999 621 2064 ϐείας
656 1999 1100 2071 ἀπεληλαμένης,
1135 2002 1236 2073 τῆς
1278 2004 1561 2068 εὐσεϐείας
1586 2006 1643 2061 δέ
1681 2008 2057 2081 ἐκτεταμένης

468 2093 611 2148 κατὰ
640 2095 821 2166 πάσης
857 2096 956 2167 τῆς
988 2095 1319 2168 οἰκουμένης
1340 2112 1354 2127 ·
1400 2096 1602 2169 τρόπον
1633 2098 1693 2151 δέ
1732 2116 1854 2153 τινα
1897 2101 2055 2173 εὐρε-

480 2185 639 2256 θῆναι
690 2177 994 2260 μαρτυρίου
1028 2188 1290 2251 τοιοῦτον,
1320 2189 1488 2259 ὅνπερ
1519 2188 1713 2259 ἄνδρες
1737 2191 1887 2262 αύτῷ
1923 2210 2058 2267 προ-

470 2276 653 2330 ϐάτων
702 2278 1078 2349 περικείμενοι
1121 2279 1284 2351 δορὰς
1329 2281 1555 2344 ἄκοντες
1604 2280 1906 2353 ἐξήνυσανο
1940 2285 2059 2351 πῶς

468 2368 591 2438 οὐχὶ
629 2368 727 2440 τῆς
750 2370 844 2423 τοῦ
874 2369 1009 2424 Θεοῦ
1042 2371 1235 2440 σοφίας
1279 2388 1340 2425 τε
1379 2372 1473 2425 καὶ¹
1507 2371 1687 2443 ἰσχύος
1721 2370 1862 2428 εἶναι
1901 2377 2059 2431 τοῦτο

468 2459 650 2530 ἔργον,
686 2461 1002 2515 πιστευτέον
1033 2454 1271 2532 ὀφείλεις
1320 2464 1446 2530 Πῶς
1473 2462 1567 2521 οὖν
1609 2468 1759 2541 αύτῷ
1783 2470 1878 2525 καὶ
1906 2466 2059 2537 οὗτος

469 2549 501 2605 ἀ
538 2548 797 2619 στέφανος
831 2550 1047 2621 ἐπλάκη
1068 2568 1082 2613 ς

548 2640 612 2711 βε.
659 2639 750 2695 Ἐν
773 2641 985 2706 τούτοις
1014 2640 1094 2706 οἷς
1111 2642 1247 2713 ἔφην
1266 2644 1373 2699 τῶν
1399 2649 1739 2720 πραγμάτων
1773 2650 2051 2716 ἁπάντων,

469 2732 829 2798 ὑπεξίσταται
872 2734 970 2803 μὲν
1001 2736 1030 2788 ό
1079 2734 1261 2807 γέρων
1307 2736 1384 2810 (α)
1428 2739 1528 2808 τῆς
1566 2739 1712 2811 ζωῆς
1757 2742 2051 2814 ἑκατέραςο

470 2827 530 2876 ἐν
560 2823 730 2896 ταύτῃ
759 2825 879 2895 μὲν,
910 2826 1125 2897 ἐκείνης
1146 2843 1160 2857 ·
1194 2828 1291 2883 σὺν
1325 2830 1509 2903 ἐκείνῃ
1534 2831 1612 2896 δὲ,
1647 2831 1868 2904 ταύτης.
1906 2834 2056 2887 Γίνε-

467 2933 559 2969 ται
591 2916 648 2970 δὲ
680 2918 796 2988 μετ’
823 2920 1029 2972 ἐκεῖνον
1060 2920 1089 2972 ὁ
1135 2919 1203 2972 δι’
1230 2920 1439 2975 ἐκείνου
1470 2919 1539 2976 τὰ
1577 2921 1769 2994 ἐκείνῳ
1797 2924 2054 2979 δοκοῦντα

470 3005 609 3063 εἶναι
632 3008 885 3077 πράττων
915 3009 1130 3064 ἅπαντα
1151 3028 1165 3042 ·
1199 3013 1445 3084 οἰόμενος
1486 3015 1585 3084 μέν
1615 3014 1921 3084 λανθάνειν,
1968 3017 2055 3071 λε-

469 3098 650 3169 ληθὼς
679 3100 737 3154 δέ
763 3101 972 3155 ούδένα.
1008 3095 1177 3168 Οὗτος
1201 3101 1295 3158 οὖν
1322 3108 1438 3171 τοῖς
1483 3107 1732 3180 ἀνοήτοις
1760 3109 1961 3178 γλυκύς
1996 3128 2053 3164 τε

470 3191 547 3243 ὢν
586 3191 682 3244 καὶ
718 3190 942 3257 πιθανὸς
984 3192 1081 3246 καὶ
1138 3194 1430 3259 κολακείας
1476 3195 1692 3266 γέμων,
1746 3199 1945 3254 πείθων
1992 3217 2053 3253 τε

469 3281 737 3346 ἅπαντας,
777 3283 945 3355 μηδὲν
970 3278 1110 3337 εἶναι
1141 3277 1218 3339 ὧν
1252 3285 1476 3357 ἐποίησε
1507 3287 1652 3352 τότε,
1682 3288 1800 3344 δέον
1825 3289 2053 3361 ὀμνύναι

473 3374 638 3445 μηδὲν
667 3374 867 3428 είδὲναι
892 3368 966 3429 ὧν
999 3375 1230 3448 ἐλάλησε
1258 3377 1405 3442 τότε,
1428 3380 1458 3432 ὁ
1508 3379 1792 3451 Ἀθηναῖος
1815 3381 2047 3453 δαίμων,

468 3466 568 3535 τῆς
612 3465 864 3536 Ἀττικῆς
898 3466 1318 3537 δεισιδαιμονίας
1343 3468 1404 3520 τὸ
1431 3468 1698 3538 σύμϐολον
1741 3471 1847 3541 (b)'
1898 3465 2056 3536 οὗτος

469 3556 634 3629 διπλῇ
670 3556 899 3629 πληγεὶς
926 3558 1086 3629 ἀκοῇ,
1119 3558 1278 3613 τοῦτο
1317 3560 1438 3631 μὲν,
1468 3561 1583 3633 τῶν,
1598 3560 1694 3615 τοῦ
1725 3564 1882 3632 ἁγίου
1918 3581 2054 3619 κατ-

470 3648 811 3720 ορθωμάτων
834 3642 910 3703 ὧν
934 3648 1245 3732 εἰργάζετο,
1288 3650 1380 3704 καί
1408 3652 1466 3705 ἐν
1496 3652 1701 3725 ἐρημίᾳ
1725 3654 2051 3726 καθήμενος,

338 3742 350 3750 ’
469 3740 648 3812 ψυχὰς
675 3740 874 3812 μυρίας
900 3740 997 3804 τὰς
1026 3740 1126 3811 μὲν
1147 3742 1213 3795 ἐκ
1239 3740 1349 3795 τῶν
1380 3741 1731 3815 βαρϐαρικῶν
1754 3743 2055 3818 ἐξωνούμε-

473 3849 564 3895 νος
589 3830 791 3903 χειρῶν
823 3832 893 3901 (c)
959 3826 1041 3896 οἷς
1071 3826 1184 3903 εἶχε
1214 3835 1430 3903 μικροῖς
1471 3834 1566 3888 καί
1615 3837 1888 3906 πενιχροῖς
1917 3838 2054 3910 χρή-

473 3939 610 3992 μασι
631 3937 643 3953 °
673 3921 772 3986 τὰς
811 3922 869 3975 δέ
896 3923 963 3976 ἐκ
987 3921 1097 3977 τῶν
1117 3922 1213 3977 τοῦ
1239 3922 1488 3977 διαϐόλου
1540 3922 1753 3995 βρόχων
1792 3925 2053 3982 ἀνασπῶν

467 4008 552 4079 οἷς
578 4009 693 4086 εἶχε
722 4014 995 4079 πλουσίως
1023 4015 1171 4086 πόνῳ
1202 4017 1299 4070 καὶ
1334 4016 1519 4088 χάριτι
1546 4015 1796 4086 κτηθεῖσι
1834 4016 2016 4088 λόγοις
2035 4035 2047 4050 ο

467 4103 686 4175 ἐτέρους
712 4103 856 4176 λιμῷ
877 4106 970 4163 καὶ
993 4109 1137 4178 φυγῇ
1159 4105 1598 4180 πολεμουμένους
1624 4108 1740 4172 τοῖς
1762 4106 1861 4179 τῆς
1891 4109 2052 4180 ἁγίας

468 4196 642 4268 χήρας
668 4196 745 4267 (ά)
771 4189 1084 4266 διατρέφων
1117 4197 1399 4268 ἀλεύροις·
1449 4199 1789 4272 μοναστήριά
1831 4218 1893 4255 τε
1935 4220 2039 4273 φυ-

466 4284 643 4341 τεύων
669 4288 728 4339 ἐν
758 4285 941 4354 φόνοις
981 4287 1076 4340 καὶ
1104 4288 1380 4358 ἁρπαγαῖς
1426 4292 1912 4362 συνεκτραφείσαις
1941 4292 2051 4363 χὼ·

469 4393 615 4450 ραις,
646 4376 792 4446 άπερ
833 4376 1048 4431 ἅπαντα
1079 4377 1276 4452 μικροῦ
1325 4380 1419 4433 καὶ
1440 4379 1539 4451 τὴν
1580 4382 1853 4454 Ἀντιόχου
1886 4384 2044 4439 πόλιν

465 4468 688 4524 ἅπασαν
728 4467 1029 4540 μετῴκισεν
1060 4469 1137 4534 ὡς
1178 4470 1340 4527 αὐτόν
1371 4471 1462 4543 (ε).
1514 4472 1685 4526 Τοῦτο
1711 4474 1769 4528 δὲ
1810 4475 1904 4529 και
1948 4476 2048 4546 τῆς

476 4559 760 4630 Ῥωμαίων
801 4559 1103 4633 ὀρθοτάτης
1130 4561 1387 4633 κρίσεως,
1416 4563 1466 4617 οἶ
1492 4564 1889 4635 συναγαγόντες
1927 4567 2047 4620 ἐπι-

464 4651 681 4707 σκόπων
708 4651 914 4721 πλῆθος
941 4653 1031 4724 (Γ),
1053 4652 1339 4711 ἐϐούλοντο
1374 4656 1473 4727 μὲν
1500 4656 1656 4726 ἄφνω
1686 4656 1890 4720 πάντες
1918 4655 2042 4711 πολ-

461 4745 544 4798 λοί
588 4759 650 4796 τε
695 4742 848 4806 ὄντες
880 4743 975 4797 καὶ
1009 4746 1230 4817 μεγάλῳ
1263 4747 1342 4817 τῷ
1386 4730 1486 4818 βίῳ
1528 4747 1757 4823 δραμεῖν
1812 4746 1907 4799 ἐπὶ¹
1942 4747 2041 4818 τὴν

462 4832 881 4891 Κωνσταντίνου
934 4834 1017 4903 τῇ
1058 4835 1157 4903 τῆς
1210 4837 1433 4908 εἰρήνης
1490 4836 1785 4909 ἐπιθυμίᾳ,
1834 4836 2043 4913 βέλτιον

438 4993 485 5094 ’Δ
532 5020 611 5091 (a)
649 5017 927 5094 A_Ijsacius,
958 5026 1020 5073 ut
1067 5031 1211 5083 reor,
1256 5015 1349 5085 qui
1384 5014 1660 5085 decrepita
1690 5027 1849 5094 aetate
1889 5019 2048 5093 datus

460 5088 1056 5169 ίυσξςςιιηοιπιεοειρωο
1077 5101 1387 5169 wesse-
1488 5154 1504 5169 .

533 5158 605 5232 (ὁ)
635 5154 894 5232 διιερῑςοι·
926 5157 1307 5232 denotari_l_toe
1326 5156 1448 5232 loco
1478 5154 1734 5224 Atticum,
1760 5158 1860 5232 qui
1878 5156 2045 5218 Arsa-

459 5225 555 5287 cio'
575 5225 861 5292 successit,
888 5229 1108 5284 vivente
1137 5227 1317 5282 adhuc
1353 5225 1744 5298 Chrysostomo
1765 5225 1792 5295 ;’
1812 5229 2043 5298 ideoque

458 5300 719 5355 obtrusus
764 5306 952 5369 contra
993 5299 1074 5355 fas
1106 5307 1241 5354 erat.
1290 5297 1669 5369 Attici’atjtes,
1714 5298 1915 5369 quibus
1959 5297 2034 5368 ad

458 5367 829 5439 Chrysostomi
852 5368 1077 5439 exitium
1095 5369 1357 5439 connisus
1384 5374 1487 5439 est,
1515 5367 1747 5438 ejusque
1772 5369 2034 5424 dissimu-

458 5437 589 5495 latio
616 5447 673 5493 et
715 5437 923 5494 fallacia
956 5454 1025 5495 ex
1063 5437 1338 5494 historicis
1381 5437 1514 5507 satis
1550 5437 1789 5495 eonstat.
1842 5439 2036 5494 Dicere

460 5519 641 5581 autem
664 5507 880 5581 videtur
898 5508 1184 5581 Martyrius
1210 5508 1602 5564 Atheniensem
1624 5508 1785 5578 paulo
1810 5509 2030 5572 tectius,

459 5596 530 5635 ne
555 5578 725 5661 dicat
765 5576 1066 5661 Atti'eu‘m,"
1080 5592 1251 5661 quem
1277 5585 1491 5661 _utpote
1540 5576 1933 5661 praepotentem
1978 5586 2035 5632 et

458 5648 904 5721 archiepiscopali
923 5647 1185 5721 dignitate
1210 5647 1501 5721 sublimem
1515 5647 1801 5721 nominare
1825 5654 2032 5721 metue-

455 5716 582 5793 bat.
611 5716 915 5794 Ceteroqui
942 5716 1157 5780 Atticus
1186 5718 1451 5776 oriundus
1480 5726 1597 5775 erat
1626 5716 1852 5775 Sebaste
1895 5716 2031 5772 urbe

2159 1352 2298 1410 εἶναι
2331 1356 2534 1426 ὀλίγοις
2560 1357 2819 1430 ᾠήθησαν
2864 1360 3128 1434 πρότερον
3175 1360 3467 1434 ἐπιτρέψαι
3513 1361 3575 1417 τδ
3602 1364 3751 1435 πρᾶ-

2158 1466 2296 1519 γμα,
2334 1450 2426 1504 καὶ
2452 1451 2614 1506 πέντε
2653 1452 2991 1517 ἐπισκόπους
3024 1454 3343 1520 ἐπιλέκτους
3376 1455 3450 1527 (g)
3500 1455 3751 1527 ψηφισά-

2163 1556 2341 1611 μενοι,
2370 1540 2465 1594 δύο
2492 1558 2553 1595 τε
2574 1541 2983 1614 πρεσϐυτέρους
3002 1545 3066 1598 ἐκ
3090 1544 3191 1615 τῆς
3220 1545 3466 1616 μεγάλης
3498 1546 3749 1619 Ῥώμης,

2162 1632 2259 1685 σὺν
2284 1633 2399 1694 τοῖς
2427 1631 2637 1686 ἐνθένδε
2666 1633 2743 1698 ὡς
2772 1635 2971 1698 αὐτοὺς
2993 1634 3495 1708 πρεσϐευσαμένοις
3518 1639 3744 1693 ἐπισκό-

2162 1740 2286 1787 ποις
2318 1724 2696 1794 ἐκπέμπουσι,
2733 1725 2902 1797 μηδὲν
2940 1726 3127 1799 ἕτερον
3160 1730 3487 1800 αἰτήσοντας
3522 1730 3614 1786 τὸν
3646 1731 3749 1802 βαο

2162 1815 2335 1882 σιλέα,
2377 1817 2410 1888 ἢ
2444 1819 2665 1872 συνόδου
2691 1837 2750 1872 τε
2786 1820 3092 1892 ἐπιτροπὴν
3125 1823 3217 1876 καί
3239 1823 3365 1894 ὅρον
3395 1826 3454 1878 ἐν
3485 1824 3563 1896 τῷ
3599 1827 3748 1899 πρά-

2159 1923 2350 1979 γματι,
2379 1910 2569 1981 καιρόν
2596 1927 2656 1963 τε
2694 1914 2760 1983 τῇ
2790 1912 2993 1984 συνόδῳ
3018 1915 3111 1967 καὶ
3137 1915 3357 1986 τρόπον.

2228 2003 2298 2066 γ’.
2355 1999 2443 2062 Ὠς
2472 2000 2528 2052 δέ
2558 1996 2697 2054 εἶδεν
2736 2003 2929 2057 ἐαυτὸν
2958 2000 3148 2076 ὥσπερ
3185 2005 3290 2058 ὑπὸ
3318 2008 3616 2079 τρικυμίας
3644 2008 3751 2080 τῆς

2160 2091 2237 2161 (Ιι)
2289 2092 2347 2145 ἐν
2383 2093 2668 2165 ἑκατέροις
2716 2094 2887 2166 ἀκοῆς
2937 2097 3464 2169 περιαντλούμενον*
3515 2102 3609 2156 καὶ
3653 2103 3749 2156 τὸν

2163 2183 2260 2252 μὲν
2288 2183 2379 2236 ἐπὶ
2409 2184 2593 2253 μεῖζον
2617 2184 2750 2254 ὕψος
2776 2187 3064 2257 αἰρόμενον
3103 2190 3305 2261 ἀρετῆς
3335 2208 3392 2244 τε
3432 2194 3525 2246 καὶ
3559 2194 3738 2265 δόξης,

2157 2274 2284 2338 τοὺς
2304 2275 2362 2327 δὲ
2408 2276 2830 2346 ἐνισταμένους,
2881 2280 2975 2332 καὶ
3028 2282 3211 2336 πᾶσαν
3252 2277 3394 2336 εῖναι
3441 2284 3753 2353 φάσκοντας

2159 2364 2408 2435 ἀνάγκην
2432 2366 2527 2419 τοῦ
2555 2367 2811 2434 γενέσθαι
2838 2368 3075 2435 σύνοδον,
3098 2371 3271 2426 ταῦτά
3296 2391 3352 2426 τε
3384 2373 3750 2448 βεϐουλευμέ-

2159 2473 2271 2522 νον,
2309 2460 2402 2512 καί
2441 2459 2536 2512 τοῦ
2586 2460 2916 2532 κρατοῦντος
2973 2463 3085 2518 ἄνω
3125 2464 3219 2519 τὸν
3263 2465 3490 2536 ἀδελφὸν
3539 2466 3600 2537 (ἱ)
3652 2467 3747 2521 τὸν

2159 2548 2374 2613 τούτου,
2405 2550 2459 2602 τί
2499 2554 2679 2617 ποιεῖς
2717 2552 2821 2607 Τὸν
2850 2554 2991 2608 κατὰ
3026 2556 3126 2627 τῆς
3179 2557 3523 2629 Ἐκκλησίας,
3555 2559 3615 2614 ὃν
3637 2563 3746 2633 πρὸ

2164 2640 2393 2712 βραχέος
2415 2637 2587 2711 εἷπον,
2613 2644 2950 2701 ύπεισελθὼν
2970 2649 3274 2720 στρατηγὸν
3312 2651 3399 2721 (j),
3423 2651 3599 2705 πείθει
3622 2655 3750 2717 τοὺς

2163 2733 2264 2803 μὲν
2292 2733 2573 2805 ἐκπέμψαι
2602 2737 2698 2791 σὺν
2727 2737 2942 2809 ἀτιμίᾳ,
2978 2738 3053 2802 ὡς
3079 2740 3145 2794 ἂν
3173 2741 3458 2813 ἀλλοτρίας
3484 2743 3745 2818 ἐπιϐεϐη-

2161 2826 2325 2889 κότας
2363 2826 2541 2898 ἀρχῆς
2562 2844 2576 2861 ο
2607 2830 2734 2893 τοὺς
2764 2829 2822 2884 δὲ
2874 2831 3088 2887 ἐνθένδε
3120 2832 3221 2899 τῆς
3249 2834 3428 2889 αὐτῶν
3456 2836 3751 2907 δεηθέντας

2163 2913 2438 2985 βοηθείας,
2469 2915 2546 2979 ὡς
2570 2917 2668 2990 τὴν
2711 2918 2897 2973 ἐνθάδε
2936 2919 3332 2990 ύϐρισαμένους
3376 2924 3653 2993 βασιλείαν
3686 2943 3748 2981 τι

2160 3004 2256 3058 καὶ
2284 3005 2486 3076 κρίσιν,
2518 3007 2610 3059 ἐπὶ
2635 3006 2733 3078 τὴν
2762 3007 3061 3078 ὑπερορίαν
3095 3009 3433 3080 μεταστῆσαι
3464 3012 3538 3082 (ίι)
3557 3027 3573 3044 ⁸
3598 3014 3749 3088 αὐτῷ

2161 3095 2219 3150 δὲ
2254 3097 2333 3170 τῷ
2375 3098 2516 3168 ἁγίῳ
2554 3098 2756 3170 τρόπον
2799 3098 3083 3170 ἐπινοῆσαι
3122 3098 3381 3171 τελευτῆς
3423 3101 3746 3173 χαλεπώτα-

2160 3205 2275 3254 τον,
2316 3190 2386 3261 ἢν
2414 3189 2474 3243 ού
2522 3189 2742 3262 σίδηρος
2772 3191 3052 3262 ἐποίησεν,
3097 3190 3212 3244 ἀλλ’
3241 3194 3275 3263 ή
3310 3192 3445 3249 πολὺ
3476 3193 3570 3247 τοῦ
3603 3197 3751 3268 σιδή-

2156 3279 2258 3354 ’ρου
2288 3281 2645 3356 χαλεπωτέρα⁴
2675 3285 2947 3356 ἀπαγωγὴ
2980 3302 3040 3338 τε
3073 3286 3261 3359 μακρά
3306 3286 3401 3340 καὶ
3429 3287 3584 3352 νόσος
3614 3306 3746 3343 συν-

2160 3370 2462 3445 εζευγμένη
2508 3377 2713 3447 φυσικῇ
2775 3374 3027 3446 σώματος
3088 3375 3361 3448 ἀσθενείᾳ.
3412 3377 3524 3430 Καὶ
3574 3377 3748 3433 ταῦτα

2160 3461 2297 3536 ὁμοῦ
2327 3462 2738 3532 ἐϐουλεύσαντο,
2781 3466 2963 3520 καὶτὸ
3001 3466 3163 3541 ἔργον
3192 3469 3394 3523 εἵπετο.
3436 3469 3548 3522 Καὶ
3588 3469 3657 3523 τά
3685 3486 3745 3527 τε

2162 3552 2306 3607 κατὰ
2343 3553 2471 3616 τοὺς
2500 3552 2716 3617 ἄλλους,
2749 3552 2808 3606 ὃν
2838 3551 2990 3606 εἷπεν
3015 3555 3222 3619 ἐκεῖνος
3255 3552 3367 3625 εἶχε
3394 3555 3592 3631 τρόπον
3611 3574 3623 3587 ·
3652 3555 3746 3617 καλ

2162 3646 2284 3700 τότε
2316 3645 2533 3716 πρῶτον
2558 3647 2920 3702 κατεπατεῖτο
2945 3646 3110 3716 νόμος
3132 3648 3160 3699 ὁ
3185 3647 3316 3718 περὶ
3334 3645 3442 3700 τῶν
3459 3647 3744 3718 πρέσϐεων

2163 3737 2374 3809 ἱερέων,
2417 3737 2547 3809 περί
2585 3737 2809 3809 εἰρήνης
2851 3754 2913 3793 τε
2957 3736 3424 3809 ἐκκλησιαστικῆς
3463 3738 3557 3799 καὶ
3611 3739 3741 3817 όμο-

2161 3828 2310 3892 νοίας
2335 3829 2523 3898 κοινῆς
2557 3828 3031 3899 πρεσϐευομένων.

2228 3920 2292 3974 δ’.
2348 3920 2458 3975 Καὶ
2491 3914 2651 3981 αὖθις
2688 3918 2790 3991 τήν
2829 3916 3092 3990 ταχίστην
3135 3918 3513 3991 ἐκπέμπονται
3561 3921 3743 3993 δήμιοι

2160 4014 2318 4088 θυμῷ
2334 4032 2392 4069 τε
2420 4013 2516 4068 καὶ
2544 4011 2732 4085 ἡλικίᾳ
2755 4009 2993 4077 ζέοντες,
3014 4008 3177 4085 ἕρωτί
3201 4026 3262 4062 τε
3287 4011 3574 4084 λήμματος
3591 4012 3741 4067 καιό-

2166 4124 2340 4180 μενοι,
2368 4105 2428 4162 δν
2458 4106 2643 4169 αὐτοῖς
2670 4103 2915 4174 ὑπέφηνε
2952 4104 3015 4157 τὸ
3044 4104 3140 4159 τοῦ
3170 4105 3495 4179 πράγματος
3521 4105 3734 4177 κέρδος,

2159 4200 2253 4252 ἐπ)⁸
2299 4198 2361 4252 τὸ
2395 4198 2488 4252 τὸν
2526 4197 2736 4253 δίκαιον
2770 4196 2980 4251 ἀνελεῖν
3009 4198 3068 4252 δν
3104 4198 3171 4252 ἂν
3210 4198 3482 4269 βούλοιντο
3519 4198 3742 4269 τρόπον.

2157 4290 2220 4344 Οἳ
2253 4290 2348 4345 καὶ
2379 4289 2788 4355 ἐπανελθόντες,
2832 4288 2931 4360 τὴν
2981 4290 3081 4361 μὲν
3110 4290 3365 4361 τελευτὴν
3392 4289 3488 4343 τοῦ
3531 4290 3743 4363 Πατρὺς

2155 4380 2592 4451 ἀπαγγέλλοντες
2632 4383 3037 4453 κατεμήνυσαν,
3068 4381 3161 4436 τὸν
3205 4382 3263 4436 δὲ
3301 4380 3504 4454 ταύτης
3542 4383 3741 4454 τρόπον

2156 4473 2407 4543 λέγοντες
2440 4472 2598 4527 ἄλλον
2627 4472 2806 4538 ἄλλος.
2850 4472 3030 4544 Ἦμᾶς
3062 4474 3116 4528 τί
3160 4473 3291 4544 περί
3318 4474 3489 4544 αὐτῆς
3517 4473 3743 4527 ἀκόλου-

2157 4563 2249 4617 θον
2281 4564 2502 4627 ἐννοεῖν,
2533 4564 2595 4616 ού
2625 4561 2935 4615 πείθουσινο
2966 4560 3043 4625 ὡς
3085 4562 3194 4632 ἄρα
3238 4560 3517 4625 ἀνελόντες
3575 4560 3739 4616 αὑτὸν

2152 4654 2417 4728 ἐκϐοῆσαι
2460 4656 2521 4708 τδ
2572 4654 2807 4726 πρᾶγμα
2849 4653 3169 4717 δεδοίκασιν,
3210 4652 3244 4723 ἢ
3285 4649 3740 4721 κατακρύψαντες

2149 4749 2314 4803 αὐτὸν
2364 4746 2690 4819 ἐπανῆλθον,
2734 4750 2801 4820 τῇ
2846 4747 2976 4818 περὶ
3017 4744 3113 4799 τοῦ
3160 4743 3393 4798 θανάτου
3444 4743 3606 4815 φήμῃ
3640 4739 3735 4796 τοῦ

2151 4842 2373 4914 φίλτρου
2406 4841 2533 4914 περὶ
2577 4839 2741 4894 αὐτὸν
2770 4839 2832 4891 τὸ
2868 4838 3073 4909 πλῆθος
3124 4835 3465 4899 ἐκλύσοντες.
3506 4834 3572 4888 Εί
3635 4833 3736 4906 μὲν

2149 5018 2443 5081 Armeniae,
2464 5026 2519 5074 et
2538 5035 2604 5075 ex
2626 5018 2777 5089 clero
2792 5015 3401 5089 Constantinopolitano
3416 5027 3736 5089 assumptus

2147 5091 2216 5145 ad
2266 5089 2601 5145 cathedram.
2640 5082 2803 5144 Male't
2851 5088 3033 5159 itaque
3078 5082 3310 5144 fortasse
3356 5082 3627 5159 aliquist'
3646 5104 3736 5143 me

2146 5159 2367 5229 quidem
2393 5159 2537 5230 haud
2560 5158 2988 5230 contradicturo2
3016 5159 3320 5230 intelligere
3345 5158 3730 5230 Athenaidem.

2145 5228 2263 5294 sive
2296 5228 2595 5299 Eudoxiam
2630 5237 2936 5299 augustam,
2970 5228 3583 5299 Leontii'Atheniensis
3607 5228 3731 5297 phi-

2142 5299 2357 5368 losophi
2418 5297 2601 5363 ﬁliam,
2657 5297 3253 5368 deindeexiethnica,
3308 5297 3487 5352 Attico
3538 5305 3731 5353 nostro

2141 5363 2430 5439 erudiente
2449 5375 2505 5422 et
2534 5368 2848 5439 baptizante
2870 5367 3260 5432 Christianam,
3288 5381 3436 5421 anno
3465 5368 3591 5434 421,
3617 5382 3726 5438 quo

2141 5438 2448 5495 Theodosio
2475 5437 2620 5509 imp.‘
2647 5437 2852 5507 nupsit.

2217 5526 2285 5599 (c)
2318 5527 2659 5599 Sozomenus
2694 5526 2800 5599 lib.
2835 5543 2954 5591 vm,
2981 5528 3072 5591 27,
3126 5526 3330 5599 aliique
3359 5534 3586 5581 narrant
3630 5540 3727 5597 pa-

2143 5595 2285 5654 trata
2314 5597 2369 5652 in
2400 5598 2593 5673 exsilio
2623 5612 2654 5669 ιι
2682 5595 3071 5669 Chrysostomo
3101 5595 3317 5669 egregia
3354 5611 3543 5667 opera.

2213 5711 2289 5791 (ἀ)
2348 5711 2592 5784 lntellige
2642 5708 3013 5783 Olympiadem
3061 5725 3125 5766 ex
3170 5710 3429 5767 Nebridio
3479 5708 3721 5781 viduam,
