4038 6154
365 328 474 370 λιν

1493 316 1580 369 DE
1617 317 1674 372 S.
1714 316 1981 375 JOANNE
2019 317 2554 381 CHRYSOSTOMO.

3518 350 3641 395 κινι

366 467 3615 527 W

964 638 1382 732 SANCTI
1460 643 1885 734 PATRIS
1957 648 2395 744 NOSTBI
2478 658 3074 753 MARTYRII

1620 808 1956 902 EPISCOPI
1977 845 2387 905 ANTIOCHIzE

652 991 747 1048 EX
781 991 1229 1051 LAUDATIONE
1268 992 1338 1048 IN
1375 993 1702 1052 SANCTUM
1734 996 2016 1055 PATREM
2050 1001 2387 1061 NOSTRUM
2430 1004 2751 1064 JOANNEM
2790 1010 3358 1078 CIIRYSOSTOMUM

1277 1084 1880 1146 ARCHIEPISCOPUM
1919 1091 2701 1159 CONSTANTINOPOLEOS.

438 1383 487 1436 Ι.
515 1380 624 1437 Sed
671 1379 784 1450 jam
809 1380 1045 1453 ftempus
1090 1397 1190 1438 nos
1246 1392 1405 1440 vocat
1448 1388 1515 1442 ad
1556 1385 1732 1443 Patris
1762 1399 1956 1461 marty-

359 1476 506 1528 rium
544 1491 557 1527 :
590 1474 911 1545 martyrium
935 1515 949 1540 ,
985 1473 1227 1545 inquam,
1284 1478 1427 1547 quod
1464 1477 1678 1534 Patrem
1733 1482 1954 1551 quidem

362 1570 482 1640 ipsa
518 1570 593 1624 rei
625 1577 819 1624 natura
849 1579 1093 1636 coronat,
1134 1570 1233 1625 Dei
1274 1588 1404 1628 vero
1435 1590 1705 1631 summam
1737 1556 1955 1649 sapien-

363 1664 493 1716 tiam
551 1662 958 1732 potentiamque
1010 1662 1357 1733 depraedicat,
1410 1668 1502 1736 qui
1552 1669 1847 1725 utilitatem
1884 1686 1952 1726 ex

363 1753 543 1809 noxiis
571 1754 869 1809 extundere
897 1754 1071 1811 novit.
1090 1757 1305 1811 Etenim
1334 1774 1457 1813 cum
1491 1761 1574 1816 vir
1596 1771 1823 1818 sanctus
1854 1764 1956 1819 hac

361 1864 428 1904 se
465 1864 667 1905 corona
710 1849 929 1921 dignum
960 1849 1151 1905 haberi
1182 1854 1543 1925 percuperet“,
1577 1870 1757 1926 neque
1789 1857 1843 1912 id
1876 1866 1955 1913 ta-

359 1957 490 1996 men
526 1950 769 2010 tempora
801 1940 1188 2007 concederent,
1224 1954 1512 2014 postquam
1546 1945 1749 2017 impius
1773 1949 1956 2005 cultus

357 2033 624 2104 depulsus
649 2031 769 2098 fuit,
795 2048 923 2088 vera
951 2042 1135 2088 autem
1163 2034 1350 2106 religio
1381 2044 1553 2090 totum
1584 2038 1770 2093 orbem
1792 2056 1957 2096 occu-

359 2124 512 2194 pavit
537 2142 550 2178 :
576 2124 818 2195 martyrii
846 2139 1017 2196 genus
1044 2125 1317 2195 quoddam
1343 2126 1663 2184 adinveuire
1687 2171 1700 2195 ,
1725 2131 1868 2200 quod
1904 2132 1956 2186 ei

360 2217 615 2273 homines
653 2217 815 2273 ovina
857 2218 998 2287 pelle
1027 2218 1205 2273 induti
1234 2218 1441 2290 (Matth.
1475 2237 1569 2286 vn,
1608 2222 1717 2292 15),
1755 2224 1958 2280 vellent

361 2309 589 2376 nollent,
620 2309 906 2374 inferrent,
929 2325 1113 2365 nonne
1142 2310 1339 2366 divinae
1370 2313 1653 2383 sapientia:
1679 2316 1960 2384 potentim-

359 2419 469 2473 que
499 2417 640 2472 opus
672 2401 1009 2458 credendum
1058 2402 1189 2459 est?
1225 2402 1512 2471 Quomodo
1552 2407 1716 2478 igitur
1759 2409 1876 2466 haec
1905 2412 1956 2466 ei

359 2510 563 2549 corona
598 2501 853 2549 contexta
880 2492 988 2550 fuit
1015 2495 1040 2549 Ἰ

431 2588 487 2641 2.
531 2586 591 2640 lu
622 2587 729 2642 hoc
754 2586 954 2653 medio,
973 2596 1034 2643 ut
1057 2588 1187 2656 dixi,
1208 2604 1392 2646 rerum
1417 2607 1604 2659 cursu,
1630 2608 1694 2648 ex
1726 2602 1956 2664 utraque

359 2679 473 2734 vita
495 2678 711 2733 decedit
742 2693 941 2744 senex;
969 2680 1016 2735 is
1047 2681 1139 2750 qui
1182 2682 1238 2736 in
1282 2684 1385 2738 hac
1426 2684 1537 2740 vita
1578 2684 1722 2739 illam
1752 2686 1954 2741 amise-

360 2782 467 2837 rat,
502 2779 557 2823 et
582 2786 687 2825 una
718 2786 841 2825 cum
890 2771 980 2827 illa
1026 2773 1166 2828 hane
1207 2775 1406 2831 amisit.
1435 2776 1628 2845 Fitque
1673 2784 1795 2847 post
1829 2791 1955 2832 eum

364 2862 698 2934 (episcopus)
732 2863 842 2928 ille,
872 2862 965 2933 qui
994 2878 1092 2932 per
1127 2858 1278 2914 illum
1300 2870 1362 2911 ea
1386 2859 1953 2929 quaesihiplacueraut

361 2962 561 3009 cuncta
587 2952 792 3008 fecerat
818 2970 832 3019 ;
861 2960 1059 3023 putans
1088 2951 1311 3023 quidem
1336 2952 1526 3020 latere,
1568 2954 1843 3010 neminem
1874 2963 1954 3010 ta-

360 3062 491 3101 men
526 3046 722 3100 latens.
776 3044 875 3099 Hic
906 3029 1035 3116 ergo
1065 3044 1245 3100 stultis
1276 3054 1480 3117 gratus,
1514 3054 1570 3101 et
1611 3046 1842 3103 blandus
1868 3056 1956 3103 at-

361 3152 471 3206 que
529 3136 896 3191 assentatione
957 3135 1314 3202 redundans,
1357 3136 1570 3192 cunctis
1618 3139 1956 3207 persuadens

363 3229 501 3284 nihil
526 3230 638 3299 jam
687 3243 972 3298 superesse
1019 3243 1208 3283 eorum
1233 3243 1354 3298 quae
1389 3237 1517 3282 tunc
1550 3227 1755 3284 fecerat
1784 3247 1797 3295 ;
1832 3246 1955 3284 cum

360 3320 549 3390 jurare
581 3334 718 3389 opus
742 3326 885 3374 esset
912 3318 1051 3375 nihil
1085 3332 1278 3372 eorum
1313 3318 1455 3373 scire
1481 3333 1603 3387 qua:
1647 3326 1775 3374 tunc
1806 3319 1956 3375 dice-

366 3420 471 3476 ret,
501 3408 853 3463 Atheniensis
881 3423 1076 3479 nempe
1104 3407 1315 3463 daemon
1338 3450 1353 3473 ,
1382 3407 1576 3462 Atticae
1602 3409 1955 3478 superstitio-

364 3501 453 3557 nis
487 3501 830 3574 symbolum;
872 3500 979 3567 hic,
1026 3500 1271 3570 inquam,
1305 3500 1512 3571 duplici
1572 3501 1717 3556 fama
1767 3503 1957 3558 audita

364 3592 783 3662 percellebatur,
819 3590 996 3660 primo
1042 3590 1111 3644 de
1155 3590 1332 3645 sancti
1376 3591 1479 3646 viri
1514 3591 1675 3646 factis
1704 3593 1954 3664 egregiis,

365 3701 488 3755 qua:
527 3686 585 3739 in
613 3685 831 3740 deserto
857 3683 1021 3739 etiam
1048 3685 1382 3741 constitutus
1404 3686 1677 3755 patrabat,
1695 3685 1959 3756 plurimas

365 3774 650 3830 hominum
679 3772 888 3828 animas
916 3788 984 3827 ex
1011 3772 1364 3828 barbarorum
1392 3773 1643 3830 manibus
1684 3775 1959 3831 redimens

364 3863 556 3934 paucis
600 3863 704 3918 illis
733 3878 797 3918 ac
821 3861 1167 3933 pauperculis
1196 3878 1318 3933 qua:
1342 3862 1391 3917 ei
1423 3872 1746 3934 supererant
1785 3863 1960 3919 facul-

366 3956 570 4011 tatibus
587 3972 602 4021 ;
619 3957 755 4011 alias
779 3966 959 4010 autem
989 3954 1187 4010 diaboli
1209 3955 1419 4026 laqueis
1435 3956 1692 4027 eripiens,
1708 3973 1771 4012 ea
1794 3973 1958 4028 quam

364 4047 469 4102 sibi
500 4046 685 4102 labore
717 4056 773 4102 et
820 4045 914 4100 Dei
956 4044 1224 4101 beneﬁcio
1252 4055 1663 4116 comparaverat
1704 4046 1959 4117 eloquen-

364 4137 441 4192 tia
468 4153 483 4198 ;
511 4137 707 4206 partim
729 4134 964 4205 denique
996 4134 1139 4190 fame
1173 4145 1229 4190 et
1267 4134 1457 4190 exsilio
1494 4135 1724 4192 amictos
1755 4144 1957 4192 sanctae

363 4212 542 4283 viduae
571 4226 822 4283 nutriens
845 4226 1093 4292 cibariis;
1121 4227 1452 4282 monasteria
1476 4227 1608 4298 quin
1634 4228 1797 4282 etiam
1825 4244 1956 4284 con-

365 4323 502 4377 dens
522 4320 579 4375 in
606 4320 918 4392 regionibus
940 4319 1085 4375 caede
1108 4327 1164 4375 et
1190 4319 1379 4389 rapina
1409 4319 1591 4375 vivere
1616 4320 1789 4375 solitis
1807 4337 1821 4385 ;
1839 4335 1959 4391 quae

367 4411 553 4466 omnia
597 4411 903 4466 universam
947 4424 1164 4479 quoque
1208 4408 1515 4465 Antiochiae
1557 4408 1835 4463 civitatem
1890 4410 1959 4465 ad

365 4519 492 4559 eum
517 4501 935 4558 transferebant.
964 4501 1170 4556 Deinde
1195 4499 1642 4556 commovebatur
1659 4499 1959 4569 justissimo

366 4595 738 4649 Romanorum
764 4591 991 4663 judicio,
1031 4591 1125 4660 qui
1156 4604 1351 4662 magna
1394 4598 1720 4662 congregata
1746 4589 1960 4659 episco-

365 4701 566 4757 porum
592 4684 958 4748 multitudine,
991 4682 1250 4738 volebant
1284 4682 1431 4741 illico
1460 4696 1654 4736 omnes
1683 4689 1836 4735 tanto
1858 4697 1962 4735 nu-

366 4794 520 4835 mero
583 4777 882 4849 grandique
944 4777 1194 4847 impensa
1251 4773 1786 4844 Constantinopolim
1842 4773 1960 4828 sine

367 4886 522 4927 mora
551 4869 740 4925 venire
778 4869 928 4940 pacis
959 4868 1139 4929 studio
1171 4866 1429 4937 impulsi;
1469 4866 1565 4921 sed
1601 4873 1782 4920 tamen
1822 4880 1961 4936 pau-

368 5052 529 5119 cujus
555 5063 689 5119 opes
731 5048 801 5104 ad
833 5046 1240 5119 manusisancti
1274 5044 1373 5101 viri
1406 5043 1621 5106 delatae,
1664 5041 1719 5096 in
1749 5056 1959 5112 paupe-

370 5118 461 5177 res
489 5127 546 5174 et
573 5118 818 5189 captivos
846 5118 1250 5189 redundabant.

444 5189 516 5261 (ε)
540 5181 856 5261 κΔιὶιίοςιιία
888 5187 1191 5261 praesertim
1219 5184 1345 5261 -civi
1391 5199 1492 5261 suo
1536 5182 1755 5261 favebat
1775 5181 1960 5261 _Chry-

370 5252 639 5331 sustomo,
669 5260 827 5331 cujus
855 5252 1150 5313 uberrimae
1186 5254 1516 5331 eloquentiae
1545 5253 1708 5331 toties
1737 5252 1962 5331 plause-

368 5342 476 5387 rat.
503 5329 586 5385 Ad
613 5322 988 5403 Anti'ochenos
1011 5340 1183 5403 prope
1208 5322 1533 5403 innumeras
1555 5322 1800 5403 misit‘ab
1821 5322 1965 5376 exsi-

370 5399 821 5474 liosanctusvir
848 5390 1126 5474 epistolas,
1162 5402 1222 5474 ut
1249 5395 1449 5451 dicitur
1474 5394 1529 5447 in
1560 5393 1679 5474 eju's
1702 5390 1848 5446 Vita.
1891 5460 1924 5474 Δ.

446 5473 514 5542 (Γ)
547 5469 816 5542 lntelligit
840 5461 1135 5542 céncilium
1169 5465 1480 5521 Romanum
1511 5463 1613 5518 sub
1643 5461 1964 5518 Innocentio

368 5538 655 5615 pro'causa
676 5538 1078 5615 Clirysostomi.
1468 5603 1482 5615 _
1513 5599 1548 5615 ﬁ
1585 5604 1619 5615 __
1674 5600 1709 5615 υ
1844 5598 1902 5615 Ν

446 5617 520 5683 (g)
556 5612 765 5666 Horum
794 5598 1018 5665 nomina
1054 5608 1308 5680 leguntur
1342 5603 1486 5675 apud
1510 5599 1809 5659 Palladium
1834 5598 1969 5655 Dia-

369 5684 475 5756 log.
505 5698 625 5756 cap.

443 5758 519 5822 un
561 5753 697 5807 Cod.
731 5752 861 5812 τοῖς.

2063 1391 2142 1447 cis
2171 1391 2375 1463 aliquot
2408 1406 2743 1452 censuerunt
2767 1406 2927 1455 antea
2974 1401 3425 1462 committendum
3473 1425 3643 1483 nego-

2062 1483 2218 1549 tium,
2254 1493 2309 1539 et
2359 1486 2600 1558 quinque
2635 1488 2838 1546 electos
2881 1492 3100 1549 decreto
3129 1497 3447 1568 episcopos,
3479 1501 3645 1558 duos-

2058 1593 2165 1668 que
2198 1594 2264 1634 ex
2303 1595 2497 1652 magna
2538 1581 2713 1638 Roma
2736 1586 3101 1658 presbyteros,
3130 1606 3234 1645 una
3265 1608 3388 1648 cum
3419 1595 3525 1652 illis
3548 1598 3644 1668 qui

2060 1667 2188 1724 hinc
2208 1669 2276 1723 ad
2300 1669 2575 1726 Romanos
2605 1672 2836 1742 profecti
2865 1686 3021 1732 erant
3040 1680 3331 1752 episcopis,
3352 1667 3641 1752 miserunt,

2058 1761 2194 1816 nihil
2242 1763 2388 1818 aliud
2437 1764 2506 1819 ab
2544 1764 2872 1836 imperatore
2912 1772 3213 1842 petituros,
3250 1791 3412 1845 quam
3452 1781 3645 1850 synodi

2058 1853 2397 1910 celebrandae
2430 1856 2743 1928 decretique
2792 1874 2859 1915 eo
2901 1876 3068 1932 super
3112 1867 3330 1937 negOIio
3375 1870 3644 1927 condendi

2059 1940 2392 2009 facultatem,
2424 1960 2526 1999 nec
2555 1961 2662 1999 non
2694 1949 2883 2018 synodi
2916 1959 3130 2022 tempus
3161 1970 3227 2010 ac
3256 1957 3499 2013 modum.

2130 2034 2183 2088 5.
2223 2032 2362 2088 Cum
2401 2034 2584 2105 itaque
2639 2051 2696 2092 se
2740 2048 2990 2095 cerneret
3043 2029 3343 2117 (Atticus)
3389 2055 3646 2118 tanquam

2060 2122 2249 2194 grandi
2286 2122 2450 2178 (luctu
2477 2124 2561 2178 his
2599 2126 2802 2181 auditis
2832 2128 3098 2200 utrinque
3152 2133 3308 2189 obrui
3338 2152 3353 2201 ;
3405 2144 3462 2191 et
3491 2138 3645 2194 illum

2063 2212 2082 2284 (
2100 2213 2592 2287 Chrysostomum)
2624 2218 2845 2287 quidem
2875 2221 2943 2276 ad
2971 2238 3245 2279 summum
3276 2226 3499 2283 virtutis
3528 2231 3648 2285 cul-

2059 2321 2185 2363 men
2216 2307 2512 2378 gloriaeque
2559 2309 2785 2378 elatum,
2844 2312 2947 2368 hos
3000 2323 3184 2371 autem
3243 2317 3534 2389 instantes,
3590 2332 3649 2379 et

2061 2398 2327 2469 synodum
2382 2400 2609 2455 omnino
2640 2404 3006 2459 necessariam
3054 2406 3316 2476 dicentes,
3362 2418 3526 2482 atque
3571 2415 3647 2471 ita

2060 2499 2377 2545 censentem
2430 2491 2594 2547 etiam
2658 2493 3005 2564 imperatoris
3068 2499 3329 2569 majorem
3377 2501 3644 2572 fratrem;

2061 2585 2189 2654 quid
2231 2585 2385 2657 agit?
2410 2585 2560 2641 illum
2590 2588 2801 2654 adiens,
2831 2605 2994 2659 quem
3024 2592 3184 2661 paulo
3204 2604 3331 2650 ante
3356 2598 3644 2667 appellavi,

2058 2677 2345 2733 inimicum
2385 2679 2647 2735 Ecclesiae
2682 2681 2897 2747 ducem,
2940 2684 3131 2739 suadet
3158 2686 3206 2740 ei
3236 2698 3295 2740 ut
3319 2685 3647 2744 Occidenta-

2057 2769 2136 2825 les
2163 2770 2386 2842 quidem
2412 2772 2719 2843 episcopos,
2755 2783 2947 2844 utpote
2992 2778 3047 2830 in
3091 2777 3322 2832 alienam
3381 2780 3647 2838 ditionem

2057 2859 2353 2932 ingressos,
2386 2878 2511 2918 cum
2547 2863 2843 2934 ignominia
2878 2867 3114 2936 expellat
3143 2884 3157 2933 ;
3190 2877 3410 2925 nostros
3461 2878 3647 2927 autem

2056 2952 2149 3021 qui
2180 2952 2552 3008 Romanorum
2609 2955 2870 3010 auxilium
2925 2957 3368 3027 imploraverant,
3414 2975 3515 3015 ceu
3553 2961 3647 3032 qui

2060 3042 2348 3112 imperium
2380 3055 2629 3099 nostrum
2655 3047 3033 3118 judiciumque
3074 3048 3365 3116 laesissent,
3416 3050 3472 3105 in
3505 3053 3650 3107 exsi-

2059 3133 2191 3188 lium
2225 3134 2469 3190 mitterct
2499 3153 2512 3201 ;
2547 3135 2648 3206 ipsi
2672 3147 2855 3191 autem
2890 3147 3080 3192 sancto
3101 3139 3217 3195 viro
3247 3141 3442 3195 mortis
3473 3156 3648 3213 genus

2060 3225 2419 3295 asperrimum
2449 3226 2811 3292 adinveniret,
2837 3243 2998 3297 quam
3022 3243 3133 3283 non
3155 3228 3362 3283 ferrum
3394 3230 3646 3299 inferret,

2060 3315 2156 3371 sed
2184 3314 2330 3368 ferro
2356 3314 2530 3368 multo
2563 3315 2845 3370 molestior
2879 3315 2938 3369 in
2968 3316 3317 3387 longinquam
3367 3319 3645 3390 regionem

2061 3405 2336 3468 abductio,
2370 3414 2427 3460 et
2452 3405 2675 3461 morbus
2710 3406 2947 3478 physicae
2996 3409 3243 3479 corporis
3282 3409 3681 3470 imbecillitati‘

2060 3498 2407 3568 conjunctus.
2432 3496 2559 3553 Haec
2578 3498 2687 3553 duo
2710 3498 2786 3553 illi
2810 3498 2975 3553 simul
2993 3500 3382 3568 deliberarunt,
3406 3513 3462 3559 et
3480 3519 3648 3575 opera

2062 3588 2352 3644 subsecuta
2380 3597 2483 3643 est.
2510 3589 2577 3643 Et
2611 3588 2757 3659 quod
2785 3588 3005 3659 quidem
3040 3590 3105 3645 ad
3146 3590 3283 3646 alios
3311 3593 3526 3659 attinet,
3558 3609 3649 3650 res

2061 3696 2187 3736 eum
2221 3696 2384 3750 quem
2438 3680 2530 3736 ille
2577 3680 2749 3736 voluit
2772 3680 2979 3736 exitum
3018 3690 3179 3738 nacta
3224 3690 3353 3750 est;
3410 3692 3652 3755 tuncque

2062 3773 2301 3843 primum
2329 3772 2630 3844 legatorum
2680 3773 3063 3843 episcoporum
3115 3774 3207 3845 jus
3266 3776 3649 3834 conculcatum

2065 3861 2187 3926 fuit,
2217 3870 2274 3918 et
2300 3861 2520 3932 quidem
2541 3861 2693 3932 pacis
2722 3861 3106 3919 ecclesiasticae
3142 3879 3306 3921 causa
3331 3872 3388 3920 et
3426 3865 3651 3922 univer-

2066 3952 2195 4008 salis
2222 3948 2533 4008 conbordiae
2558 3951 2872 4007 missorum.

2137 4046 2191 4100 4.
2228 4044 2369 4100 Ecce
2395 4051 2576 4098 autem
2604 4042 2788 4098 statim
2820 4043 3114 4099 mittuntur
3161 4046 3446 4103 carniﬁces
3487 4049 3651 4119 juve-

2065 4134 2160 4189 nili
2190 4133 2374 4189 furore
2390 4132 2665 4197 ardentes,
2688 4140 2745 4187 et
2767 4131 2906 4186 lucri
2930 4146 3115 4187 amore
3138 4132 3477 4202 inﬂammati,
3504 4137 3652 4206 quod

2066 4224 2147 4280 eis
2192 4223 2271 4278 rei
2300 4223 2515 4279 occasio
2559 4223 2899 4295 spondebat,
2938 4224 3148 4293 justum
3202 4223 3385 4281 virum
3434 4241 3499 4281 ea
3544 4242 3653 4297 qua

2068 4315 2275 4371 vellent
2302 4316 2513 4370 ratione
2550 4315 2857 4371 occidendi.
2890 4315 3067 4386 Hique
3096 4325 3286 4386 postea
3329 4318 3535 4374 reversi
3583 4309 3670 4375 de

2069 4406 2244 4462 Patris
2276 4406 2431 4461 obitu
2458 4406 2713 4462 nuntium
2750 4407 3073 4473 attulerunt,
3119 4409 3278 4478 cujus
3308 4410 3531 4465 modum
3560 4410 3654 4465 alii

2066 4499 2223 4555 aliter
2251 4498 2596 4554 enarrabant.
2626 4497 2798 4552 Nobis
2846 4504 2996 4553 certe
3045 4499 3178 4567 quid
3221 4500 3292 4554 de
3349 4500 3444 4553 illo
3498 4500 3654 4554 obitu

2068 4588 2413 4646 sentiendum
2444 4586 2534 4651 sit,
2566 4602 2678 4641 non
2714 4586 3049 4655 persuadent
3074 4606 3088 4642 :
3125 4595 3330 4655 utrum,
3361 4587 3455 4642 illo
3486 4588 3656 4643 inter-

2068 4681 2232 4745 fecto,
2266 4694 2384 4735 rem
2424 4677 2642 4750 publice
2666 4675 2883 4732 edicere
2925 4677 3153 4732 timeant
3178 4717 3194 4745 ,
3256 4692 3327 4732 an
3355 4692 3423 4735 eo
3454 4677 3652 4736 alicubi

2069 4771 2340 4827 occultato
2368 4768 2649 4835 redierint,
2698 4767 2841 4823 fama
2888 4768 2958 4825 de
2987 4768 3109 4840 ejus
3141 4768 3294 4825 obitu
3322 4784 3540 4840 sparsa,
3590 4779 3654 4829 ut

2068 4862 2255 4935 populi
2298 4877 2428 4935 erga
2476 4876 2604 4918 eum
2632 4861 2874 4918 studium
2925 4861 3200 4919 sedarent.
3258 4860 3422 4918 Certe
3458 4859 3506 4917 si
3560 4860 3653 4919 ille

2136 5038 2199 5111 (ἱ)
2245 5039 2387 5111 Dicit
2420 5037 2728 5111 Honorium
2758 5038 2949 5111 uimp.,
2971 5039 3129 5109 cujus
3165 5038 3525 5111 vehementes
3556 5038 3653 5111 lit-

2067 5108 2198 5166 terae
2232 5111 2300 5167 ad
2332 5110 2556 5165 fratrem
2593 5108 2887 5164 Arcadium
2921 5109 2988 5165 de
3020 5108 3132 5165 tota
3174 5108 3265 5162 illa
3288 5108 3548 5167 tratzmdia
3599 5108 3657 5167 in

2064 5195 2228 5252 causa
2262 5177 2638 5252 Chrysostomi
2687 5186 2903 5234 exstant
2936 5179 3101 5234 etiam
3149 5184 3297 5234 tomo
3323 5177 3396 5235 lll
3425 5192 3657 5249 operum

2066 5264 2119 5319 Ρ.
2133 5250 2387 5398 5241:qu
2413 5319 2507 5375 hic
2532 5316 2854 5398 Valerianus
2876 5316 3126 5398 militaris
3150 5314 3655 5398 dux,_yel‘0ptatns

2066 5385 2220 5444 urbis
2248 5389 2558 5459 praefectus,
2595 5389 2664 5444 de
2701 5401 2944 5459 quorum
2982 5385 3251 5459 alterutro
3274 5385 3659 5459 Martyriughin

2075 5454 2604 5540 parte'laudationis
2646 5454 2847 5512 amissa
2893 5454 3122 5513 dixerat.
3179 5455 3256 5510 De
3299 5455 3386 5510 his
3415 5454 3488 5511 'in
3533 5454 3659 5509 Vita

2076 5529 2450 5599 Chrysostomi

2153 5599 2227 5680 (lg)
2252 5596 2735 5680 .Lege‘l‘alladium
2776 5610 2895 5667 cap.
2927 5594 3019 5659 20,
3053 5605 3159 5648 nec
3187 5609 3297 5650 non
3331 5592 3523 5648 citatas
3547 5588 3654 5646 Ho-

2079 5667 2222 5724 norii
2249 5667 2382 5740 imp.
2419 5667 2654 5726 litteras.
