4038 6154
458 280 604 322 XL“!

457 374 551 433 οὖν
586 377 666 432 ἐτι
697 377 976 449 περίεστιν
1002 376 1104 449 (α),
1133 375 1376 447 ὀψόμεθά
1401 393 1529 431 ποτε
1573 377 1756 442 αὐτὸν,
1790 375 2033 445 ἀδελφοὶ,

458 468 604 523 κατά
642 468 735 523 τδν
785 470 981 541 Ἰωσὴφ
1036 469 1129 522 ἐπὶ
1177 468 1271 522 τοῦ
1317 467 1509 540 θρόνου
1561 468 1892 541 καθήμενον,
1943 469 2037 523 καὶ

461 562 836 617 σιτοὼτοῦντα
875 564 1008 616 πᾶσι
1034 563 1133 634 τὴν
1182 562 1558 634 πνευματικὴν
1578 563 1813 634 τροφήν.
1862 561 1926 615 Et
1980 560 2038 614 δέ

456 655 630 718 ὅντως
656 654 748 708 ἐπὶ
775 653 874 725 τὴν
895 652 1157 726 ἀληθινὴν
1194 655 1432 727 μετέστη
1465 654 1630 724 ζωὴν,
1659 654 1756 707 καὶ
1784 652 1918 724 πρὸς
1946 651 2037 706 τὸν

456 745 790 817 ποθούμενον
805 745 1154 818 ἐπανέδραμε
1170 747 1429 818 Χριστὸν,
1446 746 1639 818 ἔχομεν
1659 745 2032 819 πρεσϐεύοντα

456 834 600 906 ὑπὲρ
622 835 777 905 ήμῶν
803 834 1079 906 μάρτυρα.
1112 834 1415 906 Δεξάμενος
1444 834 1501 888 δὲ
1533 835 1714 889 οὑτοσὶ
1737 832 2034 907 (Ἃττικδς)

455 927 557 1000 τὴν
582 927 827 1000 ποθητὴν
858 928 1051 1000 ἀκοὴν,
1083 928 1176 982 καὶ
1202 929 1459 1002 προσθεὶς
1483 928 1676 1001 ἡδονὴν
1703 927 1781 997 τῷ
1808 926 1901 981 τοῦ
1933 925 2037 980 σώ-

460 1038 630 1092 ματος
657 1021 831 1092 ὄγκῳ,
867 1021 1278 1093 φιλανθρωπίαν
1325 1022 1500 1086 ἐνδὺς,
1528 1019 1731 1094 ῆρξατο
1781 1020 2037 1093 περιτρέ-

457 1130 575 1183 χειν
614 1112 895 1178 ἅπαντας,
929 1112 1174 1182 ἀλείφειν
1216 1130 1277 1165 τε
1319 1113 1412 1167 καὶ
1465 1112 1790 1184 θεραπεύειν
1835 1111 2032 1180 λόγοις,

457 1208 554 1271 οὓς
605 1207 907 1277 κατέτεμεν
951 1206 1153 1279 ἔργοις,
1201 1207 1465 1280 ἀργύριόν
1503 1224 1561 1260 τε
1610 1209 1721 1270 τοῖς
1763 1206 2038 1276 δεομένοις

457 1299 682 1363 διδόναι,
726 1297 968 1365 γονάτων
1000 1315 1061 1351 τε
1107 1298 1375 1353 ἅπτεσθαι
1412 1300 1504 1353 καὶ
1543 1297 2033 1368 προκυλινδεῖσθαι,

457 1385 541 1453 οἷς
554 1389 704 1442 οὐδὲν
725 1388 909 1460 ἕτερον
931 1388 1073 1460 ἔχειν
1092 1389 1379 1445 ἐπέπειστο
1402 1390 1678 1461 παρέχειν,
1698 1388 1862 1455 ἀξιῶν
1875 1387 2034 1442 λῦσαι

461 1481 562 1552 μὲν
585 1479 684 1551 τὴν
716 1479 857 1550 πρὸς
895 1480 1060 1533 αὑτὸν
1084 1479 1282 1552 ἔχθραν
1318 1480 1553 1547 δικαίαν,
1576 1481 1675 1552 τὴν
1698 1481 1756 1535 δέ
1780 1479 2037 1551 ἀθέμιτον

457 1573 674 1642 ἐκείνην
705 1571 1041 1625 ὑπεισελθεῖν
1076 1571 1257 1640 φιλίαν
1291 1572 1387 1644 (b).

528 1671 591 1717 ε’.
621 1660 762 1730 Ἐγὼ
787 1662 845 1716 δὲ
872 1663 1046 1733 ἡδέως
1073 1662 1139 1717 ἃν
1168 1659 1319 1718 εἷπον
1345 1663 1479 1734 πρὸς
1512 1664 1694 1729 αὐτὸν,
1725 1665 1804 1717 ὅτι
1848 1659 1919 1716 Ὦ
1943 1661 2035 1717 τύ·-

461 1771 656 1827 ραννε,
690 1752 855 1824 φαίνῃ
898 1754 1004 1826 γάρ
1053 1771 1142 1826 μοι
1182 1755 1249 1809 δι’
1282 1748 1358 1808 ὧν
1397 1758 1667 1827 ἐγχειρεῖς
1699 1755 1918 1826 ἥδεσθαι
1968 1758 2032 1826 τῇ

460 1844 683 1916 τοιαύτῃ
727 1843 1102 1917 προσηγορία,
1144 1845 1318 1908 ποίοις
1367 1844 1664 1916 ὀφθαλμοῖς
1708 1845 2037 1917 προσφέρεις

460 1936 726 2007 φάρμακα
755 1935 1060 2011 τραύμασιν
1100 1929 1183 1997 οἷς
1209 1933 1482 2004 είργάσω;
1526 1934 1559 2005 ἢ
1596 1934 1912 1988 κολακεύειν
1956 1936 2035 1989 εί-

456 2024 584 2090 δὼς,
605 2026 694 2080 διὰ
714 2025 872 2080 τοῦτο
891 2025 1109 2088 ἐλύπεις
1131 2024 1417 2096 πρότερον,
1445 2025 1532 2078 ἵνα
1555 2024 1686 2098 ἔχῃς
1700 2026 1833 2079 ὅπου
1858 2028 2034 2096 χρήσῃ

457 2118 525 2189 τῇ
565 2117 762 2189 τέχνῃ;
791 2117 988 2170 ταυτὸν
1024 2115 1190 2169 ποιῶν
1231 2110 1342 2169 οἷον
1372 2115 1438 2171 ἂν
1467 2117 1523 2171 εί
1545 2135 1629 2181 τις
1671 2118 1853 2188 ἰατρὸς
1881 2116 2038 2187 βοτά-

459 2225 557 2272 νας
584 2207 903 2276 συναγαγὼν
939 2205 1156 2278 μυρίας,
1192 2206 1284 2259 καὶ
1312 2206 1619 2270 καταδύσας
1651 2208 1847 2277 ρακίῳ,
1882 2205 2038 2259 τοῦτο

463 2298 564 2367 μὲν
593 2298 650 2350 ἐν
691 2299 756 2367 τῇ
800 2295 1065 2366 εὐωνύμῳ
1096 2294 1250 2366 φέρει
1274 2295 1451 2366 χειρὶ,
1480 2298 1548 2367 τῇ
1581 2294 1731 2367 δεξιᾷ
1764 2295 1821 2348 δέ
1869 2295 2038 2367 ἀνδρα

461 2388 682 2460 ῥοπάλῳ
706 2387 909 2454 παίων,
945 2386 1093 2455 λέγει
1123 2387 1259 2458 πρὸς
1289 2387 1452 2441 αὐτόν
1476 2402 1490 2416 ο
1523 2382 1594 2439 Ὦ
1624 2387 1869 2455 φίλτατε,
1900 2386 2038 2458 θάρ-

462 2494 579 2532 σει·
615 2478 709 2531 καὶ
744 2476 852 2548 γὰρ
883 2475 1020 2545 μετὰ
1059 2478 1249 2547 χεῖρας
1279 2474 1386 2546 ἔχω
1417 2476 1517 2546 τὴν
1541 2475 1856 2547 θεραπείαν.
1898 2477 2036 2531 Ἀλλ’

458 2565 610 2625 εἶπεν
641 2570 705 2622 ἂν
737 2569 940 2630 ἐκεῖνος
982 2565 1204 2630 δικαίως
1225 2585 1237 2598 ·
1289 2562 1360 2619 Ὦ
1392 2566 1615 2621 κάκιστε
1639 2609 1653 2630 ,
1704 2568 1758 2622 τί
1791 2570 1898 2641 γάρ
1934 2588 2035 2624 κατ

456 2656 817 2722 τασκευάζεις
841 2654 919 2726 τῷ
944 2654 1220 2727 φαρμάκῳ
1241 2656 1338 2726 τὴν
1359 2656 1548 2728 χρείαν
1569 2673 1582 2722 ;
1608 2655 1725 2721 πῶς
1751 2657 1806 2710 δέ
1835 2674 1917 2710 σοι
1937 2657 2037 2729 τὴν

463 2748 703 2822 ἰατρείαν
753 2745 1102 2817 ἐμπιστεύσω
1153 2746 1403 2818 σώματος
1454 2747 1849 2818 ἡσθενηκότος,
1901 2749 2037 2822 ὅπερ

458 2841 612 2910 ὑγιὲς
644 2837 823 2893 λαϐὼν
854 2837 1027 2901 οὕτως
1053 2837 1249 2901 ἀθλίως
1279 2837 1533 2909 διέθηκας
1559 2854 1573 2905 ;
1615 2840 1768 2911 Ἐμοὶ
1804 2841 1901 2912 μὲν
1942 2837 2035 2896 οὖν

457 2927 707 2984 δοκοῦσιν
729 2928 779 2981 οί
802 2927 892 2981 διὰ
916 2926 1016 2998 τὴν
1045 2926 1298 2997 κοίμησιν
1325 2926 1418 2979 τοῦ
1462 2929 1730 3000 μακαρίου
1756 2932 1820 3000 τῇ
1853 2946 2037 2984 κοινω-

459 3020 550 3092 νίᾳ
576 3018 892 3089 προσιόντες
928 3020 996 3090 τῇ
1031 3017 1254 3085 τούτων,
1286 3018 1454 3072 πάλαι
1483 3019 1551 3089 (c)
1582 3020 1781 3084 αὐτοὺς
1822 3021 1914 3074 ἐπὶ
1943 3022 2033 3075 τὸν

458 3107 618 3177 φόνον
645 3107 826 3171 ὠθεῖν,
853 3106 1124 3161 διδάσκειν
1151 3125 1210 3161 τε
1239 3109 1365 3172 τοὺς
1397 3108 1535 3180 μετά
1562 3109 1733 3163 ταῦτα
1767 3110 2030 3175 ἅπαντας,

456 3199 605 3263 εἰκὸς
638 3198 694 3252 δέ
743 3198 970 3262 πολλοὺς
1005 3197 1081 3262 ώς
1125 3199 1184 3251 ἐν
1249 3197 1473 3269 τοιούτῳ
1519 3198 1618 3269 βίῳ
1658 3199 2032 3273 δειχθήσεσθαι

454 3289 751 3354 τοιούτους,
777 3289 843 3343 ἵν’
874 3290 1002 3344 ὅταν
1033 3288 1260 3346 θέλωσιν
1280 3288 1548 3345 ἀπελάσαι
1576 3289 1804 3356 δίκαιον,
1837 3291 1930 3343 καὶ
1949 3291 2033 3345 λυ-

455 3384 637 3455 πῆσαν
680 3384 742 3437 τὸ
782 3385 1012 3454 πρᾶγμα
1046 3381 1333 3454 διασπείρῃ
1371 3382 1447 3453 (d)
1486 3382 1555 3435 τά
1606 3381 1888 3454 πρόϐατα,
1938 3399 2034 3437 τα-

453 3475 594 3544 χέως
622 3474 782 3527 αὐτὸν
811 3473 1089 3535 ἀνέλωσιν,
1122 3472 1262 3526 ὥστε
1294 3476 1360 3543 τῇ
1395 3473 1672 3544 ἀναιρέσει
1704 3473 2031 3544 συναχθῆναι

454 3564 526 3618 τά
557 3564 798 3634 ποίμνια.
830 3563 895 3616 Τί
923 3563 1123 3631 λέγεις,
1153 3560 1403 3632 ἄνθρωπε
1427 3578 1442 3627 ;
1468 3563 1582 3615 Ούκ
1608 3560 1915 3625 ἐκοινώνεις
1941 3562 2030 3616 διά

453 3658 552 3730 τὴν
580 3656 827 3721 ἀδικίαν,
862 3656 956 3710 καὶ
994 3656 1268 3717 κοινωνεῖς
1303 3653 1440 3723 μετά
1483 3654 1572 3706 τὸν
1610 3654 1791 3722 φόνον,
1836 3653 2027 3726 ῶσπερ

451 3748 547 3803 τοῦ
575 3749 735 3817 φόνου
772 3745 1189 3817 ἀποσμήξαντος
1222 3747 1468 3816 ἐκείνην;
1503 3748 1574 3798 Ἢ
1597 3746 1693 3799 καὶ
1722 3745 1821 3818 τὴν
1866 3746 2029 3811 Ἰεζά-

454 3842 548 3895 ϐελ
580 3839 742 3913 μέχρι
771 3840 867 3910 τῆς
890 3837 983 3891 τοῦ
1014 3836 1259 3891 Ναϐουθέ
1285 3836 1605 3907 ἀμπελῶνος
1640 3838 1916 3909 ἁρπαγῆς,
1940 3839 2028 3892 διὰ

450 3930 609 3984 τοῦτο
632 3930 861 3999 ἐμίσεις,
895 3926 1080 3998 ἐπειδὴ
1102 3927 1157 3980 δὲ
1185 3927 1346 3981 αὐτὸν
1369 3926 1565 3990 ἀνεῖλε,
1587 3930 1651 3998 τῇ
1678 3929 1789 4000 ζωῇ
1817 3929 2025 3983 ἐκείνου

451 4018 513 4069 τὸ
539 4016 675 4087 πρὸς
701 4015 903 4086 ταύτην
931 4015 1339 4084 συγκατέλυσας
1366 4018 1558 4083 μῖσος;
1587 4017 1653 4069 Τί
1687 4012 1778 4071 οὖν
1807 4017 2022 4090 ἔχομεν,

451 4108 608 4180 φησὶ,
631 4108 882 4177 ποιῆσαι,
910 4106 1006 4160 τοῦ
1030 4107 1220 4179 ἀνδρὸς
1245 4106 1604 4172 ἀποθανόντος
1629 4124 1643 4173 ;
1667 4108 1777 4181 Τὴν
1804 4111 1912 4164 ἀπὸ
1930 4111 2025 4166 τοῦ

449 4199 687 4273 Χριστοῦ
712 4198 1129 4269 δικαίανκρίσιν
1154 4201 1462 4270 περιμεῖναι
1480 4215 1495 4229 ⁸
1528 4200 1746 4265 πάντως
1763 4202 1820 4256 δὲ
1848 4202 2021 4272 ἔσται,

450 4293 545 4346 καὶ
582 4291 769 4362 μηδεὶς
795 4289 1151 4362 ἀμφιϐαλέτω
1166 4308 1179 4322 ο
1210 4293 1270 4345 οὐ
1293 4292 1401 4363 γάρ
1421 4293 1478 4345 ἐν
1506 4296 1570 4364 τῇ
1594 4293 1702 4347 τῶν
1724 4294 2024 4366 ἀνθρώπων

451 4381 587 4449 ζωῇ,
611 4383 705 4438 κα).
716 4383 785 4442 «τὸ
808 4382 917 4437 τῶν
943 4382 1280 4455 πραγμάτων
1303 4382 1452 4447 τέλος
1476 4383 1747 4454 περικλείε
1757 4401 1804 4439 ιν
1833 4385 2024 4441 εἴωθεν

447 4477 477 4527 0
505 4472 1155 4539 Δεσπότηςητούναντίον
1195 4473 1253 4526 δὲ
1303 4472 1502 4544 μᾶλλον
1536 4472 1645 4527 ἀπὸ
1684 4474 1782 4545 τῆς
1812 4477 2024 4541 τελείας

446 4564 624 4620 αὐτῶν
654 4563 1020 4635 ἀπογνώσεως
1054 4564 1199 4635 φιλεῖ
1229 4564 1337 4619 τῶν
1370 4564 1625 4620 τοιούτων
1654 4565 1723 4618 τὰ
1762 4566 2024 4638 προοίμια

448 4656 753 4713 ποιεῖσθαι·
784 4658 880 4711 καὶ
919 4656 1122 4711 τούτων
1151 4657 1259 4711 ἀπὸ
1299 4655 1406 4711 τῶν
1446 4656 1605 4711 θείων
1645 4656 1880 4728 Γραφῶν
1922 4656 2022 4728 τὴν

448 4729 758 4818 μαρτυρίαν
781 4745 1105 4815 παρέξομαι.

518 4836 591 4903 ς’.
625 4835 919 4906 Κατέφαγέ
964 4853 1094 4890 ποτε
1145 4838 1239 4891 τὸν
1295 4838 1493 4909 Ἰωσὴφ
1522 4840 1711 4911 θηρίον
1758 4841 2016 4912 πονηρὸν,

444 4929 523 4999 τῷ
553 4927 663 4981 τῶν
696 4927 937 4996 ἀδελφῶν
964 4925 1117 4997 παρά
1144 4925 1222 4995 τῷ
1263 4928 1431 4996 πατρὶ
1458 4927 1600 4997 λόγῳ
1622 4944 1635 4957 ·
1667 4929 1793 4991 τοὺς
1827 4931 1888 4982 τδ
1921 4932 2019 5001 μὲν

444 5019 718 5082 εἰπόντας,
750 5017 810 5071 τὸ
836 5016 891 5071 δὲ
920 5016 1346 5089 ἐργασαμένους,
1377 5016 1724 5086 ὑποχειρίους
1758 5018 1892 5088 εἶχε,
1925 5023 2019 5075 καὶ¹

442 5107 882 5180 προσκυνοῦντας
910 5107 1077 5180 ἐώρα,
1107 5106 1168 5160 τὸ
1199 5105 1477 5178 σύγκριμα
1510 5107 1618 5160 τῶν
1651 5106 1896 5162 παλαιῶν
1934 5111 2019 5164 δε-

441 5198 703 5272 κομένους
728 5200 1011 5254 ἐνυπνίων.
1040 5196 1149 5254 Καὶ
1178 5197 1314 5270 μετά
1332 5199 1431 5257 τὴν
1459 5197 1841 5259 πιστευθείσαν
1867 5202 2017 5273 παρά

514 5384 591 5455 (η)
620 5381 749 5457 Vylt
767 5384 945 5440 adhuc
966 5382 1217 5457 dubitare
1240 5381 1529 5457 Martyriug
1552 5385 1620 5440 de
1642 5382 2012 5457 Chry’sosto'mi

438 5452 611 5511 obitu.
655 5452 818 5525 Certe
851 5466 1013 5525 supra
1060 5454 1216 5525 dixit,
1257 5452 1519 5525 suspicari
1561 5468 1619 5509 se
1649 5452 1774 5510 enni
1809 5456 2011 5512 alicubi

439 5541 468 5596 ει
499 5524 1014 5596 cx:s_todibus_fui$se
1036 5524 1410 5596 peculatum.
1451 5524 1559 5581 Sed
1585 5525 1654 5581 de
1680 5526 1784 5580 hac
1811 5541 1869 5580 re
1896 5526 2007 5596 jam

436 5595 550 5666 diti
567 5594 644 5666 in
670 5594 877 5666 prmio
902 5594 1129 5666 mgnito,

510 5664 582 5734 (ὁ)
621 5662 746 5738 Agit
773 5664 1059 5733 Martyrium
1087 5664 1153 5717 de
1194 5664 1441 5721 artiﬁciis
1467 5662 1657 5731 Attici,
1695 5663 1788 5734 qui
1820 5663 2007 5719 condi-

1690 257 2026 317 MARTYRII
2066 256 2484 317 ANTIOCHENI

3548 285 3578 322 Χ
3588 285 3615 325 ι
3624 283 3715 329 VIII

2142 375 2219 446 τῷ
2244 378 2412 449 πατρὶ
2452 378 2725 450 τελευτὴν,
2777 379 3076 451 βασιλικοῖς
3120 378 3362 453 ὀχήμασι
3401 380 3479 452 τῷ
3522 383 3722 456 πενθή-

2140 482 2292 520 σαντι
2323 469 2573 538 συνήντα.
2603 469 2771 523 Πάλιν
2797 470 2959 535 αὐτὸς
2982 464 3137 535 οὗτος
3168 470 3455 526 ἀποθανὼν
3498 471 3717 546 Ἰωσὴφ,

2137 560 2236 629 τὴν
2258 559 2574 630 συγγένειαν
2601 561 2820 618 ἃπασαν
2846 564 2926 626 είς
2951 562 3378 634 πολυάνθρωπον
3399 563 3720 619 ἐκταθεῖσαν

2137 652 2371 724 ἀριθμὸν
2443 652 2713 708 δουλεύειν
2775 654 3021 709 δουλείαν
3087 654 3333 725 χαλεπὴν
3390 656 3720 725 Αἰγυπτίοις

2139 743 2338 799 εἴασεν.
2385 745 2522 799 Ἀλλ’
2552 747 2703 815 ὅμως
2746 745 2832 799 διά
2859 746 2958 818 τὴν
2990 746 3199 799 ἐκείνου
3256 745 3515 817 τελευτὴν
3548 746 3722 810 οὐδεὶς

2152 835 2492 908 Ἰσραηλίτης
2543 836 2766 906 γέγονεν
2819 836 3151 906 Αἰγύπτιος,
3199 836 3336 891 ἀλλά
3388 838 3586 909 μικρὸν
3641 836 3718 908 (c)

2138 928 2531 999 ὑπομείναντες
2550 930 2609 982 ἐν
2633 932 2701 1001 τῇ
2721 928 2934 1000 δουλείᾳ
2963 928 3174 1000 χρόνον,
3201 927 3290 982 διὰ
3318 927 3414 981 τοῦ
3439 929 3721 992 Μωῦσέως

2138 1022 2219 1082 είς
2259 1020 2731 1090 περιφανεστάτην
2771 1020 3084 1092 ἐλευθερίαν
3124 1020 3461 1091 ἀνέδραμον·
3502 1019 3597 1072 καὶ
3636 1013 3721 1083 οἷς

2136 1112 2258 1165 οὐδέ
2288 1115 2545 1167 ἀναπνεῖν
2577 1112 2840 1183 πρότερον
2870 1111 2977 1166 ἀπὸ
3005 1110 3110 1164 τῶν
3142 1109 3357 1181 μόχθων
3380 1110 3527 1181 ἐξῆν,
3561 1108 3721 1163 ὕστε-

2139 1217 2230 1272 ρον
2255 1200 2496 1272 ἅπασαὴ
2529 1201 2704 1266 κτίσις
2731 1200 2975 1255 ἐδούλευε
2993 1217 3006 1231 ο
3036 1200 3129 1255 τοῦ
3165 1198 3545 1272 φιλανθρώπου
3582 1196 3721 1253 Θεοῦ

2141 1295 2413 1364 βαδίζουσι
2451 1297 2549 1366 μὲν
2592 1295 2777 1358 αὐτοῖς
2816 1295 2916 1366 τὴν
2956 1290 3231 1349 θάλασσαν
3272 1291 3718 1364 ἡπειρώσαντος,

2139 1385 2334 1456 διψῶσι
2366 1385 2421 1440 δέ
2443 1387 2542 1458 τὴν
2579 1386 2783 1459 ἔρημόν
2815 1403 2875 1440 τε
2909 1387 3002 1439 καλ⁵
3033 1385 3257 1457 ἄνυδρον
3287 1384 3681 1454 πελαγίσαντος
3702 1423 3718 1447 ,

2138 1477 2345 1548 τροφῆς
2372 1476 2430 1530 δέ
2457 1478 2806 1550 ὀρεγομένοις
2831 1477 2995 1549 ἄρτον
3016 1475 3534 1548 οὐρανογεώργητον
3563 1472 3722 1528 ύσαν·

2137 1585 2248 1632 τος.
2288 1568 2506 1624 Τούτων
2540 1565 2695 1632 αὖθις
2727 1570 2788 1623 οὐ
2829 1568 3002 1632 πόλιν,
3034 1570 3135 1622 οὐκ
3173 1567 3400 1640 ἀγορὰν,
3433 1568 3532 1623 οὐκ
3565 1567 3721 1636 οίκῆο

2142 1677 2286 1730 ματα
2318 1661 2570 1731 ἐχόντων,
2604 1660 2719 1714 ἀλλ’
2752 1660 2845 1713 ἐπὶ
2870 1662 2969 1732 τῆς
2991 1661 3197 1732 ἐρήμου
3232 1659 3331 1730 τῆς
3360 1658 3560 1730 πολλῆς
3587 1660 3720 1726 ἁγε-

2138 1754 2469 1825 λαζομένων,
2491 1755 2521 1808 ὁ
2553 1752 2880 1826 δημαγωγὸς
2912 1753 3154 1823 Μωῦσῆς
3188 1750 3537 1824 προστίθεται
3579 1749 3717 1823 πρὸς

2135 1847 2260 1909 τοὺς
2285 1846 2529 1918 πατέρας
2549 1846 2737 1905 αὐτοῦ,
2760 1846 2826 1899 Τί
2848 1841 2940 1899 οὖν
2966 1845 3075 1898 ἔδει
3110 1848 3282 1898 ποιεῖν
3308 1845 3433 1908 τοὺς
3451 1843 3517 1897 δι’
3548 1841 3715 1897 αὑτοό

2137 1935 2235 2006 τὴν
2267 1936 2365 2007 τῆς
2388 1935 2722 2004 ἐπαγγελίας
2745 1935 3157 2007 προσδοκῶντας
3184 1933 3556 2006 ἀπολήψεσθαι
3581 1934 3716 2005 κλη-

2142 2024 2425 2096 ρονομίαν;
2462 2025 2622 2079 πάλιν
2652 2029 2732 2089 είς
2758 2024 3033 2094 Αἴγυπτον
3080 2025 3411 2096 ἀναδραμεῖν
3449 2025 3717 2093 ἀπογνόν-

2135 2132 2262 2179 τας,
2291 2117 2411 2170 εἰπέ
2454 2132 2577 2188 μοις
2626 2117 2764 2170 Ἀλλ’
2794 2117 3049 2184 ἐγέλασεν
3082 2116 3148 2169 ἂν
3179 2116 3359 2170 αὐτῶν
3400 2117 3500 2188 τὴν
3527 2116 3715 2171 ἄνοιαν

2150 2207 2356 2278 Ἰησοῦς
2395 2208 2424 2260 ό
2457 2208 2517 2261 τὸ
2546 2207 2640 2261 τοῦ
2680 2208 2955 2272 Μωῡσέως
2990 2206 3345 2278 ἐκδεξάμενος
3384 2205 3577 2278 ἔργον,
3618 2208 3714 2261 καὶ

2136 2298 2235 2363 τὰς
2264 2298 2374 2352 τῶν
2403 2299 2713 2369 ἀλλοφύλων
2740 2301 3012 2371 τειχήρεις
3051 2299 3233 2362 πόλεις
3265 2298 3455 2370 αἱρῶν,
3483 2299 3579 2352 νῦν
3613 2298 3715 2370 μὲν

2137 2392 2454 2461 σαλπίγγων
2487 2393 2633 2463 ἤχῳ,
2658 2392 2753 2445 νῦν
2786 2394 2841 2447 δὲ
2868 2396 2934 2465 τῇ
2963 2392 3258 2465 προσδοκία
3284 2392 3382 2464 τῆς
3413 2390 3716 2463 παρουσίας

2140 2484 2297 2556 μόνῃ,
2322 2484 2497 2547 ἐνίους
2529 2483 2586 2537 δέ
2620 2485 2763 2553 ὁρῶν
2803 2485 2897 2538 καλ⁵
2936 2485 3288 2555 σοφισμάτων
3326 2484 3617 2556 δεηθέντας
3643 2482 3715 2556 (Ι)

2136 2575 2273 2647 πρὸς
2298 2575 2358 2630 τὸ
2384 2576 2482 2646 τῆς
2508 2575 2885 2640 αύτοδουλείας
2913 2576 3249 2630 ύπεισελθεῖν
3282 2576 3370 2629 τὶν
3396 2576 3579 2644 ζυγόν,

2208 2672 2272 2736 ζ’,
2331 2672 2516 2737 Ἠλίας
2562 2671 2711 2740 ἔλεγε
2757 2672 2855 2744 μέν
2890 2688 3018 2725 ποτε
3063 2672 3479 2741 καταλελεῖφθαι
3520 2672 3712 2742 μόνοςν

2136 2763 2364 2837 ηὕρισκε
2394 2764 2448 2817 δέ
2481 2767 2765 2835 προφήτας
2797 2766 2855 2817 ἐν
2888 2768 3001 2827 τοῖς
3038 2764 3322 2835 σπηλαίοις
3364 2764 3558 2817 ἐκατδν
3588 2778 3714 2833 τρε-

2137 2858 2404 2928 φομένους
2428 2899 2441 2920 ,
2471 2857 2562 2910 καὶ
2587 2854 2679 2910 τοῦ
2713 2855 2982 2909 Δεσπότου
3010 2855 3066 2907 δὲ
3098 2855 3344 2923 λέγοντος
3370 2855 3587 2924 ἦκουεν,
3627 2854 3711 2907 δτι

2135 2946 2469 3002 Κατέλιπον
2512 2944 2745 3016 ἐμαυτῷ
2778 2945 3271 3014 ἑπτακισχιλίους
3288 2944 3532 3014 ἄνδρας,
3569 2943 3711 2997 07n-

2133 3053 2236 3103 νες
2267 3039 2378 3091 οὐκ
2406 3038 2656 3092 ἔκλιναν
2691 3037 2839 3105 γόνυ
2861 3034 2939 3101 τῷ
2981 3035 3166 3089 Βάαλ.
3207 3034 3473 3106 ’Ὑστερον
3501 3035 3558 3088 δὲ
3592 3036 3712 3088 £11.-

2135 3129 2234 3193 σὰς
2260 3130 2422 3193 αὐτὸς
2460 3127 2554 3180 τοῦ
2586 3125 2810 3195 ζεύγους
2853 3125 3060 3179 ἐκείνου
3083 3167 3096 3190 ,
3140 3126 3233 3179 καὶ
3277 3125 3447 3198 πυρὸς
3488 3127 3709 3198 πτεροῖς

2134 3222 2271 3292 πρὸς
2308 3220 2398 3274 τὸν
2441 3219 2665 3291 οὐρανὸν
2698 3218 2941 3291 δραμὼν,
2976 3219 3067 3272 τὸν
3109 3218 3410 3271 Ἐλισσαῖον
3446 3214 3559 3288 εἶχε
3601 3218 3709 3272 δει-

2135 3311 2336 3372 κνύντα
2357 3313 2415 3365 ἐν
2437 3311 2585 3383 αὐτῷ
2609 3311 2700 3365 τὸν
2731 3311 2939 3375 Ἠλίαν,
2965 3310 3057 3365 καί
3082 3327 3189 3364 τισι
3209 3310 3302 3364 καὶ
3331 3309 3511 3361 πλέον.
3537 3308 3708 3364 Τοῦτο

2133 3403 2241 3475 γὰρ
2263 3402 2548 3474 ἐπεθύμει.
2578 3402 2804 3467 Πάντως
2839 3419 2940 3456 που
2974 3403 3068 3456 καὶ
3093 3402 3188 3455 νῦν
3232 3400 3529 3463 Ἐλισσαῖος
3571 3396 3705 3470 κρύ-

2133 3510 2344 3557 πτεται,
2371 3493 2467 3564 τὴν
2486 3491 2579 3544 τοῦ
2602 3490 2815 3560 Πατρὸς
2846 3491 3100 3563 μηλωτὴν
3129 3492 3498 3562 ἐκδεχόμενος.
3536 3490 3601 3543 Τί
3626 3489 3700 3554 δὲ,

2130 3586 2249 3639 εἰπέ
2284 3601 2393 3655 μοι,
2429 3586 2477 3637 εῖ
2519 3583 2662 3638 κατὰ
2685 3582 2777 3637 τὸν
2815 3582 3005 3654 καιρὸν
3036 3582 3136 3653 τῆς
3163 3583 3256 3636 τοῦ
3288 3584 3534 3654 Σωτῆρος
3563 3598 3704 3652 παρ-

2129 3675 2316 3737 ουσίας
2349 3672 2658 3741 ἐγεγόνεις,
2707 3667 2826 3725 εἶτα
2868 3674 2980 3737 τοῖς
3025 3672 3342 3734 ἀποστόλοις
3384 3669 3579 3731 συνὼν,
3610 3670 3701 3729 τὸν

2133 3767 2229 3837 μὲν
2261 3763 2434 3835 ἐώρας
2467 3761 2896 3835 σταυρούμενον,
2934 3763 3060 3826 τοὺς
3088 3761 3145 3816 δὲ
3171 3761 3365 3815 τοῦτον
3394 3760 3698 3831 πήξαντας,

2129 3856 2425 3920 καλοῦντάς
2447 3873 2505 3909 τε
2532 3851 2696 3926 εἶχες,
2728 3856 2824 3910 καὶ
2847 3854 3249 3909 κολακευόντων
3275 3854 3491 3924 ἢκουες,
3518 3850 3700 3919 λεγόν-

2126 3962 2234 4011 των
2274 3961 2332 3998 τε
2353 3945 2433 3998 δτι
2466 3944 2601 4015 μετά
2627 3942 2852 3998 θάνατον
2878 3943 3092 3998 ἅπαντα
3121 3943 3331 4013 ἀνάγκη
3354 3940 3607 3994 λελύσθαι
3636 3938 3702 3994 τὰ

2128 4041 2464 4114 πράγματα;
2504 4036 2615 4113 ἆρα
2639 4040 2702 4094 ἂν
2730 4039 3039 4113 προσελθὼν
3071 4041 3183 4103 τοῖς
3211 4038 3548 4101 ἀποστόλοις,
3581 4038 3701 4092 εἰπέ

2133 4158 2251 4212 μοι,
2280 4139 2485 4193 πείθειν
2527 4139 2830 4212 ἐπεχείρεις
2865 4141 3233 4211 προσδραμεῖν
3269 4156 3327 4192 τε
3370 4137 3446 4209 τῷ
3477 4139 3702 4209 Καῖάφᾳ

2130 4239 2223 4292 καὶ
2272 4238 2611 4292 ἐπαινεῖσθαι
2658 4238 2717 4291 τὸ
2760 4236 2950 4307 ἔργον,
2989 4236 3081 4290 καὶ
3129 4236 3349 4306 φιλῆσαι
3391 4234 3570 4301 δεξιάν
3601 4237 3701 4307 τὴν

2130 4336 2516 4408 Χριστοκτόνον
2539 4334 2780 4407 ἐκείνην;
2819 4335 2955 4388 Ἀλλ’
2979 4333 3218 4397 ἐκείνους
3243 4334 3341 4404 μὲν
3363 4332 3612 4403 οὐδαμῶς
3634 4332 3702 4387 ἂν

2126 4434 2349 4498 ἔπεισας
2370 4450 2383 4464 ·
2417 4434 2608 4487 σαυτὸν
2640 4433 2717 4497 δὲ,
2741 4431 2898 4486 τοῦτο
2921 4433 3169 4503 ποιήσας,
3197 4432 3297 4501 τῆς
3317 4448 3376 4484 τε
3404 4431 3498 4484 τοῦ
3531 4431 3702 4484 Πνεύ-

2127 4546 2295 4601 ματος
2316 4528 2639 4600 ἀπεστέρεις
2671 4528 2954 4600 χορηγίας,
2982 4528 3074 4581 καὶ
3102 4524 3209 4581 τῶν
3241 4528 3449 4599 μυρίων
3477 4524 3699 4596 ἀγαθῶν

2123 4627 2162 4683 ἆ
2195 4627 2501 4697 ὀφθαλμὸς
2538 4628 2649 4681 οὐκ
2681 4626 2835 4692 εἶδε,
2866 4625 2964 4681 καὶ
2998 4620 3107 4691 οὖς
3139 4628 3250 4680 οὐκ
3303 4624 3561 4693 ἤκουσε,
3596 4627 3695 4679 καὶ

2122 4723 2220 4776 ἐπί
2266 4723 2517 4793 καρδίαν
2564 4722 2877 4790 ἀνθρώπου
2925 4723 3035 4776 οὐκ
3091 4721 3294 4788 ἀνέϐη,
3340 4722 3483 4791 ειπερ
3518 4723 3550 4793 ἡ
3600 4719 3695 4774 τοῦ

2126 4820 2531 4893 σταυρωθέντος
2556 4822 2689 4890 ἡμῖν
2716 4820 3012 4891 ἐχαρίσατο
3034 4817 3436 4891 φιλανθρωπία.

2192 4924 2260 4988 η’.
2290 4918 2451 4970 "am
2474 4918 2568 4971 καλ⁵
2595 4916 2691 4971 νῦν
2718 4917 3116 4986 ἀπογινώσκειν
3145 4917 3243 4988 μὲν
3260 4917 3512 4989 οὐδαμῶς
3528 4919 3694 4984 ὅσιον,

2122 5012 2362 5080 ἀδελφοὶ,
2393 5011 2488 5066 τοῦ
2516 5011 2653 5066 Θεοῦ
2681 5011 2779 5084 τὴν
2816 5012 3118 5083 ἀντίληψιν.
3177 5014 3478 5083 Ἐπιλέγειν
3505 5014 3563 5067 δέ
3596 5014 3697 5067 αύ-

2119 5113 2232 5174 τοῖς
2278 5111 2570 5178 ἀναγκαῖον
2618 5110 2684 5165 τὰ
2750 5111 2963 5181 ῥήματα
3022 5111 3131 5165 τῶν
3187 5110 3433 5166 παλαιῶν
3490 5111 3694 5165 παίδων

2119 5205 2344 5259 ἐκείνων
2363 5223 2375 5238 ·
2407 5206 2618 5278 Μικρὸν
2645 5206 3049 5271 ύπαλλάξαντες
3079 5207 3153 5278 (g)
3173 5248 3187 5273 ,
3217 5207 3299 5261 ὅτι
3324 5207 3438 5262 ἔστι
3480 5207 3610 5271 Θεδς
3636 5209 3695 5260 ἐν

2116 5386 2313 5462 li‘quis
2368 5386 2667 5462 [autoribus
2691 5390 3274 5462 gratiaquekcaptanda
3319 5389 3689 5462 episcOpatum

2116 5458 2217 5532 sibi
2260 5458 2587 5532 conﬁrmare
2626 5456 2923 5531 saiagebat.
2972 5456 3283 5532 Tyrhnnum
3312 5456 3572 5532 vbcatjid
3607 5466 3693 5516 est

2114 5526 2272 5602 aiieni
2316 5528 2498 5583 throni
2531 5526 3085 5602 usurpatbyem,_q1iia
3111 5530 3427 5602 praecipuus
3455 5529 3693 5602 Chryso-

2114 5596 2271 5671 stomj
2302 5608 2524 5671 eversor
2548 5596 2761 5671 Atticu_s
2782 5597 2912 5671 fuit.
2943 5596 3145 5671 P'ailad'1
3159 5596 3301 5671 icapI
3328 5596 3691 5671 il:__Altiéum

2108 5666 2426 5739 gravissime
2456 5675 2675 5724 accusat
2713 5668 3091 5725 Tillemontius
3118 5666 3350 5724 Monhm.
3387 5667 3526 5723 Hist.
3560 5666 3686 5724 eccl.
