  <div class='ocr_page' id='page_1' title='image "/cluster/home/n/w/nwhite01/storage/ocr_20150623/47/mdp.39015012902212/036.png"; bbox 0 0 4038 6154; ppageno 0'>
   <div class='ocr_carea' id='block_1_1' title="bbox 225 312 354 355">
    <p class='ocr_par' dir='ltr' id='par_1_1' title="bbox 225 312 354 355">
     <span class='ocr_line' id='line_1_1' title="bbox 225 312 354 355; baseline 0 0"><span class='ocrx_word' id='word_1_1' title='bbox 225 312 354 355; x_wconf 75' lang='grc' dir='ltr'>ιια</span> 
     </span>
    </p>
   </div>
   <div class='ocr_carea' id='block_1_2' title="bbox 221 416 1817 491">
    <p class='ocr_par' dir='ltr' id='par_1_2' title="bbox 221 416 1817 491">
     <span class='ocr_line' id='line_1_2' title="bbox 221 416 1817 491; baseline 0.001 -18"><span class='ocrx_word' id='word_1_2' title='bbox 221 416 412 473; x_wconf 76' lang='lat' dir='ltr'><strong>adhuc</strong></span> <span class='ocrx_word' id='word_1_3' title='bbox 447 418 721 487; x_wconf 70' lang='lat' dir='ltr'><strong>superest,</strong></span> <span class='ocrx_word' id='word_1_4' title='bbox 751 432 852 473; x_wconf 89' lang='lat' dir='ltr'><strong>nos</strong></span> <span class='ocrx_word' id='word_1_5' title='bbox 875 419 967 487; x_wconf 99' lang='lat' dir='ltr'><strong>qui</strong></span> <span class='ocrx_word' id='word_1_6' title='bbox 1007 434 1197 474; x_wconf 89' lang='lat' dir='ltr'><strong>sumus</strong></span> <span class='ocrx_word' id='word_1_7' title='bbox 1225 432 1345 491; x_wconf 52' lang='lat' dir='ltr'><strong>eius</strong></span> <span class='ocrx_word' id='word_1_8' title='bbox 1370 420 1569 477; x_wconf 77' lang='lat' dir='ltr'><strong>fratres</strong></span> <span class='ocrx_word' id='word_1_9' title='bbox 1607 420 1817 477; x_wconf 86' lang='lat' dir='ltr'><strong>videbi-</strong></span> 
     </span>
    </p>
   </div>
   <div class='ocr_carea' id='block_1_3' title="bbox 221 506 1815 580">
    <p class='ocr_par' dir='ltr' id='par_1_3' title="bbox 221 506 1815 580">
     <span class='ocr_line' id='line_1_3' title="bbox 221 506 1815 580; baseline 0.003 -16"><span class='ocrx_word' id='word_1_10' title='bbox 221 523 353 564; x_wconf 91' lang='lat' dir='ltr'><strong>mus</strong></span> <span class='ocrx_word' id='word_1_11' title='bbox 382 506 681 579; x_wconf 77' lang='lat' dir='ltr'><strong>aliquando</strong></span> <span class='ocrx_word' id='word_1_12' title='bbox 710 506 1009 580; x_wconf 82' lang='lat' dir='ltr'><strong>Josephum</strong></span> <span class='ocrx_word' id='word_1_13' title='bbox 1040 510 1095 565; x_wconf 90' lang='lat' dir='ltr'><strong>in</strong></span> <span class='ocrx_word' id='word_1_14' title='bbox 1124 511 1322 567; x_wconf 90' lang='lat' dir='ltr'><strong>throno</strong></span> <span class='ocrx_word' id='word_1_15' title='bbox 1345 513 1628 569; x_wconf 74' lang='lat' dir='ltr'><strong>sedentem</strong></span> <span class='ocrx_word' id='word_1_16' title='bbox 1651 515 1668 578; x_wconf 86' lang='lat'>(</span> <span class='ocrx_word' id='word_1_17' title='bbox 1685 514 1815 571; x_wconf 84' lang='lat' dir='ltr'><strong>Gen.</strong></span> 
     </span>
    </p>
   </div>
   <div class='ocr_carea' id='block_1_4' title="bbox 221 598 1820 670">
    <p class='ocr_par' dir='ltr' id='par_1_4' title="bbox 221 598 1820 670">
     <span class='ocr_line' id='line_1_4' title="bbox 221 598 1820 670; baseline 0.004 -17"><span class='ocrx_word' id='word_1_18' title='bbox 221 613 401 665; x_wconf 76' lang='lat' dir='ltr'><strong>mn,</strong></span> <span class='ocrx_word' id='word_1_19' title='bbox 430 598 504 654; x_wconf 77' lang='grc'><strong>26</strong></span> <span class='ocrx_word' id='word_1_20' title='bbox 564 598 732 670; x_wconf 86' lang='lat' dir='ltr'><strong>sqq.)</strong></span> <span class='ocrx_word' id='word_1_21' title='bbox 791 608 847 655; x_wconf 88' lang='lat' dir='ltr'><strong>et</strong></span> <span class='ocrx_word' id='word_1_22' title='bbox 900 600 1200 670; x_wconf 75' lang='lat' dir='ltr'><strong>spiritalem</strong></span> <span class='ocrx_word' id='word_1_23' title='bbox 1239 602 1552 659; x_wconf 83' lang='lat' dir='ltr'><strong>alimoniam</strong></span> <span class='ocrx_word' id='word_1_24' title='bbox 1606 606 1820 659; x_wconf 83' lang='lat' dir='ltr'><strong>cunctis</strong></span> 
     </span>
    </p>
   </div>
   <div class='ocr_carea' id='block_1_5' title="bbox 224 689 1816 768">
    <p class='ocr_par' dir='ltr' id='par_1_5' title="bbox 224 689 1816 768">
     <span class='ocr_line' id='line_1_5' title="bbox 224 689 1816 768; baseline 0.004 -24"><span class='ocrx_word' id='word_1_25' title='bbox 224 689 599 758; x_wconf 70' lang='lat' dir='ltr'><strong>praebentem:</strong></span> <span class='ocrx_word' id='word_1_26' title='bbox 632 691 715 745; x_wconf 90' lang='lat' dir='ltr'><strong>sin</strong></span> <span class='ocrx_word' id='word_1_27' title='bbox 748 691 795 745; x_wconf 89' lang='lat' dir='ltr'><strong>is</strong></span> <span class='ocrx_word' id='word_1_28' title='bbox 819 708 1011 765; x_wconf 85' lang='lat' dir='ltr'><strong>reapse</strong></span> <span class='ocrx_word' id='word_1_29' title='bbox 1033 693 1101 749; x_wconf 88' lang='lat' dir='ltr'><strong>ad</strong></span> <span class='ocrx_word' id='word_1_30' title='bbox 1127 709 1312 749; x_wconf 83' lang='lat' dir='ltr'><strong>veram</strong></span> <span class='ocrx_word' id='word_1_31' title='bbox 1340 695 1505 751; x_wconf 90' lang='lat' dir='ltr'><strong>vitam</strong></span> <span class='ocrx_word' id='word_1_32' title='bbox 1535 695 1816 768; x_wconf 77' lang='lat' dir='ltr'><strong>migravit,</strong></span> 
     </span>
    </p>
   </div>
   <div class='ocr_carea' id='block_1_6' title="bbox 223 783 1819 859">
    <p class='ocr_par' dir='ltr' id='par_1_6' title="bbox 223 783 1819 859">
     <span class='ocr_line' id='line_1_6' title="bbox 223 783 1819 859; baseline 0 -16"><span class='ocrx_word' id='word_1_33' title='bbox 223 797 394 859; x_wconf 80' lang='lat' dir='ltr'><strong>atque</strong></span> <span class='ocrx_word' id='word_1_34' title='bbox 418 785 487 839; x_wconf 87' lang='lat' dir='ltr'><strong>ad</strong></span> <span class='ocrx_word' id='word_1_35' title='bbox 512 791 829 855; x_wconf 86' lang='lat' dir='ltr'><strong>exoptatum</strong></span> <span class='ocrx_word' id='word_1_36' title='bbox 841 783 1120 843; x_wconf 88' lang='lat' dir='ltr'><strong>Christum</strong></span> <span class='ocrx_word' id='word_1_37' title='bbox 1144 787 1403 856; x_wconf 85' lang='lat' dir='ltr'><strong>perrexit,</strong></span> <span class='ocrx_word' id='word_1_38' title='bbox 1428 787 1694 843; x_wconf 81' lang='lat' dir='ltr'><strong>habemus</strong></span> <span class='ocrx_word' id='word_1_39' title='bbox 1720 803 1819 857; x_wconf 85' lang='lat' dir='ltr'><strong>pro</strong></span> 
     </span>
    </p>
   </div>
   <div class='ocr_carea' id='block_1_7' title="bbox 225 878 1819 951">
    <p class='ocr_par' dir='ltr' id='par_1_7' title="bbox 225 878 1819 951">
     <span class='ocr_line' id='line_1_7' title="bbox 225 878 1819 951; baseline 0 -16"><span class='ocrx_word' id='word_1_40' title='bbox 225 879 391 935; x_wconf 90' lang='lat' dir='ltr'><strong>nobis</strong></span> <span class='ocrx_word' id='word_1_41' title='bbox 438 878 863 933; x_wconf 81' lang='lat' dir='ltr'><strong>intercessorem</strong></span> <span class='ocrx_word' id='word_1_42' title='bbox 896 885 1207 950; x_wconf 83' lang='lat' dir='ltr'><strong>martyrem.</strong></span> <span class='ocrx_word' id='word_1_43' title='bbox 1261 878 1379 936; x_wconf 91' lang='lat' dir='ltr'><strong>lloc</strong></span> <span class='ocrx_word' id='word_1_44' title='bbox 1431 889 1661 951; x_wconf 89' lang='lat' dir='ltr'><strong>accepto</strong></span> <span class='ocrx_word' id='word_1_45' title='bbox 1715 880 1819 936; x_wconf 82' lang='lat' dir='ltr'><strong>sibi</strong></span> 
     </span>
    </p>
   </div>
   <div class='ocr_carea' id='block_1_8' title="bbox 226 964 1821 1041">
    <p class='ocr_par' dir='ltr' id='par_1_8' title="bbox 226 964 1821 1041">
     <span class='ocr_line' id='line_1_8' title="bbox 226 964 1821 1041; baseline 0.002 -19"><span class='ocrx_word' id='word_1_46' title='bbox 226 975 382 1041; x_wconf 89' lang='lat' dir='ltr'><strong>grato</strong></span> <span class='ocrx_word' id='word_1_47' title='bbox 427 966 625 1023; x_wconf 88' lang='lat' dir='ltr'><strong>nuntio</strong></span> <span class='ocrx_word' id='word_1_48' title='bbox 665 964 942 1038; x_wconf 83' lang='lat' dir='ltr'><strong>(Atticus),</strong></span> <span class='ocrx_word' id='word_1_49' title='bbox 997 967 1273 1038; x_wconf 80' lang='lat' dir='ltr'><strong>voluptate</strong></span> <span class='ocrx_word' id='word_1_50' title='bbox 1325 985 1533 1041; x_wconf 88' lang='lat' dir='ltr'><strong>augens</strong></span> <span class='ocrx_word' id='word_1_51' title='bbox 1574 970 1821 1040; x_wconf 86' lang='lat' dir='ltr'><strong>corporis</strong></span> 
     </span>
    </p>
   </div>
   <div class='ocr_carea' id='block_1_9' title="bbox 228 1059 1821 1136">
    <p class='ocr_par' dir='ltr' id='par_1_9' title="bbox 228 1059 1821 1136">
     <span class='ocr_line' id='line_1_9' title="bbox 228 1059 1821 1136; baseline 0.002 -20"><span class='ocrx_word' id='word_1_52' title='bbox 228 1061 625 1125; x_wconf 88' lang='lat' dir='ltr'><strong>tumiditatem,</strong></span> <span class='ocrx_word' id='word_1_53' title='bbox 658 1059 847 1115; x_wconf 91' lang='lat' dir='ltr'><strong>induta</strong></span> <span class='ocrx_word' id='word_1_54' title='bbox 880 1061 1231 1132; x_wconf 76' lang='lat' dir='ltr'><strong>benignitatis</strong></span> <span class='ocrx_word' id='word_1_55' title='bbox 1280 1062 1482 1136; x_wconf 77' lang='lat' dir='ltr'><strong>specie,</strong></span> <span class='ocrx_word' id='word_1_56' title='bbox 1526 1062 1693 1134; x_wconf 66' lang='lat' dir='ltr'><strong>cmpit</strong></span> <span class='ocrx_word' id='word_1_57' title='bbox 1723 1078 1821 1134; x_wconf 89' lang='lat' dir='ltr'><strong>per</strong></span> 
     </span>
    </p>
   </div>
   <div class='ocr_carea' id='block_1_10' title="bbox 225 1151 1819 1221">
    <p class='ocr_par' dir='ltr' id='par_1_10' title="bbox 225 1151 1819 1221">
     <span class='ocr_line' id='line_1_10' title="bbox 225 1151 1819 1221; baseline 0.003 -14"><span class='ocrx_word' id='word_1_58' title='bbox 225 1168 424 1208; x_wconf 87' lang='lat' dir='ltr'><strong>omnes</strong></span> <span class='ocrx_word' id='word_1_59' title='bbox 484 1167 839 1217; x_wconf 87' lang='lat' dir='ltr'><strong>concursare,</strong></span> <span class='ocrx_word' id='word_1_60' title='bbox 894 1151 1080 1208; x_wconf 89' lang='lat' dir='ltr'><strong>fovere</strong></span> <span class='ocrx_word' id='word_1_61' title='bbox 1138 1168 1204 1208; x_wconf 89' lang='lat' dir='ltr'><strong>ac</strong></span> <span class='ocrx_word' id='word_1_62' title='bbox 1256 1154 1489 1209; x_wconf 89' lang='lat' dir='ltr'><strong>delinire</strong></span> <span class='ocrx_word' id='word_1_63' title='bbox 1541 1170 1819 1221; x_wconf 85' lang='lat' dir='ltr'><strong>sermone,</strong></span> 
     </span>
    </p>
   </div>
   <div class='ocr_carea' id='block_1_11' title="bbox 225 1242 1822 1322">
    <p class='ocr_par' dir='ltr' id='par_1_11' title="bbox 225 1242 1822 1322">
     <span class='ocr_line' id='line_1_11' title="bbox 225 1242 1822 1322; baseline 0.007 -26"><span class='ocrx_word' id='word_1_64' title='bbox 225 1257 366 1312; x_wconf 89' lang='lat' dir='ltr'><strong>quos</strong></span> <span class='ocrx_word' id='word_1_65' title='bbox 392 1257 566 1312; x_wconf 90' lang='lat' dir='ltr'><strong>opere</strong></span> <span class='ocrx_word' id='word_1_66' title='bbox 595 1242 895 1297; x_wconf 89' lang='lat' dir='ltr'><strong>laniaverat</strong></span> <span class='ocrx_word' id='word_1_67' title='bbox 920 1260 934 1309; x_wconf 89' lang='lat'>;</span> <span class='ocrx_word' id='word_1_68' title='bbox 989 1246 1277 1315; x_wconf 86' lang='lat' dir='ltr'><strong>pecuniam</strong></span> <span class='ocrx_word' id='word_1_69' title='bbox 1324 1247 1699 1322; x_wconf 76' lang='lat' dir='ltr'><strong>indigentibus</strong></span> <span class='ocrx_word' id='word_1_70' title='bbox 1726 1260 1822 1307; x_wconf 86' lang='lat' dir='ltr'><strong>aut</strong></span> 
     </span>
    </p>
   </div>
   <div class='ocr_carea' id='block_1_12' title="bbox 228 1333 1818 1414">
    <p class='ocr_par' dir='ltr' id='par_1_12' title="bbox 228 1333 1818 1414">
     <span class='ocr_line' id='line_1_12' title="bbox 228 1333 1818 1414; baseline 0.008 -29"><span class='ocrx_word' id='word_1_71' title='bbox 228 1333 591 1403; x_wconf 87' lang='lat' dir='ltr'><strong>poscentibus</strong></span> <span class='ocrx_word' id='word_1_72' title='bbox 614 1333 763 1394; x_wconf 88' lang='lat' dir='ltr'><strong>dare.</strong></span> <span class='ocrx_word' id='word_1_73' title='bbox 795 1336 1025 1406; x_wconf 82' lang='lat' dir='ltr'><strong>genibus</strong></span> <span class='ocrx_word' id='word_1_74' title='bbox 1046 1353 1235 1393; x_wconf 90' lang='lat' dir='ltr'><strong>eorum</strong></span> <span class='ocrx_word' id='word_1_75' title='bbox 1261 1341 1476 1396; x_wconf 86' lang='lat' dir='ltr'><strong>advolvi</strong></span> <span class='ocrx_word' id='word_1_76' title='bbox 1504 1358 1569 1398; x_wconf 91' lang='lat' dir='ltr'><strong>ac</strong></span> <span class='ocrx_word' id='word_1_77' title='bbox 1607 1342 1818 1414; x_wconf 76' lang='lat' dir='ltr'><strong>suppli-</strong></span> 
     </span>
    </p>
   </div>
   <div class='ocr_carea' id='block_1_13' title="bbox 228 1427 1815 1505">
    <p class='ocr_par' dir='ltr' id='par_1_13' title="bbox 228 1427 1815 1505">
     <span class='ocr_line' id='line_1_13' title="bbox 228 1427 1815 1505; baseline 0.006 -24"><span class='ocrx_word' id='word_1_78' title='bbox 228 1442 377 1493; x_wconf 85' lang='lat' dir='ltr'><strong>care,</strong></span> <span class='ocrx_word' id='word_1_79' title='bbox 409 1427 611 1498; x_wconf 87' lang='lat' dir='ltr'><strong>quibus</strong></span> <span class='ocrx_word' id='word_1_80' title='bbox 637 1428 775 1483; x_wconf 88' lang='lat' dir='ltr'><strong>nihil</strong></span> <span class='ocrx_word' id='word_1_81' title='bbox 805 1429 952 1485; x_wconf 86' lang='lat' dir='ltr'><strong>aliud</strong></span> <span class='ocrx_word' id='word_1_82' title='bbox 980 1431 1228 1501; x_wconf 69' lang='lat' dir='ltr'><strong>praebere</strong></span> <span class='ocrx_word' id='word_1_83' title='bbox 1257 1448 1317 1489; x_wconf 90' lang='lat' dir='ltr'><strong>se</strong></span> <span class='ocrx_word' id='word_1_84' title='bbox 1345 1449 1506 1505; x_wconf 86' lang='lat' dir='ltr'><strong>posse</strong></span> <span class='ocrx_word' id='word_1_85' title='bbox 1537 1435 1815 1500; x_wconf 89' lang='lat' dir='ltr'><strong>credebat,</strong></span> 
     </span>
    </p>
   </div>
   <div class='ocr_carea' id='block_1_14' title="bbox 231 1519 1823 1588">
    <p class='ocr_par' dir='ltr' id='par_1_14' title="bbox 231 1519 1823 1588">
     <span class='ocr_line' id='line_1_14' title="bbox 231 1519 1823 1588; baseline 0.006 -18"><span class='ocrx_word' id='word_1_86' title='bbox 231 1529 434 1587; x_wconf 80' lang='lat' dir='ltr'><strong>rogans</strong></span> <span class='ocrx_word' id='word_1_87' title='bbox 461 1531 662 1586; x_wconf 84' lang='lat' dir='ltr'><strong>nempe</strong></span> <span class='ocrx_word' id='word_1_88' title='bbox 716 1525 776 1571; x_wconf 91' lang='lat' dir='ltr'><strong>ut</strong></span> <span class='ocrx_word' id='word_1_89' title='bbox 811 1519 1021 1588; x_wconf 88' lang='lat' dir='ltr'><strong>justum</strong></span> <span class='ocrx_word' id='word_1_90' title='bbox 1055 1519 1318 1576; x_wconf 87' lang='lat' dir='ltr'><strong>adversus</strong></span> <span class='ocrx_word' id='word_1_91' title='bbox 1357 1537 1417 1578; x_wconf 90' lang='lat' dir='ltr'><strong>se</strong></span> <span class='ocrx_word' id='word_1_92' title='bbox 1445 1524 1632 1579; x_wconf 89' lang='lat' dir='ltr'><strong>odium</strong></span> <span class='ocrx_word' id='word_1_93' title='bbox 1664 1525 1823 1581; x_wconf 82' lang='lat' dir='ltr'><strong>omit-</strong></span> 
     </span>
    </p>
   </div>
   <div class='ocr_carea' id='block_1_15' title="bbox 232 1605 1472 1676">
    <p class='ocr_par' dir='ltr' id='par_1_15' title="bbox 232 1605 1472 1676">
     <span class='ocr_line' id='line_1_15' title="bbox 232 1605 1472 1676; baseline 0.009 -18"><span class='ocrx_word' id='word_1_94' title='bbox 232 1612 437 1666; x_wconf 84' lang='lat' dir='ltr'><strong>terent,</strong></span> <span class='ocrx_word' id='word_1_95' title='bbox 469 1613 526 1661; x_wconf 92' lang='lat' dir='ltr'><strong>et</strong></span> <span class='ocrx_word' id='word_1_96' title='bbox 551 1605 734 1676; x_wconf 89' lang='lat' dir='ltr'><strong>iniqua</strong></span> <span class='ocrx_word' id='word_1_97' title='bbox 764 1622 952 1663; x_wconf 88' lang='lat' dir='ltr'><strong>secum</strong></span> <span class='ocrx_word' id='word_1_98' title='bbox 979 1609 1214 1665; x_wconf 81' lang='lat' dir='ltr'><strong>amicitia</strong></span> <span class='ocrx_word' id='word_1_99' title='bbox 1242 1612 1472 1669; x_wconf 86' lang='lat' dir='ltr'><strong>coirent.</strong></span> 
     </span>
    </p>
   </div>
   <div class='ocr_carea' id='block_1_16' title="bbox 305 1696 1823 1779">
    <p class='ocr_par' dir='ltr' id='par_1_16' title="bbox 305 1696 1823 1779">
     <span class='ocr_line' id='line_1_16' title="bbox 305 1696 1823 1779; baseline 0.008 -29"><span class='ocrx_word' id='word_1_100' title='bbox 305 1696 360 1751; x_wconf 82' lang='lat'><strong>5.</strong></span> <span class='ocrx_word' id='word_1_101' title='bbox 389 1697 505 1770; x_wconf 85' lang='lat' dir='ltr'><strong>Ego</strong></span> <span class='ocrx_word' id='word_1_102' title='bbox 538 1714 666 1755; x_wconf 82' lang='lat' dir='ltr'><strong>vero</strong></span> <span class='ocrx_word' id='word_1_103' title='bbox 692 1700 870 1771; x_wconf 88' lang='lat' dir='ltr'><strong>ipsum</strong></span> <span class='ocrx_word' id='word_1_104' title='bbox 897 1703 979 1757; x_wconf 90' lang='lat' dir='ltr'><strong>sic</strong></span> <span class='ocrx_word' id='word_1_105' title='bbox 1024 1702 1259 1759; x_wconf 88' lang='lat' dir='ltr'><strong>libenter</strong></span> <span class='ocrx_word' id='word_1_106' title='bbox 1295 1704 1601 1776; x_wconf 86' lang='lat' dir='ltr'><strong>alloquerer</strong></span> <span class='ocrx_word' id='word_1_107' title='bbox 1635 1726 1646 1759; x_wconf 77' lang='grc' dir='ltr'><strong>ε</strong></span> <span class='ocrx_word' id='word_1_108' title='bbox 1675 1707 1719 1760; x_wconf 84' lang='grc'><strong>0</strong></span> <span class='ocrx_word' id='word_1_109' title='bbox 1743 1715 1823 1779; x_wconf 86' lang='lat' dir='ltr'><strong>ty—</strong></span> 
     </span>
    </p>
   </div>
   <div class='ocr_carea' id='block_1_17' title="bbox 233 1792 1816 1872">
    <p class='ocr_par' dir='ltr' id='par_1_17' title="bbox 233 1792 1816 1872">
     <span class='ocr_line' id='line_1_17' title="bbox 233 1792 1816 1872; baseline 0.007 -29"><span class='ocrx_word' id='word_1_110' title='bbox 233 1805 432 1855; x_wconf 88' lang='lat' dir='ltr'><strong>ranne,</strong></span> <span class='ocrx_word' id='word_1_111' title='bbox 457 1792 660 1847; x_wconf 86' lang='lat' dir='ltr'><strong>videris</strong></span> <span class='ocrx_word' id='word_1_112' title='bbox 687 1794 833 1849; x_wconf 89' lang='lat' dir='ltr'><strong>enim</strong></span> <span class='ocrx_word' id='word_1_113' title='bbox 888 1795 1061 1861; x_wconf 89' lang='lat' dir='ltr'><strong>mihi,</strong></span> <span class='ocrx_word' id='word_1_114' title='bbox 1122 1806 1348 1869; x_wconf 89' lang='lat' dir='ltr'><strong>propter</strong></span> <span class='ocrx_word' id='word_1_115' title='bbox 1397 1814 1457 1854; x_wconf 84' lang='lat' dir='ltr'><strong>es</strong></span> <span class='ocrx_word' id='word_1_116' title='bbox 1521 1815 1639 1870; x_wconf 75' lang='lat' dir='ltr'><strong>qua:</strong></span> <span class='ocrx_word' id='word_1_117' title='bbox 1686 1801 1816 1872; x_wconf 84' lang='lat' dir='ltr'><strong>agis,</strong></span> 
     </span>
    </p>
   </div>
   <div class='ocr_carea' id='block_1_18' title="bbox 235 1883 1821 1969">
    <p class='ocr_par' dir='ltr' id='par_1_18' title="bbox 235 1883 1821 1969">
     <span class='ocr_line' id='line_1_18' title="bbox 235 1883 1821 1969; baseline 0.008 -32"><span class='ocrx_word' id='word_1_118' title='bbox 235 1883 341 1938; x_wconf 90' lang='lat' dir='ltr'><strong>hac</strong></span> <span class='ocrx_word' id='word_1_119' title='bbox 395 1884 763 1953; x_wconf 79' lang='lat' dir='ltr'><strong>appellatione</strong></span> <span class='ocrx_word' id='word_1_120' title='bbox 809 1888 1064 1958; x_wconf 86' lang='lat' dir='ltr'><strong>gaudere,</strong></span> <span class='ocrx_word' id='word_1_121' title='bbox 1105 1904 1212 1969; x_wconf 85' lang='lat' dir='ltr'><strong>qua</strong></span> <span class='ocrx_word' id='word_1_122' title='bbox 1265 1892 1545 1948; x_wconf 91' lang='lat' dir='ltr'><strong>oculorum</strong></span> <span class='ocrx_word' id='word_1_123' title='bbox 1597 1894 1821 1950; x_wconf 86' lang='lat' dir='ltr'><strong>audacia</strong></span> 
     </span>
    </p>
   </div>
   <div class='ocr_carea' id='block_1_19' title="bbox 234 1971 1823 2058">
    <p class='ocr_par' dir='ltr' id='par_1_19' title="bbox 234 1971 1823 2058">
     <span class='ocr_line' id='line_1_19' title="bbox 234 1971 1823 2058; baseline 0.009 -29"><span class='ocrx_word' id='word_1_124' title='bbox 234 1974 569 2031; x_wconf 83' lang='lat' dir='ltr'><strong>medicinam</strong></span> <span class='ocrx_word' id='word_1_125' title='bbox 599 1977 759 2034; x_wconf 65' lang='lat' dir='ltr'><strong>affers</strong></span> <span class='ocrx_word' id='word_1_126' title='bbox 787 1971 1103 2058; x_wconf 72' lang='lat' dir='ltr'><strong>vulneribus</strong></span> <span class='ocrx_word' id='word_1_127' title='bbox 1148 1999 1269 2054; x_wconf 80' lang='lat' dir='ltr'><strong>quae</strong></span> <span class='ocrx_word' id='word_1_128' title='bbox 1304 1986 1423 2057; x_wconf 90' lang='lat' dir='ltr'><strong>ipse</strong></span> <span class='ocrx_word' id='word_1_129' title='bbox 1462 1984 1687 2042; x_wconf 84' lang='lat' dir='ltr'><strong>fecisti?</strong></span> <span class='ocrx_word' id='word_1_130' title='bbox 1737 1988 1823 2043; x_wconf 89' lang='lat' dir='ltr'><strong>vel</strong></span> 
     </span>
    </p>
   </div>
   <div class='ocr_carea' id='block_1_20' title="bbox 234 2069 1822 2143">
    <p class='ocr_par' dir='ltr' id='par_1_20' title="bbox 234 2069 1822 2143">
     <span class='ocr_line' id='line_1_20' title="bbox 234 2069 1822 2143; baseline 0.009 -22"><span class='ocrx_word' id='word_1_131' title='bbox 234 2069 511 2136; x_wconf 88' lang='lat' dir='ltr'><strong>quomodo</strong></span> <span class='ocrx_word' id='word_1_132' title='bbox 563 2085 667 2141; x_wconf 90' lang='lat' dir='ltr'><strong>pro</strong></span> <span class='ocrx_word' id='word_1_133' title='bbox 721 2079 818 2127; x_wconf 92' lang='lat' dir='ltr'><strong>tuo</strong></span> <span class='ocrx_word' id='word_1_134' title='bbox 862 2074 1114 2131; x_wconf 89' lang='lat' dir='ltr'><strong>adulandi</strong></span> <span class='ocrx_word' id='word_1_135' title='bbox 1168 2093 1340 2143; x_wconf 90' lang='lat' dir='ltr'><strong>more,</strong></span> <span class='ocrx_word' id='word_1_136' title='bbox 1403 2077 1607 2134; x_wconf 90' lang='lat' dir='ltr'><strong>idcirco</strong></span> <span class='ocrx_word' id='word_1_137' title='bbox 1661 2090 1822 2135; x_wconf 88' lang='lat' dir='ltr'><strong>antea</strong></span> 
     </span>
    </p>
   </div>
   <div class='ocr_carea' id='block_1_21' title="bbox 237 2159 1823 2240">
    <p class='ocr_par' dir='ltr' id='par_1_21' title="bbox 237 2159 1823 2240">
     <span class='ocr_line' id='line_1_21' title="bbox 237 2159 1823 2240; baseline 0.008 -27"><span class='ocrx_word' id='word_1_138' title='bbox 237 2159 480 2230; x_wconf 90' lang='lat' dir='ltr'><strong>injurius</strong></span> <span class='ocrx_word' id='word_1_139' title='bbox 536 2161 711 2228; x_wconf 91' lang='lat' dir='ltr'><strong>fuisti,</strong></span> <span class='ocrx_word' id='word_1_140' title='bbox 763 2172 826 2218; x_wconf 92' lang='lat' dir='ltr'><strong>ut</strong></span> <span class='ocrx_word' id='word_1_141' title='bbox 870 2164 1068 2222; x_wconf 90' lang='lat' dir='ltr'><strong>deinde</strong></span> <span class='ocrx_word' id='word_1_142' title='bbox 1119 2168 1352 2224; x_wconf 88' lang='lat' dir='ltr'><strong>haberes</strong></span> <span class='ocrx_word' id='word_1_143' title='bbox 1390 2169 1447 2224; x_wconf 86' lang='lat' dir='ltr'><strong>in</strong></span> <span class='ocrx_word' id='word_1_144' title='bbox 1492 2184 1602 2240; x_wconf 90' lang='lat' dir='ltr'><strong>quo</strong></span> <span class='ocrx_word' id='word_1_145' title='bbox 1650 2179 1823 2225; x_wconf 83' lang='lat' dir='ltr'><strong>artem</strong></span> 
     </span>
    </p>
   </div>
   <div class='ocr_carea' id='block_1_22' title="bbox 236 2253 1824 2330">
    <p class='ocr_par' dir='ltr' id='par_1_22' title="bbox 236 2253 1824 2330">
     <span class='ocr_line' id='line_1_22' title="bbox 236 2253 1824 2330; baseline 0.007 -25"><span class='ocrx_word' id='word_1_146' title='bbox 236 2259 385 2305; x_wconf 90' lang='lat' dir='ltr'><strong>tuam</strong></span> <span class='ocrx_word' id='word_1_147' title='bbox 408 2253 744 2308; x_wconf 79' lang='lat' dir='ltr'><strong>exerceres?</strong></span> <span class='ocrx_word' id='word_1_148' title='bbox 773 2255 917 2311; x_wconf 88' lang='lat' dir='ltr'><strong>haud</strong></span> <span class='ocrx_word' id='word_1_149' title='bbox 946 2257 1104 2312; x_wconf 87' lang='lat' dir='ltr'><strong>aliter</strong></span> <span class='ocrx_word' id='word_1_150' title='bbox 1133 2274 1296 2328; x_wconf 89' lang='lat' dir='ltr'><strong>quam</strong></span> <span class='ocrx_word' id='word_1_151' title='bbox 1340 2260 1393 2314; x_wconf 82' lang='lat' dir='ltr'><strong>si</strong></span> <span class='ocrx_word' id='word_1_152' title='bbox 1422 2260 1547 2330; x_wconf 90' lang='lat' dir='ltr'><strong>quis</strong></span> <span class='ocrx_word' id='word_1_153' title='bbox 1576 2261 1824 2316; x_wconf 90' lang='lat' dir='ltr'><strong>medicus</strong></span> 
     </span>
    </p>
   </div>
   <div class='ocr_carea' id='block_1_23' title="bbox 237 2342 1821 2424">
    <p class='ocr_par' dir='ltr' id='par_1_23' title="bbox 237 2342 1821 2424">
     <span class='ocr_line' id='line_1_23' title="bbox 237 2342 1821 2424; baseline 0.007 -28"><span class='ocrx_word' id='word_1_154' title='bbox 237 2342 603 2413; x_wconf 86' lang='lat' dir='ltr'><strong>plurimarum</strong></span> <span class='ocrx_word' id='word_1_155' title='bbox 637 2346 934 2403; x_wconf 86' lang='lat' dir='ltr'><strong>herbarum</strong></span> <span class='ocrx_word' id='word_1_156' title='bbox 963 2349 1317 2419; x_wconf 88' lang='lat' dir='ltr'><strong>emplastrum</strong></span> <span class='ocrx_word' id='word_1_157' title='bbox 1347 2351 1568 2407; x_wconf 89' lang='lat' dir='ltr'><strong>sinistra</strong></span> <span class='ocrx_word' id='word_1_158' title='bbox 1599 2368 1821 2424; x_wconf 78' lang='lat' dir='ltr'><strong>gerens,</strong></span> 
     </span>
    </p>
   </div>
   <div class='ocr_carea' id='block_1_24' title="bbox 238 2434 1821 2514">
    <p class='ocr_par' dir='ltr' id='par_1_24' title="bbox 238 2434 1821 2514">
     <span class='ocr_line' id='line_1_24' title="bbox 238 2434 1821 2514; baseline 0.008 -27"><span class='ocrx_word' id='word_1_159' title='bbox 238 2434 465 2489; x_wconf 81' lang='lat' dir='ltr'><strong>dextera</strong></span> <span class='ocrx_word' id='word_1_160' title='bbox 499 2435 723 2492; x_wconf 85' lang='lat' dir='ltr'><strong>interim</strong></span> <span class='ocrx_word' id='word_1_161' title='bbox 783 2453 947 2493; x_wconf 89' lang='lat' dir='ltr'><strong>manu</strong></span> <span class='ocrx_word' id='word_1_162' title='bbox 980 2440 1260 2496; x_wconf 89' lang='lat' dir='ltr'><strong>hominem</strong></span> <span class='ocrx_word' id='word_1_163' title='bbox 1308 2443 1457 2498; x_wconf 90' lang='lat' dir='ltr'><strong>clava</strong></span> <span class='ocrx_word' id='word_1_164' title='bbox 1493 2453 1821 2514; x_wconf 87' lang='lat' dir='ltr'><strong>percuteret,</strong></span> 
     </span>
    </p>
   </div>
   <div class='ocr_carea' id='block_1_25' title="bbox 238 2524 1823 2601">
    <p class='ocr_par' dir='ltr' id='par_1_25' title="bbox 238 2524 1823 2601">
     <span class='ocr_line' id='line_1_25' title="bbox 238 2524 1823 2601; baseline 0.007 -22"><span class='ocrx_word' id='word_1_165' title='bbox 238 2524 601 2596; x_wconf 86' lang='lat' dir='ltr'><strong>diceretque:</strong></span> <span class='ocrx_word' id='word_1_166' title='bbox 650 2526 805 2583; x_wconf 92' lang='lat' dir='ltr'><strong>Bono</strong></span> <span class='ocrx_word' id='word_1_167' title='bbox 838 2530 1022 2585; x_wconf 80' lang='lat' dir='ltr'><strong>animo</strong></span> <span class='ocrx_word' id='word_1_168' title='bbox 1071 2540 1217 2597; x_wconf 88' lang='lat' dir='ltr'><strong>esto,</strong></span> <span class='ocrx_word' id='word_1_169' title='bbox 1276 2533 1636 2601; x_wconf 85' lang='lat' dir='ltr'><strong>charissime;</strong></span> <span class='ocrx_word' id='word_1_170' title='bbox 1695 2550 1823 2590; x_wconf 86' lang='lat' dir='ltr'><strong>nam</strong></span> 
     </span>
    </p>
   </div>
   <div class='ocr_carea' id='block_1_26' title="bbox 242 2617 1825 2691">
    <p class='ocr_par' dir='ltr' id='par_1_26' title="bbox 242 2617 1825 2691">
     <span class='ocr_line' id='line_1_26' title="bbox 242 2617 1825 2691; baseline 0.007 -20"><span class='ocrx_word' id='word_1_171' title='bbox 242 2617 455 2673; x_wconf 90' lang='lat' dir='ltr'><strong>medela</strong></span> <span class='ocrx_word' id='word_1_172' title='bbox 485 2619 619 2673; x_wconf 91' lang='lat' dir='ltr'><strong>mihi</strong></span> <span class='ocrx_word' id='word_1_173' title='bbox 646 2619 700 2675; x_wconf 91' lang='lat' dir='ltr'><strong>in</strong></span> <span class='ocrx_word' id='word_1_174' title='bbox 730 2623 987 2677; x_wconf 86' lang='lat' dir='ltr'><strong>manibus</strong></span> <span class='ocrx_word' id='word_1_175' title='bbox 1015 2630 1120 2678; x_wconf 89' lang='lat' dir='ltr'><strong>est.</strong></span> <span class='ocrx_word' id='word_1_176' title='bbox 1152 2623 1218 2678; x_wconf 83' lang='lat' dir='ltr'><strong>At</strong></span> <span class='ocrx_word' id='word_1_177' title='bbox 1249 2625 1416 2691; x_wconf 89' lang='lat' dir='ltr'><strong>enim,</strong></span> <span class='ocrx_word' id='word_1_178' title='bbox 1460 2633 1608 2681; x_wconf 89' lang='lat' dir='ltr'><strong>recte</strong></span> <span class='ocrx_word' id='word_1_179' title='bbox 1639 2627 1825 2682; x_wconf 61' lang='lat' dir='ltr'><strong>admoo</strong></span> 
     </span>
    </p>
   </div>
   <div class='ocr_carea' id='block_1_27' title="bbox 241 2712 1825 2787">
    <p class='ocr_par' dir='ltr' id='par_1_27' title="bbox 241 2712 1825 2787">
     <span class='ocr_line' id='line_1_27' title="bbox 241 2712 1825 2787; baseline 0.008 -22"><span class='ocrx_word' id='word_1_180' title='bbox 241 2712 368 2766; x_wconf 90' lang='lat' dir='ltr'><strong>dum</strong></span> <span class='ocrx_word' id='word_1_181' title='bbox 403 2712 497 2767; x_wconf 90' lang='lat' dir='ltr'><strong>ille</strong></span> <span class='ocrx_word' id='word_1_182' title='bbox 527 2714 885 2784; x_wconf 88' lang='lat' dir='ltr'><strong>responderet</strong></span> <span class='ocrx_word' id='word_1_183' title='bbox 909 2735 922 2770; x_wconf 94' lang='lat'><strong>:</strong></span> <span class='ocrx_word' id='word_1_184' title='bbox 946 2715 993 2771; x_wconf 92' lang='grc' dir='ltr'><strong>Ο</strong></span> <span class='ocrx_word' id='word_1_185' title='bbox 1022 2719 1278 2787; x_wconf 78' lang='lat' dir='ltr'><strong>pessime,</strong></span> <span class='ocrx_word' id='word_1_186' title='bbox 1310 2734 1409 2774; x_wconf 93' lang='lat' dir='ltr'><strong>cur</strong></span> <span class='ocrx_word' id='word_1_187' title='bbox 1434 2721 1572 2775; x_wconf 90' lang='lat' dir='ltr'><strong>mihi</strong></span> <span class='ocrx_word' id='word_1_188' title='bbox 1598 2721 1825 2777; x_wconf 62' lang='lat' dir='ltr'><strong>medelaa</strong></span> 
     </span>
    </p>
   </div>
   <div class='ocr_carea' id='block_1_28' title="bbox 242 2805 1826 2878">
    <p class='ocr_par' dir='ltr' id='par_1_28' title="bbox 242 2805 1826 2878">
     <span class='ocr_line' id='line_1_28' title="bbox 242 2805 1826 2878; baseline 0.006 -21"><span class='ocrx_word' id='word_1_189' title='bbox 242 2805 627 2860; x_wconf 82' lang='lat' dir='ltr'><strong>necessitatem</strong></span> <span class='ocrx_word' id='word_1_190' title='bbox 655 2806 942 2878; x_wconf 83' lang='lat' dir='ltr'><strong>imponis?</strong></span> <span class='ocrx_word' id='word_1_191' title='bbox 973 2807 1083 2864; x_wconf 87' lang='lat' dir='ltr'><strong>Cur</strong></span> <span class='ocrx_word' id='word_1_192' title='bbox 1109 2820 1290 2865; x_wconf 90' lang='lat' dir='ltr'><strong>autem</strong></span> <span class='ocrx_word' id='word_1_193' title='bbox 1332 2811 1427 2867; x_wconf 89' lang='lat' dir='ltr'><strong>tibi</strong></span> <span class='ocrx_word' id='word_1_194' title='bbox 1466 2812 1664 2866; x_wconf 91' lang='lat' dir='ltr'><strong>inﬁrmi</strong></span> <span class='ocrx_word' id='word_1_195' title='bbox 1702 2828 1826 2868; x_wconf 91' lang='lat' dir='ltr'><strong>cor-</strong></span> 
     </span>
    </p>
   </div>
   <div class='ocr_carea' id='block_1_29' title="bbox 246 2896 1823 2971">
    <p class='ocr_par' dir='ltr' id='par_1_29' title="bbox 246 2896 1823 2971">
     <span class='ocr_line' id='line_1_29' title="bbox 246 2896 1823 2971; baseline 0.004 -21"><span class='ocrx_word' id='word_1_196' title='bbox 246 2896 390 2965; x_wconf 86' lang='lat' dir='ltr'><strong>poris</strong></span> <span class='ocrx_word' id='word_1_197' title='bbox 416 2911 605 2951; x_wconf 86' lang='lat' dir='ltr'><strong>curam</strong></span> <span class='ocrx_word' id='word_1_198' title='bbox 636 2901 993 2964; x_wconf 90' lang='lat' dir='ltr'><strong>committam,</strong></span> <span class='ocrx_word' id='word_1_199' title='bbox 1022 2902 1115 2971; x_wconf 86' lang='lat' dir='ltr'><strong>qui</strong></span> <span class='ocrx_word' id='word_1_200' title='bbox 1141 2917 1334 2957; x_wconf 89' lang='lat' dir='ltr'><strong>sanum</strong></span> <span class='ocrx_word' id='word_1_201' title='bbox 1362 2919 1485 2956; x_wconf 88' lang='lat' dir='ltr'><strong>cum</strong></span> <span class='ocrx_word' id='word_1_202' title='bbox 1524 2904 1823 2968; x_wconf 84' lang='lat' dir='ltr'><strong>inveneris,</strong></span> 
     </span>
    </p>
   </div>
   <div class='ocr_carea' id='block_1_30' title="bbox 247 2981 1825 3064">
    <p class='ocr_par' dir='ltr' id='par_1_30' title="bbox 247 2981 1825 3064">
     <span class='ocr_line' id='line_1_30' title="bbox 247 2981 1825 3064; baseline 0.003 -22"><span class='ocrx_word' id='word_1_203' title='bbox 247 2995 351 3043; x_wconf 86' lang='lat' dir='ltr'><strong>tam</strong></span> <span class='ocrx_word' id='word_1_204' title='bbox 381 2990 525 3044; x_wconf 88' lang='lat' dir='ltr'><strong>male</strong></span> <span class='ocrx_word' id='word_1_205' title='bbox 557 2991 787 3046; x_wconf 71' lang='lat' dir='ltr'><strong>aﬁ‘ecisti</strong></span> <span class='ocrx_word' id='word_1_206' title='bbox 808 2992 832 3045; x_wconf 87' lang='lat'><strong>?</strong></span> <span class='ocrx_word' id='word_1_207' title='bbox 854 2993 986 3047; x_wconf 85' lang='lat' dir='ltr'><strong>Mihi</strong></span> <span class='ocrx_word' id='word_1_208' title='bbox 1014 3008 1144 3064; x_wconf 89' lang='lat' dir='ltr'><strong>ergo</strong></span> <span class='ocrx_word' id='word_1_209' title='bbox 1167 2981 1526 3049; x_wconf 25' lang='lat' dir='ltr'><strong>videntur&#39;illi</strong></span> <span class='ocrx_word' id='word_1_210' title='bbox 1555 2996 1825 3061; x_wconf 89' lang='lat' dir='ltr'><strong>homines,</strong></span> 
     </span>
    </p>
   </div>
   <div class='ocr_carea' id='block_1_31' title="bbox 248 3081 1830 3152">
    <p class='ocr_par' dir='ltr' id='par_1_31' title="bbox 248 3081 1830 3152">
     <span class='ocr_line' id='line_1_31' title="bbox 248 3081 1830 3152; baseline 0.005 -18"><span class='ocrx_word' id='word_1_211' title='bbox 248 3081 335 3150; x_wconf 90' lang='lat' dir='ltr'><strong>qui</strong></span> <span class='ocrx_word' id='word_1_212' title='bbox 361 3091 591 3152; x_wconf 90' lang='lat' dir='ltr'><strong>propter</strong></span> <span class='ocrx_word' id='word_1_213' title='bbox 651 3083 793 3139; x_wconf 88' lang='lat' dir='ltr'><strong>beati</strong></span> <span class='ocrx_word' id='word_1_214' title='bbox 832 3085 937 3140; x_wconf 91' lang='lat' dir='ltr'><strong>viri</strong></span> <span class='ocrx_word' id='word_1_215' title='bbox 967 3086 1175 3141; x_wconf 90' lang='lat' dir='ltr'><strong>obitum</strong></span> <span class='ocrx_word' id='word_1_216' title='bbox 1229 3087 1295 3141; x_wconf 89' lang='lat' dir='ltr'><strong>ad</strong></span> <span class='ocrx_word' id='word_1_217' title='bbox 1352 3088 1542 3141; x_wconf 90' lang='lat' dir='ltr'><strong>horum</strong></span> <span class='ocrx_word' id='word_1_218' title='bbox 1581 3103 1830 3142; x_wconf 85' lang='lat' dir='ltr'><strong>commu-</strong></span> 
     </span>
    </p>
   </div>
   <div class='ocr_carea' id='block_1_32' title="bbox 247 3173 1832 3251">
    <p class='ocr_par' dir='ltr' id='par_1_32' title="bbox 247 3173 1832 3251">
     <span class='ocr_line' id='line_1_32' title="bbox 247 3173 1832 3251; baseline 0.004 -23"><span class='ocrx_word' id='word_1_219' title='bbox 247 3173 467 3229; x_wconf 89' lang='lat' dir='ltr'><strong>nionem</strong></span> <span class='ocrx_word' id='word_1_220' title='bbox 494 3176 781 3240; x_wconf 85' lang='lat' dir='ltr'><strong>accedunt,</strong></span> <span class='ocrx_word' id='word_1_221' title='bbox 823 3186 877 3232; x_wconf 93' lang='lat' dir='ltr'><strong>et</strong></span> <span class='ocrx_word' id='word_1_222' title='bbox 915 3193 1010 3233; x_wconf 89' lang='lat' dir='ltr'><strong>eos</strong></span> <span class='ocrx_word' id='word_1_223' title='bbox 1053 3179 1262 3249; x_wconf 84' lang='lat' dir='ltr'><strong>pridem</strong></span> <span class='ocrx_word' id='word_1_224' title='bbox 1300 3180 1368 3235; x_wconf 91' lang='lat' dir='ltr'><strong>ad</strong></span> <span class='ocrx_word' id='word_1_225' title='bbox 1420 3181 1621 3235; x_wconf 82' lang='lat' dir='ltr'><strong>caedem</strong></span> <span class='ocrx_word' id='word_1_226' title='bbox 1655 3180 1832 3251; x_wconf 86' lang='lat' dir='ltr'><strong>impu-</strong></span> 
     </span>
    </p>
   </div>
   <div class='ocr_carea' id='block_1_33' title="bbox 248 3265 1830 3343">
    <p class='ocr_par' dir='ltr' id='par_1_33' title="bbox 248 3265 1830 3343">
     <span class='ocr_line' id='line_1_33' title="bbox 248 3265 1830 3343; baseline 0.005 -24"><span class='ocrx_word' id='word_1_227' title='bbox 248 3265 394 3329; x_wconf 89' lang='lat' dir='ltr'><strong>lisse,</strong></span> <span class='ocrx_word' id='word_1_228' title='bbox 430 3274 599 3336; x_wconf 86' lang='lat' dir='ltr'><strong>atque</strong></span> <span class='ocrx_word' id='word_1_229' title='bbox 626 3268 682 3323; x_wconf 89' lang='lat' dir='ltr'><strong>id</strong></span> <span class='ocrx_word' id='word_1_230' title='bbox 729 3280 975 3338; x_wconf 89' lang='lat' dir='ltr'><strong>posteros</strong></span> <span class='ocrx_word' id='word_1_231' title='bbox 1024 3287 1216 3327; x_wconf 91' lang='lat' dir='ltr'><strong>omnes</strong></span> <span class='ocrx_word' id='word_1_232' title='bbox 1269 3272 1487 3336; x_wconf 89' lang='lat' dir='ltr'><strong>docere,</strong></span> <span class='ocrx_word' id='word_1_233' title='bbox 1527 3272 1830 3343; x_wconf 80' lang='lat' dir='ltr'><strong>cujusmodi</strong></span> 
     </span>
    </p>
   </div>
   <div class='ocr_carea' id='block_1_34' title="bbox 250 3357 1832 3430">
    <p class='ocr_par' dir='ltr' id='par_1_34' title="bbox 250 3357 1832 3430">
     <span class='ocr_line' id='line_1_34' title="bbox 250 3357 1832 3430; baseline 0.004 -19"><span class='ocrx_word' id='word_1_234' title='bbox 250 3357 305 3411; x_wconf 92' lang='lat' dir='ltr'><strong>in</strong></span> <span class='ocrx_word' id='word_1_235' title='bbox 337 3357 443 3414; x_wconf 89' lang='lat' dir='ltr'><strong>hac</strong></span> <span class='ocrx_word' id='word_1_236' title='bbox 471 3358 579 3413; x_wconf 90' lang='lat' dir='ltr'><strong>vita</strong></span> <span class='ocrx_word' id='word_1_237' title='bbox 606 3359 807 3415; x_wconf 90' lang='lat' dir='ltr'><strong>multos</strong></span> <span class='ocrx_word' id='word_1_238' title='bbox 857 3362 1123 3418; x_wconf 79' lang='lat' dir='ltr'><strong>exsistere</strong></span> <span class='ocrx_word' id='word_1_239' title='bbox 1162 3362 1319 3418; x_wconf 80' lang='lat' dir='ltr'><strong>facile</strong></span> <span class='ocrx_word' id='word_1_240' title='bbox 1352 3363 1568 3430; x_wconf 90' lang='lat' dir='ltr'><strong>accidit,</strong></span> <span class='ocrx_word' id='word_1_241' title='bbox 1601 3372 1664 3419; x_wconf 90' lang='lat' dir='ltr'><strong>ut</strong></span> <span class='ocrx_word' id='word_1_242' title='bbox 1708 3378 1832 3418; x_wconf 91' lang='lat' dir='ltr'><strong>cum</strong></span> 
     </span>
    </p>
   </div>
   <div class='ocr_carea' id='block_1_35' title="bbox 249 3447 1833 3524">
    <p class='ocr_par' dir='ltr' id='par_1_35' title="bbox 249 3447 1833 3524">
     <span class='ocr_line' id='line_1_35' title="bbox 249 3447 1833 3524; baseline 0.006 -25"><span class='ocrx_word' id='word_1_243' title='bbox 249 3447 525 3504; x_wconf 77' lang='lat' dir='ltr'><strong>voluerint</strong></span> <span class='ocrx_word' id='word_1_244' title='bbox 562 3449 773 3517; x_wconf 83' lang='lat' dir='ltr'><strong>justum</strong></span> <span class='ocrx_word' id='word_1_245' title='bbox 803 3451 1084 3509; x_wconf 89' lang='lat' dir='ltr'><strong>hominem</strong></span> <span class='ocrx_word' id='word_1_246' title='bbox 1115 3455 1408 3524; x_wconf 76' lang='lat' dir='ltr'><strong>expellere,</strong></span> <span class='ocrx_word' id='word_1_247' title='bbox 1443 3464 1499 3510; x_wconf 89' lang='lat' dir='ltr'><strong>et</strong></span> <span class='ocrx_word' id='word_1_248' title='bbox 1529 3470 1651 3510; x_wconf 91' lang='lat' dir='ltr'><strong>cum</strong></span> <span class='ocrx_word' id='word_1_249' title='bbox 1686 3455 1833 3510; x_wconf 88' lang='lat' dir='ltr'><strong>cala-</strong></span> 
     </span>
    </p>
   </div>
   <div class='ocr_carea' id='block_1_36' title="bbox 250 3540 1832 3617">
    <p class='ocr_par' dir='ltr' id='par_1_36' title="bbox 250 3540 1832 3617">
     <span class='ocr_line' id='line_1_36' title="bbox 250 3540 1832 3617; baseline 0.005 -24"><span class='ocrx_word' id='word_1_250' title='bbox 250 3540 414 3595; x_wconf 87' lang='lat' dir='ltr'><strong>mitas</strong></span> <span class='ocrx_word' id='word_1_251' title='bbox 443 3541 623 3610; x_wconf 87' lang='lat' dir='ltr'><strong>aliqua</strong></span> <span class='ocrx_word' id='word_1_252' title='bbox 657 3558 788 3598; x_wconf 89' lang='lat' dir='ltr'><strong>oves</strong></span> <span class='ocrx_word' id='word_1_253' title='bbox 817 3544 1154 3615; x_wconf 78' lang='lat' dir='ltr'><strong>diSperserit,</strong></span> <span class='ocrx_word' id='word_1_254' title='bbox 1189 3548 1438 3617; x_wconf 91' lang='lat' dir='ltr'><strong>protinus</strong></span> <span class='ocrx_word' id='word_1_255' title='bbox 1470 3547 1620 3602; x_wconf 90' lang='lat' dir='ltr'><strong>illum</strong></span> <span class='ocrx_word' id='word_1_256' title='bbox 1659 3547 1832 3603; x_wconf 85' lang='lat' dir='ltr'><strong>inter-</strong></span> 
     </span>
    </p>
   </div>
   <div class='ocr_carea' id='block_1_37' title="bbox 252 3631 1831 3706">
    <p class='ocr_par' dir='ltr' id='par_1_37' title="bbox 252 3631 1831 3706">
     <span class='ocr_line' id='line_1_37' title="bbox 252 3631 1831 3706; baseline 0.003 -17"><span class='ocrx_word' id='word_1_257' title='bbox 252 3631 463 3697; x_wconf 81' lang='lat' dir='ltr'><strong>ficiant,</strong></span> <span class='ocrx_word' id='word_1_258' title='bbox 494 3642 556 3688; x_wconf 92' lang='lat' dir='ltr'><strong>ut</strong></span> <span class='ocrx_word' id='word_1_259' title='bbox 586 3635 782 3690; x_wconf 91' lang='lat' dir='ltr'><strong>eodem</strong></span> <span class='ocrx_word' id='word_1_260' title='bbox 821 3637 1034 3692; x_wconf 84' lang='lat' dir='ltr'><strong>excidio</strong></span> <span class='ocrx_word' id='word_1_261' title='bbox 1059 3638 1309 3693; x_wconf 89' lang='lat' dir='ltr'><strong>irretiant</strong></span> <span class='ocrx_word' id='word_1_262' title='bbox 1351 3640 1512 3695; x_wconf 82' lang='lat' dir='ltr'><strong>ovile.</strong></span> <span class='ocrx_word' id='word_1_263' title='bbox 1561 3639 1702 3706; x_wconf 89' lang='lat' dir='ltr'><strong>Quid</strong></span> <span class='ocrx_word' id='word_1_264' title='bbox 1731 3640 1831 3704; x_wconf 89' lang='lat' dir='ltr'><strong>ais,</strong></span> 
     </span>
    </p>
   </div>
   <div class='ocr_carea' id='block_1_38' title="bbox 252 3721 1834 3800">
    <p class='ocr_par' dir='ltr' id='par_1_38' title="bbox 252 3721 1834 3800">
     <span class='ocr_line' id='line_1_38' title="bbox 252 3721 1834 3800; baseline 0.004 -23"><span class='ocrx_word' id='word_1_265' title='bbox 252 3739 287 3777; x_wconf 84' lang='grc' dir='ltr'>ο</span> <span class='ocrx_word' id='word_1_266' title='bbox 313 3721 525 3777; x_wconf 89' lang='lat' dir='ltr'><strong>homo?</strong></span> <span class='ocrx_word' id='word_1_267' title='bbox 552 3722 671 3778; x_wconf 88' lang='lat' dir='ltr'><strong>Non</strong></span> <span class='ocrx_word' id='word_1_268' title='bbox 702 3728 1119 3782; x_wconf 85' lang='lat' dir='ltr'><strong>communicasti</strong></span> <span class='ocrx_word' id='word_1_269' title='bbox 1151 3729 1416 3784; x_wconf 89' lang='lat' dir='ltr'><strong>hactenus</strong></span> <span class='ocrx_word' id='word_1_270' title='bbox 1462 3739 1686 3800; x_wconf 85' lang='lat' dir='ltr'><strong>pr0pter</strong></span> <span class='ocrx_word' id='word_1_271' title='bbox 1725 3730 1834 3784; x_wconf 84' lang='lat' dir='ltr'><strong>ini-</strong></span> 
     </span>
    </p>
   </div>
   <div class='ocr_carea' id='block_1_39' title="bbox 253 3815 1837 3893">
    <p class='ocr_par' dir='ltr' id='par_1_39' title="bbox 253 3815 1837 3893">
     <span class='ocr_line' id='line_1_39' title="bbox 253 3815 1837 3893; baseline 0.006 -25"><span class='ocrx_word' id='word_1_272' title='bbox 253 3815 544 3885; x_wconf 86' lang='lat' dir='ltr'><strong>quitatem,</strong></span> <span class='ocrx_word' id='word_1_273' title='bbox 586 3832 736 3872; x_wconf 91' lang='lat' dir='ltr'><strong>nunc</strong></span> <span class='ocrx_word' id='word_1_274' title='bbox 772 3827 899 3889; x_wconf 90' lang='lat' dir='ltr'><strong>post</strong></span> <span class='ocrx_word' id='word_1_275' title='bbox 950 3821 1152 3875; x_wconf 81' lang='lat' dir='ltr'><strong>caedem</strong></span> <span class='ocrx_word' id='word_1_276' title='bbox 1209 3822 1623 3889; x_wconf 90' lang='lat' dir='ltr'><strong>communicas,</strong></span> <span class='ocrx_word' id='word_1_277' title='bbox 1682 3822 1837 3893; x_wconf 90' lang='lat' dir='ltr'><strong>quasi</strong></span> 
     </span>
    </p>
   </div>
   <div class='ocr_carea' id='block_1_40' title="bbox 254 3910 1838 3986">
    <p class='ocr_par' dir='ltr' id='par_1_40' title="bbox 254 3910 1838 3986">
     <span class='ocr_line' id='line_1_40' title="bbox 254 3910 1838 3986; baseline 0.001 -19"><span class='ocrx_word' id='word_1_278' title='bbox 254 3910 435 3967; x_wconf 64' lang='lat' dir='ltr'><strong>ctedes</strong></span> <span class='ocrx_word' id='word_1_279' title='bbox 462 3910 805 3982; x_wconf 86' lang='lat' dir='ltr'><strong>iniquitatem</strong></span> <span class='ocrx_word' id='word_1_280' title='bbox 830 3914 1190 3986; x_wconf 86' lang='lat' dir='ltr'><strong>purgaverit?</strong></span> <span class='ocrx_word' id='word_1_281' title='bbox 1230 3914 1371 3970; x_wconf 89' lang='lat' dir='ltr'><strong>Num</strong></span> <span class='ocrx_word' id='word_1_282' title='bbox 1401 3912 1709 3972; x_wconf 79' lang='lat' dir='ltr'><strong>Jezabelem</strong></span> <span class='ocrx_word' id='word_1_283' title='bbox 1743 3932 1838 3970; x_wconf 89' lang='lat' dir='ltr'><strong>us-</strong></span> 
     </span>
    </p>
   </div>
   <div class='ocr_carea' id='block_1_41' title="bbox 255 4003 1838 4076">
    <p class='ocr_par' dir='ltr' id='par_1_41' title="bbox 255 4003 1838 4076">
     <span class='ocr_line' id='line_1_41' title="bbox 255 4003 1838 4076; baseline 0.003 -20"><span class='ocrx_word' id='word_1_284' title='bbox 255 4018 363 4072; x_wconf 90' lang='lat' dir='ltr'><strong>que</strong></span> <span class='ocrx_word' id='word_1_285' title='bbox 392 4003 461 4057; x_wconf 91' lang='lat' dir='ltr'><strong>ad</strong></span> <span class='ocrx_word' id='word_1_286' title='bbox 494 4004 668 4058; x_wconf 68' lang='lat' dir='ltr'><strong>vineae</strong></span> <span class='ocrx_word' id='word_1_287' title='bbox 716 4004 962 4074; x_wconf 87' lang='lat' dir='ltr'><strong>rapinam</strong></span> <span class='ocrx_word' id='word_1_288' title='bbox 999 4004 1182 4069; x_wconf 90' lang='lat' dir='ltr'><strong>odisti,</strong></span> <span class='ocrx_word' id='word_1_289' title='bbox 1218 4012 1506 4076; x_wconf 83' lang='lat' dir='ltr'><strong>postquam</strong></span> <span class='ocrx_word' id='word_1_290' title='bbox 1533 4014 1715 4061; x_wconf 88' lang='lat' dir='ltr'><strong>autem</strong></span> <span class='ocrx_word' id='word_1_291' title='bbox 1749 4008 1838 4062; x_wconf 91' lang='lat' dir='ltr'><strong>illa</strong></span> 
     </span>
    </p>
   </div>
   <div class='ocr_carea' id='block_1_42' title="bbox 255 4093 1841 4164">
    <p class='ocr_par' dir='ltr' id='par_1_42' title="bbox 255 4093 1841 4164">
     <span class='ocr_line' id='line_1_42' title="bbox 255 4093 1841 4164; baseline 0.001 -16"><span class='ocrx_word' id='word_1_292' title='bbox 255 4093 566 4148; x_wconf 82' lang='lat' dir='ltr'><strong>Nabuthem</strong></span> <span class='ocrx_word' id='word_1_293' title='bbox 599 4094 895 4161; x_wconf 83' lang='lat' dir='ltr'><strong>interfecit,</strong></span> <span class='ocrx_word' id='word_1_294' title='bbox 926 4094 1078 4164; x_wconf 91' lang='lat' dir='ltr'><strong>quasi</strong></span> <span class='ocrx_word' id='word_1_295' title='bbox 1121 4094 1213 4149; x_wconf 90' lang='lat' dir='ltr'><strong>hic</strong></span> <span class='ocrx_word' id='word_1_296' title='bbox 1240 4093 1469 4161; x_wconf 89' lang='lat' dir='ltr'><strong>viveret,</strong></span> <span class='ocrx_word' id='word_1_297' title='bbox 1500 4094 1684 4149; x_wconf 88' lang='lat' dir='ltr'><strong>odium</strong></span> <span class='ocrx_word' id='word_1_298' title='bbox 1718 4109 1841 4149; x_wconf 88' lang='lat' dir='ltr'><strong>sce-</strong></span> 
     </span>
    </p>
   </div>
   <div class='ocr_carea' id='block_1_43' title="bbox 256 4182 1842 4258">
    <p class='ocr_par' dir='ltr' id='par_1_43' title="bbox 256 4182 1842 4258">
     <span class='ocr_line' id='line_1_43' title="bbox 256 4182 1842 4258; baseline 0.001 -19"><span class='ocrx_word' id='word_1_299' title='bbox 256 4186 409 4240; x_wconf 72' lang='lat' dir='ltr'><strong>lestae</strong></span> <span class='ocrx_word' id='word_1_300' title='bbox 440 4182 657 4241; x_wconf 68' lang='lat' dir='ltr'><strong>feminae</strong></span> <span class='ocrx_word' id='word_1_301' title='bbox 686 4185 984 4242; x_wconf 88' lang='lat' dir='ltr'><strong>remisisti?</strong></span> <span class='ocrx_word' id='word_1_302' title='bbox 1032 4184 1141 4258; x_wconf 85' lang='lat' dir='ltr'><strong>(III</strong></span> <span class='ocrx_word' id='word_1_303' title='bbox 1163 4184 1290 4258; x_wconf 83' lang='lat' dir='ltr'><strong>Reg.</strong></span> <span class='ocrx_word' id='word_1_304' title='bbox 1318 4201 1429 4253; x_wconf 73' lang='lat' dir='ltr'><strong>xxi,</strong></span> <span class='ocrx_word' id='word_1_305' title='bbox 1462 4187 1498 4241; x_wconf 74' lang='grc'><strong>2</strong></span> <span class='ocrx_word' id='word_1_306' title='bbox 1527 4184 1667 4257; x_wconf 91' lang='lat' dir='ltr'><strong>sqq.)</strong></span> <span class='ocrx_word' id='word_1_307' title='bbox 1701 4185 1842 4253; x_wconf 89' lang='lat' dir='ltr'><strong>Quid</strong></span> 
     </span>
    </p>
   </div>
   <div class='ocr_carea' id='block_1_44' title="bbox 258 4277 1842 4348">
    <p class='ocr_par' dir='ltr' id='par_1_44' title="bbox 258 4277 1842 4348">
     <span class='ocr_line' id='line_1_44' title="bbox 258 4277 1842 4348; baseline 0 -16"><span class='ocrx_word' id='word_1_308' title='bbox 258 4292 391 4348; x_wconf 82' lang='lat' dir='ltr'><strong>ergo</strong></span> <span class='ocrx_word' id='word_1_309' title='bbox 424 4291 670 4348; x_wconf 85' lang='lat' dir='ltr'><strong>agemus,</strong></span> <span class='ocrx_word' id='word_1_310' title='bbox 709 4277 883 4341; x_wconf 91' lang='lat' dir='ltr'><strong>aiunt,</strong></span> <span class='ocrx_word' id='word_1_311' title='bbox 930 4286 1149 4332; x_wconf 89' lang='lat' dir='ltr'><strong>mortuo</strong></span> <span class='ocrx_word' id='word_1_312' title='bbox 1186 4279 1297 4348; x_wconf 84' lang='lat' dir='ltr'><strong>jam</strong></span> <span class='ocrx_word' id='word_1_313' title='bbox 1338 4278 1604 4333; x_wconf 87' lang='lat' dir='ltr'><strong>homine?</strong></span> <span class='ocrx_word' id='word_1_314' title='bbox 1633 4278 1842 4347; x_wconf 80' lang='lat' dir='ltr'><strong>Exspe-</strong></span> 
     </span>
    </p>
   </div>
   <div class='ocr_carea' id='block_1_45' title="bbox 258 4368 1840 4439">
    <p class='ocr_par' dir='ltr' id='par_1_45' title="bbox 258 4368 1840 4439">
     <span class='ocr_line' id='line_1_45' title="bbox 258 4368 1840 4439; baseline -0.001 -15"><span class='ocrx_word' id='word_1_315' title='bbox 258 4379 431 4431; x_wconf 86' lang='lat' dir='ltr'><strong>ctare,</strong></span> <span class='ocrx_word' id='word_1_316' title='bbox 463 4369 687 4439; x_wconf 90' lang='lat' dir='ltr'><strong>inquam</strong></span> <span class='ocrx_word' id='word_1_317' title='bbox 713 4411 728 4436; x_wconf 95' lang='lat'><strong>,</strong></span> <span class='ocrx_word' id='word_1_318' title='bbox 782 4377 999 4439; x_wconf 84' lang='lat' dir='ltr'><strong>oportet</strong></span> <span class='ocrx_word' id='word_1_319' title='bbox 1023 4368 1232 4438; x_wconf 78' lang='lat' dir='ltr'><strong>justum</strong></span> <span class='ocrx_word' id='word_1_320' title='bbox 1283 4369 1487 4425; x_wconf 88' lang='lat' dir='ltr'><strong>Christi</strong></span> <span class='ocrx_word' id='word_1_321' title='bbox 1538 4370 1840 4439; x_wconf 75' lang='lat' dir='ltr'><strong>judicium,</strong></span> 
     </span>
    </p>
   </div>
   <div class='ocr_carea' id='block_1_46' title="bbox 259 4459 1840 4530">
    <p class='ocr_par' dir='ltr' id='par_1_46' title="bbox 259 4459 1840 4530">
     <span class='ocr_line' id='line_1_46' title="bbox 259 4459 1840 4530; baseline 0 -17"><span class='ocrx_word' id='word_1_322' title='bbox 259 4460 405 4529; x_wconf 89' lang='lat' dir='ltr'><strong>quod</strong></span> <span class='ocrx_word' id='word_1_323' title='bbox 437 4460 657 4529; x_wconf 87' lang='lat' dir='ltr'><strong>quidem</strong></span> <span class='ocrx_word' id='word_1_324' title='bbox 690 4459 807 4514; x_wconf 91' lang='lat' dir='ltr'><strong>sine</strong></span> <span class='ocrx_word' id='word_1_325' title='bbox 832 4459 998 4515; x_wconf 89' lang='lat' dir='ltr'><strong>dubio</strong></span> <span class='ocrx_word' id='word_1_326' title='bbox 1020 4468 1347 4515; x_wconf 88' lang='lat' dir='ltr'><strong>eventurum</strong></span> <span class='ocrx_word' id='word_1_327' title='bbox 1386 4475 1548 4514; x_wconf 91' lang='lat' dir='ltr'><strong>nemo</strong></span> <span class='ocrx_word' id='word_1_328' title='bbox 1576 4459 1840 4530; x_wconf 85' lang='lat' dir='ltr'><strong>ambigat:</strong></span> 
     </span>
    </p>
   </div>
   <div class='ocr_carea' id='block_1_47' title="bbox 260 4550 1846 4620">
    <p class='ocr_par' dir='ltr' id='par_1_47' title="bbox 260 4550 1846 4620">
     <span class='ocr_line' id='line_1_47' title="bbox 260 4550 1846 4620; baseline -0.001 -14"><span class='ocrx_word' id='word_1_329' title='bbox 260 4551 467 4606; x_wconf 86' lang='lat' dir='ltr'><strong>ctenim</strong></span> <span class='ocrx_word' id='word_1_330' title='bbox 494 4550 641 4605; x_wconf 92' lang='lat' dir='ltr'><strong>haud</strong></span> <span class='ocrx_word' id='word_1_331' title='bbox 674 4550 928 4607; x_wconf 70' lang='lat' dir='ltr'><strong>humanae</strong></span> <span class='ocrx_word' id='word_1_332' title='bbox 955 4551 1083 4607; x_wconf 69' lang='lat' dir='ltr'><strong>vita:</strong></span> <span class='ocrx_word' id='word_1_333' title='bbox 1110 4551 1381 4617; x_wconf 89' lang='lat' dir='ltr'><strong>terminis,</strong></span> <span class='ocrx_word' id='word_1_334' title='bbox 1419 4566 1602 4606; x_wconf 89' lang='lat' dir='ltr'><strong>rerum</strong></span> <span class='ocrx_word' id='word_1_335' title='bbox 1630 4565 1846 4620; x_wconf 90' lang='lat' dir='ltr'><strong>quoque</strong></span> 
     </span>
    </p>
   </div>
   <div class='ocr_carea' id='block_1_48' title="bbox 263 4641 1849 4713">
    <p class='ocr_par' dir='ltr' id='par_1_48' title="bbox 263 4641 1849 4713">
     <span class='ocr_line' id='line_1_48' title="bbox 263 4641 1849 4713; baseline 0 -16"><span class='ocrx_word' id='word_1_336' title='bbox 263 4641 427 4697; x_wconf 88' lang='lat' dir='ltr'><strong>ﬁnem</strong></span> <span class='ocrx_word' id='word_1_337' title='bbox 462 4642 791 4698; x_wconf 90' lang='lat' dir='ltr'><strong>concludere</strong></span> <span class='ocrx_word' id='word_1_338' title='bbox 826 4643 1092 4699; x_wconf 84' lang='lat' dir='ltr'><strong>Dominus</strong></span> <span class='ocrx_word' id='word_1_339' title='bbox 1129 4643 1297 4699; x_wconf 83' lang='lat' dir='ltr'><strong>solet:</strong></span> <span class='ocrx_word' id='word_1_340' title='bbox 1348 4656 1536 4699; x_wconf 90' lang='lat' dir='ltr'><strong>contra</strong></span> <span class='ocrx_word' id='word_1_341' title='bbox 1568 4643 1752 4713; x_wconf 90' lang='lat' dir='ltr'><strong>potius</strong></span> <span class='ocrx_word' id='word_1_342' title='bbox 1780 4643 1849 4697; x_wconf 85' lang='lat' dir='ltr'><strong>ab</strong></span> 
     </span>
    </p>
   </div>
   <div class='ocr_carea' id='block_1_49' title="bbox 265 4728 1851 4805">
    <p class='ocr_par' dir='ltr' id='par_1_49' title="bbox 265 4728 1851 4805">
     <span class='ocr_line' id='line_1_49' title="bbox 265 4728 1851 4805; baseline 0.001 -18"><span class='ocrx_word' id='word_1_343' title='bbox 265 4733 383 4803; x_wconf 88' lang='lat' dir='ltr'><strong>ipsa</strong></span> <span class='ocrx_word' id='word_1_344' title='bbox 410 4728 599 4789; x_wconf 87' lang='lat' dir='ltr'><strong>rerum</strong></span> <span class='ocrx_word' id='word_1_345' title='bbox 627 4735 1012 4804; x_wconf 89' lang='lat' dir='ltr'><strong>desperatione</strong></span> <span class='ocrx_word' id='word_1_346' title='bbox 1043 4735 1260 4790; x_wconf 87' lang='lat' dir='ltr'><strong>initium</strong></span> <span class='ocrx_word' id='word_1_347' title='bbox 1307 4751 1527 4790; x_wconf 90' lang='lat' dir='ltr'><strong>sumere</strong></span> <span class='ocrx_word' id='word_1_348' title='bbox 1558 4753 1572 4801; x_wconf 90' lang='lat'><strong>;</strong></span> <span class='ocrx_word' id='word_1_349' title='bbox 1603 4735 1657 4789; x_wconf 93' lang='lat' dir='ltr'><strong>id</strong></span> <span class='ocrx_word' id='word_1_350' title='bbox 1703 4735 1851 4805; x_wconf 92' lang='lat' dir='ltr'><strong>quod</strong></span> 
     </span>
    </p>
   </div>
   <div class='ocr_carea' id='block_1_50' title="bbox 266 4823 1736 4895">
    <p class='ocr_par' dir='ltr' id='par_1_50' title="bbox 266 4823 1736 4895">
     <span class='ocr_line' id='line_1_50' title="bbox 266 4823 1736 4895; baseline 0.001 -17"><span class='ocrx_word' id='word_1_351' title='bbox 266 4823 575 4879; x_wconf 87' lang='lat' dir='ltr'><strong>divinarum</strong></span> <span class='ocrx_word' id='word_1_352' title='bbox 604 4825 1010 4895; x_wconf 89' lang='lat' dir='ltr'><strong>Scripturarum</strong></span> <span class='ocrx_word' id='word_1_353' title='bbox 1038 4824 1358 4879; x_wconf 90' lang='lat' dir='ltr'><strong>testimonio</strong></span> <span class='ocrx_word' id='word_1_354' title='bbox 1383 4823 1736 4879; x_wconf 88' lang='lat' dir='ltr'><strong>conﬁrmabo.</strong></span> 
     </span>
    </p>
   </div>
   <div class='ocr_carea' id='block_1_51' title="bbox 341 4901 1854 4987">
    <p class='ocr_par' dir='ltr' id='par_1_51' title="bbox 341 4901 1854 4987">
     <span class='ocr_line' id='line_1_51' title="bbox 341 4901 1854 4987; baseline 0 -17"><span class='ocrx_word' id='word_1_355' title='bbox 341 4916 393 4970; x_wconf 85' lang='lat'><strong>6.</strong></span> <span class='ocrx_word' id='word_1_356' title='bbox 420 4915 784 4971; x_wconf 88' lang='lat' dir='ltr'><strong>Devoraverat</strong></span> <span class='ocrx_word' id='word_1_357' title='bbox 813 4901 940 4970; x_wconf 84' lang='lat' dir='ltr'><strong>olim</strong></span> <span class='ocrx_word' id='word_1_358' title='bbox 980 4915 1279 4986; x_wconf 85' lang='lat' dir='ltr'><strong>Josephum</strong></span> <span class='ocrx_word' id='word_1_359' title='bbox 1318 4916 1459 4970; x_wconf 90' lang='lat' dir='ltr'><strong>mala</strong></span> <span class='ocrx_word' id='word_1_360' title='bbox 1503 4915 1640 4982; x_wconf 89' lang='lat' dir='ltr'><strong>fera,</strong></span> <span class='ocrx_word' id='word_1_361' title='bbox 1688 4924 1854 4987; x_wconf 90' lang='lat' dir='ltr'><strong>prout</strong></span> 
     </span>
    </p>
   </div>
   <div class='ocr_carea' id='block_1_52' title="bbox 268 5006 1856 5077">
    <p class='ocr_par' dir='ltr' id='par_1_52' title="bbox 268 5006 1856 5077">
     <span class='ocr_line' id='line_1_52' title="bbox 268 5006 1856 5077; baseline -0.002 -15"><span class='ocrx_word' id='word_1_362' title='bbox 268 5006 501 5062; x_wconf 89' lang='lat' dir='ltr'><strong>fratrum</strong></span> <span class='ocrx_word' id='word_1_363' title='bbox 539 5008 683 5077; x_wconf 91' lang='lat' dir='ltr'><strong>apud</strong></span> <span class='ocrx_word' id='word_1_364' title='bbox 717 5016 927 5077; x_wconf 87' lang='lat' dir='ltr'><strong>patrem</strong></span> <span class='ocrx_word' id='word_1_365' title='bbox 953 5007 1255 5063; x_wconf 72' lang='lat' dir='ltr'><strong>affirmabat</strong></span> <span class='ocrx_word' id='word_1_366' title='bbox 1281 5008 1453 5064; x_wconf 89' lang='lat' dir='ltr'><strong>oratio</strong></span> <span class='ocrx_word' id='word_1_367' title='bbox 1473 5010 1488 5077; x_wconf 95' lang='lat'><strong>(</strong></span> <span class='ocrx_word' id='word_1_368' title='bbox 1506 5006 1633 5063; x_wconf 75' lang='lat' dir='ltr'><strong>Gen.</strong></span> <span class='ocrx_word' id='word_1_369' title='bbox 1657 5018 1856 5072; x_wconf 78' lang='lat' dir='ltr'><strong>xxxv&quot;,</strong></span> 
     </span>
    </p>
   </div>
   <div class='ocr_carea' id='block_1_53' title="bbox 270 5099 1850 5172">
    <p class='ocr_par' dir='ltr' id='par_1_53' title="bbox 270 5099 1850 5172">
     <span class='ocr_line' id='line_1_53' title="bbox 270 5099 1850 5172; baseline -0.001 -17"><span class='ocrx_word' id='word_1_370' title='bbox 270 5101 387 5164; x_wconf 77' lang='lat'><strong>55).</strong></span> <span class='ocrx_word' id='word_1_371' title='bbox 415 5102 537 5154; x_wconf 80' lang='lat' dir='ltr'><strong>Jam</strong></span> <span class='ocrx_word' id='word_1_372' title='bbox 558 5115 690 5155; x_wconf 90' lang='lat' dir='ltr'><strong>vero</strong></span> <span class='ocrx_word' id='word_1_373' title='bbox 713 5100 813 5155; x_wconf 92' lang='lat' dir='ltr'><strong>hos</strong></span> <span class='ocrx_word' id='word_1_374' title='bbox 839 5100 930 5169; x_wconf 90' lang='lat' dir='ltr'><strong>qui</strong></span> <span class='ocrx_word' id='word_1_375' title='bbox 959 5100 1114 5156; x_wconf 89' lang='lat' dir='ltr'><strong>aliter</strong></span> <span class='ocrx_word' id='word_1_376' title='bbox 1134 5100 1401 5167; x_wconf 85' lang='lat' dir='ltr'><strong>dixerant,</strong></span> <span class='ocrx_word' id='word_1_377' title='bbox 1428 5099 1587 5156; x_wconf 89' lang='lat' dir='ltr'><strong>aliter</strong></span> <span class='ocrx_word' id='word_1_378' title='bbox 1609 5109 1850 5172; x_wconf 88' lang='lat' dir='ltr'><strong>egerant,</strong></span> 
     </span>
    </p>
   </div>
   <div class='ocr_carea' id='block_1_54' title="bbox 270 5190 1858 5261">
    <p class='ocr_par' dir='ltr' id='par_1_54' title="bbox 270 5190 1858 5261">
     <span class='ocr_line' id='line_1_54' title="bbox 270 5190 1858 5261; baseline -0.003 -14"><span class='ocrx_word' id='word_1_379' title='bbox 270 5191 528 5247; x_wconf 85' lang='lat' dir='ltr'><strong>subditos</strong></span> <span class='ocrx_word' id='word_1_380' title='bbox 556 5190 746 5245; x_wconf 87' lang='lat' dir='ltr'><strong>habuit</strong></span> <span class='ocrx_word' id='word_1_381' title='bbox 772 5190 1065 5261; x_wconf 83' lang='lat' dir='ltr'><strong>Jusephus,</strong></span> <span class='ocrx_word' id='word_1_382' title='bbox 1116 5205 1282 5261; x_wconf 88' lang='lat' dir='ltr'><strong>seque</strong></span> <span class='ocrx_word' id='word_1_383' title='bbox 1311 5190 1601 5246; x_wconf 83' lang='lat' dir='ltr'><strong>adorantes</strong></span> <span class='ocrx_word' id='word_1_384' title='bbox 1627 5204 1858 5260; x_wconf 79' lang='lat' dir='ltr'><strong>conspe-</strong></span> 
     </span>
    </p>
   </div>
   <div class='ocr_carea' id='block_1_55' title="bbox 270 5282 1856 5352">
    <p class='ocr_par' dir='ltr' id='par_1_55' title="bbox 270 5282 1856 5352">
     <span class='ocr_line' id='line_1_55' title="bbox 270 5282 1856 5352; baseline -0.003 -13"><span class='ocrx_word' id='word_1_385' title='bbox 270 5284 373 5351; x_wconf 77' lang='lat' dir='ltr'><strong>xit,</strong></span> <span class='ocrx_word' id='word_1_386' title='bbox 409 5292 467 5339; x_wconf 90' lang='lat' dir='ltr'><strong>et</strong></span> <span class='ocrx_word' id='word_1_387' title='bbox 504 5283 844 5338; x_wconf 89' lang='lat' dir='ltr'><strong>somniorum</strong></span> <span class='ocrx_word' id='word_1_388' title='bbox 898 5290 1149 5338; x_wconf 87' lang='lat' dir='ltr'><strong>veterum</strong></span> <span class='ocrx_word' id='word_1_389' title='bbox 1197 5282 1704 5352; x_wconf 88' lang='lat' dir='ltr'><strong>interpretationem</strong></span> <span class='ocrx_word' id='word_1_390' title='bbox 1757 5297 1856 5336; x_wconf 57' lang='lat' dir='ltr'><strong>ex»</strong></span> 
     </span>
    </p>
   </div>
   <div class='ocr_carea' id='block_1_56' title="bbox 274 5463 1860 5545">
    <p class='ocr_par' dir='ltr' id='par_1_56' title="bbox 274 5463 1860 5545">
     <span class='ocr_line' id='line_1_56' title="bbox 274 5463 1860 5545; baseline -0.003 -21"><span class='ocrx_word' id='word_1_391' title='bbox 274 5480 314 5545; x_wconf 63' lang='grc' dir='ltr'><strong>ς,</strong></span> <span class='ocrx_word' id='word_1_392' title='bbox 347 5468 466 5545; x_wconf 60' lang='lat' dir='ltr'><strong>XII,</strong></span> <span class='ocrx_word' id='word_1_393' title='bbox 492 5482 549 5538; x_wconf 89' lang='lat' dir='ltr'><strong>p.</strong></span> <span class='ocrx_word' id='word_1_394' title='bbox 580 5465 958 5545; x_wconf 54' lang='lat' dir='ltr'><strong>416,_etseqq.</strong></span> <span class='ocrx_word' id='word_1_395' title='bbox 981 5465 1286 5545; x_wconf 71' lang='lat' dir='ltr'><strong>Defendere</strong></span> <span class='ocrx_word' id='word_1_396' title='bbox 1314 5464 1566 5545; x_wconf 70' lang='lat' dir='ltr'><strong>nituntur</strong></span> <span class='ocrx_word' id='word_1_397' title='bbox 1594 5463 1860 5520; x_wconf 79' lang='lat' dir='ltr'><strong>Boschius</strong></span> 
     </span>
    </p>
   </div>
   <div class='ocr_carea' id='block_1_57' title="bbox 274 5534 1569 5596">
    <p class='ocr_par' dir='ltr' id='par_1_57' title="bbox 274 5534 1569 5596">
     <span class='ocr_line' id='line_1_57' title="bbox 274 5534 1569 5596; baseline -0.005 0"><span class='ocrx_word' id='word_1_398' title='bbox 274 5541 378 5596; x_wconf 91' lang='lat' dir='ltr'><strong>loc.</strong></span> <span class='ocrx_word' id='word_1_399' title='bbox 410 5534 508 5594; x_wconf 63' lang='lat' dir='ltr'><strong>citi</strong></span> <span class='ocrx_word' id='word_1_400' title='bbox 541 5545 602 5593; x_wconf 80' lang='lat' dir='ltr'><strong>et</strong></span> <span class='ocrx_word' id='word_1_401' title='bbox 622 5534 959 5594; x_wconf 79' lang='lat' dir='ltr'><strong>Bollandiaui</strong></span> <span class='ocrx_word' id='word_1_402' title='bbox 988 5538 1053 5593; x_wconf 87' lang='lat' dir='ltr'><strong>ad</strong></span> <span class='ocrx_word' id='word_1_403' title='bbox 1080 5537 1223 5592; x_wconf 91' lang='lat' dir='ltr'><strong>diem</strong></span> <span class='ocrx_word' id='word_1_404' title='bbox 1251 5536 1283 5591; x_wconf 94' lang='lat'>8</span> <span class='ocrx_word' id='word_1_405' title='bbox 1306 5534 1569 5590; x_wconf 81' lang='lat' dir='ltr'><strong>Januarii.</strong></span> 
     </span>
    </p>
   </div>
   <div class='ocr_carea' id='block_1_58' title="bbox 348 5605 1863 5680">
    <p class='ocr_par' dir='ltr' id='par_1_58' title="bbox 348 5605 1863 5680">
     <span class='ocr_line' id='line_1_58' title="bbox 348 5605 1863 5680; baseline -0.003 -16"><span class='ocrx_word' id='word_1_406' title='bbox 348 5608 423 5680; x_wconf 76' lang='grc' dir='ltr'><strong>(ο)</strong></span> <span class='ocrx_word' id='word_1_407' title='bbox 454 5608 563 5680; x_wconf 78' lang='lat' dir='ltr'><strong>An</strong></span> <span class='ocrx_word' id='word_1_408' title='bbox 588 5606 839 5680; x_wconf 85' lang='lat' dir='ltr'><strong>fortasse</strong></span> <span class='ocrx_word' id='word_1_409' title='bbox 867 5605 1199 5680; x_wconf 45' lang='lat' dir='ltr'><strong>progatiua?-</strong></span> <span class='ocrx_word' id='word_1_410' title='bbox 1244 5605 1401 5661; x_wconf 91' lang='lat' dir='ltr'><strong>Tunc</strong></span> <span class='ocrx_word' id='word_1_411' title='bbox 1450 5605 1598 5660; x_wconf 91' lang='lat' dir='ltr'><strong>dicas</strong></span> <span class='ocrx_word' id='word_1_412' title='bbox 1640 5614 1736 5659; x_wconf 86' lang='lat' dir='ltr'><strong>:et</strong></span> <span class='ocrx_word' id='word_1_413' title='bbox 1778 5616 1863 5659; x_wconf 78' lang='lat' dir='ltr'><strong>eas</strong></span> 
     </span>
    </p>
   </div>
   <div class='ocr_carea' id='block_1_59' title="bbox 276 5678 1108 5749">
    <p class='ocr_par' dir='ltr' id='par_1_59' title="bbox 276 5678 1108 5749">
     <span class='ocr_line' id='line_1_59' title="bbox 276 5678 1108 5749; baseline -0.005 -15"><span class='ocrx_word' id='word_1_414' title='bbox 276 5678 564 5749; x_wconf 19' lang='lat' dir='ltr'><strong>managed</strong></span> <span class='ocrx_word' id='word_1_415' title='bbox 591 5678 788 5749; x_wconf 65' lang='lat' dir='ltr'><strong>eadem</strong></span> <span class='ocrx_word' id='word_1_416' title='bbox 822 5678 1108 5749; x_wconf 80' lang='lat' dir='ltr'><strong>impellere.</strong></span> 
     </span>
    </p>
   </div>
   <div class='ocr_carea' id='block_1_60' title="bbox 352 5746 1870 5824">
    <p class='ocr_par' dir='ltr' id='par_1_60' title="bbox 352 5746 1870 5824">
     <span class='ocr_line' id='line_1_60' title="bbox 352 5746 1870 5824; baseline -0.002 -22"><span class='ocrx_word' id='word_1_417' title='bbox 352 5747 431 5822; x_wconf 75' lang='grc' dir='ltr'><strong>(Δ)</strong></span> <span class='ocrx_word' id='word_1_418' title='bbox 461 5746 607 5803; x_wconf 84' lang='lat' dir='ltr'><strong>Num</strong></span> <span class='ocrx_word' id='word_1_419' title='bbox 628 5764 728 5819; x_wconf 93' lang='lat' dir='ltr'><strong>pro</strong></span> <span class='ocrx_word' id='word_1_420' title='bbox 757 5746 1102 5824; x_wconf 63' lang='grc' dir='ltr'><strong>λυπήσαντες</strong></span> <span class='ocrx_word' id='word_1_421' title='bbox 1117 5747 1370 5820; x_wconf 77' lang='grc' dir='ltr'><strong>ποιμένα,</strong></span> <span class='ocrx_word' id='word_1_422' title='bbox 1394 5746 1870 5817; x_wconf 71' lang='lat' dir='ltr'><strong>6memipat,etc.?</strong></span> 
     </span>
    </p>
   </div>
   <div class='ocr_carea' id='block_1_61' title="bbox 1355 299 2415 367">
    <p class='ocr_par' dir='ltr' id='par_1_61' title="bbox 1355 299 2415 367">
     <span class='ocr_line' id='line_1_61' title="bbox 1355 299 2415 367; baseline 0.012 -12"><span class='ocrx_word' id='word_1_423' title='bbox 1355 299 1444 355; x_wconf 88' lang='lat' dir='ltr'><strong>DE</strong></span> <span class='ocrx_word' id='word_1_424' title='bbox 1480 301 1538 356; x_wconf 85' lang='lat' dir='ltr'><strong>S.</strong></span> <span class='ocrx_word' id='word_1_425' title='bbox 1576 300 1847 357; x_wconf 78' lang='lat' dir='ltr'><strong>JOANNE</strong></span> <span class='ocrx_word' id='word_1_426' title='bbox 1878 302 2415 367; x_wconf 73' lang='lat' dir='ltr'><strong>CHRYSOSTOMO.</strong></span> 
     </span>
    </p>
   </div>
   <div class='ocr_carea' id='block_1_62' title="bbox 3468 342 3502 388">
    <p class='ocr_par' dir='ltr' id='par_1_62' title="bbox 3468 342 3502 388">
     <span class='ocr_line' id='line_1_62' title="bbox 3468 342 3502 388; baseline 0 0"><span class='ocrx_word' id='word_1_427' title='bbox 3468 342 3502 388; x_wconf 85' lang='grc' dir='ltr'>ι.</span> 
     </span>
    </p>
   </div>
   <div class='ocr_carea' id='block_1_63' title="bbox 1927 426 3502 505">
    <p class='ocr_par' dir='ltr' id='par_1_63' title="bbox 1927 426 3502 505">
     <span class='ocr_line' id='line_1_63' title="bbox 1927 426 3502 505; baseline 0.014 -29"><span class='ocrx_word' id='word_1_428' title='bbox 1927 434 2111 493; x_wconf 88' lang='lat' dir='ltr'><strong>pertos</strong></span> <span class='ocrx_word' id='word_1_429' title='bbox 2142 426 2292 498; x_wconf 79' lang='lat' dir='ltr'><strong>(Gen.</strong></span> <span class='ocrx_word' id='word_1_430' title='bbox 2328 445 2479 493; x_wconf 81' lang='lat' dir='ltr'><strong>mu,</strong></span> <span class='ocrx_word' id='word_1_431' title='bbox 2510 430 2624 500; x_wconf 71' lang='lat'><strong>26).</strong></span> <span class='ocrx_word' id='word_1_432' title='bbox 2661 429 2781 502; x_wconf 86' lang='lat' dir='ltr'><strong>Ipse</strong></span> <span class='ocrx_word' id='word_1_433' title='bbox 2805 440 3008 498; x_wconf 88' lang='lat' dir='ltr'><strong>autem,</strong></span> <span class='ocrx_word' id='word_1_434' title='bbox 3036 445 3158 505; x_wconf 89' lang='lat' dir='ltr'><strong>post</strong></span> <span class='ocrx_word' id='word_1_435' title='bbox 3183 438 3445 497; x_wconf 87' lang='lat' dir='ltr'><strong>creditam</strong></span> <span class='ocrx_word' id='word_1_436' title='bbox 3470 457 3502 499; x_wconf 84' lang='lat' dir='ltr'><strong>a</strong></span> 
     </span>
    </p>
   </div>
   <div class='ocr_carea' id='block_1_64' title="bbox 1927 521 3501 603">
    <p class='ocr_par' dir='ltr' id='par_1_64' title="bbox 1927 521 3501 603">
     <span class='ocr_line' id='line_1_64' title="bbox 1927 521 3501 603; baseline 0.013 -35"><span class='ocrx_word' id='word_1_437' title='bbox 1927 524 2080 583; x_wconf 90' lang='lat' dir='ltr'><strong>patre</strong></span> <span class='ocrx_word' id='word_1_438' title='bbox 2110 532 2324 584; x_wconf 88' lang='lat' dir='ltr'><strong>necem,</strong></span> <span class='ocrx_word' id='word_1_439' title='bbox 2364 521 2527 592; x_wconf 87' lang='lat' dir='ltr'><strong>regiis</strong></span> <span class='ocrx_word' id='word_1_440' title='bbox 2553 522 2806 579; x_wconf 88' lang='lat' dir='ltr'><strong>curribus</strong></span> <span class='ocrx_word' id='word_1_441' title='bbox 2825 524 3028 596; x_wconf 85' lang='lat' dir='ltr'><strong>lugenti</strong></span> <span class='ocrx_word' id='word_1_442' title='bbox 3061 529 3300 585; x_wconf 90' lang='lat' dir='ltr'><strong>occurrit</strong></span> <span class='ocrx_word' id='word_1_443' title='bbox 3332 530 3501 603; x_wconf 81' lang='lat' dir='ltr'><strong>(Gen.</strong></span> 
     </span>
    </p>
   </div>
   <div class='ocr_carea' id='block_1_65' title="bbox 1926 607 3507 686">
    <p class='ocr_par' dir='ltr' id='par_1_65' title="bbox 1926 607 3507 686">
     <span class='ocr_line' id='line_1_65' title="bbox 1926 607 3507 686; baseline 0.013 -27"><span class='ocrx_word' id='word_1_444' title='bbox 1926 621 2070 670; x_wconf 80' lang='lat' dir='ltr'><strong>xm,</strong></span> <span class='ocrx_word' id='word_1_445' title='bbox 2105 607 2238 677; x_wconf 74' lang='lat'><strong>29).</strong></span> <span class='ocrx_word' id='word_1_446' title='bbox 2272 610 2389 665; x_wconf 83' lang='lat' dir='ltr'><strong>Mox</strong></span> <span class='ocrx_word' id='word_1_447' title='bbox 2418 612 2507 667; x_wconf 92' lang='lat' dir='ltr'><strong>hic</strong></span> <span class='ocrx_word' id='word_1_448' title='bbox 2535 612 2675 668; x_wconf 89' lang='lat' dir='ltr'><strong>idem</strong></span> <span class='ocrx_word' id='word_1_449' title='bbox 2710 614 2979 686; x_wconf 67' lang='lat' dir='ltr'><strong>Iosephus</strong></span> <span class='ocrx_word' id='word_1_450' title='bbox 3017 618 3258 675; x_wconf 86' lang='lat' dir='ltr'><strong>moriens</strong></span> <span class='ocrx_word' id='word_1_451' title='bbox 3293 623 3507 680; x_wconf 86' lang='lat' dir='ltr'><strong>univer-</strong></span> 
     </span>
    </p>
   </div>
   <div class='ocr_carea' id='block_1_66' title="bbox 1927 703 3501 781">
    <p class='ocr_par' dir='ltr' id='par_1_66' title="bbox 1927 703 3501 781">
     <span class='ocr_line' id='line_1_66' title="bbox 1927 703 3501 781; baseline 0.013 -30"><span class='ocrx_word' id='word_1_452' title='bbox 1927 711 2042 751; x_wconf 87' lang='lat' dir='ltr'><strong>sam</strong></span> <span class='ocrx_word' id='word_1_453' title='bbox 2066 712 2220 754; x_wconf 89' lang='lat' dir='ltr'><strong>suam</strong></span> <span class='ocrx_word' id='word_1_454' title='bbox 2243 703 2645 772; x_wconf 84' lang='lat' dir='ltr'><strong>cegnationem,</strong></span> <span class='ocrx_word' id='word_1_455' title='bbox 2666 720 2862 777; x_wconf 88' lang='lat' dir='ltr'><strong>magno</strong></span> <span class='ocrx_word' id='word_1_456' title='bbox 2881 720 3114 765; x_wconf 84' lang='lat' dir='ltr'><strong>numero</strong></span> <span class='ocrx_word' id='word_1_457' title='bbox 3132 710 3244 781; x_wconf 84' lang='lat' dir='ltr'><strong>jam</strong></span> <span class='ocrx_word' id='word_1_458' title='bbox 3265 720 3501 779; x_wconf 90' lang='lat' dir='ltr'><strong>auctam,</strong></span> 
     </span>
    </p>
   </div>
   <div class='ocr_carea' id='block_1_67' title="bbox 1927 786 3508 873">
    <p class='ocr_par' dir='ltr' id='par_1_67' title="bbox 1927 786 3508 873">
     <span class='ocr_line' id='line_1_67' title="bbox 1927 786 3508 873; baseline 0.011 -31"><span class='ocrx_word' id='word_1_459' title='bbox 1927 786 2124 843; x_wconf 86' lang='lat' dir='ltr'><strong>durum</strong></span> <span class='ocrx_word' id='word_1_460' title='bbox 2181 790 2454 862; x_wconf 70' lang='lat' dir='ltr'><strong>Aﬂgyptiis</strong></span> <span class='ocrx_word' id='word_1_461' title='bbox 2533 794 2817 849; x_wconf 87' lang='lat' dir='ltr'><strong>servitium</strong></span> <span class='ocrx_word' id='word_1_462' title='bbox 2881 798 3205 854; x_wconf 80' lang='lat' dir='ltr'><strong>servituram</strong></span> <span class='ocrx_word' id='word_1_463' title='bbox 3289 803 3508 873; x_wconf 89' lang='lat' dir='ltr'><strong>reliquit</strong></span> 
     </span>
    </p>
   </div>
   <div class='ocr_carea' id='block_1_68' title="bbox 1930 875 3508 963">
    <p class='ocr_par' dir='ltr' id='par_1_68' title="bbox 1930 875 3508 963">
     <span class='ocr_line' id='line_1_68' title="bbox 1930 875 3508 963; baseline 0.011 -32"><span class='ocrx_word' id='word_1_464' title='bbox 1930 875 1949 947; x_wconf 93' lang='lat'>(</span> <span class='ocrx_word' id='word_1_465' title='bbox 1978 877 2146 933; x_wconf 74' lang='lat' dir='ltr'><strong>Exod.</strong></span> <span class='ocrx_word' id='word_1_466' title='bbox 2176 896 2272 945; x_wconf 90' lang='lat' dir='ltr'><strong>vn,</strong></span> <span class='ocrx_word' id='word_1_467' title='bbox 2306 883 2341 936; x_wconf 85' lang='lat'><strong>6</strong></span> <span class='ocrx_word' id='word_1_468' title='bbox 2376 883 2554 955; x_wconf 90' lang='lat' dir='ltr'><strong>sqq.).</strong></span> <span class='ocrx_word' id='word_1_469' title='bbox 2579 883 2764 956; x_wconf 82' lang='lat' dir='ltr'><strong>Neque</strong></span> <span class='ocrx_word' id='word_1_470' title='bbox 2792 895 2973 942; x_wconf 86' lang='lat' dir='ltr'><strong>tamen</strong></span> <span class='ocrx_word' id='word_1_471' title='bbox 2988 898 3211 960; x_wconf 90' lang='lat' dir='ltr'><strong>propter</strong></span> <span class='ocrx_word' id='word_1_472' title='bbox 3237 892 3357 963; x_wconf 77' lang='lat' dir='ltr'><strong>eius</strong></span> <span class='ocrx_word' id='word_1_473' title='bbox 3385 893 3508 951; x_wconf 84' lang='lat' dir='ltr'><strong>obi-</strong></span> 
     </span>
    </p>
   </div>
   <div class='ocr_carea' id='block_1_69' title="bbox 1927 970 3508 1055">
    <p class='ocr_par' dir='ltr' id='par_1_69' title="bbox 1927 970 3508 1055">
     <span class='ocr_line' id='line_1_69' title="bbox 1927 970 3508 1055; baseline 0.014 -33"><span class='ocrx_word' id='word_1_474' title='bbox 1927 977 2043 1023; x_wconf 90' lang='lat' dir='ltr'><strong>tum</strong></span> <span class='ocrx_word' id='word_1_475' title='bbox 2072 970 2343 1042; x_wconf 88' lang='lat' dir='ltr'><strong>quispiam</strong></span> <span class='ocrx_word' id='word_1_476' title='bbox 2399 974 2642 1032; x_wconf 88' lang='lat' dir='ltr'><strong>lsraelita</strong></span> <span class='ocrx_word' id='word_1_477' title='bbox 2695 976 2873 1034; x_wconf 87' lang='lat' dir='ltr'><strong>factus</strong></span> <span class='ocrx_word' id='word_1_478' title='bbox 2920 989 3007 1036; x_wconf 86' lang='lat' dir='ltr'><strong>est</strong></span> <span class='ocrx_word' id='word_1_479' title='bbox 3050 981 3358 1055; x_wconf 61' lang='lat' dir='ltr'><strong>Egyptius,</strong></span> <span class='ocrx_word' id='word_1_480' title='bbox 3409 989 3508 1044; x_wconf 86' lang='lat' dir='ltr'><strong>sed</strong></span> 
     </span>
    </p>
   </div>
   <div class='ocr_carea' id='block_1_70' title="bbox 1926 1060 3509 1151">
    <p class='ocr_par' dir='ltr' id='par_1_70' title="bbox 1926 1060 3509 1151">
     <span class='ocr_line' id='line_1_70' title="bbox 1926 1060 3509 1151; baseline 0.014 -38"><span class='ocrx_word' id='word_1_481' title='bbox 1926 1060 2205 1131; x_wconf 87' lang='lat' dir='ltr'><strong>aliquanto</strong></span> <span class='ocrx_word' id='word_1_482' title='bbox 2259 1064 2603 1134; x_wconf 87' lang='lat' dir='ltr'><strong>perferentes</strong></span> <span class='ocrx_word' id='word_1_483' title='bbox 2656 1071 2940 1126; x_wconf 89' lang='lat' dir='ltr'><strong>servitium</strong></span> <span class='ocrx_word' id='word_1_484' title='bbox 2993 1080 3260 1144; x_wconf 89' lang='lat' dir='ltr'><strong>tempore,</strong></span> <span class='ocrx_word' id='word_1_485' title='bbox 3310 1078 3509 1151; x_wconf 79' lang='lat' dir='ltr'><strong>Moysis</strong></span> 
     </span>
    </p>
   </div>
   <div class='ocr_carea' id='block_1_71' title="bbox 1926 1153 3508 1225">
    <p class='ocr_par' dir='ltr' id='par_1_71' title="bbox 1926 1153 3508 1225">
     <span class='ocr_line' id='line_1_71' title="bbox 1926 1153 3508 1225; baseline 0.012 -20"><span class='ocrx_word' id='word_1_486' title='bbox 1926 1166 2097 1222; x_wconf 80' lang='lat' dir='ltr'><strong>Opera</strong></span> <span class='ocrx_word' id='word_1_487' title='bbox 2124 1153 2179 1207; x_wconf 91' lang='lat' dir='ltr'><strong>in</strong></span> <span class='ocrx_word' id='word_1_488' title='bbox 2207 1156 2705 1225; x_wconf 89' lang='lat' dir='ltr'><strong>splendidissimam</strong></span> <span class='ocrx_word' id='word_1_489' title='bbox 2741 1162 3049 1219; x_wconf 88' lang='lat' dir='ltr'><strong>libertatem</strong></span> <span class='ocrx_word' id='word_1_490' title='bbox 3076 1166 3335 1222; x_wconf 82' lang='lat' dir='ltr'><strong>vindicati</strong></span> <span class='ocrx_word' id='word_1_491' title='bbox 3386 1169 3508 1224; x_wconf 89' lang='lat' dir='ltr'><strong>fue-</strong></span> 
     </span>
    </p>
   </div>
   <div class='ocr_carea' id='block_1_72' title="bbox 1927 1244 3514 1325">
    <p class='ocr_par' dir='ltr' id='par_1_72' title="bbox 1927 1244 3514 1325">
     <span class='ocr_line' id='line_1_72' title="bbox 1927 1244 3514 1325; baseline 0.013 -31"><span class='ocrx_word' id='word_1_492' title='bbox 1927 1249 2095 1309; x_wconf 88' lang='lat' dir='ltr'><strong>runt;</strong></span> <span class='ocrx_word' id='word_1_493' title='bbox 2140 1249 2196 1298; x_wconf 91' lang='lat' dir='ltr'><strong>et</strong></span> <span class='ocrx_word' id='word_1_494' title='bbox 2224 1244 2316 1314; x_wconf 91' lang='lat' dir='ltr'><strong>qui</strong></span> <span class='ocrx_word' id='word_1_495' title='bbox 2351 1255 2512 1303; x_wconf 91' lang='lat' dir='ltr'><strong>antea</strong></span> <span class='ocrx_word' id='word_1_496' title='bbox 2544 1265 2615 1305; x_wconf 90' lang='lat' dir='ltr'><strong>ne</strong></span> <span class='ocrx_word' id='word_1_497' title='bbox 2660 1252 2929 1322; x_wconf 87' lang='lat' dir='ltr'><strong>respirare</strong></span> <span class='ocrx_word' id='word_1_498' title='bbox 2963 1255 3181 1325; x_wconf 90' lang='lat' dir='ltr'><strong>quidem</strong></span> <span class='ocrx_word' id='word_1_499' title='bbox 3231 1258 3333 1313; x_wconf 90' lang='lat' dir='ltr'><strong>sub</strong></span> <span class='ocrx_word' id='word_1_500' title='bbox 3365 1258 3514 1316; x_wconf 87' lang='lat' dir='ltr'><strong>labo-</strong></span> 
     </span>
    </p>
   </div>
   <div class='ocr_carea' id='block_1_73' title="bbox 1925 1332 3510 1408">
    <p class='ocr_par' dir='ltr' id='par_1_73' title="bbox 1925 1332 3510 1408">
     <span class='ocr_line' id='line_1_73' title="bbox 1925 1332 3510 1408; baseline 0.012 -22"><span class='ocrx_word' id='word_1_501' title='bbox 1925 1332 2081 1390; x_wconf 89' lang='lat' dir='ltr'><strong>ribus</strong></span> <span class='ocrx_word' id='word_1_502' title='bbox 2113 1346 2388 1407; x_wconf 88' lang='lat' dir='ltr'><strong>poterant,</strong></span> <span class='ocrx_word' id='word_1_503' title='bbox 2419 1342 2615 1398; x_wconf 91' lang='lat' dir='ltr'><strong>deinde</strong></span> <span class='ocrx_word' id='word_1_504' title='bbox 2648 1344 2728 1400; x_wconf 86' lang='lat' dir='ltr'><strong>eis</strong></span> <span class='ocrx_word' id='word_1_505' title='bbox 2756 1345 3008 1402; x_wconf 90' lang='lat' dir='ltr'><strong>universa</strong></span> <span class='ocrx_word' id='word_1_506' title='bbox 3038 1356 3287 1405; x_wconf 89' lang='lat' dir='ltr'><strong>creatura</strong></span> <span class='ocrx_word' id='word_1_507' title='bbox 3336 1353 3510 1408; x_wconf 84' lang='lat' dir='ltr'><strong>servi-</strong></span> 
     </span>
    </p>
   </div>
   <div class='ocr_carea' id='block_1_74' title="bbox 1927 1426 3511 1512">
    <p class='ocr_par' dir='ltr' id='par_1_74' title="bbox 1927 1426 3511 1512">
     <span class='ocr_line' id='line_1_74' title="bbox 1927 1426 3511 1512; baseline 0.013 -32"><span class='ocrx_word' id='word_1_508' title='bbox 1927 1426 2025 1494; x_wconf 89' lang='lat' dir='ltr'><strong>vit,</strong></span> <span class='ocrx_word' id='word_1_509' title='bbox 2058 1429 2186 1484; x_wconf 91' lang='lat' dir='ltr'><strong>dum</strong></span> <span class='ocrx_word' id='word_1_510' title='bbox 2229 1432 2483 1491; x_wconf 88' lang='lat' dir='ltr'><strong>videlicet</strong></span> <span class='ocrx_word' id='word_1_511' title='bbox 2524 1436 2795 1508; x_wconf 87' lang='lat' dir='ltr'><strong>benignus</strong></span> <span class='ocrx_word' id='word_1_512' title='bbox 2836 1438 2980 1495; x_wconf 90' lang='lat' dir='ltr'><strong>Deus</strong></span> <span class='ocrx_word' id='word_1_513' title='bbox 3015 1443 3290 1512; x_wconf 86' lang='lat' dir='ltr'><strong>gressibus</strong></span> <span class='ocrx_word' id='word_1_514' title='bbox 3319 1460 3511 1500; x_wconf 90' lang='lat' dir='ltr'><strong>eorum</strong></span> 
     </span>
    </p>
   </div>
   <div class='ocr_carea' id='block_1_75' title="bbox 1926 1530 3511 1595">
    <p class='ocr_par' dir='ltr' id='par_1_75' title="bbox 1926 1530 3511 1595">
     <span class='ocr_line' id='line_1_75' title="bbox 1926 1530 3511 1595; baseline 0.011 -21"><span class='ocrx_word' id='word_1_515' title='bbox 1926 1535 2078 1577; x_wconf 87' lang='lat' dir='ltr'><strong>mare</strong></span> <span class='ocrx_word' id='word_1_516' title='bbox 2108 1531 2362 1594; x_wconf 91' lang='lat' dir='ltr'><strong>tanquam</strong></span> <span class='ocrx_word' id='word_1_517' title='bbox 2397 1537 2595 1582; x_wconf 91' lang='lat' dir='ltr'><strong>terram</strong></span> <span class='ocrx_word' id='word_1_518' title='bbox 2622 1530 2910 1595; x_wconf 85' lang='lat' dir='ltr'><strong>exhibuit;</strong></span> <span class='ocrx_word' id='word_1_519' title='bbox 2939 1532 3250 1589; x_wconf 90' lang='lat' dir='ltr'><strong>sitientibus</strong></span> <span class='ocrx_word' id='word_1_520' title='bbox 3295 1535 3511 1591; x_wconf 82' lang='lat' dir='ltr'><strong>deserta</strong></span> 
     </span>
    </p>
   </div>
   <div class='ocr_carea' id='block_1_76' title="bbox 1926 1615 3512 1699">
    <p class='ocr_par' dir='ltr' id='par_1_76' title="bbox 1926 1615 3512 1699">
     <span class='ocr_line' id='line_1_76' title="bbox 1926 1615 3512 1699; baseline 0.01 -31"><span class='ocrx_word' id='word_1_521' title='bbox 1926 1623 1983 1669; x_wconf 90' lang='lat' dir='ltr'><strong>et</strong></span> <span class='ocrx_word' id='word_1_522' title='bbox 2044 1615 2304 1686; x_wconf 88' lang='lat' dir='ltr'><strong>inaquosa</strong></span> <span class='ocrx_word' id='word_1_523' title='bbox 2372 1619 2486 1676; x_wconf 88' lang='lat' dir='ltr'><strong>loca</strong></span> <span class='ocrx_word' id='word_1_524' title='bbox 2549 1621 2771 1695; x_wconf 86' lang='lat' dir='ltr'><strong>pelagus</strong></span> <span class='ocrx_word' id='word_1_525' title='bbox 2824 1623 3049 1691; x_wconf 86' lang='lat' dir='ltr'><strong>eﬁecit;</strong></span> <span class='ocrx_word' id='word_1_526' title='bbox 3122 1625 3230 1682; x_wconf 90' lang='lat' dir='ltr'><strong>cibi</strong></span> <span class='ocrx_word' id='word_1_527' title='bbox 3298 1627 3512 1699; x_wconf 73' lang='lat' dir='ltr'><strong>cupidis</strong></span> 
     </span>
    </p>
   </div>
   <div class='ocr_carea' id='block_1_77' title="bbox 1927 1709 3507 1792">
    <p class='ocr_par' dir='ltr' id='par_1_77' title="bbox 1927 1709 3507 1792">
     <span class='ocr_line' id='line_1_77' title="bbox 1927 1709 3507 1792; baseline 0.012 -34"><span class='ocrx_word' id='word_1_528' title='bbox 1927 1721 2123 1776; x_wconf 87' lang='lat' dir='ltr'><strong>panem</strong></span> <span class='ocrx_word' id='word_1_529' title='bbox 2144 1709 2196 1763; x_wconf 91' lang='lat' dir='ltr'><strong>in</strong></span> <span class='ocrx_word' id='word_1_530' title='bbox 2216 1711 2367 1766; x_wconf 67' lang='lat' dir='ltr'><strong>caelis</strong></span> <span class='ocrx_word' id='word_1_531' title='bbox 2384 1713 2718 1770; x_wconf 89' lang='lat' dir='ltr'><strong>elaboratum</strong></span> <span class='ocrx_word' id='word_1_532' title='bbox 2740 1716 2948 1788; x_wconf 89' lang='lat' dir='ltr'><strong>depluit</strong></span> <span class='ocrx_word' id='word_1_533' title='bbox 2970 1718 3159 1791; x_wconf 75' lang='lat' dir='ltr'><strong>(Exod.</strong></span> <span class='ocrx_word' id='word_1_534' title='bbox 3184 1736 3272 1785; x_wconf 82' lang='lat' dir='ltr'><strong>xv,</strong></span> <span class='ocrx_word' id='word_1_535' title='bbox 3291 1721 3317 1776; x_wconf 81' lang='grc'><strong>1</strong></span> <span class='ocrx_word' id='word_1_536' title='bbox 3339 1722 3507 1792; x_wconf 91' lang='lat' dir='ltr'><strong>sqq.).</strong></span> 
     </span>
    </p>
   </div>
   <div class='ocr_carea' id='block_1_78' title="bbox 1932 1795 3516 1879">
    <p class='ocr_par' dir='ltr' id='par_1_78' title="bbox 1932 1795 3516 1879">
     <span class='ocr_line' id='line_1_78' title="bbox 1932 1795 3516 1879; baseline 0.011 -30"><span class='ocrx_word' id='word_1_537' title='bbox 1932 1795 2031 1851; x_wconf 86' lang='lat' dir='ltr'><strong>His</strong></span> <span class='ocrx_word' id='word_1_538' title='bbox 2058 1812 2222 1868; x_wconf 86' lang='lat' dir='ltr'><strong>porro</strong></span> <span class='ocrx_word' id='word_1_539' title='bbox 2240 1816 2418 1872; x_wconf 90' lang='lat' dir='ltr'><strong>neque</strong></span> <span class='ocrx_word' id='word_1_540' title='bbox 2437 1803 2649 1869; x_wconf 88' lang='lat' dir='ltr'><strong>urbem,</strong></span> <span class='ocrx_word' id='word_1_541' title='bbox 2679 1820 2857 1876; x_wconf 90' lang='lat' dir='ltr'><strong>neque</strong></span> <span class='ocrx_word' id='word_1_542' title='bbox 2878 1806 3078 1873; x_wconf 90' lang='lat' dir='ltr'><strong>forum,</strong></span> <span class='ocrx_word' id='word_1_543' title='bbox 3108 1825 3289 1879; x_wconf 86' lang='lat' dir='ltr'><strong>neque</strong></span> <span class='ocrx_word' id='word_1_544' title='bbox 3318 1809 3516 1868; x_wconf 74' lang='lat' dir='ltr'><strong>domos</strong></span> 
     </span>
    </p>
   </div>
   <div class='ocr_carea' id='block_1_79' title="bbox 1928 1887 3516 1969">
    <p class='ocr_par' dir='ltr' id='par_1_79' title="bbox 1928 1887 3516 1969">
     <span class='ocr_line' id='line_1_79' title="bbox 1928 1887 3516 1969; baseline 0.008 -29"><span class='ocrx_word' id='word_1_545' title='bbox 1928 1887 2110 1943; x_wconf 87' lang='lat' dir='ltr'><strong>adhuc</strong></span> <span class='ocrx_word' id='word_1_546' title='bbox 2139 1889 2488 1959; x_wconf 86' lang='lat' dir='ltr'><strong>habentibus,</strong></span> <span class='ocrx_word' id='word_1_547' title='bbox 2526 1894 2623 1949; x_wconf 91' lang='lat' dir='ltr'><strong>sed</strong></span> <span class='ocrx_word' id='word_1_548' title='bbox 2658 1894 2715 1948; x_wconf 92' lang='lat' dir='ltr'><strong>in</strong></span> <span class='ocrx_word' id='word_1_549' title='bbox 2743 1902 2894 1951; x_wconf 87' lang='lat' dir='ltr'><strong>vasta</strong></span> <span class='ocrx_word' id='word_1_550' title='bbox 2921 1910 3108 1950; x_wconf 88' lang='lat' dir='ltr'><strong>eremo</strong></span> <span class='ocrx_word' id='word_1_551' title='bbox 3140 1898 3316 1969; x_wconf 86' lang='lat' dir='ltr'><strong>gregis</strong></span> <span class='ocrx_word' id='word_1_552' title='bbox 3340 1898 3516 1955; x_wconf 83' lang='lat' dir='ltr'><strong>instar</strong></span> 
     </span>
    </p>
   </div>
   <div class='ocr_carea' id='block_1_80' title="bbox 1930 1978 3513 2059">
    <p class='ocr_par' dir='ltr' id='par_1_80' title="bbox 1930 1978 3513 2059">
     <span class='ocr_line' id='line_1_80' title="bbox 1930 1978 3513 2059; baseline 0.006 -25"><span class='ocrx_word' id='word_1_553' title='bbox 1930 1978 2109 2034; x_wconf 87' lang='lat' dir='ltr'><strong>adhuc</strong></span> <span class='ocrx_word' id='word_1_554' title='bbox 2138 1981 2501 2046; x_wconf 87' lang='lat' dir='ltr'><strong>versantibus,</strong></span> <span class='ocrx_word' id='word_1_555' title='bbox 2539 1983 2649 2036; x_wconf 85' lang='lat' dir='ltr'><strong>dux</strong></span> <span class='ocrx_word' id='word_1_556' title='bbox 2694 1985 2880 2054; x_wconf 83' lang='lat' dir='ltr'><strong>pepuli</strong></span> <span class='ocrx_word' id='word_1_557' title='bbox 2941 1984 3159 2056; x_wconf 83' lang='lat' dir='ltr'><strong>Moyses</strong></span> <span class='ocrx_word' id='word_1_558' title='bbox 3213 1988 3281 2042; x_wconf 94' lang='lat' dir='ltr'><strong>ad</strong></span> <span class='ocrx_word' id='word_1_559' title='bbox 3328 1996 3513 2059; x_wconf 90' lang='lat' dir='ltr'><strong>patres</strong></span> 
     </span>
    </p>
   </div>
   <div class='ocr_carea' id='block_1_81' title="bbox 1930 2072 3511 2150">
    <p class='ocr_par' dir='ltr' id='par_1_81' title="bbox 1930 2072 3511 2150">
     <span class='ocr_line' id='line_1_81' title="bbox 1930 2072 3511 2150; baseline 0.006 -26"><span class='ocrx_word' id='word_1_560' title='bbox 1930 2085 2059 2124; x_wconf 90' lang='lat' dir='ltr'><strong>suos</strong></span> <span class='ocrx_word' id='word_1_561' title='bbox 2087 2072 2395 2141; x_wconf 84' lang='lat' dir='ltr'><strong>apponitur.</strong></span> <span class='ocrx_word' id='word_1_562' title='bbox 2430 2072 2570 2139; x_wconf 90' lang='lat' dir='ltr'><strong>Quid</strong></span> <span class='ocrx_word' id='word_1_563' title='bbox 2615 2086 2746 2145; x_wconf 88' lang='lat' dir='ltr'><strong>ergo</strong></span> <span class='ocrx_word' id='word_1_564' title='bbox 2789 2075 2876 2130; x_wconf 93' lang='lat' dir='ltr'><strong>his</strong></span> <span class='ocrx_word' id='word_1_565' title='bbox 2918 2076 3187 2148; x_wconf 86' lang='lat' dir='ltr'><strong>agendum</strong></span> <span class='ocrx_word' id='word_1_566' title='bbox 3237 2088 3374 2143; x_wconf 89' lang='lat' dir='ltr'><strong>erat,</strong></span> <span class='ocrx_word' id='word_1_567' title='bbox 3417 2080 3511 2150; x_wconf 85' lang='lat' dir='ltr'><strong>qui</strong></span> 
     </span>
    </p>
   </div>
   <div class='ocr_carea' id='block_1_82' title="bbox 1929 2160 3510 2240">
    <p class='ocr_par' dir='ltr' id='par_1_82' title="bbox 1929 2160 3510 2240">
     <span class='ocr_line' id='line_1_82' title="bbox 1929 2160 3510 2240; baseline 0.006 -25"><span class='ocrx_word' id='word_1_568' title='bbox 1929 2176 2029 2231; x_wconf 89' lang='lat' dir='ltr'><strong>per</strong></span> <span class='ocrx_word' id='word_1_569' title='bbox 2063 2160 2279 2234; x_wconf 78' lang='lat' dir='ltr'><strong>Moysen</strong></span> <span class='ocrx_word' id='word_1_570' title='bbox 2308 2164 2628 2233; x_wconf 89' lang='lat' dir='ltr'><strong>promissam</strong></span> <span class='ocrx_word' id='word_1_571' title='bbox 2658 2168 3049 2237; x_wconf 83' lang='lat' dir='ltr'><strong>exspectabant</strong></span> <span class='ocrx_word' id='word_1_572' title='bbox 3096 2183 3293 2240; x_wconf 89' lang='lat' dir='ltr'><strong>capere</strong></span> <span class='ocrx_word' id='word_1_573' title='bbox 3332 2171 3510 2226; x_wconf 73' lang='lat' dir='ltr'><strong>luere-</strong></span> 
     </span>
    </p>
   </div>
   <div class='ocr_carea' id='block_1_83' title="bbox 1931 2250 3513 2327">
    <p class='ocr_par' dir='ltr' id='par_1_83' title="bbox 1931 2250 3513 2327">
     <span class='ocr_line' id='line_1_83' title="bbox 1931 2250 3513 2327; baseline 0.005 -22"><span class='ocrx_word' id='word_1_574' title='bbox 1931 2250 2153 2305; x_wconf 83' lang='lat' dir='ltr'><strong>ditatem</strong></span> <span class='ocrx_word' id='word_1_575' title='bbox 2183 2252 2366 2307; x_wconf 87' lang='lat' dir='ltr'><strong>?Num</strong></span> <span class='ocrx_word' id='word_1_576' title='bbox 2396 2253 2449 2307; x_wconf 92' lang='lat' dir='ltr'><strong>in</strong></span> <span class='ocrx_word' id='word_1_577' title='bbox 2483 2252 2798 2326; x_wconf 65' lang='lat' dir='ltr'><strong>ngyptum,</strong></span> <span class='ocrx_word' id='word_1_578' title='bbox 2832 2256 2920 2311; x_wconf 87' lang='lat' dir='ltr'><strong>die</strong></span> <span class='ocrx_word' id='word_1_579' title='bbox 2946 2257 3101 2321; x_wconf 89' lang='lat' dir='ltr'><strong>mihi,</strong></span> <span class='ocrx_word' id='word_1_580' title='bbox 3130 2259 3513 2327; x_wconf 90' lang='lat' dir='ltr'><strong>desperatione</strong></span> 
     </span>
    </p>
   </div>
   <div class='ocr_carea' id='block_1_84' title="bbox 1931 2341 3515 2406">
    <p class='ocr_par' dir='ltr' id='par_1_84' title="bbox 1931 2341 3515 2406">
     <span class='ocr_line' id='line_1_84' title="bbox 1931 2341 3515 2406; baseline 0.007 -11"><span class='ocrx_word' id='word_1_581' title='bbox 1931 2341 2316 2398; x_wconf 89' lang='lat' dir='ltr'><strong>redeundum?</strong></span> <span class='ocrx_word' id='word_1_582' title='bbox 2368 2344 2439 2400; x_wconf 86' lang='lat' dir='ltr'><strong>At</strong></span> <span class='ocrx_word' id='word_1_583' title='bbox 2498 2356 2647 2402; x_wconf 91' lang='lat' dir='ltr'><strong>certe</strong></span> <span class='ocrx_word' id='word_1_584' title='bbox 2702 2347 2917 2403; x_wconf 87' lang='lat' dir='ltr'><strong>illorum</strong></span> <span class='ocrx_word' id='word_1_585' title='bbox 2972 2350 3255 2406; x_wconf 89' lang='lat' dir='ltr'><strong>stultitiam</strong></span> <span class='ocrx_word' id='word_1_586' title='bbox 3306 2350 3515 2406; x_wconf 88' lang='lat' dir='ltr'><strong>risisset</strong></span> 
     </span>
    </p>
   </div>
   <div class='ocr_carea' id='block_1_85' title="bbox 1930 2431 3513 2514">
    <p class='ocr_par' dir='ltr' id='par_1_85' title="bbox 1930 2431 3513 2514">
     <span class='ocr_line' id='line_1_85' title="bbox 1930 2431 3513 2514; baseline 0.009 -30"><span class='ocrx_word' id='word_1_587' title='bbox 1930 2431 2127 2503; x_wconf 82' lang='lat' dir='ltr'><strong>Moysis</strong></span> <span class='ocrx_word' id='word_1_588' title='bbox 2155 2434 2210 2487; x_wconf 93' lang='lat' dir='ltr'><strong>in</strong></span> <span class='ocrx_word' id='word_1_589' title='bbox 2247 2451 2473 2492; x_wconf 91' lang='lat' dir='ltr'><strong>munere</strong></span> <span class='ocrx_word' id='word_1_590' title='bbox 2502 2453 2788 2494; x_wconf 83' lang='lat' dir='ltr'><strong>successor</strong></span> <span class='ocrx_word' id='word_1_591' title='bbox 2817 2439 3002 2507; x_wconf 75' lang='lat' dir='ltr'><strong>Iosue,</strong></span> <span class='ocrx_word' id='word_1_592' title='bbox 3044 2442 3135 2511; x_wconf 91' lang='lat' dir='ltr'><strong>qui</strong></span> <span class='ocrx_word' id='word_1_593' title='bbox 3177 2441 3513 2514; x_wconf 88' lang='lat' dir='ltr'><strong>alienigena-</strong></span> 
     </span>
    </p>
   </div>
   <div class='ocr_carea' id='block_1_86' title="bbox 1933 2529 3516 2604">
    <p class='ocr_par' dir='ltr' id='par_1_86' title="bbox 1933 2529 3516 2604">
     <span class='ocr_line' id='line_1_86' title="bbox 1933 2529 3516 2604; baseline 0.008 -25"><span class='ocrx_word' id='word_1_594' title='bbox 1933 2542 2051 2581; x_wconf 92' lang='lat' dir='ltr'><strong>rum</strong></span> <span class='ocrx_word' id='word_1_595' title='bbox 2084 2529 2248 2583; x_wconf 72' lang='lat' dir='ltr'><strong>urbes</strong></span> <span class='ocrx_word' id='word_1_596' title='bbox 2274 2531 2545 2587; x_wconf 65' lang='lat' dir='ltr'><strong>inmanibus</strong></span> <span class='ocrx_word' id='word_1_597' title='bbox 2571 2534 2932 2589; x_wconf 88' lang='lat' dir='ltr'><strong>communitas</strong></span> <span class='ocrx_word' id='word_1_598' title='bbox 2960 2534 3126 2604; x_wconf 87' lang='lat' dir='ltr'><strong>cepit,</strong></span> <span class='ocrx_word' id='word_1_599' title='bbox 3163 2535 3326 2589; x_wconf 90' lang='lat' dir='ltr'><strong>modo</strong></span> <span class='ocrx_word' id='word_1_600' title='bbox 3353 2535 3516 2591; x_wconf 88' lang='lat' dir='ltr'><strong>tuba-</strong></span> 
     </span>
    </p>
   </div>
   <div class='ocr_carea' id='block_1_87' title="bbox 1933 2621 3515 2697">
    <p class='ocr_par' dir='ltr' id='par_1_87' title="bbox 1933 2621 3515 2697">
     <span class='ocr_line' id='line_1_87' title="bbox 1933 2621 3515 2697; baseline 0.006 -25"><span class='ocrx_word' id='word_1_601' title='bbox 1933 2635 2053 2673; x_wconf 87' lang='lat' dir='ltr'><strong>rum</strong></span> <span class='ocrx_word' id='word_1_602' title='bbox 2101 2621 2281 2677; x_wconf 88' lang='lat' dir='ltr'><strong>sonitu</strong></span> <span class='ocrx_word' id='word_1_603' title='bbox 2340 2622 2470 2695; x_wconf 82' lang='lat' dir='ltr'><strong>(Jos.</strong></span> <span class='ocrx_word' id='word_1_604' title='bbox 2513 2640 2586 2688; x_wconf 70' lang='lat' dir='ltr'><strong>vr,</strong></span> <span class='ocrx_word' id='word_1_605' title='bbox 2622 2625 2647 2678; x_wconf 77' lang='grc'><strong>1</strong></span> <span class='ocrx_word' id='word_1_606' title='bbox 2682 2623 2865 2696; x_wconf 86' lang='lat' dir='ltr'><strong>sqq.),</strong></span> <span class='ocrx_word' id='word_1_607' title='bbox 2896 2625 3058 2679; x_wconf 88' lang='lat' dir='ltr'><strong>modo</strong></span> <span class='ocrx_word' id='word_1_608' title='bbox 3107 2626 3515 2697; x_wconf 82' lang='lat' dir='ltr'><strong>exspectatione</strong></span> 
     </span>
    </p>
   </div>
   <div class='ocr_carea' id='block_1_88' title="bbox 1933 2714 3515 2787">
    <p class='ocr_par' dir='ltr' id='par_1_88' title="bbox 1933 2714 3515 2787">
     <span class='ocr_line' id='line_1_88' title="bbox 1933 2714 3515 2787; baseline 0.004 -22"><span class='ocrx_word' id='word_1_609' title='bbox 1933 2714 2309 2769; x_wconf 79' lang='lat' dir='ltr'><strong>tantummodo</strong></span> <span class='ocrx_word' id='word_1_610' title='bbox 2337 2715 2421 2770; x_wconf 88' lang='lat' dir='ltr'><strong>vel</strong></span> <span class='ocrx_word' id='word_1_611' title='bbox 2464 2717 2791 2786; x_wconf 71' lang='lat' dir='ltr'><strong>pra-sentis:</strong></span> <span class='ocrx_word' id='word_1_612' title='bbox 2843 2717 3080 2787; x_wconf 85' lang='lat' dir='ltr'><strong>denique</strong></span> <span class='ocrx_word' id='word_1_613' title='bbox 3118 2725 3175 2772; x_wconf 91' lang='lat' dir='ltr'><strong>et</strong></span> <span class='ocrx_word' id='word_1_614' title='bbox 3221 2717 3515 2772; x_wconf 90' lang='lat' dir='ltr'><strong>nonnullos</strong></span> 
     </span>
    </p>
   </div>
   <div class='ocr_carea' id='block_1_89' title="bbox 1934 2800 3517 2880">
    <p class='ocr_par' dir='ltr' id='par_1_89' title="bbox 1934 2800 3517 2880">
     <span class='ocr_line' id='line_1_89' title="bbox 1934 2800 3517 2880; baseline 0.004 -23"><span class='ocrx_word' id='word_1_615' title='bbox 1934 2800 2068 2857; x_wconf 72' lang='lat' dir='ltr'><strong>vidit</strong></span> <span class='ocrx_word' id='word_1_616' title='bbox 2097 2804 2388 2860; x_wconf 83' lang='lat' dir='ltr'><strong>artiﬁciosa</strong></span> <span class='ocrx_word' id='word_1_617' title='bbox 2417 2805 2608 2862; x_wconf 86' lang='lat' dir='ltr'><strong>fraude</strong></span> <span class='ocrx_word' id='word_1_618' title='bbox 2643 2816 2881 2873; x_wconf 87' lang='lat' dir='ltr'><strong>utentes,</strong></span> <span class='ocrx_word' id='word_1_619' title='bbox 2914 2817 2974 2863; x_wconf 92' lang='lat' dir='ltr'><strong>ut</strong></span> <span class='ocrx_word' id='word_1_620' title='bbox 3003 2812 3317 2880; x_wconf 71' lang='lat' dir='ltr'><strong>spentaneae</strong></span> <span class='ocrx_word' id='word_1_621' title='bbox 3342 2807 3517 2865; x_wconf 87' lang='lat' dir='ltr'><strong>servi-</strong></span> 
     </span>
    </p>
   </div>
   <div class='ocr_carea' id='block_1_90' title="bbox 1935 2894 2579 2965">
    <p class='ocr_par' dir='ltr' id='par_1_90' title="bbox 1935 2894 2579 2965">
     <span class='ocr_line' id='line_1_90' title="bbox 1935 2894 2579 2965; baseline 0.008 -19"><span class='ocrx_word' id='word_1_622' title='bbox 1935 2894 2068 2948; x_wconf 89' lang='lat' dir='ltr'><strong>tutis</strong></span> <span class='ocrx_word' id='word_1_623' title='bbox 2091 2895 2280 2965; x_wconf 89' lang='lat' dir='ltr'><strong>jngum</strong></span> <span class='ocrx_word' id='word_1_624' title='bbox 2312 2896 2579 2951; x_wconf 88' lang='lat' dir='ltr'><strong>subirent.</strong></span> 
     </span>
    </p>
   </div>
   <div class='ocr_carea' id='block_1_91' title="bbox 2007 2987 3518 3065">
    <p class='ocr_par' dir='ltr' id='par_1_91' title="bbox 2007 2987 3518 3065">
     <span class='ocr_line' id='line_1_91' title="bbox 2007 2987 3518 3065; baseline 0.005 -24"><span class='ocrx_word' id='word_1_625' title='bbox 2007 2988 2056 3041; x_wconf 90' lang='lat'><strong>7.</strong></span> <span class='ocrx_word' id='word_1_626' title='bbox 2088 2987 2232 3041; x_wconf 82' lang='lat' dir='ltr'><strong>Elias</strong></span> <span class='ocrx_word' id='word_1_627' title='bbox 2266 2988 2555 3058; x_wconf 86' lang='lat' dir='ltr'><strong>aliquando</strong></span> <span class='ocrx_word' id='word_1_628' title='bbox 2586 2990 2765 3044; x_wconf 90' lang='lat' dir='ltr'><strong>aiebat</strong></span> <span class='ocrx_word' id='word_1_629' title='bbox 2792 2989 2968 3046; x_wconf 88' lang='lat' dir='ltr'><strong>solum</strong></span> <span class='ocrx_word' id='word_1_630' title='bbox 3000 3007 3060 3047; x_wconf 91' lang='lat' dir='ltr'><strong>se</strong></span> <span class='ocrx_word' id='word_1_631' title='bbox 3104 2993 3352 3048; x_wconf 90' lang='lat' dir='ltr'><strong>relictum</strong></span> <span class='ocrx_word' id='word_1_632' title='bbox 3403 2993 3518 3065; x_wconf 86' lang='lat' dir='ltr'><strong>(qui</strong></span> 
     </span>
    </p>
   </div>
   <div class='ocr_carea' id='block_1_92' title="bbox 1937 3078 3518 3155">
    <p class='ocr_par' dir='ltr' id='par_1_92' title="bbox 1937 3078 3518 3155">
     <span class='ocr_line' id='line_1_92' title="bbox 1937 3078 3518 3155; baseline 0.005 -23"><span class='ocrx_word' id='word_1_633' title='bbox 1937 3078 2050 3133; x_wconf 89' lang='lat' dir='ltr'><strong>Deo</strong></span> <span class='ocrx_word' id='word_1_634' title='bbox 2077 3080 2366 3149; x_wconf 86' lang='lat' dir='ltr'><strong>serviret),</strong></span> <span class='ocrx_word' id='word_1_635' title='bbox 2402 3096 2635 3153; x_wconf 80' lang='lat' dir='ltr'><strong>moxque</strong></span> <span class='ocrx_word' id='word_1_636' title='bbox 2667 3082 2866 3151; x_wconf 85' lang='lat' dir='ltr'><strong>reperit</strong></span> <span class='ocrx_word' id='word_1_637' title='bbox 2891 3092 3115 3138; x_wconf 90' lang='lat' dir='ltr'><strong>centum</strong></span> <span class='ocrx_word' id='word_1_638' title='bbox 3140 3086 3437 3155; x_wconf 87' lang='lat' dir='ltr'><strong>prophetas</strong></span> <span class='ocrx_word' id='word_1_639' title='bbox 3460 3085 3518 3141; x_wconf 90' lang='lat' dir='ltr'><strong>in</strong></span> 
     </span>
    </p>
   </div>
   <div class='ocr_carea' id='block_1_93' title="bbox 1937 3172 3519 3245">
    <p class='ocr_par' dir='ltr' id='par_1_93' title="bbox 1937 3172 3519 3245">
     <span class='ocr_line' id='line_1_93' title="bbox 1937 3172 3519 3245; baseline 0.004 -19"><span class='ocrx_word' id='word_1_640' title='bbox 1937 3172 2213 3242; x_wconf 90' lang='lat' dir='ltr'><strong>speluncis</strong></span> <span class='ocrx_word' id='word_1_641' title='bbox 2240 3174 2507 3240; x_wconf 86' lang='lat' dir='ltr'><strong>viventes,</strong></span> <span class='ocrx_word' id='word_1_642' title='bbox 2554 3175 2871 3245; x_wconf 89' lang='lat' dir='ltr'><strong>audivitque</strong></span> <span class='ocrx_word' id='word_1_643' title='bbox 2923 3175 3214 3231; x_wconf 86' lang='lat' dir='ltr'><strong>Dominum</strong></span> <span class='ocrx_word' id='word_1_644' title='bbox 3266 3177 3369 3232; x_wconf 90' lang='lat' dir='ltr'><strong>sibi</strong></span> <span class='ocrx_word' id='word_1_645' title='bbox 3432 3178 3519 3233; x_wconf 89' lang='lat' dir='ltr'><strong>di-</strong></span> 
     </span>
    </p>
   </div>
   <div class='ocr_carea' id='block_1_94' title="bbox 1938 3264 3521 3336">
    <p class='ocr_par' dir='ltr' id='par_1_94' title="bbox 1938 3264 3521 3336">
     <span class='ocr_line' id='line_1_94' title="bbox 1938 3264 3521 3336; baseline 0.001 -17"><span class='ocrx_word' id='word_1_646' title='bbox 1938 3274 2153 3319; x_wconf 87' lang='lat' dir='ltr'><strong>centem</strong></span> <span class='ocrx_word' id='word_1_647' title='bbox 2181 3282 2194 3318; x_wconf 91' lang='lat'><strong>:</strong></span> <span class='ocrx_word' id='word_1_648' title='bbox 2228 3264 2449 3335; x_wconf 82' lang='lat' dir='ltr'><strong>Reliqua</strong></span> <span class='ocrx_word' id='word_1_649' title='bbox 2484 3265 2613 3318; x_wconf 84' lang='lat' dir='ltr'><strong>mihi</strong></span> <span class='ocrx_word' id='word_1_650' title='bbox 2644 3265 2741 3335; x_wconf 81' lang='lat' dir='ltr'><strong>feci</strong></span> <span class='ocrx_word' id='word_1_651' title='bbox 2770 3282 2862 3319; x_wconf 78' lang='lat' dir='ltr'><strong>sea:</strong></span> <span class='ocrx_word' id='word_1_652' title='bbox 2893 3264 3062 3319; x_wconf 79' lang='lat' dir='ltr'><strong>millia</strong></span> <span class='ocrx_word' id='word_1_653' title='bbox 3108 3264 3396 3331; x_wconf 83' lang='lat' dir='ltr'><strong>hominum,</strong></span> <span class='ocrx_word' id='word_1_654' title='bbox 3429 3268 3521 3336; x_wconf 70' lang='lat' dir='ltr'><strong>qui</strong></span> 
     </span>
    </p>
   </div>
   <div class='ocr_carea' id='block_1_95' title="bbox 1939 3352 3520 3427">
    <p class='ocr_par' dir='ltr' id='par_1_95' title="bbox 1939 3352 3520 3427">
     <span class='ocr_line' id='line_1_95' title="bbox 1939 3352 3520 3427; baseline 0.003 -19"><span class='ocrx_word' id='word_1_655' title='bbox 1939 3370 2072 3427; x_wconf 87' lang='lat' dir='ltr'><strong>genu</strong></span> <span class='ocrx_word' id='word_1_656' title='bbox 2102 3353 2262 3409; x_wconf 78' lang='lat' dir='ltr'><strong>Bauli</strong></span> <span class='ocrx_word' id='word_1_657' title='bbox 2288 3371 2389 3408; x_wconf 87' lang='lat' dir='ltr'><strong>non</strong></span> <span class='ocrx_word' id='word_1_658' title='bbox 2417 3357 2675 3423; x_wconf 73' lang='lat' dir='ltr'><strong>ﬂexerunt</strong></span> <span class='ocrx_word' id='word_1_659' title='bbox 2708 3352 2816 3422; x_wconf 83' lang='lat' dir='ltr'><strong><em>(III</em></strong></span> <span class='ocrx_word' id='word_1_660' title='bbox 2848 3355 2974 3426; x_wconf 82' lang='lat' dir='ltr'><strong>Reg.</strong></span> <span class='ocrx_word' id='word_1_661' title='bbox 3010 3372 3121 3422; x_wconf 67' lang='lat' dir='ltr'><strong>nux,</strong></span> <span class='ocrx_word' id='word_1_662' title='bbox 3156 3356 3264 3424; x_wconf 83' lang='lat' dir='ltr'><strong>l8).</strong></span> <span class='ocrx_word' id='word_1_663' title='bbox 3300 3356 3520 3413; x_wconf 84' lang='lat' dir='ltr'><strong>Postre-</strong></span> 
     </span>
    </p>
   </div>
   <div class='ocr_carea' id='block_1_96' title="bbox 1940 3446 3520 3518">
    <p class='ocr_par' dir='ltr' id='par_1_96' title="bbox 1940 3446 3520 3518">
     <span class='ocr_line' id='line_1_96' title="bbox 1940 3446 3520 3518; baseline 0.001 -17"><span class='ocrx_word' id='word_1_664' title='bbox 1940 3461 2030 3501; x_wconf 91' lang='lat' dir='ltr'><strong>mo</strong></span> <span class='ocrx_word' id='word_1_665' title='bbox 2060 3446 2175 3516; x_wconf 88' lang='lat' dir='ltr'><strong>ipse</strong></span> <span class='ocrx_word' id='word_1_666' title='bbox 2192 3460 2352 3499; x_wconf 91' lang='lat' dir='ltr'><strong>curru</strong></span> <span class='ocrx_word' id='word_1_667' title='bbox 2371 3446 2463 3501; x_wconf 89' lang='lat' dir='ltr'><strong>illo</strong></span> <span class='ocrx_word' id='word_1_668' title='bbox 2489 3460 2807 3512; x_wconf 90' lang='lat' dir='ltr'><strong>conscenso,</strong></span> <span class='ocrx_word' id='word_1_669' title='bbox 2828 3446 3107 3518; x_wconf 83' lang='lat' dir='ltr'><strong>igneisque</strong></span> <span class='ocrx_word' id='word_1_670' title='bbox 3136 3446 3236 3502; x_wconf 91' lang='lat' dir='ltr'><strong>alis</strong></span> <span class='ocrx_word' id='word_1_671' title='bbox 3254 3449 3520 3503; x_wconf 82' lang='lat' dir='ltr'><strong>incoelum</strong></span> 
     </span>
    </p>
   </div>
   <div class='ocr_carea' id='block_1_97' title="bbox 1940 3537 3524 3610">
    <p class='ocr_par' dir='ltr' id='par_1_97' title="bbox 1940 3537 3524 3610">
     <span class='ocr_line' id='line_1_97' title="bbox 1940 3537 3524 3610; baseline 0.001 -19"><span class='ocrx_word' id='word_1_672' title='bbox 1940 3538 2149 3601; x_wconf 85' lang='lat' dir='ltr'><strong>volans,</strong></span> <span class='ocrx_word' id='word_1_673' title='bbox 2181 3537 2437 3593; x_wconf 75' lang='lat' dir='ltr'><strong>Elisaeum</strong></span> <span class='ocrx_word' id='word_1_674' title='bbox 2468 3538 2680 3604; x_wconf 89' lang='lat' dir='ltr'><strong>habuit,</strong></span> <span class='ocrx_word' id='word_1_675' title='bbox 2718 3539 2812 3610; x_wconf 86' lang='lat' dir='ltr'><strong>qui</strong></span> <span class='ocrx_word' id='word_1_676' title='bbox 2840 3540 2896 3594; x_wconf 91' lang='lat' dir='ltr'><strong>in</strong></span> <span class='ocrx_word' id='word_1_677' title='bbox 2928 3556 2986 3595; x_wconf 90' lang='lat' dir='ltr'><strong>se</strong></span> <span class='ocrx_word' id='word_1_678' title='bbox 3014 3540 3186 3595; x_wconf 77' lang='lat' dir='ltr'><strong>Ellam</strong></span> <span class='ocrx_word' id='word_1_679' title='bbox 3220 3556 3524 3609; x_wconf 70' lang='lat' dir='ltr'><strong>repraesen-</strong></span> 
     </span>
    </p>
   </div>
   <div class='ocr_carea' id='block_1_98' title="bbox 1944 3628 3524 3699">
    <p class='ocr_par' dir='ltr' id='par_1_98' title="bbox 1944 3628 3524 3699">
     <span class='ocr_line' id='line_1_98' title="bbox 1944 3628 3524 3699; baseline 0 -16"><span class='ocrx_word' id='word_1_680' title='bbox 1944 3628 2098 3690; x_wconf 88' lang='lat' dir='ltr'><strong>tavit,</strong></span> <span class='ocrx_word' id='word_1_681' title='bbox 2128 3629 2239 3683; x_wconf 89' lang='lat' dir='ltr'><strong>imo</strong></span> <span class='ocrx_word' id='word_1_682' title='bbox 2295 3629 2468 3699; x_wconf 86' lang='lat' dir='ltr'><strong>major</strong></span> <span class='ocrx_word' id='word_1_683' title='bbox 2514 3629 2788 3685; x_wconf 91' lang='lat' dir='ltr'><strong>interdum</strong></span> <span class='ocrx_word' id='word_1_684' title='bbox 2824 3629 2972 3685; x_wconf 85' lang='lat' dir='ltr'><strong>visus</strong></span> <span class='ocrx_word' id='word_1_685' title='bbox 3021 3636 3126 3696; x_wconf 85' lang='lat' dir='ltr'><strong>est,</strong></span> <span class='ocrx_word' id='word_1_686' title='bbox 3184 3639 3347 3698; x_wconf 89' lang='lat' dir='ltr'><strong>prout</strong></span> <span class='ocrx_word' id='word_1_687' title='bbox 3407 3630 3524 3699; x_wconf 91' lang='lat' dir='ltr'><strong>ipse</strong></span> 
     </span>
    </p>
   </div>
   <div class='ocr_carea' id='block_1_99' title="bbox 1942 3707 3525 3794">
    <p class='ocr_par' dir='ltr' id='par_1_99' title="bbox 1942 3707 3525 3794">
     <span class='ocr_line' id='line_1_99' title="bbox 1942 3707 3525 3794; baseline 0.001 -19"><span class='ocrx_word' id='word_1_688' title='bbox 1942 3721 2151 3791; x_wconf 88' lang='lat' dir='ltr'><strong>optavit</strong></span> <span class='ocrx_word' id='word_1_689' title='bbox 2180 3720 2276 3788; x_wconf 86' lang='lat' dir='ltr'><strong>(IV</strong></span> <span class='ocrx_word' id='word_1_690' title='bbox 2311 3719 2435 3793; x_wconf 83' lang='lat' dir='ltr'><strong>Reg.</strong></span> <span class='ocrx_word' id='word_1_691' title='bbox 2471 3738 2533 3788; x_wconf 82' lang='grc' dir='ltr'>ιι,</span> <span class='ocrx_word' id='word_1_692' title='bbox 2571 3719 2667 3794; x_wconf 90' lang='lat'><strong>9).</strong></span> <span class='ocrx_word' id='word_1_693' title='bbox 2720 3721 2853 3777; x_wconf 89' lang='lat' dir='ltr'><strong>Siue</strong></span> <span class='ocrx_word' id='word_1_694' title='bbox 2900 3707 3067 3778; x_wconf 82' lang='lat' dir='ltr'><strong>dubio</strong></span> <span class='ocrx_word' id='word_1_695' title='bbox 3102 3716 3263 3778; x_wconf 89' lang='lat' dir='ltr'><strong>nunc</strong></span> <span class='ocrx_word' id='word_1_696' title='bbox 3309 3737 3525 3791; x_wconf 89' lang='lat' dir='ltr'><strong>quoque</strong></span> 
     </span>
    </p>
   </div>
   <div class='ocr_carea' id='block_1_100' title="bbox 1943 3813 3523 3885">
    <p class='ocr_par' dir='ltr' id='par_1_100' title="bbox 1943 3813 3523 3885">
     <span class='ocr_line' id='line_1_100' title="bbox 1943 3813 3523 3885; baseline 0 -17"><span class='ocrx_word' id='word_1_697' title='bbox 1943 3814 2076 3869; x_wconf 89' lang='lat' dir='ltr'><strong>latet</strong></span> <span class='ocrx_word' id='word_1_698' title='bbox 2108 3814 2311 3869; x_wconf 88' lang='lat' dir='ltr'><strong>alicubi</strong></span> <span class='ocrx_word' id='word_1_699' title='bbox 2356 3814 2606 3880; x_wconf 61' lang='lat' dir='ltr'><strong>Elisaaus,</strong></span> <span class='ocrx_word' id='word_1_700' title='bbox 2653 3814 2747 3885; x_wconf 90' lang='lat' dir='ltr'><strong>qui</strong></span> <span class='ocrx_word' id='word_1_701' title='bbox 2783 3815 2962 3871; x_wconf 86' lang='lat' dir='ltr'><strong>Patris</strong></span> <span class='ocrx_word' id='word_1_702' title='bbox 3002 3815 3242 3871; x_wconf 89' lang='lat' dir='ltr'><strong>meloten</strong></span> <span class='ocrx_word' id='word_1_703' title='bbox 3280 3813 3523 3870; x_wconf 84' lang='lat' dir='ltr'><strong>sustulit.</strong></span> 
     </span>
    </p>
   </div>
   <div class='ocr_carea' id='block_1_101' title="bbox 1945 3904 3525 3978">
    <p class='ocr_par' dir='ltr' id='par_1_101' title="bbox 1945 3904 3525 3978">
     <span class='ocr_line' id='line_1_101' title="bbox 1945 3904 3525 3978; baseline -0.002 -17"><span class='ocrx_word' id='word_1_704' title='bbox 1945 3905 2108 3973; x_wconf 91' lang='lat' dir='ltr'><strong>Quid,</strong></span> <span class='ocrx_word' id='word_1_705' title='bbox 2138 3923 2255 3973; x_wconf 90' lang='lat' dir='ltr'><strong>oro,</strong></span> <span class='ocrx_word' id='word_1_706' title='bbox 2295 3907 2340 3961; x_wconf 92' lang='lat' dir='ltr'><strong>si</strong></span> <span class='ocrx_word' id='word_1_707' title='bbox 2368 3916 2425 3962; x_wconf 91' lang='lat' dir='ltr'><strong>tu</strong></span> <span class='ocrx_word' id='word_1_708' title='bbox 2477 3908 2564 3962; x_wconf 90' lang='lat' dir='ltr'><strong>illa</strong></span> <span class='ocrx_word' id='word_1_709' title='bbox 2593 3914 2754 3963; x_wconf 69' lang='lat' dir='ltr'><strong>aetate</strong></span> <span class='ocrx_word' id='word_1_710' title='bbox 2805 3907 3055 3974; x_wconf 83' lang='lat' dir='ltr'><strong>vixisses,</strong></span> <span class='ocrx_word' id='word_1_711' title='bbox 3114 3923 3220 3978; x_wconf 92' lang='lat' dir='ltr'><strong>qua</strong></span> <span class='ocrx_word' id='word_1_712' title='bbox 3268 3904 3525 3961; x_wconf 88' lang='lat' dir='ltr'><strong>Servator</strong></span> 
     </span>
    </p>
   </div>
   <div class='ocr_carea' id='block_1_102' title="bbox 1946 3997 3525 4070">
    <p class='ocr_par' dir='ltr' id='par_1_102' title="bbox 1946 3997 3525 4070">
     <span class='ocr_line' id='line_1_102' title="bbox 1946 3997 3525 4070; baseline -0.002 -18"><span class='ocrx_word' id='word_1_713' title='bbox 1946 3998 2217 4069; x_wconf 85' lang='lat' dir='ltr'><strong>apparuit,</strong></span> <span class='ocrx_word' id='word_1_714' title='bbox 2246 4006 2409 4069; x_wconf 89' lang='lat' dir='ltr'><strong>atque</strong></span> <span class='ocrx_word' id='word_1_715' title='bbox 2459 4000 2534 4054; x_wconf 91' lang='lat' dir='ltr'><strong>ita</strong></span> <span class='ocrx_word' id='word_1_716' title='bbox 2585 4015 2711 4055; x_wconf 93' lang='lat' dir='ltr'><strong>cum</strong></span> <span class='ocrx_word' id='word_1_717' title='bbox 2766 3999 3025 4070; x_wconf 86' lang='lat' dir='ltr'><strong>apostolis</strong></span> <span class='ocrx_word' id='word_1_718' title='bbox 3076 4013 3322 4063; x_wconf 90' lang='lat' dir='ltr'><strong>versans,</strong></span> <span class='ocrx_word' id='word_1_719' title='bbox 3373 3997 3525 4051; x_wconf 85' lang='lat' dir='ltr'><strong>illum</strong></span> 
     </span>
    </p>
   </div>
   <div class='ocr_carea' id='block_1_103' title="bbox 1946 4089 3528 4159">
    <p class='ocr_par' dir='ltr' id='par_1_103' title="bbox 1946 4089 3528 4159">
     <span class='ocr_line' id='line_1_103' title="bbox 1946 4089 3528 4159; baseline -0.001 -15"><span class='ocrx_word' id='word_1_720' title='bbox 1946 4090 2163 4159; x_wconf 85' lang='lat' dir='ltr'><strong>quidem</strong></span> <span class='ocrx_word' id='word_1_721' title='bbox 2194 4090 2513 4147; x_wconf 83' lang='lat' dir='ltr'><strong>crucifixum</strong></span> <span class='ocrx_word' id='word_1_722' title='bbox 2543 4091 2797 4157; x_wconf 88' lang='lat' dir='ltr'><strong>vidisses,</strong></span> <span class='ocrx_word' id='word_1_723' title='bbox 2846 4089 3195 4147; x_wconf 77' lang='lat' dir='ltr'><strong>cruciﬁxores</strong></span> <span class='ocrx_word' id='word_1_724' title='bbox 3242 4097 3429 4143; x_wconf 88' lang='lat' dir='ltr'><strong>autem</strong></span> <span class='ocrx_word' id='word_1_725' title='bbox 3476 4096 3528 4143; x_wconf 86' lang='lat' dir='ltr'><strong>te</strong></span> 
     </span>
    </p>
   </div>
   <div class='ocr_carea' id='block_1_104' title="bbox 1950 4181 3527 4249">
    <p class='ocr_par' dir='ltr' id='par_1_104' title="bbox 1950 4181 3527 4249">
     <span class='ocr_line' id='line_1_104' title="bbox 1950 4181 3527 4249; baseline -0.002 -9"><span class='ocrx_word' id='word_1_726' title='bbox 1950 4186 2246 4241; x_wconf 89' lang='lat' dir='ltr'><strong>invitantes</strong></span> <span class='ocrx_word' id='word_1_727' title='bbox 2287 4187 2533 4243; x_wconf 90' lang='lat' dir='ltr'><strong>audisses</strong></span> <span class='ocrx_word' id='word_1_728' title='bbox 2562 4196 2619 4243; x_wconf 89' lang='lat' dir='ltr'><strong>et</strong></span> <span class='ocrx_word' id='word_1_729' title='bbox 2662 4185 2995 4242; x_wconf 87' lang='lat' dir='ltr'><strong>assentando</strong></span> <span class='ocrx_word' id='word_1_730' title='bbox 3043 4183 3308 4249; x_wconf 88' lang='lat' dir='ltr'><strong>dicentes,</strong></span> <span class='ocrx_word' id='word_1_731' title='bbox 3344 4181 3527 4237; x_wconf 88' lang='lat' dir='ltr'><strong>omnia</strong></span> 
     </span>
    </p>
   </div>
   <div class='ocr_carea' id='block_1_105' title="bbox 1950 4274 3526 4348">
    <p class='ocr_par' dir='ltr' id='par_1_105' title="bbox 1950 4274 3526 4348">
     <span class='ocr_line' id='line_1_105' title="bbox 1950 4274 3526 4348; baseline -0.002 -16"><span class='ocrx_word' id='word_1_732' title='bbox 1950 4286 2129 4333; x_wconf 89' lang='lat' dir='ltr'><strong>morte</strong></span> <span class='ocrx_word' id='word_1_733' title='bbox 2156 4279 2464 4335; x_wconf 86' lang='lat' dir='ltr'><strong>necessario</strong></span> <span class='ocrx_word' id='word_1_734' title='bbox 2487 4279 2653 4344; x_wconf 88' lang='lat' dir='ltr'><strong>ﬁniri,</strong></span> <span class='ocrx_word' id='word_1_735' title='bbox 2674 4296 2807 4335; x_wconf 90' lang='lat' dir='ltr'><strong>num</strong></span> <span class='ocrx_word' id='word_1_736' title='bbox 2829 4276 2894 4333; x_wconf 88' lang='lat' dir='ltr'><strong>ad</strong></span> <span class='ocrx_word' id='word_1_737' title='bbox 2917 4277 3210 4348; x_wconf 88' lang='lat' dir='ltr'><strong>apostolos,</strong></span> <span class='ocrx_word' id='word_1_738' title='bbox 3232 4275 3319 4331; x_wconf 88' lang='lat' dir='ltr'><strong>die</strong></span> <span class='ocrx_word' id='word_1_739' title='bbox 3347 4274 3526 4339; x_wconf 90' lang='lat' dir='ltr'><strong>sodes,</strong></span> 
     </span>
    </p>
   </div>
   <div class='ocr_carea' id='block_1_106' title="bbox 1951 4364 3530 4439">
    <p class='ocr_par' dir='ltr' id='par_1_106' title="bbox 1951 4364 3530 4439">
     <span class='ocr_line' id='line_1_106' title="bbox 1951 4364 3530 4439; baseline -0.004 -13"><span class='ocrx_word' id='word_1_740' title='bbox 1951 4371 2217 4427; x_wconf 85' lang='lat' dir='ltr'><strong>accedens</strong></span> <span class='ocrx_word' id='word_1_741' title='bbox 2247 4371 2497 4426; x_wconf 88' lang='lat' dir='ltr'><strong>hortatus</strong></span> <span class='ocrx_word' id='word_1_742' title='bbox 2523 4386 2616 4426; x_wconf 92' lang='lat' dir='ltr'><strong>eos</strong></span> <span class='ocrx_word' id='word_1_743' title='bbox 2644 4387 2816 4435; x_wconf 84' lang='lat' dir='ltr'><strong>esses,</strong></span> <span class='ocrx_word' id='word_1_744' title='bbox 2852 4379 2912 4424; x_wconf 90' lang='lat' dir='ltr'><strong>ut</strong></span> <span class='ocrx_word' id='word_1_745' title='bbox 2948 4364 3210 4439; x_wconf 87' lang='lat' dir='ltr'><strong>Caipham</strong></span> <span class='ocrx_word' id='word_1_746' title='bbox 3263 4366 3530 4423; x_wconf 85' lang='lat' dir='ltr'><strong>conveni-</strong></span> 
     </span>
    </p>
   </div>
   <div class='ocr_carea' id='block_1_107' title="bbox 1952 4456 3532 4531">
    <p class='ocr_par' dir='ltr' id='par_1_107' title="bbox 1952 4456 3532 4531">
     <span class='ocr_line' id='line_1_107' title="bbox 1952 4456 3532 4531; baseline -0.006 -13"><span class='ocrx_word' id='word_1_747' title='bbox 1952 4473 2097 4531; x_wconf 88' lang='lat' dir='ltr'><strong>rent,</strong></span> <span class='ocrx_word' id='word_1_748' title='bbox 2125 4471 2302 4519; x_wconf 87' lang='lat' dir='ltr'><strong>actam</strong></span> <span class='ocrx_word' id='word_1_749' title='bbox 2332 4479 2446 4519; x_wconf 88' lang='lat' dir='ltr'><strong>rem</strong></span> <span class='ocrx_word' id='word_1_750' title='bbox 2475 4463 2780 4526; x_wconf 79' lang='lat' dir='ltr'><strong>laudarent,</strong></span> <span class='ocrx_word' id='word_1_751' title='bbox 2830 4460 3107 4525; x_wconf 81' lang='lat' dir='ltr'><strong>dexteram</strong></span> <span class='ocrx_word' id='word_1_752' title='bbox 3136 4459 3280 4512; x_wconf 87' lang='lat' dir='ltr'><strong>illam</strong></span> <span class='ocrx_word' id='word_1_753' title='bbox 3308 4456 3532 4513; x_wconf 89' lang='lat' dir='ltr'><strong>christi-</strong></span> 
     </span>
    </p>
   </div>
   <div class='ocr_carea' id='block_1_108' title="bbox 1953 4549 3536 4614">
    <p class='ocr_par' dir='ltr' id='par_1_108' title="bbox 1953 4549 3536 4614">
     <span class='ocr_line' id='line_1_108' title="bbox 1953 4549 3536 4614; baseline -0.009 -2"><span class='ocrx_word' id='word_1_754' title='bbox 1953 4558 2133 4612; x_wconf 90' lang='lat' dir='ltr'><strong>cidam</strong></span> <span class='ocrx_word' id='word_1_755' title='bbox 2162 4554 2583 4612; x_wconf 89' lang='lat' dir='ltr'><strong>oscularentur?</strong></span> <span class='ocrx_word' id='word_1_756' title='bbox 2612 4552 2743 4607; x_wconf 90' lang='lat' dir='ltr'><strong>Sine</strong></span> <span class='ocrx_word' id='word_1_757' title='bbox 2774 4552 2943 4607; x_wconf 85' lang='lat' dir='ltr'><strong>dubio</strong></span> <span class='ocrx_word' id='word_1_758' title='bbox 2982 4551 3088 4603; x_wconf 90' lang='lat' dir='ltr'><strong>hoc</strong></span> <span class='ocrx_word' id='word_1_759' title='bbox 3117 4549 3223 4602; x_wconf 90' lang='lat' dir='ltr'><strong>illis</strong></span> <span class='ocrx_word' id='word_1_760' title='bbox 3250 4561 3360 4600; x_wconf 91' lang='lat' dir='ltr'><strong>non</strong></span> <span class='ocrx_word' id='word_1_761' title='bbox 3404 4561 3536 4614; x_wconf 90' lang='lat' dir='ltr'><strong>per-</strong></span> 
     </span>
    </p>
   </div>
   <div class='ocr_carea' id='block_1_109' title="bbox 1955 4636 3534 4705">
    <p class='ocr_par' dir='ltr' id='par_1_109' title="bbox 1955 4636 3534 4705">
     <span class='ocr_line' id='line_1_109' title="bbox 1955 4636 3534 4705; baseline -0.008 -6"><span class='ocrx_word' id='word_1_762' title='bbox 1955 4645 2263 4700; x_wconf 80' lang='lat' dir='ltr'><strong>suasisses:</strong></span> <span class='ocrx_word' id='word_1_763' title='bbox 2299 4651 2355 4696; x_wconf 87' lang='lat' dir='ltr'><strong>tu</strong></span> <span class='ocrx_word' id='word_1_764' title='bbox 2387 4657 2518 4695; x_wconf 88' lang='lat' dir='ltr'><strong>vero</strong></span> <span class='ocrx_word' id='word_1_765' title='bbox 2556 4642 2661 4694; x_wconf 87' lang='lat' dir='ltr'><strong>hoc</strong></span> <span class='ocrx_word' id='word_1_766' title='bbox 2701 4639 2845 4692; x_wconf 86' lang='lat' dir='ltr'><strong>facto</strong></span> <span class='ocrx_word' id='word_1_767' title='bbox 2898 4637 3138 4705; x_wconf 81' lang='lat' dir='ltr'><strong>Spiritus</strong></span> <span class='ocrx_word' id='word_1_768' title='bbox 3166 4636 3311 4689; x_wconf 89' lang='lat' dir='ltr'><strong>dono</strong></span> <span class='ocrx_word' id='word_1_769' title='bbox 3365 4640 3534 4688; x_wconf 89' lang='lat' dir='ltr'><strong>temet</strong></span> 
     </span>
    </p>
   </div>
   <div class='ocr_carea' id='block_1_110' title="bbox 1957 4721 3532 4805">
    <p class='ocr_par' dir='ltr' id='par_1_110' title="bbox 1957 4721 3532 4805">
     <span class='ocr_line' id='line_1_110' title="bbox 1957 4721 3532 4805; baseline -0.01 -15"><span class='ocrx_word' id='word_1_770' title='bbox 1957 4736 2246 4805; x_wconf 86' lang='lat' dir='ltr'><strong>privasses,</strong></span> <span class='ocrx_word' id='word_1_771' title='bbox 2281 4740 2337 4788; x_wconf 91' lang='lat' dir='ltr'><strong>et</strong></span> <span class='ocrx_word' id='word_1_772' title='bbox 2366 4729 2670 4786; x_wconf 91' lang='lat' dir='ltr'><strong>innumeris</strong></span> <span class='ocrx_word' id='word_1_773' title='bbox 2718 4727 2824 4781; x_wconf 90' lang='lat' dir='ltr'><strong>illis</strong></span> <span class='ocrx_word' id='word_1_774' title='bbox 2866 4725 3042 4789; x_wconf 90' lang='lat' dir='ltr'><strong>bonis,</strong></span> <span class='ocrx_word' id='word_1_775' title='bbox 3078 4741 3195 4795; x_wconf 79' lang='lat' dir='ltr'><strong>qua:</strong></span> <span class='ocrx_word' id='word_1_776' title='bbox 3227 4740 3319 4778; x_wconf 87' lang='lat' dir='ltr'><strong>nec</strong></span> <span class='ocrx_word' id='word_1_777' title='bbox 3351 4721 3532 4777; x_wconf 72' lang='lat' dir='ltr'><strong>oculus</strong></span> 
     </span>
    </p>
   </div>
   <div class='ocr_carea' id='block_1_111' title="bbox 1958 4812 3534 4896">
    <p class='ocr_par' dir='ltr' id='par_1_111' title="bbox 1958 4812 3534 4896">
     <span class='ocr_line' id='line_1_111' title="bbox 1958 4812 3534 4896; baseline -0.011 -14"><span class='ocrx_word' id='word_1_778' title='bbox 1958 4827 2106 4891; x_wconf 84' lang='lat' dir='ltr'><strong>vidit,</strong></span> <span class='ocrx_word' id='word_1_779' title='bbox 2154 4842 2317 4896; x_wconf 82' lang='lat' dir='ltr'><strong>neque</strong></span> <span class='ocrx_word' id='word_1_780' title='bbox 2374 4822 2541 4893; x_wconf 70' lang='lat' dir='ltr'><strong>auria~</strong></span> <span class='ocrx_word' id='word_1_781' title='bbox 2580 4819 2812 4886; x_wconf 80' lang='lat' dir='ltr'><strong>audivit,</strong></span> <span class='ocrx_word' id='word_1_782' title='bbox 2873 4833 3038 4888; x_wconf 85' lang='lat' dir='ltr'><strong>neque</strong></span> <span class='ocrx_word' id='word_1_783' title='bbox 3065 4814 3123 4869; x_wconf 83' lang='lat' dir='ltr'><strong>in</strong></span> <span class='ocrx_word' id='word_1_784' title='bbox 3174 4830 3264 4868; x_wconf 87' lang='lat' dir='ltr'><strong>cor</strong></span> <span class='ocrx_word' id='word_1_785' title='bbox 3311 4812 3534 4867; x_wconf 80' lang='lat' dir='ltr'><strong>hominis</strong></span> 
     </span>
    </p>
   </div>
   <div class='ocr_carea' id='block_1_112' title="bbox 1960 4904 3534 4986">
    <p class='ocr_par' dir='ltr' id='par_1_112' title="bbox 1960 4904 3534 4986">
     <span class='ocr_line' id='line_1_112' title="bbox 1960 4904 3534 4986; baseline -0.01 -14"><span class='ocrx_word' id='word_1_786' title='bbox 1960 4918 2301 4972; x_wconf 80' lang='lat' dir='ltr'><strong>ascenderunt</strong></span> <span class='ocrx_word' id='word_1_787' title='bbox 2330 4914 2397 4986; x_wconf 87' lang='grc'><strong>(1</strong></span> <span class='ocrx_word' id='word_1_788' title='bbox 2425 4912 2544 4970; x_wconf 88' lang='lat' dir='ltr'><strong>Cor.</strong></span> <span class='ocrx_word' id='word_1_789' title='bbox 2574 4929 2633 4980; x_wconf 88' lang='grc' dir='ltr'>ιι,</span> <span class='ocrx_word' id='word_1_790' title='bbox 2662 4914 2759 4984; x_wconf 91' lang='lat'><strong>9),</strong></span> <span class='ocrx_word' id='word_1_791' title='bbox 2814 4926 2935 4982; x_wconf 61' lang='lat' dir='ltr'><strong>quae</strong></span> <span class='ocrx_word' id='word_1_792' title='bbox 2989 4908 3243 4965; x_wconf 89' lang='lat' dir='ltr'><strong>videlicet</strong></span> <span class='ocrx_word' id='word_1_793' title='bbox 3291 4904 3534 4961; x_wconf 89' lang='lat' dir='ltr'><strong>crucifixi</strong></span> 
     </span>
    </p>
   </div>
   <div class='ocr_carea' id='block_1_113' title="bbox 1962 5002 2728 5075">
    <p class='ocr_par' dir='ltr' id='par_1_113' title="bbox 1962 5002 2728 5075">
     <span class='ocr_line' id='line_1_113' title="bbox 1962 5002 2728 5075; baseline -0.005 -14"><span class='ocrx_word' id='word_1_794' title='bbox 1962 5003 2185 5061; x_wconf 88' lang='lat' dir='ltr'><strong>donavit</strong></span> <span class='ocrx_word' id='word_1_795' title='bbox 2214 5002 2372 5058; x_wconf 89' lang='lat' dir='ltr'><strong>nobis</strong></span> <span class='ocrx_word' id='word_1_796' title='bbox 2399 5002 2728 5075; x_wconf 87' lang='lat' dir='ltr'><strong>benignitas.</strong></span> 
     </span>
    </p>
   </div>
   <div class='ocr_carea' id='block_1_114' title="bbox 2034 5084 3537 5162">
    <p class='ocr_par' dir='ltr' id='par_1_114' title="bbox 2034 5084 3537 5162">
     <span class='ocr_line' id='line_1_114' title="bbox 2034 5084 3537 5162; baseline -0.008 -12"><span class='ocrx_word' id='word_1_797' title='bbox 2034 5095 2086 5151; x_wconf 92' lang='lat'><strong>8.</strong></span> <span class='ocrx_word' id='word_1_798' title='bbox 2119 5095 2251 5162; x_wconf 80' lang='lat' dir='ltr'><strong>Quae</strong></span> <span class='ocrx_word' id='word_1_799' title='bbox 2278 5110 2400 5150; x_wconf 89' lang='lat' dir='ltr'><strong>cum</strong></span> <span class='ocrx_word' id='word_1_800' title='bbox 2428 5094 2500 5149; x_wconf 84' lang='lat' dir='ltr'><strong>ita</strong></span> <span class='ocrx_word' id='word_1_801' title='bbox 2526 5094 2656 5160; x_wconf 88' lang='lat' dir='ltr'><strong>sint,</strong></span> <span class='ocrx_word' id='word_1_802' title='bbox 2686 5108 2757 5148; x_wconf 91' lang='lat' dir='ltr'><strong>ne</strong></span> <span class='ocrx_word' id='word_1_803' title='bbox 2786 5108 2934 5147; x_wconf 90' lang='lat' dir='ltr'><strong>nunc</strong></span> <span class='ocrx_word' id='word_1_804' title='bbox 2979 5088 3201 5159; x_wconf 84' lang='lat' dir='ltr'><strong>quidem</strong></span> <span class='ocrx_word' id='word_1_805' title='bbox 3246 5084 3537 5157; x_wconf 87' lang='lat' dir='ltr'><strong>desperare</strong></span> 
     </span>
    </p>
   </div>
   <div class='ocr_carea' id='block_1_115' title="bbox 1964 5173 3538 5251">
    <p class='ocr_par' dir='ltr' id='par_1_115' title="bbox 1964 5173 3538 5251">
     <span class='ocr_line' id='line_1_115' title="bbox 1964 5173 3538 5251; baseline -0.007 -9"><span class='ocrx_word' id='word_1_806' title='bbox 1964 5188 2110 5251; x_wconf 90' lang='lat' dir='ltr'><strong>licet,</strong></span> <span class='ocrx_word' id='word_1_807' title='bbox 2138 5187 2353 5250; x_wconf 86' lang='lat' dir='ltr'><strong>fratres,</strong></span> <span class='ocrx_word' id='word_1_808' title='bbox 2386 5186 2452 5241; x_wconf 88' lang='lat' dir='ltr'><strong>de</strong></span> <span class='ocrx_word' id='word_1_809' title='bbox 2482 5186 2578 5240; x_wconf 86' lang='lat' dir='ltr'><strong>Dei</strong></span> <span class='ocrx_word' id='word_1_810' title='bbox 2603 5185 2823 5240; x_wconf 86' lang='lat' dir='ltr'><strong>auxilio.</strong></span> <span class='ocrx_word' id='word_1_811' title='bbox 2852 5182 2958 5238; x_wconf 83' lang='lat' dir='ltr'><strong>Sed</strong></span> <span class='ocrx_word' id='word_1_812' title='bbox 2979 5181 3290 5237; x_wconf 87' lang='lat' dir='ltr'><strong>necessario</strong></span> <span class='ocrx_word' id='word_1_813' title='bbox 3308 5173 3538 5235; x_wconf 85' lang='lat' dir='ltr'><strong>dicenda</strong></span> 
     </span>
    </p>
   </div>
   <div class='ocr_carea' id='block_1_116' title="bbox 1965 5272 3534 5349">
    <p class='ocr_par' dir='ltr' id='par_1_116' title="bbox 1965 5272 3534 5349">
     <span class='ocr_line' id='line_1_116' title="bbox 1965 5272 3534 5349; baseline -0.008 -13"><span class='ocrx_word' id='word_1_814' title='bbox 1965 5281 2124 5337; x_wconf 89' lang='lat' dir='ltr'><strong>nobis</strong></span> <span class='ocrx_word' id='word_1_815' title='bbox 2151 5290 2279 5336; x_wconf 90' lang='lat' dir='ltr'><strong>sunt</strong></span> <span class='ocrx_word' id='word_1_816' title='bbox 2306 5280 2473 5336; x_wconf 89' lang='lat' dir='ltr'><strong>verba</strong></span> <span class='ocrx_word' id='word_1_817' title='bbox 2512 5281 2813 5349; x_wconf 89' lang='lat' dir='ltr'><strong>priscorum</strong></span> <span class='ocrx_word' id='word_1_818' title='bbox 2837 5273 3265 5331; x_wconf 89' lang='lat' dir='ltr'><strong>adolescentium</strong></span> <span class='ocrx_word' id='word_1_819' title='bbox 3291 5272 3534 5334; x_wconf 88' lang='lat' dir='ltr'><strong>illorum,</strong></span> 
     </span>
    </p>
   </div>
   <div class='ocr_carea' id='block_1_117' title="bbox 2041 5463 3297 5539">
    <p class='ocr_par' dir='ltr' id='par_1_117' title="bbox 2041 5463 3297 5539">
     <span class='ocr_line' id='line_1_117' title="bbox 2041 5463 3297 5539; baseline -0.012 -16"><span class='ocrx_word' id='word_1_820' title='bbox 2041 5467 2111 5535; x_wconf 68' lang='lat' dir='ltr'><strong>te.)</strong></span> <span class='ocrx_word' id='word_1_821' title='bbox 2143 5467 2281 5539; x_wconf 66' lang='lat' dir='ltr'><strong>Num</strong></span> <span class='ocrx_word' id='word_1_822' title='bbox 2312 5479 2411 5539; x_wconf 76' lang='lat' dir='ltr'><strong>pro</strong></span> <span class='ocrx_word' id='word_1_823' title='bbox 2449 5463 2698 5539; x_wconf 62' lang='grc' dir='ltr'><strong>μαιςρρνῖδ</strong></span> <span class='ocrx_word' id='word_1_824' title='bbox 3290 5533 3297 5539; x_wconf 19' lang='grc' dir='ltr'><strong>ν</strong></span> 
     </span>
    </p>
   </div>
   <div class='ocr_carea' id='block_1_118' title="bbox 2043 5535 3400 5612">
    <p class='ocr_par' dir='ltr' id='par_1_118' title="bbox 2043 5535 3400 5612">
     <span class='ocr_line' id='line_1_118' title="bbox 2043 5535 3400 5612; baseline 0 -21"><span class='ocrx_word' id='word_1_825' title='bbox 2043 5539 2108 5612; x_wconf 74' lang='lat' dir='ltr'><strong>(n</strong></span> <span class='ocrx_word' id='word_1_826' title='bbox 2147 5535 2477 5612; x_wconf 69' lang='lat' dir='ltr'><strong>Gabaonitas</strong></span> <span class='ocrx_word' id='word_1_827' title='bbox 2504 5535 2655 5589; x_wconf 86' lang='lat' dir='ltr'><strong>dicit.</strong></span> <span class='ocrx_word' id='word_1_828' title='bbox 2981 5594 3201 5612; x_wconf 32' lang='lat' dir='ltr'><strong>Mn“</strong></span> <span class='ocrx_word' id='word_1_829' title='bbox 3229 5535 3318 5612; x_wconf 32' lang='lat' dir='ltr'><strong>Lg;</strong></span> <span class='ocrx_word' id='word_1_830' title='bbox 3352 5586 3400 5612; x_wconf 26' lang='lat'><strong>1&quot;</strong></span> 
     </span>
    </p>
   </div>
   <div class='ocr_carea' id='block_1_119' title="bbox 2045 5583 3550 5682">
    <p class='ocr_par' dir='ltr' id='par_1_119' title="bbox 2045 5583 3550 5682">
     <span class='ocr_line' id='line_1_119' title="bbox 2045 5583 3550 5682; baseline -0.02 -15"><span class='ocrx_word' id='word_1_831' title='bbox 2045 5583 2675 5682; x_wconf 41' lang='lat' dir='ltr'><strong>ibl)_ifé;;:tttdqdoizrd,</strong></span> <span class='ocrx_word' id='word_1_832' title='bbox 2708 5617 2806 5673; x_wconf 89' lang='lat' dir='ltr'><strong>pro</strong></span> <span class='ocrx_word' id='word_1_833' title='bbox 2843 5611 2950 5669; x_wconf 87' lang='lat' dir='ltr'><strong>quo</strong></span> <span class='ocrx_word' id='word_1_834' title='bbox 2978 5594 3208 5651; x_wconf 80' lang='lat' dir='ltr'><strong>fortasse</strong></span> <span class='ocrx_word' id='word_1_835' title='bbox 3229 5592 3321 5649; x_wconf 89' lang='lat' dir='ltr'><strong>hic</strong></span> <span class='ocrx_word' id='word_1_836' title='bbox 3349 5583 3550 5643; x_wconf 85' lang='lat' dir='ltr'><strong>dicitur</strong></span> 
     </span>
    </p>
   </div>
   <div class='ocr_carea' id='block_1_120' title="bbox 1974 5674 2401 5742">
    <p class='ocr_par' dir='ltr' id='par_1_120' title="bbox 1974 5674 2401 5742">
     <span class='ocr_line' id='line_1_120' title="bbox 1974 5674 2401 5742; baseline -0.021 -6"><span class='ocrx_word' id='word_1_837' title='bbox 1974 5674 2401 5742; x_wconf 68' lang='grc' dir='ltr'><strong>ὑπ’ἆλλάξαντες.</strong></span> 
     </span>
    </p>
   </div>
  </div>
