4038 6154
483 240 532 285 ιι
1601 219 1954 277 summm
1995 220 2536 280 ἰιιιιιιιτιιυΝτιΜ

480 345 749 413 οὐρανοῖς,
780 343 836 406 ὃς
867 343 1014 396 ἐστιν
1048 341 1230 405 ἱκανὸς
1267 341 1507 413 τιμωρὸς
1552 342 1650 412 μὲν
1673 337 1924 410 γενέσθαι
1953 344 2065 406 τοῖς

483 436 712 499 ἀδίκοις,
738 434 1045 506 προστάτης
1065 432 1121 486 δὲ
1143 434 1245 505 τῆς
1280 433 1556 504 ἡμετέρας
1584 433 1808 505 ἀγέλης.
1837 435 1950 487 Καὶ
1972 434 2070 488 ἐὰν

488 530 585 601 μὴ,
606 526 841 597 γνωστὸν
861 524 1001 579 ἔστω
1024 525 1189 579 πᾶσιν
1212 524 1543 597 ἀνθρώποις,
1565 526 1648 580 ὅτι
1672 526 1897 597 οὐδεμία
1918 526 2070 581 ἔσται

486 617 738 675 κοινωνία
772 615 1107 685 φονευθεῖσιν
1155 615 1468 690 ἀνθρώποις
1520 617 1658 685 μετὰ
1700 617 1810 672 τῶν
1855 618 2072 673 ἀνελόν-

484 723 611 763 των.
641 707 773 761 Οὐδὲ
801 705 1105 779 ἀνεξόμεθα
1135 709 1420 778 προσιέναι
1448 708 1610 781 θυσίᾳ
1634 710 1733 781 (α),
1759 710 1826 780 ἣν
1850 710 2074 781 ἐποίησε

3676 241 3763 285 ιιι

2170 346 2368 417 καρδία
2409 346 2508 416 μὲν
2548 345 2629 398 ἔτι
2669 343 2795 399 καθ’
2825 342 2983 415 ἡμῶν
3022 342 3272 412 φονῶσα,
3304 342 3519 413 γλῶττα
3554 344 3613 397 δὲ
3660 344 3765 399 καὶ

2169 438 2292 510 χεὶρ
2312 437 2390 508 τῷ
2407 438 2500 492 τοῦ
2522 437 2731 492 δικαίου
2759 454 2820 490 τε
2849 435 3075 490 καὶτῶν
3099 435 3307 490 ἐκείνου
3330 436 3538 491 παίδων
3561 437 3765 509 αἵματι

2171 530 2563 602 πεφοινιγμένη
2596 530 2690 602 (bi.
2737 528 2898 596 Ἀλλ’,
2925 523 2971 583 ὦ
2996 528 3266 601 θαυμάσιε
3293 528 3500 601 Πάτερ,
3528 528 3763 583 erraro

2171 620 2271 676 καὶ
2308 622 2635 677 κατευοδοῦ
2671 622 2770 675 καὶ
2797 621 3121 686 βασίλευε,
3170 620 3266 675 καὶ
3303 620 3412 674 τῶν
3463 620 3764 691 βασιλικῶν

2173 714 2353 770 αὐλῶν
2380 714 2626 768 ἐπίϐαινε
2648 714 2743 768 τοῦ
2766 712 3025 786 Χριστοῦ.

554 817 630 898 (ᾳ)
661 817 919 898 [ιιιεΙιίεἰι
945 821 1388 898 communionem
1418 822 1475 877 in
1517 822 1739 890 divinis,
1777 822 1834 878 id
1879 831 1963 878 est
1998 823 2054 877 in
2085 836 2237 880 sacra
2267 826 2504 898 liturgia,
2539 841 2665 881 cum
2695 825 3020 881 adversariis
3045 822 3438 897 Chrysostomi.

553 887 624 961 (b)
655 887 787 944 Cod.
823 887 1073 957 πεφοινιγ
1081 890 1276 959 μένων.

532 1025 745 1033 ——

483 1025 521 1036 ,ν

2913 1018 3013 1028 —.—'
3026 1016 3085 1025 ...ο
3106 1013 3731 1041 η--ρμω--ροτ-σ---.

2913 1033 3441 1041 _—_—_
3505 1030 3724 1041 Ψ

3505 1030 3724 1043 -——

1160 1174 1519 1237 MONITUM
1560 1175 1641 1236 IN
1684 1173 2025 1247 SEQUENS
2066 1171 2456 1235 THEODORI
2493 1168 3090 1231 TRIMITHUNTINI

556 1342 596 1395 Α
634 1342 891 1397 Theodoro
930 1341 1290 1396 Trimithuntis
1319 1343 1376 1395 in
1423 1339 1593 1412 Cypro
1626 1339 1802 1395 imula
1834 1341 2071 1410 episc0po

485 1437 740 1504 scriptam
756 1435 862 1489 divi
885 1432 1234 1504 Chrysostomi
1258 1433 1430 1489 Vitam
1460 1432 1603 1502 apud
1623 1449 1676 1487 se
1703 1432 1911 1498 habere,
1939 1432 2071 1487 dixit

485 1526 713 1581 Allatius
746 1527 800 1579 in
837 1525 1096 1591 Diatriba,
1137 1542 1191 1596 p.
1227 1526 1349 1591 Hi,
1378 1542 1430 1578 n.
1464 1521 1596 1590 CVI,
1639 1524 1881 1594 idemque
1915 1540 2072 1593 opus-

486 1617 663 1671 culum
709 1626 1204 1671 commemoraverat
1264 1617 1426 1673 etiam
1469 1618 1527 1672 in
1578 1616 1688 1671 alia
1732 1615 1963 1670 diatriba
1998 1615 2074 1669 De

489 1710 853 1773 Simeonibus,
886 1726 939 1779 p.
961 1710 1047 1764 81.
1074 1709 1199 1764 Jam
1227 1719 1273 1764 et
1302 1711 1607 1782 Lequinius,
1630 1707 1877 1773 Or.-Cli.,
1912 1716 1954 1762 t.
1987 1706 2065 1772 II,

487 1801 576 1854 ubi
605 1802 670 1855 de
701 1800 860 1872 Cypri
888 1802 1141 1872 episcopis
1165 1801 1262 1856 col.
1297 1802 1453 1867 107i,
1481 1803 1618 1856 hanc
1648 1799 1894 1854 Theodori
1923 1797 2072 1852 lucu-

488 1892 779 1946 brationem
832 1894 887 1946 in
929 1895 1104 1947 codice
1159 1892 1323 1963 Regio
1370 1892 1668 1945 Parisiensi
1713 1890 1850 1944 1855
1888 1896 2074 1943 narrat

487 1990 713 2035 exstare.
735 1981 1155 2052 Montfauconius
1182 1980 1309 2034 item
1339 1976 1926 2047 Biblioth.C0iinn.,p.
1950 1975 2071 2042 195,

484 2072 613 2128 uidit
644 2074 879 2127 eamdem
912 2074 967 2126 in
987 2074 1160 2127 codice
1193 2073 1314 2138 121,
1333 2079 1390 2125 ιιι
1409 2078 1632 2141 apparet
1662 2087 1727 2126 cz
1750 2069 2077 2139 initio.quod

489 2171 666 2216 tamen
701 2163 813 2216 sine
842 2162 1071 2216 auctoris
1103 2161 1310 2216 nomine
1351 2161 1557 2215 recitat.
1594 2158 1833 2230 Bigotius
1856 2158 2077 2228 denique

490 2253 543 2304 in
594 2250 912 2321 Prtefatione
944 2251 1013 2304 ad
1054 2250 1293 2305 Palladii
1323 2252 1600 2325 Dialogum
1625 2268 1729 2306 non
1766 2251 1879 2321 cjus
1907 2249 2078 2305 solum

491 2343 747 2407 meminit,
772 2342 862 2396 sed
892 2349 941 2395 et
965 2342 1166 2414 aliquot
1197 2360 1373 2399 versus
1403 2345 1580 2413 refert,
1609 2345 1665 2397 in
1697 2341 2079 2411 Montfauconii

490 2449 706 2502 operum
739 2431 1087 2503 Chrysostomi
1110 2434 1339 2486 editione
1372 2442 1409 2485 t.
1433 2431 1592 2498 XIII,
1617 2432 1804 2504 Praef,
1824 2449 1876 2501 p.
1906 2431 1958 2499 9,
1993 2432 2080 2486 ubi

492 2538 669 2576 tamen
722 2524 962 2577 mendose
1006 2524 1184 2578 scribit
1236 2521 1552 2595 καταξιωθῇ
1595 2539 1690 2591 pro
1740 2521 2078 2593 κατηξιώθη,

491 2616 610 2684 ἦτοι
642 2630 735 2682 pro
762 2609 936 2677 οὗτος,
968 2617 1057 2668 sed
1105 2623 1282 2669 tamen
1308 2614 1494 2669 melius
1522 2615 1580 2679 ὃς
1604 2631 1699 2685 pro
1722 2615 1816 2677 ὡς,
1851 2624 1898 2668 et
1925 2614 2074 2668 ὲνδε-

492 2709 819 2776 καμηνιαῖον
873 2723 969 2777 pro
1018 2707 1433 2780 ἐνδεκαμήνεον.
1492 2707 1811 2763 Vocabulum
1855 2708 2076 2777 denique

493 2795 886 2860 κατάκλειστος
912 2799 1055 2867 apud
1078 2796 1344 2869 Bigotium
1366 2798 1430 2851 de
1458 2807 1617 2851 cauta
1647 2799 1817 2866 potius
1840 2807 1887 2851 et
1916 2813 2075 2866 spon-

495 2896 653 2940 tanea
709 2885 971 2952 Palladii,
1018 2898 1186 2943 metus
1237 2905 1388 2959 ergo,
1422 2888 1709 2942 iuclusione
1764 2888 2077 2961 intelligitur

493 2996 654 3049 quam
680 2979 744 3033 de
768 2996 993 3035 carcere.

562 3070 732 3124 Porro
764 3072 834 3125 ad
849 3080 1115 3126 auctorem
1142 3072 1279 3142 quod
1301 3073 1510 3136 attinet,
1542 3072 1832 3126 Theodorus
1852 3072 1934 3125 hic
1965 3072 2077 3126 Tri-

494 3163 767 3217 mithuntis
811 3164 1099 3233 episcopus,
1131 3172 1356 3232 apparet
1412 3163 1721 3235 disseritque
1764 3163 1818 3216 in
1871 3163 2077 3216 actione

493 3270 583 3308 xxv
619 3255 825 3308 concilii
873 3256 1008 3309 sexti
1040 3255 1377 3319 mcumenici,
1410 3271 1552 3308 anno
1596 3255 1789 3308 Christi
1834 3254 1958 3321 680,
1989 3256 2077 3309 ubi

492 3348 652 3400 etiam
713 3348 1085 3417 archiepiscopi
1131 3348 1214 3402 sui
1266 3347 1557 3417 Epiphanii
1599 3346 1657 3401 II
1696 3347 1865 3400 locum
1910 3348 2077 3401 tenuit

496 3432 723 3500 (Concil.
776 3433 857 3484 ed.
900 3432 1131 3486 Florent.
1183 3433 1376 3493 Zattaz.
1416 3443 1453 3487 t.
1489 3434 1566 3487 XI
1583 3474 1598 3499 ,
1632 3434 1730 3488 col.
1764 3433 1919 3505 585).
1954 3434 2079 3489 Sine

492 3522 648 3575 dubio
673 3531 851 3576 autem
893 3523 1091 3595 Anglus
1120 3522 1351 3578 Suvilius
1388 3526 1525 3579 inter
1555 3526 1734 3579 varias
1760 3542 1892 3596 quas
1917 3527 2079 3581 edidit

492 3617 549 3667 in
579 3623 719 3668 tomo
750 3627 931 3669 octavo
965 3615 1317 3686 Chrysostomi
1341 3616 1551 3674 Crazcas
1598 3617 1757 3679 Vitas,
1784 3618 1920 3671 hanc
1946 3636 2080 3689 quo-

493 3724 590 3765 aue
623 3726 656 3762 a
689 3708 950 3762 Theodoro
980 3709 1330 3779 conscriptam
1360 3708 1739 3775 collocavisset,
1767 3710 1871 3763 nisi
1900 3719 1946 3763 et
1993 3727 2080 3764 co-

491 3802 604 3855 dice
635 3809 683 3853 et
714 3801 829 3875 ipsa
854 3799 953 3865 rei,
982 3808 1037 3854 ut
1059 3801 1281 3865 videtur,
1316 3802 1501 3856 notitia
1533 3802 1803 3857 caruisset.
1829 3799 2079 3873 Quodque

491 3894 661 3965 magis
689 3894 991 3949 mirandum
1026 3903 1120 3959 est,
1140 3895 1346 3966 ignotus
1368 3896 1467 3968 fuit
1493 3896 1576 3949 hic
1612 3894 1903 3949 Theodorus
1937 3895 2078 3952 Grat-

493 4001 551 4038 eo
602 3984 807 4038 auctori
847 3982 1091 4056 Catalogi
1119 3985 1524 4056 biographorum
1555 3983 1906 4056 Chrysostami
1933 3987 2075 4054 apud

492 4075 731 4129 eumdem
784 4072 1045 4129 Savilium
1068 4113 1083 4138 ,
1119 4083 1158 4128 t.
1198 4073 1357 4139 VIII,
1390 4091 1443 4144 p.
1474 4075 1614 4140 295,
1645 4091 1738 4128 nec
1785 4091 1889 4128 non
1934 4075 2076 4144 apud

494 4166 852 4233 Lambecium,
887 4166 977 4220 lib.
1023 4183 1140 4232 vm,
1171 4183 1227 4237 p.
1259 4166 1384 4232 655,
1435 4166 1522 4219 ubi
1568 4166 1707 4219 inter
1746 4167 1933 4238 uiginti
1960 4166 2075 4220 bio-

490 4259 717 4330 graphos
766 4266 941 4312 noster
968 4257 1052 4311 hic
1085 4273 1190 4312 non
1234 4266 1551 4312 recensetur.
1586 4257 1696 4313 Nos
1740 4275 1861 4312 vero
1910 4274 2077 4327 nuper

2174 1338 2309 1391 hunc
2337 1337 2626 1390 invenimus
2654 1336 2709 1389 in
2735 1336 2983 1390 maxima:
3003 1335 3155 1390 molis
3170 1337 3340 1391 codice
3366 1334 3618 1391 Vaticano
3637 1337 3770 1403 866,

2174 1427 2367 1482 sa'culo
2389 1429 2597 1481 circiter
2621 1444 2715 1481 xm
2743 1429 2959 1498 scripto,
2987 1436 3035 1481 et
3050 1428 3271 1497 fortasse
3296 1428 3440 1497 apud
3470 1444 3561 1482 nos
3588 1430 3769 1493 unico,

2174 1521 2265 1573 sed
2287 1519 2352 1573 ab
2368 1513 2995 1587 amanuensis'impcritia
3022 1519 3221 1587 passim
3246 1519 3448 1574 mendis
3467 1520 3770 1590 inquinata,

2177 1627 2294 1682 quis
2323 1627 2419 1680 pro
2444 1611 2641 1665 uiribus
2682 1612 2971 1682 auferenda
3001 1612 3341 1677 curavimus;
3373 1620 3674 1682 textumque
3710 1613 3774 1665 in

2178 1703 2430 1757 articulos
2459 1704 2528 1757 52
2552 1702 3078 1772 distinximus,eique
3107 1701 3511 1758 translationem
3530 1713 3773 1758 nostram

2178 1793 2429 1847 Latinam
2458 1793 2857 1865 adjungendam
2877 1794 3200 1848 curavimus.

2248 1881 2389 1938 Sane
2422 1900 2514 1939 nos
2540 1895 2588 1937 et
2626 1884 2735 1938 alio
2773 1894 3001 1955 tempore
3031 1887 3213 1954 magni
3251 1884 3600 1956 Chrysostomi
3633 1903 3770 1941 san-

2179 1973 2416 2027 ctitatem
2467 1975 2881 2046 facundiamque
2933 1976 3214 2042 mirantes,
3266 1985 3501 2030 nostram
3553 1975 3776 2029 libenter

2180 2064 2474 2133 symbolam
2520 2067 2591 2120 ad
2633 2067 2748 2136 ejus
2794 2067 2977 2123 laudes
3016 2066 3366 2122 cumulandas
3407 2066 3722 2121 contulimus
3751 2084 3774 2130 ,-

2178 2157 2438 2226 siquidem
2460 2158 2516 2211 in
2544 2159 2644 2211 hac
2665 2161 2783 2227 ipsa
2812 2160 3033 2214 Patrum
3061 2176 3199 2214 nova
3229 2159 3586 2224 Bibliotheca,
3621 2168 3662 2211 t.
3688 2158 3769 2224 II,

2180 2263 2234 2314 p.
2271 2245 2374 2301 546
2397 2264 2530 2317 seq.,
2567 2249 2821 2319 scriptum
2864 2267 2897 2304 a
2944 2250 3202 2320 Martyrio
3233 2250 3539 2319 patriarcha
3580 2249 3772 2303 Antio-

2183 2336 2341 2390 cheno
2385 2337 2738 2409 Chrysostomi
2771 2340 3081 2396 Encomium
3110 2343 3397 2407 edidimus,
3430 2342 3569 2412 quod
3595 2343 3772 2408 ipsum

2185 2436 2391 2482 exstare
2413 2446 2509 2483 ms.
2540 2432 2703 2485 etiam
2721 2430 2967 2501 Neapoli,
2992 2450 3055 2487 ex
3087 2431 3340 2504 Catalogo
3366 2434 3599 2487 codicum
3625 2433 3775 2490 Cra:-

2186 2537 2365 2575 corum
2390 2521 2709 2577 bibliotheca:
2737 2522 3058 2589 Borbonicaa,
3078 2540 3132 2593 p.
3161 2524 3647 2595 125.cognovimus.
3667 2525 3777 2580 De-

2181 2614 2337 2685 nique
2358 2614 2519 2668 etiam
2548 2616 2605 2668 in
2633 2614 2905 2688 Spicilegii
2940 2616 3097 2671 Rom.
3133 2626 3272 2671 torno
3299 2617 3467 2670 altero
3496 2618 3774 2687 fragmen-

2180 2713 2292 2758 tum
2315 2705 2623 2761 historicum
2649 2724 2714 2761 ex
2737 2708 3077 2778 palimpsesto
3105 2708 3398 2762 Tusculano
3415 2709 3655 2763 dedimus
3671 2711 3769 2776 (α),

2178 2796 2286 2863 ubi,
2310 2798 2447 2851 inter
2497 2797 2631 2866 alia,
2665 2799 3016 2869 Chrysostomi
3058 2817 3258 2872 quoque
3292 2800 3531 2870 expulsio
3573 2817 3773 2855 narra-

2180 2896 2284 2940 tur.

2249 2977 2383 3043 Quot
2404 2996 2525 3051 ergo
2539 2989 2732 3034 veteres
2760 2982 2832 3034 ad
2856 2980 3183 3034 scribendam
3205 2979 3561 3049 Chrysostomi
3594 2983 3769 3037 Vitam

2176 3070 2528 3135 incubuerint,
2579 3088 2643 3125 ea;
2686 3069 2941 3142 Catalogo
2984 3073 3144 3125 citato
3185 3073 3564 3142 cognoscimus,
3605 3084 3652 3127 et
3702 3089 3768 3128 es

2179 3162 2331 3215 editis
2357 3179 2388 3215 a
2418 3161 2670 3216 Palladio
2708 3161 3146 3231 Helenopolitano
3194 3163 3366 3217 sancti
3400 3164 3500 3217 viri
3539 3176 3770 3220 contem-

2178 3268 2411 3321 poraneo
2427 3270 2448 3319 ;
2463 3251 2684 3323 Georgio
2694 3251 3072 3317 Alexandrino,
3094 3254 3302 3322 septimi
3326 3254 3505 3308 sa’culi
3527 3255 3771 3323 homine;

2178 3340 2451 3412 Anonymo
2481 3343 2711 3412 quodam
2735 3359 2754 3407 ;
2800 3341 2967 3397 Leone
2991 3340 3260 3412 Sapiente,
3292 3344 3421 3413 imp.
3449 3361 3467 3408 ;
3495 3361 3560 3398 ac
3598 3345 3770 3399 Meta-

2180 3433 2411 3502 phraste,
2447 3432 2607 3485 nobili
2660 3433 2820 3501 hujus
2852 3434 3150 3503 argumenti
3169 3434 3395 3504 scriptis.
3423 3435 3569 3490 Inter
3591 3452 3771 3491 recen-

2183 3525 2339 3578 tiores
2374 3530 2553 3576 autem
2579 3522 2805 3577 eminent
2842 3522 3223 3590 Tillemontius,
3252 3521 3501 3590 Savilius,
3534 3543 3599 3580 ac
3636 3543 3770 3596 prte-

2182 3616 2331 3686 cipue
2356 3614 2797 3685 Montfauconius.
2831 3615 2983 3669 Nunc
3012 3633 3104 3686 per
3141 3633 3233 3671 nos
3266 3618 3465 3671 accedit
3512 3618 3770 3673 veteribus

2188 3705 2622 3761 Trimithuntinus
2654 3705 2968 3772 Theodorus,
3000 3708 3064 3761 de
3089 3707 3240 3777 cujus
3271 3709 3473 3762 meritis
3507 3726 3571 3761 ac
3612 3710 3769 3763 nwvis

2183 3800 2459 3867 disputare
2487 3798 2579 3851 diu
2618 3815 2722 3852 non
2752 3807 2925 3852 vacat.
2952 3797 3100 3854 Certe
3128 3817 3289 3871 quam
3333 3801 3511 3869 objicit
3548 3799 3770 3856 Photius

2186 3891 2299 3944 cod.
2347 3905 2468 3944 xcv:
2518 3889 2738 3961 Georgio
2781 3890 2904 3960 styli
2950 3891 3274 3962 χυδαιότητα
3308 3901 3356 3946 et
3399 3893 3460 3946 τὺ
3507 3910 3767 3966 παριστοσ

2186 3984 2318 4053 ρεῖν,
2354 3983 2409 4037 in
2432 3992 2608 4037 nostro
2632 3999 2836 4054 quoque
2867 3982 3128 4037 Theodoro
3165 3986 3362 4054 partim
3401 3994 3539 4040 certe
3573 4002 3772 4054 campe-

2185 4074 2282 4127 riri
2308 4090 2410 4127 non
2431 4090 2577 4144 nego.
2610 4074 2980 4128 Verumtamen
3001 4083 3049 4128 et
3074 4073 3207 4129 illud
3235 4092 3355 4129 cum
3380 4077 3558 4131 eodem
3580 4077 3771 4131 Photio

2188 4163 2427 4217 concludi
2452 4173 2616 4232 potest
2645 4180 2664 4218 :
2697 4163 2862 4217 Οὐδὲν
2889 4163 3088 4217 κωλύει
3116 4166 3243 4229 τοὺς
3295 4167 3772 4236 ἀναγινώσκοντας

2186 4253 2583 4325 ἐκλεγομένους
2605 4254 2675 4308 τὰ
2697 4255 2967 4327 χρήσιμα,
2996 4253 3067 4307 τὰ
3091 4255 3254 4310 λοιπὰ
3288 4260 3552 4329 παρορᾷν.
3588 4259 3773 4330 Utique

562 4394 641 4469 (a)
683 4396 911 4452 Exstant
955 4396 1073 4453 haec
1104 4395 1410 4470 fragmenta
1440 4395 1494 4450 in
1522 4395 1822 4467 appendice
1852 4394 1920 4450 ad
1951 4393 2230 4459 saeculum,
2263 4391 2319 4446 in
2348 4406 2457 4461 quo
2486 4405 2790 4456 versamur,
2818 4389 3094 4460 quintum.
3128 4390 3283 4445 Eon.
3311 4390 3476 4447 Pun.

483 4587 3741 4617 ______________________________

966 4749 1572 4839 ΘΕΟΔΩΡΟΥ
1635 4747 2306 4837 ΕΠΙΣΚΟΠΟΥ
2384 4745 3280 4835 ΤΡΙΜΗΘΟΥΝΤΩΝ

1168 4939 1357 4992 ΠΕΡΙ
1383 4938 1514 4991 ΤΟΥ
1536 4939 1714 4992 ΒΙΟΥ
1739 4939 1863 4992 ΚΑΙ
1892 4938 2036 4993 ΤΗΣ
2061 4943 2075 4994 I

2183 4937 2383 4990 ηηΑΣ
2403 4937 2537 4989 ΚΑΙ
2566 4934 2712 4991 ΤΩΝ
2737 4910 3074 4989 ΘΑιιὲῈΩΝ

483 5097 791 5154 IQANNOY
815 5096 952 5150 ΤΟΥ
982 5093 1537 5151 ΜΑΚΑΡΙΩΤΑΤΟΥ
1576 5092 2146 5150 ΑΡΧΙΕΙΙΙΣΚΟΠΟΥ
2188 5092 3009 5150 ΚΩΝΣΤΑΝΤΙΝΟΥΠΟΛΕΩΣ
3047 5094 3182 5148 ΤΟΥ
3219 5090 3756 5147 ΧΡΥΣΟΣΤΟΜΟΥ.

556 5384 709 5459 (Cod.
738 5384 864 5441 Vat.
892 5384 1015 5456 866,
1040 5385 1078 5443 f.
1106 5385 1196 5443 69.
1224 5387 1279 5460 α)
1324 5394 1394 5444 α’.
1439 5389 1771 5461 Ἀγαπητοίῐ
1809 5390 2069 5463 Ἀψευδὴς

2183 5407 2284 5454 μεν
2308 5389 2417 5445 τὸν
2445 5388 2698 5454 δίκαιον,
2722 5387 2812 5443 ὅτι
2838 5387 3229 5458 δύσχρηστος
3261 5384 3407 5457 ἡμῖν
3433 5384 3627 5452 ἐστιν,
3658 5387 3755 5441 καὶ

480 5477 507 5531 δ
539 5477 670 5544 Θεὸς
698 5479 727 5532 ὁ
771 5477 861 5532 διὰ
887 5478 981 5534 τοῦ
1010 5480 1296 5553 [προφήτου
1336 5480 1543 5552 λέγων·
1578 5481 1812 5537 Πολλαὶ
1841 5484 1900 5536 ai
1938 5481 2058 5536 θλι.
2165 5482 2384 5553 βαρὺς,
2441 5480 2628 5553 φησὶν,
2682 5480 2781 5535 καὶ
2828 5480 3229 5550 ﬁlex/perac.
3288 5474 3589 5547 Μακάριος
3628 5476 3761 5547 γὰρ,

482 5571 618 5638 ,ἕνης
646 5566 765 5624 τῶν
795 5567 1060 5624 δικαίων.
1087 5570 1198 5625 Καὶ
1227 5571 1407 5627 πάλιν*
1438 5573 1730 5628 Κατανοεῖ
1753 5576 1786 5628 ό
1804 5572 2065 5643 ἀμαρτωο
2172 5576 2358 5646 φησὶν,
2387 5574 2455 5642 ὃς
2477 5570 2768 5642 ὑπομενεῖ
2794 5574 3147 5641 πειρασμόν.
3186 5566 3438 5640 Ἰωάννης
3464 5558 3644 5632 οὗτος,
3676 5584 3766 5637 μι-

496 5657 600 5727 Ioc
632 5663 736 5718 τὸν
774 5661 1028 5718 δίκαιον.
1074 5664 1185 5718 Καὶ
1244 5665 1405 5721 πάλιν
1451 5664 1633 5736 φησίν·
1681 5663 2068 5735 Ἐνεδρεύσω-
2172 5667 2303 5737 κρὸς
2334 5666 2409 5723 ὢν
2453 5669 2519 5738 τῇ
2554 5665 2760 5740 ἡλικίᾳ,
2812 5662 3109 5735 ἐπαιδεύθη
3157 5664 3306 5736 πάσῃ
3351 5660 3514 5734 σοφίᾳ
3554 5660 3769 5734 ἀνθρώ-
