  <div class='ocr_page' id='page_1' title='image "/cluster/home/n/w/nwhite01/storage/ocr_20150623/47/mdp.39015012902212/038.png"; bbox 0 0 4038 6154; ppageno 0'>
   <div class='ocr_carea' id='block_1_1' title="bbox 263 268 2727 338">
    <p class='ocr_par' dir='ltr' id='par_1_1' title="bbox 263 268 2727 338">
     <span class='ocr_line' id='line_1_1' title="bbox 263 268 2727 338; baseline 0.008 -20"><span class='ocrx_word' id='word_1_1' title='bbox 263 279 357 318; x_wconf 77' lang='grc' dir='ltr'>ιιιι</span> <span class='ocrx_word' id='word_1_2' title='bbox 1039 268 1127 323; x_wconf 86' lang='lat' dir='ltr'><strong>DE</strong></span> <span class='ocrx_word' id='word_1_3' title='bbox 1163 268 1327 325; x_wconf 79' lang='lat' dir='ltr'><strong>VITA</strong></span> <span class='ocrx_word' id='word_1_4' title='bbox 1362 270 1453 326; x_wconf 86' lang='lat' dir='ltr'><strong>ET</strong></span> <span class='ocrx_word' id='word_1_5' title='bbox 1489 272 1760 330; x_wconf 79' lang='lat' dir='ltr'><strong>EXSILIO</strong></span> <span class='ocrx_word' id='word_1_6' title='bbox 1801 274 1859 331; x_wconf 91' lang='lat' dir='ltr'><strong>S.</strong></span> <span class='ocrx_word' id='word_1_7' title='bbox 1894 275 2181 335; x_wconf 79' lang='lat' dir='ltr'><strong>JOANNIS</strong></span> <span class='ocrx_word' id='word_1_8' title='bbox 2220 279 2727 338; x_wconf 76' lang='lat' dir='ltr'><strong>CllRYSOSTOMI.</strong></span> 
     </span>
    </p>
   </div>
   <div class='ocr_carea' id='block_1_2' title="bbox 259 380 1844 461">
    <p class='ocr_par' dir='ltr' id='par_1_2' title="bbox 259 380 1844 461">
     <span class='ocr_line' id='line_1_2' title="bbox 259 380 1844 461; baseline 0.006 -24"><span class='ocrx_word' id='word_1_9' title='bbox 259 380 523 437; x_wconf 74' lang='lat' dir='ltr'><strong>videlicet</strong></span> <span class='ocrx_word' id='word_1_10' title='bbox 550 399 562 435; x_wconf 89' lang='lat'><strong>:</strong></span> <span class='ocrx_word' id='word_1_11' title='bbox 594 380 752 437; x_wconf 79' lang='lat' dir='ltr'><strong>Brevi</strong></span> <span class='ocrx_word' id='word_1_12' title='bbox 787 390 1031 454; x_wconf 87' lang='lat' dir='ltr'><strong>tempore</strong></span> <span class='ocrx_word' id='word_1_13' title='bbox 1060 385 1494 443; x_wconf 78' lang='lat' dir='ltr'><strong>vicissitudinem</strong></span> <span class='ocrx_word' id='word_1_14' title='bbox 1540 391 1844 461; x_wconf 77' lang='lat' dir='ltr'><strong>patiamur,</strong></span> 
     </span>
    </p>
   </div>
   <div class='ocr_carea' id='block_1_3' title="bbox 258 473 3533 560">
    <p class='ocr_par' dir='ltr' id='par_1_3' title="bbox 258 473 3533 560">
     <span class='ocr_line' id='line_1_3' title="bbox 258 473 3533 560; baseline 0.007 -32"><span class='ocrx_word' id='word_1_15' title='bbox 258 476 393 544; x_wconf 82' lang='lat' dir='ltr'><strong>quia</strong></span> <span class='ocrx_word' id='word_1_16' title='bbox 419 483 508 527; x_wconf 89' lang='lat' dir='ltr'><strong>est</strong></span> <span class='ocrx_word' id='word_1_17' title='bbox 538 473 680 527; x_wconf 83' lang='lat' dir='ltr'><strong>Deus</strong></span> <span class='ocrx_word' id='word_1_18' title='bbox 711 474 764 526; x_wconf 88' lang='lat' dir='ltr'><strong>in</strong></span> <span class='ocrx_word' id='word_1_19' title='bbox 794 474 967 540; x_wconf 65' lang='lat' dir='ltr'><strong>caelis,</strong></span> <span class='ocrx_word' id='word_1_20' title='bbox 1024 475 1117 545; x_wconf 89' lang='lat' dir='ltr'><strong>qui</strong></span> <span class='ocrx_word' id='word_1_21' title='bbox 1172 477 1389 548; x_wconf 88' lang='lat' dir='ltr'><strong>iniquos</strong></span> <span class='ocrx_word' id='word_1_22' title='bbox 1416 481 1611 549; x_wconf 85' lang='lat' dir='ltr'><strong>punire</strong></span> <span class='ocrx_word' id='word_1_23' title='bbox 1667 483 1809 537; x_wconf 75' lang='lat' dir='ltr'><strong>valet</strong></span> <span class='ocrx_word' id='word_1_24' title='bbox 1832 524 1847 549; x_wconf 92' lang='lat'><strong>,</strong></span> <span class='ocrx_word' id='word_1_25' title='bbox 1955 482 2090 537; x_wconf 62' lang='lat' dir='ltr'><strong>caedi</strong></span> <span class='ocrx_word' id='word_1_26' title='bbox 2121 492 2322 539; x_wconf 75' lang='lat' dir='ltr'><strong>nostra:</strong></span> <span class='ocrx_word' id='word_1_27' title='bbox 2352 486 2531 541; x_wconf 84' lang='lat' dir='ltr'><strong>adhuc</strong></span> <span class='ocrx_word' id='word_1_28' title='bbox 2560 487 2799 554; x_wconf 86' lang='lat' dir='ltr'><strong>inhians,</strong></span> <span class='ocrx_word' id='word_1_29' title='bbox 2832 488 3016 560; x_wconf 84' lang='lat' dir='ltr'><strong>lingua</strong></span> <span class='ocrx_word' id='word_1_30' title='bbox 3068 492 3199 547; x_wconf 88' lang='lat' dir='ltr'><strong>item</strong></span> <span class='ocrx_word' id='word_1_31' title='bbox 3231 501 3286 548; x_wconf 91' lang='lat' dir='ltr'><strong>et</strong></span> <span class='ocrx_word' id='word_1_32' title='bbox 3319 473 3533 551; x_wconf 27' lang='lat' dir='ltr'><strong>Vinan&#39;us</strong></span> 
     </span>
    </p>
   </div>
   <div class='ocr_carea' id='block_1_4' title="bbox 260 568 3532 652">
    <p class='ocr_par' dir='ltr' id='par_1_4' title="bbox 260 568 3532 652">
     <span class='ocr_line' id='line_1_4' title="bbox 260 568 3532 652; baseline 0.008 -37"><span class='ocrx_word' id='word_1_33' title='bbox 260 575 522 621; x_wconf 81' lang='lat' dir='ltr'><strong>nostrum</strong></span> <span class='ocrx_word' id='word_1_34' title='bbox 536 571 715 618; x_wconf 73' lang='lat' dir='ltr'><strong>autem</strong></span> <span class='ocrx_word' id='word_1_35' title='bbox 730 575 1239 638; x_wconf 82' lang='lat' dir='ltr'><strong>gregemprotegere</strong></span> <span class='ocrx_word' id='word_1_36' title='bbox 1262 568 1594 640; x_wconf 76' lang='lat' dir='ltr'><strong>(IIMachab.</strong></span> <span class='ocrx_word' id='word_1_37' title='bbox 1614 588 1712 636; x_wconf 87' lang='lat' dir='ltr'><strong>vn,</strong></span> <span class='ocrx_word' id='word_1_38' title='bbox 1735 574 1843 631; x_wconf 70' lang='lat' dir='ltr'><strong>Mi.</strong></span> <span class='ocrx_word' id='word_1_39' title='bbox 1955 588 2076 642; x_wconf 69' lang='lat' dir='ltr'><strong>qua:</strong></span> <span class='ocrx_word' id='word_1_40' title='bbox 2101 573 2231 643; x_wconf 88' lang='lat' dir='ltr'><strong>justi</strong></span> <span class='ocrx_word' id='word_1_41' title='bbox 2263 576 2365 630; x_wconf 86' lang='lat' dir='ltr'><strong>viri</strong></span> <span class='ocrx_word' id='word_1_42' title='bbox 2395 584 2450 631; x_wconf 92' lang='lat' dir='ltr'><strong>ct</strong></span> <span class='ocrx_word' id='word_1_43' title='bbox 2478 578 2710 633; x_wconf 75' lang='lat' dir='ltr'><strong>ﬁliorum</strong></span> <span class='ocrx_word' id='word_1_44' title='bbox 2741 580 2860 650; x_wconf 86' lang='lat' dir='ltr'><strong>ejus</strong></span> <span class='ocrx_word' id='word_1_45' title='bbox 2908 583 3169 652; x_wconf 81' lang='lat' dir='ltr'><strong>sanguine</strong></span> <span class='ocrx_word' id='word_1_46' title='bbox 3202 585 3378 640; x_wconf 90' lang='lat' dir='ltr'><strong>rubet.</strong></span> <span class='ocrx_word' id='word_1_47' title='bbox 3425 585 3532 641; x_wconf 80' lang='lat' dir='ltr'><strong>Sed</strong></span> 
     </span>
    </p>
   </div>
   <div class='ocr_carea' id='block_1_5' title="bbox 267 654 3533 745">
    <p class='ocr_par' dir='ltr' id='par_1_5' title="bbox 267 654 3533 745">
     <span class='ocr_line' id='line_1_5' title="bbox 267 654 3533 745; baseline 0.006 -34"><span class='ocrx_word' id='word_1_48' title='bbox 267 655 524 712; x_wconf 86' lang='lat' dir='ltr'><strong>Profecto</strong></span> <span class='ocrx_word' id='word_1_49' title='bbox 574 654 620 709; x_wconf 84' lang='lat' dir='ltr'><strong>si</strong></span> <span class='ocrx_word' id='word_1_50' title='bbox 664 654 803 708; x_wconf 88' lang='lat' dir='ltr'><strong>nihil</strong></span> <span class='ocrx_word' id='word_1_51' title='bbox 858 656 1025 722; x_wconf 90' lang='lat' dir='ltr'><strong>aliud,</strong></span> <span class='ocrx_word' id='word_1_52' title='bbox 1078 667 1227 714; x_wconf 89' lang='lat' dir='ltr'><strong>certe</strong></span> <span class='ocrx_word' id='word_1_53' title='bbox 1283 660 1495 716; x_wconf 89' lang='lat' dir='ltr'><strong>cunctis</strong></span> <span class='ocrx_word' id='word_1_54' title='bbox 1537 663 1851 720; x_wconf 90' lang='lat' dir='ltr'><strong>hominibus</strong></span> <span class='ocrx_word' id='word_1_55' title='bbox 1958 670 2017 717; x_wconf 93' lang='lat' dir='ltr'><strong>tu</strong></span> <span class='ocrx_word' id='word_1_56' title='bbox 2045 664 2291 729; x_wconf 89' lang='lat' dir='ltr'><strong>interim,</strong></span> <span class='ocrx_word' id='word_1_57' title='bbox 2327 666 2645 723; x_wconf 86' lang='lat' dir='ltr'><strong>admirande</strong></span> <span class='ocrx_word' id='word_1_58' title='bbox 2672 668 2859 736; x_wconf 86' lang='lat' dir='ltr'><strong>Pater,</strong></span> <span class='ocrx_word' id='word_1_59' title='bbox 2910 671 3137 737; x_wconf 78' lang='lat' dir='ltr'><strong>intende,</strong></span> <span class='ocrx_word' id='word_1_60' title='bbox 3186 681 3235 727; x_wconf 88' lang='lat' dir='ltr'><strong>et</strong></span> <span class='ocrx_word' id='word_1_61' title='bbox 3288 690 3533 745; x_wconf 85' lang='lat' dir='ltr'><strong>prospere</strong></span> 
     </span>
    </p>
   </div>
   <div class='ocr_carea' id='block_1_6' title="bbox 264 747 3525 837">
    <p class='ocr_par' dir='ltr' id='par_1_6' title="bbox 264 747 3525 837">
     <span class='ocr_line' id='line_1_6' title="bbox 264 747 3525 837; baseline 0.005 -34"><span class='ocrx_word' id='word_1_62' title='bbox 264 749 607 819; x_wconf 83' lang='lat' dir='ltr'><strong>exploratum</strong></span> <span class='ocrx_word' id='word_1_63' title='bbox 636 753 774 811; x_wconf 85' lang='lat' dir='ltr'><strong>esto,</strong></span> <span class='ocrx_word' id='word_1_64' title='bbox 802 747 1007 801; x_wconf 83' lang='lat' dir='ltr'><strong>nullam</strong></span> <span class='ocrx_word' id='word_1_65' title='bbox 1036 747 1153 803; x_wconf 88' lang='lat' dir='ltr'><strong>fore</strong></span> <span class='ocrx_word' id='word_1_66' title='bbox 1182 750 1486 807; x_wconf 82' lang='lat' dir='ltr'><strong>interfectis</strong></span> <span class='ocrx_word' id='word_1_67' title='bbox 1534 753 1851 811; x_wconf 90' lang='lat' dir='ltr'><strong>hominibus</strong></span> <span class='ocrx_word' id='word_1_68' title='bbox 1956 755 2192 824; x_wconf 83' lang='lat' dir='ltr'><strong>procede,</strong></span> <span class='ocrx_word' id='word_1_69' title='bbox 2223 772 2288 808; x_wconf 87' lang='lat' dir='ltr'><strong>ac</strong></span> <span class='ocrx_word' id='word_1_70' title='bbox 2320 772 2481 826; x_wconf 86' lang='lat' dir='ltr'><strong>regna</strong></span> <span class='ocrx_word' id='word_1_71' title='bbox 2520 756 2702 828; x_wconf 87' lang='lat' dir='ltr'><strong>(Psal.</strong></span> <span class='ocrx_word' id='word_1_72' title='bbox 2734 776 2876 826; x_wconf 68' lang='grc' dir='ltr'><strong>κων,</strong></span> <span class='ocrx_word' id='word_1_73' title='bbox 2915 760 3010 830; x_wconf 85' lang='lat'><strong>5),</strong></span> <span class='ocrx_word' id='word_1_74' title='bbox 3068 770 3123 817; x_wconf 87' lang='lat' dir='ltr'><strong>et</strong></span> <span class='ocrx_word' id='word_1_75' title='bbox 3177 764 3231 818; x_wconf 92' lang='lat' dir='ltr'><strong>in</strong></span> <span class='ocrx_word' id='word_1_76' title='bbox 3291 766 3525 837; x_wconf 76' lang='lat' dir='ltr'><strong>regalem</strong></span> 
     </span>
    </p>
   </div>
   <div class='ocr_carea' id='block_1_7' title="bbox 3441 304 3529 348">
    <p class='ocr_par' dir='ltr' id='par_1_7' title="bbox 3441 304 3529 348">
     <span class='ocr_line' id='line_1_7' title="bbox 3441 304 3529 348; baseline -0.023 0"><span class='ocrx_word' id='word_1_77' title='bbox 3441 304 3529 348; x_wconf 74' lang='grc' dir='ltr'><strong>ιιν</strong></span> 
     </span>
    </p>
   </div>
   <div class='ocr_carea' id='block_1_8' title="bbox 1956 393 3530 477">
    <p class='ocr_par' dir='ltr' id='par_1_8' title="bbox 1956 393 3530 477">
     <span class='ocr_line' id='line_1_8' title="bbox 1956 393 3530 477; baseline 0.007 -29"><span class='ocrx_word' id='word_1_78' title='bbox 1956 393 2081 448; x_wconf 91' lang='lat' dir='ltr'><strong>dem</strong></span> <span class='ocrx_word' id='word_1_79' title='bbox 2133 395 2402 452; x_wconf 83' lang='lat' dir='ltr'><strong>sacrificio</strong></span> <span class='ocrx_word' id='word_1_80' title='bbox 2429 407 2608 453; x_wconf 85' lang='lat' dir='ltr'><strong>astare</strong></span> <span class='ocrx_word' id='word_1_81' title='bbox 2638 398 2927 469; x_wconf 88' lang='lat' dir='ltr'><strong>patiemur,</strong></span> <span class='ocrx_word' id='word_1_82' title='bbox 2981 401 3124 470; x_wconf 89' lang='lat' dir='ltr'><strong>quod</strong></span> <span class='ocrx_word' id='word_1_83' title='bbox 3178 418 3271 459; x_wconf 87' lang='lat' dir='ltr'><strong>cor</strong></span> <span class='ocrx_word' id='word_1_84' title='bbox 3317 406 3530 477; x_wconf 79' lang='lat' dir='ltr'><strong>peragit</strong></span> 
     </span>
    </p>
   </div>
   <div class='ocr_carea' id='block_1_9' title="bbox 263 838 1849 916">
    <p class='ocr_par' dir='ltr' id='par_1_9' title="bbox 263 838 1849 916">
     <span class='ocr_line' id='line_1_9' title="bbox 263 838 1849 916; baseline 0.004 -21"><span class='ocrx_word' id='word_1_85' title='bbox 263 856 390 896; x_wconf 90' lang='lat' dir='ltr'><strong>cum</strong></span> <span class='ocrx_word' id='word_1_86' title='bbox 420 838 868 895; x_wconf 84' lang='lat' dir='ltr'><strong>interfectoribus</strong></span> <span class='ocrx_word' id='word_1_87' title='bbox 905 841 1368 898; x_wconf 87' lang='lat' dir='ltr'><strong>communionem.</strong></span> <span class='ocrx_word' id='word_1_88' title='bbox 1397 844 1466 899; x_wconf 86' lang='lat' dir='ltr'><strong>Et</strong></span> <span class='ocrx_word' id='word_1_89' title='bbox 1496 860 1565 901; x_wconf 89' lang='lat' dir='ltr'><strong>ne</strong></span> <span class='ocrx_word' id='word_1_90' title='bbox 1596 846 1671 901; x_wconf 91' lang='lat' dir='ltr'><strong>illi</strong></span> <span class='ocrx_word' id='word_1_91' title='bbox 1724 848 1849 916; x_wconf 86' lang='lat' dir='ltr'><strong>qui-</strong></span> 
     </span>
    </p>
   </div>
   <div class='ocr_carea' id='block_1_10' title="bbox 1958 850 2736 911">
    <p class='ocr_par' dir='ltr' id='par_1_10' title="bbox 1958 850 2736 911">
     <span class='ocr_line' id='line_1_10' title="bbox 1958 850 2736 911; baseline 0.004 -5"><span class='ocrx_word' id='word_1_92' title='bbox 1958 850 2160 906; x_wconf 91' lang='lat' dir='ltr'><strong>Christi</strong></span> <span class='ocrx_word' id='word_1_93' title='bbox 2191 852 2371 907; x_wconf 85' lang='lat' dir='ltr'><strong>aulam</strong></span> <span class='ocrx_word' id='word_1_94' title='bbox 2411 855 2736 911; x_wconf 87' lang='lat' dir='ltr'><strong>conscende.</strong></span> 
     </span>
    </p>
   </div>
   <div class='ocr_carea' id='block_1_11' title="bbox 271 1057 2643 1099">
    <p class='ocr_par' dir='ltr' id='par_1_11' title="bbox 271 1057 2643 1099">
     <span class='ocr_line' id='line_1_11' title="bbox 271 1057 2643 1099; baseline -0.008 -14"><span class='ocrx_word' id='word_1_95' title='bbox 271 1057 2643 1099; x_wconf 37' lang='grc' dir='ltr'>Μ</span> 
     </span>
    </p>
   </div>
   <div class='ocr_carea' id='block_1_12' title="bbox 2646 1093 2997 1101">
    <p class='ocr_par' dir='ltr' id='par_1_12' title="bbox 2646 1093 2997 1101">
     <span class='ocr_line' id='line_1_12' title="bbox 2646 1093 2997 1101; baseline 0 -1"><span class='ocrx_word' id='word_1_96' title='bbox 2646 1093 2997 1101; x_wconf 63' lang='lat'><strong>——~—————_</strong></span> 
     </span>
    </p>
   </div>
   <div class='ocr_carea' id='block_1_13' title="bbox 1018 1208 2796 1301">
    <p class='ocr_par' dir='ltr' id='par_1_13' title="bbox 1018 1208 2796 1301">
     <span class='ocr_line' id='line_1_13' title="bbox 1018 1208 2796 1301; baseline 0.006 -30"><span class='ocrx_word' id='word_1_97' title='bbox 1018 1208 1473 1276; x_wconf 85' lang='lat' dir='ltr'><strong>OPUSCULUM</strong></span> <span class='ocrx_word' id='word_1_98' title='bbox 1513 1212 1610 1273; x_wconf 90' lang='lat' dir='ltr'><strong>DE</strong></span> <span class='ocrx_word' id='word_1_99' title='bbox 1648 1213 1713 1276; x_wconf 92' lang='lat' dir='ltr'><strong>S.</strong></span> <span class='ocrx_word' id='word_1_100' title='bbox 1756 1215 2048 1278; x_wconf 82' lang='lat' dir='ltr'><strong>JOANNE</strong></span> <span class='ocrx_word' id='word_1_101' title='bbox 2091 1219 2635 1281; x_wconf 84' lang='lat' dir='ltr'><strong>CHRYSOSTOMO</strong></span> <span class='ocrx_word' id='word_1_102' title='bbox 2690 1218 2796 1301; x_wconf 73' lang='grc' dir='ltr'><strong>(α).</strong></span> 
     </span>
    </p>
   </div>
   <div class='ocr_carea' id='block_1_14' title="bbox 268 1413 1853 1488">
    <p class='ocr_par' dir='ltr' id='par_1_14' title="bbox 268 1413 1853 1488">
     <span class='ocr_line' id='line_1_14' title="bbox 268 1413 1853 1488; baseline 0.001 -21"><span class='ocrx_word' id='word_1_103' title='bbox 268 1423 446 1467; x_wconf 87' lang='lat' dir='ltr'><strong>noster</strong></span> <span class='ocrx_word' id='word_1_104' title='bbox 481 1413 774 1484; x_wconf 73' lang='lat' dir='ltr'><strong>simplicior</strong></span> <span class='ocrx_word' id='word_1_105' title='bbox 818 1413 986 1468; x_wconf 88' lang='lat' dir='ltr'><strong>multo</strong></span> <span class='ocrx_word' id='word_1_106' title='bbox 1032 1416 1398 1487; x_wconf 87' lang='lat' dir='ltr'><strong>astrictiorque</strong></span> <span class='ocrx_word' id='word_1_107' title='bbox 1440 1425 1534 1483; x_wconf 87' lang='lat' dir='ltr'><strong>est,</strong></span> <span class='ocrx_word' id='word_1_108' title='bbox 1568 1433 1733 1488; x_wconf 89' lang='lat' dir='ltr'><strong>neque</strong></span> <span class='ocrx_word' id='word_1_109' title='bbox 1777 1424 1853 1470; x_wconf 86' lang='lat' dir='ltr'><strong>tot</strong></span> 
     </span>
    </p>
   </div>
   <div class='ocr_carea' id='block_1_15' title="bbox 269 1504 1852 1579">
    <p class='ocr_par' dir='ltr' id='par_1_15' title="bbox 269 1504 1852 1579">
     <span class='ocr_line' id='line_1_15' title="bbox 269 1504 1852 1579; baseline 0.003 -21"><span class='ocrx_word' id='word_1_110' title='bbox 269 1505 773 1574; x_wconf 58' lang='lat' dir='ltr'><strong>reprehensionibus,</strong></span> <span class='ocrx_word' id='word_1_111' title='bbox 803 1514 927 1576; x_wconf 90' lang='lat' dir='ltr'><strong>quot</strong></span> <span class='ocrx_word' id='word_1_112' title='bbox 956 1504 1225 1579; x_wconf 76' lang='lat' dir='ltr'><strong>Georgius,</strong></span> <span class='ocrx_word' id='word_1_113' title='bbox 1259 1523 1449 1562; x_wconf 87' lang='lat' dir='ltr'><strong>ansam</strong></span> <span class='ocrx_word' id='word_1_114' title='bbox 1473 1507 1684 1578; x_wconf 68' lang='lat' dir='ltr'><strong>praebet.</strong></span> <span class='ocrx_word' id='word_1_115' title='bbox 1716 1508 1852 1563; x_wconf 82' lang='lat' dir='ltr'><strong>Pec-</strong></span> 
     </span>
    </p>
   </div>
   <div class='ocr_carea' id='block_1_16' title="bbox 271 1596 1851 1667">
    <p class='ocr_par' dir='ltr' id='par_1_16' title="bbox 271 1596 1851 1667">
     <span class='ocr_line' id='line_1_16' title="bbox 271 1596 1851 1667; baseline 0.002 -17"><span class='ocrx_word' id='word_1_116' title='bbox 271 1606 357 1649; x_wconf 83' lang='lat' dir='ltr'><strong>cat</strong></span> <span class='ocrx_word' id='word_1_117' title='bbox 388 1606 567 1650; x_wconf 87' lang='lat' dir='ltr'><strong>tamen</strong></span> <span class='ocrx_word' id='word_1_118' title='bbox 606 1597 666 1650; x_wconf 90' lang='lat' dir='ltr'><strong>in</strong></span> <span class='ocrx_word' id='word_1_119' title='bbox 695 1596 897 1667; x_wconf 79' lang='lat' dir='ltr'><strong>aliquot</strong></span> <span class='ocrx_word' id='word_1_120' title='bbox 926 1597 1284 1667; x_wconf 89' lang='lat' dir='ltr'><strong>episcoporum</strong></span> <span class='ocrx_word' id='word_1_121' title='bbox 1310 1598 1622 1661; x_wconf 74' lang='lat' dir='ltr'><strong>nominibus,</strong></span> <span class='ocrx_word' id='word_1_122' title='bbox 1665 1608 1715 1652; x_wconf 88' lang='lat' dir='ltr'><strong>et</strong></span> <span class='ocrx_word' id='word_1_123' title='bbox 1739 1598 1851 1653; x_wconf 86' lang='lat' dir='ltr'><strong>alia</strong></span> 
     </span>
    </p>
   </div>
   <div class='ocr_carea' id='block_1_17' title="bbox 270 1686 1854 1759">
    <p class='ocr_par' dir='ltr' id='par_1_17' title="bbox 270 1686 1854 1759">
     <span class='ocr_line' id='line_1_17' title="bbox 270 1686 1854 1759; baseline 0.002 -19"><span class='ocrx_word' id='word_1_124' title='bbox 270 1691 517 1757; x_wconf 67' lang='lat' dir='ltr'><strong>quadam</strong></span> <span class='ocrx_word' id='word_1_125' title='bbox 546 1704 738 1756; x_wconf 89' lang='lat' dir='ltr'><strong>parum</strong></span> <span class='ocrx_word' id='word_1_126' title='bbox 765 1687 1036 1741; x_wconf 82' lang='lat' dir='ltr'><strong>credibilia</strong></span> <span class='ocrx_word' id='word_1_127' title='bbox 1063 1687 1233 1743; x_wconf 81' lang='lat' dir='ltr'><strong>habet.</strong></span> <span class='ocrx_word' id='word_1_128' title='bbox 1264 1686 1368 1744; x_wconf 86' lang='lat' dir='ltr'><strong>Sed</strong></span> <span class='ocrx_word' id='word_1_129' title='bbox 1393 1705 1486 1743; x_wconf 86' lang='lat' dir='ltr'><strong>nos</strong></span> <span class='ocrx_word' id='word_1_130' title='bbox 1526 1697 1679 1759; x_wconf 84' lang='lat' dir='ltr'><strong>prout</strong></span> <span class='ocrx_word' id='word_1_131' title='bbox 1707 1689 1854 1758; x_wconf 86' lang='lat' dir='ltr'><strong>jacet</strong></span> 
     </span>
    </p>
   </div>
   <div class='ocr_carea' id='block_1_18' title="bbox 269 1762 1854 1850">
    <p class='ocr_par' dir='ltr' id='par_1_18' title="bbox 269 1762 1854 1850">
     <span class='ocr_line' id='line_1_18' title="bbox 269 1762 1854 1850; baseline 0.002 -18"><span class='ocrx_word' id='word_1_132' title='bbox 269 1778 553 1849; x_wconf 85' lang='lat' dir='ltr'><strong>vulgamus</strong></span> <span class='ocrx_word' id='word_1_133' title='bbox 578 1795 594 1843; x_wconf 88' lang='lat'><strong><em>;</em></strong></span> <span class='ocrx_word' id='word_1_134' title='bbox 622 1778 744 1832; x_wconf 90' lang='lat' dir='ltr'><strong>aliis</strong></span> <span class='ocrx_word' id='word_1_135' title='bbox 770 1787 939 1833; x_wconf 84' lang='lat' dir='ltr'><strong>artem</strong></span> <span class='ocrx_word' id='word_1_136' title='bbox 978 1780 1217 1834; x_wconf 84' lang='lat' dir='ltr'><strong>criticum</strong></span> <span class='ocrx_word' id='word_1_137' title='bbox 1255 1782 1594 1835; x_wconf 70' lang='lat' dir='ltr'><strong>exercendam</strong></span> <span class='ocrx_word' id='word_1_138' title='bbox 1635 1762 1854 1850; x_wconf 80' lang='lat' dir='ltr'><strong>permit—</strong></span> 
     </span>
    </p>
   </div>
   <div class='ocr_carea' id='block_1_19' title="bbox 272 1866 1857 1940">
    <p class='ocr_par' dir='ltr' id='par_1_19' title="bbox 272 1866 1857 1940">
     <span class='ocr_line' id='line_1_19' title="bbox 272 1866 1857 1940; baseline 0.003 -19"><span class='ocrx_word' id='word_1_139' title='bbox 272 1869 461 1922; x_wconf 88' lang='lat' dir='ltr'><strong>timus.</strong></span> <span class='ocrx_word' id='word_1_140' title='bbox 497 1866 601 1922; x_wconf 88' lang='lat' dir='ltr'><strong>Sed</strong></span> <span class='ocrx_word' id='word_1_141' title='bbox 632 1877 679 1922; x_wconf 89' lang='lat' dir='ltr'><strong>et</strong></span> <span class='ocrx_word' id='word_1_142' title='bbox 703 1868 812 1922; x_wconf 86' lang='lat' dir='ltr'><strong>alia</strong></span> <span class='ocrx_word' id='word_1_143' title='bbox 840 1869 1061 1922; x_wconf 87' lang='lat' dir='ltr'><strong>dicenda</strong></span> <span class='ocrx_word' id='word_1_144' title='bbox 1087 1878 1323 1939; x_wconf 75' lang='lat' dir='ltr'><strong>superest</strong></span> <span class='ocrx_word' id='word_1_145' title='bbox 1351 1872 1532 1939; x_wconf 87' lang='lat' dir='ltr'><strong>scripti</strong></span> <span class='ocrx_word' id='word_1_146' title='bbox 1559 1871 1718 1940; x_wconf 80' lang='lat' dir='ltr'><strong>hujus</strong></span> <span class='ocrx_word' id='word_1_147' title='bbox 1747 1872 1857 1925; x_wconf 86' lang='lat' dir='ltr'><strong>uti-</strong></span> 
     </span>
    </p>
   </div>
   <div class='ocr_carea' id='block_1_20' title="bbox 270 1958 1857 2031">
    <p class='ocr_par' dir='ltr' id='par_1_20' title="bbox 270 1958 1857 2031">
     <span class='ocr_line' id='line_1_20' title="bbox 270 1958 1857 2031; baseline 0.003 -19"><span class='ocrx_word' id='word_1_148' title='bbox 270 1960 419 2023; x_wconf 88' lang='lat' dir='ltr'><strong>litas,</strong></span> <span class='ocrx_word' id='word_1_149' title='bbox 449 1975 636 2028; x_wconf 83' lang='lat' dir='ltr'><strong>nempe</strong></span> <span class='ocrx_word' id='word_1_150' title='bbox 677 1967 732 2012; x_wconf 90' lang='lat' dir='ltr'><strong>ut</strong></span> <span class='ocrx_word' id='word_1_151' title='bbox 761 1960 956 2031; x_wconf 65' lang='lat' dir='ltr'><strong>iniqua:</strong></span> <span class='ocrx_word' id='word_1_152' title='bbox 975 1958 1122 2013; x_wconf 83' lang='lat' dir='ltr'><strong>illius</strong></span> <span class='ocrx_word' id='word_1_153' title='bbox 1155 1961 1226 2014; x_wconf 89' lang='lat' dir='ltr'><strong>ad</strong></span> <span class='ocrx_word' id='word_1_154' title='bbox 1262 1959 1523 2025; x_wconf 83' lang='lat' dir='ltr'><strong>Quercum</strong></span> <span class='ocrx_word' id='word_1_155' title='bbox 1552 1960 1857 2031; x_wconf 83' lang='lat' dir='ltr'><strong>(Chalcedo-</strong></span> 
     </span>
    </p>
   </div>
   <div class='ocr_carea' id='block_1_21' title="bbox 273 2048 1856 2122">
    <p class='ocr_par' dir='ltr' id='par_1_21' title="bbox 273 2048 1856 2122">
     <span class='ocr_line' id='line_1_21' title="bbox 273 2048 1856 2122; baseline 0.002 -19"><span class='ocrx_word' id='word_1_156' title='bbox 273 2051 361 2103; x_wconf 88' lang='lat' dir='ltr'><strong>nis</strong></span> <span class='ocrx_word' id='word_1_157' title='bbox 380 2048 711 2120; x_wconf 82' lang='lat' dir='ltr'><strong>suburbium)</strong></span> <span class='ocrx_word' id='word_1_158' title='bbox 738 2050 944 2119; x_wconf 87' lang='lat' dir='ltr'><strong>synodi,</strong></span> <span class='ocrx_word' id='word_1_159' title='bbox 981 2067 1122 2105; x_wconf 92' lang='lat' dir='ltr'><strong>anno</strong></span> <span class='ocrx_word' id='word_1_160' title='bbox 1147 2050 1254 2106; x_wconf 71' lang='grc'><strong>405</strong></span> <span class='ocrx_word' id='word_1_161' title='bbox 1274 2051 1522 2105; x_wconf 89' lang='lat' dir='ltr'><strong>adversus</strong></span> <span class='ocrx_word' id='word_1_162' title='bbox 1550 2050 1856 2122; x_wconf 86' lang='lat' dir='ltr'><strong>Chrysosto-</strong></span> 
     </span>
    </p>
   </div>
   <div class='ocr_carea' id='block_1_22' title="bbox 274 2139 1857 2208">
    <p class='ocr_par' dir='ltr' id='par_1_22' title="bbox 274 2139 1857 2208">
     <span class='ocr_line' id='line_1_22' title="bbox 274 2139 1857 2208; baseline 0.003 -15"><span class='ocrx_word' id='word_1_163' title='bbox 274 2156 423 2193; x_wconf 77' lang='lat' dir='ltr'><strong>nium</strong></span> <span class='ocrx_word' id='word_1_164' title='bbox 452 2139 669 2206; x_wconf 65' lang='lat' dir='ltr'><strong>habitis,</strong></span> <span class='ocrx_word' id='word_1_165' title='bbox 694 2139 945 2195; x_wconf 88' lang='lat' dir='ltr'><strong>Theodori</strong></span> <span class='ocrx_word' id='word_1_166' title='bbox 986 2142 1152 2196; x_wconf 87' lang='lat' dir='ltr'><strong>nostri</strong></span> <span class='ocrx_word' id='word_1_167' title='bbox 1207 2142 1468 2208; x_wconf 86' lang='lat' dir='ltr'><strong>narratio,</strong></span> <span class='ocrx_word' id='word_1_168' title='bbox 1501 2143 1559 2195; x_wconf 90' lang='lat' dir='ltr'><strong>in</strong></span> <span class='ocrx_word' id='word_1_169' title='bbox 1585 2141 1857 2197; x_wconf 88' lang='lat' dir='ltr'><strong>Concilio-</strong></span> 
     </span>
    </p>
   </div>
   <div class='ocr_carea' id='block_1_23' title="bbox 275 2230 1856 2304">
    <p class='ocr_par' dir='ltr' id='par_1_23' title="bbox 275 2230 1856 2304">
     <span class='ocr_line' id='line_1_23' title="bbox 275 2230 1856 2304; baseline 0.002 -19"><span class='ocrx_word' id='word_1_170' title='bbox 275 2247 399 2286; x_wconf 86' lang='lat' dir='ltr'><strong>rum</strong></span> <span class='ocrx_word' id='word_1_171' title='bbox 430 2230 761 2286; x_wconf 83' lang='lat' dir='ltr'><strong>Collectione</strong></span> <span class='ocrx_word' id='word_1_172' title='bbox 796 2233 899 2302; x_wconf 91' lang='lat' dir='ltr'><strong>(ed.</strong></span> <span class='ocrx_word' id='word_1_173' title='bbox 939 2232 1171 2288; x_wconf 79' lang='lat' dir='ltr'><strong>Floreat.</strong></span> <span class='ocrx_word' id='word_1_174' title='bbox 1203 2233 1377 2289; x_wconf 76' lang='lat' dir='ltr'><strong>Zattte</strong></span> <span class='ocrx_word' id='word_1_175' title='bbox 1411 2242 1450 2287; x_wconf 79' lang='grc' dir='ltr'><strong>ι.</strong></span> <span class='ocrx_word' id='word_1_176' title='bbox 1473 2233 1580 2304; x_wconf 87' lang='grc' dir='ltr'><strong>ΙΙΙ)</strong></span> <span class='ocrx_word' id='word_1_177' title='bbox 1606 2243 1856 2303; x_wconf 89' lang='lat' dir='ltr'><strong>ponatur,</strong></span> 
     </span>
    </p>
   </div>
   <div class='ocr_carea' id='block_1_24' title="bbox 278 2322 1861 2393">
    <p class='ocr_par' dir='ltr' id='par_1_24' title="bbox 278 2322 1861 2393">
     <span class='ocr_line' id='line_1_24' title="bbox 278 2322 1861 2393; baseline 0.004 -18"><span class='ocrx_word' id='word_1_178' title='bbox 278 2323 368 2376; x_wconf 81' lang='lat' dir='ltr'><strong>ubi</strong></span> <span class='ocrx_word' id='word_1_179' title='bbox 408 2322 660 2376; x_wconf 81' lang='lat' dir='ltr'><strong>hactenus</strong></span> <span class='ocrx_word' id='word_1_180' title='bbox 708 2324 915 2377; x_wconf 83' lang='lat' dir='ltr'><strong>nonnisi</strong></span> <span class='ocrx_word' id='word_1_181' title='bbox 946 2340 1009 2378; x_wconf 76' lang='lat' dir='ltr'><strong>ex</strong></span> <span class='ocrx_word' id='word_1_182' title='bbox 1043 2325 1251 2391; x_wconf 89' lang='lat' dir='ltr'><strong>Photio,</strong></span> <span class='ocrx_word' id='word_1_183' title='bbox 1295 2333 1345 2379; x_wconf 89' lang='lat' dir='ltr'><strong>et</strong></span> <span class='ocrx_word' id='word_1_184' title='bbox 1385 2325 1654 2393; x_wconf 87' lang='lat' dir='ltr'><strong>Palladio,</strong></span> <span class='ocrx_word' id='word_1_185' title='bbox 1699 2343 1763 2381; x_wconf 88' lang='lat' dir='ltr'><strong>ac</strong></span> <span class='ocrx_word' id='word_1_186' title='bbox 1803 2327 1861 2382; x_wconf 89' lang='lat' dir='ltr'><strong>li-</strong></span> 
     </span>
    </p>
   </div>
   <div class='ocr_carea' id='block_1_25' title="bbox 278 2411 1239 2485">
    <p class='ocr_par' dir='ltr' id='par_1_25' title="bbox 278 2411 1239 2485">
     <span class='ocr_line' id='line_1_25' title="bbox 278 2411 1239 2485; baseline 0.002 -19"><span class='ocrx_word' id='word_1_187' title='bbox 278 2411 414 2467; x_wconf 81' lang='lat' dir='ltr'><strong>bello</strong></span> <span class='ocrx_word' id='word_1_188' title='bbox 439 2413 688 2482; x_wconf 87' lang='lat' dir='ltr'><strong>synodico</strong></span> <span class='ocrx_word' id='word_1_189' title='bbox 731 2422 880 2467; x_wconf 87' lang='lat' dir='ltr'><strong>actus</strong></span> <span class='ocrx_word' id='word_1_190' title='bbox 917 2413 1239 2485; x_wconf 86' lang='lat' dir='ltr'><strong>legebantur.</strong></span> 
     </span>
    </p>
   </div>
   <div class='ocr_carea' id='block_1_26' title="bbox 349 2503 1864 2576">
    <p class='ocr_par' dir='ltr' id='par_1_26' title="bbox 349 2503 1864 2576">
     <span class='ocr_line' id='line_1_26' title="bbox 349 2503 1864 2576; baseline 0.003 -19"><span class='ocrx_word' id='word_1_191' title='bbox 349 2504 629 2557; x_wconf 80' lang='lat' dir='ltr'><strong>Postremo</strong></span> <span class='ocrx_word' id='word_1_192' title='bbox 671 2503 803 2557; x_wconf 81' lang='lat' dir='ltr'><strong>mihi</strong></span> <span class='ocrx_word' id='word_1_193' title='bbox 829 2503 991 2574; x_wconf 91' lang='lat' dir='ltr'><strong>paulo</strong></span> <span class='ocrx_word' id='word_1_194' title='bbox 1017 2505 1329 2576; x_wconf 68' lang='lat' dir='ltr'><strong>explicatius</strong></span> <span class='ocrx_word' id='word_1_195' title='bbox 1355 2507 1631 2563; x_wconf 87' lang='lat' dir='ltr'><strong>dicendum</strong></span> <span class='ocrx_word' id='word_1_196' title='bbox 1658 2509 1864 2563; x_wconf 89' lang='lat' dir='ltr'><strong>videtur</strong></span> 
     </span>
    </p>
   </div>
   <div class='ocr_carea' id='block_1_27' title="bbox 281 2593 1862 2666">
    <p class='ocr_par' dir='ltr' id='par_1_27' title="bbox 281 2593 1862 2666">
     <span class='ocr_line' id='line_1_27' title="bbox 281 2593 1862 2666; baseline 0.004 -19"><span class='ocrx_word' id='word_1_197' title='bbox 281 2596 345 2647; x_wconf 83' lang='lat' dir='ltr'><strong>de</strong></span> <span class='ocrx_word' id='word_1_198' title='bbox 362 2595 548 2663; x_wconf 83' lang='lat' dir='ltr'><strong>priscis</strong></span> <span class='ocrx_word' id='word_1_199' title='bbox 572 2593 680 2648; x_wconf 86' lang='lat' dir='ltr'><strong>illis</strong></span> <span class='ocrx_word' id='word_1_200' title='bbox 706 2594 958 2664; x_wconf 84' lang='lat' dir='ltr'><strong>epistolis,</strong></span> <span class='ocrx_word' id='word_1_201' title='bbox 983 2612 1114 2666; x_wconf 85' lang='lat' dir='ltr'><strong>quas</strong></span> <span class='ocrx_word' id='word_1_202' title='bbox 1137 2598 1209 2653; x_wconf 90' lang='lat' dir='ltr'><strong>ad</strong></span> <span class='ocrx_word' id='word_1_203' title='bbox 1235 2597 1445 2653; x_wconf 86' lang='lat' dir='ltr'><strong>verbum</strong></span> <span class='ocrx_word' id='word_1_204' title='bbox 1483 2600 1667 2654; x_wconf 89' lang='lat' dir='ltr'><strong>recitat</strong></span> <span class='ocrx_word' id='word_1_205' title='bbox 1699 2599 1862 2654; x_wconf 83' lang='lat' dir='ltr'><strong>Theo-</strong></span> 
     </span>
    </p>
   </div>
   <div class='ocr_carea' id='block_1_28' title="bbox 282 2685 1867 2757">
    <p class='ocr_par' dir='ltr' id='par_1_28' title="bbox 282 2685 1867 2757">
     <span class='ocr_line' id='line_1_28' title="bbox 282 2685 1867 2757; baseline 0.004 -18"><span class='ocrx_word' id='word_1_206' title='bbox 282 2688 464 2753; x_wconf 85' lang='lat' dir='ltr'><strong>dorus,</strong></span> <span class='ocrx_word' id='word_1_207' title='bbox 499 2685 854 2757; x_wconf 83' lang='lat' dir='ltr'><strong>Augustorum</strong></span> <span class='ocrx_word' id='word_1_208' title='bbox 882 2688 1078 2743; x_wconf 86' lang='lat' dir='ltr'><strong>scilicet</strong></span> <span class='ocrx_word' id='word_1_209' title='bbox 1103 2688 1318 2743; x_wconf 85' lang='lat' dir='ltr'><strong>Arcadii</strong></span> <span class='ocrx_word' id='word_1_210' title='bbox 1344 2699 1394 2744; x_wconf 90' lang='lat' dir='ltr'><strong>et</strong></span> <span class='ocrx_word' id='word_1_211' title='bbox 1430 2689 1670 2757; x_wconf 86' lang='lat' dir='ltr'><strong>Honorii,</strong></span> <span class='ocrx_word' id='word_1_212' title='bbox 1702 2691 1867 2746; x_wconf 85' lang='lat' dir='ltr'><strong>Inno-</strong></span> 
     </span>
    </p>
   </div>
   <div class='ocr_carea' id='block_1_29' title="bbox 284 2776 1869 2849">
    <p class='ocr_par' dir='ltr' id='par_1_29' title="bbox 284 2776 1869 2849">
     <span class='ocr_line' id='line_1_29' title="bbox 284 2776 1869 2849; baseline 0.004 -20"><span class='ocrx_word' id='word_1_213' title='bbox 284 2779 442 2831; x_wconf 87' lang='lat' dir='ltr'><strong>centii</strong></span> <span class='ocrx_word' id='word_1_214' title='bbox 491 2794 665 2847; x_wconf 71' lang='lat' dir='ltr'><strong>papae,</strong></span> <span class='ocrx_word' id='word_1_215' title='bbox 699 2776 982 2848; x_wconf 87' lang='lat' dir='ltr'><strong>Theophili,</strong></span> <span class='ocrx_word' id='word_1_216' title='bbox 1012 2779 1197 2849; x_wconf 81' lang='lat' dir='ltr'><strong>synodi</strong></span> <span class='ocrx_word' id='word_1_217' title='bbox 1223 2778 1496 2846; x_wconf 67' lang='lat' dir='ltr'><strong>Romanis,</strong></span> <span class='ocrx_word' id='word_1_218' title='bbox 1532 2797 1650 2835; x_wconf 90' lang='lat' dir='ltr'><strong>cum</strong></span> <span class='ocrx_word' id='word_1_219' title='bbox 1696 2781 1869 2835; x_wconf 87' lang='lat' dir='ltr'><strong>mino-</strong></span> 
     </span>
    </p>
   </div>
   <div class='ocr_carea' id='block_1_30' title="bbox 286 2868 1869 2941">
    <p class='ocr_par' dir='ltr' id='par_1_30' title="bbox 286 2868 1869 2941">
     <span class='ocr_line' id='line_1_30' title="bbox 286 2868 1869 2941; baseline 0.003 -21"><span class='ocrx_word' id='word_1_220' title='bbox 286 2869 431 2923; x_wconf 87' lang='lat' dir='ltr'><strong>ribus</strong></span> <span class='ocrx_word' id='word_1_221' title='bbox 460 2868 601 2923; x_wconf 87' lang='lat' dir='ltr'><strong>aliis.</strong></span> <span class='ocrx_word' id='word_1_222' title='bbox 641 2869 740 2924; x_wconf 79' lang='lat' dir='ltr'><strong>Ha:</strong></span> <span class='ocrx_word' id='word_1_223' title='bbox 788 2870 1017 2941; x_wconf 85' lang='lat' dir='ltr'><strong>quidem,</strong></span> <span class='ocrx_word' id='word_1_224' title='bbox 1062 2872 1259 2940; x_wconf 88' lang='lat' dir='ltr'><strong>partim</strong></span> <span class='ocrx_word' id='word_1_225' title='bbox 1285 2871 1491 2939; x_wconf 89' lang='lat' dir='ltr'><strong>saltem,</strong></span> <span class='ocrx_word' id='word_1_226' title='bbox 1539 2873 1682 2941; x_wconf 87' lang='lat' dir='ltr'><strong>apud</strong></span> <span class='ocrx_word' id='word_1_227' title='bbox 1735 2872 1869 2926; x_wconf 88' lang='lat' dir='ltr'><strong>alios</strong></span> 
     </span>
    </p>
   </div>
   <div class='ocr_carea' id='block_1_31' title="bbox 288 2960 1869 3033">
    <p class='ocr_par' dir='ltr' id='par_1_31' title="bbox 288 2960 1869 3033">
     <span class='ocr_line' id='line_1_31' title="bbox 288 2960 1869 3033; baseline 0.002 -21"><span class='ocrx_word' id='word_1_228' title='bbox 288 2976 495 3029; x_wconf 87' lang='lat' dir='ltr'><strong>quoque</strong></span> <span class='ocrx_word' id='word_1_229' title='bbox 542 2960 854 3031; x_wconf 89' lang='lat' dir='ltr'><strong>biographos</strong></span> <span class='ocrx_word' id='word_1_230' title='bbox 888 2970 1210 3027; x_wconf 88' lang='lat' dir='ltr'><strong>occurrunt;</strong></span> <span class='ocrx_word' id='word_1_231' title='bbox 1257 2971 1485 3033; x_wconf 87' lang='lat' dir='ltr'><strong>quatuor</strong></span> <span class='ocrx_word' id='word_1_232' title='bbox 1513 2974 1689 3017; x_wconf 90' lang='lat' dir='ltr'><strong>autem</strong></span> <span class='ocrx_word' id='word_1_233' title='bbox 1738 2963 1869 3016; x_wconf 91' lang='lat' dir='ltr'><strong>reci-</strong></span> 
     </span>
    </p>
   </div>
   <div class='ocr_carea' id='block_1_32' title="bbox 290 3052 1867 3125">
    <p class='ocr_par' dir='ltr' id='par_1_32' title="bbox 290 3052 1867 3125">
     <span class='ocr_line' id='line_1_32' title="bbox 290 3052 1867 3125; baseline 0.001 -18"><span class='ocrx_word' id='word_1_234' title='bbox 290 3063 478 3107; x_wconf 84' lang='lat' dir='ltr'><strong>tantur</strong></span> <span class='ocrx_word' id='word_1_235' title='bbox 508 3069 542 3106; x_wconf 90' lang='lat' dir='ltr'><strong>a</strong></span> <span class='ocrx_word' id='word_1_236' title='bbox 568 3052 874 3108; x_wconf 86' lang='lat' dir='ltr'><strong>Constantio</strong></span> <span class='ocrx_word' id='word_1_237' title='bbox 920 3054 979 3106; x_wconf 89' lang='lat' dir='ltr'><strong>in</strong></span> <span class='ocrx_word' id='word_1_238' title='bbox 1014 3054 1115 3123; x_wconf 89' lang='lat' dir='ltr'><strong>Ep.</strong></span> <span class='ocrx_word' id='word_1_239' title='bbox 1156 3054 1349 3124; x_wconf 84' lang='lat' dir='ltr'><strong>pontif.</strong></span> <span class='ocrx_word' id='word_1_240' title='bbox 1388 3055 1514 3108; x_wconf 90' lang='lat' dir='ltr'><strong>tomi</strong></span> <span class='ocrx_word' id='word_1_241' title='bbox 1551 3056 1867 3125; x_wconf 86' lang='lat' dir='ltr'><strong>appendice,</strong></span> 
     </span>
    </p>
   </div>
   <div class='ocr_carea' id='block_1_33' title="bbox 287 3145 1873 3215">
    <p class='ocr_par' dir='ltr' id='par_1_33' title="bbox 287 3145 1873 3215">
     <span class='ocr_line' id='line_1_33' title="bbox 287 3145 1873 3215; baseline -0.001 -14"><span class='ocrx_word' id='word_1_242' title='bbox 287 3155 516 3214; x_wconf 77' lang='lat' dir='ltr'><strong>sumpta:</strong></span> <span class='ocrx_word' id='word_1_243' title='bbox 534 3162 599 3199; x_wconf 79' lang='lat' dir='ltr'><strong>ea:</strong></span> <span class='ocrx_word' id='word_1_244' title='bbox 626 3145 807 3215; x_wconf 83' lang='lat' dir='ltr'><strong>Glgca,</strong></span> <span class='ocrx_word' id='word_1_245' title='bbox 831 3145 1123 3215; x_wconf 87' lang='lat' dir='ltr'><strong>Nicephoro</strong></span> <span class='ocrx_word' id='word_1_246' title='bbox 1160 3146 1373 3210; x_wconf 75' lang='lat' dir='ltr'><strong>Calixti,</strong></span> <span class='ocrx_word' id='word_1_247' title='bbox 1415 3156 1463 3201; x_wconf 91' lang='lat' dir='ltr'><strong>et</strong></span> <span class='ocrx_word' id='word_1_248' title='bbox 1496 3146 1749 3211; x_wconf 91' lang='lat' dir='ltr'><strong>Baronio,</strong></span> <span class='ocrx_word' id='word_1_249' title='bbox 1782 3147 1873 3201; x_wconf 88' lang='lat' dir='ltr'><strong>sed</strong></span> 
     </span>
    </p>
   </div>
   <div class='ocr_carea' id='block_1_34' title="bbox 292 3237 1874 3307">
    <p class='ocr_par' dir='ltr' id='par_1_34' title="bbox 292 3237 1874 3307">
     <span class='ocr_line' id='line_1_34' title="bbox 292 3237 1874 3307; baseline 0.001 -18"><span class='ocrx_word' id='word_1_250' title='bbox 292 3237 484 3307; x_wconf 87' lang='lat' dir='ltr'><strong>ubique</strong></span> <span class='ocrx_word' id='word_1_251' title='bbox 517 3253 636 3291; x_wconf 89' lang='lat' dir='ltr'><strong>cum</strong></span> <span class='ocrx_word' id='word_1_252' title='bbox 670 3237 914 3306; x_wconf 80' lang='lat' dir='ltr'><strong>plurimis</strong></span> <span class='ocrx_word' id='word_1_253' title='bbox 942 3238 1306 3292; x_wconf 82' lang='lat' dir='ltr'><strong>varietatibus.</strong></span> <span class='ocrx_word' id='word_1_254' title='bbox 1340 3238 1496 3293; x_wconf 91' lang='lat' dir='ltr'><strong>Totus</strong></span> <span class='ocrx_word' id='word_1_255' title='bbox 1524 3248 1701 3293; x_wconf 89' lang='lat' dir='ltr'><strong>autem</strong></span> <span class='ocrx_word' id='word_1_256' title='bbox 1730 3239 1787 3291; x_wconf 90' lang='lat' dir='ltr'><strong>in</strong></span> <span class='ocrx_word' id='word_1_257' title='bbox 1814 3254 1874 3291; x_wconf 91' lang='lat' dir='ltr'><strong>eo</strong></span> 
     </span>
    </p>
   </div>
   <div class='ocr_carea' id='block_1_35' title="bbox 291 3328 1874 3399">
    <p class='ocr_par' dir='ltr' id='par_1_35' title="bbox 291 3328 1874 3399">
     <span class='ocr_line' id='line_1_35' title="bbox 291 3328 1874 3399; baseline -0.002 -16"><span class='ocrx_word' id='word_1_258' title='bbox 291 3328 635 3383; x_wconf 82' lang='lat' dir='ltr'><strong>Constantius</strong></span> <span class='ocrx_word' id='word_1_259' title='bbox 668 3336 742 3381; x_wconf 73' lang='lat' dir='ltr'><strong>est</strong></span> <span class='ocrx_word' id='word_1_260' title='bbox 780 3367 794 3392; x_wconf 93' lang='lat'><strong>,</strong></span> <span class='ocrx_word' id='word_1_261' title='bbox 827 3336 885 3381; x_wconf 82' lang='lat' dir='ltr'><strong>ut</strong></span> <span class='ocrx_word' id='word_1_262' title='bbox 930 3329 1025 3382; x_wconf 84' lang='lat' dir='ltr'><strong>has</strong></span> <span class='ocrx_word' id='word_1_263' title='bbox 1073 3329 1283 3399; x_wconf 82' lang='lat' dir='ltr'><strong>spurius</strong></span> <span class='ocrx_word' id='word_1_264' title='bbox 1330 3329 1491 3394; x_wconf 86' lang='lat' dir='ltr'><strong>dicat,</strong></span> <span class='ocrx_word' id='word_1_265' title='bbox 1530 3329 1663 3382; x_wconf 86' lang='lat' dir='ltr'><strong>sicut</strong></span> <span class='ocrx_word' id='word_1_266' title='bbox 1712 3328 1874 3382; x_wconf 88' lang='lat' dir='ltr'><strong>etiam</strong></span> 
     </span>
    </p>
   </div>
   <div class='ocr_carea' id='block_1_36' title="bbox 293 3412 1876 3486">
    <p class='ocr_par' dir='ltr' id='par_1_36' title="bbox 293 3412 1876 3486">
     <span class='ocr_line' id='line_1_36' title="bbox 293 3412 1876 3486; baseline -0.001 -16"><span class='ocrx_word' id='word_1_267' title='bbox 293 3416 566 3470; x_wconf 73' lang='lat' dir='ltr'><strong>existimat</strong></span> <span class='ocrx_word' id='word_1_268' title='bbox 608 3412 812 3486; x_wconf 89' lang='lat' dir='ltr'><strong>Pagius</strong></span> <span class='ocrx_word' id='word_1_269' title='bbox 859 3417 1000 3484; x_wconf 89' lang='lat' dir='ltr'><strong>apud</strong></span> <span class='ocrx_word' id='word_1_270' title='bbox 1032 3415 1344 3469; x_wconf 87' lang='lat' dir='ltr'><strong>Baronium.</strong></span> <span class='ocrx_word' id='word_1_271' title='bbox 1382 3416 1652 3472; x_wconf 87' lang='lat' dir='ltr'><strong>Concludit</strong></span> <span class='ocrx_word' id='word_1_272' title='bbox 1698 3424 1876 3469; x_wconf 89' lang='lat' dir='ltr'><strong>tamen</strong></span> 
     </span>
    </p>
   </div>
   <div class='ocr_carea' id='block_1_37' title="bbox 295 3505 1878 3587">
    <p class='ocr_par' dir='ltr' id='par_1_37' title="bbox 295 3505 1878 3587">
     <span class='ocr_line' id='line_1_37' title="bbox 295 3505 1878 3587; baseline 0 -26"><span class='ocrx_word' id='word_1_273' title='bbox 295 3505 642 3561; x_wconf 77' lang='lat' dir='ltr'><strong>Constantius</strong></span> <span class='ocrx_word' id='word_1_274' title='bbox 668 3513 873 3560; x_wconf 88' lang='lat' dir='ltr'><strong>tantam</strong></span> <span class='ocrx_word' id='word_1_275' title='bbox 901 3523 989 3562; x_wconf 88' lang='lat' dir='ltr'><strong>eas</strong></span> <span class='ocrx_word' id='word_1_276' title='bbox 1016 3524 1201 3577; x_wconf 90' lang='lat' dir='ltr'><strong>sapere</strong></span> <span class='ocrx_word' id='word_1_277' title='bbox 1221 3507 1613 3587; x_wconf 62' lang='lat' dir='ltr'><strong>antiquitatem,</strong></span> <span class='ocrx_word' id='word_1_278' title='bbox 1642 3516 1695 3560; x_wconf 91' lang='lat' dir='ltr'><strong>ut</strong></span> <span class='ocrx_word' id='word_1_279' title='bbox 1734 3508 1878 3561; x_wconf 86' lang='lat' dir='ltr'><strong>haud</strong></span> 
     </span>
    </p>
   </div>
   <div class='ocr_carea' id='block_1_38' title="bbox 294 3597 1878 3668">
    <p class='ocr_par' dir='ltr' id='par_1_38' title="bbox 294 3597 1878 3668">
     <span class='ocr_line' id='line_1_38' title="bbox 294 3597 1878 3668; baseline 0.001 -18"><span class='ocrx_word' id='word_1_280' title='bbox 294 3598 462 3651; x_wconf 87' lang='lat' dir='ltr'><strong>serius</strong></span> <span class='ocrx_word' id='word_1_281' title='bbox 487 3598 709 3667; x_wconf 82' lang='lat' dir='ltr'><strong>fortasse</strong></span> <span class='ocrx_word' id='word_1_282' title='bbox 739 3597 928 3652; x_wconf 64' lang='lat' dir='ltr'><strong>seculo</strong></span> <span class='ocrx_word' id='word_1_283' title='bbox 962 3607 1105 3652; x_wconf 70' lang='lat' dir='ltr'><strong>sexto</strong></span> <span class='ocrx_word' id='word_1_284' title='bbox 1151 3598 1358 3668; x_wconf 70' lang='lat' dir='ltr'><strong>scripta:</strong></span> <span class='ocrx_word' id='word_1_285' title='bbox 1402 3598 1693 3652; x_wconf 88' lang='lat' dir='ltr'><strong>videantur.</strong></span> <span class='ocrx_word' id='word_1_286' title='bbox 1728 3599 1878 3652; x_wconf 83' lang='lat' dir='ltr'><strong>Mitto</strong></span> 
     </span>
    </p>
   </div>
   <div class='ocr_carea' id='block_1_39' title="bbox 298 3688 1878 3765">
    <p class='ocr_par' dir='ltr' id='par_1_39' title="bbox 298 3688 1878 3765">
     <span class='ocr_line' id='line_1_39' title="bbox 298 3688 1878 3765; baseline 0.002 -23"><span class='ocrx_word' id='word_1_287' title='bbox 298 3706 392 3765; x_wconf 85' lang='lat' dir='ltr'><strong>ego</strong></span> <span class='ocrx_word' id='word_1_288' title='bbox 435 3698 483 3743; x_wconf 90' lang='lat' dir='ltr'><strong>et</strong></span> <span class='ocrx_word' id='word_1_289' title='bbox 523 3706 761 3743; x_wconf 87' lang='lat' dir='ltr'><strong>revereor</strong></span> <span class='ocrx_word' id='word_1_290' title='bbox 788 3688 1081 3745; x_wconf 87' lang='lat' dir='ltr'><strong>Constantii</strong></span> <span class='ocrx_word' id='word_1_291' title='bbox 1124 3698 1437 3761; x_wconf 88' lang='lat' dir='ltr'><strong>argumenta</strong></span> <span class='ocrx_word' id='word_1_292' title='bbox 1481 3691 1732 3745; x_wconf 85' lang='lat' dir='ltr'><strong>adversus</strong></span> <span class='ocrx_word' id='word_1_293' title='bbox 1782 3691 1878 3746; x_wconf 86' lang='lat' dir='ltr'><strong>has</strong></span> 
     </span>
    </p>
   </div>
   <div class='ocr_carea' id='block_1_40' title="bbox 300 3781 1880 3852">
    <p class='ocr_par' dir='ltr' id='par_1_40' title="bbox 300 3781 1880 3852">
     <span class='ocr_line' id='line_1_40' title="bbox 300 3781 1880 3852; baseline 0 -18"><span class='ocrx_word' id='word_1_294' title='bbox 300 3782 541 3847; x_wconf 83' lang='lat' dir='ltr'><strong>litteras;</strong></span> <span class='ocrx_word' id='word_1_295' title='bbox 572 3783 664 3836; x_wconf 90' lang='lat' dir='ltr'><strong>sed</strong></span> <span class='ocrx_word' id='word_1_296' title='bbox 693 3792 870 3837; x_wconf 87' lang='lat' dir='ltr'><strong>tamen</strong></span> <span class='ocrx_word' id='word_1_297' title='bbox 898 3781 1031 3836; x_wconf 88' lang='lat' dir='ltr'><strong>illud</strong></span> <span class='ocrx_word' id='word_1_298' title='bbox 1055 3799 1135 3836; x_wconf 89' lang='lat' dir='ltr'><strong>me</strong></span> <span class='ocrx_word' id='word_1_299' title='bbox 1166 3799 1358 3852; x_wconf 87' lang='lat' dir='ltr'><strong>parum</strong></span> <span class='ocrx_word' id='word_1_300' title='bbox 1385 3789 1572 3847; x_wconf 87' lang='lat' dir='ltr'><strong>movet,</strong></span> <span class='ocrx_word' id='word_1_301' title='bbox 1601 3782 1739 3852; x_wconf 89' lang='lat' dir='ltr'><strong>quod</strong></span> <span class='ocrx_word' id='word_1_302' title='bbox 1762 3798 1880 3834; x_wconf 88' lang='lat' dir='ltr'><strong>cum</strong></span> 
     </span>
    </p>
   </div>
   <div class='ocr_carea' id='block_1_41' title="bbox 301 3870 1876 3943">
    <p class='ocr_par' dir='ltr' id='par_1_41' title="bbox 301 3870 1876 3943">
     <span class='ocr_line' id='line_1_41' title="bbox 301 3870 1876 3943; baseline 0.001 -18"><span class='ocrx_word' id='word_1_303' title='bbox 301 3889 358 3927; x_wconf 90' lang='lat' dir='ltr'><strong>eo</strong></span> <span class='ocrx_word' id='word_1_304' title='bbox 390 3871 488 3926; x_wconf 88' lang='lat' dir='ltr'><strong>alii</strong></span> <span class='ocrx_word' id='word_1_305' title='bbox 510 3873 701 3938; x_wconf 87' lang='lat' dir='ltr'><strong>critici,</strong></span> <span class='ocrx_word' id='word_1_306' title='bbox 724 3889 851 3943; x_wconf 87' lang='lat' dir='ltr'><strong>quos</strong></span> <span class='ocrx_word' id='word_1_307' title='bbox 876 3874 1011 3927; x_wconf 90' lang='lat' dir='ltr'><strong>inter</strong></span> <span class='ocrx_word' id='word_1_308' title='bbox 1034 3872 1391 3931; x_wconf 86' lang='lat' dir='ltr'><strong>Tillemontius</strong></span> <span class='ocrx_word' id='word_1_309' title='bbox 1420 3872 1557 3928; x_wconf 88' lang='lat' dir='ltr'><strong>Hist.</strong></span> <span class='ocrx_word' id='word_1_310' title='bbox 1580 3872 1712 3927; x_wconf 90' lang='lat' dir='ltr'><strong>eccl.</strong></span> <span class='ocrx_word' id='word_1_311' title='bbox 1740 3882 1779 3927; x_wconf 91' lang='lat' dir='ltr'><strong>t.</strong></span> <span class='ocrx_word' id='word_1_312' title='bbox 1811 3870 1876 3937; x_wconf 84' lang='lat' dir='ltr'><strong>X,</strong></span> 
     </span>
    </p>
   </div>
   <div class='ocr_carea' id='block_1_42' title="bbox 300 3962 1882 4033">
    <p class='ocr_par' dir='ltr' id='par_1_42' title="bbox 300 3962 1882 4033">
     <span class='ocr_line' id='line_1_42' title="bbox 300 3962 1882 4033; baseline -0.001 -16"><span class='ocrx_word' id='word_1_313' title='bbox 300 3979 354 4032; x_wconf 87' lang='lat' dir='ltr'><strong>p.</strong></span> <span class='ocrx_word' id='word_1_314' title='bbox 383 3962 511 4029; x_wconf 72' lang='grc'><strong>645,</strong></span> <span class='ocrx_word' id='word_1_315' title='bbox 543 3970 809 4030; x_wconf 88' lang='lat' dir='ltr'><strong>astruunt,</strong></span> <span class='ocrx_word' id='word_1_316' title='bbox 845 3979 1028 4033; x_wconf 83' lang='lat' dir='ltr'><strong>nempe</strong></span> <span class='ocrx_word' id='word_1_317' title='bbox 1059 3964 1201 4018; x_wconf 86' lang='lat' dir='ltr'><strong>haud</strong></span> <span class='ocrx_word' id='word_1_318' title='bbox 1235 3962 1478 4018; x_wconf 87' lang='lat' dir='ltr'><strong>credibile</strong></span> <span class='ocrx_word' id='word_1_319' title='bbox 1507 3963 1674 4016; x_wconf 88' lang='lat' dir='ltr'><strong>videri</strong></span> <span class='ocrx_word' id='word_1_320' title='bbox 1698 4003 1712 4027; x_wconf 95' lang='lat'><strong>,</strong></span> <span class='ocrx_word' id='word_1_321' title='bbox 1745 3962 1882 4031; x_wconf 88' lang='lat' dir='ltr'><strong>quod</strong></span> 
     </span>
    </p>
   </div>
   <div class='ocr_carea' id='block_1_43' title="bbox 306 4052 1884 4125">
    <p class='ocr_par' dir='ltr' id='par_1_43' title="bbox 306 4052 1884 4125">
     <span class='ocr_line' id='line_1_43' title="bbox 306 4052 1884 4125; baseline 0 -19"><span class='ocrx_word' id='word_1_322' title='bbox 306 4053 638 4107; x_wconf 81' lang='lat' dir='ltr'><strong>Innocentius</strong></span> <span class='ocrx_word' id='word_1_323' title='bbox 674 4054 965 4108; x_wconf 81' lang='lat' dir='ltr'><strong>Arcadium</strong></span> <span class='ocrx_word' id='word_1_324' title='bbox 1001 4062 1052 4108; x_wconf 89' lang='lat' dir='ltr'><strong>et</strong></span> <span class='ocrx_word' id='word_1_325' title='bbox 1096 4054 1397 4109; x_wconf 74' lang='lat' dir='ltr'><strong>Eudoxiam</strong></span> <span class='ocrx_word' id='word_1_326' title='bbox 1428 4052 1584 4125; x_wconf 89' lang='lat' dir='ltr'><strong>(adde</strong></span> <span class='ocrx_word' id='word_1_327' title='bbox 1613 4061 1663 4107; x_wconf 90' lang='lat' dir='ltr'><strong>et</strong></span> <span class='ocrx_word' id='word_1_328' title='bbox 1705 4053 1884 4107; x_wconf 83' lang='lat' dir='ltr'><strong>Hono-</strong></span> 
     </span>
    </p>
   </div>
   <div class='ocr_carea' id='block_1_44' title="bbox 304 4144 1883 4215">
    <p class='ocr_par' dir='ltr' id='par_1_44' title="bbox 304 4144 1883 4215">
     <span class='ocr_line' id='line_1_44' title="bbox 304 4144 1883 4215; baseline 0 -17"><span class='ocrx_word' id='word_1_329' title='bbox 304 4144 462 4213; x_wconf 89' lang='lat' dir='ltr'><strong>rium)</strong></span> <span class='ocrx_word' id='word_1_330' title='bbox 490 4162 653 4201; x_wconf 71' lang='lat' dir='ltr'><strong>acsus</strong></span> <span class='ocrx_word' id='word_1_331' title='bbox 675 4147 743 4201; x_wconf 89' lang='lat' dir='ltr'><strong>sit</strong></span> <span class='ocrx_word' id='word_1_332' title='bbox 777 4154 887 4199; x_wconf 90' lang='lat' dir='ltr'><strong>tam</strong></span> <span class='ocrx_word' id='word_1_333' title='bbox 923 4145 1092 4200; x_wconf 85' lang='lat' dir='ltr'><strong>subito</strong></span> <span class='ocrx_word' id='word_1_334' title='bbox 1112 4146 1580 4200; x_wconf 69' lang='lat' dir='ltr'><strong>excommunicare.</strong></span> <span class='ocrx_word' id='word_1_335' title='bbox 1602 4144 1742 4200; x_wconf 86' lang='lat' dir='ltr'><strong>Nam</strong></span> <span class='ocrx_word' id='word_1_336' title='bbox 1766 4160 1883 4215; x_wconf 63' lang='lat' dir='ltr'><strong>quae</strong></span> 
     </span>
    </p>
   </div>
   <div class='ocr_carea' id='block_1_45' title="bbox 303 4236 1885 4309">
    <p class='ocr_par' dir='ltr' id='par_1_45' title="bbox 303 4236 1885 4309">
     <span class='ocr_line' id='line_1_45' title="bbox 303 4236 1885 4309; baseline 0.001 -20"><span class='ocrx_word' id='word_1_337' title='bbox 303 4244 474 4302; x_wconf 86' lang='lat' dir='ltr'><strong>tanta,</strong></span> <span class='ocrx_word' id='word_1_338' title='bbox 522 4253 731 4308; x_wconf 68' lang='lat' dir='ltr'><strong>queeso,</strong></span> <span class='ocrx_word' id='word_1_339' title='bbox 762 4236 923 4292; x_wconf 89' lang='lat' dir='ltr'><strong>moles</strong></span> <span class='ocrx_word' id='word_1_340' title='bbox 969 4245 1043 4291; x_wconf 91' lang='lat' dir='ltr'><strong>est</strong></span> <span class='ocrx_word' id='word_1_341' title='bbox 1071 4236 1409 4306; x_wconf 71' lang='lat' dir='ltr'><strong>difficultatis,</strong></span> <span class='ocrx_word' id='word_1_342' title='bbox 1454 4237 1592 4309; x_wconf 88' lang='lat' dir='ltr'><strong>quod</strong></span> <span class='ocrx_word' id='word_1_343' title='bbox 1633 4237 1885 4292; x_wconf 88' lang='lat' dir='ltr'><strong>nimirum</strong></span> 
     </span>
    </p>
   </div>
   <div class='ocr_carea' id='block_1_46' title="bbox 368 4392 1615 4463">
    <p class='ocr_par' dir='ltr' id='par_1_46' title="bbox 368 4392 1615 4463">
     <span class='ocr_line' id='line_1_46' title="bbox 368 4392 1615 4463; baseline -0.006 -16"><span class='ocrx_word' id='word_1_344' title='bbox 368 4398 442 4463; x_wconf 79' lang='lat' dir='ltr'><strong>(ul</strong></span> <span class='ocrx_word' id='word_1_345' title='bbox 479 4398 594 4458; x_wconf 64' lang='lat' dir='ltr'><strong>MAI,</strong></span> <span class='ocrx_word' id='word_1_346' title='bbox 622 4392 919 4446; x_wconf 84' lang='lat' dir='ltr'><strong>Bibliotheca</strong></span> <span class='ocrx_word' id='word_1_347' title='bbox 942 4404 1065 4444; x_wconf 81' lang='lat' dir='ltr'><strong>nova</strong></span> <span class='ocrx_word' id='word_1_348' title='bbox 1096 4395 1231 4456; x_wconf 87' lang='lat' dir='ltr'><strong>PP.,</strong></span> <span class='ocrx_word' id='word_1_349' title='bbox 1259 4400 1296 4445; x_wconf 88' lang='lat' dir='ltr'><strong>t.</strong></span> <span class='ocrx_word' id='word_1_350' title='bbox 1318 4394 1403 4457; x_wconf 82' lang='lat' dir='ltr'><strong>VI,</strong></span> <span class='ocrx_word' id='word_1_351' title='bbox 1427 4407 1476 4457; x_wconf 87' lang='lat' dir='ltr'><strong>p.</strong></span> <span class='ocrx_word' id='word_1_352' title='bbox 1506 4393 1615 4442; x_wconf 77' lang='grc'><strong>265.</strong></span> 
     </span>
    </p>
   </div>
   <div class='ocr_carea' id='block_1_47' title="bbox 300 4594 753 4611">
    <p class='ocr_par' dir='ltr' id='par_1_47' title="bbox 300 4594 753 4611">
     <span class='ocr_line' id='line_1_47' title="bbox 300 4594 753 4611; baseline -0.002 -4"><span class='ocrx_word' id='word_1_353' title='bbox 300 4594 753 4611; x_wconf 53' lang='grc' dir='ltr'><strong>’ρ--ει--ιη-</strong></span> 
     </span>
    </p>
   </div>
   <div class='ocr_carea' id='block_1_48' title="bbox 1952 1417 3537 1489">
    <p class='ocr_par' dir='ltr' id='par_1_48' title="bbox 1952 1417 3537 1489">
     <span class='ocr_line' id='line_1_48' title="bbox 1952 1417 3537 1489; baseline 0.002 -19"><span class='ocrx_word' id='word_1_354' title='bbox 1952 1417 2190 1488; x_wconf 75' lang='lat' dir='ltr'><strong>pontifex</strong></span> <span class='ocrx_word' id='word_1_355' title='bbox 2243 1417 2598 1488; x_wconf 86' lang='lat' dir='ltr'><strong>iniquissima,</strong></span> <span class='ocrx_word' id='word_1_356' title='bbox 2646 1426 2694 1472; x_wconf 90' lang='lat' dir='ltr'><strong>et</strong></span> <span class='ocrx_word' id='word_1_357' title='bbox 2750 1419 2997 1473; x_wconf 65' lang='lat' dir='ltr'><strong>maxima:</strong></span> <span class='ocrx_word' id='word_1_358' title='bbox 3037 1419 3331 1488; x_wconf 80' lang='lat' dir='ltr'><strong>oﬂ’ensionis</strong></span> <span class='ocrx_word' id='word_1_359' title='bbox 3362 1420 3416 1472; x_wconf 89' lang='lat' dir='ltr'><strong>in</strong></span> <span class='ocrx_word' id='word_1_360' title='bbox 3444 1436 3537 1489; x_wconf 66' lang='lat' dir='ltr'><strong>po«</strong></span> 
     </span>
    </p>
   </div>
   <div class='ocr_carea' id='block_1_49' title="bbox 1954 1508 3534 1580">
    <p class='ocr_par' dir='ltr' id='par_1_49' title="bbox 1954 1508 3534 1580">
     <span class='ocr_line' id='line_1_49' title="bbox 1954 1508 3534 1580; baseline 0 -15"><span class='ocrx_word' id='word_1_361' title='bbox 1954 1510 2097 1580; x_wconf 90' lang='lat' dir='ltr'><strong>pulo,</strong></span> <span class='ocrx_word' id='word_1_362' title='bbox 2129 1508 2480 1580; x_wconf 85' lang='lat' dir='ltr'><strong>Chrysostomi</strong></span> <span class='ocrx_word' id='word_1_363' title='bbox 2524 1511 2876 1579; x_wconf 79' lang='lat' dir='ltr'><strong>persecutione</strong></span> <span class='ocrx_word' id='word_1_364' title='bbox 2913 1520 2960 1565; x_wconf 87' lang='lat' dir='ltr'><strong>et</strong></span> <span class='ocrx_word' id='word_1_365' title='bbox 3005 1512 3188 1566; x_wconf 74' lang='lat' dir='ltr'><strong>exsilio</strong></span> <span class='ocrx_word' id='word_1_366' title='bbox 3227 1523 3534 1576; x_wconf 84' lang='lat' dir='ltr'><strong>commotus,</strong></span> 
     </span>
    </p>
   </div>
   <div class='ocr_carea' id='block_1_50' title="bbox 1955 1601 3539 1671">
    <p class='ocr_par' dir='ltr' id='par_1_50' title="bbox 1955 1601 3539 1671">
     <span class='ocr_line' id='line_1_50' title="bbox 1955 1601 3539 1671; baseline -0.001 -16"><span class='ocrx_word' id='word_1_367' title='bbox 1955 1617 2048 1655; x_wconf 89' lang='lat' dir='ltr'><strong>nec</strong></span> <span class='ocrx_word' id='word_1_368' title='bbox 2077 1617 2178 1657; x_wconf 87' lang='lat' dir='ltr'><strong>non</strong></span> <span class='ocrx_word' id='word_1_369' title='bbox 2213 1609 2363 1655; x_wconf 89' lang='lat' dir='ltr'><strong>tanta</strong></span> <span class='ocrx_word' id='word_1_370' title='bbox 2392 1601 2642 1657; x_wconf 88' lang='lat' dir='ltr'><strong>adversus</strong></span> <span class='ocrx_word' id='word_1_371' title='bbox 2667 1601 2715 1656; x_wconf 89' lang='lat' dir='ltr'><strong>ei</strong></span> <span class='ocrx_word' id='word_1_372' title='bbox 2736 1602 2944 1656; x_wconf 89' lang='lat' dir='ltr'><strong>devotos</strong></span> <span class='ocrx_word' id='word_1_373' title='bbox 2976 1602 3201 1665; x_wconf 66' lang='lat' dir='ltr'><strong>saevitia,</strong></span> <span class='ocrx_word' id='word_1_374' title='bbox 3236 1612 3283 1655; x_wconf 84' lang='lat' dir='ltr'><strong>et</strong></span> <span class='ocrx_word' id='word_1_375' title='bbox 3318 1603 3539 1671; x_wconf 85' lang='lat' dir='ltr'><strong>denique</strong></span> 
     </span>
    </p>
   </div>
   <div class='ocr_carea' id='block_1_51' title="bbox 1957 1691 3539 1763">
    <p class='ocr_par' dir='ltr' id='par_1_51' title="bbox 1957 1691 3539 1763">
     <span class='ocr_line' id='line_1_51' title="bbox 1957 1691 3539 1763; baseline -0.001 -17"><span class='ocrx_word' id='word_1_376' title='bbox 1957 1691 2249 1762; x_wconf 88' lang='lat' dir='ltr'><strong>legatorum</strong></span> <span class='ocrx_word' id='word_1_377' title='bbox 2286 1708 2499 1746; x_wconf 86' lang='lat' dir='ltr'><strong>suorum</strong></span> <span class='ocrx_word' id='word_1_378' title='bbox 2529 1700 2821 1763; x_wconf 89' lang='lat' dir='ltr'><strong>contemptu</strong></span> <span class='ocrx_word' id='word_1_379' title='bbox 2849 1702 2897 1746; x_wconf 90' lang='lat' dir='ltr'><strong>et</strong></span> <span class='ocrx_word' id='word_1_380' title='bbox 2931 1693 3253 1761; x_wconf 81' lang='lat' dir='ltr'><strong>captivitate,</strong></span> <span class='ocrx_word' id='word_1_381' title='bbox 3278 1693 3423 1762; x_wconf 85' lang='lat' dir='ltr'><strong>quid,</strong></span> <span class='ocrx_word' id='word_1_382' title='bbox 3455 1695 3539 1745; x_wconf 85' lang='lat' dir='ltr'><strong>in-</strong></span> 
     </span>
    </p>
   </div>
   <div class='ocr_carea' id='block_1_52' title="bbox 1956 1780 3539 1851">
    <p class='ocr_par' dir='ltr' id='par_1_52' title="bbox 1956 1780 3539 1851">
     <span class='ocr_line' id='line_1_52' title="bbox 1956 1780 3539 1851; baseline 0 -18"><span class='ocrx_word' id='word_1_383' title='bbox 1956 1797 2136 1851; x_wconf 90' lang='lat' dir='ltr'><strong>quam,</strong></span> <span class='ocrx_word' id='word_1_384' title='bbox 2164 1781 2358 1834; x_wconf 89' lang='lat' dir='ltr'><strong>mirum</strong></span> <span class='ocrx_word' id='word_1_385' title='bbox 2388 1789 2494 1847; x_wconf 88' lang='lat' dir='ltr'><strong>est,</strong></span> <span class='ocrx_word' id='word_1_386' title='bbox 2524 1780 2818 1851; x_wconf 81' lang='lat' dir='ltr'><strong>pontiﬁcem</strong></span> <span class='ocrx_word' id='word_1_387' title='bbox 2848 1781 3168 1851; x_wconf 88' lang='lat' dir='ltr'><strong>prohibuisse</strong></span> <span class='ocrx_word' id='word_1_388' title='bbox 3205 1781 3405 1849; x_wconf 85' lang='lat' dir='ltr'><strong>publice</strong></span> <span class='ocrx_word' id='word_1_389' title='bbox 3436 1780 3539 1833; x_wconf 82' lang='lat' dir='ltr'><strong>Au-</strong></span> 
     </span>
    </p>
   </div>
   <div class='ocr_carea' id='block_1_53' title="bbox 1956 1870 3541 1942">
    <p class='ocr_par' dir='ltr' id='par_1_53' title="bbox 1956 1870 3541 1942">
     <span class='ocr_line' id='line_1_53' title="bbox 1956 1870 3541 1942; baseline -0.001 -19"><span class='ocrx_word' id='word_1_390' title='bbox 1956 1879 2130 1941; x_wconf 82' lang='lat' dir='ltr'><strong>gustos</strong></span> <span class='ocrx_word' id='word_1_391' title='bbox 2156 1888 2189 1925; x_wconf 90' lang='lat' dir='ltr'><strong>a</strong></span> <span class='ocrx_word' id='word_1_392' title='bbox 2208 1881 2671 1937; x_wconf 87' lang='lat' dir='ltr'><strong>sacramentorum,</strong></span> <span class='ocrx_word' id='word_1_393' title='bbox 2692 1886 2915 1942; x_wconf 86' lang='lat' dir='ltr'><strong>quorum</strong></span> <span class='ocrx_word' id='word_1_394' title='bbox 2943 1880 3092 1925; x_wconf 90' lang='lat' dir='ltr'><strong>erant</strong></span> <span class='ocrx_word' id='word_1_395' title='bbox 3115 1872 3338 1941; x_wconf 83' lang='lat' dir='ltr'><strong>indigni,</strong></span> <span class='ocrx_word' id='word_1_396' title='bbox 3368 1870 3541 1935; x_wconf 82' lang='lat' dir='ltr'><strong>parti-</strong></span> 
     </span>
    </p>
   </div>
   <div class='ocr_carea' id='block_1_54' title="bbox 1958 1959 3541 2031">
    <p class='ocr_par' dir='ltr' id='par_1_54' title="bbox 1958 1959 3541 2031">
     <span class='ocr_line' id='line_1_54' title="bbox 1958 1959 3541 2031; baseline -0.003 -16"><span class='ocrx_word' id='word_1_397' title='bbox 1958 1962 2261 2031; x_wconf 87' lang='lat' dir='ltr'><strong>cipatione?</strong></span> <span class='ocrx_word' id='word_1_398' title='bbox 2287 1961 2434 2015; x_wconf 89' lang='lat' dir='ltr'><strong>Nihil</strong></span> <span class='ocrx_word' id='word_1_399' title='bbox 2457 1962 2596 2014; x_wconf 90' lang='lat' dir='ltr'><strong>enim</strong></span> <span class='ocrx_word' id='word_1_400' title='bbox 2632 1960 2782 2014; x_wconf 88' lang='lat' dir='ltr'><strong>aliud</strong></span> <span class='ocrx_word' id='word_1_401' title='bbox 2812 1962 3076 2015; x_wconf 85' lang='lat' dir='ltr'><strong>continent</strong></span> <span class='ocrx_word' id='word_1_402' title='bbox 3113 1960 3405 2014; x_wconf 79' lang='lat' dir='ltr'><strong>Innocentii</strong></span> <span class='ocrx_word' id='word_1_403' title='bbox 3433 1959 3541 2013; x_wconf 79' lang='lat' dir='ltr'><strong>illa:</strong></span> 
     </span>
    </p>
   </div>
   <div class='ocr_carea' id='block_1_55' title="bbox 1958 2050 3542 2133">
    <p class='ocr_par' dir='ltr' id='par_1_55' title="bbox 1958 2050 3542 2133">
     <span class='ocr_line' id='line_1_55' title="bbox 1958 2050 3542 2133; baseline -0.003 -26"><span class='ocrx_word' id='word_1_404' title='bbox 1958 2053 2031 2108; x_wconf 90' lang='lat' dir='ltr'><strong>ad</strong></span> <span class='ocrx_word' id='word_1_405' title='bbox 2056 2054 2221 2125; x_wconf 88' lang='lat' dir='ltr'><strong>regios</strong></span> <span class='ocrx_word' id='word_1_406' title='bbox 2244 2052 2488 2123; x_wconf 86' lang='lat' dir='ltr'><strong>conjuges</strong></span> <span class='ocrx_word' id='word_1_407' title='bbox 2510 2052 2714 2106; x_wconf 65' lang='lat' dir='ltr'><strong>litterae.</strong></span> <span class='ocrx_word' id='word_1_408' title='bbox 2746 2051 2933 2133; x_wconf 68' lang='lat' dir='ltr'><strong>Quid?</strong></span> <span class='ocrx_word' id='word_1_409' title='bbox 2962 2068 3129 2105; x_wconf 89' lang='lat' dir='ltr'><strong>nonne</strong></span> <span class='ocrx_word' id='word_1_410' title='bbox 3156 2050 3212 2105; x_wconf 89' lang='lat' dir='ltr'><strong>S.</strong></span> <span class='ocrx_word' id='word_1_411' title='bbox 3241 2052 3542 2104; x_wconf 85' lang='lat' dir='ltr'><strong>Ambrosius</strong></span> 
     </span>
    </p>
   </div>
   <div class='ocr_carea' id='block_1_56' title="bbox 1958 2142 3543 2215">
    <p class='ocr_par' dir='ltr' id='par_1_56' title="bbox 1958 2142 3543 2215">
     <span class='ocr_line' id='line_1_56' title="bbox 1958 2142 3543 2215; baseline -0.001 -18"><span class='ocrx_word' id='word_1_412' title='bbox 1958 2153 2165 2213; x_wconf 87' lang='lat' dir='ltr'><strong>patrem</strong></span> <span class='ocrx_word' id='word_1_413' title='bbox 2183 2142 2401 2197; x_wconf 83' lang='lat' dir='ltr'><strong>Arcadii</strong></span> <span class='ocrx_word' id='word_1_414' title='bbox 2419 2142 2775 2209; x_wconf 87' lang='lat' dir='ltr'><strong>Theodosium,</strong></span> <span class='ocrx_word' id='word_1_415' title='bbox 2799 2152 2962 2198; x_wconf 76' lang='lat' dir='ltr'><strong>tanta:</strong></span> <span class='ocrx_word' id='word_1_416' title='bbox 2989 2143 3168 2215; x_wconf 77' lang='lat' dir='ltr'><strong>gloria:</strong></span> <span class='ocrx_word' id='word_1_417' title='bbox 3200 2142 3543 2212; x_wconf 67' lang='lat' dir='ltr'><strong>potentiaque</strong></span> 
     </span>
    </p>
   </div>
   <div class='ocr_carea' id='block_1_57' title="bbox 1960 2231 3543 2305">
    <p class='ocr_par' dir='ltr' id='par_1_57' title="bbox 1960 2231 3543 2305">
     <span class='ocr_line' id='line_1_57' title="bbox 1960 2231 3543 2305; baseline -0.004 -17"><span class='ocrx_word' id='word_1_418' title='bbox 1960 2235 2269 2304; x_wconf 87' lang='lat' dir='ltr'><strong>principem,</strong></span> <span class='ocrx_word' id='word_1_419' title='bbox 2314 2233 2504 2302; x_wconf 89' lang='lat' dir='ltr'><strong>templo</strong></span> <span class='ocrx_word' id='word_1_420' title='bbox 2549 2235 2849 2305; x_wconf 84' lang='lat' dir='ltr'><strong>sanctisque</strong></span> <span class='ocrx_word' id='word_1_421' title='bbox 2886 2234 3142 2303; x_wconf 84' lang='lat' dir='ltr'><strong>mysteriis</strong></span> <span class='ocrx_word' id='word_1_422' title='bbox 3198 2231 3543 2286; x_wconf 73' lang='lat' dir='ltr'><strong>excluserat?</strong></span> 
     </span>
    </p>
   </div>
   <div class='ocr_carea' id='block_1_58' title="bbox 1960 2322 3541 2378">
    <p class='ocr_par' dir='ltr' id='par_1_58' title="bbox 1960 2322 3541 2378">
     <span class='ocr_line' id='line_1_58' title="bbox 1960 2322 3541 2378; baseline -0.003 -1"><span class='ocrx_word' id='word_1_423' title='bbox 1960 2323 2132 2378; x_wconf 86' lang='lat' dir='ltr'><strong>Porro</strong></span> <span class='ocrx_word' id='word_1_424' title='bbox 2162 2323 2434 2377; x_wconf 87' lang='lat' dir='ltr'><strong>notissima</strong></span> <span class='ocrx_word' id='word_1_425' title='bbox 2470 2331 2584 2376; x_wconf 88' lang='lat' dir='ltr'><strong>erat</strong></span> <span class='ocrx_word' id='word_1_426' title='bbox 2618 2322 2898 2377; x_wconf 89' lang='lat' dir='ltr'><strong>liberorum</strong></span> <span class='ocrx_word' id='word_1_427' title='bbox 2921 2322 3188 2376; x_wconf 85' lang='lat' dir='ltr'><strong>Theodosii</strong></span> <span class='ocrx_word' id='word_1_428' title='bbox 3221 2337 3426 2374; x_wconf 88' lang='lat' dir='ltr'><strong>summa</strong></span> <span class='ocrx_word' id='word_1_429' title='bbox 3454 2336 3541 2372; x_wconf 85' lang='lat' dir='ltr'><strong>re-</strong></span> 
     </span>
    </p>
   </div>
   <div class='ocr_carea' id='block_1_59' title="bbox 1963 2412 3542 2486">
    <p class='ocr_par' dir='ltr' id='par_1_59' title="bbox 1963 2412 3542 2486">
     <span class='ocr_line' id='line_1_59' title="bbox 1963 2412 3542 2486; baseline -0.004 -17"><span class='ocrx_word' id='word_1_430' title='bbox 1963 2414 2240 2486; x_wconf 84' lang='lat' dir='ltr'><strong>ligiositas,</strong></span> <span class='ocrx_word' id='word_1_431' title='bbox 2274 2415 2351 2468; x_wconf 87' lang='lat' dir='ltr'><strong>ita</strong></span> <span class='ocrx_word' id='word_1_432' title='bbox 2381 2423 2440 2467; x_wconf 91' lang='lat' dir='ltr'><strong>ut</strong></span> <span class='ocrx_word' id='word_1_433' title='bbox 2480 2416 2714 2485; x_wconf 75' lang='lat' dir='ltr'><strong>pontifex</strong></span> <span class='ocrx_word' id='word_1_434' title='bbox 2736 2415 2799 2468; x_wconf 92' lang='lat' dir='ltr'><strong>de</strong></span> <span class='ocrx_word' id='word_1_435' title='bbox 2840 2415 3058 2468; x_wconf 88' lang='lat' dir='ltr'><strong>remedii</strong></span> <span class='ocrx_word' id='word_1_436' title='bbox 3088 2412 3320 2467; x_wconf 90' lang='lat' dir='ltr'><strong>utilitate</strong></span> <span class='ocrx_word' id='word_1_437' title='bbox 3349 2420 3398 2465; x_wconf 90' lang='lat' dir='ltr'><strong>et</strong></span> <span class='ocrx_word' id='word_1_438' title='bbox 3421 2427 3542 2464; x_wconf 87' lang='lat' dir='ltr'><strong>suc-</strong></span> 
     </span>
    </p>
   </div>
   <div class='ocr_carea' id='block_1_60' title="bbox 1964 2502 3545 2575">
    <p class='ocr_par' dir='ltr' id='par_1_60' title="bbox 1964 2502 3545 2575">
     <span class='ocr_line' id='line_1_60' title="bbox 1964 2502 3545 2575; baseline -0.003 -17"><span class='ocrx_word' id='word_1_439' title='bbox 1964 2520 2106 2558; x_wconf 87' lang='lat' dir='ltr'><strong>cessu</strong></span> <span class='ocrx_word' id='word_1_440' title='bbox 2137 2504 2279 2558; x_wconf 88' lang='lat' dir='ltr'><strong>haud</strong></span> <span class='ocrx_word' id='word_1_441' title='bbox 2315 2505 2513 2575; x_wconf 86' lang='lat' dir='ltr'><strong>frustra</strong></span> <span class='ocrx_word' id='word_1_442' title='bbox 2552 2512 2806 2574; x_wconf 88' lang='lat' dir='ltr'><strong>speraret.</strong></span> <span class='ocrx_word' id='word_1_443' title='bbox 2842 2503 3030 2558; x_wconf 87' lang='lat' dir='ltr'><strong>Nonne</strong></span> <span class='ocrx_word' id='word_1_444' title='bbox 3074 2512 3122 2558; x_wconf 90' lang='lat' dir='ltr'><strong>et</strong></span> <span class='ocrx_word' id='word_1_445' title='bbox 3161 2505 3270 2573; x_wconf 89' lang='lat' dir='ltr'><strong>ipse</strong></span> <span class='ocrx_word' id='word_1_446' title='bbox 3293 2502 3545 2574; x_wconf 88' lang='lat' dir='ltr'><strong>nuperius</strong></span> 
     </span>
    </p>
   </div>
   <div class='ocr_carea' id='block_1_61' title="bbox 1967 2593 3543 2667">
    <p class='ocr_par' dir='ltr' id='par_1_61' title="bbox 1967 2593 3543 2667">
     <span class='ocr_line' id='line_1_61' title="bbox 1967 2593 3543 2667; baseline -0.001 -19"><span class='ocrx_word' id='word_1_447' title='bbox 1967 2594 2360 2667; x_wconf 84' lang='lat' dir='ltr'><strong>Chrysostomus</strong></span> <span class='ocrx_word' id='word_1_448' title='bbox 2427 2593 2727 2649; x_wconf 76' lang='lat' dir='ltr'><strong>Eudoxiam</strong></span> <span class='ocrx_word' id='word_1_449' title='bbox 2778 2593 3073 2665; x_wconf 83' lang='lat' dir='ltr'><strong>Augustam</strong></span> <span class='ocrx_word' id='word_1_450' title='bbox 3113 2593 3339 2649; x_wconf 72' lang='lat' dir='ltr'><strong>ecclesia:</strong></span> <span class='ocrx_word' id='word_1_451' title='bbox 3391 2593 3543 2647; x_wconf 90' lang='lat' dir='ltr'><strong>aditu</strong></span> 
     </span>
    </p>
   </div>
   <div class='ocr_carea' id='block_1_62' title="bbox 1967 2683 3546 2757">
    <p class='ocr_par' dir='ltr' id='par_1_62' title="bbox 1967 2683 3546 2757">
     <span class='ocr_line' id='line_1_62' title="bbox 1967 2683 3546 2757; baseline -0.001 -18"><span class='ocrx_word' id='word_1_452' title='bbox 1967 2685 2355 2740; x_wconf 76' lang='lat' dir='ltr'><strong>interdixerat?</strong></span> <span class='ocrx_word' id='word_1_453' title='bbox 2382 2684 2629 2741; x_wconf 86' lang='lat' dir='ltr'><strong>Attamen</strong></span> <span class='ocrx_word' id='word_1_454' title='bbox 2652 2687 2789 2741; x_wconf 91' lang='lat' dir='ltr'><strong>inter</strong></span> <span class='ocrx_word' id='word_1_455' title='bbox 2825 2704 2915 2741; x_wconf 89' lang='lat' dir='ltr'><strong>eas</strong></span> <span class='ocrx_word' id='word_1_456' title='bbox 2952 2685 3198 2757; x_wconf 85' lang='lat' dir='ltr'><strong>epistolas</strong></span> <span class='ocrx_word' id='word_1_457' title='bbox 3226 2684 3321 2739; x_wconf 91' lang='lat' dir='ltr'><strong>illa</strong></span> <span class='ocrx_word' id='word_1_458' title='bbox 3367 2683 3546 2738; x_wconf 84' lang='lat' dir='ltr'><strong>Eudo-</strong></span> 
     </span>
    </p>
   </div>
   <div class='ocr_carea' id='block_1_63' title="bbox 1966 2775 3547 2847">
    <p class='ocr_par' dir='ltr' id='par_1_63' title="bbox 1966 2775 3547 2847">
     <span class='ocr_line' id='line_1_63' title="bbox 1966 2775 3547 2847; baseline -0.002 -17"><span class='ocrx_word' id='word_1_459' title='bbox 1966 2776 2070 2831; x_wconf 71' lang='lat' dir='ltr'><strong>trite</strong></span> <span class='ocrx_word' id='word_1_460' title='bbox 2095 2776 2166 2829; x_wconf 89' lang='lat' dir='ltr'><strong>ad</strong></span> <span class='ocrx_word' id='word_1_461' title='bbox 2189 2775 2548 2831; x_wconf 85' lang='lat' dir='ltr'><strong>Innocentium</strong></span> <span class='ocrx_word' id='word_1_462' title='bbox 2598 2777 2866 2847; x_wconf 64' lang='lat' dir='ltr'><strong>praecipua</strong></span> <span class='ocrx_word' id='word_1_463' title='bbox 2892 2776 3212 2831; x_wconf 85' lang='lat' dir='ltr'><strong>sinceritatis</strong></span> <span class='ocrx_word' id='word_1_464' title='bbox 3253 2776 3405 2847; x_wconf 82' lang='lat' dir='ltr'><strong>signa</strong></span> <span class='ocrx_word' id='word_1_465' title='bbox 3436 2790 3547 2845; x_wconf 81' lang='lat' dir='ltr'><strong>pra:</strong></span> 
     </span>
    </p>
   </div>
   <div class='ocr_carea' id='block_1_64' title="bbox 1967 2868 3550 2940">
    <p class='ocr_par' dir='ltr' id='par_1_64' title="bbox 1967 2868 3550 2940">
     <span class='ocr_line' id='line_1_64' title="bbox 1967 2868 3550 2940; baseline -0.001 -18"><span class='ocrx_word' id='word_1_466' title='bbox 1967 2885 2022 2923; x_wconf 89' lang='lat' dir='ltr'><strong>se</strong></span> <span class='ocrx_word' id='word_1_467' title='bbox 2041 2869 2178 2939; x_wconf 87' lang='lat' dir='ltr'><strong>fert;</strong></span> <span class='ocrx_word' id='word_1_468' title='bbox 2204 2869 2279 2922; x_wconf 89' lang='lat' dir='ltr'><strong>ita</strong></span> <span class='ocrx_word' id='word_1_469' title='bbox 2301 2876 2357 2922; x_wconf 87' lang='lat' dir='ltr'><strong>ut</strong></span> <span class='ocrx_word' id='word_1_470' title='bbox 2387 2884 2536 2922; x_wconf 88' lang='lat' dir='ltr'><strong>nemo</strong></span> <span class='ocrx_word' id='word_1_471' title='bbox 2578 2886 2694 2922; x_wconf 90' lang='lat' dir='ltr'><strong>eam</strong></span> <span class='ocrx_word' id='word_1_472' title='bbox 2726 2869 2897 2940; x_wconf 85' lang='lat' dir='ltr'><strong>legens</strong></span> <span class='ocrx_word' id='word_1_473' title='bbox 2921 2868 3165 2923; x_wconf 87' lang='lat' dir='ltr'><strong>acerbum</strong></span> <span class='ocrx_word' id='word_1_474' title='bbox 3198 2869 3550 2937; x_wconf 87' lang='lat' dir='ltr'><strong>pertinacem-</strong></span> 
     </span>
    </p>
   </div>
   <div class='ocr_carea' id='block_1_65' title="bbox 1970 2960 3549 3031">
    <p class='ocr_par' dir='ltr' id='par_1_65' title="bbox 1970 2960 3549 3031">
     <span class='ocr_line' id='line_1_65' title="bbox 1970 2960 3549 3031; baseline -0.001 -18"><span class='ocrx_word' id='word_1_475' title='bbox 1970 2975 2068 3030; x_wconf 87' lang='lat' dir='ltr'><strong>que</strong></span> <span class='ocrx_word' id='word_1_476' title='bbox 2109 2960 2443 3029; x_wconf 68' lang='lat' dir='ltr'><strong>praepotentis</strong></span> <span class='ocrx_word' id='word_1_477' title='bbox 2481 2960 2690 3029; x_wconf 77' lang='lat' dir='ltr'><strong>femina:</strong></span> <span class='ocrx_word' id='word_1_478' title='bbox 2728 2961 2966 3014; x_wconf 89' lang='lat' dir='ltr'><strong>animum</strong></span> <span class='ocrx_word' id='word_1_479' title='bbox 2996 2976 3099 3014; x_wconf 92' lang='lat' dir='ltr'><strong>non</strong></span> <span class='ocrx_word' id='word_1_480' title='bbox 3127 2967 3398 3031; x_wconf 86' lang='lat' dir='ltr'><strong>agnoscat,</strong></span> <span class='ocrx_word' id='word_1_481' title='bbox 3432 2973 3549 3028; x_wconf 64' lang='grc' dir='ltr'><strong>(μίαν</strong></span> 
     </span>
    </p>
   </div>
   <div class='ocr_carea' id='block_1_66' title="bbox 1971 3049 3549 3120">
    <p class='ocr_par' dir='ltr' id='par_1_66' title="bbox 1971 3049 3549 3120">
     <span class='ocr_line' id='line_1_66' title="bbox 1971 3049 3549 3120; baseline -0.001 -17"><span class='ocrx_word' id='word_1_482' title='bbox 1971 3050 2174 3103; x_wconf 87' lang='lat' dir='ltr'><strong>iratum</strong></span> <span class='ocrx_word' id='word_1_483' title='bbox 2219 3050 2542 3104; x_wconf 89' lang='lat' dir='ltr'><strong>stomachum</strong></span> <span class='ocrx_word' id='word_1_484' title='bbox 2590 3051 2745 3117; x_wconf 86' lang='lat' dir='ltr'><strong>levat,</strong></span> <span class='ocrx_word' id='word_1_485' title='bbox 2786 3060 2836 3105; x_wconf 90' lang='lat' dir='ltr'><strong>et</strong></span> <span class='ocrx_word' id='word_1_486' title='bbox 2881 3052 3014 3106; x_wconf 88' lang='lat' dir='ltr'><strong>adeo</strong></span> <span class='ocrx_word' id='word_1_487' title='bbox 3060 3049 3242 3120; x_wconf 89' lang='lat' dir='ltr'><strong>culpas</strong></span> <span class='ocrx_word' id='word_1_488' title='bbox 3275 3066 3400 3104; x_wconf 88' lang='lat' dir='ltr'><strong>suas</strong></span> <span class='ocrx_word' id='word_1_489' title='bbox 3448 3066 3549 3103; x_wconf 88' lang='lat' dir='ltr'><strong>non</strong></span> 
     </span>
    </p>
   </div>
   <div class='ocr_carea' id='block_1_67' title="bbox 1974 3142 3550 3214">
    <p class='ocr_par' dir='ltr' id='par_1_67' title="bbox 1974 3142 3550 3214">
     <span class='ocr_line' id='line_1_67' title="bbox 1974 3142 3550 3214; baseline 0 -19"><span class='ocrx_word' id='word_1_490' title='bbox 1974 3143 2187 3212; x_wconf 89' lang='lat' dir='ltr'><strong>fatetur,</strong></span> <span class='ocrx_word' id='word_1_491' title='bbox 2221 3150 2277 3195; x_wconf 87' lang='lat' dir='ltr'><strong>ut</strong></span> <span class='ocrx_word' id='word_1_492' title='bbox 2321 3142 2741 3212; x_wconf 85' lang='lat' dir='ltr'><strong>Chrysostomum</strong></span> <span class='ocrx_word' id='word_1_493' title='bbox 2785 3144 2946 3199; x_wconf 88' lang='lat' dir='ltr'><strong>etiam</strong></span> <span class='ocrx_word' id='word_1_494' title='bbox 2980 3154 3094 3214; x_wconf 90' lang='lat' dir='ltr'><strong>post</strong></span> <span class='ocrx_word' id='word_1_495' title='bbox 3139 3145 3397 3212; x_wconf 88' lang='lat' dir='ltr'><strong>inflictam</strong></span> <span class='ocrx_word' id='word_1_496' title='bbox 3450 3143 3550 3212; x_wconf 85' lang='lat' dir='ltr'><strong>ipsi</strong></span> 
     </span>
    </p>
   </div>
   <div class='ocr_carea' id='block_1_68' title="bbox 1975 3233 2669 3304">
    <p class='ocr_par' dir='ltr' id='par_1_68' title="bbox 1975 3233 2669 3304">
     <span class='ocr_line' id='line_1_68' title="bbox 1975 3233 2669 3304; baseline 0.001 -18"><span class='ocrx_word' id='word_1_497' title='bbox 1975 3233 2331 3287; x_wconf 89' lang='lat' dir='ltr'><strong>calamitatem</strong></span> <span class='ocrx_word' id='word_1_498' title='bbox 2357 3243 2669 3304; x_wconf 76' lang='lat' dir='ltr'><strong>prtegravet.</strong></span> 
     </span>
    </p>
   </div>
   <div class='ocr_carea' id='block_1_69' title="bbox 2047 3320 3552 3392">
    <p class='ocr_par' dir='ltr' id='par_1_69' title="bbox 2047 3320 3552 3392">
     <span class='ocr_line' id='line_1_69' title="bbox 2047 3320 3552 3392; baseline 0.001 -19"><span class='ocrx_word' id='word_1_499' title='bbox 2047 3320 2197 3386; x_wconf 81' lang='lat' dir='ltr'><strong>Quod</strong></span> <span class='ocrx_word' id='word_1_500' title='bbox 2250 3330 2429 3375; x_wconf 82' lang='lat' dir='ltr'><strong>autent</strong></span> <span class='ocrx_word' id='word_1_501' title='bbox 2490 3338 2629 3375; x_wconf 88' lang='lat' dir='ltr'><strong>nunc</strong></span> <span class='ocrx_word' id='word_1_502' title='bbox 2680 3339 2743 3376; x_wconf 92' lang='lat' dir='ltr'><strong>ea</strong></span> <span class='ocrx_word' id='word_1_503' title='bbox 2798 3324 3019 3392; x_wconf 86' lang='lat' dir='ltr'><strong>epistola</strong></span> <span class='ocrx_word' id='word_1_504' title='bbox 3091 3324 3235 3377; x_wconf 89' lang='lat' dir='ltr'><strong>nobis</strong></span> <span class='ocrx_word' id='word_1_505' title='bbox 3296 3340 3329 3375; x_wconf 91' lang='lat' dir='ltr'><strong>a</strong></span> <span class='ocrx_word' id='word_1_506' title='bbox 3387 3321 3552 3376; x_wconf 86' lang='lat' dir='ltr'><strong>Theo-</strong></span> 
     </span>
    </p>
   </div>
   <div class='ocr_carea' id='block_1_70' title="bbox 1972 3413 3538 3484">
    <p class='ocr_par' dir='ltr' id='par_1_70' title="bbox 1972 3413 3538 3484">
     <span class='ocr_line' id='line_1_70' title="bbox 1972 3413 3538 3484; baseline 0.001 -16"><span class='ocrx_word' id='word_1_507' title='bbox 1972 3415 2103 3468; x_wconf 86' lang='lat' dir='ltr'><strong>doro</strong></span> <span class='ocrx_word' id='word_1_508' title='bbox 2167 3413 2505 3479; x_wconf 76' lang='lat' dir='ltr'><strong>exhibentur,</strong></span> <span class='ocrx_word' id='word_1_509' title='bbox 2548 3414 2937 3480; x_wconf 86' lang='lat' dir='ltr'><strong>omittentibus,</strong></span> <span class='ocrx_word' id='word_1_510' title='bbox 2998 3424 3054 3469; x_wconf 90' lang='lat' dir='ltr'><strong>ut</strong></span> <span class='ocrx_word' id='word_1_511' title='bbox 3118 3424 3282 3484; x_wconf 87' lang='lat' dir='ltr'><strong>puto,</strong></span> <span class='ocrx_word' id='word_1_512' title='bbox 3340 3416 3538 3469; x_wconf 87' lang='lat' dir='ltr'><strong>cunctis</strong></span> 
     </span>
    </p>
   </div>
   <div class='ocr_carea' id='block_1_71' title="bbox 1977 3504 3550 3576">
    <p class='ocr_par' dir='ltr' id='par_1_71' title="bbox 1977 3504 3550 3576">
     <span class='ocr_line' id='line_1_71' title="bbox 1977 3504 3550 3576; baseline 0 -17"><span class='ocrx_word' id='word_1_513' title='bbox 1977 3505 2295 3576; x_wconf 83' lang='lat' dir='ltr'><strong>biographis,</strong></span> <span class='ocrx_word' id='word_1_514' title='bbox 2347 3504 2728 3576; x_wconf 87' lang='lat' dir='ltr'><strong>gratulandum</strong></span> <span class='ocrx_word' id='word_1_515' title='bbox 2778 3514 2872 3560; x_wconf 87' lang='lat' dir='ltr'><strong>est.</strong></span> <span class='ocrx_word' id='word_1_516' title='bbox 2938 3506 3209 3561; x_wconf 89' lang='lat' dir='ltr'><strong>Postremo</strong></span> <span class='ocrx_word' id='word_1_517' title='bbox 3287 3515 3550 3576; x_wconf 87' lang='lat' dir='ltr'><strong>superest,</strong></span> 
     </span>
    </p>
   </div>
   <div class='ocr_carea' id='block_1_72' title="bbox 1978 3593 3556 3665">
    <p class='ocr_par' dir='ltr' id='par_1_72' title="bbox 1978 3593 3556 3665">
     <span class='ocr_line' id='line_1_72' title="bbox 1978 3593 3556 3665; baseline 0.001 -16"><span class='ocrx_word' id='word_1_518' title='bbox 1978 3604 2036 3649; x_wconf 87' lang='lat' dir='ltr'><strong>ut</strong></span> <span class='ocrx_word' id='word_1_519' title='bbox 2082 3611 2177 3664; x_wconf 90' lang='lat' dir='ltr'><strong>pro</strong></span> <span class='ocrx_word' id='word_1_520' title='bbox 2213 3593 2440 3648; x_wconf 86' lang='lat' dir='ltr'><strong>Romani</strong></span> <span class='ocrx_word' id='word_1_521' title='bbox 2483 3595 2741 3665; x_wconf 83' lang='lat' dir='ltr'><strong>pontificis</strong></span> <span class='ocrx_word' id='word_1_522' title='bbox 2781 3597 3098 3652; x_wconf 89' lang='lat' dir='ltr'><strong>auctoritate</strong></span> <span class='ocrx_word' id='word_1_523' title='bbox 3120 3597 3215 3651; x_wconf 89' lang='lat' dir='ltr'><strong>hoc</strong></span> <span class='ocrx_word' id='word_1_524' title='bbox 3252 3598 3442 3651; x_wconf 89' lang='lat' dir='ltr'><strong>saltem</strong></span> <span class='ocrx_word' id='word_1_525' title='bbox 3470 3598 3556 3651; x_wconf 89' lang='lat' dir='ltr'><strong>di-</strong></span> 
     </span>
    </p>
   </div>
   <div class='ocr_carea' id='block_1_73' title="bbox 1981 3686 3555 3760">
    <p class='ocr_par' dir='ltr' id='par_1_73' title="bbox 1981 3686 3555 3760">
     <span class='ocr_line' id='line_1_73' title="bbox 1981 3686 3555 3760; baseline 0.001 -20"><span class='ocrx_word' id='word_1_526' title='bbox 1981 3687 2226 3743; x_wconf 88' lang='lat' dir='ltr'><strong>lemmate</strong></span> <span class='ocrx_word' id='word_1_527' title='bbox 2264 3695 2387 3740; x_wconf 91' lang='lat' dir='ltr'><strong>utar</strong></span> <span class='ocrx_word' id='word_1_528' title='bbox 2413 3701 2432 3739; x_wconf 91' lang='lat'><strong><em>:</em></strong></span> <span class='ocrx_word' id='word_1_529' title='bbox 2464 3702 2587 3741; x_wconf 87' lang='lat' dir='ltr'><strong>nam</strong></span> <span class='ocrx_word' id='word_1_530' title='bbox 2622 3686 2704 3741; x_wconf 87' lang='lat' dir='ltr'><strong>vel</strong></span> <span class='ocrx_word' id='word_1_531' title='bbox 2734 3687 2816 3742; x_wconf 83' lang='lat' dir='ltr'><strong>lue</strong></span> <span class='ocrx_word' id='word_1_532' title='bbox 2852 3687 3040 3743; x_wconf 73' lang='lat' dir='ltr'><strong>littera:</strong></span> <span class='ocrx_word' id='word_1_533' title='bbox 3066 3688 3305 3760; x_wconf 75' lang='lat' dir='ltr'><strong>genuina:</strong></span> <span class='ocrx_word' id='word_1_534' title='bbox 3334 3697 3475 3753; x_wconf 87' lang='lat' dir='ltr'><strong>sunt,</strong></span> <span class='ocrx_word' id='word_1_535' title='bbox 3506 3698 3555 3742; x_wconf 88' lang='lat' dir='ltr'><strong>et</strong></span> 
     </span>
    </p>
   </div>
   <div class='ocr_carea' id='block_1_74' title="bbox 1980 3777 3556 3851">
    <p class='ocr_par' dir='ltr' id='par_1_74' title="bbox 1980 3777 3556 3851">
     <span class='ocr_line' id='line_1_74' title="bbox 1980 3777 3556 3851; baseline 0.001 -18"><span class='ocrx_word' id='word_1_536' title='bbox 1980 3779 2075 3833; x_wconf 87' lang='lat' dir='ltr'><strong>illa</strong></span> <span class='ocrx_word' id='word_1_537' title='bbox 2110 3779 2398 3832; x_wconf 87' lang='lat' dir='ltr'><strong>auctoritas</strong></span> <span class='ocrx_word' id='word_1_538' title='bbox 2420 3777 2681 3833; x_wconf 82' lang='lat' dir='ltr'><strong>luculento</strong></span> <span class='ocrx_word' id='word_1_539' title='bbox 2703 3780 2937 3851; x_wconf 71' lang='lat' dir='ltr'><strong>exemplo</strong></span> <span class='ocrx_word' id='word_1_540' title='bbox 2957 3781 3205 3851; x_wconf 80' lang='lat' dir='ltr'><strong>ﬁrmatur</strong></span> <span class='ocrx_word' id='word_1_541' title='bbox 3220 3823 3235 3848; x_wconf 92' lang='lat'><strong>,</strong></span> <span class='ocrx_word' id='word_1_542' title='bbox 3272 3780 3353 3836; x_wconf 89' lang='lat' dir='ltr'><strong>vel</strong></span> <span class='ocrx_word' id='word_1_543' title='bbox 3377 3796 3556 3845; x_wconf 80' lang='lat' dir='ltr'><strong>secus;</strong></span> 
     </span>
    </p>
   </div>
   <div class='ocr_carea' id='block_1_75' title="bbox 1984 3870 3557 3939">
    <p class='ocr_par' dir='ltr' id='par_1_75' title="bbox 1984 3870 3557 3939">
     <span class='ocr_line' id='line_1_75' title="bbox 1984 3870 3557 3939; baseline 0.001 -15"><span class='ocrx_word' id='word_1_544' title='bbox 1984 3880 2032 3924; x_wconf 91' lang='lat' dir='ltr'><strong>et</strong></span> <span class='ocrx_word' id='word_1_545' title='bbox 2068 3871 2414 3925; x_wconf 89' lang='lat' dir='ltr'><strong>vetustissima</strong></span> <span class='ocrx_word' id='word_1_546' title='bbox 2443 3870 2630 3924; x_wconf 87' lang='lat' dir='ltr'><strong>saltem</strong></span> <span class='ocrx_word' id='word_1_547' title='bbox 2668 3870 2997 3939; x_wconf 62' lang='lat' dir='ltr'><strong>Graecorum,</strong></span> <span class='ocrx_word' id='word_1_548' title='bbox 3029 3874 3260 3927; x_wconf 89' lang='lat' dir='ltr'><strong>nondum</strong></span> <span class='ocrx_word' id='word_1_549' title='bbox 3302 3873 3557 3926; x_wconf 87' lang='lat' dir='ltr'><strong>schisma-</strong></span> 
     </span>
    </p>
   </div>
   <div class='ocr_carea' id='block_1_76' title="bbox 1987 3962 3559 4032">
    <p class='ocr_par' dir='ltr' id='par_1_76' title="bbox 1987 3962 3559 4032">
     <span class='ocr_line' id='line_1_76' title="bbox 1987 3962 3559 4032; baseline 0.001 -17"><span class='ocrx_word' id='word_1_550' title='bbox 1987 3963 2227 4026; x_wconf 90' lang='lat' dir='ltr'><strong>ticorum,</strong></span> <span class='ocrx_word' id='word_1_551' title='bbox 2247 3962 2424 4031; x_wconf 89' lang='lat' dir='ltr'><strong>opinio</strong></span> <span class='ocrx_word' id='word_1_552' title='bbox 2449 3963 2739 4015; x_wconf 87' lang='lat' dir='ltr'><strong>ostenditur</strong></span> <span class='ocrx_word' id='word_1_553' title='bbox 2756 3962 2822 4016; x_wconf 90' lang='lat' dir='ltr'><strong>de</strong></span> <span class='ocrx_word' id='word_1_554' title='bbox 2844 3979 3086 4032; x_wconf 89' lang='lat' dir='ltr'><strong>supremo</strong></span> <span class='ocrx_word' id='word_1_555' title='bbox 3109 3963 3364 4018; x_wconf 79' lang='lat' dir='ltr'><strong>Romana:</strong></span> <span class='ocrx_word' id='word_1_556' title='bbox 3383 3963 3559 4016; x_wconf 85' lang='lat' dir='ltr'><strong>cathe-</strong></span> 
     </span>
    </p>
   </div>
   <div class='ocr_carea' id='block_1_77' title="bbox 1988 4055 3561 4126">
    <p class='ocr_par' dir='ltr' id='par_1_77' title="bbox 1988 4055 3561 4126">
     <span class='ocr_line' id='line_1_77' title="bbox 1988 4055 3561 4126; baseline 0 -18"><span class='ocrx_word' id='word_1_557' title='bbox 1988 4056 2099 4109; x_wconf 69' lang='lat' dir='ltr'><strong>dra:</strong></span> <span class='ocrx_word' id='word_1_558' title='bbox 2144 4056 2292 4124; x_wconf 86' lang='lat' dir='ltr'><strong>apice</strong></span> <span class='ocrx_word' id='word_1_559' title='bbox 2329 4070 2347 4108; x_wconf 91' lang='lat'><strong><em>:</em></strong></span> <span class='ocrx_word' id='word_1_560' title='bbox 2380 4056 2801 4126; x_wconf 88' lang='lat' dir='ltr'><strong>quandoquidem</strong></span> <span class='ocrx_word' id='word_1_561' title='bbox 2842 4072 2943 4109; x_wconf 92' lang='lat' dir='ltr'><strong>non</strong></span> <span class='ocrx_word' id='word_1_562' title='bbox 2982 4056 3161 4110; x_wconf 87' lang='lat' dir='ltr'><strong>Latini</strong></span> <span class='ocrx_word' id='word_1_563' title='bbox 3209 4055 3422 4119; x_wconf 65' lang='lat' dir='ltr'><strong>Graecis,</strong></span> <span class='ocrx_word' id='word_1_564' title='bbox 3471 4066 3561 4108; x_wconf 85' lang='lat' dir='ltr'><strong>sea</strong></span> 
     </span>
    </p>
   </div>
   <div class='ocr_carea' id='block_1_78' title="bbox 1989 4144 3562 4218">
    <p class='ocr_par' dir='ltr' id='par_1_78' title="bbox 1989 4144 3562 4218">
     <span class='ocr_line' id='line_1_78' title="bbox 1989 4144 3562 4218; baseline 0 -18"><span class='ocrx_word' id='word_1_565' title='bbox 1989 4144 2156 4201; x_wconf 69' lang='lat' dir='ltr'><strong>Grani</strong></span> <span class='ocrx_word' id='word_1_566' title='bbox 2181 4144 2404 4211; x_wconf 87' lang='lat' dir='ltr'><strong>Latinis,</strong></span> <span class='ocrx_word' id='word_1_567' title='bbox 2429 4145 2527 4201; x_wconf 88' lang='lat' dir='ltr'><strong>has</strong></span> <span class='ocrx_word' id='word_1_568' title='bbox 2555 4146 2785 4218; x_wconf 87' lang='lat' dir='ltr'><strong>insignes</strong></span> <span class='ocrx_word' id='word_1_569' title='bbox 2836 4147 3085 4217; x_wconf 87' lang='lat' dir='ltr'><strong>epistolas</strong></span> <span class='ocrx_word' id='word_1_570' title='bbox 3122 4148 3177 4202; x_wconf 88' lang='lat' dir='ltr'><strong>in</strong></span> <span class='ocrx_word' id='word_1_571' title='bbox 3214 4146 3562 4201; x_wconf 86' lang='lat' dir='ltr'><strong>monumentis</strong></span> 
     </span>
    </p>
   </div>
   <div class='ocr_carea' id='block_1_79' title="bbox 1989 4234 2835 4307">
    <p class='ocr_par' dir='ltr' id='par_1_79' title="bbox 1989 4234 2835 4307">
     <span class='ocr_line' id='line_1_79' title="bbox 1989 4234 2835 4307; baseline 0.005 -18"><span class='ocrx_word' id='word_1_572' title='bbox 1989 4234 2097 4289; x_wconf 90' lang='lat' dir='ltr'><strong>suis</strong></span> <span class='ocrx_word' id='word_1_573' title='bbox 2125 4244 2453 4291; x_wconf 89' lang='lat' dir='ltr'><strong>conservatas</strong></span> <span class='ocrx_word' id='word_1_574' title='bbox 2478 4238 2835 4307; x_wconf 85' lang='lat' dir='ltr'><strong>suppeditant.</strong></span> 
     </span>
    </p>
   </div>
   <div class='ocr_carea' id='block_1_80' title="bbox 821 4749 3069 4850">
    <p class='ocr_par' dir='ltr' id='par_1_80' title="bbox 821 4749 3069 4850">
     <span class='ocr_line' id='line_1_80' title="bbox 821 4749 3069 4850; baseline -0.003 0"><span class='ocrx_word' id='word_1_575' title='bbox 821 4752 1454 4850; x_wconf 81' lang='lat' dir='ltr'><strong>THEODOBI</strong></span> <span class='ocrx_word' id='word_1_576' title='bbox 1532 4751 2080 4846; x_wconf 87' lang='lat' dir='ltr'><strong>EPISCOPI</strong></span> <span class='ocrx_word' id='word_1_577' title='bbox 2157 4749 3069 4843; x_wconf 81' lang='lat' dir='ltr'><strong>TRIMITHUNTIS</strong></span> 
     </span>
    </p>
   </div>
   <div class='ocr_carea' id='block_1_81' title="bbox 1245 4943 2660 5013">
    <p class='ocr_par' dir='ltr' id='par_1_81' title="bbox 1245 4943 2660 5013">
     <span class='ocr_line' id='line_1_81' title="bbox 1245 4943 2660 5013; baseline -0.001 -9"><span class='ocrx_word' id='word_1_578' title='bbox 1245 4947 1341 5013; x_wconf 84' lang='lat' dir='ltr'><strong>DE</strong></span> <span class='ocrx_word' id='word_1_579' title='bbox 1368 4946 1521 5002; x_wconf 83' lang='lat' dir='ltr'><strong>VITA</strong></span> <span class='ocrx_word' id='word_1_580' title='bbox 1549 4944 1642 5001; x_wconf 86' lang='lat' dir='ltr'><strong>ET</strong></span> <span class='ocrx_word' id='word_1_581' title='bbox 1665 4944 1947 5002; x_wconf 79' lang='lat' dir='ltr'><strong>EXSILIO</strong></span> <span class='ocrx_word' id='word_1_582' title='bbox 1965 4943 2059 5000; x_wconf 85' lang='lat' dir='ltr'><strong>ET</strong></span> <span class='ocrx_word' id='word_1_583' title='bbox 2082 4943 2660 5003; x_wconf 77' lang='lat' dir='ltr'><strong>AFFLICTIONIBUS</strong></span> 
     </span>
    </p>
   </div>
   <div class='ocr_carea' id='block_1_82' title="bbox 601 5104 3257 5169">
    <p class='ocr_par' dir='ltr' id='par_1_82' title="bbox 601 5104 3257 5169">
     <span class='ocr_line' id='line_1_82' title="bbox 601 5104 3257 5169; baseline -0.003 0"><span class='ocrx_word' id='word_1_584' title='bbox 601 5110 989 5169; x_wconf 69' lang='lat' dir='ltr'><strong>BEATISSIMI</strong></span> <span class='ocrx_word' id='word_1_585' title='bbox 1032 5110 1317 5168; x_wconf 80' lang='lat' dir='ltr'><strong>JOANNIS</strong></span> <span class='ocrx_word' id='word_1_586' title='bbox 1351 5107 1836 5168; x_wconf 78' lang='lat' dir='ltr'><strong>CIIRYSOSTOMI</strong></span> <span class='ocrx_word' id='word_1_587' title='bbox 1872 5106 2391 5168; x_wconf 80' lang='lat' dir='ltr'><strong>ARCHIEPISCOPI</strong></span> <span class='ocrx_word' id='word_1_588' title='bbox 2429 5104 3257 5169; x_wconf 83' lang='lat' dir='ltr'><strong>CONSTANTINOPOLITANI.</strong></span> 
     </span>
    </p>
   </div>
   <div class='ocr_carea' id='block_1_83' title="bbox 391 5392 1894 5466">
    <p class='ocr_par' dir='ltr' id='par_1_83' title="bbox 391 5392 1894 5466">
     <span class='ocr_line' id='line_1_83' title="bbox 391 5392 1894 5466; baseline -0.002 -14"><span class='ocrx_word' id='word_1_589' title='bbox 391 5398 441 5452; x_wconf 76' lang='lat' dir='ltr'><strong>i.</strong></span> <span class='ocrx_word' id='word_1_590' title='bbox 461 5395 653 5453; x_wconf 86' lang='lat' dir='ltr'><strong>Dilecti</strong></span> <span class='ocrx_word' id='word_1_591' title='bbox 674 5396 689 5450; x_wconf 80' lang='grc' dir='ltr'>ι</span> <span class='ocrx_word' id='word_1_592' title='bbox 704 5393 822 5449; x_wconf 81' lang='lat' dir='ltr'><strong>Non</strong></span> <span class='ocrx_word' id='word_1_593' title='bbox 839 5393 1102 5449; x_wconf 88' lang='lat' dir='ltr'><strong>mentitur</strong></span> <span class='ocrx_word' id='word_1_594' title='bbox 1117 5392 1280 5459; x_wconf 88' lang='lat' dir='ltr'><strong>Deus,</strong></span> <span class='ocrx_word' id='word_1_595' title='bbox 1297 5394 1387 5464; x_wconf 90' lang='lat' dir='ltr'><strong>qui</strong></span> <span class='ocrx_word' id='word_1_596' title='bbox 1401 5410 1495 5451; x_wconf 88' lang='lat' dir='ltr'><strong>ore</strong></span> <span class='ocrx_word' id='word_1_597' title='bbox 1515 5395 1793 5466; x_wconf 76' lang='lat' dir='ltr'><strong>Prophcue</strong></span> <span class='ocrx_word' id='word_1_598' title='bbox 1810 5395 1894 5451; x_wconf 65' lang='lat' dir='ltr'><strong>di~</strong></span> 
     </span>
    </p>
   </div>
   <div class='ocr_carea' id='block_1_84' title="bbox 2006 5382 3573 5464">
    <p class='ocr_par' dir='ltr' id='par_1_84' title="bbox 2006 5382 3573 5464">
     <span class='ocr_line' id='line_1_84' title="bbox 2006 5382 3573 5464; baseline -0.008 -15"><span class='ocrx_word' id='word_1_599' title='bbox 2006 5404 2054 5449; x_wconf 91' lang='lat' dir='ltr'><strong>et</strong></span> <span class='ocrx_word' id='word_1_600' title='bbox 2101 5395 2211 5464; x_wconf 87' lang='lat' dir='ltr'><strong>ipse</strong></span> <span class='ocrx_word' id='word_1_601' title='bbox 2250 5393 2365 5464; x_wconf 88' lang='lat' dir='ltr'><strong>ejus</strong></span> <span class='ocrx_word' id='word_1_602' title='bbox 2406 5392 2627 5446; x_wconf 85' lang='lat' dir='ltr'><strong>intuitus</strong></span> <span class='ocrx_word' id='word_1_603' title='bbox 2658 5391 2903 5444; x_wconf 88' lang='lat' dir='ltr'><strong>molestus</strong></span> <span class='ocrx_word' id='word_1_604' title='bbox 2942 5386 3077 5460; x_wconf 87' lang='lat' dir='ltr'><strong>(lsa.</strong></span> <span class='ocrx_word' id='word_1_605' title='bbox 3110 5400 3193 5451; x_wconf 82' lang='grc' dir='ltr'><strong>ιιι,</strong></span> <span class='ocrx_word' id='word_1_606' title='bbox 3223 5383 3334 5456; x_wconf 75' lang='grc'><strong>10).</strong></span> <span class='ocrx_word' id='word_1_607' title='bbox 3384 5384 3453 5439; x_wconf 86' lang='grc' dir='ltr'><strong>Ει</strong></span> <span class='ocrx_word' id='word_1_608' title='bbox 3474 5382 3573 5439; x_wconf 86' lang='lat' dir='ltr'><strong>de—</strong></span> 
     </span>
    </p>
   </div>
   <div class='ocr_carea' id='block_1_85' title="bbox 316 5473 3573 5559">
    <p class='ocr_par' dir='ltr' id='par_1_85' title="bbox 316 5473 3573 5559">
     <span class='ocr_line' id='line_1_85' title="bbox 316 5473 3573 5559; baseline -0.006 -11"><span class='ocrx_word' id='word_1_609' title='bbox 316 5484 1899 5558; x_wconf 70' lang='lat' dir='ltr'><strong>xitzllulta:tribulationesjustorum(Psal.xxxm,20).Et</strong></span> <span class='ocrx_word' id='word_1_610' title='bbox 2004 5487 2169 5559; x_wconf 85' lang='lat' dir='ltr'><strong>niqne</strong></span> <span class='ocrx_word' id='word_1_611' title='bbox 2217 5503 2231 5539; x_wconf 92' lang='lat'><strong>:</strong></span> <span class='ocrx_word' id='word_1_612' title='bbox 2273 5486 2487 5550; x_wconf 86' lang='lat' dir='ltr'><strong>Beatus,</strong></span> <span class='ocrx_word' id='word_1_613' title='bbox 2542 5482 2734 5552; x_wconf 82' lang='lat' dir='ltr'><strong>inquit,</strong></span> <span class='ocrx_word' id='word_1_614' title='bbox 2792 5481 2881 5550; x_wconf 89' lang='lat' dir='ltr'><strong>qui</strong></span> <span class='ocrx_word' id='word_1_615' title='bbox 2928 5477 3267 5532; x_wconf 86' lang='lat' dir='ltr'><strong>tentationem</strong></span> <span class='ocrx_word' id='word_1_616' title='bbox 3305 5473 3573 5532; x_wconf 85' lang='lat' dir='ltr'><strong>sustinebit</strong></span> 
     </span>
    </p>
   </div>
   <div class='ocr_carea' id='block_1_86' title="bbox 316 5576 1894 5649">
    <p class='ocr_par' dir='ltr' id='par_1_86' title="bbox 316 5576 1894 5649">
     <span class='ocr_line' id='line_1_86' title="bbox 316 5576 1894 5649; baseline -0.004 -10"><span class='ocrx_word' id='word_1_617' title='bbox 316 5596 510 5639; x_wconf 74' lang='lat' dir='ltr'><strong>rursus</strong></span> <span class='ocrx_word' id='word_1_618' title='bbox 547 5597 563 5635; x_wconf 92' lang='lat'><strong>:</strong></span> <span class='ocrx_word' id='word_1_619' title='bbox 594 5579 844 5637; x_wconf 86' lang='lat' dir='ltr'><strong>Observat</strong></span> <span class='ocrx_word' id='word_1_620' title='bbox 868 5587 1108 5649; x_wconf 86' lang='lat' dir='ltr'><strong>peccator</strong></span> <span class='ocrx_word' id='word_1_621' title='bbox 1123 5578 1328 5648; x_wconf 86' lang='lat' dir='ltr'><strong>justum</strong></span> <span class='ocrx_word' id='word_1_622' title='bbox 1356 5579 1525 5648; x_wconf 81' lang='lat' dir='ltr'><strong>(Psal.</strong></span> <span class='ocrx_word' id='word_1_623' title='bbox 1554 5596 1735 5645; x_wconf 73' lang='lat' dir='ltr'><strong>xxxvr,</strong></span> <span class='ocrx_word' id='word_1_624' title='bbox 1785 5576 1894 5649; x_wconf 66' lang='lat'><strong>{2).</strong></span> 
     </span>
    </p>
   </div>
   <div class='ocr_carea' id='block_1_87' title="bbox 325 5670 1869 5745">
    <p class='ocr_par' dir='ltr' id='par_1_87' title="bbox 325 5670 1869 5745">
     <span class='ocr_line' id='line_1_87' title="bbox 325 5670 1869 5745; baseline 0 -20"><span class='ocrx_word' id='word_1_625' title='bbox 325 5670 573 5740; x_wconf 78' lang='lat' dir='ltr'><strong>Itemque</strong></span> <span class='ocrx_word' id='word_1_626' title='bbox 583 5671 679 5731; x_wconf 87' lang='lat' dir='ltr'><strong>ait:</strong></span> <span class='ocrx_word' id='word_1_627' title='bbox 694 5671 723 5727; x_wconf 87' lang='grc'><strong><em>1</em></strong></span> <span class='ocrx_word' id='word_1_628' title='bbox 727 5671 1015 5734; x_wconf 81' lang='lat' dir='ltr'><strong>nsidiemur</strong></span> <span class='ocrx_word' id='word_1_629' title='bbox 1019 5672 1186 5744; x_wconf 78' lang='lat' dir='ltr'><strong>justo,</strong></span> <span class='ocrx_word' id='word_1_630' title='bbox 1202 5673 1322 5743; x_wconf 86' lang='lat' dir='ltr'><strong>quia</strong></span> <span class='ocrx_word' id='word_1_631' title='bbox 1340 5674 1579 5745; x_wconf 82' lang='lat' dir='ltr'><strong>ingratus</strong></span> <span class='ocrx_word' id='word_1_632' title='bbox 1590 5680 1664 5731; x_wconf 81' lang='lat' dir='ltr'><strong>est</strong></span> <span class='ocrx_word' id='word_1_633' title='bbox 1705 5671 1869 5734; x_wconf 72' lang='lat' dir='ltr'><strong>nobis,</strong></span> 
     </span>
    </p>
   </div>
   <div class='ocr_carea' id='block_1_88' title="bbox 2009 5563 3573 5647">
    <p class='ocr_par' dir='ltr' id='par_1_88' title="bbox 2009 5563 3573 5647">
     <span class='ocr_line' id='line_1_88' title="bbox 2009 5563 3573 5647; baseline -0.015 -14"><span class='ocrx_word' id='word_1_634' title='bbox 2009 5577 2145 5647; x_wconf 82' lang='lat' dir='ltr'><strong>(Jac.</strong></span> <span class='ocrx_word' id='word_1_635' title='bbox 2178 5592 2217 5642; x_wconf 87' lang='grc' dir='ltr'><strong>ι,</strong></span> <span class='ocrx_word' id='word_1_636' title='bbox 2242 5575 2352 5644; x_wconf 73' lang='lat'><strong>12).</strong></span> <span class='ocrx_word' id='word_1_637' title='bbox 2383 5573 2621 5629; x_wconf 81' lang='lat' dir='ltr'><strong>Joannes</strong></span> <span class='ocrx_word' id='word_1_638' title='bbox 2646 5570 2753 5634; x_wconf 91' lang='lat' dir='ltr'><strong>hic,</strong></span> <span class='ocrx_word' id='word_1_639' title='bbox 2783 5577 2967 5623; x_wconf 81' lang='lat' dir='ltr'><strong>tenera</strong></span> <span class='ocrx_word' id='word_1_640' title='bbox 2996 5572 3175 5628; x_wconf 65' lang='lat' dir='ltr'><strong>aetate,</strong></span> <span class='ocrx_word' id='word_1_641' title='bbox 3202 5564 3349 5619; x_wconf 88' lang='lat' dir='ltr'><strong>omni</strong></span> <span class='ocrx_word' id='word_1_642' title='bbox 3384 5563 3573 5617; x_wconf 79' lang='lat' dir='ltr'><strong>huma-</strong></span> 
     </span>
    </p>
   </div>
   <div class='ocr_carea' id='block_1_89' title="bbox 2005 5647 3568 5726">
    <p class='ocr_par' dir='ltr' id='par_1_89' title="bbox 2005 5647 3568 5726">
     <span class='ocr_line' id='line_1_89' title="bbox 2005 5647 3568 5726; baseline -0.019 0"><span class='ocrx_word' id='word_1_643' title='bbox 2005 5684 2074 5726; x_wconf 82' lang='lat' dir='ltr'><strong>na</strong></span> <span class='ocrx_word' id='word_1_644' title='bbox 2104 5665 2348 5725; x_wconf 85' lang='lat' dir='ltr'><strong>doctrina</strong></span> <span class='ocrx_word' id='word_1_645' title='bbox 2378 5663 2618 5719; x_wconf 83' lang='lat' dir='ltr'><strong>imbutus</strong></span> <span class='ocrx_word' id='word_1_646' title='bbox 2646 5658 2777 5725; x_wconf 73' lang='lat' dir='ltr'><strong>fuit;</strong></span> <span class='ocrx_word' id='word_1_647' title='bbox 2804 5657 2870 5714; x_wconf 85' lang='lat' dir='ltr'><strong>dc</strong></span> <span class='ocrx_word' id='word_1_648' title='bbox 2892 5652 3206 5726; x_wconf 81' lang='lat' dir='ltr'><strong>parentibus</strong></span> <span class='ocrx_word' id='word_1_649' title='bbox 3229 5647 3456 5709; x_wconf 79' lang='lat' dir='ltr'><strong>ethnicis</strong></span> <span class='ocrx_word' id='word_1_650' title='bbox 3483 5659 3568 5698; x_wconf 61' lang='lat' dir='ltr'><strong>nav</strong></span> 
     </span>
    </p>
   </div>
  </div>
