4038 6154
466 223 529 263 ιν
1571 200 1925 260 TIIEODORI
1966 196 2500 260 TRIMITIIUNTINI

464 342 602 379 11ow'
647 318 715 396 ἦν
765 323 821 378 δὲ
872 323 1077 393 γονέων
1132 323 1431 394 Ἑλλήνων,
1482 322 1574 377 καὶ
1624 323 1787 386 αὐτὸς
1823 322 1882 376 δέ
1925 322 2056 376 Ἔλ-

463 417 566 489 λην
585 418 685 487 (ο).
702 416 811 471 Καὶ
834 416 1157 484 κατανυγεὶς
1182 417 1246 469 ἐκ
1268 415 1419 480 Θείας
1445 415 1688 488 χάριτος,
1703 414 2060 488 προστρέχειν

466 513 672 587 ἤρξατο
696 512 810 577 τοῖς
857 509 1331 582 ἐκκλησιαπικοῖς
1383 508 1626 572 κόλποις,
1666 509 1762 563 καὶ
1791 510 1904 573 τοῖς
1931 509 2062 563 ἀνα-

466 604 754 677 γνώσμασι
780 600 1061 674 σχολάζειν
1095 602 1206 658 τῶν
1248 602 1411 657 θείων
1463 599 1719 673 Γραφῶν·
1764 600 1859 654 καὶ
1892 600 2060 672 ἡδέως

468 701 612 757 πάνυ
634 697 849 754 ἀκούων
876 696 1078 764 αὐτῶν,
1105 697 1398 769 ἐκαρτέρει
1429 698 1545 760 τοῖς
1577 697 1785 751 τούτων
1806 695 2062 750 διδασκάο

464 791 599 856 λοις,
624 788 1039 861 ἐκλαμπόμενος
1092 789 1157 841 ἐκ
1184 787 1334 852 θείας
1365 787 1643 859 προνοίας.
1680 786 1877 841 Λαϐὼν
1914 787 1974 841 δι
2000 785 2062 840 16

467 888 622 956 ἆίιον
654 885 937 957 βάπτισμα
967 884 1026 938 ἐν
1092 881 1286 955 Ἀμίδῃ
1328 885 1395 955 τῇ
1450 882 1603 936 πόλει
1645 882 1750 936 ὑπὸ
1796 879 2060 936 Βαιτανοῦ

466 977 768 1034 ἐπισκόπου
802 976 901 1047 (b),
934 975 1138 1040 εὐθέως
1180 974 1536 1047 ἀναγνώστης
1574 973 1979 1048 προχειρίζεται
2002 974 2061 1027 ἐν

480 1067 785 1141 Ἀντιοχείᾳ
809 1066 915 1120 ὐπδ
951 1064 1276 1137 Ποιμαινίου
1307 1064 1403 1119 τοῦ
1430 1065 1734 1119 ἐπισκόπου
1759 1064 1951 1137 αὐτῆς.

539 1163 607 1215 ϐ’.
644 1160 755 1214 Καὶ
807 1158 998 1231 ἐπειδὴ
1042 1157 1226 1212 τοίνυν
1256 1156 1513 1229 ἠρξάμην
1547 1157 1730 1227 λέγειν
1774 1157 1906 1229 περὶ
1949 1156 2060 1211 τῶν

470 1251 904 1324 ἐνεδρευσάντων
928 1251 1021 1305 τὸν
1051 1249 1260 1304 δίκαιον
1290 1249 1481 1304 τοῦτον
1515 1250 1703 1322 ἄνδρα,
1751 1242 1826 1304 ὧν
1865 1248 2058 1322 πρώτη

474 1343 574 1415 μὲν
607 1343 835 1409 Εὐδοξία
894 1345 927 1416 ἡ
990 1343 1278 1416 Ἀρκαδίου
1314 1343 1474 1414 γυνὴ,
1535 1337 1656 1397 εἶτα
1697 1345 1816 1414 μετ’
1845 1341 2061 1414 ἐκείνην

470 1435 728 1506 Θεόφιλος
750 1438 779 1490 6
802 1435 1101 1499 ἐπίσκοπος
1158 1432 1589 1506 ’Δλεξανδρείας,
1625 1428 1724 1487 εἷθ’
1764 1431 1938 1496 οὕτως
1966 1431 2061 1486 καὶ

471 1527 823 1599 Σευηριανὸς,
852 1528 947 1583 καὶ
973 1529 1022 1581 οἰ
1063 1528 1195 1600 περὶ
1224 1528 1388 1583 αὐτὸν
1435 1526 1691 1590 ’Δκάκιος
1721 1527 1815 1581 καὶ
1840 1525 2060 1596 Πορφύ-

473 1635 608 1689 ριος⁹
638 1612 785 1674 οὗτοι
815 1620 1105 1674 ἐπίσκοποι
1136 1618 1233 1674 καὶ
1281 1618 1432 1673 ἄλλοι
1488 1616 1654 1685 τινὲς,
1710 1618 1838 1689 περὶ
1882 1609 1959 1673 ὧν
1981 1619 2061 1682 εἰς

472 1710 697 1783 ὔστερον
723 1712 1075 1784 διηγήσομαι.
1101 1711 1417 1782 Διαλέγεται
1445 1709 1503 1764 δὲ
1530 1711 1658 1783 περὶ
1694 1711 1940 1765 Ἰωάννου
1967 1710 2061 1764 καὶ

468 1803 580 1858 τῶν
620 1792 1046 1876 συμϐεϐηκότων
1094 1807 1301 1861 τούτων
1334 1805 1575 1868 πάντων,
1620 1803 1762 1875 μετὰ
1784 1802 2059 1876 Θεοδώρου

469 1893 717 1948 διακόνου
746 1896 845 1965 τῆς
878 1896 1123 1968 μεγάλης
1160 1895 1401 1966 Ῥώμης,
1429 1896 1571 1965 ἀνήρ
1598 1912 1684 1957 τις
1702 1894 1883 1963 τίμιος
1914 1893 2059 1947 Παλ-

470 1985 650 2049 λάδιος
680 1984 917 2056 τοῦνομα
941 1984 1035 2057 (6)·
1073 1979 1250 2050 οὗτος,
1285 1984 1504 2057 πρῶτον
1550 1984 1650 2054 μὲν
1700 1983 1799 2056 τὴν
1850 1983 2060 2056 ἔρημον

469 2077 694 2147 οἰκήσας
721 2077 814 2130 ἐπὶ
837 2078 1058 2140 ἱκανοὺς
1081 2077 1331 2149 χρόνους,
1362 2074 1675 2148 κατηξιώθη
1701 2075 1801 2147 τῆς
1837 2077 2061 2129 ἐπισκο-

472 2169 580 2238 πῆς
607 2170 667 2222 ἐν
696 2168 937 2241 Βιθυνίᾳ.
972 2164 1141 2234 Οὗτος
1164 2169 1543 2240 συγγράφεται
1581 2169 1676 2223 καὶ
1703 2167 1905 2239 ἀρετὰς
1933 2169 2062 2222 πολ-

468 2259 579 2312 λῶν
602 2258 862 2330 Πατέρων
888 2258 989 2331 (ά),
1016 2260 1092 2324 ὡς
1112 2259 1209 2313 καὶ
1237 2260 1400 2324 αὐτὸς
1431 2259 1748 2323 κοινωνικὸς
1770 2257 1846 2312 ὢν
1885 2258 2063 2314 Ἰωάν-

469 2368 582 2414 νου,
609 2350 1000 2416 κατάκλειστος
1047 2352 1270 2422 γέγονεν
1332 2351 1392 2423 (ί.
1428 2352 1498 2408 69
1554 2352 1610 2423 b)
1670 2351 2062 2422 ἐνδεκαμήνεον

469 2443 659 2513 χρόνον
696 2444 753 2495 ἐν
784 2442 1013 2514 οἰκίσκῳ
1052 2442 1287 2514 ζοφερῷ.
1318 2442 1591 2512 Βούλομαι
1614 2437 1728 2505 οὖν,
1755 2439 1936 2505 καθὼς
1960 2458 2062 2495 κα-

469 2534 823 2606 ταλαμϐάνω,
853 2534 984 2605 περί⁹
1046 2532 1277 2586 Ιωάννου
1308 2532 1587 2601 κατάδηλα
1614 2532 1836 2601 ποιῆσαι
1876 2532 2023 2602 ὐμῖν.

540 2628 609 2691 γ’.
651 2621 905 2690 Ἰωάννης
968 2613 1063 2674 οὖν
1119 2619 1194 2692 μὴ
1258 2618 1669 2691 ἐπαρκούμενος
1702 2622 1769 2692 τῇ
1818 2622 1876 2673 ἐν
1910 2618 2063 2673 πόλει

471 2707 886 2781 σκληραγωγίᾳ,
914 2705 984 2762 τά
1011 2706 1239 2779 πλησίον
1272 2708 1373 2779 ϐρη
1399 2706 1745 2775 καταλαϐὼν,
1795 2707 1858 2762 τὸ
1903 2706 2064 2779 σῶμα

471 2795 666 2851 ἑαυτοῦ
696 2795 987 2867 ἐδάμαζεν.
1013 2795 1254 2868 Πληγεὶς
1282 2796 1339 2850 δέ
1367 2796 1438 2850 τὰ
1465 2796 1807 2868 ὑπογάστρια
1832 2796 1939 2850 ὐπδ
1967 2792 2063 2849 τοῦ

470 2885 692 2958 κρύους,
720 2886 815 2940 καὶ
846 2887 919 2959 μὴ
958 2887 1158 2959 ἰσχύων
1197 2886 1283 2940 ἐτι
1321 2885 1674 2958 ἐξυπηρετεῖν
1731 2882 1931 2956 ἐαυτῷ,
1963 2884 2068 2939 πά-

469 2975 554 3028 λιν
584 2973 994 3045 καταλαμϐάνει
1053 2974 1144 3028 τὸν
1184 2973 1640 3044 ἐκκλησιαστικὸν
1683 2973 1913 3044 λιμένα,
1963 2972 2063 3043 τῆς

470 3061 698 3133 χάριτος
728 3060 822 3115 τοῦ
848 3061 985 3115 Θεοῦ
1013 3058 1230 3130 εὐφυῶς
1263 3061 1346 3125 εἰς
1386 3058 1448 3114 16
1474 3060 1744 3132 χρήσιμον
1772 3059 1938 3113 αὐτὸν
1968 3074 2066 3112 πε-

472 3148 789 3221 ριαγούσηςο
816 3149 911 3202 καὶ
940 3146 1347 3220 προχειρίζεται
1372 3145 1620 3211 διάκονος
1672 3147 1755 3209 εἰς
1794 3145 1891 3215 τὴν
1942 3145 2065 3199 Ἀν-

468 3237 672 3308 τιόχου,
712 3234 808 3290 τοῦ
849 3237 1120 3308 στόματος
1151 3233 1318 3290 αὐτοῦ
1348 3233 1492 3289 κατὰ
1518 3232 1627 3288 τῶν
1656 3232 1922 3303 αἱρέσεων
1943 3232 2068 3286 θαυ-

472 3326 691 3398 μαστῶς
724 3324 1099 3396 ἀνοιγομένου’
1125 3324 1318 3379 ἔπειτα
1375 3324 1468 3379 καὶ
1518 3320 1884 3394 πρεσϐύτερος
1936 3319 2068 3376 καθ-

472 3415 709 3469 ίσταται.
730 3415 842 3467 Καὶ
863 3413 1024 3468 πάλιν
1046 3413 1074 3466 ό
1093 3413 1249 3481 λόγος
1267 3415 1494 3476 ἐκεῖνος,
1511 3414 1539 3466 6
1558 3413 1716 3466 ἅλατι
1738 3411 1876 3482 ἡρτυ
1885 3410 2063 3480 μένος,

470 3499 685 3573 καίριος
716 3501 781 3553 ἐκ
828 3499 922 3553 τοῦ
965 3498 1239 3568 στόματος
1278 3498 1446 3552 αὐτοῦ
1482 3501 1813 3570 προήρχετο·
1849 3495 2066 3565 πρῶτον

476 3587 577 3658 μὲν
609 3586 751 3641 κατά
779 3586 889 3640 τῶν
926 3586 1204 3651 ἀλαζόνων
1232 3585 1328 3639 καί.
1360 3584 1628 3656 μισοθέων
1658 3584 1752 3639 καὶ
1789 3584 2065 3654 μισοπτώ-

472 3692 604 3747 χων,
641 3676 736 3730 καὶ
767 3676 858 3729 ἐπὶ
888 3675 1102 3738 τούτοις
1155 3673 1585 3745 ἐμεγαλαυχεῖτο
1627 3675 1655 3726 6
1696 3673 1855 3744 ἀνήρ·
1883 3672 1978 3725 καὶ
1998 3666 2066 3743 ἦν

472 3751 839 3833 ἀκροατήριον
862 3763 982 3814 ἐκεῖ
1005 3759 1124 3816 καθ’
1158 3760 1396 3831 ἑκάστην
1424 3760 1656 3832 ἡμέραν,
1687 3759 2066 3830 συναγομένων

481 3848 677 3920 ὖχλων,
719 3848 988 3918 ὠφελείας
1043 3849 1227 3920 χάριν,
1289 3847 1384 3903 καὶ
1437 3847 1639 3912 πάντες
1677 3846 1840 3901 αὐτοῦ
1892 3847 2066 3916 ἡδέως

485 3942 705 4013 ἤκουον,
729 3936 825 3991 καὶ
856 3937 1058 4000 πάντες
1089 3936 1342 4008 ἐνέμενον
1397 3938 1511 4000 τοῖς
1544 3934 1675 4007 παρ’
1713 3935 1877 3989 αὐτοῦ
1907 3934 2065 4004 λεγοκ

484 4022 686 4095 μένοις.

495 4139 497 4141 ι
544 4109 607 4165 6'.
636 4109 843 4180 Συνέϐη
876 4110 933 4164 δέ
983 4111 1103 4165 κατ’
1135 4109 1314 4164 ἐκεῖνο
1344 4105 1536 4180 καιροῦ
1594 4110 1925 4181 μεταστῆναι
1957 4110 2064 4164 τῶν

472 4196 723 4251 ἐντεῦθεν
779 4196 1024 4268 θορύϐων
1067 4197 1374 4268 Νεκτάριον
1430 4192 1525 4249 τὸν
1577 4198 1874 4252 ἐπίσκοπον
1906 4201 2060 4252 Κωνν

476 4284 752 4338 σταντίνου
771 4284 1000 4349 πόλεως’
1031 4286 1128 4339 καὶ
1159 4284 1409 4338 ἐντεῦθεν
1438 4286 1621 4355 ζητεῖν
1650 4285 1877 4350 πολλοὺς
1910 4287 2065 4340 ὠνεῖ-

475 4373 600 4426 σθαι
626 4373 723 4443 τὴν
757 4372 1080 4446 ἱερωσύνην,
1135 4372 1234 4426 καὶ
1280 4372 1627 4443 διχοστασίας
1674 4372 1931 4441 γενέσθαι
1962 4375 2064 4428 οὐκ

472 4462 679 4532 ὀλίγας.
729 4461 1070 4534 Ἑρμηνεύθη
1096 4462 1152 4517 δὲ
1171 4461 1250 4533 τῷ
1282 4462 1493 4532 βασιλεῖ
1531 4462 1800 4533 Ἀρκαδίῳ
1823 4463 1856 4531 ὴ
1884 4463 2064 4516 Ἰωέιν⁹

472 4568 563 4605 νου
594 4551 955 4621 χρησιμότης·
980 4551 1077 4604 καὶ
1112 4551 1249 4622 ταχύ
1273 4549 1350 4622 τῷ
1394 4548 1686 4621 στρατηγῷ
1719 4549 1818 4618 τῆς
1858 4548 2063 4600 Ἀντιό-

472 4656 568 4709 χου
596 4639 798 4708 γράφει
846 4638 1162 4694 ἀποστεῖλαι
1225 4637 1465 4709 ἀψοφητὶ
1517 4638 1608 4691 τὸν
1651 4635 1939 4705 Ἰωάννην,
1987 4633 2062 4704 μή

470 4725 788 4797 ταράξαντα
831 4727 921 4778 τὸν
979 4727 1145 4780 αὐτὸν
1196 4726 1383 4797 ἄνδρα,
1447 4727 1583 4797 μήτε
1621 4724 1720 4795 τὴν
1763 4721 2056 4792 Ἀντιόχου.

472 4809 655 4867 Ἦσαν
674 4814 732 4867 δέ
766 4813 834 4865 τά
863 4813 953 4864 ῖσα
979 4813 1088 4865 τῶν
1131 4813 1453 4882 γραφέντων
1507 4813 1701 4866 ταῦτα·
1749 4830 1768 4863 ι
1793 4810 2061 4875 Σεϐαστὸς

476 4900 683 4966 ἔνδοξος
721 4898 1004 4969 Ἀρκάδιος
1036 4897 1275 4967 Βίκτωρι
1324 4899 1597 4967 πατρικίῳ
1626 4898 1721 4952 καὶ
1770 4895 2062 4969 στρατηγῷ

490 4986 843 5059 'Opév100(e)
899 4983 1074 5038 ταῦτα
1128 4983 1345 5054 γράφω·
1405 4983 1623 5053 Ἐπειδὴ
1673 5000 1819 5047 τινες
1869 4987 2061 5053 ἀφυεῖς

476 5074 925 5145 ἀνεπιστημόνως
948 5071 1168 5128 δοκοῦσι
1195 5070 1618 5142 προσέρχεσθαι,
1648 5069 1723 5141 μὴ
1748 5071 1956 5142 μῶμον,
1984 5075 2058 5145 μὴ

476 5162 675 5232 φόϐον,
750 5160 821 5233 μὴ
887 5160 1108 5231 ἔλεγχον
1164 5159 1542 5230 λογιζόμενοι,
1611 5157 1709 5229 τὴν
1761 5158 2059 5231 ἱερωσύνην

549 5277 626 5347 (a)
655 5276 758 5330 Alii
802 5290 1019 5345 quoque
1060 5272 1366 5347 biographi,
1416 5271 1699 5347 Georgiqs,
1748 5270 2059 5347 Metapiira-

476 5343 698 5418 διεξίοι
745 5343 1095 5418 Διιόιιγωιιε,
1144 5343 1352 5418 dicqu
1383 5352 1571 5398 natum
1615 5344 1693 5418 _de
1741 5343 2059 5418 payeptipus

474 5416 720 5488 ethnicis
771 5411 1242 5488 Chry'sostomgm.
1281 5411 1486 5488 _Neque_
1527 5413 1661 5488 satis
1708 5411 2058 5488 probabiliter

475 5485 847 5542 contradicere
875 5483 1091 5543 {videtur
1121 5483 1560 5542 Montfaudonius
1591 5483 1645 5537 in
1670 5483 1875 5553 nupera
1896 5483 1963 5536 ab
1992 5499 2057 5536 eo

473 5557 671 5627 scripta
703 5552 843 5612 Vita.

542 5621 617 5700 (6)
653 5628 759 5685 Alii
791 5627 1074 5699 biographi
1104 5626 1293 5683 dicunt
1319 5626 1652 5697 baptizatum
1679 5621 1987 5681 Antiochiae
2022 5637 2050 5673 ο

3666 224 3773 270 ιη

2172 327 2609 394 προσωποποιεῖν
2637 325 2929 390 ἐθέλουσιν,
2959 326 3123 398 ἡμεῖς
3163 326 3242 397 τῷ
3293 324 3388 380 τοῦ
3434 325 3571 381 Θεοῦ
3602 327 3776 400 φόϐῳ

2165 410 2413 476 νεύοντες
2439 412 2550 479 ἀεὶ,
2608 414 2733 478 τούς
2782 412 3059 478 τοιούτους
3103 414 3421 486 ἀπράκτους
3467 413 3767 486 ποιοῦμεν.

2178 501 2523 575 Ἐντέλλομαί
2552 519 2635 556 σοι
2663 503 2753 558 διὰ
2782 502 2986 558 τούτων
3017 503 3176 574 ἡμῶν
3216 501 3330 556 τῶν
3362 501 3525 557 θείων
3567 517 3769 576 γραμ-

2167 589 2374 661 μάτων,
2396 590 2473 655 ώς
2522 591 2660 662 μετά
2707 592 2889 663 πάσης
2931 592 3232 656 ἐπιεικείας
3279 592 3594 646 ἀποστεῖλαι
3622 593 3774 665 ἡμῖν

2164 677 2401 732 ἐνταῦθα
2440 678 2699 750 Ἰωάννην
2730 679 2820 733 τὸν
2859 678 3255 752 πρεσϐύτερον,
3278 678 3389 733 τῶν
3416 680 3482 733 ἐκ
3507 679 3774 749 Μεγαλο-

2165 766 2376 831 πόλεως
2407 765 2472 839 (f)
2499 768 2731 839 μηδενὸς
2771 767 3022 833 νοοῦντος
3050 767 3084 840 ἢ
3139 768 3469 840 αἰσθομένου
3516 767 3580 823 16
3602 768 3769 838 γινεῑ⁴

2167 872 2349 927 μενον.
2388 855 2575 921 Οὕτως
2610 857 2720 929 γὰρ
2757 857 2978 926 εὐφυῶς
3018 858 3080 910 τὺ
3126 857 3338 911 τοιοῦτο
3371 855 3614 924 ἐξανύων
3638 857 3769 913 διὰ-

2163 959 2369 1015 ταγμα,
2402 944 2678 1016 μεγίστων
2742 944 2984 999 ἐπαίνων
3034 944 3166 1015 παρ’
3191 943 3353 1016 ἡμῶν
3403 942 3705 1018 ἀξιωθήσῃ.
3735 963 3762 999 0

2122 1050 2124 1053 ·
2171 1031 2234 1087 '0
2266 1031 2323 1086 δὲ
2350 1033 2653 1105 στρατηγὸς
2687 1032 2757 1087 τὰ
2796 1031 3076 1106 γραφέντα
3127 1031 3277 1104 αὐτῷ
3324 1033 3612 1100 ἀναγνοὺς,
3653 1050 3768 1087 πα-

2165 1120 2396 1195 ρακαλεῖ
2422 1120 2515 1176 τδν
2559 1121 2817 1192 Ἰωάννην
2855 1120 2961 1187 ἐξω
2998 1121 3129 1192 περὶ
3183 1120 3254 1173 τά
3300 1122 3573 1192 προάστια
3596 1119 3765 1190 γενέ-

2163 1207 2312 1275 σθαι,
2347 1209 2442 1263 καὶ
2480 1208 2810 1273 ἐπιϐιϐάσας
2841 1208 3007 1262 αὐτὸν
3058 1207 3303 1280 δημοσίῳ
3349 1208 3538 1280 ρηδίιρ,
3579 1208 3770 1272 δώσας

2164 1297 2313 1367 αὐτῷ
2347 1298 2442 1351 καὶ
2473 1296 2685 1360 λεκτία,
2745 1296 2955 1368 πέμπει
3009 1297 3076 1366 τῇ
3112 1294 3524 1349 Κωνσταντίνου
3577 1295 3765 1352 πόλει.

2165 1384 2275 1438 Καὶ
2302 1383 2366 1455 δὴ
2412 1386 2801 1457 χειροτονεῖται
2854 1382 3019 1447 εὐθὺς
3056 1381 3377 1447 ἐπίσκοπος,
3415 1384 3510 1437 καὶ
3535 1377 3604 1455 ἦν
3656 1385 3768 1454 μέ-

2165 1490 2348 1542 γιστος
2392 1475 2451 1528 ἐν
2481 1472 2803 1545 διδασκαλίᾳ
2852 1471 3193 1544 διαπρέπων,
3252 1472 3495 1544 ἐλέγχων
3520 1472 3769 1543 ἀφειδῶς

2162 1564 2289 1628 τοὺς
2323 1563 2564 1626 ἀνελεεῖς
2586 1563 2900 1631 πλουσίους,
2932 1563 3030 1617 καὶ
3068 1562 3199 1626 τοὺς
3225 1564 3307 1627 εἰς
3343 1560 3478 1615 Θεὸν
3503 1561 3768 1634 ἀγνώμο-

2162 1667 2277 1714 νας.
2319 1650 2480 1705 Ἀλλά
2499 1651 2676 1707 ταῦτα
2725 1651 2902 1705 πάντα
2925 1651 3054 1714 τοὺς
3080 1649 3481 1722 ἀμελεστέρους
3507 1649 3717 1707 ἐλύπει.

2235 1748 2297 1795 ε’.
2345 1742 2404 1795 '0
2433 1742 2491 1795 δέ
2527 1741 2623 1795 τοῦ
2652 1740 2903 1795 διαϐόλου
2947 1741 3226 1804 ἄπαυστος
3273 1740 3469 1810 φθόνος
3503 1740 3665 1795 πάλιν
3695 1743 3767 1795 τὸ

2166 1829 2293 1883 ἴδιον
2327 1831 2489 1884 ποιεῖ.
2529 1829 2740 1901 Συνέϐη
2777 1827 2912 1901 -γάρ
2948 1831 3030 1893 εἰς
3084 1828 3493 1901 Ἀλεξάνδρειαν
3545 1830 3765 1886 τοιοῦτό

2164 1936 2217 1972 τι
2253 1917 2541 1986 γενέσθαι·
2572 1917 2843 1973 λαϐοῦσαν
2872 1915 3139 1987 Θεοδότην
3192 1916 3295 1988 τὴν
3345 1917 3582 1990 ἀδελφὴν
3610 1918 3766 1972 Θεο-

2161 2004 2334 2078 δώρου
2361 2005 2456 2061 τοῦ
2481 2006 2815 2079 ἐπάρχοντος
2848 2006 2998 2078 χίλια
3041 2006 3357 2079 νομίσματα
3398 2007 3584 2062 δοῦναι
3632 2010 3763 2063 Ἰσι-

2162 2096 2321 2168 δώρῳ
2349 2096 2708 2171 πρεσϐυτέρῳ
2737 2099 2831 2153 καὶ
2859 2098 3118 2170 ξενοδόχῳ
3135 2099 3238 2170 τῆς
3261 2099 3432 2172 αὐτῆς
3458 2100 3761 2172 ἐκκλησίας

2165 2185 2244 2248 εἰς
2270 2183 2532 2257 διανομὴν
2589 2187 2860 2257 πενήτων.
2916 2180 3086 2250 Οὗτος
3132 2186 3190 2241 δὲ
3240 2190 3270 2242 6
3313 2188 3583 2261 Ἰσίδωρος
3615 2189 3761 2261 ἀνὴρ

2164 2272 2320 2340 ἅγιος
2344 2267 2413 2343 ἦν
2442 2275 2536 2327 καὶ
2562 2273 2899 2347 διακριτικὲς
2916 2315 2932 2341 ,
2986 2274 3045 2328 δν
3091 2274 3406 2340 Ἀθανάσιος
3430 2280 3458 2332 ό
3487 2277 3760 2349 μακάριος

2166 2359 2353 2425 πάπας
2383 2362 2790 2432 προχειρίζεται
2835 2365 2915 2427 εἰς
2966 2362 3356 2435 πρεσϐύτερον.
3406 2365 3464 2419 ὐ
3506 2362 3599 2419 οὖν
3627 2366 3762 2420 Θεό-

2164 2447 2318 2519 φιλος
2345 2451 2535 2514 πάπας
2561 2449 2771 2522 μαθὼν,
2805 2451 3042 2517 καλέσας
3081 2452 3174 2507 τὸν
3208 2452 3499 2526 Ἰσίδωρον,
3535 2452 3762 2528 ἠρώτη-

2166 2554 2257 2592 σεν
2286 2539 2417 2611 περὶ⁵
2450 2538 2545 2593 τοῦ
2568 2539 2819 2611 χρυσίου.
2839 2540 2953 2594 Καὶ
2979 2540 3130 2611 λέγει
3159 2541 3309 2613 αὐτῷ
3343 2544 3550 2606 ἐκεῖνος
3573 2537 3763 2598 πᾶσαν

2162 2625 2261 2695 τὴν
2286 2625 2565 2698 ἀλήθειαν,
2590 2627 2765 2696 λέγων
2817 2626 3007 2693 οῦτως·
3068 2648 3087 2682 ι
3109 2630 3231 2684 Ὀτι
3272 2629 3504 2701 Θεοδότη
3542 2630 3764 2703 κατώρ-

2165 2712 2335 2784 κησέν
2373 2731 2462 2784 με,
2486 2715 2521 2785 ἡ
2551 2715 2647 2769 καὶ
2678 2714 2903 2772 δώσασα
2950 2716 3113 2782 αὐτὰ,
3168 2716 3243 2789 μὴ
3292 2719 3590 2788 ἀναγαγεῖν
3631 2736 3715 2774 σοι
3740 2761 3758 2784 ,

2164 2803 2301 2858 άλλά
2334 2808 2447 2869 τοῖς
2474 2805 2891 2879 ύστερουμένοις
2910 2806 3099 2860 δοῦναι
3128 2807 3288 2861 αὐτά·
3317 2806 3586 2879 κρείσσων
3626 2808 3761 2880 γάρ,

2167 2894 2352 2965 φησὶν,
2390 2894 2424 2964 ἡ
2454 2894 2673 2949 εὐποιία
2723 2886 2910 2965 ὧνπερ
2954 2895 3157 2947 ποιεῖτε
3192 2894 3511 2965 οἰκοδομῶν.
3544 2915 3563 2947 ι
3616 2896 3675 2950 '0
3700 2896 3764 2951 δὲ

2165 2979 2440 3052 ὀργισθεὶς
2460 2976 2529 3050 ἦν
2560 2979 2818 3053 μεμηνὼς
2849 2981 2943 3033 καὶ
2971 2979 3187 3051 βρύχων
3213 2982 3337 3045 τοὺς
3363 2982 3584 3048 ὀδόντας
3616 2984 3762 3038 κατά

2178 3068 2469 3145 Ἰσιδώρου.
2497 3071 2608 3124 Καὶ
2643 3073 2707 3124 ἐκ
2737 3068 2832 3124 τοῦ
2855 3070 2915 3135 ἐξ
2940 3069 3190 3137 ἐναντίας
3225 3068 3547 3141 κινούμενος
3574 3075 3604 3126 6
3631 3073 3767 3126 Θεό-

2167 3160 2317 3229 φιλος
2349 3160 2588 3232 ἔγραψεν
2642 3158 2784 3214 κατὰ
2811 3156 2907 3211 τοῦ
2944 3157 3091 3213 6666
3142 3155 3413 3230 Ἰσιδώρου
3458 3158 3765 3230 Σοδομικὲῇι

2168 3244 2534 3316 κατηγορίαν·
2589 3243 2685 3299 καὶ
2729 3241 3243 3315 προσκαλεσάμενος
3292 3242 3456 3295 αὐτὸν
3511 3241 3659 3308 λέγει
3692 3243 3760 3312 (ί.

2167 3328 2239 3382 70
2278 3346 2310 3382 a
2337 3329 2355 3398 )
2387 3327 2556 3400 αὐτῷ·
2620 3346 2638 3379 ι
2682 3325 2854 3380 ’Δϐϐᾶ
2906 3325 3165 3397 Ἰσίδωρε,
3204 3324 3296 3378 τὸν
3326 3325 3534 3397 χάρτην
3569 3325 3761 3379 τοῦτον

2169 3411 2370 3466 ἔδωκέν
2421 3412 2513 3481 μοί
2568 3428 2654 3474 τις
2708 3411 2850 3464 κατὰ
2884 3407 2997 3463 σοῦ·
3048 3408 3143 3464 καὶ
3196 3409 3618 3481 περισπωμένου
3651 3427 3755 3480 μου

2169 3496 2301 3568 περὶ
2340 3493 2532 3561 πολλὰ,
2579 3494 2717 3565 λήθη
2777 3493 3150 3565 παρέδραμενο
3189 3493 3287 3547 καὶ
3314 3492 3409 3547 νῦν
3465 3493 3757 3564 ζητοῦντές

2171 3597 2272 3650 μου
2302 3579 2487 3650 ἕτερον
2514 3576 2757 3650 χαρτίον,
2797 3574 2955 3630 τοῦτο
3003 3570 3182 3649 εὗρον,
3212 3575 3308 3630 καὶ
3348 3576 3626 3647 ἐμνήσθην
3653 3577 3756 3647 τῆς

2170 3664 2299 3735 περὶ
2355 3662 2415 3716 σὲ
2464 3659 2822 3733 κατηγορίας.
2861 3680 2882 3714 ι
2940 3660 3075 3715 Τότε
3133 3660 3454 3733 ἀποκριθεὶς
3492 3662 3529 3723 ὁ,
3549 3661 3755 3727 δίκαιος

2168 3749 2373 3811 ἐκεῖνος
2406 3746 2558 3817 ἀνὴρ·
2574 3744 2724 3812 λέγει
2767 3744 2938 3815 αὐτῷ’
2970 3764 2989 3796 ι
3013 3747 3181 3817 Κύριε
3196 3745 3370 3806 πάπα,
3405 3745 3467 3799 σὺ
3498 3745 3751 3815 λέληθας⁹

2168 3831 2197 3883 ὁ
2225 3828 2547 3899 κατηγορῶν
2585 3826 2726 3892 ποῦ;
2759 3845 2778 3879 ι
2841 3827 2898 3881 '0
2942 3826 3000 3881 δέ
3054 3826 3223 3896 λέγει,
3278 3846 3298 3879 ‹
3332 3826 3539 3883 Ἔστιν.
3566 3847 3584 3879 ι
3620 3828 3753 3882 Τότε

2170 3913 2562 3987 προσκαλεῖται
2608 3911 2867 3981 Θεόφιλος
2901 3912 3002 3983 τὴν
3039 3911 3177 3965 ἰδίαν
3232 3910 3488 3983 ἀδελφὴν,
3537 3912 3634 3965 καὶ
3674 3912 3755 3966 δι·

2168 4000 2359 4056 δάσκει
2394 3997 2562 4069 αὐτὴν
2588 3996 2659 4051 τὰ
2688 3998 2789 4067 τῆς
2824 3996 3209 4065 συκοφαντίας.
3256 3997 3317 4049 'H
3346 3996 3405 4051 δέ
3426 3996 3755 4067 πορευθεῖσα

2168 4083 2306 4154 πρός
2332 4099 2458 4137 τινα
2494 4081 2691 4152 χήραν,
2740 4079 2955 4134 δίδωσιν
3004 4078 3143 4149 αὐτῇ
3200 4079 3424 4150 χρυσίου
3455 4080 3751 4151 ποσότητα,

2168 4167 2257 4221 ἵνα
2289 4164 2451 4236 πείσῃ
2482 4164 2572 4218 τὸν
2600 4164 2716 4218 υἱὸν
2747 4163 2919 4233 αὐτῆς
2955 4162 3323 4232 καταλαλῆσαι
3345 4162 3423 4231 τῷ
3445 4163 3589 4235 ἀϐϐᾷ
3628 4164 3754 4220 Ἰσιο

2164 4247 2343 4319 δώρῳ.
2370 4247 2388 4313 (
2405 4248 2468 4300 'H
2504 4247 2561 4301 δὲ
2595 4246 2867 4317 Ἰσιδώρῳ)
2899 4244 2959 4298 16
2987 4246 3216 4316 πρᾶγμα
3238 4245 3533 4315 κατάδηλον
3564 4247 3755 4313 ἐποίη-

2168 4347 2280 4394 σεν,
2343 4327 2660 4394 ἐπιδείξασα
2691 4329 2784 4383 καὶ
2827 4327 2969 4399 άπερ
3000 4323 3069 4398 ἦν
3120 4327 3358 4382 λαϐοῦσα
3394 4327 3560 4399 δῶρα.
3609 4330 3667 4383 '0
3692 4328 3750 4383 δέ

2166 4411 2342 4474 ἀϐϐᾶς
2387 4411 2655 4484 Ἰσίδωρος
2676 4411 2968 4482 ἄμεμπτος
3009 4409 3085 4465 ὢν
3117 4412 3211 4465 καὶ
3257 4410 3609 4482 ἀκηλίδωτος,
3658 4414 3753 4467 καὶ
3786 4401 3828 4461 Ἀ

2165 4494 2602 4565 ἀπεκδεχόμενος
2650 4493 2742 4547 τὸν
2797 4494 2939 4564 ὑπὲρ
2992 4492 3088 4547 τοῦ
3140 4493 3385 4548 τοιούτου
3438 4495 3752 4566 πειρασμοῦ
3824 4514 3845 4537 λε

2169 4579 2380 4651 μισθὸν,
2406 4578 2499 4632 καὶ
2526 4576 2786 4646 Θεοφίλου
2814 4576 3154 4647 ἀμείψασθαι
3183 4576 3367 4648 κρίσιν
3396 4576 3488 4630 τοῦ
3520 4576 3751 4646 ψεύδους

2168 4662 2242 4733 μὴ
2305 4660 2691 4734 μετανοοῦντος
2745 4661 2811 4731 τῇ
2862 4658 3032 4732 ἀδίκῳ
3093 4658 3428 4731 συκοφαντίᾳ
3448 4698 3464 4725 ,
3526 4659 3751 4729 πληγῶν

2164 4746 2456 4818 ἀφορήτων
2484 4744 2842 4799 ἐπιτεθέντων
2870 4743 3021 4816 αὐτῷ
3072 4746 3165 4798 ἐπὶ
3221 4743 3330 4797 τῶν
3365 4743 3651 4812 σιαγόνων,
3688 4744 3775 4798 οὔτ

2167 4828 2274 4900 μὴν
2314 4829 2449 4882 ἀλλά
2479 4831 2573 4882 καὶ
2599 4827 3044 4898 αίμακτωθέντος
3081 4827 3264 4891 αὐτοῦ,
3302 4827 3397 4880 καὶ
3444 4825 3554 4879 τῶν
3583 4825 3742 4880 αὐτοί

2161 4911 2594 4983 διαρπαγέντων,
2627 4912 2722 4964 καὶ
2767 4911 2867 4981 τῆς
2913 4910 3206 4981 ἐκκλησίας
3258 4908 3601 4981 διωχθέντος,
3655 4911 3743 4962 καὶ

2163 4996 2511 5067 ἐπιμένοντος
2538 4994 2797 5065 Θεοφίλου
2834 4998 2899 5067 τῇ
2937 4996 3139 5066 κακίᾳ,
3174 4996 3203 5048 6
3248 4995 3518 5066 Ἰσίδωρος
3544 4994 3613 5047 τά
3650 4994 3743 5062 τῆς

2161 5082 2390 5151 Νιτρίας
2436 5081 2537 5153 ὅρη
2599 5079 3026 5151 καταλαμϐάνει,
3066 5080 3188 5134 ὅθεν
3240 5080 3337 5135 καὶ
3376 5071 3446 5150 ἦν
3473 5077 3646 5133 ἐλθὼν
3686 5076 3756 5129 16

2162 5165 2444 5237 πρότερον.

2161 5276 2399 5347 Μείειίο.
2440 5275 2510 5347 Et
2546 5291 2678 5331 sane
2704 5292 2883 5347 neque
2907 5276 3190 5343 Baztanus‘,
3224 5291 3405 5347 neque
3433 5275 3746 5333 Poemenius

2169 5347 2227 5401 in
2259 5345 2518 5417 catalogis
2545 5345 2830 5417 apparent.

2239 5415 2310 5501 (ιτ)
2336 5413 2532 5501 Exstat
2560 5413 2648 5501 liii:
2676 5417 2918 5501 prolixus
2943 5415 3195 5489 Dialogus
3223 5417 3279 5473 in
3303 5415 3545 5474 editione
3569 5413 3746 5472 Maur.

2160 5484 2242 5555 Op
2287 5484 2299 5538 .
2333 5484 2726 5556 Chrysostomi.
3101 5484 3119 5489 '

2337 5555 2567 5639 §eilicet_
2591 5557 2875 5639 Higor'iam
2912 5558 3279 5639 ΙΑιιιεὶςιοαῃι..
3340 5634 3352 5639 _
3551 5626 3573 5639 -
3634 5626 3666 5639 Α.

2236 5626 2304 5698 (ε)
2346 5626 2424 5681 ita
2470 5628 2590 5683 cod.
2650 5628 2921 5695 Ὀρέντου,
2953 5627 3096 5694 quod
3140 5627 3426 5684 videbatur
3454 5641 3518 5683 ex
3551 5626 3751 5682 Latino
