4038 6154
259 377 376 421 LVII

262 490 379 548 tus,
414 486 477 536 et
516 478 629 550 ipse
667 492 885 550 quoque
927 479 1198 536 ethnicus.
1240 479 1629 538 Verumtamen
1675 479 1858 538 divina

265 573 446 646 gratia
489 580 846 642 compunctus
880 571 950 628 ad
978 571 1375 629 ecclesiasticos
1406 582 1708 630 conventus
1748 589 1862 630 ca-

1029 363 1116 419 DE
1155 363 1318 418 VITA
1353 362 1441 419 ET
1482 362 1758 425 EXSILIO
1792 368 1850 422 S.
1888 365 2174 425 JOANNIS
2211 368 2726 428 CIIIIYSOS’I'OMI.

3420 386 3550 428 ιγιη

1974 497 2081 553 que
2132 483 2432 551 dedecoris,
2479 501 2658 558 neque
2700 496 2899 553 metus,
2928 501 3106 558 neque
3145 484 3556 556 vituperationis

1969 572 2238 629 rationem
2270 575 2556 640 habentes,
2607 577 2979 648 episcopatum
3039 577 3139 631 sibi
3199 576 3422 632 concedi
3456 591 3555 631 vo-

265 665 356 736 pit
380 665 658 730 accedere,
682 672 739 719 et
768 663 1078 722 divinarum
1104 663 1511 736 Scripturarum
1541 665 1864 720 lectionibus
1968 665 2107 732 Iunt,
2144 682 2246 722 nos
2296 667 2392 722 Dei
2436 668 2614 722 timori
2644 684 2861 739 semper
2901 670 3282 738 obsequentes,
3326 667 3446 734 hos,
3495 683 3555 722 re

266 755 582 810 interesse:
618 769 753 824 quas
783 769 906 809 cum
953 755 1188 810 libenter
1233 757 1468 823 audiret,
1511 757 1701 812 harum
1741 773 1861 812 ma-

265 845 453 919 gistris
502 845 840 913 adbarebat,
897 847 1078 903 divina
1143 849 1484 920 providentia
1538 849 1858 906 illustratus.

262 937 467 994 Sancto
520 946 705 993 autem
754 946 1009 1008 suscepto
1051 939 1107 993 in
1150 941 1284 996 urbe
1312 941 1504 995 Amida
1527 941 1800 1011 baptismo
1828 957 1858 996 a

261 1030 487 1087 Batauo
512 1031 792 1102 episcopo,
823 1032 1004 1086 statim
1033 1032 1206 1088 lector
1244 1033 1523 1089 ordinatus
1551 1041 1632 1088 est
1661 1033 1858 1088 Antio-

259 1123 406 1183 chia
433 1138 464 1178 a
491 1122 774 1181 Pamenio
804 1123 922 1195 ejus
943 1124 1095 1181 urbis
1121 1125 1396 1196 episcopo.

330 1243 386 1296 2.
419 1242 489 1297 Et
512 1242 641 1311 quia
679 1242 794 1311 jam
823 1242 1054 1298 innuere
1090 1242 1357 1312 capimus
1411 1241 1480 1297 de
1517 1242 1651 1312 justi
1694 1243 1856 1314 hujus

258 1331 699 1394 insidiatoribus,
736 1331 932 1388 horum
963 1331 1206 1402 profecto
1252 1333 1506 1402 princeps
1535 1332 1636 1387 fuit
1672 1333 1854 1388 Eudo-

257 1422 349 1478 xia
399 1421 622 1477 Arcadii
678 1436 834 1488 uxor,
887 1421 1086 1477 deinde
1148 1430 1271 1492 post
1325 1421 1475 1476 illam
1515 1421 1854 1492 Theophilus

260 1513 604 1570 Alexandria
635 1514 943 1584 episcopus,
977 1522 1092 1568 tum
1127 1513 1377 1569 similiter
1419 1513 1764 1579 Severianus,
1797 1524 1853 1569 ct

260 1619 388 1658 cum
422 1619 490 1659 eo
517 1603 752 1659 Aeacius
797 1614 960 1674 atque
999 1605 1358 1676 Porphyrius;
1389 1605 1442 1660 hi
1473 1607 1692 1675 quidem
1733 1607 1851 1676 epl-

259 1696 415 1768 scopi
474 1711 540 1751 ac
584 1695 833 1753 nonnulli
882 1696 993 1762 alii,
1037 1697 1104 1751 de
1137 1696 1333 1766 quibus
1378 1706 1564 1766 postea
1606 1697 1852 1752 dicturus

259 1803 408 1844 sum.
443 1787 778 1860 Colloquitur
817 1797 1000 1842 autem
1052 1788 1195 1842 circa
1246 1789 1512 1843 Joannem
1550 1798 1606 1843 et
1641 1805 1762 1859 qua
1800 1789 1850 1844 ei

265 1889 578 1936 evenerunt
604 1881 802 1946 omnia,
825 1895 948 1934 cum
973 1878 1260 1934 Theodoro
1287 1895 1495 1950 magna
1522 1879 1708 1935 Roma
1733 1879 1851 1935 dia-

262 1984 426 2032 cono,
455 1968 537 2023 vir
563 1969 781 2038 quidam
811 1968 1142 2039 spectabilis,
1175 1969 1396 2024 nomine
1422 1969 1724 2036 Palladius;
1754 1970 1849 2041 qui

256 2061 497 2131 primum
524 2059 724 2115 deserti
749 2059 934 2115 multis
959 2059 1118 2115 annis
1142 2059 1336 2124 incola,
1360 2059 1618 2130 deinceps
1643 2061 1850 2131 episco-

253 2163 386 2224 patu
431 2154 489 2209 in
531 2152 780 2224 Bithynia
820 2160 1048 2208 ornatus
1098 2149 1221 2206 fuit.
1255 2151 1402 2206 Idem
1435 2152 1524 2206 hic
1551 2152 1848 2208 multorum

253 2258 474 2314 quoque
502 2242 728 2298 Patrum
755 2242 986 2299 virtutes
1023 2241 1347 2312 descripsit;
1395 2249 1450 2296 et
1487 2241 1613 2311 quia
1648 2241 1846 2298 Joanni

254 2335 538 2390 familiaris
564 2333 687 2401 fuit,
718 2333 950 2389 carceris
973 2349 1271 2388 arumnam
1291 2333 1572 2388 mensibus
1593 2335 1847 2390 undecim

252 2441 453 2498 passus
504 2433 590 2480 est
654 2425 712 2480 in
769 2423 1063 2478 tenebroso
1120 2423 1391 2478 cubiculo.
1463 2423 1598 2479 Volo
1662 2426 1846 2496 igitur,

255 2525 523 2588 quantum
555 2531 692 2571 meae
734 2515 1009 2571 facultatis
1051 2523 1155 2582 est,
1184 2530 1272 2570 res
1299 2515 1526 2570 Joannis
1555 2517 1709 2572 vobis
1749 2533 1849 2573 ex-

255 2621 484 2676 ponere.

323 2729 378 2784 5.
419 2726 662 2783 Joannes
691 2726 873 2797 itaque
911 2727 1050 2783 duro
1077 2726 1200 2784 vita
1224 2743 1441 2800 genere,
1474 2743 1583 2798 quo
1624 2730 1676 2782 in
1712 2729 1845 2784 urbe

255 2821 528 2885 utebatur,
566 2835 679 2875 non
709 2827 1022 2884 contentus,
1054 2819 1110 2874 in
1141 2820 1416 2890 proximos
1447 2829 1660 2876 montes
1690 2838 1845 2877 sece-

253 2915 410 2980 dens,
458 2914 530 2969 ibi
587 2913 804 2984 corpori
853 2912 1161 2968 edomando
1203 2913 1444 2968 studium
1473 2914 1841 2984 impendebat.

253 3005 358 3060 Sed
396 3005 546 3060 enim
575 3005 632 3059 in
661 3006 774 3061 imo
796 3012 991 3059 ventre
1010 3014 1303 3075 percussus
1341 3005 1558 3076 frigore,
1589 3021 1713 3060 cum
1743 3006 1845 3061 sibi

253 3096 568 3151 ministrare
599 3097 906 3152 necessaria
931 3111 1042 3151 non
1068 3103 1270 3166 posset,
1295 3111 1483 3150 rursus
1511 3096 1564 3149 in
1591 3095 1846 3151 Ecclesiae

251 3199 472 3258 portum
526 3204 586 3245 se
633 3189 856 3259 recepit,
889 3187 1070 3246 divina
1103 3204 1228 3244 eum
1262 3189 1543 3244 commode
1574 3189 1742 3260 gratia
1779 3190 1846 3246 ad

253 3281 308 3337 id
335 3282 481 3353 quod
511 3283 684 3354 magis
705 3285 958 3354 proderat
987 3285 1321 3356 perducente
1347 3302 1360 3338 :
1390 3283 1556 3354 litque
1584 3285 1847 3344 diaconus

253 3372 581 3438 Antiochia,
611 3373 726 3444 jam
750 3389 843 3429 ore
873 3375 991 3444 ejus
1028 3373 1350 3429 mirabiliter
1391 3382 1581 3428 contra
1609 3374 1847 3431 hareses

254 3471 580 3530 resonante;
611 3479 738 3518 mox
759 3472 814 3518 et
839 3464 1120 3536 presbyter
1146 3463 1515 3520 constituitur.
1549 3465 1846 3538 Denuoque

251 3571 435 3612 sermo
466 3556 574 3622 ille,
606 3555 718 3611 sale
741 3556 988 3612 conditus
1017 3554 1238 3628 (Coloss.
1271 3571 1344 3622 Iv,
1369 3555 1450 3628 6),
1492 3560 1846 3629 tempestivus

253 3663 391 3706 sane
429 3664 499 3704 ex
538 3664 636 3705 ore
678 3647 848 3719 ipsius
891 3648 1164 3719 prodibat,
1197 3649 1376 3720 primo
1405 3649 1626 3720 quidem
1655 3661 1844 3708 contra

254 3739 521 3810 superbos
547 3749 605 3794 et
625 3738 956 3811 irreligiosos
988 3754 1052 3795 ac
1081 3754 1382 3811 pauperum
1412 3755 1640 3809 osores;
1680 3752 1843 3813 atque

253 3832 309 3886 in
331 3830 418 3887 his
450 3831 785 3903 argumentis
811 3846 1141 3902 magnopere
1169 3833 1474 3888 exsultabat
1506 3843 1722 3900 orator;
1745 3836 1842 3890 ad-

252 3930 479 3992 eratque
533 3922 585 3977 ei
633 3922 1010 3992 quotidianum
1071 3924 1420 3990 auditorium,
1475 3936 1841 3984 concurrente

253 4012 504 4070 utilitatis
567 4028 682 4069 sua
744 4029 906 4069 causa
977 4016 1197 4085 populo,
1265 4017 1559 4086 cunctique
1609 4033 1734 4073 eum
1776 4019 1841 4072 li-

253 4106 448 4161 benter
480 4105 794 4178 audiebant,
838 4105 1190 4178 ejusdemque
1232 4107 1388 4164 dictis
1433 4124 1640 4164 morem
1687 4125 1830 4166 vere-

252 4197 404 4256 bant.

320 4317 378 4371 4.
405 4316 549 4371 Ecce
574 4323 758 4371 autem
778 4316 869 4374 illo
892 4324 1134 4387 tempore
1155 4318 1400 4390 conti-git,
1446 4328 1506 4375 ut
1539 4321 1609 4376 ab
1643 4321 1840 4376 huma—

249 4422 336 4463 na
363 4407 492 4462 vita
518 4407 826 4463 turbinibus
855 4407 1140 4464 Nectarius
1169 4411 1475 4477 decederet,
1525 4411 1841 4468 Constanti-

251 4497 515 4568 nopoleos
551 4497 842 4568 episcopus
865 4540 878 4566 ,
917 4513 984 4554 ac
1021 4500 1253 4570 proinde
1291 4502 1447 4557 multi
1478 4503 1842 4559 sacerdotium

251 4589 384 4645 illud
436 4589 832 4660 propemodum
885 4601 1279 4658 mercarentur,
1328 4609 1509 4664 neque
1565 4595 1841 4651 modicum

250 4679 538 4736 dissidium
568 4679 744 4736 ﬁeret.
781 4679 938 4736 Tunc
977 4678 1212 4737 Arcadio
1251 4681 1565 4752 imperatori
1613 4683 1842 4738 relatum

252 4770 353 4826 fuit
381 4770 451 4825 de
476 4769 703 4826 Joannis
731 4771 1045 4841 prastantia
1071 4787 1085 4823 :
1108 4772 1201 4842 qui
1231 4773 1413 4827 statim
1448 4773 1517 4828 ad
1537 4773 1842 4830 Antiochia

253 4862 574 4934 prafectum
604 4863 839 4936 scripsit,
865 4871 926 4919 ut
955 4865 1160 4936 absque
1185 4865 1417 4936 strepitu
1445 4865 1554 4920 ullo
1576 4865 1840 4922 Joannem

251 4953 320 5013 ad
342 4967 403 5009 se
437 4953 700 5022 mitteret,
753 4969 952 5011 cavens
987 4971 1058 5011 ne
1087 4955 1171 5012 vel
1214 4954 1393 5027 ipsum
1432 4955 1710 5012 hominem
1756 4957 1842 5012 vel

251 5045 652 5100 Antiochenam
682 5046 958 5104 civitatem
987 5049 1249 5104 turbaret.
1282 5047 1407 5104 Fuit
1441 5057 1625 5104 autem
1655 5063 1841 5104 exem-

253 5135 372 5206 plar
415 5136 660 5206 epistola
697 5138 847 5195 hoc:
886 5157 906 5192 ο
941 5139 1204 5195 Arcadius
1230 5149 1510 5212 augustas,
1548 5139 1836 5212 gloriosus,

252 5227 455 5285 Victori
493 5230 724 5300 patricio
751 5238 808 5286 et
832 5231 1090 5301 prafeeto
1114 5231 1353 5288 Orientis
1381 5233 1498 5290 hac
1525 5233 1612 5290 aio
1651 5250 1664 5286 :
1697 5232 1839 5299 Quia

252 5323 501 5378 nonnulli
552 5323 724 5394 inepti
769 5323 965 5381 inscite
992 5324 1247 5380 videntur
1268 5340 1617 5390 concurrere,
1657 5335 1714 5382 et
1740 5341 1840 5382 ne-

251 5507 500 5579 Qrieutis.
529 5510 767 5566 Pronius
791 5511 924 5566 mihi
953 5519 1072 5568 erat
1098 5513 1338 5568 scribere
1368 5513 1640 5579 Ὀρόντου,
1673 5511 1726 5568 id
1755 5520 1841 5568 est

254 5575 487 5635 Orontis.
537 5579 650 5636 Sed
681 5583 958 5637 insolitum
998 5581 1104 5650 hoc
1127 5582 1416 5638 videbatur
1435 5575 1446 5584 ’
1465 5575 1659 5650 (vulgo
1696 5584 1840 5650 apud

249 5653 838 5724 auctores_a'§patjrn7hc
864 5651 966 5722 τῆς
1005 5647 1292 5724 Ἀνᾳτολῆς
1329 5653 1411 5708 vel
1443 5647 1839 5724 τῆς”1νῖῳ).ὒω-

254 5721 478 5793 teroqui
494 5720 772 5777 Palladius
819 5720 1033 5793 quoque
1068 5723 1200 5779 dicit
1232 5720 1522 5779 Arcadium
1553 5720 1836 5793 scripsisse

251 5797 315 5851 ad
340 5791 701 5862 prafectum;
733 5793 828 5846 sed
853 5791 1253 5865 alii’biographi
1282 5794 1346 5847 ad
1368 5791 1684 5848 Flavianum
1714 5793 1832 5864 epi-

1969 772 2082 810 non
2122 757 2432 828 impetrata,
2467 757 2816 812 dimittimus.
2871 759 2988 813 Tibi
3049 768 3230 812 autem
3261 758 3363 812 hac
3401 774 3553 814 sacra

1966 849 2192 918 epistola
2233 859 2420 904 nostra
2443 849 2718 920 pracipio,
2752 857 2813 904 ut
2837 865 2960 903 cum
2991 850 3138 904 omni
3171 850 3554 920 tranquillitate

1965 940 2149 996 mittas
2198 941 2305 996 huc
2351 941 2615 997 Joannem
2652 943 3051 1014 presbyterum,
3084 943 3215 1012 quin
3257 959 3371 998 rem
3407 943 3554 1013 quis-

1965 1047 2127 1102 quam
2165 1033 2471 1088 Antiochia
2521 1035 2828 1104 suspicetur
2867 1043 2962 1090 aut
2989 1035 3206 1089 sentiat.
3233 1033 3389 1100 Quod
3418 1034 3474 1089 si'
3497 1044 3551 1090 tu

1963 1125 2281 1180 mandatum
2307 1125 2521 1197 egregie
2552 1125 2872 1196 perfeceris,
2900 1141 3168 1181 summam
3188 1141 3220 1180 a
3248 1126 3405 1181 nobis
3435 1126 3552 1180 lau-

1963 1216 2089 1272 dem
2119 1217 2343 1273 referes.
2375 1237 2395 1270 ι
2429 1218 2524 1273 His
2559 1218 2713 1274 lectis
2740 1218 3032 1288 prafectus
3061 1218 3326 1272 Joannem
3359 1217 3554 1272 invitat

1963 1315 2024 1362 ut
2052 1317 2202 1364 extra
2227 1308 2282 1362 in
2303 1307 2579 1364 suburbiis
2603 1309 2838 1373 adesset,
2863 1322 3024 1378 quem
3048 1322 3175 1362 mox
3204 1305 3257 1360 in
3282 1305 3553 1375 publicam

1961 1399 2186 1455 rhedam
2219 1400 2555 1470 impositum,
2599 1399 2724 1457 data
2767 1399 2930 1454 etiam
2975 1399 3190 1463 lectica,
3237 1397 3552 1452 Constanti-

1959 1487 2200 1559 nopolim
2227 1488 2412 1543 mittit.
2438 1487 2743 1558 Statimque
2766 1486 3052 1543 ordinatur
3073 1487 3379 1556 cpiscopus,
3406 1489 3553 1539 crat-

1957 1597 2064 1651 que
2095 1579 2356 1636 facultate
2386 1581 2615 1637 docendi
2647 1579 3137 1650 splendidissimus,
3171 1577 3553 1633 immisericor-

1957 1672 2056 1730 des
2083 1673 2280 1729 divites
2301 1674 2522 1743 Deoque
2562 1674 2802 1744 ingratos
2839 1671 3113 1725 liberrime
3139 1683 3390 1740 arguens.
3420 1667 3553 1734 Qua

1956 1763 2139 1817 omnia
2191 1762 2632 1818 dissolutioribus
2681 1759 2996 1816 hominibus
3041 1758 3345 1812 molestiam
3401 1771 3550 1811 crea-

1955 1852 2106 1906 bant.

2027 1943 2081 1998 5.
2111 1943 2278 1999 Porro
2310 1943 2625 1998 indesinens
2657 1942 2855 1997 diaboli
2892 1941 3092 2000 invidia
3150 1940 3330 1997 olIicio
3359 1955 3549 1996 rursus

1953 2035 2176 2105 proprio
2205 2033 2388 2088 functa
2416 2041 2518 2088 est.
2557 2033 2771 2089 Etenim
2815 2032 3158 2089 Alexandria
3195 2049 3310 2088 rem
3350 2034 3546 2103 hujus-

1955 2127 2099 2182 modi
2148 2123 2263 2180 ﬁeri
2319 2123 2542 2195 contigit
2584 2139 2598 2176 :
2641 2137 2842 2194 nempe
2881 2121 3224 2178 Theodotem
3273 2123 3546 2179 Theodori

1955 2214 2204 2286 pratoris
2244 2229 2489 2270 sororem
2529 2213 2677 2268 mille
2719 2228 2976 2268 nummos
3017 2213 3148 2268 dare
3179 2213 3386 2268 Isidoro
3421 2229 3548 2282 pre-

1954 2306 2172 2378 sbytero
2222 2313 2279 2361 et
2325 2305 2469 2376 apud
2511 2304 2758 2360 eamdem
2796 2302 3085 2358 ecclesiam
3129 2302 3406 2372 hospitum
3459 2317 3545 2357 ex-

1952 2398 2181 2469 ceptori,
2211 2405 2272 2454 ut
2304 2396 2634 2467 pauperibus
2659 2395 3032 2450 distribueret.
3074 2392 3175 2448 Hic
3214 2409 3344 2448 vero
3377 2393 3547 2448 Isido-

1950 2505 2046 2544 rus
2069 2495 2292 2544 sanctus
2321 2488 2406 2543 vir
2435 2495 2553 2543 erat
2580 2494 2638 2541 et
2663 2485 2955 2550 discretus,
2985 2500 3148 2554 quem
3183 2484 3376 2540 beatus
3405 2500 3542 2555 papa

1950 2581 2282 2638 Athanasius
2329 2581 2704 2652 presbyterum
2758 2577 2984 2632 fecerat.
3031 2577 3152 2632 Jam
3206 2592 3338 2632 vero
3405 2591 3544 2647 papa

1953 2672 2312 2743 Theophilus,
2337 2688 2398 2727 re
2427 2671 2660 2742 cognita,
2692 2668 3017 2724 accersitum
3043 2667 3309 2723 Isidorum
3329 2668 3396 2722 de
3413 2681 3545 2721 auro

1951 2764 2256 2818 sciscitatus
2280 2771 2384 2818 est.
2428 2762 2528 2816 Hic
2555 2761 2762 2832 liquido
2787 2760 3072 2815 veritatem
3107 2758 3394 2814 confessus
3424 2758 3498 2814 ait
3526 2775 3539 2810 :

1958 2875 1976 2906 ‹
2013 2854 2354 2908 Theodotem
2383 2869 2504 2924 qua
2537 2853 2780 2917 dederat,
2814 2866 2872 2906 se
2910 2851 3209 2920 adjurasse,
3251 2852 3544 2922 quominus

1951 2945 2005 3001 id
2045 2945 2140 2999 tibi
2192 2945 2480 3008 traderem,
2519 2943 2612 2998 sed
2643 2941 2930 3014 egentibus
2977 2941 3159 3012 potius
3198 2941 3541 3014 impertirer:

1950 3037 2142 3091 melior
2165 3045 2248 3090 est
2277 3037 2445 3100 enim,
2471 3036 2565 3102 ait,
2591 3034 2972 3097 beneficentia,
3000 3049 3160 3104 quam
3193 3033 3281 3088 illa
3307 3049 3427 3104 qua
3449 3047 3546 3086 vos

1950 3126 2233 3182 exstruitis
2281 3126 2530 3183 adiﬁeia.
2581 3146 2598 3178 ι
2643 3125 2743 3180 Hic
2799 3142 2930 3181 vero
2971 3125 3252 3180 iracundia
3307 3125 3542 3186 furebat,

1950 3219 2207 3275 dentibus
2234 3219 2497 3275 adversus
2522 3219 2787 3276 lsidorum
2820 3217 3156 3274 infrendens.
3187 3218 3234 3271 A
3261 3232 3544 3272 communi

1951 3324 2081 3379 ergo
2102 3309 2258 3364 hoste
2285 3319 2589 3364 commotus
2618 3309 2956 3376 Theophilus
2985 3307 3204 3377 scripsit
3230 3316 3420 3361 contra
3447 3308 3543 3360 ah-

1951 3402 2133 3457 batem
2171 3399 2440 3456 Isidorum
2489 3399 2804 3456 Sodomitici
2848 3397 3034 3468 ﬂagitii
3072 3397 3543 3463 criminationem,

1949 3492 2108 3562 eique
2135 3493 2201 3548 ad
2228 3508 2287 3548 se
2309 3499 2502 3548 vocato
2522 3491 2657 3546 dixit
2685 3508 2698 3544 :
2733 3512 2752 3544 ι
2789 3492 2994 3547 Isidore
3023 3489 3214 3553 abbas,
3241 3490 3544 3544 chartulam

1950 3583 2091 3637 hanc
2113 3582 2262 3638 dedit
2289 3583 2422 3637 mihi
2448 3582 2664 3652 quidam
2689 3583 2951 3637 adversus
2973 3589 3059 3646 te;
3098 3595 3288 3635 verum
3320 3595 3420 3651 ego
3441 3596 3542 3651 per

1947 3676 2118 3730 multa
2154 3675 2464 3740 distractus,
2496 3674 2754 3729 oblivioni
2787 3673 3133 3737 tradideram,
3174 3686 3324 3726 nunc
3359 3681 3541 3726 tamen

1948 3766 2105 3821 aliam
2149 3781 2401 3836 quarens
2454 3765 2778 3829 chartulam,
2825 3766 2966 3820 hanc
3017 3762 3375 3835 deprehendi,
3421 3777 3542 3833 qua

1947 3863 2083 3918 mihi
2125 3862 2526 3918 accusationem
2562 3863 2656 3918 tibi
2685 3863 2976 3934 irrogatam
3022 3861 3077 3915 in
3117 3869 3358 3916 mentem
3388 3876 3541 3916 revo-

1947 3951 2109 4004 cavit.
2150 3968 2169 4000 ι
2213 3949 2506 4020 Cuijustus
2530 3951 2618 4005 ille
2640 3951 2724 4005 vir
2761 3950 3120 4022 respondens,
3147 3950 3220 4004 ait
3255 3969 3269 4004 :
3308 3970 3326 4001 ι
3360 3951 3540 4004 Domi-

1947 4055 2018 4094 ne
2040 4055 2196 4110 papa,
2228 4049 2286 4095 tu
2321 4040 2540 4110 quidem
2563 4041 2763 4096 oblitus
2795 4056 2890 4107 es;
2921 4041 3015 4096 sed
3045 4049 3227 4095 tamen
3255 4051 3538 4095 accusator

1948 4129 2041 4185 ubi
2064 4130 2182 4185 est?
2215 4149 2233 4182 ›
2269 4132 2382 4198 Ille,
2422 4151 2441 4184 ι
2462 4131 2652 4197 Adest,
2688 4150 2706 4184 ι
2740 4132 3241 4201 inquit;vocatque
3271 4130 3542 4200 Theophi-

1947 4222 2034 4278 lus
2054 4239 2296 4279 sororem
2355 4240 2533 4292 suam,
2595 4233 2652 4280 et
2715 4223 2784 4280 de
2849 4225 3116 4281 instructa
3183 4221 3540 4295 sycophantia

1949 4321 2156 4370 monet.
2225 4316 2318 4370 Illa
2368 4317 2436 4371 ad
2496 4317 2715 4372 viduam
2771 4316 3061 4385 quamdam
3126 4316 3324 4386 pergit,
3382 4313 3542 4383 eique

1948 4408 2198 4478 pecunia
2248 4417 2457 4464 cet-tum
2508 4425 2799 4464 numerum
2845 4409 3029 4470 tradit,
3079 4415 3142 4463 ut
3173 4407 3343 4462 lilium
3383 4421 3542 4460 suum

1949 4500 2018 4554 ad
2041 4499 2485 4555 calumniandum
2512 4499 2720 4554 Isidoro
2745 4500 3026 4554 subornet.
3050 4497 3178 4553 IIac
3202 4508 3384 4551 autem
3427 4511 3540 4551 rem

1949 4600 2118 4648 totam
2150 4591 2358 4647 Isidoro
2377 4591 2584 4662 pandit,
2611 4591 2910 4644 ostendens
2945 4589 3107 4642 simul
3139 4603 3260 4656 qua
3297 4587 3542 4656 accepis-

1950 4694 2034 4740 set
2057 4684 2219 4740 dona.
2247 4682 2416 4754 Igitur
2443 4680 2609 4735 abbas
2638 4679 2878 4734 Isidorus
2903 4677 3169 4732 innocens
3197 4683 3254 4730 et
3277 4675 3544 4730 immacu-

1949 4774 2113 4840 latus,
2143 4769 2617 4838 hac,-tentationis
2667 4782 2848 4830 causa,
2894 4775 3051 4838 capta
3097 4764 3368 4830 mercede,
3413 4764 3544 4819 dum

1949 4865 2286 4935 TheOphilus
2345 4863 2542 4918 falsum
2594 4861 2862 4933 judicium
2921 4859 3138 4915 auferre
3201 4865 3397 4929 negat,
3474 4857 3544 4912 ab

1949 4957 2132 5026 iniqua
2163 4954 2513 5029 sycophantia
2545 4953 2871 5018 recedendo,
2898 4949 3254 5008 intolerandis
3273 4949 3544 5020 impositis

1947 5049 2004 5104 in
2061 5047 2254 5105 faciem
2301 5047 2641 5111 verberibus,
2688 5053 2746 5100 et
2788 5051 3126 5110 cruentatus,
3167 5041 3282 5097 suis
3325 5056 3540 5111 quoque

1948 5141 2113 5196 rebus
2147 5139 2429 5210 spoliatus,
2465 5146 2521 5193 et
2549 5135 2778 5194 ecclesia
2803 5135 3032 5206 ejectus,
3068 5137 3454 5204 perseverante
3481 5129 3536 5184 in

1947 5249 2047 5289 sua
2076 5233 2280 5288 malitia
2308 5231 2635 5302 Theophila,
2673 5230 2741 5285 ad
2775 5227 2962 5288 Nitria
2990 5234 3205 5282 montes
3233 5223 3380 5279 unde
3410 5221 3538 5278 olim

1948 5327 2241 5382 advenerat
2267 5325 2527 5395 perrexit.

2291 5579 2477 5651 chv_t_x
2506 5573 2786 5651 usyavigu,
2822 5573 2988 5651 quod
3013 5584 3114 5651 ego
3158 5585 3270 5651 non
3299 5562 3534 5651 0395339.

1945 5628 2288 5774 Antiochiam
2303 5628 2540 5718 quidem
2555 5628 2887 5716 appellatam
2913 5628 3187 5698 interdum
3215 5628 3537 5704 Μεγαλόπο-

1982 5739 2028 5773 ιν
2053 5735 2278 5774 scimus.

1982 5739 2028 5773 ιν
2053 5735 2278 5776 setmus.
