4038 6154
531 336 620 374 LIX

603 441 678 499 ς’.
710 435 820 489 Καὶ
852 434 1041 490 τούτου
1071 437 1165 490 τοῦ
1215 439 1390 508 βιαίου
1444 442 1760 512 γενομένου.
1796 441 2112 511 ἀπέστησαν

528 520 579 571 οὶ
610 518 712 590 τῆς
736 519 1008 587 Αἰγύπτου
1036 521 1324 576 ἐπίσκοποι
1345 525 1438 577 τὸν
1467 525 1698 596 ἀριθμὸν
1729 525 1892 591 ἐπτά,
1940 523 2116 578 Ἰωάν-

529 621 628 674 νης
684 603 1029 673 Τερνούθεος,
1077 605 1327 678 Ζώσιμος
1381 609 1703 683 Σεθροήτου,
1768 609 2113 678 Ἀλέξανδρος

543 686 894 758 Ὀξυρύγχου,
943 690 1248 762 Χαιρήμων
1303 693 1613 761 Πελουσίου,
1667 695 1866 758 Νόννος
1927 690 2112 762 Ἀθρί-

529 770 673 833 ϐεος,
737 771 1048 844 Δουλκήτης
1082 774 1383 845 Παράλεος,
1443 777 1734 849 Σαραπίων
1779 780 1876 848 τῆς
1911 775 2109 838 Πανός⁹

528 853 736 923 Λιϐύης
765 854 821 907 δέ
846 859 1016 928 τρεῖς,
1038 857 1329 922 Λουκιανὸς
1350 861 1724 932 Παραιτονίου,
1747 861 2114 932 Κλημεντῖνος

529 938 925 1008 Μαρμαρικῆς,
982 941 1172 1010 Μηνᾶς
1212 943 1443 1014 Δάρνης.
1499 945 1608 999 Καὶ
1659 945 1910 1016 κληρικοὶ
1963 943 2117 995 Ἀλε-

531 1020 814 1091 ξάνδρείας
843 1023 933 1074 τὺν
961 1023 1193 1094 ἀριθμὸν
1241 1028 1437 1092 εἴκοσι,
1486 1029 1720 1082 διάκονοι
1749 1029 1844 1082 καὶ
1873 1029 2116 1098 πρεσϐύ-

529 1119 700 1174 τεροι.
738 1106 1100 1177 Συναχθέντες
1136 1105 1229 1162 οὖν
1281 1111 1519 1177 ἅπαντες
1571 1113 1664 1165 ἐπὶ
1713 1113 1773 1166 τὸ
1828 1114 1980 1175 αὐτὸ,
2020 1116 2115 1168 καὶ

533 1189 859 1258 ποιήσαντες
937 1191 1254 1264 καθαίρεσιν
1329 1196 1590 1267 Θεοφίλου
1666 1195 2113 1269 ἐγκληματικὴν,

533 1269 786 1341 ἔπεμψαν
809 1273 976 1344 αὐτὴν
1017 1277 1096 1338 εἰς
1135 1276 1353 1349 Ῥώμην
1392 1279 1718 1350 Ἰννοκεντίῳ
1744 1278 1822 1350 τῷ
1843 1280 2019 1352 πάπᾳ,
2049 1280 2114 1338 ἶν’

534 1354 703 1424 αὐτὴν
730 1357 913 1430 πράξῃ
965 1358 1286 1424 καθολικῶς.
1328 1361 1627 1432 Ἦσύχαςεν
1681 1363 1738 1416 δέ
1784 1365 1812 1417 ὁ
1849 1364 2118 1437 Ἰσίδωρος

532 1437 592 1491 ἐν
624 1437 702 1509 τῷ
724 1439 822 1509 τῆς
851 1441 1079 1513 Νιτρίας
1116 1443 1253 1515 ὄρει,
1289 1444 1418 1500 ἔνθα
1455 1442 1523 1517 ἦν
1563 1448 1811 1518 ἀσκήσας
1841 1449 1906 1501 ἐκ
1929 1448 2120 1520 νεότη-

533 1537 625 1604 τος
649 1521 836 1589 αὑτοῦ,
875 1526 1217 1594 ἐντυγχάνων
1245 1527 1322 1598 τῷ
1369 1529 1547 1582 πάντα
1574 1531 1840 1601 ἐφορῶντι
1878 1532 2017 1604 Θεῷ.
2057 1535 2117 1586 '0

535 1603 592 1657 δέ
624 1604 879 1675 Θεόφιλος
908 1611 1094 1680 μαθὼν
1119 1612 1216 1683 τὴν
1250 1613 1546 1683 γενομένην
1576 1613 1724 1683 αύτῷ
1754 1614 1858 1668 ὑπὸ
1888 1615 1995 1669 τῶν
2021 1618 2120 1670 αὐ-

535 1688 630 1838 ·ἒοῦ
664 1691 1000 1765 καθαίρεσιν,
1037 1695 1304 1768 ἐπυροῦτο
1359 1697 1456 1750 καὶ
1505 1697 1751 1769 διηπόρει
1795 1698 1848 1750 τί
1883 1699 2118 1772 διαπρά-

573 1789 715 1838 ηται.

573 1789 715 1842 ηται.

610 1855 675 1918 ξ’.
731 1857 1032 1930 Δεξάμενος
1078 1861 1134 1914 δὲ
1178 1863 1519 1928 Ἰννοκέντιος
1557 1865 1584 1915 ὁ
1616 1865 1807 1926 πάπας
1850 1863 1949 1934 τὴν
1983 1865 2124 1918 κατά

537 1936 794 2006 Θεοφίλου
825 1942 1164 2013 καθαίρεσιν,
1195 1946 1289 1997 καὶ
1316 1947 1578 2016 κινηθεὶς,
1597 1945 1798 2016 γράφει
1829 1947 1980 2017 αὐτῷ
2002 1948 2126 2000 ἐπι-

539 2023 740 2094 στολὴν·
761 2025 1119 2096 περιέχουσαν
1161 2026 1369 2092 οὕτως·
1404 2049 1422 2081 ι
1469 2030 1811 2092 Ἰννοκέντιος
1864 2031 2126 2102 πρόεδρος

534 2106 634 2176 τῆς
685 2107 946 2179 μεγίστης
1008 2110 1226 2182 Ῥώμης
1276 2112 1517 2182 Θεοφίλῳ
1573 2112 1784 2182 ἀδελφῷ
1813 2129 1830 2145 ο
1876 2113 2126 2167 Ἤκουσά

536 2206 658 2242 τινα
701 2190 971 2261 γενόμενα
1014 2194 1168 2264 παρά
1217 2193 1309 2247 σοῦ
1355 2195 1590 2261 ἀναξίως
1623 2195 1979 2266 πραχθέντα,
2033 2196 2124 2249 καὶ

538 2273 818 2341 κατέγνων
858 2293 973 2339 σου,
1021 2278 1211 2350 ὅτιπερ
1242 2278 1602 2348 τυραννικῶς,
1648 2279 1744 2331 καὶ⁵
1764 2280 1823 2331 οὐ
1857 2279 2120 2350 νομίμως.

540 2353 613 2408 Ἦ
650 2358 950 2422 κανονικῶς
976 2359 1181 2428 διάγειν
1210 2362 1268 2415 ἐν
1303 2364 1418 2424 τοῖς
1446 2361 1919 2431 ἐκκλησιαστικοῖς
1962 2363 2122 2432 θέλη-

414 2463 436 2482 ~
541 2455 664 2503 σον,
712 2441 806 2494 καὶ
856 2442 1251 2513 διορθώσασθαι
1301 2445 1373 2497 τά
1421 2445 1806 2515 ἀπανθρώπως
1839 2446 1991 2518 παρὰ
2027 2445 2122 2500 σοῦ

434 2555 460 2581 κ..
539 2524 902 2594 γεγενημένα.
940 2526 1265 2580 Ἰκανούσθω
1286 2525 1598 2581 παύσασθαί
1627 2528 1812 2592 σε,ἴνα
1845 2527 1918 2598 μὴ
1942 2528 2124 2601 ἀθροί-

441 2643 455 2664 ,
543 2606 734 2669 σαντός
765 2625 864 2676 μου
902 2609 1253 2674 ἐπισκόπους,
1279 2611 1311 2680 ἡ
1345 2611 1526 2681 κρίσις
1558 2628 1617 2664 σε
1644 2612 2125 2666 καταδικάσειάδί-

444 2726 452 2734 .
544 2706 656 2751 κως
688 2689 995 2761 πράξαντα.
1031 2711 1048 2745 ι
1097 2693 1152 2747 Ὀ
1188 2693 1244 2746 δέ
1283 2695 1609 2766 ἀντιγράφει
1643 2695 1791 2766 αὐτῷ
1821 2697 1914 2749 καὶ
1960 2696 2124 2760 αὐτὸς

422 2811 432 2823 .
543 2770 743 2824 ταῦτα·
800 2792 818 2824 ι
859 2773 1117 2844 Θεόφιλος
1150 2776 1445 2841 ἐπίσκοπος
1497 2779 1590 2832 τὸν
1634 2779 1864 2851 Μάρκου
1921 2779 2120 2832 διέπων

437 2902 445 2910 .
545 2853 733 2925 θρόνον
780 2856 1101 2928 Ἰννοκεντίῳ
1124 2856 1280 2929 πάπᾳ
1323 2859 1538 2932 Ῥώμης
1559 2876 1571 2889 ·
1619 2861 1760 2929 Ἐγὼ
1787 2863 1847 2914 οὐ
1876 2861 2122 2932 παύομαι

434 2982 448 2990 .
543 2938 672 3001 τοὺς
721 2941 784 3010 τῇ
840 2941 1134 3014 Ἐκκλησία
1167 2943 1615 3008 ἐπιϐουλεύοντας
1663 2945 2022 3016 ἀμυνόμενος.
2057 2947 2122 2999 Et

443 3040 457 3052 -
543 3020 603 3074 δέ
631 3022 739 3075 τῶν
767 3023 916 3094 ἐμῶν
945 3025 1155 3097 ἐχθρῶν
1186 3027 1282 3091 τὰς
1303 3027 1634 3100 κατηγορίας
1662 3027 1814 3100 δέχῃ.
1859 3028 2123 3100 μηδαμῶς

547 3105 752 3174 κρίνων
778 3106 848 3160 τά
879 3111 1010 3180 παρ’
1043 3109 1240 3173 αὐτῶν,
1266 3111 1381 3164 ἀλλ’
1419 3111 1799 3182 ἀδοκιμάστως
1822 3112 2121 3184 ἀποφαίνῃ.

547 3188 734 3258 Κάμοί
781 3192 918 3244 εἰσιν
969 3193 1324 3261 εύαγγελικοῦ
1380 3192 1570 3265 θρόνου
1625 3195 1986 3266 περιϐλεψία,
2029 3189 2124 3248 κᾶὶ

548 3271 735 3336 πόλεις
776 3274 1018 3347 ἀπείρων
1069 3278 1416 3330 ἐπισκόπων·
1472 3278 1567 3331 καὶ
1618 3279 1854 3344 συνάξας
1902 3280 2121 3345 αὐτοὺς,

548 3355 939 3428 ἀντιτάσσομαί
970 3377 1051 3412 σοι
1069 3361 1164 3412 καὶ
1193 3361 1646 3431 καταψηφίσομαι
1669 3363 1765 3432 τῆς
1799 3363 1898 3432 σῆς
1928 3379 2126 3433 συναρ-

549 3439 755 3508 παγῆς.
796 3441 1046 3510 "EMch
1098 3443 1405 3511 μετανοῶν·
1441 3445 1491 3496 εἰ
1522 3443 1579 3496 δέ
1616 3445 1714 3516 μὴ,
1760 3444 1972 3515 ἔρρωσο
1996 3444 2126 3496 δυσ-

548 3539 749 3592 τυχων.
789 3541 809 3572 ›

621 3611 690 3674 η’.
715 3603 1019 3676 Δεξάμενος
1051 3607 1109 3661 δέ
1137 3607 1312 3663 ταῦτα
1341 3611 1369 3663 ὁ
1400 3609 1587 3674 πάπας
1633 3611 1996 3675 ’ῐννοκέντιος,
2027 3613 2122 3665 καὶ

551 3688 785 3753 συνάξας
833 3689 1040 3754 πάντας
1072 3692 1199 3754 τοὺς
1236 3694 1568 3758 ἐπισκόπους
1609 3693 1869 3759 Ἰταλίας,
1925 3695 2128 3766 ἔπραξε

549 3772 650 3842 τὴν
683 3772 1002 3842 καθαίρεσιν
1057 3774 1346 3842 Θεοφίλου,
1381 3778 1557 3848 ἥνπερ
1602 3780 1651 3832 οί
1695 3778 1982 3846 Αἰγύπτιοι
2023 3781 2130 3832 ἀπ-

551 3853 828 3906 έστειλαν·
862 3855 1092 3921 ἕκαστος
1123 3858 1230 3912 τῶν
1293 3859 1365 3929 (ί.
1400 3861 1466 3916 70
1491 3862 1539 3929 b)
1585 3862 1798 3915 Ἰταλῶν
1835 3862 1940 3932 ἰδίᾳ
1978 3863 2125 3932 φωνῇ

553 3935 797 3990 καθελὼν
848 3939 1008 3992 αὐτόν
1027 3957 1040 3971 ο
1070 3940 1259 4011 ἥντινα
1287 3942 1467 4013 ψῆφον
1503 3944 1844 4007 Ἰννοκέντιος
1875 3945 2128 3998 ἀπέστει-

551 4018 644 4072 λεν
691 4021 910 4095 Ἰωάννῃ
939 4023 1016 4095 τῷ
1035 4026 1451 4097 ἀρχιεπισκόπῳ
1480 4027 2123 4093 Κωνσταντινουπόλεως.

565 4102 624 4156 '0
673 4103 731 4158 δὲ
775 4105 843 4159 τὰ
874 4107 1198 4178 διαφέροντα
1250 4109 1396 4179 αὐτῷ
1449 4109 1690 4179 κλίματα
1740 4109 1817 4180 (a)
1873 4110 2126 4186 συνάξας,

554 4186 835 4252 ὑπέδειξεν
869 4191 968 4261 τὴν
993 4191 1316 4260 καθαίρεσιν
1342 4191 1624 4258 Θεοφίλου,
1673 4193 1768 4245 καὶ
1815 4193 2014 4256 πάντες
2048 4196 2128 4256 εἰς

554 4269 726 4341 αὐτὴν
755 4272 1108 4343 ὑπέγραψανο
1142 4273 1232 4326 καὶ
1258 4273 1395 4344 μετά
1422 4274 1577 4326 τοῦτο
1608 4276 1830 4348 ἐπεδόθη
1861 4277 2127 4348 Ἀρκαδίῳ

553 4353 635 4423 τῷ
664 4355 889 4424 βασιλεῖ.
925 4353 1031 4410 Ἦν
1062 4358 1118 4411 δὲ
1147 4359 1246 4428 τῆς
1285 4359 1655 4432 καθαιρέσεως
1695 4360 1755 4413 τὸ
1796 4361 2128 4433 ἀντίγραφον

553 4434 714 4490 τοῦτο
731 4455 742 4468 ·
768 4456 786 4490 ι
819 4438 883 4490 Ἡ
912 4439 1052 4493 κατά
1075 4440 1173 4512 τὴν
1202 4441 1428 4496 Ἰταλίαν
1447 4442 1628 4513 χάριτι
1654 4442 1788 4497 Θεοῦ
1807 4444 2130 4514 συναχθεῖσα

554 4522 732 4576 εἵτουν
761 4524 1087 4578 συνελθοῦσα
1144 4525 1392 4590 σύνοδος,
1449 4526 1566 4597 ἅμα
1599 4526 1678 4598 τῷ
1727 4528 1947 4598 μεγάλῳ
1994 4543 2130 4597 προ-

555 4605 695 4677 έδρῳ
733 4607 833 4678 τῆς
863 4607 1071 4681 Πέτρου
1107 4609 1501 4680 μεγαλωτάτης
1524 4610 1815 4680 καθέδρας,
1864 4610 2130 4680 Ἀρκαδίῳ

557 4690 783 4760 βασιλεῖ,
816 4693 909 4745 καὶ
951 4695 1174 4765 Ἰωάννῃ
1204 4694 1640 4765 ἀρχιεπισκόπῳ,
1672 4694 1897 4756 καὶτοῖς
1921 4693 2011 4745 ὑπ’
2036 4693 2133 4746 αὑ-

557 4773 647 4825 τὸν
684 4775 869 4828 πᾶσιν.
903 4776 977 4826 Οὑ
1005 4776 1212 4828 δίκαιον
1247 4779 1426 4842 τοῦτο,
1467 4779 1555 4831 ἵνα
1589 4777 1682 4830 ἐπὶ
1713 4777 1811 4847 τῆς
1843 4776 1944 4847 σῆς
1976 4777 2131 4829 εὐσε-

558 4855 688 4919 ϐοῦς
729 4857 1009 4926 βασιλείας
1041 4860 1070 4910 ό
1100 4859 1299 4928 Φαραὼ
1330 4860 1406 4929 τῷ
1430 4862 1602 4930 Μωσῇ
1635 4859 1972 4932 κατισχύσῃ,
2013 4860 2134 4914 ούδέ

560 4941 650 4993 ἵνα
669 4942 732 4993 τὸ
759 4940 911 5004 ἔθνος
933 4939 1025 4992 τοῦ
1052 4939 1188 4992 Θεοῦ
1218 4941 1278 4992 τὸ
1307 4943 1564 4996 ἐκλεκτὸν
1595 4943 1801 5013 πλίνθῳ
1833 4944 1928 4997 καὶ
1966 4944 2134 5008 λίθοις

562 5020 785 5093 βαρέσιν
806 5022 1116 5094 δαμάζηται
1138 5040 1150 5052 ·
1185 5022 1292 5075 οὐδ’
1321 5025 1354 5093 ή
1384 5023 1591 5092 μαγικὴ
1629 5025 1804 5093 πλάνη
1837 5028 1901 5096 τῇ
1942 5027 2137 5082 δακτυ-

560 5107 780 5178 λοθεσίᾳ
811 5107 906 5160 τοῦ
948 5107 1084 5160 Θεοῦ
1125 5107 1489 5179 ἀντιπράττῃ.
1550 5107 1702 5160 Ἐπεὶ
1753 5105 1845 5161 οὖν
1894 5109 2135 5184 Θεοφίλῳ

559 5189 734 5244 ταῦτα
754 5191 931 5244 πάντα
955 5190 1266 5260 πρόσεστιν,
1298 5191 1393 5244 καὶ
1419 5190 1662 5260 αἱμάτων
1686 5190 1877 5244 άθώων
1906 5191 2138 5261 ἐφάπτε-

561 5291 650 5327 ται
676 5275 772 5328 καὶ
813 5274 1037 5327 δικαίων
1056 5316 1070 5340 ,
1115 5275 1210 5328 καὶ
1237 5274 1334 5346 τὴν
1369 5275 1728 5346 εὐαγγελικὴν
1769 5274 1973 5348 ταύτην
1999 5279 2136 5332 καθ-

562 5357 724 5429 έδραν
750 5357 929 5422 ἀθέως
967 5358 1061 5411 καὶ
1100 5357 1466 5423 ἀκανονίστως
1496 5358 1801 5430 ἐνύϐρισεν,
1845 5361 2137 5432 συναχθέν-

561 5457 655 5504 τες
694 5442 790 5494 καὶ
824 5442 943 5496 κατ’
980 5442 1142 5497 αὑτὸν
1186 5442 1470 5515 κρίναντες
1508 5445 1946 5517 ἐπιχειρήματα.
1990 5445 2135 5518 άπερ

563 5526 613 5581 ut
639 5524 916 5595 Αἰγύπτου
955 5529 1049 5581 καὶ
1086 5527 1293 5600 Λιϐύης
1329 5529 1656 5597 ἐπίσκοποι,
1704 5530 1798 5584 καὶ
1844 5531 1944 5602 τῆς
1982 5531 2134 5584 Ἀλε-

636 5678 714 5744 (a)
734 5677 868 5735 Cod.
901 5679 1174 5752 κλήματα.

1696 325 2050 382 THEODORI
2088 324 2619 384 TRIMiTHUNTINI
3727 343 3805 382 ις

2222 439 2493 512 ξανδρέων
2534 439 2862 511 Ἐκκλησίας
2905 441 3159 512 κληρικοὶ
3209 439 3527 511 ὀδυρόμενοι
3567 437 3656 492 διά
3703 439 3810 494 τὸν

2222 524 2419 594 σεμνὸν
2447 524 2622 578 ἀϐϐἄν
2669 523 2934 595 Ἰσίδωρον
2961 525 3052 578 τὸν
3094 523 3464 594 πρεσϐύτερον
3491 561 3508 587 ,
3563 522 3622 575 ὃν
3657 539 3811 577 παν-

2219 607 2391 671 τοίαις
2423 609 2716 679 τιμωρίαις
2748 607 2997 662 ἐκδοῦναι
3027 608 3090 660 οὐ
3117 607 3513 679 παρῃτήσατο,
3555 606 3813 660 ἀνεδίδα-

2223 689 2318 754 ξαν
2335 707 2350 722 ο
2379 691 2566 744 τοῦτον
2609 690 2854 744 κελεύσει
2881 692 2977 744 καὶ
3005 689 3390 761 προστάγματι
3416 689 3490 761 (b)
3517 689 3611 742 τοῦ
3639 707 3812 761 κορυ-

2223 773 2382 842 φαίου
2416 774 2646 846 Πέτρου,
2678 775 2773 828 καὶ¹
2803 775 3083 844 σχήματος
3114 773 3207 828 καὶ
3243 772 3506 842 ὀνόματος
3545 772 3813 841 Θεόφιλον

2221 857 2428 929 ἔρημον
2485 859 2795 930 ἐστήσαμεν
2851 857 3014 911 αὑτὸν
3071 857 3296 921 πάντες.
3345 856 3698 928 Προστάξατε
3743 857 3813 910 δὲ

2220 939 2394 994 ταῦτα
2431 940 2667 1012 δημοσίᾳ.
2699 940 3060 1012 προτεθῆναι·
3106 941 3202 994 καὶ
3231 941 3358 1004 τοὺς
3387 940 3704 1004 διδάξαντας
3732 940 3813 994 τά

2221 1024 2344 1077 κατ’
2378 1023 2562 1089 αὑτὸν,
2597 1023 2688 1076 διά
2714 1022 2972 1077 λιϐέλλων
2998 1024 3282 1095 συστῆναι,
3312 1024 3400 1092 ἐφ’
3425 1017 3507 1085 οἷς
3527 1021 3808 1088 ἐδίδαξαν·

2222 1107 2318 1162 καὶ
2364 1109 2528 1162 αὑτὸν
2577 1108 2860 1179 ἀγώγιμον
2893 1108 2980 1162 ἐπ’
3020 1108 3361 1178 ἐγκλήμασιν
3387 1106 3671 1178 ἔρχεσθαι·
3707 1107 3813 1160 καὶ

2221 1193 2312 1246 τὸν
2345 1193 2427 1256 είς
2477 1191 2767 1262 πρόσωπον
2816 1190 2982 1245 αὐτοῦ
3020 1191 3119 1255 τάς
3151 1190 3476 1263 ἀποκρίσεις
3501 1190 3762 1243 ποιοῦντα
3790 1229 3808 1254 ,

2221 1275 2323 1346 τῆς
2375 1275 2580 1339 πόλεως
2631 1273 2943 1329 διώκεσθαι.
2994 1275 3107 1345 Τῆς
3154 1273 3262 1346 γὰρ
3310 1273 3529 1342 εὐλόγου
3569 1273 3810 1344 κρίσεως

2223 1359 2591 1430 ἀπροσκόπως
2624 1357 3034 1430 διατρεχούσης,
3057 1357 3456 1430 ἐφοραθήσεται
3485 1357 3580 1411 καὶ
3600 1358 3681 1418 εἰς
3711 1356 3812 1408 τὸν

2223 1443 2318 1498 τοῦ
2346 1445 2480 1498 Θεοῦ
2519 1445 2706 1516 νόμον,
2731 1446 2828 1500 καὶ
2867 1447 2948 1509 είς
2979 1445 3070 1498 τὸν
3098 1445 3206 1499 τῶν
3243 1442 3545 1516 ἀνθρώπων
3569 1444 3816 1515 διαμαρ-

2223 1529 2398 1598 τήσας
2436 1529 2714 1598 Θεόφιλος.
2755 1547 2774 1581 ι

2298 1611 2362 1665 θ’.
2410 1610 2469 1666 '0
2502 1611 2559 1664 δέ
2593 1611 2874 1683 Ἀρκάδιος
2905 1612 3197 1684 δεξάμενος
3240 1610 3339 1681 τὴν
3377 1608 3471 1664 τοῦ
3507 1609 3666 1664 πάπα
3710 1610 3812 1661 Ἰν-

2227 1695 2498 1749 νοκεντίου
2525 1695 2848 1768 αύθεντικὴν
2885 1696 3088 1766 ψῆφον,
3133 1694 3396 1767 πρότερον
3424 1692 3516 1746 τὸν
3549 1693 3650 1757 τὰς
3671 1695 3811 1746 ἀπο-

2225 1778 2438 1849 κρίσεις
2478 1777 2888 1847 Ἀλεξανδρείας
2921 1778 3183 1833 ποιοῦντα
3232 1775 3603 1849 πρεσϐύτερον
3653 1775 3808 1838 ὄντα,

2226 1860 2458 1928 ἐνέγκας
2489 1861 2726 1914 δέδωκεν
2751 1861 2898 1932 αὐτῷ
2929 1861 2997 1914 τά
3032 1863 3123 1915 ῖσα
3151 1861 3252 1931 τῆς
3277 1859 3648 1928 καθαιρέσεως
3679 1859 3815 1912 Θεοο

2227 1945 2408 2013 φίλου,
2460 1946 2554 1997 καὶ
2605 1946 2927 1999 ἀπέστειλεν
2967 1945 3129 1998 αὐτὸν
3171 1947 3251 2008 εἰς
3297 1942 3703 2012 Ἀλεξάνδρειαν
3748 1947 3812 1996 ἐν

2225 2027 2375 2101 πάσῃ
2424 2028 2639 2099 ἀτιμίᾳ,
2687 2026 2969 2098 γνωρίζων
3001 2029 3070 2082 τὰ
3100 2030 3279 2083 πάντα
3328 2029 3591 2100 Θεοφίλῳ.
3654 2030 3804 2082 ’05:).-

2224 2112 2410 2182 νηθεὶς
2433 2107 2548 2172 οὖν,
2574 2113 2670 2165 καὶ
2703 2112 2776 2182 μὴ
2807 2112 3100 2182 δυνάμενός
3123 2130 3177 2165 τι
3213 2113 3350 2183 πρὸς
3373 2114 3500 2175 τοὺς
3541 2113 3810 2182 ποιήσαν-

2223 2212 2321 2259 τας
2354 2196 2413 2249 τὸ
2441 2196 2681 2249 τοιοῦτον
2744 2197 2979 2267 πρᾶγμα
3016 2199 3098 2258 εἰς
3140 2196 3325 2260 αὐτὸν,
3351 2196 3442 2249 τὸν
3477 2197 3811 2266 ἀποκρισιάσ-

2228 2296 2343 2351 ριον
2389 2281 2447 2333 ἐν
2479 2279 2837 2350 δεσμωτηρίῳ
2866 2278 3098 2349 τίθησιν,
3145 2278 3325 2349 ζητῶν
3362 2280 3566 2351 βήματι
3604 2281 3809 2350 ἀρχονο-

2224 2363 2362 2432 τικῷ
2407 2363 2598 2416 τοῦτον
2669 2363 2885 2432 στῆσαι.
2948 2363 3088 2416 Ἀλλ’
3144 2363 3383 2435 ἐφοϐήθη
3438 2363 3502 2416 τὸ
3556 2364 3814 2420 τοσοῦτον

2225 2449 2480 2514 ποιῆσαι·
2527 2447 2622 2500 καὶ
2671 2446 2736 2517 δὴ
2782 2448 2926 2500 αἰτεῖ
2977 2448 3068 2499 τὸν
3116 2445 3356 2518 ἄρχοντα
3398 2446 3813 2518 Ἀλεξανδρείας

2224 2531 2408 2586 λαϐεῖν
2441 2530 2692 2602 βοήθειαν
2725 2530 3126 2603 στρατιωτικὴν
3148 2533 3290 2585 κατά
3314 2550 3474 2586 τινων
3504 2532 3663 2603 δῆθεν
3687 2550 3818 2586 στα-

2226 2615 2540 2679 σιαζόντων,
2567 2613 2636 2666 τά
2665 2615 3002 2685 μοναστήρια
3029 2613 3131 2684 τῆς
3167 2614 3444 2683 Αἰγύπτου
3476 2615 3816 2681 διαρπαζόν-

2222 2714 2331 2750 των
2351 2714 2363 2726 ·
2392 2699 2484 2749 καὶ
2503 2697 2682 2750 λαϐὼν
2705 2697 3091 2761 πεντακοσίους
3122 2698 3399 2761 ἐνόπλους,
3427 2698 3620 2762 νυκτὸς
3646 2700 3818 2769 ἐπέρ-

2227 2779 2380 2850 ριψεν
2413 2779 2492 2849 τῷ
2518 2779 2656 2849 ὄρει,
2688 2780 2782 2834 καὶ
2816 2780 3060 2850 βακλίζει
3095 2780 3328 2849 στερεῶς
3375 2781 3500 2843 τοὺς
3543 2783 3817 2851 μοναχοὺς

2222 2862 2349 2924 τοὺς
2371 2861 2699 2932 δεξαμένους
2727 2863 2818 2916 τὸν
2841 2862 3016 2915 ἀϐϐἅν
3058 2863 3328 2932 Ἰσίδωρον
3363 2862 3522 2929 ἐπτά,
3565 2863 3813 2933 Ἱέρακά,

2224 2943 2534 3014 Διόσκορον,
2582 2943 2912 3015 Ἀμμώνιον,
2952 2946 3159 3010 Ἰσαὰκ,
3205 2943 3527 3015 Ἰνισθωρὼ,
3571 2943 3814 3015 Τιθόην,

2225 3027 2319 3080 καὶ
2348 3026 2505 3081 ἄλλον
2561 3027 2766 3080 Ἰσαάκ.
2807 3027 2916 3079 Καὶ⁵
2963 3026 3326 3088 κοπιάσαντες
3377 3026 3666 3097 ζητοῦντες
3718 3027 3818 3078 τὸν

2225 3109 2400 3163 ἀϐϐἄν
2440 3109 2744 3179 Ἰσίδωρον,
2792 3109 2888 3178 ούχ
2934 3103 3118 3178 εὗρον·
3169 3104 3310 3177 ἦσαν
3345 3109 3453 3178 γάρ
3504 3112 3561 3161 ἐν
3612 3109 3816 3180 φρέατι

2227 3191 2376 3263 ξηρῷ
2400 3191 2655 3262 ῥίψαντες
2684 3191 2866 3244 αὐτόν.
2905 3191 3014 3245 Καὶ
3041 3190 3221 3243 λαϐὼν
3280 3190 3534 3262 φρύγανα
3579 3191 3817 3244 ἔκαυσεν

2225 3275 2326 3339 τὰς
2362 3274 2557 3339 κέλλας
2597 3274 2777 3328 αὐτῶν
2833 3276 2929 3329 σὺν
2965 3277 3130 3328 πᾶσιν
3175 3269 3255 3338 οἷς
3302 3270 3467 3344 εἶχον.
3510 3275 3618 3328 Καὶ
3665 3274 3815 3328 οὕτω

2224 3359 2485 3429 λωφήσας
2521 3358 2622 3429 τῆς
2651 3357 2844 3426 ἀλόγου
2877 3358 3044 3430 ὀργῆς
3089 3357 3495 3429 καταλαμϐάνει
3526 3357 3624 3429 τὴν
3666 3358 3816 3410 Ἀλε-

2231 3443 2532 3513 ξάνδρειαν.

2302 3532 2352 3582 ι’,
2383 3528 2445 3578 Οἱ
2474 3525 2529 3577 δέ
2560 3525 2952 3596 προειρημένοι
2995 3525 3220 3597 μοναχοὶ
3265 3527 3358 3580 τὸν
3400 3527 3499 3596 τῆς
3532 3525 3814 3597 ὑπομονῆς

2228 3607 2518 3662 ἀπώλεσαν
2547 3608 2769 3680 τρόπον,
2797 3607 3028 3678 ἀνῆλθον
3049 3611 3128 3672 εἰς
3168 3609 3591 3678 Ἀλεξάνδρειαν,
3627 3608 3816 3662 λέντια

2229 3691 2603 3760 διεζωσμένοι,
2635 3690 2730 3742 καὶ
2766 3689 3046 3753 κλαίοντες
3083 3693 3265 3745 πᾶσαν
3297 3691 3394 3762 τὴν
3426 3692 3684 3743 πλατεῖαν
3712 3707 3813 3743 πε-

2233 3775 2440 3844 ριῆγον.
2495 3773 2716 3836 Ἰδόντες
2755 3773 2812 3826 δέ
2845 3775 3042 3838 αὐτοὺς
3065 3778 3112 3828 οἱ
3139 3775 3375 3840 πολῖται,
3407 3775 3594 3845 ἐπειδὴ
3637 3773 3813 3843 ἐγνώ-

2232 3856 2380 3928 ριζον
2400 3857 2524 3918 τοὺς
2547 3854 2746 3926 ἄνδρας
2773 3857 2947 3909 ὁποῖοι
2970 3853 3132 3927 ἦσαν,
3158 3858 3503 3928 ἐλυπήθησαν
3529 3859 3597 3910 δι’
3614 3859 3815 3921 αὐτοὺς

2231 3938 2409 3991 πάνυο
2462 3939 2556 3991 καὶ
2605 3938 2842 4010 συνήχθη
2901 3941 3008 4002 πᾶς
3054 3942 3081 3992 ὁ
3111 3940 3265 4011 ὄχλος
3303 3941 3441 4011 μετὰ
3476 3940 3672 4011 πυρὸς,
3718 3941 3816 3993 καὶ

2230 4021 2465 4094 ἤρξαντο
2493 4021 2668 4074 καίειν
2704 4021 2831 4076 ἔνθα
2857 4023 3155 4093 κατέμενεν
3180 4025 3208 4075 ὁ
3243 4025 3523 4093 Θεόφιλος.
3562 4027 3810 4096 Διαρπα-

2233 4109 2443 4160 σάντων
2489 4100 2582 4159 οὖν
2626 4106 2805 4160 αὐτῶν
2837 4107 3015 4160 πάντα
3045 4107 3115 4160 τά
3143 4109 3199 4162 ἐν
3224 4109 3300 4180 τῷ
3327 4109 3656 4179 ἐπισκοπίῳ,
3712 4109 3810 4161 καὶ

2233 4189 2418 4243 λοιπὸν
2447 4189 2748 4260 μελλόντων
2775 4190 2902 4261 περὶ
2924 4189 2992 4242 τά
3012 4190 3074 4258 (ι.
3104 4191 3165 4245 71
3198 4191 3253 4262 a)
3301 4191 3564 4262 κειμήλια
3590 4194 3812 4262 χωρεῖν,

2234 4273 2502 4337 Νικόλαος
2527 4277 2555 4326 ό
2587 4273 2770 4344 ἄρχων
2797 4274 2888 4326 τὸν
2923 4275 3167 4329 κίνδυνον
3205 4275 3462 4346 φοϐηθεὶς
3483 4315 3498 4340 ,
3549 4275 3817 4344 κατέδρα-

2234 4373 2332 4425 μεν
2362 4355 2448 4409 ἐπ’
2479 4355 2697 4419 αὐτοὺς,
2729 4358 2824 4410 καὶ
2846 4356 3028 4427 ἐζήτει
3051 4357 3492 4428 ἀπολογήσασθαι
3521 4357 3599 4427 τῷ
3620 4356 3779 4428 δήμῳ
3797 4375 3813 4388 ·

2231 4439 2281 4490 οἱ
2313 4438 2371 4491 δέ
2400 4439 2460 4490 οὐ
2486 4438 2863 4504 κατεδέξαντο,
2888 4440 3185 4509 κράζοντες
3206 4441 3298 4493 καὶ
3321 4439 3548 4512 θόρυϐον
3582 4441 3820 4512 ἐγείρον·

2230 4537 2322 4584 τες
2355 4521 2495 4574 κατὰ
2520 4521 2802 4590 Θεοφίλου,
2837 4523 3183 4586 ἀσιωπίστως
3212 4524 3516 4592 φωνοῦντες
3567 4525 3686 4575 κατ’
3716 4525 3818 4576 αὐ-

2231 4605 2348 4660 τοῦ.
2391 4607 2448 4660 Ὀ
2478 4606 2534 4658 δέ
2563 4606 2747 4677 ἄρχων
2780 4609 2836 4660 ἐν
2887 4608 3097 4680 ἀγωνίᾳ
3128 4608 3340 4679 μεγάλῃ
3367 4606 3463 4672 ὢν,
3495 4607 3818 4676 ἐδοκίμαζεν

2233 4690 2453 4755 ἐξεάσαι
2496 4691 2576 4754 είς
2621 4692 2811 4760 χεῖρας
2857 4691 3035 4746 αὐτῶν
3062 4690 3154 4744 τὸν
3181 4691 3438 4760 Θεόφιλον
3459 4709 3472 4724 ο
3524 4693 3733 4764 ἐκρύϐη
3761 4693 3818 4746 δὲ

2234 4775 2492 4843 Θεόφιλος
2533 4775 2590 4827 ἐν
2643 4776 2712 4845 τῇ
2766 4773 3120 4847 κολυμϐήθρᾳ
3149 4775 3378 4846 ἐπόψην.
3421 4776 3480 4829 '0
3523 4776 3578 4829 δὲ
3633 4778 3818 4848 ἄρχων

2235 4859 2462 4921 ἐνδύσας
2495 4858 2620 4922 τοὺς
2668 4859 2936 4928 μοναχοὺς
2985 4860 3200 4929 ἱμάτια,
3259 4858 3587 4914 ἐπεϐίϐασεν
3617 4861 3815 4925 αὐτοὺς

2233 4943 2312 5014 τῷ
2329 4943 2589 5012 ὀχήματι,
2632 4942 2726 4994 καὶ
2756 4941 2919 5004 αὐτὸς
2955 4941 3200 5007 πεζεύων
3231 4944 3471 5015 προῆγεν
3501 4945 3702 5008 αὐτοὺς
3739 4947 3818 5006 εἰς

2234 5028 2295 5079 τὸ
2318 5023 2672 5097 πραιτώριον.
2726 5024 2904 5077 Κάκεῖ
2929 5024 3091 5078 πάλιν
3114 5027 3163 5078 οἱ
3184 5025 3346 5097 δῆμοι
3369 5028 3439 5080 τά
3473 5029 3664 5098 ἱμάτια
3693 5029 3817 5080 ἐαυ-

2234 5111 2342 5164 τῶν
2377 5112 2457 5172 εἰς
2484 5109 2578 5162 τὸν
2618 5110 2846 5179 οὐρανὸν
2883 5108 3162 5181 ἔρριπτον,
3194 5108 3591 5181 ἐξομνυομένου
3631 5111 3817 5172 αὐτοῖς

2234 5194 2328 5248 τοῦ
2355 5193 2612 5265 ἄρχοντος
2635 5193 2777 5246 κατά
2799 5194 2906 5246 τῶν
2933 5193 3214 5264 βασιλέων,
3239 5195 3320 5248 ὃτι
3349 5195 3462 5248 Οὐκ
3484 5194 3700 5262 ἐξεῖπέν
3729 5211 3816 5264 μοι

2236 5279 2334 5349 τὴν
2355 5279 2532 5349 κακὴν
2563 5277 2728 5331 αὑτοῦ
2751 5277 2967 5350 βουλὴν,
2984 5279 3121 5332 ἀλλά
3139 5279 3410 5350 προφάσει
3426 5277 3588 5330 τινῶν
3604 5277 3817 5349 λῃστῶν

2237 5361 2305 5414 τά
2342 5362 2676 5432 μοναστήρια
2729 5361 3174 5434 ἐπηρεαζόντων,
3226 5361 3418 5414 ἐλαϐεν
3463 5360 3582 5430 μεθ’
3620 5357 3816 5412 ἐαυτοῦ

2236 5446 2363 5509 τοὺς
2400 5446 2739 5517 στρατιώτας
2764 5449 2843 5511 εἰς
2868 5448 3201 5519 συμμαχίαν.
3235 5445 3298 5499 Εἰ
3322 5445 3380 5499 δὲ
3404 5445 3494 5498 τὸν
3517 5442 3822 5516 πρεσϐύτε-

2242 5546 2332 5601 ρον
2376 5530 2643 5604 Ἰσίδωρον
2671 5533 2852 5587 θέλετε
2887 5534 3117 5604 ποιμένα
3140 5533 3260 5587 ἀντὶ
3292 5530 3576 5599 Θεοφίλου,
3604 5527 3822 5597 ποιήσω
