4038 6154
257 293 346 338 LXI

324 398 381 452 6.
423 398 604 468 Atque
642 396 744 450 hac
777 396 1029 451 violentia
1071 407 1300 468 patrata,
1332 403 1690 468 sejnnxcrunt
1729 421 1786 460 se
1817 422 1847 460 a

249 485 571 556 TheOphilo
591 483 806 555 Egypti
839 485 1079 556 episcopi
1105 496 1335 556 septem,
1368 489 1606 546 Joannes
1632 492 1847 546 Ternu-

249 576 440 640 theos,
496 572 740 626 Zosimus
801 572 1081 639 Sethroiti,
1133 573 1440 631 Alexander
1513 577 1841 651 Oxyrynchi,

245 661 578 716 (Ibaremon
643 658 864 726 Pelusii,
931 660 1159 717 Nonnus
1223 663 1536 733 Athribeos,
1591 668 1844 724 Dulcetes

243 748 527 814 Paraleos,
577 745 838 816 Serapion
882 747 1074 816 Panis;
1111 749 1293 823 Libyae
1327 760 1508 806 autem
1554 762 1683 820 tres,
1728 756 1842 811 Lu-

245 835 439 892 cianus
483 836 794 902 Paraetonii,
845 835 1220 896 Clementinus
1264 841 1616 910 Marmaricae,
1654 845 1841 902 Menas

244 925 462 982 Damae.
524 926 661 981 Item
706 925 889 982 clerici
939 925 1276 985 Alexandriae
1329 947 1560 988 numero
1624 936 1832 1007 viginti,

240 1015 459 1071 diaconi
516 1016 725 1070 scilicet
782 1032 846 1070 ac
893 1020 1214 1090 presbyteri.
1255 1021 1320 1076 Hi
1353 1040 1482 1094 ergo
1526 1029 1836 1098 congregati

239 1102 644 1172 depositionem
714 1104 1003 1176 Theophili
1072 1109 1316 1166 criminis
1370 1129 1498 1184 ergo
1562 1115 1827 1182 fecerunt,

238 1205 475 1260 eamque
518 1191 780 1262 scriptam
832 1195 1152 1252 Innocentio
1199 1216 1352 1269 papae
1395 1202 1619 1258 Romam
1664 1207 1832 1261 mise-

241 1288 391 1344 runt,
411 1289 473 1335 ut
498 1284 747 1336 eamdem
777 1287 1014 1355 generali
1037 1288 1240 1357 judicio
1273 1293 1573 1360 perﬁceret.
1607 1296 1830 1352 Interim

236 1367 481 1423 Isidorus
529 1371 582 1423 in
628 1371 819 1428 Nitria:
871 1386 1057 1429 monte
1091 1379 1422 1446 quiescebat,
1465 1384 1553 1437 ubi
1595 1385 1662 1439 ab
1695 1388 1828 1442 ado-

235 1455 499 1513 lescentia
548 1475 644 1515 sua
694 1472 892 1518 ascette
939 1481 1089 1520 more
1149 1469 1373 1533 vixerat,
1432 1473 1600 1528 Deum
1648 1478 1827 1532 omnia

235 1554 558 1602 cernentem
607 1564 788 1603 orans.
835 1551 1173 1622 Theophilus
1215 1567 1394 1612 autem
1433 1560 1628 1616 factam
1659 1565 1758 1619 sibi
1794 1583 1825 1622 a

233 1633 352 1698 suis
400 1635 798 1715 depositionem
840 1654 1192 1710 cognoscens,
1243 1647 1370 1715 quid
1414 1649 1513 1703 sibi
1555 1653 1822 1722 agendum

233 1719 383 1775 foret
409 1710 736 1794 ambigebat.

309 1814 361 1866 7.
395 1813 469 1866 At
494 1831 633 1885 papa
659 1817 1027 1888 Innocentius,
1047 1833 1267 1894 accepta
1286 1826 1572 1896 Theophili
1599 1831 1819 1901 deposi-

231 1899 403 1965 tione,
438 1913 744 1960 commotus
772 1907 1083 1975 huiusmodi
1115 1913 1405 1981 epistolam
1436 1917 1627 1979 scribit
1647 1899 1703 1972 ί(
1729 1921 1820 1975 In-

227 1989 521 2043 nocentius
558 2006 769 2062 magnze
812 1993 1000 2050 Romze
1045 2001 1262 2066 pra-sul,
1293 2002 1444 2056 fratri
1491 2004 1813 2076 Theophilo.

224 2073 422 2130 Audivi
449 2079 695 2147 quaedam
726 2091 831 2136 ate
858 2083 1075 2155 indigne
1105 2087 1266 2152 facta,
1293 2099 1452 2159 teque
1479 2073 1697 2158 damno,
1728 2105 1818 2151 ut-

227 2173 358 2232 pote
381 2165 470 2235 qui
504 2169 785 2238 tyrannice
809 2178 863 2225 et
884 2188 993 2226 non
1025 2174 1262 2246 legitime
1291 2184 1344 2232 te
1373 2181 1623 2249 gesseris.
1649 2183 1818 2254 Igitur

225 2254 490 2307 canonice
510 2254 664 2323 juxta
685 2258 1082 2315 ecclesiasticas
1113 2265 1322 2333 regulas
1352 2265 1435 2321 fac
1460 2284 1619 2339 agere
1643 2273 1773 2326 velis
1797 2291 1811 2340 ;

224 2346 282 2391 et
317 2355 438 2408 qua:
471 2343 766 2398 crudeliter
791 2349 1026 2416 gessisti,
1061 2355 1286 2422 corrige.
1322 2355 1520 2410 Desine
1545 2358 1655 2426 jam
1695 2377 1812 2415 ma-

223 2425 422 2491 lorum,
455 2445 526 2482 ne
574 2446 664 2486 me
716 2435 981 2504 synodum
1028 2438 1406 2508 episcoporum
1454 2459 1809 2518 convocante,

215 2515 428 2586 judicio
460 2524 717 2587 tanquam
749 2537 874 2576 reus
891 2526 1217 2592 percellaris.
1249 2548 1266 2579 ι
1299 2530 1390 2585 Ille
1418 2548 1545 2588 vero
1575 2536 1810 2593 vicissim

220 2602 296 2656 ita
328 2605 705 2660 rescribebat:
751 2627 767 2660 ε
800 2609 1137 2681 TheOphilus
1178 2616 1467 2686 episcopus
1512 2620 1672 2676 Marci
1721 2641 1809 2680 se-

220 2691 346 2746 dem
378 2700 592 2760 tenens,
618 2695 941 2755 Innocentio
965 2717 1118 2772 papa:
1141 2703 1344 2760 Romae.
1367 2709 1477 2778 Ego
1490 2726 1596 2764 non
1621 2714 1809 2769 desino

220 2796 315 2835 eos
345 2783 440 2851 qui
471 2783 726 2841 Ecclesiae
758 2790 1035 2859 negotium
1056 2792 1334 2850 facessunt
1364 2799 1568 2855 ulcisci.
1587 2802 1738 2868 Quod
1761 2807 1803 2860 si

220 2877 277 2922 tu
295 2885 543 2924 meorum
601 2873 947 2930 inimicorum
988 2879 1284 2936 calumnias
1321 2886 1539 2956 recipis,
1587 2892 1805 2948 nonnisi

218 2966 426 3014 temere
455 2961 522 3015 de
553 2962 768 3017 illorum
802 2968 1039 3035 querelis
1067 2971 1310 3039 judicare
1343 2976 1636 3034 videberis.
1672 2983 1804 3038 Mihi

215 3067 433 3120 quoque
464 3054 618 3109 adest
646 3059 970 3128 evangelicae
1001 3063 1147 3117 sedis
1176 3066 1454 3136 majcslas,
1492 3080 1546 3126 et
1583 3090 1680 3142 per
1709 3093 1803 3130 ur-

214 3145 312 3198 bes
343 3145 620 3201 innumeri
655 3149 928 3222 episcopi;
973 3155 1171 3223 quibus
1201 3165 1557 3232 congregatis,
1592 3167 1684 3221 tibi
1716 3186 1802 3224 re-

213 3235 424 3301 sistam,
458 3247 514 3292 et
575 3243 978 3310 usurpationem
1025 3257 1172 3302 tuam
1223 3253 1615 3311 condemnabo.
1652 3258 1798 3327 Vale,

211 3337 268 3381 et
325 3330 655 3384 sententiam
708 3332 952 3390 immuta.
984 3338 1039 3392 Si
1067 3340 1276 3406 minus,
1307 3345 1446 3411 vale,
1489 3349 1583 3403 sed
1618 3350 1800 3406 infeli-

212 3433 330 3472 cem
360 3419 567 3474 exitum
589 3433 919 3492 exspectato.
955 3447 972 3479 ›

282 3509 335 3564 8.
369 3511 466 3566 His
493 3516 734 3584 acceptis
762 3519 956 3576 litteris
1005 3538 1143 3594 papa
1176 3526 1548 3597 Innocentius,
1597 3549 1798 3590 convo-

210 3604 349 3656 catis
380 3607 634 3662 omnibus
666 3611 831 3665 Italiae
860 3613 1150 3686 episc0pis,
1183 3619 1471 3690 Theophili
1499 3626 1798 3695 depositio-

209 3711 336 3750 nem
365 3697 511 3764 fecit,
544 3717 705 3770 quam
730 3705 934 3759 dudum
963 3708 1198 3779 Egyptii
1225 3713 1464 3784 episc0pi
1496 3719 1792 3788 miserant;

209 3787 410 3859 singuli
441 3792 690 3847 videlicet
717 3794 835 3849 Itali
866 3801 1085 3868 proprio
1117 3803 1378 3875 suffragio
1423 3809 1572 3862 illum
1625 3811 1796 3881 depo-

205 3890 437 3936 suerunt
472 3901 484 3935 :
517 3899 677 3953 quam
700 3891 1025 3945 sententiam
1052 3893 1402 3953 Innocentius
1430 3902 1498 3955 ad
1527 3902 1792 3959 Joannem

203 3970 756 4047 Constantinopoleos
779 3983 1248 4055 archiepisc0pum
1290 3991 1456 4045 misit.
1511 3992 1560 4046 Is
1608 4003 1790 4050 autem

205 4065 636 4136 propinquarum
660 4072 760 4127 sibi
792 4075 1073 4145 regionum
1105 4081 1389 4153 episcopos
1433 4100 1787 4159 congregans,

203 4154 497 4225 Theophili
530 4160 937 4219 damnationem
978 4171 1236 4237 ostendit,
1287 4175 1380 4242 qui
1425 4154 1617 4232 omnes
1637 4154 1791 4235 vhuic

199 4248 682 4319 subscripserunt;
713 4269 884 4326 eaque
917 4259 1174 4332 deinceps
1197 4267 1395 4321 tradita
1423 4267 1654 4325 Arcadio
1682 4271 1788 4325 im-

197 4340 440 4405 peratori
472 4339 592 4394 fuit.
619 4343 746 4398 Erat
765 4354 945 4402 autem
968 4351 1324 4420 depositionis
1348 4359 1624 4429 exemplar
1649 4362 1784 4417 hoc:

201 4446 220 4476 4
259 4427 572 4486 Convocata
607 4448 671 4487 ex
713 4436 966 4494 universa
996 4441 1148 4496 Italia
1179 4460 1276 4514 per
1308 4444 1400 4503 Dei
1449 4427 1700 4522 gratiam,
1733 4463 1788 4508 et

194 4534 525 4594 congregata
545 4529 801 4598 synodus,
830 4548 953 4587 cum
995 4551 1189 4608 magno
1229 4543 1478 4599 maximat
1513 4546 1659 4601 Petri
1703 4563 1787 4603 ca-

196 4613 405 4669 thedra:
436 4620 684 4687 praesule,
721 4620 955 4681 Arcadio
1008 4629 1344 4700 imperatori,
1374 4643 1429 4689 et
1467 4637 1662 4691 Joanni
1693 4655 1784 4693 ar-

193 4702 567 4776 chiepiscopo,
604 4717 660 4763 et
685 4713 1038 4786 suﬁraganeis
1069 4721 1186 4789 ejus
1213 4725 1500 4780 universis.
1544 4727 1782 4798 {Equum

190 4809 305 4848 non
355 4805 459 4863 est,
516 4809 578 4854 ut
625 4803 728 4858 sub
759 4807 1012 4878 religioso
1057 4828 1224 4883 regno
1252 4821 1344 4870 tuo
1367 4817 1579 4874 Pharao
1613 4820 1779 4892 Moysi

192 4888 507 4956 praevaleat,
565 4909 745 4964 neque
799 4905 859 4952 ut
896 4918 1029 4972 gens
1081 4904 1177 4959 Dei
1233 4907 1404 4964 electa
1438 4888 1779 4970 conﬁciendo

191 4977 364 5033 latere
389 4990 444 5035 et
470 4999 726 5042 saxorum
756 4992 1013 5048 oneribus
1051 5003 1318 5053 atteratur
1342 5001 1531 5071 (Exod.
1570 5021 1607 5070 ι,
1655 5007 1773 5077 11);

188 5084 291 5124 nec
322 5071 561 5142 denique
580 5078 790 5150 magica
819 5081 967 5138 fraus
985 5086 1198 5155 jubenti
1243 5090 1412 5162 digito
1443 5094 1536 5149 Dei
1583 5071 1776 5152 decet-4

189 5171 283 5219 tet.
317 5166 773 5242 Quandoquidem
807 5177 988 5249 itaque
1018 5182 1134 5238 haec
1160 5187 1343 5241 omnia
1370 5188 1675 5260 Theophilo
1697 5192 1776 5246 in-

187 5267 407 5323 sunt,et
430 5262 1060 5342 innocuumjustumque
1090 5279 1411 5348 sanguinem
1432 5280 1591 5347 fudit,
1611 5292 1772 5354 atque

187 5351 552 5422 evangelicam
579 5359 893 5416 cathedram
921 5364 1085 5436 impie
1111 5375 1165 5422 et
1194 5378 1392 5440 praeter
1418 5389 1654 5431 canones
1685 5378 1771 5432 de-

187 5438 528 5511 honestavit;
565 5464 670 5504 nos
717 5458 1048 5526 congregati,
1102 5469 1157 5514 et
1194 5438 1504 5530 iudicantes
1533 5466 1599 5521 de
1635 5465 1770 5522 faci-

185 5533 408 5590 noribus
449 5538 607 5608 ejus,
640 5558 761 5611 quae
790 5545 1006 5617 Egypti
1062 5557 1116 5604 et
1175 5553 1354 5624 Libyae
1407 5557 1668 5628 episcopi,
1715 5571 1770 5616 et

243 5694 316 5767 (ὁ)
348 5697 489 5754 Cod.
532 5702 591 5754 τὸ
625 5705 970 5779 πρόσταγμα.

1067 286 1153 337 ως
1195 287 1349 338 γιη
1389 287 1474 341 ΕΤ
1513 291 1788 342 Ελδιιιιυ
1834 290 1890 346 8.
1929 295 2214 356 ,ΙυΑΝΝΙΞ
2253 305 2596 360 (ΪΙΙΙίΥξυδΊ
2615 312 2753 364 ΟΜΙ.

3429 348 3537 394 ΙΧΙΙ

1951 410 2330 472 Alexandrina:
2361 420 2614 479 Ecclesia:
2642 426 2825 481 clerici
2868 429 3214 502 deplorantes
3242 441 3536 505 denuntia-

1947 513 2167 572 verunt,
2221 517 2492 578 quatenus
2546 517 2913 574 venerabilem
2960 524 3212 582 abbatem
3264 531 3532 594 Isidorum

1945 599 2343 670 presbyterum,
2371 605 2698 662 omnimodis
2722 615 3034 671 excruciare
3051 635 3159 673 non
3187 631 3270 678 est
3292 627 3529 694 veritus;

1946 688 2111 756 hunc,
2153 692 2380 762 jubente
2431 694 2578 750 Petri
2633 702 2904 770 coryphzei
2957 710 3304 781 auctoritate,
3333 688 3531 775 ornatu

1943 780 2234 852 episcopali
2285 801 2350 841 ac
2379 788 2606 842 nomine
2656 787 3024 861 Theophilum
3072 780 3297 868 carere,
3336 820 3529 864 omnes

1941 871 2301 931 decrevimus.
2342 878 2452 935 Vos
2508 899 2637 941 vero
2683 890 2962 961 prtecipite
3007 899 3067 945 ut
3117 893 3220 949 hoc
3244 897 3524 956 decretum

1939 963 2155 1030 publice
2203 980 2575 1040 proponatur;
2621 983 2677 1031 et
2729 987 2791 1034 ut
2833 982 2928 1051 qui
2958 981 3100 1037 facta
3128 985 3271 1041 illius
3308 989 3522 1046 denun-

1940 1053 2093 1122 tiant,
2127 1057 2324 1116 libellis
2372 1063 2609 1135 ﬁrment,
2638 1080 2797 1140 prout
2836 1074 3327 1146 denuntiaverant;
3362 1093 3526 1152 atque

1936 1143 2169 1212 ipsemet
2193 1148 2259 1202 de
2283 1151 2609 1213 criminibus
2633 1162 2914 1218 convictus
2945 1180 3002 1219 se
3033 1181 3214 1222 coram
3246 1169 3436 1236 sistat;
3469 1181 3524 1226 ct

1934 1232 2025 1289 ille
2075 1238 2241 1293 etiam
2267 1243 2358 1311 qui
2387 1261 2484 1314 pro
2514 1264 2580 1303 eo
2618 1254 2958 1321 apocrisiarii
2989 1273 3216 1314 munere
3253 1259 3518 1333 fungitur,

1933 1329 2070 1384 urbe
2089 1334 2407 1402 expellatur.
2441 1338 2577 1394 Nam
2603 1342 2646 1396 si
2673 1344 2779 1400 hoc
2813 1346 3082 1404 laudabile
3109 1329 3379 1421 judicium
3401 1355 3521 1412 sine

1932 1421 2327 1492 impedimento
2382 1431 2654 1501 decurret,
2707 1437 2953 1506 profecto
3003 1444 3289 1511 apparebit
3327 1453 3518 1503 contra

1929 1513 2168 1569 divinam
2194 1518 2596 1593 humanamque
2618 1526 2789 1596 legem
2815 1544 3068 1598 peccasse
3094 1531 3510 1604 Theophilum.»

1996 1607 2048 1662 9.
2073 1606 2312 1679 Accepta
2356 1611 2622 1671 Arcadius
2655 1620 2974 1677 authentica
3017 1639 3170 1694 papa:
3209 1626 3511 1684 Innocentii

1927 1702 2239 1768 sententia,
2284 1705 2461 1774 primo
2494 1710 2716 1778 quidem
2763 1715 3119 1785 apocrisiario
3172 1718 3514 1778 Alexandria:

1924 1791 2242 1863 presbytero
2304 1799 2478 1854 accito
2537 1805 2816 1874 exemplar
2873 1808 3097 1863 tradidit
3157 1811 3513 1881 depositionis

1924 1879 2233 1952 Theophili,
2288 1887 2549 1960 illumque
2577 1892 2961 1952 Alexandriam
2986 1899 3192 1955 dimisit
3230 1879 3394 1971 plane
3425 1904 3512 1958 in-

1922 1971 2191 2029 honorum
2212 2020 2228 2042 ,
2280 1986 2341 2032 ut
2372 1983 2554 2038 omnia
2587 1983 2894 2055 Theophilo
2933 1989 3280 2060 signiﬁcaret.
3312 1994 3383 2048 At
3421 1996 3512 2052 hic

1919 2063 2105 2119 dolore
2127 2067 2377 2136 aﬁ‘ectus,
2407 2087 2510 2127 nec
2538 2076 2831 2146 quidquam
2860 2079 3123 2136 adversus
3165 2083 3292 2137 talia
3317 2093 3506 2142 contra

1918 2167 1976 2205 se
2014 2169 2178 2210 ausos
2221 2173 2382 2228 agere
2424 2162 2642 2228 valens,
2675 2165 3090 2235 apocrisiarimn
3125 2170 3180 2224 in
3229 2187 3505 2230 carcerem

1916 2245 2097 2308 trusit,
2133 2246 2320 2302 volens
2343 2251 2757 2321 magistratuum
2788 2259 3001 2312 tradere
3031 2260 3306 2318 tribunali.
3348 2264 3506 2332 Quod

1917 2333 2095 2389 facere
2123 2339 2350 2403 veritus,
2383 2343 2540 2411 petiit
2571 2345 2639 2399 ab
2673 2345 3013 2405 Alexandriae
3039 2354 3267 2421 praeside
3303 2357 3506 2414 milita-

1915 2442 2028 2481 rem
2057 2445 2298 2497 manum,
2332 2448 2438 2502 qua
2471 2444 2715 2491 uteretur
2745 2439 3004 2497 adversus
3029 2445 3316 2502 seditiosos
3347 2465 3505 2518 quos-

1913 2517 2035 2570 dam
2065 2520 2158 2588 qui
2188 2521 2407 2593 A‘lgypti
2435 2529 2763 2583 monasteria
2798 2533 3118 2600 vastabant;
3159 2517 3503 2609 quingentisa

1912 2624 2018 2678 que
2045 2612 2270 2667 armatis
2309 2617 2570 2686 acceptis,
2602 2628 2768 2674 noctu
2806 2621 2859 2675 in
2891 2631 3132 2678 montem
3164 2641 3222 2681 se
3248 2632 3496 2697 contulit,

1911 2701 2252 2770 graviterque
2274 2704 2483 2760 baculis
2516 2709 2754 2777 pulsavit
2783 2715 3078 2769 monachos
3109 2717 3198 2786 qui
3249 2720 3499 2777 abbatem

1910 2791 2178 2848 Isidorum
2205 2810 2528 2868 receperant
2559 2813 2787 2872 septem,
2820 2806 3124 2876 Ilicracem,
3156 2811 3495 2883 Dioscorum,

1907 2883 2276 2954 Ammonium,
2304 2889 2565 2953 Isaacum,
2596 2893 2928 2964 Inisthoron,
2953 2899 3228 2970 Tithoem,
3253 2914 3306 2959 et
3329 2907 3493 2961 alium

1907 2973 2150 3030 Isaacum
2177 2996 2190 3043 ;
2245 2995 2478 3050 cumque
2526 2986 2696 3041 multo
2731 2988 2915 3044 labore
2946 2992 3197 3047 abbatem
3226 2995 3491 3051 Isidorum

1907 3067 2334 3134 conquisissent,
2365 3088 2475 3125 non
2507 3073 2838 3130 invenerunt
2874 3097 2886 3131 :
2913 3081 3061 3136 hunc
3085 3083 3283 3153 quippe
3311 3102 3493 3140 mona-

1903 3155 1994 3208 chi
2020 3157 2074 3208 in
2104 3169 2326 3226 puteum
2357 3163 2559 3218 siccum
2591 3167 2957 3236 conjecerant.
2998 3173 3152 3226 Tunc
3195 3180 3491 3232 sarmentis

1903 3247 2135 3313 sumptis
2161 3247 2499 3318 Theophilus
2529 3254 2692 3307 cellas
2714 3256 2928 3310 illorum
2960 3274 3083 3312 cum
3123 3265 3274 3315 omni
3317 3267 3492 3332 supel-

1901 3336 2077 3391 lectile
2108 3343 2496 3396 concremavit.
2530 3345 2707 3415 Atque
2734 3347 2806 3402 ita
2837 3355 3123 3419 postquam
3159 3351 3348 3408 insana
3370 3357 3489 3426 ejus

1901 3426 1981 3480 ira
2007 3429 2276 3497 detonuit,
2307 3431 2690 3490 Alexandriam
2720 3441 3032 3496 revertitur.

1973 3520 2056 3573 IO.
2111 3519 2182 3575 At
2225 3524 2470 3591 praedicti
2521 3531 2774 3584 monachi
2810 3533 3014 3589 amisso
3058 3537 3335 3607 patientiae
3374 3554 3487 3593 sua:

1899 3627 2069 3678 more,
2105 3613 2488 3671 Alexandriam
2527 3630 2798 3676 venerunt
2847 3624 3028 3681 linteis
3073 3629 3370 3698 praecincti,
3403 3631 3486 3683 lu-

1897 3714 2194 3776 gentesque
2232 3715 2399 3762 totam
2426 3711 2656 3779 plateam
2689 3715 3066 3774 circumibant.
3104 3719 3312 3787 Quibus
3337 3723 3485 3777 cives

1896 3801 2202 3869 conspectis
2224 3842 2238 3866 ,
2276 3803 2403 3871 quia
2433 3803 2653 3872 quinam
2683 3814 2868 3860 essent
2917 3809 3167 3866 homines
3193 3822 3478 3878 noverant,

1896 3903 2226 3959 magnopere
2282 3909 2469 3948 eorum
2505 3911 2670 3950 causa
2708 3899 3036 3955 doluerunt:
3097 3906 3481 3976 concurritquc

1895 3979 2182 4038 universus
2204 3999 2327 4038 cum
2359 3986 2480 4056 igne
2511 3989 2766 4057 populus,
2795 4001 2850 4045 et
2874 3992 3161 4063 Theophili
3193 3995 3480 4053 habitacu-

1895 4070 2006 4125 lum
2040 4087 2282 4130 cremare
2312 4086 2615 4147 coeperunt.
2653 4081 2794 4152 Ergo
2825 4083 2909 4137 his
2942 4092 3136 4139 cuncta
3179 4085 3234 4138 in
3264 4088 3478 4157 episco-

1896 4163 1986 4233 pio
2009 4166 2487 4237 depopulantibus,
2517 4180 2572 4228 et
2592 4173 2703 4242 jam
2723 4177 2790 4230 ad
2812 4177 3020 4232 cimelia
3041 4194 3262 4234 manum
3293 4180 3477 4236 inten-

1891 4254 2163 4321 dentibus,
2196 4259 2448 4316 Nicolaus
2477 4273 2676 4332 praator
2705 4267 2949 4336 periculo
2979 4271 3203 4325 territus
3226 4314 3240 4337 ,
3278 4273 3345 4327 ad
3379 4287 3475 4328 eos

1889 4347 2146 4420 accurrit,
2209 4357 2270 4402 ut
2313 4353 2488 4407 turbis
2539 4371 2656 4408 rem
2717 4367 3044 4414 excusaret:
3107 4362 3194 4416 cui
3229 4363 3333 4418 illae
3363 4380 3474 4420 non

1888 4419 2297 4508 acquieverunt,
2337 4444 2700 4500 vociferantes
2726 4456 2782 4501 et
2814 4450 3104 4504 tumultum
3135 4454 3474 4509 concitantes

1887 4529 2145 4585 adversus
2170 4525 2538 4600 Theophilum
2563 4576 2577 4599 ,
2606 4536 2765 4604 eique
2805 4538 2924 4592 sine
2957 4541 3358 4598 intermissione
3385 4545 3471 4598 in-

1886 4620 2204 4674 clamantes.
2247 4621 2400 4675 Tunc
2443 4632 2642 4691 prmtor
2699 4639 3026 4694 magnopere
3067 4635 3466 4694 consternatus,

1885 4713 2158 4782 cogitabat
2180 4713 2541 4782 Theophilum
2594 4715 2844 4770 manibus
2888 4717 3102 4772 illorum
3127 4719 3466 4788 permittere.

1883 4805 2083 4860 Verum
2115 4807 2206 4861 hic
2235 4806 2476 4861 abditum
2508 4823 2566 4862 se
2596 4809 2936 4864 continuitin
2967 4811 3171 4882 piscina
3199 4828 3370 4884 usque
3399 4815 3469 4870 ad

1882 4877 2188 4966 vesperam.
2223 4896 2390 4952 Porro
2422 4908 2621 4969 praetor
2653 4900 2871 4955 indutos
2916 4903 3255 4958 vestimentis
3284 4919 3468 4959 mona-

1882 4990 2015 5044 chos
2043 5031 2057 5055 ,
2088 4991 2381 5061 curruique
2410 4992 2716 5064 impositos,
2746 4995 3020 5064 pedestris
3049 4996 3167 5066 ipse
3189 4997 3344 5052 duxit
3370 5013 3466 5053 eos

1881 5082 1936 5136 in
1965 5084 2301 5152 praetorium.
2329 5083 2406 5140 Ibi
2439 5102 2628 5142 rursus
2649 5087 2821 5142 turbae
2839 5095 3019 5142 vestes
3048 5089 3244 5144 suasin
3263 5090 3460 5146 caalum

1873 5173 2168 5242 jactahant,
2208 5174 2426 5242 iurante
2457 5191 2555 5245 per
2599 5177 2954 5247 imperatores
3009 5187 3260 5247 praetore,
3315 5181 3458 5250 quod

1878 5263 2219 5334 Theophilus
2244 5266 2532 5320 consilium
2567 5282 2724 5321 suum
2751 5267 2972 5321 minime
3000 5268 3101 5322 sibi
3131 5271 3451 5339 aperuisset,

1875 5355 1968 5409 sed
1993 5356 2221 5410 obtentu
2259 5357 2618 5426 quorumdam
2670 5357 2941 5411 latronum
2980 5361 3308 5415 monasteria
3354 5376 3454 5415 va-

1874 5448 2151 5513 stantium,
2207 5464 2392 5504 secum
2447 5449 2835 5518 assumpsisset
2880 5450 3116 5505 militare
3166 5451 3447 5506 auxilium.

1871 5538 2024 5605 Quod
2060 5540 2102 5595 si
2131 5540 2502 5611 presbyterum
2523 5539 2786 5595 Isidorum
2811 5540 2972 5596 vultis
3003 5547 3274 5609 pastorem
3328 5541 3444 5595 loco
