4038 6154
599 349 726 396 Lxm

591 455 664 510 ἂν
701 453 761 508 τδ
793 453 1005 525 θέλημα
1035 451 1186 524 ὑμῶν
1205 470 1217 482 ·
1255 453 1346 505 καὶ
1375 451 1629 522 Θεόφιλον
1665 454 1762 525 μὲν
1792 455 2026 522 ἐξώσωη
2046 452 2162 506 ’ῐσί-

589 539 765 610 δωρον
809 539 865 591 δὲ
911 536 1035 590 ἀντ’
1063 536 1229 590 αὑτοῦ
1288 540 1616 611 καταστήσω
1666 539 1812 610 ὑμῖν.
1873 540 1982 591 Καὶ
2029 537 2166 607 ταχὺ

591 621 859 684 Νικόλαος
876 622 905 673 6
929 620 1090 684 αὑτὸς
1119 621 1302 693 ἄρχων
1321 621 1532 692 πέμπει
1560 622 1874 694 τριϐούνους
1896 624 1989 674 καὶ
2010 638 2170 692 στρα-

589 702 808 769 τιώτας,
865 705 949 772 ἐφ’
981 705 1170 768 ἵπποις
1219 705 1442 773 ἐνέγκαι
1495 705 1586 757 τὸν
1644 705 1818 758 ἀ66ἂν
1876 705 2164 776 Ἰσίδωρον.

593 786 846 856 Θεόφιλος
883 787 939 841 δὲ
979 788 1166 858 σχῆμα
1200 789 1416 856 πτωχοῦ
1465 788 1772 853 ἀναλαϐὼν,
1806 791 1884 852 είς
1930 790 2028 860 τὴν
2060 788 2168 842 τῶν

591 871 781 944 ίερέων
825 872 1100 926 στέλλεται
1159 870 1382 944 χώραν,
1433 874 1702 927 Νικολάου
1750 874 1844 927 τοῦ
1911 874 2170 944 ἄρχοντος

592 957 809 1011 ἅπαντα
837 957 903 1009 τά
937 956 1205 1027 γενόμενα
1245 956 1489 1022 θέλοντος
1516 957 1752 1011 παῦσαι·
1804 958 1898 1011 καὶ
1941 957 2062 1020 δοὺς
2091 959 2171 1022 εἰς

589 1043 779 1109 χεῖρας
811 1042 923 1103 τοῖς
948 1038 1154 1105 λοιποῖς
1192 1042 1492 1112 πλανήταις
1527 1045 1784 1113 μοναχοῖς
1819 1042 1988 1114 δῶρα,
2032 1043 2169 1112 πρὸς

588 1121 650 1173 τι
667 1123 850 1176 λοιπὸν
874 1123 1182 1192 φθάσαντας
1211 1126 1406 1190 αὐτοὺς
1421 1125 1481 1177 τὸ
1498 1127 1734 1196 μητάτον
1759 1127 1826 1180 τά
1843 1125 2170 1198 ἡμερώτατα

585 1203 823 1272 διδάξαι,
855 1206 1072 1278 ἔχοντες
1098 1207 1218 1278 μεθ’
1249 1209 1454 1261 ἑαυτῶν
1496 1211 1589 1262 καὶ
1627 1207 1954 1280 διασωστήν.

665 1319 754 1370 ια’.
801 1315 858 1368 ’0
895 1311 989 1368 οὖν
1035 1315 1209 1380 ἀδεεῖς
1251 1317 1520 1388 Ἰσίδωρος
1551 1317 1736 1389 μαθὼν
1765 1317 1863 1390 τὴν
1897 1318 2076 1372 αἰτίαν
2102 1319 2168 1373 δι’

585 1394 657 1463 ἦν
687 1396 952 1467 ζητεῖται,
985 1399 1347 1470 ἐνδυσάμενος
1385 1401 1564 1453 λινοῦν
1599 1402 1813 1472 ἱμάτιον
1842 1402 1994 1472 παρά
2027 1421 2171 1464 τινος

590 1480 908 1552 κωμάρχου,
937 1482 1030 1534 καὶ
1060 1483 1435 1553 καμαλαύκιον
1467 1483 1644 1553 ἐαυτῷ
1669 1484 1933 1556 περιθεὶς,
1973 1486 2172 1556 κατῆλ-

588 1557 680 1619 θεν
713 1564 804 1616 ἐπὶ
833 1563 922 1616 τὸν
946 1565 1249 1638 Μαρεώτην
1279 1566 1599 1638 κιθαρίζων,
1651 1567 1788 1638 ἔχων
1823 1567 1940 1639 μεθ’
1974 1568 2169 1622 ἑαυτοῦ

587 1645 684 1698 καὶ
714 1645 851 1700 κύνα
877 1648 1290 1702 ἀκολουθοῦντα.
1339 1645 1434 1713 Εἷς
1459 1649 1516 1702 δὲ
1557 1649 1666 1704 τῶν
1696 1650 1994 1723 τριδούνων
2019 1653 2169 1705 Καν-

585 1727 830 1798 θάρωδος
886 1729 1152 1800 τοῦνομα,
1208 1733 1525 1802 ὑπαντήσας
1580 1733 1728 1804 αὑτῷ
1776 1733 1922 1802 λέγει
1977 1733 2166 1804 αὐτῷ’

588 1823 613 1858 α
663 1812 871 1876 Ὄντως
905 1816 969 1867 σὺ
1015 1818 1044 1868 6
1093 1817 1298 1886 μέγας·
1341 1817 1567 1871 δύνασαι
1593 1817 1773 1871 λαϐὼν
1796 1820 2052 1890 χρήματα
2076 1821 2170 1873 καὶ

583 1894 792 1964 δωρεὰς
839 1896 1071 1962 πολλάς,
1125 1897 1297 1965 δεῖξαι
1335 1902 1464 1969 ἡμῖν
1501 1901 1592 1953 τὸν
1630 1902 1805 1954 ἀεὸᾶν
1832 1902 2163 1974 Ἰσίδωρον;›

597 1979 655 2030 Ὀ
681 1977 736 2030 δὲ
755 1979 884 2041 στάς
903 1979 1210 2050 ἔμπροσθεν
1245 1981 1409 2035 αὐτοῦ
1437 1982 1552 2053 ἃμα
1578 1983 1656 2054 τῷ
1673 1985 1934 2055 κυναρίῳ,
1965 1987 2170 2057 ἤρξατο

582 2059 859 2131 ὀρχεῖσθαι
897 2063 1216 2135 κιθαρίζων.
1260 2064 1652 2138 Ἐξουθενήσας
1675 2069 1731 2121 δέ
1767 2070 1928 2123 αὑτὸν
1953 2072 2171 2128 Κανθά-

585 2144 750 2212 ρωδος
779 2147 808 2198 6
825 2145 1126 2216 τριϐούνος,
1146 2149 1239 2202 καὶ
1256 2149 1450 2220 μηκέτι
1479 2150 1612 2221 μηδέ
1642 2151 1799 2220 λόγου
1829 2153 1991 2207 αὑτὸν
2008 2155 2171 2222 ἀξιώ-

586 2244 720 2291 σας,
774 2230 1151 2302 ἀνεχώρησεν·
1195 2234 1289 2285 καὶ
1321 2233 1384 2304 δὴ
1427 2233 1773 2304 ὑπέστρεψαν
1817 2238 2012 2291 ἐκεῖνοι
2062 2239 2169 2292 ἀπὸ

597 2310 867 2384 Ἰσιδώρου
915 2313 1209 2386 ἄπρακτοι.
1247 2316 1379 2369 Τότε
1411 2316 1466 2369 δὲ
1495 2319 1522 2368 6
1555 2318 1812 2388 Θεόφιλος
1839 2320 2034 2392 δώροις
2073 2323 2167 2375 ἐκ-

585 2394 964 2468 μειλιξάμενος
1001 2399 1092 2452 τόν
1144 2418 1201 2453 τε
1256 2399 1497 2471 ἄρχοντα
1554 2402 1649 2452 καὶ
1708 2402 1776 2454 τά
1799 2402 1963 2457 λοιπά
2027 2407 2167 2478 μέρη

585 2478 870 2548 ῥογεύσας,
909 2481 1178 2552 λαμπρῶς
1212 2482 1386 2552 εἰσῄει
1413 2486 1490 2545 εἰς
1525 2483 1625 2553 τὴν
1657 2485 1831 2548 πόλιν,
1858 2486 2036 2540 αὑτῶν
2058 2490 2167 2544 τῶν

584 2562 955 2631 ρογευθέντων
989 2565 1226 2634 στερεῶς
1255 2566 1418 2618 αὑτὸν
1457 2567 1775 2637 μισούντων.

659 2659 744 2729 ιβ’.
779 2663 841 2713 Ui
880 2660 938 2714 δὲ
969 2663 1194 2732 μοναχοὶ
1227 2665 1276 2716 οἱ
1316 2663 1572 2737 δαρέντες
1608 2667 1714 2721 ὑπὸ
1751 2667 2043 2740 Θεοφίλου,
2075 2673 2169 2729 λα·

583 2741 768 2828 δόντες
797 2743 949 2828 παρὰ
981 2744 1187 2800 πολλῶν
1219 2746 1390 2800 πολλὰ
1407 2749 1762 2819 ἀναλώματα,
1795 2754 2167 2828 ἐπορεύθησαν

582 2827 663 2888 εἰς
700 2824 1052 2898 Ἰεροσόλυμα
1108 2829 1245 2901 πρὸς
1294 2831 1551 2886 Σιλϐανὸν
1605 2834 1681 2905 (a)
1723 2837 1814 2890 τὸν
1869 2824 2165 2898 ἐπίσκοπον

580 2907 690 2961 τῶν
715 2909 914 2975 ἐκεῖσε,
951 2913 1042 2964 καὶ
1077 2913 1512 2984 προσπίπτουσιν
1528 2917 1696 2989 αὑτῷ,
1732 2922 1825 2974 καὶ
1847 2923 1946 2993 τὴν
1968 2925 2166 2995 πρᾶξιν

580 2989 918 3045 δεικνύουσιν
967 2993 1076 3046 τῶν
1142 2998 1546 3067 γεγενημένων.
1611 3002 1667 3055 Ὀ
1719 3004 1777 3056 δὲ
1831 2989 2164 3074 ἀπονεωθεὶς

581 3073 792 3144 πέμπει
839 3077 955 3146 μετ’
988 3078 1168 3131 αὐτῶν
1213 3097 1333 3133 τινα
1388 3082 1746 3155 ἀναγνώστην
1803 3089 2160 3147 Ἰουϐενάλιῑν

580 3157 872 3227 λεγόμενον
907 3160 1048 3230 μετά
1097 3164 1460 3234 γραμμάτων.
1501 3168 1610 3220 Καὶ
1651 3169 1771 3222 τότε
1821 3171 2063 3241 ἔφθασαν
2104 3178 2164 3230 τὸ

579 3241 971 3332 στρατόπεδον,
991 3246 1040 3298 οἱ
1065 3246 1323 3332 πολλάκις
1357 3250 1494 3318 μετά
1516 3251 1784 3322 δαιμόνων
1821 3257 2164 3332 πολεμήσαν-

576 3339 688 3388 ⁹τες,
711 3324 803 3378 καὶ
838 3326 973 3398 μηδέ
985 3346 1062 3380 πω
1084 3329 1191 3384 τῶν
1223 3332 1449 3413 κελλίων
1479 3335 1662 3388 αὐτῶν
1691 3336 1790 3402 τὰς
1823 3324 1993 3413 θύρας
2013 3324 2161 3408 ἐξελ-

576 3407 778 3472 θόντες.
810 3410 873 3461 Οί
899 3412 1219 3479 μονάζοντες
1251 3411 1395 3470 οὑτοι
1425 3417 1604 3471 τοίνυν
1625 3407 2067 3494 παραγενόμενοι
2091 3429 2148 3481 ἐν

578 3491 1176 3562 Κωνσταντινουπόλει,
1238 3499 1328 3551 καὶ
1375 3501 1451 3569 τῷ
1502 3503 1722 3576 Ἰωάννῃ
1779 3491 2151 3580 συντυχόντες,

579 3571 928 3646 ἐξενίσθησαν
972 3580 1103 3650 παρ’
1135 3581 1320 3636 αὑτοῦ.
1372 3571 1781 3656 Ἐξενοδόχησεν
1825 3588 1882 3642 δὲ
1922 3571 2156 3658 αὑτοὺς,

577 3658 672 3711 καὶ
704 3658 847 3745 πάνυ
885 3661 963 3745 τά-
984 3663 1122 3734 πρὸς
1142 3665 1239 3735 τὴν
1261 3665 1450 3736 χρείαν
1482 3670 1756 3739 παρέσχεν
1796 3673 1890 3726 καὶ
1917 3676 1950 3745 ή
1979 3675 2159 3731 διάκο-

575 3755 663 3828 νος
685 3740 1030 3828 μὈλυμπιάς,
1051 3745 1128 3828 ὼς
1158 3748 1346 3814 ἁγίους
1377 3747 1598 3821 ἄνδρας,
1633 3753 1753 3822 ἥτις
1783 3753 1853 3806 τά
1888 3740 2159 3828 προσόντα

576 3822 715 3913 αὐτῇ
743 3824 922 3878 πάντα
955 3829 1068 3913 τοίς
1098 3827 1374 3913 δεομένοις
1407 3835 1702 3904 παρέσχεν,
1735 3838 1830 3890 καί⁸
1855 3839 1912 3891 ἐν
1927 3822 2157 3913 ἀσκήσει

577 3905 675 3998 καὶ
718 3911 891 3998 σεμνῇ
942 3910 1188 3998 πολιτείᾳ
1219 3914 1400 3979 καλῶς
1439 3916 1750 3988 διέπρεψεν,
1795 3921 1915 3989 ἥτις
1961 3905 2157 3998 καίῆν

574 3991 912 4079 ήγαπημένη
941 3993 1080 4063 ἄγαν
1102 3998 1207 4050 ὑπὸ
1247 3998 1494 4052 Ἰωάννου
1524 4001 1612 4054 διὰ
1643 4003 1735 4055 τὸν
1766 4006 1962 4074 σεμνὸν
1987 3991 2156 4079 αὐτῆς

575 4074 690 4142 βίον
721 4077 816 4130 καὶ
857 4079 957 4167 τήν
973 4079 1157 4134 ἔνθεον
1187 4082 1466 4167 πολιτείαν
1486 4101 1499 4112 ·
1537 4086 1660 4139 ὁσία
1683 4087 1791 4159 γὰρ
1821 4087 1960 4146 εἶναι
1985 4074 2156 4167 ἐμαρ-

573 4161 819 4249 τηρεῖτοὶ
857 4161 1032 4249 Ὀᾐδὲ
1078 4163 1433 4249 Ἰουδενάλιος
1478 4167 1710 4225 δέδωκεν
1747 4172 1818 4226 τά
1849 4161 2153 4249 γράμματα

571 4238 650 4317 τῷ
675 4239 906 4309 βασιλεῖ,
933 4242 1124 4298 ἔπειτα
1162 4248 1257 4300 καί¹
1308 4249 1528 4322 Ἰωάννῃ
1549 4289 1563 4310 .
1604 4255 1698 4308 καὶ
1726 4238 1943 4314 πάλινὸ
1964 4238 2158 4317 Ἰωάν-

571 4340 670 4417 νης
690 4325 1059 4417 ’ἀπε-ριέλασεν
1089 4331 1393 4417 γράμματα
1439 4336 1501 4406 (Γ.
1539 4338 1598 4392 71
1633 4339 1683 4408 b)
1741 4341 1923 4397 δίδωσι
1951 4345 2029 4416 τῷ
2061 4347 2156 4417 βα-

573 4405 729 4500 σιλεῖ.
768 4408 877 4500 Καὶ
929 4413 1223 4500 ταραχθεὶς
1264 4418 1292 4470 6
1345 4405 1617 4488 βασιλεὺς,
1665 4405 1946 4493 βασιλικὸν
1977 4405 2154 4500 τι

569 4489 777 4579 πρᾶξαι
805 4493 906 4579 οὑκ
943 4495 1232 4579 ἠθέλησεν,
1277 4500 1497 4556 σύνοδον
1531 4505 1588 4558 δέ
1640 4489 2151 4579 προστάττείγενέ-

569 4572 726 4666 σθαιο
759 4576 853 4630 καὶ
883 4578 1090 4666 πέμπει
1119 4583 1199 4646 εἰς
1234 4582 1453 4658 Ῥώμην
1493 4572 1823 4662 Ἰννοκεντίῳ
1870 4591 1949 4662 τῷ
1994 4572 2153 4666 πάπᾳ

565 4659 872 4730 γράμματα
909 4665 1236 4738 περιέχοντα
1255 4669 1447 4734 οὕτως·

639 4760 735 4848 ιγ’..
774 4773 794 4807 ι
837 4758 1592 4848 ῌιιιητὴᾼςένδοξοςβὺτυχὴς
1646 4773 1929 4845 Ἀρκάδιος
1975 4775 2152 4848 Πατρὶ

563 4837 822 4933 ἡμετέρῳ
855 4840 1363 4933 ἐρρῶσθαιιο-Θείας
1404 4837 1672 4919 συλλαϐάς
1712 4837 2042 4931 ἐπέμψαμεν
2081 4837 2148 4933 τῇ

566 4923 633 4992 σῇ
684 4921 1008 5013 πατριότητι
1044 4925 1132 5013 διὰ
1176 4928 1544 5013 Μουλνπεντίου
1588 4939 1683 4990 τοῦ
1727 4921 2147 5013 καθωσιωμένοῦ

567 4999 963 5094 μαγιστριανοῦ
1007 5010 1100 5094 καὶ
1131 5011 1476 5094 φυϐαἴουσᾶ,
1521 5024 1951 5094 προτρεπόμενοι
1986 4999 2140 5082 ¹ὥστε

565 5102 625 5167 σε
656 5087 986 5160 ἀθροίσαντα
1017 5092 1234 5147 σύνοδον
1265 5095 1351 5149 διὰ
1385 5097 1493 5152 τῶν
1522 5087 1580 5167 ἐξ
1615 5087 1768 5167 ἔθους
1800 5087 1864 5161 ἐκ
1895 5111 2004 5165 τῶν
2033 5113 2143 5166 δειο

563 5163 732 5265 λαίων
779 5172 1176 5265 ἶΑλεξανδρέων
1204 5181 1512 5265 -κανονικῶς
1543 5163 1762 5256 κρῖναιί
1798 5189 1886 5245 ἵνα
1916 5163 2003 5265 εἴη
2041 5163 2140 5250 καὶ

563 5256 597 5344 ή
632 5253 952 5344 καθαίρεσις
981 5261 1013 5331 ή
1044 5262 1124 5324 εἰς
1154 5263 1317 5317 αὑτὸν
1340 5265 1545 5321 ἐκεῖνον
1574 5253 1836 5344 γενομένη
1857 5316 1871 5341 ,
1905 5253 2008 5331 ὑπό
2037 5280 2146 5334 τῶν

560 5337 806 5436 ὲυτικῶν
828 5341 1369 5436 ρίκουμενικωτέρως
1398 5337 1590 5424 κριθῇ.
1622 5337 1732 5408 Καὶ
1774 5337 1867 5429 τῶ-
1893 5361 2146 5436 ἡμετέρῳ

561 5420 620 5517 ξε
648 5420 863 5517 ἀδελφῷ
895 5426 993 5517 καὶ
1029 5429 1354 5517 συμϐασιλεί
1409 5420 1650 5510 Ὀνωρίῳ
1696 5441 1774 5513 τῷ
1821 5420 2006 5517 ’τέκνῳ
2049 5420 2143 5502 ἆοῦ

562 5504 798 5578 ἔγραψα,
827 5510 922 5565 τοῦ
970 5515 1347 5585 παρακαλέσαι
1392 5537 1452 5575 σε
1493 5504 1934 5601 προθυμώτέρως
1975 5504 2145 5587 ⁵τοῦτο

615 5641 998 5737 Ξςαὶμξξίγξιιιιε
1014 5669 1120 5737 [ιρῐι
1148 5667 1373 5737 apparet
1401 5660 1731 5737 in_catal_ogo
1757 5666 2139 5737 episcoporum

562 5709 967 5779 Hierbsolvmae.
1019 5709 1728 5804 νοτυιῖιῖἇπῖἑηᾜέδῖᾖίῦῗ
1753 5709 2139 5807 νὺξ-δῖ

1761 337 2114 394 THEODORI
2149 335 2680 390 TlilMlTHUNTINl

3751 360 3879 398 LXIV

2273 451 2534 520 ποιῆσαι,
2570 452 2664 504 καὶ
2698 450 2771 524 μὴ
2807 452 3035 525 ὀκνῆσαι
3082 456 3238 521 ὅλως.
3277 457 3416 523 Τοὺς
3457 461 3877 531 προσφυγόντας

2272 536 2365 594 οὖν
2392 542 2532 613 πρὸς
2563 541 2664 613 τὴν
2686 542 2784 612 σὴν
2813 544 3070 616 ἰερότητα
3109 549 3444 612 ἐπισκόπους
3470 549 3752 618 Αἰγύπτου
3781 556 3875 608 καὶ

2270 631 2479 702 Λιϐύης
2499 671 2512 696 ,
2551 633 2643 685 καὶ
2674 633 2800 696 τοὺς
2829 636 2893 686 ἐκ
2925 634 3019 687 τοῦ
3051 635 3158 688 τῶν
3207 637 3606 710 Ἀλεξανδρέων
3642 640 3873 715 κλήρους

2273 721 2470 785 οἵτινες
2526 721 2956 794 ἐγκληματικῶς
3013 725 3365 796 ἐπιφέρονται
3423 728 3501 798 τῷ
3547 731 3870 804 Αἰγυπτίῳ,

2271 813 2584 885 προσέταξα
2612 815 2896 886 ἐκπέμψαι
2923 817 3016 870 ἐπὶ
3045 818 3250 888 ταύτην
3279 819 3377 890 τὴν
3409 819 3660 890 βασιλίδα
3687 824 3870 890 πόλιν,

2271 907 2706 978 συστησομένους
2751 909 2836 977 ἐφ’
2871 903 3066 981 οἷσπερ
3111 909 3489 978 διδάσκουσιν,
3540 913 3618 976 ὡς
3663 916 3869 969 ἐκεῖνοι

2272 997 2520 1067 φαίωσιν,
2552 998 2763 1068 ἀλόγως
2801 1001 3190 1072 γεγενημένοις
3211 1018 3226 1034 °
3260 1002 3399 1072 μετά
3434 1003 3527 1056 καὶ
3561 1005 3869 1078 Θεοδότης,

2268 1089 2388 1160 ἥτις
2421 1091 2521 1159 τῆς
2558 1088 2870 1154 ὑποθέσεως
2903 1091 3032 1162 ὅλης
3059 1091 3158 1163 τὴν
3193 1091 3351 1160 ῥίζαν
3383 1091 3543 1150 οἶδεν.
3585 1097 3648 1149 Εἰ
3682 1097 3799 1169 γάρ
3833 1100 3864 1168 ή

2270 1181 2411 1234 κατά
2450 1181 2583 1233 Θεὸν
2615 1183 2953 1255 συναγομένη
2985 1184 3200 1248 σύνοδος
3229 1184 3316 1240 διὰ
3350 1186 3458 1240 τῶν
3490 1189 3864 1260 τοποτηρούν-

2271 1288 2380 1334 των
2415 1289 2516 1336 σοι,
2553 1273 2980 1344 ἐναργεστάταις
3006 1274 3343 1340 ἀποδείξεσιν
3373 1277 3578 1348 εὕρωσι
3609 1279 3704 1332 τὸν
3737 1280 3868 1334 656-

2273 1363 2426 1430 φιλον
2469 1363 2693 1430 ταύταις
2728 1366 3071 1421 ὑποπεσόντα
3118 1372 3238 1433 ταῖς
3278 1370 3547 1438 ἀπάταις,
3593 1374 3866 1446 μηδαμῶς

2270 1453 2567 1522 ἀπολογίαν
2610 1455 2733 1509 τινὰ
2769 1455 2802 1527 ἢ
2859 1457 3131 1528 πρόφασιν
3159 1459 3381 1526 ἕξοντα,
3426 1462 3525 1531 τῆς
3561 1464 3864 1536 ἱερωσύνης

2270 1545 2668 1618 ἁπείρξαντες,
2722 1548 2838 1618 μετ’
2893 1549 3074 1613 ἄλλοις
3126 1553 3378 1622 πικροῖς,
3433 1553 3525 1606 τὸν
3578 1556 3864 1611 ἐπίλοιπον

2271 1637 2465 1691 ἑαυτοῦ
2498 1638 2685 1708 βιώσει
2708 1640 2920 1711 χρόνον,
2947 1641 3047 1713 τῆς
3075 1643 3373 1712 μετέπειτα
3402 1645 3496 1698 τοῦ
3531 1647 3666 1701 Θεοῦ
3702 1649 3862 1722 δίκης

2269 1727 2557 1798 δεχόμενος
2590 1729 2659 1783 τά
2693 1731 2782 1783 ἴσα
2803 1771 2818 1796 ,
2851 1731 2920 1784 τά
2950 1733 3207 1805 πρεπώδη
3239 1737 3660 1809 ἀπαραπρέπως
3698 1742 3862 1810 μολύ·

2271 1837 2386 1882 νας.
2420 1820 2766 1887 Καταξιώσει
2814 1819 2907 1877 οῦν
2957 1826 2991 1895 ή
3042 1825 3108 1895 σὴ
3137 1826 3448 1896 εὑλογιστία
3489 1829 3700 1900 γράψαι
3745 1835 3862 1896 τοῖς

2270 1911 2390 1963 καθ’
2425 1912 2665 1983 ἑκάστην
2696 1913 2850 1967 πόλιν
2880 1915 3128 1987 συνήθως
3172 1918 3481 1973 ὑπαντῶσιν
3514 1922 3858 1987 ἐπισκόποις,

2273 2001 2601 2071 συνάγεσθαι
2627 2004 2861 2058 ἐνταῦθα
2886 2007 3001 2077 ἅμα
3022 2001 3103 2071 οἷς
3127 2009 3409 2080 προείλετο
3431 2019 3860 2086 τοποτηρηταῖςο

2268 2090 2369 2143 οὑκ
2397 2090 2636 2145 ἄσκοπον
2664 2092 2772 2166 γὰρ
2819 2093 2881 2146 τὸ
2919 2094 3127 2149 τοιοῦτο
3168 2097 3201 2168 ἢ
3250 2099 3520 2171 ἀζήτητον
3551 2101 3616 2156 ἂν
3647 2119 3863 2174 συγχω-

2271 2183 2536 2254 ρήσομεν.
2567 2202 2585 2236 ι
2616 2185 2821 2257 Γράφει
2849 2185 2905 2240 δὲ
2945 2187 3224 2260 Ἀρκάδιος
3245 2191 3435 2262 καὶτῷ
3456 2193 3669 2264 ἀδελφῷ
3691 2196 3859 2249 αὑτοῦ

2281 2273 2521 2347 Ὀνωρίῳ
2549 2274 2754 2329 ταῦτα·
2799 2295 2818 2328 ι
2886 2278 3104 2349 Ἐπειδὴ
3152 2281 3291 2352 τάχα
3323 2300 3424 2337 που
3483 2285 3858 2354 σχολαζόντων

2270 2363 2427 2434 ήμῶν
2470 2364 2597 2436 περί
2641 2365 2742 2435 τῆς
2783 2365 3096 2436 βασιλείας,
3159 2370 3459 2443 λεληθότως
3511 2374 3776 2446 Θεόφιλος
3833 2380 3861 2430 ό

2271 2446 2464 2516 πάπας
2495 2454 2757 2526 στερῆσαι
2781 2457 2928 2526 ἡμᾶς
2953 2458 3052 2528 τῆς
3073 2459 3239 2529 τιμῆς
3263 2463 3669 2531 κατεπείγεται,
3697 2482 3859 2537 φρονο

2269 2544 2474 2598 τισάτω
2512 2562 2605 2598 σου
2633 2546 2665 2617 ή
2696 2546 3005 2612 εὑδιάθετος
3033 2551 3327 2624 ἀδελφότης
3356 2553 3445 2606 τὸν
3473 2555 3649 2625 μέγαν
3696 2557 3854 2612 Ἰννο-

2268 2634 2477 2689 κέντιον
2525 2638 2781 2708 αἰτῆσαι,
2818 2639 3034 2695 σύνοδον
3061 2641 3378 2714 ἀθροίζοντα
3403 2647 3530 2710 τοὺς
3557 2649 3638 2710 εἰς
3674 2650 3848 2720 πρόσ-

2275 2744 2425 2782 ωπον
2487 2729 2654 2784 αὑτοῦ
2694 2733 2934 2806 γνησίως
2979 2733 3390 2802 διακονοῦντας,
3435 2738 3676 2808 εὐλόγως
3715 2759 3858 2814 προσ

2267 2819 2624 2890 χειρίζεσθαι.
2663 2842 2681 2876 ι

2345 2910 2426 2965 ιδ’.
2483 2912 2694 2983 Γράφει
2740 2915 2797 2970 δὲ
2849 2915 2942 2969 καὶ
2989 2919 3071 2979 εἰς
3144 2918 3550 2992 Ἀλεξάνδρειαν
3600 2923 3860 2995 Νικολάῳ

2263 2997 2414 3053 δουκί
2461 3003 2554 3056 καὶ
2603 3005 2996 3076 αὑγουσταλίῳ,
3039 3007 3276 3062 διέποντι
3314 3011 3584 3084 ἑκατέραν
3624 3016 3806 3087 ἀρχήν
3837 3035 3849 3046 ·

2271 3108 2290 3140 ι
2322 3090 2397 3144 υὺ
2429 3089 2652 3164 λέληθεν
2690 3095 2906 3156 πάντως
2933 3096 3126 3166 ὅτιπερ
3153 3097 3262 3152 τῶν
3320 3099 3450 3170 πρὶν
3481 3103 3789 3178 ἀρχιερέων
3822 3107 3854 3176 ή

2263 3182 2512 3254 τυραννὶς
2554 3182 2626 3253 (b)
2654 3184 2746 3237 καὶ
2777 3186 2811 3254 ή
2856 3185 3161 3256 παντολμία
3185 3188 3248 3242 τδ
3281 3188 3467 3256 σθένος
3499 3191 3727 3259 ῶλεσεν,
3761 3198 3858 3250 καὶ

2263 3277 2344 3338 εἰς
2375 3274 2554 3330 πάντα
2578 3275 2645 3330 τὰ
2671 3276 2799 3350 ἐθνη
2831 3278 3121 3350 διεσπάρη.
3155 3280 3378 3336 Τοιοῦτό
3406 3301 3461 3336 τι
3501 3287 3596 3338 καὶ
3627 3285 3727 3339 νῦν
3755 3305 3856 3357 ση-

2271 3367 2596 3437 μαινόμενον
2627 3368 2924 3441 βλέπομεν·
2958 3372 3019 3425 οὑ
3051 3372 3160 3442 γὰρ
3196 3376 3547 3447 σιωπήσομεν
3587 3378 3670 3448 τῷ
3705 3379 3856 3434 οὕτω

2267 3457 2615 3528 προϐαίνοντί
2662 3477 2742 3513 σοι
2777 3461 2967 3531 κακῷ,
3014 3463 3046 3534 ἢ
3091 3466 3157 3534 τῇ
3198 3463 3446 3538 βασιλείᾳ
3485 3470 3850 3541 μεμφομένῳ.

2265 3547 2409 3617 Πρὸς
2439 3549 2498 3600 σὲ
2526 3548 2700 3602 ταῦτα
2729 3552 3035 3622 γράφομεν,
3059 3554 3254 3625 ὅτιπερ
3311 3557 3411 3628 τὴν
3445 3559 3524 3621 εἰς
3557 3560 3855 3629 πρόσωπον

2261 3634 2418 3706 ήμῶν
2451 3635 2589 3707 ἔχων
2613 3637 2862 3704 ἐξουσίαν
2891 3642 2987 3694 καὶ
3009 3642 3258 3716 δύναμιν,
3287 3646 3536 3718 οὐδαμῶς
3569 3649 3722 3721 ἡμᾶς
3757 3669 3853 3723 μισ

2263 3724 2482 3795 μεῖσθαι
2526 3727 2729 3792 δοκεῖς’
2780 3729 2918 3784 ἀλλά
2957 3731 3152 3804 δώροις
3193 3737 3494 3808 προσέχων,
3542 3740 3654 3793 τῶν
3699 3741 3855 3812 ἐμῶν

2262 3813 2610 3884 προστάξεων
2643 3824 3005 3891 καταφρονεῖς
3038 3862 3053 3888 ,
3087 3824 3182 3878 καὶ
3216 3827 3397 3880 πᾶσαν
3431 3828 3562 3898 ήμίν
3594 3830 3696 3902 τὴν
3748 3849 3855 3887 πε-

2259 3907 2460 3977 ριφανῆ
2506 3904 2824 3963 δυναστείαν
2867 3913 2948 3976 εἰς
2985 3913 3136 3968 οὐδὲν
3169 3915 3359 3981 τίθεις.
3407 3919 3570 3972 Ὅθεν
3612 3922 3717 3975 οὑκ
3745 3923 3857 3990 ἔξω

2255 3997 2352 4068 τῆς
2384 3999 2659 4070 ἡμετέρας
2704 4002 3129 4074 ἀγανακτήσεως
3164 4005 3282 4080 ἔσῃ,
3320 4008 3396 4072 ὼς
3418 4014 3849 4085 καταφρονήσας

2255 4089 2356 4158 τῆς
2387 4090 2698 4162 ὑπερτάτης
2732 4093 2890 4164 ήμῶν
2925 4095 3366 4168 μεγαλειότητος.
3417 4102 3726 4172 Δεχόμενος
3755 4103 3853 4160 οὖν

2255 4180 2323 4234 τά
2353 4182 2527 4236 σεπτά
2557 4185 2651 4238 καί
2680 4188 3030 4258 προσκυνητά
3058 4189 3214 4259 ήμῶν
3242 4192 3549 4262 γράμματα
3576 4196 3848 4265 ἐπιφερό-

2258 4271 2396 4343 μενά
2431 4289 2514 4326 σοι
2557 4273 2645 4328 διά
2679 4275 2884 4330 Βάσσου
2929 4276 3024 4331 τοῦ
3066 4278 3521 4351 καθωσιωμένου,
3569 4287 3852 4358 μηδεμίαν

2253 4365 2529 4436 ἀναμονὴν
2578 4366 2901 4437 ποιούμενος
2948 4369 2982 4441 ἢ
3029 4371 3492 4445 ὑπερτιθέμενος,
3527 4377 3669 4444 ὅλως
3703 4383 3853 4436 κατά

2253 4452 2531 4523 γραφέντα
2559 4470 2641 4507 σοι
2665 4495 2679 4520 ,
2709 4455 2835 4527 δίχα
2864 4458 3044 4530 πάσης
3087 4460 3368 4527 ἐνδόσεως,
3399 4465 3476 4528 ὡς
3508 4469 3851 4542 κατάκριτον

2251 4541 2343 4596 τὸν
2363 4542 2619 4614 Θεόφιλον
2636 4548 2750 4610 τοῖς
2775 4547 2962 4602 ἐνθάδε
2990 4551 3363 4624 παράστησον,
3390 4556 3667 4628 μηδεμίαν
3693 4541 3851 4634 αὑτῷ

2250 4637 2415 4710 τιμὴν
2460 4637 2494 4710 ἢ
2537 4637 2832 4709 θεραπείαν
2872 4640 3067 4706 διδούς.
3116 4644 3287 4708 Εἰδὼς
3331 4645 3409 4711 ὡς
3461 4649 3618 4722 εἰμὴ
3669 4653 3852 4709 ταῦτα

2250 4731 2413 4785 παντὶ
2444 4730 2635 4802 τρόπῳ
2657 4772 2672 4797 ,
2707 4731 2859 4803 φόϐῳ
2899 4733 3080 4805 πολλῷ
3120 4737 3386 4805 ποιήσεις,
3421 4741 3501 4802 εἰς
3531 4741 3706 4814 αὑτήν
3747 4745 3855 4816 τὴι)

2249 4820 2393 4893 ζωὴν
2427 4823 2520 4876 καί
2547 4822 2644 4894 τὴν
2676 4823 2951 4895 σωτηρίαν
2993 4825 3380 4893 κινδυνεύσεις.
3407 4829 3547 4894 Τοὺς
3578 4831 3637 4886 δέ
3704 4853 3847 4890 κατσ

2248 4912 2482 4982 ηγόρους
2511 4910 2698 4973 αὑτοῦ,
2726 4912 2922 4977 οἵτινες
2937 4915 3224 4969 ἐπίσκοποι
3253 4917 3348 4970 καὶ
3367 4919 3620 4991 κληρικοὶ
3649 4929 3848 4997 τυγχά-

2248 5020 2448 5068 νουσιν,
2478 5004 2594 5074 ἆμα
2636 5004 2866 5080 Θεοδότῃ
2909 5006 3228 5063 ἀπόστειλον
3264 5011 3398 5081 πρὸς
3439 5014 3624 5084 ἡμᾶς’
3658 5017 3694 5088 ή
3736 5019 3848 5091 γάρ

2247 5094 2388 5148 κατά
2446 5092 2580 5147 Θεοῦ
2644 5094 2808 5165 νόμον
2876 5103 3216 5171 συναγομένη
3261 5101 3321 5172 (ι.
3395 5102 3462 5157 72
3505 5107 3561 5176 a)
3617 5107 3842 5174 σύνοδος

2245 5182 2417 5237 ταῦτα
2463 5183 2639 5238 πάντα
2692 5188 3065 5257 γυμνάζουσα,
3115 5190 3214 5262 τὴν
3278 5193 3598 5264 πρέπουσαν
3656 5201 3837 5274 ἑαυτῇ

2245 5273 2424 5345 κρίσιν
2459 5274 2684 5339 δικαίως
2714 5277 3040 5350 ἐκφωνήσει.
3076 5299 3094 5331 ι
3145 5282 3452 5356 Ἀπεστάλη
3491 5287 3550 5341 δέ
3582 5273 3850 5364 θεῖακομ·

2246 5368 2542 5438 μονητόρια
2569 5369 2648 5432 εἰς
2683 5369 2863 5432 πάσας
2901 5369 2999 5434 τὰς
3031 5371 3304 5444 ἐπαρχίας
3331 5379 3443 5441 τοῖς
3475 5379 3619 5434 κατά
3653 5383 3847 5454 χώραν

2244 5456 2583 5523 ἐπισκόποις,
2615 5458 2857 5530 ὑπαντᾷν
2901 5461 2995 5513 καὶ
3025 5461 3230 5534 κρίνειν
3259 5465 3328 5520 τά
3359 5469 3505 5536 κατά
3530 5472 3663 5536 τοὺς
3699 5491 3845 5528 κατο

2244 5547 2476 5619 ηγόρους
2508 5551 2791 5618 Θεοφίλου.
3723 5566 3735 5576 ’

2249 5677 2489 5800 ἔρριψε
2530 5679 2693 5749 (apud
2729 5677 2893 5736 Savil.
2929 5688 2968 5734 ι.
3009 5681 3149 5748 VIII,
3186 5699 3238 5754 p.
3278 5684 3404 5757 ΞΗ)
3431 5686 3582 5744 hunc
3623 5705 3844 5748 memo-
