4038 6154
207 407 213 414 ,
266 343 378 389 va
1061 323 1147 382 DE
1188 320 1346 382 vna
1386 318 1470 380 ET
1513 319 1786 381 exstuo
1824 325 1862 381 Ξ,

268 445 591 517 Theophili,
642 443 905 498 voluntati
941 452 1134 500 vestra:
1167 445 1389 514 parebo,
1451 455 1506 498 et
1556 443 1860 513 Theophili)

266 541 472 609 ejecto,
511 537 773 592 Isidorum
828 538 984 592 vobis
1022 537 1332 607 praeficiam.
1383 536 1685 605 Statimque
1717 536 1860 590 idem

268 631 528 686 Nicolaus
581 638 781 700 praetor
835 629 1084 684 tribunos
1115 629 1422 698 militesque
1478 627 1664 692 mittit,
1720 637 1780 682 ut
1807 628 1862 681 iu

173 750 183 755 -
267 721 428 792 equis
457 721 722 774 Isidorum
750 720 1004 774 abbatem
1031 719 1381 774 adducerent.
1414 719 1486 771 At
1518 733 1648 773 vero
1679 717 1863 772 Theo-

266 812 452 884 philus
479 818 698 880 sumpto
719 811 955 865 mendici
978 810 1189 873 habitu,
1223 810 1277 864 in
1312 809 1657 864 sacerdotum
1683 807 1861 879 regio-

264 918 394 958 nem
421 904 676 967 mittitur,
703 903 833 957 dum
871 902 1124 956 Nicolaus
1148 908 1348 971 prmtor
1377 900 1647 954 concitata
1675 900 1860 954 omnia

265 998 461 1054 sedare
507 998 694 1052 studet
729 1015 742 1050 :
780 996 1007 1067 largitus
1059 995 1272 1050 caeteris
1300 993 1620 1064 vagantibus
1668 1007 1860 1046 mona-

265 1093 391 1146 cbis
423 1093 586 1156 dona,
621 1100 683 1145 ut
730 1091 952 1145 domum
1002 1095 1342 1144 revertentes
1366 1087 1588 1158 paciﬁca
1614 1088 1860 1156 apprime

264 1184 609 1245 nuntiarent,
647 1183 774 1237 dato
795 1183 960 1237 etiam
989 1181 1295 1236 defensore.

339 1276 427 1328 Il.
471 1273 640 1344 Igitur
667 1272 885 1342 cognita
918 1271 1154 1325 Isidorus
1177 1270 1344 1324 abbas
1393 1284 1556 1324 causa
1601 1267 1670 1322 ob
1697 1280 1860 1337 quam

265 1365 654 1434 quaerebatur,
690 1363 834 1415 linea
876 1371 1025 1416 veste
1069 1361 1314 1425 indutus,
1374 1377 1404 1414 a
1455 1360 1686 1428 quodam
1733 1359 1859 1428 pagi

266 1456 501 1526 praeside
531 1454 876 1508 commodata
895 1494 909 1516 ,
968 1452 1178 1520 sibique
1211 1452 1422 1506 cucullo
1451 1450 1856 1520 circumposito,

265 1546 420 1599 venit
463 1545 518 1598 in
543 1545 839 1598 Mareotem
879 1542 1232 1607 citharizans,
1271 1557 1404 1596 cane
1429 1542 1592 1596 etiam
1639 1557 1697 1596 se
1727 1542 1860 1596 sub-

264 1644 554 1705 sequente.
595 1635 828 1700 Quidam
859 1649 987 1688 vero
1014 1633 1271 1687 tribunus
1303 1627 1527 1686 nomine
1556 1631 1859 1686 Cautharo—

265 1729 372 1782 dus
401 1727 614 1782 obviam
646 1726 694 1780 ei
726 1726 921 1788 factus,
948 1724 1082 1779 dixit
1113 1741 1126 1776 :
1162 1744 1180 1776 ‹
1212 1724 1350 1778 Vere
1375 1734 1432 1778 tu
1458 1739 1686 1794 magnus
1725 1724 1808 1777 vir
1841 1743 1854 1778 :

265 1825 524 1886 potesne,
577 1824 894 1886 accepturus
944 1815 1237 1884 pecuniam
1271 1813 1551 1882 multaque
1605 1825 1853 1873 munera,

261 1909 652 1963 demonstrare
682 1906 832 1963 nobis
862 1905 1112 1960 abbatem
1152 1903 1465 1958 lsidorum?
1495 1923 1510 1952 ι
1546 1899 1614 1955 At
1643 1901 1731 1955 ille
1763 1916 1858 1955 co-

264 2018 385 2055 ram
412 2001 504 2055 illo
532 2015 588 2054 se
612 2000 810 2054 sistens
837 2013 961 2052 cum
990 1996 1189 2061 catulo,
1222 1995 1390 2065 coepit
1419 1994 1486 2048 ad
1518 1993 1739 2047 citharae
1768 2007 1858 2045 so-

263 2093 444 2146 nitum
476 2091 674 2144 saltare
707 2107 720 2141 :
753 2103 914 2158 quem
945 2102 1067 2141 mox
1102 2087 1411 2156 despiciens
1442 2084 1718 2147 tribunus,
1756 2095 1857 2136 nec

260 2183 378 2252 jam
412 2182 521 2236 ullo
569 2181 738 2235 verbo
769 2179 1042 2250 dignatus,
1078 2177 1324 2232 recessit.
1357 2175 1447 2230 Sic
1507 2175 1603 2239 illi,
1633 2189 1691 2226 re
1718 2172 1857 2226 infe-

265 2282 379 2336 cta,
409 2273 478 2326 ab
506 2272 714 2326 Isidoro
744 2269 949 2324 reversi
972 2278 1119 2324 sunt.
1157 2268 1311 2322 Tunc
1341 2265 1677 2336 Theophilus
1696 2261 1856 2318 donis

265 2365 482 2436 placato
530 2371 784 2434 praetore,
842 2360 1062 2430 reliquis
1099 2359 1262 2413 etiam
1307 2357 1553 2428 partibus
1583 2355 1855 2426 congiario

264 2455 416 2519 dato,
448 2453 735 2523 magniﬁce
765 2452 821 2506 in
852 2453 1046 2506 urbem
1074 2449 1356 2515 remeavit,
1410 2463 1721 2518 quanquam
1753 2446 1854 2517 ipsi

264 2546 336 2600 ab
365 2560 431 2600 eo
461 2543 734 2598 munerati
763 2542 1194 2597 detestabantur.

342 2638 429 2692 12.
463 2636 687 2690 Interim
751 2634 1006 2689 monachi
1060 2633 1135 2686 illi
1192 2648 1224 2686 a
1267 2631 1572 2700 Theophilo
1632 2628 1850 2699 pulsati,

265 2728 442 2782 multa
467 2742 500 2781 a
526 2726 712 2781 multis
738 2726 838 2781 viae
859 2725 1100 2780 subsidia
1123 2723 1290 2789 nacti,
1315 2721 1546 2792 profecti
1568 2729 1698 2775 sunt
1723 2720 1853 2774 Ilie-

267 2819 537 2889 rosolyma
565 2817 636 2872 ad
667 2816 950 2871 Silvanum
978 2816 1053 2870 ibi
1087 2815 1426 2885 episcopum,
1459 2811 1528 2866 ad
1571 2812 1726 2881 cujus
1757 2825 1854 2880 pe-

265 2905 366 2958 des
391 2903 700 2958 accidentes
729 2919 844 2958 rem
865 2918 986 2972 qua:
1011 2902 1113 2957 sibi
1135 2909 1394 2957 evenerat
1416 2907 1716 2971 exponunt.
1749 2898 1851 2953 Mi-

265 3005 421 3051 ratus
450 2995 539 3048 ille
582 2995 753 3049 mittit
780 2996 880 3050 viae
903 2995 1158 3050 comitem
1186 2994 1505 3050 Juvenalem
1537 2994 1848 3047 diaconum.

265 3088 336 3142 Et
361 3095 496 3141 tunc
523 3087 740 3140 demum
771 3086 839 3140 ad
869 3086 1076 3156 regium
1116 3084 1432 3139 comitatum
1456 3091 1723 3138 venerunt
1751 3084 1853 3137 ho-

265 3179 465 3243 mines,
506 3177 601 3247 qui
629 3192 772 3246 saepe
800 3193 923 3231 cum
949 3176 1288 3232 daemonibus
1329 3175 1760 3240 decertaverant,
1800 3183 1857 3229 et

267 3269 588 3324 cellularum
645 3283 866 3322 suarum
926 3266 1134 3322 foribus
1191 3281 1467 3335 nunquam
1513 3265 1850 3334 prodierant.

263 3361 454 3430 Itaque
484 3361 541 3415 bi
573 3359 827 3415 monachi
860 3357 1385 3427 Constantinopolim
1413 3356 1614 3422 delati,
1648 3361 1852 3411 etcum

263 3451 480 3507 Joanne
504 3452 802 3523 congressi,
835 3451 987 3506 donis
1017 3451 1086 3504 ab
1108 3465 1174 3504 eo
1204 3457 1331 3504 sunt
1364 3447 1564 3503 affecti.
1601 3445 1853 3518 Hospitio

263 3553 450 3599 autem
481 3543 712 3613 recepit,
761 3552 817 3598 et
873 3541 1077 3596 aﬂatim
1128 3540 1434 3596 necessaria
1486 3537 1852 3607 snppeditavit

262 3633 540 3706 Olympias
578 3633 900 3699 diaconissa,
950 3643 1205 3702 tanquam
1258 3629 1464 3685 sanctis
1515 3625 1849 3692 hominibus,

263 3742 392 3798 quae
442 3726 727 3781 facultates
772 3740 899 3779 suas
926 3738 1114 3779 omnes
1142 3722 1428 3795 egentibus
1467 3720 1848 3792 elargiebatur,

262 3831 320 3875 et
360 3818 595 3875 ascetico
649 3817 900 3871 instituto
964 3815 1256 3886 probisque
1303 3812 1546 3870 moribus
1593 3813 1852 3883 praeclare

263 3911 527 3982 fulgebat,
569 3916 793 3976 eratque
821 3905 1018 3962 Joanni
1069 3906 1361 3962 admodum
1411 3906 1576 3960 chara
1628 3913 1852 3975 propter

261 4003 392 4058 vita:
425 4001 770 4056 sanctitatem
824 4007 881 4055 et
925 3996 1224 4055 secundum
1258 3995 1428 4052 Deum
1477 3996 1851 4051 conversatio-

261 4107 427 4155 nem;
459 4106 585 4145 nam
628 4096 815 4145 sancta
844 4084 1121 4144 communi
1171 4084 1574 4143 existimatione
1611 4084 1852 4140 habeba-

259 4193 374 4237 tur.
408 4181 688 4237 Iuvenalis
713 4189 896 4236 autem
919 4179 1130 4234 litteras
1159 4176 1474 4248 imperatori
1521 4177 1761 4243 tradidit,
1794 4181 1850 4233 et

259 4275 401 4331 alias
437 4273 656 4340 Joanni,
709 4273 800 4343 qui
845 4272 1048 4343 pariter
1084 4287 1115 4325 a
1145 4287 1204 4326 se
1232 4279 1483 4341 acceptas
1531 4267 1847 4340 imperatori

259 4365 516 4421 reddidit.
549 4364 796 4419 Territus
831 4381 961 4421 vero
991 4365 1284 4435 imperator
1320 4363 1458 4419 nihil
1507 4365 1724 4435 quidem
1756 4380 1846 4419 re-

256 4457 457 4529 galiter
485 4456 666 4511 facere
690 4457 877 4522 voluit,
911 4466 1150 4513 attamen
1174 4455 1437 4528 synodum
1472 4456 1585 4512 fieri
1617 4458 1846 4512 manda-

255 4549 338 4602 vit
363 4589 379 4614 ,
407 4547 747 4618 Romamque
777 4548 845 4603 ad
875 4548 1247 4604 Innocentium
1284 4565 1477 4619 papam
1503 4548 1712 4604 litteras
1737 4549 1844 4602 mi-

255 4639 348 4704 sit,
382 4656 616 4710 quarum
641 4641 760 4695 haec
779 4640 1112 4696 continentia
1139 4641 1273 4695 fuit:

332 4730 421 4787 13.
461 4751 480 4784 ι
505 4728 712 4797 Victor,
737 4729 1022 4802 gloriosus,
1043 4732 1190 4792 felix.
1209 4729 1474 4786 Arcadius
1485 4731 1635 4786 Patri
1652 4737 1842 4784 nostro

255 4821 512 4876 salutem.
561 4821 788 4876 Divinas
837 4818 1067 4892 syllabas
1119 4822 1188 4876 ad
1244 4824 1631 4891 paternitatem
1688 4828 1839 4874 tuam

254 4914 510 4969 misimus
545 4929 645 4985 per
668 4913 1027 4984 Mulpentium
1057 4914 1312 4969 devotum
1342 4911 1754 4984 magistrianum
1783 4916 1840 4966 et

249 5007 587 5075 adjutorem,
610 5006 913 5070 hortantes,
942 5015 1003 5060 ut
1023 5007 1209 5062 coacta
1236 5020 1387 5061 more
1416 5004 1577 5060 solito
1608 5005 1833 5076 synodo,

249 5097 321 5150 de
353 5093 481 5148 istis
512 5094 842 5149 calamitosis
887 5092 1268 5149 Alexandrinis
1294 5088 1556 5149 canonice
1598 5093 1832 5162 judices,

252 5192 312 5241 ut
338 5185 615 5258 depositio
638 5185 924 5257 Theophili
955 5187 1024 5243 ab
1048 5186 1134 5241 his
1156 5187 1268 5256 jam
1296 5185 1454 5249 facta,
1477 5187 1546 5242 ab
1573 5183 1837 5241 Occiden-

251 5275 458 5331 talibus
512 5293 730 5348 quoque
787 5279 1058 5349 episcopis
1111 5275 1420 5350 generalius
1483 5278 1831 5333 decernatur.

247 5368 452 5424 Nostro
477 5384 696 5441 quoque
725 5369 878 5425 fratri
904 5376 959 5425 et
1011 5370 1362 5441 conreguanti
1407 5368 1666 5433 IIonoric,
1724 5369 1834 5424 filio

249 5471 364 5526 tuo,
401 5460 618 5533 scripsi,
648 5471 712 5516 ut
743 5469 795 5516 te
822 5468 974 5534 roget
1000 5477 1108 5532 quo
1136 5461 1398 5517 libentius
1428 5460 1531 5515 hoc
1577 5460 1833 5531 nullaque

247 5551 572 5622 interposita
603 5568 757 5608 mora
787 5554 1058 5623 perficias.
1090 5552 1259 5624 Igitur
1288 5567 1402 5616 eos,
1432 5551 1524 5620 qui
1571 5553 1831 5608 sanctita-

316 5736 386 5807 (ὸ)
415 5736 553 5792 Cod.
590 5739 874 5806 τυραννίδι.

489 5848 767 5906 ΡΑτιιοι.
811 5849 920 5906 Gn.
970 5849 1022 5908 Χ
1038 5849 1222 5908 LVII.

1868 367 1880 379 .
1925 317 2212 383 JOANNIS
2249 324 2751 384 CIIIIYSOSTOMI.

3413 343 3540 386 ιινι

1973 453 2081 498 tem
2113 455 2256 500 tuam
2296 449 2726 518 appellaverunt,
2764 447 2978 520 .Egypti
3020 456 3076 502 et
3123 448 3306 522 Libyae
3333 451 3550 521 episeo-

1969 553 2088 606 pos,
2125 547 2180 592 et
2204 538 2558 595 Alexandrini
2586 540 2718 594 cleri
2755 540 3012 610 reliquos,
3067 540 3364 596 transmitti
3407 541 3548 612 jussi

1969 631 2037 684 ad
2067 631 2207 687 hanc
2247 634 2448 702 regiam
2485 635 2698 697 urbem,
2745 643 2807 687 ut
2854 634 3232 689 demonstrent
3281 650 3402 704 qua:
3448 635 3553 705 ipsi

1969 731 2231 777 oretenus
2255 724 2412 778 aiunt
2438 724 2886 779 irrationabiliter
2912 733 3032 780 acta
3058 725 3228 781 fuisse
3256 744 3271 780 :
3300 742 3403 782 nec
3437 743 3548 782 non

1969 823 2026 869 et
2053 815 2223 884 ipsam
2252 815 2609 880 Theodotem,
2631 832 2753 886 quae
2783 817 2947 872 totius
2977 818 3054 872 rei
3079 819 3342 890 originem
3373 821 3546 876 novit.

1965 904 2102 962 Nam
2135 907 2181 961 si
2210 908 2436 963 collecta
2476 908 2775 963 secundum
2807 909 2976 963 Deum
3005 911 3245 980 synodus
3280 927 3380 982 per
3403 913 3550 985 lega-

1970 1003 2054 1050 tos
2118 1003 2277 1065 tuos,
2333 999 2572 1054 evidenti
2643 998 3111 1054 demonstratione
3179 1004 3546 1071 compererit,

1969 1081 2334 1157 Theophilum
2364 1090 2468 1144 hoc
2492 1103 2678 1144 errore
2717 1103 2838 1144 esse
2871 1089 3207 1160 prolapsum,
3245 1091 3291 1146 is
3341 1094 3547 1149 nullam

1968 1177 2342 1236 defensionem
2369 1190 2464 1236 aut
2491 1182 2901 1237 excusationem
2931 1181 3240 1248 habiturus,
3272 1183 3340 1238 de
3369 1199 3548 1240 sacer-

1966 1277 2115 1332 dotio
2145 1295 2175 1332 a
2210 1280 2364 1335 vobis
2386 1281 2651 1350 dejectus,
2689 1296 2812 1335 cum
2859 1279 3038 1350 poenis
3085 1278 3225 1346 aliis,
3280 1280 3551 1352 reliquum

1966 1374 2094 1430 vita:
2117 1391 2229 1431 sum
2254 1385 2469 1447 tempus
2492 1377 2712 1448 exiget,
2743 1376 3095 1447 divinamque
3144 1376 3350 1446 pariter
3385 1377 3549 1433 ultio-

1965 1485 2094 1524 nem
2133 1480 2320 1541 postea
2349 1473 2680 1542 experietur,
2714 1463 3004 1544 propterea
3035 1473 3181 1543 quod
3229 1488 3318 1528 res
3346 1474 3549 1530 decen-

1969 1575 2050 1621 tes
2081 1568 2400 1624 indecenter
2439 1569 2937 1625 commaculaverit.
2984 1569 3302 1640 Dignaberis
3331 1568 3546 1640 itaque,

1965 1665 2252 1722 benedicte
2279 1668 2458 1734 Pater,
2493 1669 2560 1724 ad
2593 1669 2882 1740 episcopos
2933 1669 2990 1723 in
3041 1669 3271 1740 singulis
3321 1670 3552 1726 urbibus

1965 1763 2032 1818 de
2060 1779 2210 1818 more
2253 1764 2515 1835 degentes
2570 1765 2829 1833 scribere,
2864 1774 2925 1820 ut
2976 1765 3117 1821 istuc
3176 1767 3544 1829 conveniant.

1965 1881 2073 1919 una
2099 1882 2226 1920 cum
2260 1867 2399 1931 illis,
2439 1883 2577 1938 quos
2631 1877 2690 1923 tu
2746 1869 3097 1939 deputaveris
3147 1868 3341 1940 legatis
3394 1871 3547 1934 tuis;

1962 1980 2141 2035 neque
2172 1967 2323 2019 enim
2366 1966 2510 2021 hanc
2535 1981 2652 2021 rem
2697 1968 3162 2036 inconsideratam
3191 1978 3354 2040 atque
3385 1971 3544 2027 inex-

1962 2065 2230 2134 ploratam
2253 2081 2375 2120 esse
2401 2067 2693 2135 patiemur.
2733 2087 2752 2117 ι
2787 2067 2965 2121 Fratri
2999 2082 3218 2139 quoque
3238 2083 3339 2124 suo
3361 2070 3550 2126 Hono-

1964 2165 2050 2220 rio
2103 2163 2290 2220 scribit
2320 2165 2585 2221 Arcadius
2635 2168 2752 2223 haec
2787 2185 2799 2221 :
2837 2189 2854 2220 ‹
2886 2167 3338 2240 Quandoquidem
3386 2173 3550 2228 nobis

1962 2265 2104 2320 circa
2130 2281 2218 2321 res
2238 2267 2477 2337 imperii,
2510 2277 2570 2322 ut
2595 2277 2746 2340 puto,
2772 2269 3074 2340 occupatis,
3108 2270 3244 2326 clam
3270 2269 3551 2344 Theophi-

1963 2368 2046 2422 lus
2075 2383 2214 2439 papa
2242 2370 2506 2424 honorem
2531 2370 2780 2426 deterere
2809 2379 3041 2426 conatus
3067 2381 3171 2438 est,
3203 2381 3361 2427 curet
3388 2374 3546 2429 beni-

1962 2470 2081 2524 vola
2155 2478 2248 2524 tua
2325 2469 2636 2525 fraternitas
2702 2487 2957 2543 magnum
3026 2475 3408 2529 Innocentium
3458 2490 3548 2531 ro-

1959 2585 2116 2640 gare,
2151 2579 2212 2624 ut
2252 2580 2550 2626 convocata
2607 2572 2813 2642 synodo
2868 2571 3052 2627 fideles
3105 2588 3233 2629 suos
3289 2574 3545 2631 ofﬁciales

1960 2669 2305 2725 laudabiliter
2337 2671 2580 2740 deputet.
2620 2689 2639 2722 ›

2033 2773 2118 2827 14.
2152 2771 2353 2829 Scribit
2393 2774 2556 2828 etiam
2603 2772 2990 2831 Alexandriam
3037 2776 3262 2833 Nicolao
3309 2779 3436 2835 duci
3487 2789 3543 2835 et

1959 2874 2247 2945 augustali,
2282 2885 2571 2946 utramque
2600 2875 2920 2947 dignitatem
2957 2880 3204 2934 tenenti:
3273 2899 3292 2933 ι
3329 2880 3446 2936 Non
3492 2892 3548 2938 te

1958 2991 2186 3046 prorsus
2210 2977 2361 3042 latet,
2393 2977 2539 3046 quod
2568 2977 2912 3046 superiorum
2945 2978 3252 3034 antistitum
3303 2984 3547 3052 tyrannis

1958 3087 2123 3150 atque
2151 3078 2373 3133 audacia
2429 3079 2575 3132 vires
2604 3078 2820 3147 imperii
2873 3078 3066 3150 fregit,
3125 3089 3181 3135 et
3239 3082 3293 3136 in
3351 3097 3546 3138 omnes

1959 3186 2147 3250 gentes
2175 3187 2467 3252 propagata
2499 3190 2602 3236 est.
2636 3177 2957 3251 Hujusmodi
2990 3176 3193 3252 aliquid
3222 3200 3370 3240 nunc
3405 3201 3544 3256 quo-
3580 3250 3586 3254 _

1959 3297 2066 3351 que
2114 3281 2363 3335 evenisse
2423 3281 2748 3345 cernimus;
2807 3296 2986 3350 neque
3041 3283 3191 3336 enim
3243 3285 3542 3342 tacebimus

1958 3399 2140 3439 coram
2170 3384 2305 3438 adeo
2333 3389 2614 3438 crescente
2639 3383 2783 3453 apud
2841 3391 2893 3438 te
2940 3384 3084 3440 malo
3138 3395 3195 3440 et
3249 3387 3542 3459 imperium

1957 3487 2375 3542 dehonestante.
2404 3484 2534 3541 Haec
2561 3486 2628 3540 ad
2664 3493 2718 3541 te
2761 3486 3071 3552 scribimus,
3109 3489 3235 3556 quia
3279 3490 3404 3546 istic
3435 3507 3540 3548 no-

1957 3595 2074 3645 stro
2102 3588 2324 3644 nomine
2352 3596 2678 3659 potestatem
2710 3587 2966 3658 viresque
2997 3597 3214 3656 tenens,
3249 3607 3351 3647 nos
3381 3595 3542 3650 mini-

1956 3705 2045 3745 me
2073 3686 2274 3745 imitari
2299 3685 2539 3752 videris;
2594 3688 2690 3744 sed
2745 3689 2903 3744 donis
2960 3688 3217 3757 inhians,
3281 3693 3540 3751 mandata

1957 3805 2077 3844 mea
2107 3788 2435 3860 aspernaris,
2469 3797 2524 3843 et
2551 3797 2796 3844 nostram
2819 3803 3038 3844 omnem
3067 3790 3335 3848 illustrem
3367 3791 3542 3866 digni-

1959 3898 2125 3944 tatem
2155 3888 2308 3945 flocci
2345 3888 2498 3944 facis.
2550 3887 2916 3956 Quamobrem
2965 3889 3395 3962 indignationem
3431 3909 3536 3952 no-

1957 4001 2125 4048 stram
2166 4009 2277 4048 non
2307 3991 2554 4063 effugies,
2587 3998 2776 4061 utpote
2808 3990 2902 4059 qui
2946 3990 3388 4048 sublimissimam
3432 4009 3536 4050 no-

1955 4104 2122 4152 stram
2152 4095 2580 4167 magnitudinem
2608 4092 2763 4163 pensi
2788 4107 2899 4147 non
2925 4092 3206 4151 habueris.
3245 4092 3442 4151 Statim
3469 4109 3536 4153 ac

1955 4195 2118 4268 igitur
2150 4212 2329 4252 sacras
2357 4211 2422 4251 ac
2472 4191 2812 4250 venerabiles
2840 4193 3049 4248 litteras
3105 4203 3340 4260 nostras,
3397 4211 3533 4268 quas

1952 4297 2180 4352 devotus
2208 4295 2406 4349 Bassus
2441 4294 2637 4359 tradet,
2668 4293 2966 4364 acceperis,
2995 4294 3143 4348 nulla
3177 4309 3326 4350 mora
3354 4295 3530 4351 inter-

1950 4399 2150 4471 posita,
2185 4397 2410 4452 omnino
2464 4404 2629 4466 prout
2683 4394 2782 4449 tibi
2813 4385 3107 4458 scribitur,
3164 4396 3370 4466 absque
3421 4397 3533 4452 ulla

1949 4491 2304 4564 indulgentia,
2337 4488 2697 4559 Theophilum
2727 4496 2984 4558 tanquam
3014 4502 3170 4542 reum
3202 4489 3312 4543 huc
3349 4498 3530 4544 trans-

1949 4592 2152 4656 mittes,
2183 4588 2395 4643 nullum
2419 4585 2523 4656 ipsi
2583 4584 2846 4638 honorem
2878 4591 2973 4636 aut
3025 4582 3315 4636 comitatus
3365 4582 3529 4638 obse-

1947 4690 2136 4760 quium
2166 4685 2454 4743 adhibens.
2503 4680 2788 4750 Velimque
2839 4677 2999 4745 scias,
3054 4677 3199 4748 quod
3250 4676 3354 4732 nisi
3410 4679 3530 4737 haec

1946 4793 2208 4854 perquam
2234 4787 2485 4836 accurate
2514 4776 2793 4845 multoque
2822 4788 2945 4828 cum
2980 4780 3130 4829 metu
3172 4787 3418 4846 peragas,
3458 4775 3528 4830 de

1948 4880 2061 4951 ipsa
2093 4878 2200 4933 vita
2233 4887 2324 4932 tua
2352 4890 2417 4930 ac
2446 4873 2621 4930 salute
2643 4865 3058 4945 periclitaberis.
3093 4870 3231 4926 Tum
3260 4880 3317 4926 et
3343 4870 3526 4933 Theo-

1943 4977 2078 5049 phili
2121 4981 2465 5031 accusatores
2490 5011 2506 5036 ,
2553 4971 2671 5026 sive
2726 4968 2969 5040 episcopi
3013 4968 3126 5023 sint
3163 4967 3278 5024 sive
3317 4969 3526 5038 clerici,

1943 5090 2068 5131 cum
2101 5073 2399 5139 Theodote,
2435 5071 2502 5128 ad
2528 5084 2631 5125 nos
2659 5068 2854 5129 mitte;
2882 5079 3011 5122 nam
3038 5065 3192 5136 juxta
3222 5064 3322 5120 Dei
3351 5065 3528 5137 legem

1941 5179 2127 5228 coacta
2152 5170 2408 5241 synodus,
2441 5168 2529 5222 his
2556 5165 2812 5221 omnibus
2848 5151 3153 5220 ventilatis.
3208 5160 3431 5232 dignum
3463 5176 3524 5217 se

1941 5272 2056 5342 ipsa
2098 5266 2365 5339 judicium
2417 5266 2563 5334 juste
2627 5261 3021 5333 pronuntiabit.
3097 5277 3116 5310 ι
3169 5258 3334 5316 Missa
3392 5269 3522 5314 sunt

1940 5363 2181 5421 etiamin
2213 5359 2524 5432 provincias
2548 5371 2740 5412 omnes
2767 5354 3181 5414 commonitoria
3221 5354 3290 5409 ad
3337 5353 3519 5425 regio-

1939 5477 2071 5517 num
2099 5458 2403 5532 episcopos,
2437 5461 2500 5509 ut
2525 5453 2593 5509 ad
2635 5451 2992 5522 judicandum
3037 5452 3190 5520 juxta
3232 5458 3525 5508 accusato-

1939 5576 2058 5615 rum
2087 5552 2549 5627 expostulationes
2573 5549 2948 5632 convenirent.
