4038 6154
560 359 708 403 ικγιι

632 472 714 521 ιε’.
759 464 818 520 '0
854 464 911 518 δέ
959 467 1058 535 τῆς
1117 464 1447 535 Ἀντιοχείας
1491 465 1791 527 ἐπίσκοπος
1838 464 2038 532 νοήσας
2084 457 2144 508 τὸ

563 545 936 620 μελετώμενον
988 547 1092 600 ὑπὸ
1139 547 1239 618 τῆς
1291 547 1586 612 Εύδοξίας,
1633 546 1768 600 διότι
1817 547 2022 616 ἐνεῖχεν
2069 543 2146 616 τῷ

574 632 795 702 Ἰωάννῃ
841 630 1171 701 ἐλεγχομένη
1215 631 1346 700 παρ’
1392 631 1560 684 αὐτοῦ
1582 671 1596 696 ,
1646 628 1834 692 καθὼς
1881 628 2146 700 Ἡρωδιὰς

562 715 668 769 ὑπὸ
713 714 960 768 Ἰωάννου
1007 713 1100 768 τοῦ
1135 715 1445 768 Βαπτιστοῦ
1479 716 1739 785 ἠλέγχετο
1769 715 1887 786 ἅμα
1933 714 2143 786 Ἡρώδῃ

558 799 638 870 τῷ
661 800 866 870 ταύτην
903 801 1141 871 γήμαντι
1175 799 1313 871 μετά
1339 801 1626 854 συνουσίαν
1654 801 1751 854 τοῦ
1785 800 2016 870 ἀδελφοῦ
2049 803 2147 856 αὐ-

560 883 686 947 τοῦ,
733 883 918 946 καθὼς
963 885 1022 937 ἐν
1076 883 1426 952 Εὑαγγελίοις
1475 884 1717 953 λέγεται.
1764 885 1990 953 Γέγονεν
2035 883 2143 954 γὰρ

558 964 768 1019 τοιοῦτο
801 966 1002 1037 μεταξὺ
1047 965 1292 1020 Ἰωάννου
1345 968 1440 1020 καὶ
1469 967 1568 1038 τῆς
1612 966 1872 1034 Εύδοξίας
1894 984 1908 998 ·
1937 965 2142 1037 Συνέϐη

558 1050 669 1122 γὰρ
702 1049 955 1119 γενέσθαι
985 1049 1081 1120 τὴν
1108 1050 1351 1120 βασιλίδα
1381 1052 1508 1123 περὶ
1537 1052 1628 1104 τὸν
1663 1050 1940 1120 βασιλικὸν
1966 1051 2145 1120 ἀμπε-

558 1133 727 1197 λῶνα,
764 1130 1024 1187 εἰσελθεῖν
1053 1132 1220 1205 αὐτὴν
1248 1135 1328 1197 εἰς
1360 1133 1658 1204 ἀμπελῶνα
1685 1131 1942 1204 γυναικὸς
1967 1134 2144 1205 χήρας

562 1214 929 1285 πλησιάζοντα
965 1215 1062 1268 τοῦ
1111 1216 1313 1286 ἐαυτῆς
1345 1216 1700 1287 ἀμπελῶνος,
1737 1217 1845 1269 εἴτε
1883 1215 2145 1278 ἑκουσίως

557 1299 671 1352 είτε
702 1299 974 1362 ἀκουσίως
999 1341 1013 1363 ,
1057 1299 1152 1352 καὶ
1190 1299 1352 1369 κόψαι
1385 1302 1681 1373 σταφυλήν.
1723 1299 2064 1372 Προεϐἀλετο
2088 1299 2145 1352 δέ

557 1382 722 1453 αῦτηο
753 1400 772 1433 ι
801 1383 937 1435 Κατ’
959 1383 1185 1451 ἄγνοιαν
1206 1383 1474 1454 εἰσῆλθον,
1500 1385 1686 1454 φησιν,
1715 1386 1810 1437 καὶ
1834 1384 1895 1436 ού
1921 1383 2143 1438 δύναται

557 1466 740 1519 οὐκέτι
789 1465 1121 1538 ἀποδοθῆναι
1175 1469 1240 1538 τῇ
1295 1467 1460 1538 κυρία
1515 1465 1682 1520 αὐτοῦ
1709 1506 1724 1531 ,
1775 1467 1912 1522 ἀλλά
1954 1466 2144 1537 δίδωμι

559 1549 862 1620 ἀμπελῶνα
894 1535 1025 1604 ἀντί
1045 1535 1466 1604 αὐτοῦήπλείονα
1496 1551 1590 1604 καὶ
1617 1549 1869 1620 κρείττω.
1908 1570 1927 1602 ι
1985 1550 2050 1602 Ἦ
2086 1535 2144 1602 δέ

558 1634 706 1704 χήρα
738 1635 798 1687 ού
831 1634 1156 1701 κατεδέξατο
1176 1674 1190 1699 ,
1218 1634 1354 1688 ἀλλά
1388 1635 1727 1704 προσέπεσεν
1761 1635 1840 1706 τῷ
1899 1633 2141 1707 Ἰωάννῃ,

559 1716 709 1780 ὅπως
735 1718 970 1788 ἀποδοθῇ
1006 1717 1142 1786 αὐτῇ
1172 1718 1199 1771 6
1234 1716 1494 1788 ἀμπελὼν
1526 1718 1719 1787 αὐτῆς.
1757 1716 2147 1789 Παραγενόμε-

560 1817 648 1863 νος
681 1801 791 1854 δέὁ
833 1801 1086 1872 Ἰωάννης
1129 1799 1264 1870 πρὸς
1303 1799 1401 1872 τὴν
1451 1800 1732 1871 βασιλίδα,
1779 1801 1926 1868 λέγει
1967 1800 2141 1870 αὐτῇο

563 1904 584 1937 ι
626 1883 980 1955 Οίκτείρησον
1024 1884 1125 1955 τὴν
1157 1883 1355 1953 χήραν,
1387 1885 1481 1936 καὶ
1527 1884 1724 1947 ἀπόδος
1755 1885 1890 1954 αὐτῇ
1920 1883 2011 1936 τὸν
2040 1884 2147 1950 ἀμ-

561 1967 798 2024 πελῶνα.
834 1980 854 2019 ι
909 1968 974 2019 Ἦ
1015 1966 1072 2018 δέ
1115 1981 1313 2036 φησιν’
1364 1983 1384 2018 ι
1429 1967 1613 2036 Νόμος
1653 1966 1929 2036 βασιλικός
1977 1968 2145 2029 ἐστιν,

555 2052 693 2104 ὅπου
724 2048 1077 2120 εἰσέλθωμεν,
1128 2049 1226 2102 καὶ
1263 2050 1329 2102 ἐκ
1358 2047 1452 2102 τοῦ
1488 2049 1700 2120 καρποῦ
1727 2047 1995 2120 ἁψώμεθα
2016 2089 2032 2114 ’
2073 2047 2148 2119 μὴ

559 2132 815 2201 γενέσθαι
843 2132 1036 2205 ἐτέρῳ,
1071 2132 1186 2184 ἀλλ’
1227 2131 1399 2202 ῆτοῖς
1432 2130 1778 2203 βασιλεῦσιν·
1821 2131 1938 2186 ἀντ’
1980 2131 2146 2184 αὑτοῦ

556 2218 618 2272 δὲ
651 2215 947 2288 ἀμπελῶνα
976 2214 1133 2268 ἀλλον
1160 2210 1270 2267 οἷον
1297 2213 1429 2287 θέλῃ
1461 2214 1695 2269 λαϐέτω.
1738 2233 1757 2268 ι
1790 2214 1961 2268 Πάλιν
1988 2209 2080 2266 οὖν
2112 2215 2145 2284 ή

561 2302 707 2372 χήρα
733 2299 935 2361 κόπους
967 2299 1227 2368 παρεῖχεν
1257 2295 1333 2366 τῷ
1369 2297 1591 2368 Ἰωάννῃ
1614 2337 1629 2361 ,
1665 2297 1740 2360 ὡς
1778 2296 2061 2366 δυναμένῳ
2093 2312 2146 2347 τι

561 2382 714 2454 παρά
758 2383 857 2453 τῆς
902 2381 1192 2452 βασιλίδος.
1242 2381 1353 2435 Καὶ
1386 2382 1732 2451 ἐνοχλοῦντος
1789 2381 2034 2434 Ἰωάννου
2080 2383 2144 2450 τῇ

560 2465 821 2537 Εὐδοξίᾳ,
860 2466 990 2520 ποτέ
1028 2465 1125 2535 μέν
1173 2463 1620 2534 παρακαλοῦντος
1661 2464 1834 2534 αὐτὴν
1855 2502 1870 2528 ,
1909 2464 2040 2516 ποτέ
2089 2463 2146 2516 δέ

561 2550 659 2604 καὶ
688 2548 1072 2623 παραϐολικῶς
1115 2547 1494 2611 νουθετοῦντος
1523 2546 1603 2618 (α)
1636 2547 1827 2619 αὐτὴν,
1872 2549 1973 2602 οὐκ
2016 2549 2146 2619 ἡδυ-

562 2633 700 2704 νήθη
729 2631 1002 2686 ἐκσπᾶσαι
1043 2631 1134 2684 τὸν
1163 2630 1463 2702 ἀμπελῶνα
1493 2632 1591 2703 τῆς
1620 2632 1877 2700 γυναικὸς
1915 2633 2010 2685 ἀπ’
2050 2632 2144 2684 αύ-

561 2715 684 2786 τῆς.
730 2715 818 2768 Ἑν
859 2716 957 2786 μιᾷ
1006 2709 1098 2768 οὖν
1135 2714 1243 2766 τῶν
1289 2713 1512 2784 ήμερῶν
1557 2714 2000 2785 παραγενομένου
2047 2714 2142 2768 τοῦ

562 2799 812 2852 Ἰωάννου
840 2797 974 2869 πρὸς
1000 2799 1169 2869 αὐτὴν
1199 2801 1324 2869 περὶ
1362 2797 1550 2851 τούτου
1567 2837 1583 2862 ,
1611 2797 1823 2852 κελεύει
1846 2801 1958 2862 τοῖς
1985 2799 2108 2870 δορυ
2125 2829 2141 2840 ο

562 2881 752 2952 φόροις
778 2881 946 2952 αὐτῆς
971 2883 1180 2934 κλεῖσαι
1207 2881 1300 2944 τάς
1326 2879 1497 2951 θύρας
1525 2880 1834 2952 ἔμπροσθεν
1867 2883 2138 2947 Ἰωάννου,

557 2967 714 3031 ὅπως
749 2966 824 3038 μὴ
855 2964 1071 3038 εἰσέλθῃ
1119 2967 1214 3020 καὶ
1251 2964 1456 3037 λαλήσῃ
1495 2966 1656 3037 αὐτῇ.
1691 2966 1750 3019 '0
1793 2965 1851 3019 δέ
1889 2965 2141 3038 Ἰωάννης

563 3049 1077 3124 προσκαλεσάμενος
1117 3047 1208 3101 τὸν
1238 3047 1475 3119 ἄρχοντα
1514 3049 1613 3118 τῆς
1639 3049 1966 3120 ἐκκλησίας,
1997 3065 2140 3118 παρ-

558 3133 811 3206 ήγγειλεν
840 3131 987 3202 αύτῷ
1019 3131 1190 3201 λέγων
1208 3147 1222 3160 ·
1250 3153 1272 3188 ι
1303 3126 1489 3187 Ὄτ’ἂν
1509 3127 1682 3194 έλθηή
1716 3132 1937 3198 Εύδοξία
1968 3133 2140 3185 εἰσελ-

497 3245 500 3248 ·
558 3217 676 3271 θεῖν
704 3218 784 3281 εἰς
813 3216 908 3288 τὴν
935 3215 1252 3286 ἐκκλησίαν,
1281 3215 1493 3268 κλεῖσον
1515 3213 1826 3287 ἔμπροσθεν
1851 3217 2018 3288 αὐτῆς
2041 3217 2141 3281 τάς

555 3300 752 3372 θύρας,
787 3301 882 3355 καί
929 3299 1082 3354 εἰπὸν
1122 3299 1261 3370 αὐτῇ
1284 3314 1300 3328 ⁸
1364 3291 1612 3364 Ἰωάννης
1693 3299 1850 3354 τοῦτο
1879 3301 2142 3372 προσέτα-

549 3385 670 3451 ξεν.
703 3405 723 3438 ι
750 3386 861 3439 Καὶ
886 3385 994 3438 ἀπὸ
1023 3384 1146 3438 τότε
1173 3382 1388 3454 ηὐξήθη
1415 3384 1652 3454 στερεῶς
1676 3385 1709 3454 ὴ
1730 3384 1897 3454 λέσχη
1929 3384 2137 3456 μεταξὺ

545 3467 805 3534 ’Ἰωάννου
835 3467 932 3520 καὶ
961 3466 1236 3532 Εὑδοξίας.

619 3575 735 3634 ις’.
761 3567 931 3632 Εἰδὼς
963 3563 1056 3622 οὖν
1083 3571 1113 3621 6
1137 3567 1438 3640 καλόγηρος
1463 3572 1492 3622 ό
1533 3569 1809 3640 Ἀντιόχου
1841 3570 2137 3634 ἐπίσκοπος

555 3653 656 3724 τήν
681 3651 899 3724 ἐνέδραν
936 3649 1107 3719 αὐτῆς
1161 3652 1359 3724 σκευὴν
1391 3653 1649 3723 ποιούσης
1679 3651 1822 3706 κατά
1865 3651 2137 3716 Ἰωάννου,

556 3735 996 3806 προσεποιήσατο
1037 3731 1338 3798 ἀσθένειαν,
1385 3735 1477 3787 καί
1524 3735 1584 3787 τὸ
1617 3734 1795 3804 γῆρας
1838 3735 2139 3806 ἀρρωστεῖν

551 3818 724 3871 αὐτὸν
778 3816 838 3880 ἐξ
880 3818 1225 3888 ἀμφοτέρων,
1279 3817 1440 3881 αὐτὸς
1489 3819 1587 3886 μέν
1631 3819 1989 3889 ωραιτηθείς
2037 3819 2139 3872 οὐκ

551 3896 742 3969 ἦλθεν,
771 3899 980 3970 πέμπει
1015 3898 1492 3971 δὲ’τοποτηροῦντι
1526 3901 1686 3954 αὐτὸν
1721 3902 1883 3955 πέντε
1919 3904 2139 3956 ἐπισκό-

553 3998 729 4046 πους,
790 3981 1091 4052 ’Δπαμείας
1131 3983 1407 4052 Διογένην,
1439 3984 1665 4055 Βεροίας
1708 3984 1986 4039 Ἀκάκιον.
2026 3985 2136 4039 Εὐ·

557 4065 921 4136 καιρήσαντος
959 4064 1016 4116 δέ
1047 4065 1379 4136 Σευηριανοῦ
1403 4065 1497 4118 τοῦ
1525 4066 1782 4121 Γαϐάλων
1814 4069 2132 4136 ἐπισκόπου,

556 4145 654 4199 καὶ
700 4147 991 4217 χρῄζοντος
1041 4149 1119 4210 εἰς
1164 4148 1224 4200 τὸ
1269 4149 1593 4219 κωμητάτον
1642 4149 1718 4214 ὼς
1771 4151 2132 4220 λογιωτάτου,

554 4230 739 4299 ᾐτεῖτο
786 4229 858 4298 (b)
915 4231 1138 4300 ποιῆσαι
1193 4232 1323 4284 αὐτὸ
1372 4233 1738 4303 Σαμουσατῶν
1789 4235 2131 4306 Γέμμουλον,

555 4310 780 4380 Ἐδέσης
808 4311 1089 4367 Θεοδόσιον
1111 4331 1125 4346 ο
1171 4309 1335 4386 ἦλθεν
1366 4315 1424 4369 δέ
1459 4318 1552 4370 καὶ
1605 4320 1807 4382 Λεονᾶς
1839 4321 2134 4384 ἐπίσκοπος

569 4395 853 4469 ’Δγκύρων
897 4399 992 4451 καὶ
1039 4398 1201 4463 αὐτὸς
1245 4399 1385 4470 ἔχων
1442 4401 1585 4456 κατά
1649 4403 1892 4457 Ἰωάννου
1916 4421 1928 4435 ι
1987 4397 2132 4457 οὗτοι

554 4479 757 4544 πάντες
781 4481 858 4545 ὡς
877 4481 986 4535 ἀπὺ
1019 4483 1324 4550 συντάξεως
1343 4484 1532 4556 ἐχθροὶ
1567 4487 1835 4541 Ἰωάννου.
1866 4487 2132 4551 Νικόλαος

550 4565 610 4620 δὲ
636 4568 666 4620 6
703 4565 886 4637 ἄρχων
930 4567 1162 4636 ἐνέγκας
1205 4571 1298 4624 τὸν
1330 4569 1605 4639 Θεόφιλον,
1651 4572 1946 4640 ἠπείλησεν
1983 4571 2134 4640 αὐτῷ

540 4648 627 4712 ὡς
654 4650 722 4704 τά
750 4651 1004 4720 ἐλληνικά
1034 4654 1289 4725 χρήματα
1313 4653 1704 4724 διαρπάζοντα,
1733 4655 1960 4726 κείμενα
1983 4655 2133 4725 αύτῷ

549 4730 740 4800 (κατὰ)
775 4735 874 4802 τὴν
903 4735 1149 4788 κέλευσιν
1191 4737 1286 4790 τοῦ
1340 4737 1624 4806 βασιλέως.
1681 4738 1738 4790 ’0
1775 4737 1831 4790 δέ
1874 4737 2131 4807 Θεόφιλος

547 4813 638 4869 διὰ
675 4815 948 4882 Γεωργίου
993 4817 1086 4870 τοῦ
1126 4820 1440 4887 ἀδελφιδοῦς
1480 4818 1643 4874 αὑτοῦ
1691 4820 1787 4874 τοῦ
1832 4821 2127 4892 ἄρχοντος,

547 4896 764 4968 πλήσας
813 4899 882 4949 τὰ
936 4897 1223 4966 βαλλάντια
1281 4903 1642 4972 ἀμφοτέρων,
1701 4905 1858 4976 ἔσχεν
1910 4908 2126 4978 ἀνοχὴν,

547 4978 711 5049 ἄχρις
741 4978 808 5032 ἀν
835 4978 902 5032 τὰ
935 4979 1231 5051 κελλαρικά
1260 4983 1536 5048 Αἰγύπτου
1601 4987 1692 5037 καὶ
1719 4989 2004 5058 ἡδύσματα
2033 4991 2132 5044 Ἰν-

546 5059 667 5123 δίας
691 5060 1043 5132 ὠνησάμενος
1063 5101 1076 5122 ,
1125 5065 1204 5124 εἰς
1238 5063 1397 5116 πλοῖα
1427 5064 1710 5120 ἐνεϐάλετο
1730 5107 1744 5131 ,
1781 5071 1877 5123 σὺν
1917 5073 2132 5126 ἐπισκό-

548 5159 673 5208 ⁸ποις
706 5144 798 5198 καὶ
827 5144 1224 5215 πρεσϐυτέροις
1255 5147 1348 5200 καὶ
1373 5148 1642 5213 διακόνοις
1673 5153 1764 5204 καί
1788 5155 1900 5216 τοῖς
1921 5153 2128 5220 λοιποῖς

547 5227 606 5280 ἐν
643 5227 786 5299 ὔχλῳ
824 5229 995 5300 ἰκανῷ
1019 5246 1033 5262 ⁸
1077 5231 1170 5284 καί
1211 5230 1384 5296 οὕτως
1415 5231 1676 5287 ἔπλευσεν
1708 5236 1890 5308 φόρτῳ
1926 5239 2121 5309 πολλῷ.

619 5326 704 5398 (ΐ.
735 5327 804 5383 72
825 5329 878 5400 6}
931 5328 1014 5395 ιζ’.
1063 5331 1128 5386 Ἡ
1155 5326 1248 5388 οὖν
1285 5333 1513 5399 Εὐδοξία
1545 5335 1635 5390 τὸν
1659 5336 1852 5413 λιμένα
1883 5342 2125 5414 φρουρή-

619 5504 698 5592 (α)
729 5506 1349 5592 ,Οοόηέξουθενοῦντος
1409 5514 1578 5572 Porro
1635 5519 1726 5574 hic
1773 5521 2124 5592 cogitandum

547 5575 681 5648 puto
712 5575 790 5649 (19
805 5577 1040 5632 Nathani
1074 5575 1347 5649 parabolé.

603 5649 708 5775 ἑοὶ
728 5645 829 5700 Hic
867 5656 922 5701 el.
945 5645 1266 5730 alibi—codex
1298 5656 1594 5711 mendosus
1637 5659 2125 5718 reformandusaue

641 5735 672 5772 υ
709 5725 851 5775 amr.
884 5727 981 5774 aut
1007 5720 1141 5775 mihi
1163 5733 1312 5775 certe
1345 5727 1614 5775 obscurus
1653 5737 1786 5775 εει-ξιιμ

550 5716 851 5785 videbatur,
884 5727 981 5774 aut
1007 5719 1141 5778 mihi
1163 5733 1312 5781 certe
1345 5727 1614 5784 obscurus
1653 5737 1786 5788 erat.

1735 338 2088 399 'I‘IIEODORI
2121 337 2664 396 TRIMITHUNTINI

3657 366 3841 410 ωινιιι

2255 470 2394 509 σασα
2426 457 2514 510 διά
2542 458 2821 529 Μαριανοῦ
2850 459 2943 513 τοῦ
2975 459 3291 532 μειζοτέρου
3323 461 3516 532 αὐτῆς,
3551 462 3644 516 καὶ
3689 464 3838 535 φθά-

2250 562 2446 618 σαντας
2471 549 2598 611 τοὺς
2625 549 3007 620 τοποτηρητάς
3047 550 3392 604 Ἰννοκεντίου
3444 550 3534 604 διὰ
3566 547 3667 622 τήν
3702 550 3838 606 σύν·

2245 637 2382 702 οδον,
2427 638 2744 692 ἀπέσπασεν
2781 640 2875 692 ἀπ’
2904 638 3085 692 αὐτῶν
3127 637 3194 691 τά
3229 639 3569 709 γράμματα,
3612 639 3708 692 καὶ
3750 641 3839 703 εἰς

2246 725 2488 797 φρουρὰν
2529 726 2949 789 κατακλείστους
2988 727 3046 780 ἐν
3089 728 3204 788 τοῖς
3235 725 3563 796 Θρᾳκησίοις
3608 724 3839 796 μέρεσιν

2245 814 2502 884 ἐποίησεν
2542 817 2601 869 ἐν
2646 814 3079 886 παραθαλασσίῳ
3125 811 3450 884 καλουμένῳ
3497 811 3736 882 Ἀθύρων
3769 814 3836 865 ἐν

2245 901 2414 972 πολλῇ
2445 903 2738 976 ἀσφαλείᾳ.
2770 904 2999 957 Πάντων
3032 900 3357 972 φθασάντων
3401 901 3502 972 τὴν
3531 901 3834 954 Κωνσταν-

2243 989 2388 1043 τίνου
2425 991 2606 1056 πόλιν,
2658 991 2894 1062 οὐδαμοῦ
2933 993 2980 1044 οἰ
3019 990 3386 1061 τοποτηρηταί
3432 989 3530 1060 τῆς
3580 988 3829 1058 Ῥώμης·

2245 1079 2362 1132 ἀλλ’
2392 1079 2512 1134 οὐδέ
2550 1081 2826 1150 Θεόφιλος,
2862 1084 2910 1134 εἰ
2940 1082 3014 1152 μή
3037 1080 3136 1149 ὀψέ
3163 1097 3316 1134 ποτε.
3357 1079 3418 1132 '0
3451 1077 3545 1132 οὖν
3573 1065 3834 1148 βασιλεὺς

2257 1166 2537 1238 Ἀρκάδιος
2569 1169 2668 1222 οὐκ
2699 1168 2956 1237 ἠνέσχετο
2990 1167 3126 1230 ὅλως
3161 1168 3443 1236 συντυχεῖν
3474 1165 3720 1236 Θεοφίλῳ
3744 1181 3760 1195 ·
3792 1165 3832 1233 ἡ

2242 1254 2299 1308 δέ
2333 1253 2556 1320 Εύδοξία
2587 1255 3053 1326 μεταστειλαμένη
3079 1255 3338 1323 Θεόφιλον
3365 1256 3460 1307 καὶ
3483 1255 3609 1317 τοὺς
3635 1253 3835 1318 ἀλλους

2245 1344 2600 1408 ἐπισκόπους,
2638 1337 2807 1414 ηὗρεν
2853 1343 3064 1406 πάντας
3109 1342 3382 1412 διψῶντας
3426 1342 3525 1414 τὴν
3574 1342 3832 1396 Ἰωάννου

2244 1430 2554 1502 ἐπιϐουλὴν,
2608 1431 2704 1484 καὶ
2741 1432 2951 1494 πάντας
2991 1430 3330 1502 ἠσφαλίσατο
3369 1427 3580 1500 δώροις.
3637 1429 3698 1482 Ὀ
3734 1425 3832 1484 οὖν

2244 1518 2498 1588 Ἰωάννης
2523 1519 2865 1589 νεωτερικῶς
2914 1519 3168 1590 πράττων
3207 1515 3514 1587 ἐξηγήσατο
3548 1516 3690 1570 κατά
3717 1517 3832 1570 τῶν

2246 1606 2558 1660 ἐπισκόπων
2592 1605 2717 1660 τινὰ
2744 1603 2916 1667 οὕτως
2945 1603 3165 1676 ἔχοντα’
3196 1624 3213 1655 ι
3234 1603 3572 1672 Συναγάγετε
3591 1603 3728 1675 πρός
3759 1621 3831 1674 με

2245 1693 2372 1756 τοὺς
2406 1693 2570 1762 ἰερεῖς
2597 1691 2696 1762 τῆς
2721 1691 2984 1762 αἰσχύνης
3009 1690 3287 1753 ἐσθίοντας
3316 1689 3598 1761 τράπεζαν
3655 1691 3829 1756 Ἰεζά-

2248 1781 2360 1844 ϐελ,
2399 1780 2484 1834 ἴνα
2515 1781 2654 1834 εἴπω
2693 1780 2878 1843 αὐτοῖς
2901 1796 2914 1810 ·
2969 1779 3122 1844 Ἕως
3157 1779 3302 1831 πότε
3357 1779 3682 1846 χωλανεῖτε
3733 1780 3829 1833 ἐπ’

2247 1867 2602 1937 ἀμφοτέραις
2646 1867 2780 1934 ταῖς
2817 1869 3048 1937 ἰγνύαις
3088 1865 3290 1936 ῠμῶν;
3322 1868 3394 1920 Εἰ
3437 1864 3608 1920 ἔστιν
3661 1867 3828 1930 Θεὸς,

2247 1956 2574 2022 πορεύεσθε
2615 1954 2808 2007 ὀπίσω
2840 1952 3058 2006 αὐτοῦ’
3089 1954 3138 2005 εἰ
3162 1953 3218 2005 δέ
3245 1955 3277 2022 ή
3317 1951 3564 2024 τράπεζα
3588 1952 3831 2018 Ἰεζάϐελ

2247 2046 2384 2116 αὑτὴ
2418 2047 2568 2112 Θεὸς,
2613 2046 2876 2116 φαγόντες
2907 2043 3222 2115 ἐξεμέσατε.
3267 2066 3287 2098 ι
3339 2046 3402 2098 Οἰ
3444 2045 3502 2099 δέ
3538 2046 3831 2100 ἐπίσκοποι

2248 2137 2526 2192 ἐπέδωκαν
2554 2138 2632 2208 τῷ
2668 2137 2975 2207 βασιλεῖτά
3019 2137 3111 2190 ῐσα
3142 2139 3241 2200 τῆς
3284 2136 3600 2208 ἐξηγήσεως
3647 2137 3830 2191 Ἰωάν-

2247 2242 2360 2287 νου,
2399 2225 2492 2278 καὶ
2531 2224 2774 2296 ἐλυπήθη
2817 2224 2908 2278 διά
2953 2223 3052 2295 τὴν
3097 2223 3354 2290 Εύδοξίαν
3406 2225 3678 2295 μεγάλως.
3718 2227 3831 2280 Καὶ

2247 2314 2405 2378 εὐθὺς
2435 2314 2576 2368 κατά
2615 2315 2872 2384 Θεοφίλου
2917 2315 3167 2386 Ἰωάννης
3215 2316 3475 2388 ἐξήγησιν
3503 2318 3827 2389 ἀπεφήνατο

2245 2403 2418 2466 οὕτως
2443 2403 2652 2473 λέγων·
2711 2422 2728 2455 ι
2766 2404 2862 2469 Τίς
2883 2405 3027 2458 ’ποτε
3075 2405 3185 2458 τῶν
3227 2406 3540 2474 Αἰγυπτίων
3580 2406 3830 2476 θεόφιλος

2246 2495 2494 2563 ἐγένετο;
2546 2496 2630 2559 τίς
2660 2495 2718 2549 δέ
2765 2496 2872 2550 τῶν
2909 2496 3172 2566 θεοφίλων
3217 2496 3316 2569 τὴν
3360 2497 3603 2569 μυσεράν
3646 2499 3830 2552 αὐτῶν

2244 2585 2485 2653 εὐδοξίαν
2565 2585 2625 2636 οὐ
2715 2587 3090 2658 βδελύσσεται;
3126 2607 3143 2640 ›
3179 2583 3314 2642 Εἶτα
3345 2588 3435 2641 καί
3464 2589 3637 2659 αὐτὴν
3661 2589 3830 2643 πάλιν

2243 2673 2566 2728 ἐπιδιδοῦσιν
2612 2676 2690 2747 τῷ
2735 2677 2973 2748 βασιλεῖ·
3025 2677 3120 2731 καὶ
3169 2676 3434 2748 μετετέθη
3480 2677 3514 2750 ή
3563 2677 3828 2748 Θεοφίλου

2242 2767 2615 2835 ἀγανάκτησις
2642 2771 2721 2830 εἰς
2748 2767 3023 2840 Ἰωάννην.

2316 2857 2404 2928 ιη’.
2435 2858 2568 2910 Τότε
2611 2857 2787 2912 λαϐὼν
2824 2861 2852 2912 6
2912 2861 3161 2933 Ἰωάννης
3207 2861 3300 2915 δύο
3339 2859 3448 2914 τῶν
3488 2859 3826 2931 διωχθέντων

2244 2948 2514 3019 μοναχῶν,
2545 2950 2829 3021 Διόσκορον
2856 2953 2950 3005 καὶ
2992 2951 3227 3022 Ἰέρακα,
3247 2953 3374 3016 τοὺς
3399 2953 3698 3024 τροχαλοὺς
3723 2954 3825 3005 αύ-

2238 3041 2368 3107 τῶν,
2401 3042 2802 3112 ἐχειροτόνησεν
2826 3043 3022 3106 αὐτοὺς
3056 3041 3480 3114 πρεσϐυτέρους,
3508 3044 3658 3105 ὅπως
3687 3040 3824 3095 αὐθ-

2239 3132 2470 3204 αιρέτως
2508 3133 2578 3188 τά
2613 3135 2756 3188 κατά
2801 3134 3058 3203 Θεοφίλου
3091 3135 3392 3200 διδάξουσιν
3424 3133 3526 3205 τήν
3576 3133 3816 3188 σύνοδον.

2252 3223 2316 3278 Ἦ
2345 3224 2402 3278 δέ
2430 3223 2655 3288 Εὺδοξία
2697 3224 2936 3278 λαϐοῦσα
2980 3225 3242 3294 Θεοδότην
3265 3265 3281 3291 ,
3307 3226 3341 3296 ἢ
3381 3224 3448 3278 τὰ
3497 3224 3643 3298 χίλια
3671 3225 3825 3296 νομί-

2241 3333 2423 3386 σματα
2470 3315 2700 3370 δέδωκεν
2744 3315 2822 3387 τῷ
2850 3316 2994 3388 ἀϐϐᾷ
3037 3316 3290 3388 Ἰσιδώρῳ
3322 3315 3400 3386 τῷ
3443 3315 3820 3388 πρεσϐυτέρῳ,

2239 3405 2443 3476 ταύτην
2472 3404 2827 3477 Κλημεντίνῳ
2851 3405 2930 3477 τῷ
2962 3406 3186 3477 ἐπάρχῳ
3215 3404 3314 3475 τῆς
3353 3405 3562 3468 πόλεως
3591 3404 3824 3457 δέδωκεν

2239 3496 2319 3559 εἰς
2351 3493 2546 3564 γάμον,
2567 3495 2805 3558 καὶτοὺς
2831 3495 3165 3557 ἐπισκόπους
3180 3494 3460 3562 Αἰγύπτου
3492 3494 3586 3548 καὶ
3615 3493 3826 3562 Λιϐύης

2239 3585 2334 3639 καὶ
2369 3586 2494 3648 τοὺς
2528 3584 2822 3656 κληρικοὺς
2853 3581 2946 3637 τοῦ
2991 3585 3189 3656 μέρους
3239 3583 3504 3656 Ἰσιδώρου
3549 3584 3822 3651 ἐνέγκασα

2237 3675 2430 3748 δώροις
2457 3674 2690 3747 ἔπλησεν
2709 3691 2721 3704 ·
2750 3675 2844 3729 καὶ
2871 3676 2998 3740 τοὺς
3029 3676 3128 3748 μέν
3163 3675 3480 3738 πεισθέντας
3513 3676 3655 3748 αὐτῇ
3681 3675 3822 3730 κατά

2237 3768 2297 3822 τὸ
2317 3766 2575 3821 παλάτιον
2602 3766 2833 3821 δέδωκεν
2858 3767 3281 3840 μετεωρίζεσθαι
3301 3785 3314 3799 ·
3340 3767 3466 3830 τοὺς
3498 3767 3555 3819 δέ
3589 3767 3667 3839 μὴ
3693 3785 3820 3820 πει-

2240 3857 2462 3923 σθέντας
2485 3858 2648 3929 αὐτῇ,
2679 3859 2736 3911 ἐν
2771 3859 3138 3930 Θεσσαλονίκῃ
3171 3857 3449 3928 ἐξώρισεν.
3496 3859 3605 3911 Καὶ
3635 3857 3823 3912 πολλοὶ

2237 3949 2523 4003 ἐπίσκοποι
2549 3949 2644 4003 καὶ
2686 3950 2911 4020 μοναχοὶ
2945 3949 3039 4002 καὶ
3072 3948 3326 4020 κληρικοί
3363 3945 3725 4020 πρεσϐύτεροί
3759 3965 3821 4002 τε

2237 4042 2330 4095 καὶ
2353 4041 2610 4103 διάκονοι,
2635 4041 2696 4094 οὐ
2733 4041 2842 4112 μὴν
2868 4039 3003 4094 ἀλλά
3033 4041 3126 4093 καὶ
3157 4038 3413 4110 παρθένοι
3443 4039 3537 4092 καὶ
3563 4041 3822 4106 γυναῖκες

2235 4131 2630 4204 κοσμιώταται,
2662 4134 2762 4202 ὅση
2793 4131 2859 4187 ἂν
2891 4132 3186 4203 ηὑρίσκετο
3205 4130 3518 4194 κοινωνικὸς
3544 4130 3817 4195 Ἰωάννου,

2236 4224 2435 4296 πολλὴν
2474 4224 2699 4296 ἄθλησιν
2730 4224 3031 4294 ὑπέμειναν
3061 4223 3402 4295 παθημάτων
3426 4239 3440 4254 ’
3476 4222 3570 4276 καί
3597 4217 3667 4293 ἦν
3698 4222 3823 4275 σθέ-

2237 4333 2324 4379 νος
2359 4316 2504 4384 ίδεῖν,
2543 4317 2634 4368 καὶ
2670 4315 2908 4379 ἀκούειν,
2934 4315 3028 4368 καὶ
3058 4314 3322 4386 θρηνῆσαι
3345 4312 3484 4386 ὑπὲρ
3503 4313 3614 4366 τῶν
3645 4313 3824 4378 οὕτως

2233 4407 2436 4470 ἀδίκως
2489 4406 3100 4477 καταδυναστευομένων
3156 4405 3265 4458 τῶν
3329 4403 3670 4472 ἀγαπώντων
3728 4404 3819 4457 τὺν

2235 4499 2506 4570 Ἰωάννην,
2529 4501 2859 4564 ἐπισκόπους
2881 4499 2972 4552 καὶ
3005 4497 3408 4570 πρεσϐυτέρους
3427 4497 3523 4548 σὺν
3549 4496 3819 4559 διακόνοις

2233 4591 2327 4646 καὶ
2361 4591 2639 4662 κληρικοῖς
2675 4592 2768 4643 καὶ
2813 4589 3171 4661 μονάζουσιν,
3205 4590 3262 4641 ἐν
3305 4587 3543 4659 ἐξορίαις
3580 4587 3686 4640 ὑπὸ
3725 4590 3820 4642 ἀν-

2235 4683 2546 4754 ελεημόνων
2568 4681 2870 4753 ἀνθρώπων
2895 4681 3380 4750 ἀπελαυνομένους.
3406 4679 3562 4743 Τινὲς
3605 4679 3664 4733 δέ
3709 4680 3817 4733 τῶν

2236 4775 2592 4846 μοναζόντων,
2635 4774 2729 4828 καί
2758 4773 3014 4844 παρθένοι
3045 4771 3226 4831 καλῶς
3257 4775 3314 4824 ἐν
3343 4772 3573 4842 ἀσκήσει
3595 4770 3817 4842 διαπρέ-

2232 4885 2448 4933 πουσαι,
2480 4869 2757 4935 αἰκισμοῖς
2783 4866 2876 4917 καὶ
2906 4864 3156 4933 βασάνοις
3175 4862 3578 4935 παρεδιδοῦντο,
3610 4863 3817 4919 λαῖκῶν

2231 4975 2288 5011 τε
2329 4957 2385 5010 δέ
2431 4957 2522 5010 καὶ
2567 4954 2840 5024 γυναικῶν
2874 4952 3134 5017 εὐσεϐῶν,
3191 4956 3489 5026 χρημάτων
3529 4955 3814 5026 διαρπαγὴ

2231 5049 2521 5118 ἠπειλεῖτο.
2551 5049 2733 5100 Ταῦτα
2765 5047 2939 5100 πάντα
2970 5047 3076 5099 ὑπὸ
3102 5047 3360 5113 Εύδοξίας
3400 5049 3491 5099 καὶ
3522 5046 3631 5099 τῶν
3653 5047 3813 5119 δορυ-

2232 5142 2413 5212 φόρων
2446 5141 2612 5209 αὐτῆς
2656 5141 2903 5208 ἐγένοντο
2937 5142 3016 5203 εἰς
3062 5139 3315 5209 Ἰωάννην
3348 5143 3440 5193 καὶ
3483 5141 3608 5202 τοὺς
3649 5138 3815 5194 αὑτοῦ

2230 5230 2535 5292 κοινωνούς.
2560 5231 2668 5283 Καὶ
2693 5230 2865 5294 οὕτως
2893 5231 3090 5301 συνέϐη
3123 5231 3211 5283 τὸν
3237 5233 3335 5301 μὲν
3360 5231 3618 5300 Θεόφιλον
3638 5231 3816 5286 ἀπαλ-

2229 5320 2480 5389 λαγῆναι,
2531 5322 2619 5374 τὸν
2657 5322 2712 5373 δὲ
2740 5321 2996 5392 Ἰωάννην
3038 5321 3320 5391 ἐμπεσεῖν.
3365 5323 3425 5374 '0
3451 5322 3508 5374 δέ
3554 5323 3814 5394 Ἰωάννης

2227 5415 2326 5466 οὐκ
2353 5413 2587 5466 ἐπαύετο
2618 5413 2725 5466 τῶν
2755 5413 2872 5466 κατ’
2895 5411 3153 5478 Εύδοξίας
3188 5412 3400 5484 ὕϐρεων
3432 5414 3516 5466 ἐπ’
3544 5415 3816 5486 ἐκκλησίᾳ

2229 5505 2571 5576 καὶδημοσία
2593 5504 2955 5575 ἐξηγούμενος
2975 5521 2989 5535 ·
3021 5505 3102 5576 (c)
3135 5526 3151 5556 ι
3185 5505 3354 5558 Πάλιν
3391 5506 3666 5578 Ἡρωδιὰς
3690 5507 3816 5568 μαί-

2237 5615 2399 5664 νεται,
2427 5598 2586 5652 πάλιν
2613 5596 2852 5653 Ἰεζάϐελ
2887 5595 3136 5649 Ναϐουθέ
3177 5597 3268 5649 τὸν
3305 5597 3607 5665 ἀμπελῶνα
3659 5600 3814 5674 διαρ-

2304 5735 2380 5806 (ε)
2415 5732 2496 5791 ιιι.
2523 5733 2656 5801 Opp.
2688 5730 3080 5800 Chrysostomi,
3106 5739 3144 5784 ι.
3178 5731 3310 5799 VIII,
3345 5733 3448 5788 col.
3483 5732 3607 5788 485.
