4038 6154
254 380 383 428 LXI!

209 445 215 462 Η
335 486 427 542 15.
493 479 791 538 Antiochia:
848 487 1030 534 autem
1088 481 1379 550 episcopus
1440 479 1662 533 rescivit
1715 477 1844 546 quid

1063 361 1152 420 DE
1198 359 1356 422 VITA
1395 359 1481 420 ET
1519 360 1786 420 EXSILIO
1827 359 1883 418 S.
1923 355 2209 418 JOANNIS
2248 361 2756 420 CIIRYSOSTOMI.

3416 378 3526 421 LXX

2020 475 2106 530 l7.
2143 475 2210 529 At
2236 475 2473 529 Endoxia
2499 484 2716 546 portum
2746 474 3061 528 custodiens
3090 489 3185 543 per
3219 471 3522 529 Marianum

257 577 551 637 moliretur
582 572 844 636 Eudoxia,
877 587 1000 641 qua:
1030 569 1228 626 Joanni
1261 572 1477 627 infensa
1525 580 1665 632 erat,
1718 585 1845 639 pro-
1948 567 2140 621 domus
2171 583 2283 621 suae
2315 568 2651 636 przefcctum,
2682 565 2986 620 Innocentii
3024 567 3228 634 legatos
3273 565 3342 620 ad
3394 581 3518 637 syn-

220 657 225 666 ’
260 675 455 741 pterea
477 663 618 734 quod
649 663 981 733 reprehensa
1019 661 1213 724 fuerat,
1247 664 1396 716 velut
1424 661 1554 716 olim
1583 660 1846 714 l-lerodias

258 773 294 816 ι
336 757 548 811 Joanne
576 753 841 822 Baptista,
872 766 981 806 una
1033 767 1156 806 cum
1211 751 1426 806 Herode
1464 751 1556 820 qui
1591 750 1738 804 illam
1770 750 1846 802 in-

258 855 410 904 ceste
435 845 542 901 sibi
572 845 1000 914 desponsaverat
1029 859 1152 912 quae
1180 859 1303 898 cum
1331 843 1498 898 fratre
1527 844 1647 914 ejus
1685 858 1845 912 copu-

258 937 366 992 lata
389 936 594 997 fuerat,
633 945 694 990 ut
729 933 930 989 dicitur
981 934 1036 988 in
1069 933 1377 1005 Evangeliis
1430 931 1644 1005 (Marc.
1675 948 1749 995 vt,
1780 928 1842 984 l7

259 1029 442 1099 sqq.).
474 1026 603 1081 Hac
631 1034 814 1080 autem
845 1025 948 1080 fuit
976 1039 1138 1078 causa
1167 1023 1381 1078 discidii
1413 1022 1554 1078 inter
1577 1021 1842 1077 Joannem

257 1128 318 1175 et
347 1119 648 1174 Eudoxiam
675 1135 687 1170 :
716 1117 956 1187 Contigit
982 1116 1128 1170 enim
1159 1123 1219 1170 ut
1240 1114 1570 1185 imperatrix,
1597 1113 1652 1168 in
1693 1113 1839 1184 regia

257 1211 421 1265 vinea
450 1209 753 1271 diversans,
784 1208 844 1261 in
888 1208 1101 1262 vineam
1128 1207 1345 1262 feminae
1372 1207 1548 1262 viduae
1590 1206 1842 1276 ingrede-

257 1311 413 1356 retur
440 1316 554 1356 sua:
581 1300 815 1370 propriae
850 1298 1170 1368 proximam,
1215 1298 1331 1353 sive
1378 1298 1482 1354 hoc
1517 1305 1713 1368 sponte
1759 1296 1842 1351 fe-

257 1395 398 1450 cerit
431 1393 547 1448 sive
581 1407 732 1457 casu,
770 1397 826 1445 et
861 1405 1022 1445 uvam
1052 1390 1180 1445 inde
1229 1390 1568 1460 praecideret.
1607 1391 1676 1445 Et
1724 1391 1840 1461 ipsa

258 1485 482 1555 quidem
511 1483 728 1538 aiebat:
768 1500 785 1533 ι
826 1480 1127 1536 lnscienter
1160 1481 1268 1537 huc
1294 1496 1414 1536 sum
1445 1481 1711 1553 ingressa,
1745 1481 1840 1536 sed

258 1585 444 1632 tamen
476 1575 636 1629 vinea
666 1572 901 1628 dominae
929 1587 1042 1627 sua:
1067 1572 1326 1643 deinceps
1367 1574 1556 1644 nequit
1586 1573 1796 1629 restitui
1824 1589 1838 1637 ;

259 1665 359 1721 sed
388 1664 548 1718 aliam
573 1679 671 1734 pro
697 1663 785 1716 illa
802 1662 942 1717 dabo
967 1662 1285 1732 ampliorem
1311 1671 1474 1734 atque
1494 1664 1798 1718 meliorem.
1815 1682 1832 1714 ι

260 1755 653 1810 Verumtamen
686 1753 848 1808 vidua
903 1769 1014 1808 non
1075 1753 1291 1809 admisit
1335 1754 1689 1818 oblationem,
1743 1756 1840 1811 sed

255 1844 534 1901 Joannem
574 1843 842 1908 exoravit,
880 1850 940 1897 ut
970 1843 1085 1909 fsibi
1129 1843 1287 1898 vinea
1345 1859 1444 1898 sua
1494 1845 1833 1900 redderetur.

257 1935 420 1990 Tunc
440 1933 679 1989 Joannes
714 1934 1044 2004 imperatrici
1081 1942 1365 1990 conventa:
1412 1935 1630 1990 aiebat:
1676 1955 1694 1987 ‹
1736 1935 1837 1991 Mi-

255 2040 445 2081 serere
474 2024 668 2089 viduze,
693 2024 851 2093 eique
872 2024 1085 2078 vineam
1113 2024 1359 2078 restitue.
1383 2043 1400 2073 ι
1423 2023 1490 2076 At
1520 2025 1610 2078 illa
1635 2043 1646 2077 :
1680 2046 1698 2076 ι
1729 2025 1840 2080 Lex

256 2125 361 2180 est.
401 2134 419 2177 ρ
459 2115 652 2184 inquit,
685 2135 703 2165 ι
735 2115 883 2185 regia
913 2121 993 2174 ut,
1018 2129 1128 2182 quo
1151 2129 1254 2168 nos
1281 2113 1663 2169 intraverimus
1677 2123 1841 2186 atque

256 2207 499 2262 indidem
527 2205 766 2260 fructum
797 2205 1182 2274 carpserimus,
1210 2205 1364 2260 locus
1395 2205 1483 2260 ille
1510 2206 1656 2261 haud
1700 2207 1840 2262 alte-

253 2298 380 2352 rius
402 2311 563 2367 quam
606 2311 796 2366 regum
859 2297 946 2350 sit.
1011 2296 1267 2351 Altamen
1316 2312 1414 2366 pro
1481 2297 1570 2351 illa
1623 2298 1838 2352 vineam

251 2385 558 2455 quamlibet
585 2382 692 2439 sibi
719 2383 935 2438 habeat.
975 2401 993 2432 ι
1022 2385 1211 2439 Denuo
1237 2384 1404 2455 igitur
1428 2385 1588 2440 vidua
1611 2387 1838 2440 molesta

249 2475 449 2532 Joanni
493 2482 630 2539 erat,
656 2473 810 2545 quasi
835 2474 1042 2544 aliquid
1070 2474 1138 2528 ab
1171 2473 1515 2544 imperatrice
1548 2475 1840 2544 impetrare

252 2563 478 2619 valenti.
535 2563 782 2633 Cumque
836 2563 929 2617 hic
988 2561 1241 2633 fatigaret
1293 2562 1633 2628 Eudoxiam,
1691 2580 1841 2621 nunc

249 2670 438 2719 orans,
467 2669 619 2708 nunc
645 2653 808 2708 etiam
835 2668 958 2707 cum
1005 2653 1263 2722 parabola
1315 2653 1638 2718 admonens,
1692 2669 1840 2707 nun-

249 2760 420 2818 quam
455 2744 704 2799 mulieris
733 2743 946 2798 vineam
976 2745 1046 2799 ab
1081 2744 1430 2814 imperatrice
1455 2744 1627 2799 valuit
1654 2755 1840 2800 extor-

248 2843 443 2907 quere.
481 2836 624 2906 Ergo
655 2835 743 2889 die
772 2835 1026 2904 quadam,
1061 2835 1388 2890 adveniente
1416 2835 1486 2890 ad
1511 2851 1630 2891 eam
1674 2836 1838 2905 hujus

250 2928 330 2982 rei
372 2942 537 2982 causa
562 2926 793 2992 Joanne,
847 2926 961 2996 ipsa
1006 2927 1362 2997 stipatoribus
1397 2927 1512 2982 suis
1561 2927 1840 2992 mandavit

248 3027 313 3072 ut
356 3016 506 3072 fores
535 3017 796 3072 adversus
829 3017 1097 3072 Joannem
1135 3016 1510 3083 occluderent,
1545 3017 1839 3087 quominus

245 3110 318 3165 ad
347 3109 682 3179 loquendum
708 3109 1100 3181 ingrederetur.
1131 3107 1370 3165 Joannes
1392 3118 1575 3164 autem
1597 3107 1835 3163 vicissim

246 3207 448 3254 vocato
471 3197 541 3253 ad
582 3213 642 3253 se
664 3199 909 3254 ecclesiae
937 3202 1232 3270 praeposito
1276 3199 1555 3255 mandavit
1605 3199 1832 3253 dicens:

251 3307 276 3339 ς
307 3287 447 3343 Cum
476 3287 691 3342 venerit
714 3287 973 3353 Eudoxia,
1001 3296 1062 3344 ut
1083 3288 1136 3342 in
1162 3288 1450 3343 ecclesiam
1477 3287 1833 3358 ingrediatur,

242 3378 336 3434 fac
371 3378 569 3448 ianuas
598 3392 783 3434 coram
822 3379 1077 3434 occludas
1118 3379 1387 3435 dicendo:
1433 3398 1450 3430 ‹
1489 3378 1728 3434 Joannes
1758 3379 1830 3433 ita

244 3467 549 3523 mandavit.
589 3486 609 3518 ι
662 3467 840 3536 Atque
867 3470 1060 3525 exinde
1102 3469 1246 3524 aucti
1303 3469 1454 3524 fuere
1505 3484 1832 3540 magnopere

241 3559 397 3614 inter
417 3558 684 3638 Joannem
711 3568 767 3616 et
786 3561 1084 3616 Eudoxiam
1129 3562 1446 3617 rumusculi.

321 3650 412 3705 l6.
445 3635 637 3706 Sciens
666 3651 850 3721 itaque
876 3651 1181 3708 Antiochiae
1210 3652 1368 3708 valde
1406 3667 1573 3708 senex
1616 3652 1832 3722 episco-

239 3755 353 3812 pus
402 3741 658 3796 Budoxiae
695 3741 919 3798 insidias
959 3752 1014 3796 et
1055 3742 1333 3798 molimina
1377 3743 1638 3798 adversus
1665 3743 1832 3798 Joan-

241 3846 399 3895 nem,
432 3831 706 3886 simulavit
729 3831 1126 3896 inﬁrmitatem,
1165 3833 1434 3902 simulque
1463 3833 1617 3889 senio
1659 3843 1832 3889 semet

241 3924 530 3980 excusavit
549 3924 841 3995 quominus
867 3925 934 3978 ad
969 3925 1158 3979 urbem
1189 3925 1422 3989 veniret,
1459 3925 1553 3980 sed
1584 3941 1706 3980 cum
1749 3927 1830 3983 le-

240 4024 374 4087 gato
408 4029 510 4069 suo
539 4015 688 4073 misit
717 4016 960 4088 quinque
992 4018 1298 4088 episcopos,
1342 4019 1642 4090 Diogenem
1683 4019 1828 4090 Apa—

241 4122 420 4170 mea,
473 4107 730 4161 Acacium
789 4107 1012 4163 Bermae.
1057 4107 1229 4179 Capto
1280 4118 1460 4165 autem
1523 4119 1830 4180 opportuno

241 4208 497 4268 tempore
531 4197 860 4254 Severianus
913 4199 1238 4256 Gabalorum
1300 4201 1609 4272 episcopus,
1667 4210 1750 4263 ευ
1773 4202 1829 4256 in

240 4289 370 4342 aula
403 4288 551 4342 utilis
589 4288 662 4342 ob
685 4304 838 4343 suam
871 4290 1214 4360 sapientiam,
1263 4291 1559 4360 postulavit
1589 4300 1650 4345 ut
1687 4292 1829 4346 idem

241 4382 494 4437 facerent
565 4379 971 4437 Samosatorum
1025 4384 1317 4452 episcopus
1381 4383 1719 4449 Gemmulus,
1776 4391 1832 4438 et

243 4473 471 4528 Edessa:
513 4472 875 4529 Theodosius.
925 4473 1089 4529 Venit
1139 4475 1300 4529 etiam
1348 4475 1558 4530 Leonas
1605 4474 1830 4546 Ancyrae

241 4562 543 4631 episcopus
569 4561 686 4633 ipse
713 4579 929 4633 quoque
957 4563 1150 4619 Joanni
1187 4563 1417 4620 infestus
1445 4582 1459 4630 ;
1489 4565 1543 4620 hi
1570 4565 1829 4618 nimirum

241 4666 460 4715 omnes.
485 4659 741 4722 tanquam
778 4669 841 4708 ex
873 4664 1176 4726 compacto,
1210 4656 1416 4710 inimici
1466 4663 1621 4710 erant
1662 4655 1829 4712 Joan-

240 4744 352 4798 nis.
379 4743 635 4799 Nicolaus
661 4761 791 4800 vero
815 4747 1104 4816 praefectus
1139 4746 1230 4816 q’ui
1262 4747 1624 4818 Theophilum
1655 4746 1828 4800 addu-

241 4835 425 4898 cebat,
465 4836 846 4891 interminatus
897 4838 944 4892 ei
981 4847 1086 4902 est,
1127 4837 1269 4907 quod
1327 4837 1610 4908 gentilium
1659 4853 1828 4908 pecu-

240 4923 401 4977 niam
428 4923 765 4994 diripuisset,
806 4943 926 4997 quae
952 4928 1053 4998 ipsi
1088 4928 1345 4983 mandato
1367 4928 1514 4999 regio
1540 4927 1827 4983 commissa

240 5013 446 5068 fuerat.
487 5012 558 5069 At
585 5014 926 5087 Theophilus
974 5033 1073 5088 per
1131 5017 1423 5089 Georgium
1462 5017 1703 5088 praefecti
1761 5033 1827 5072 ex

237 5118 439 5160 sorore
464 5116 736 5176 nepotem,
781 5108 1001 5179 impleta
1040 5109 1253 5178 utrique
1287 5123 1570 5173 crumena,
1614 5108 1827 5162 dilatio-

239 5210 372 5251 nem
405 5196 662 5262 obtinuit,
689 5200 864 5256 donec
889 5200 1103 5274 Egypti
1134 5200 1484 5257 cellarienses
1527 5201 1738 5272 species
1771 5207 1826 5256 et

240 5285 419 5344 India
443 5291 760 5347 eondituras
786 5303 1080 5359 coemeret,
1114 5293 1312 5364 quibus
1358 5308 1527 5348 naves
1549 5292 1822 5357 oneravit,

241 5393 369 5434 eum
399 5370 673 5455 episcopis
695 5393 752 5439 et
772 5385 1103 5456 presbyteris
1127 5401 1190 5439 ac
1223 5385 1468 5440 diaconis
1499 5391 1659 5454 atque
1690 5383 1825 5438 alio-

242 5482 362 5523 rum
392 5473 552 5528 turba
585 5475 756 5530 multa
782 5492 796 5541 ;
830 5484 992 5544 atque
1023 5475 1096 5529 ita
1117 5476 1266 5546 gravi
1295 5490 1418 5531 cum
1471 5473 1688 5529 sarcina
1721 5487 1824 5526 na-

241 5563 466 5635 rigavit.

1859 5529 1892 5538 ιρι

1945 659 2109 713 odum
2139 659 2442 725 venientes,
2485 669 2608 729 post
2645 667 2860 727 ereptas
2893 657 2957 712 iis
2992 658 3269 728 epistolas,
3307 672 3524 714 carcere

1945 752 2213 807 conclusit
2234 750 2287 806 in
2313 752 2556 806 Thraciae
2608 751 2851 822 partibus
2874 791 2888 813 ,
2923 750 2979 803 in
3032 765 3156 804 arce
3193 749 3527 823 Athyrorum

1945 844 2217 898 maritima
2248 859 2372 900 cum
2407 843 2660 912 prmsidio
2694 842 2886 897 valido.
2914 841 3033 908 Quo
3073 841 3274 896 factum
3323 853 3428 908 est,
3464 854 3527 898 ut

1946 936 2158 990 cunctis
2183 934 2654 1005 Constantinopoli
2684 936 2795 1006 jam
2825 933 3208 1004 praesentibus,
3252 949 3524 1005 nusquam

1947 1024 2105 1096 legati
2137 1043 2288 1096 papae
2327 1026 2555 1081 Romani
2583 1032 2910 1097 apparerent
2941 1042 2955 1088 ;
3016 1025 3113 1079 sed
3177 1040 3356 1095 neque
3415 1025 3522 1080 nisi

1944 1118 2100 1172 valde
2152 1133 2273 1173 sero
2327 1120 2684 1189 Theophilus.
2744 1116 2864 1171 Jam
2907 1116 3173 1172 Arcadius
3227 1117 3525 1188 imperator

1946 1207 2308 1277 Theophilum
2335 1207 2438 1262 sibi
2462 1208 2519 1261 in
2551 1215 2906 1277 conspectum
2943 1206 3131 1261 venire
3159 1220 3385 1276 prorsus
3411 1222 3525 1262 non

1943 1308 2028 1354 est
2051 1314 2262 1370 passus.
2295 1299 2400 1354 Sed
2431 1300 2693 1369 Eudoxia,
2723 1299 2995 1370 appellato
3024 1299 3091 1354 ad
3136 1313 3196 1354 se
3221 1297 3524 1370 Theophilo

1944 1391 2190 1459 aliisque,
2238 1391 2505 1460 comperit
2534 1406 2726 1453 omnes
2774 1391 2968 1447 Joanni
3011 1390 3292 1446 infensos:
3344 1391 3524 1463 itaque

1943 1491 1998 1536 et
2035 1497 2226 1536 omnes
2258 1480 2415 1536 donis
2449 1481 2553 1536 sibi
2602 1482 2861 1537 devinxit.
2905 1481 3073 1538 Porro
3099 1482 3335 1538 Joannes
3382 1500 3524 1554 pene

1937 1570 2251 1639 iuveniliter
2292 1586 2351 1625 se
2383 1587 2611 1642 gerens,
2648 1581 2837 1627 contra
2894 1573 3176 1644 episcopos
3233 1575 3350 1630 haec
3409 1575 3524 1629 fere

1942 1661 2265 1716 dictitabat:
2315 1681 2333 1713 ε
2389 1661 2730 1736 Congregate
2769 1665 2834 1720 ad
2891 1681 2979 1720 me
3021 1665 3330 1722 sacerdotes
3368 1666 3523 1738 igno-

1945 1755 2148 1820 miniae,
2201 1755 2297 1826 qui
2327 1756 2395 1810 de
2433 1755 2701 1810 Jezabelis
2739 1771 2926 1811 mensa
2970 1763 3280 1811 vescuntur.
3324 1755 3525 1822 Quous-

1943 1863 2040 1915 que
2062 1847 2376 1901 claudicatis
2410 1848 2466 1900 in
2490 1848 2624 1901 duas
2661 1849 2883 1917 partes?
2915 1845 2973 1902 Si
3016 1857 3090 1902 est
3138 1848 3298 1916 Deus,
3346 1849 3524 1918 aequi-

1943 1937 2071 1989 mim‘
2099 1953 2216 1990 eum
2255 1937 2364 2004 (III
2395 1937 2519 2008 Reg.
2560 1954 2714 2002 xvm,
2765 1938 2878 2008 2i)
2918 1957 2931 1992 :
2980 1939 3066 1992 sin
3118 1939 3232 2008 ipsa
3257 1939 3525 1996 Jezabelis

1943 2041 2128 2080 mensa
2157 2025 2300 2082 Deus
2353 2035 2456 2092 est,
2509 2027 2778 2082 eomedite
2823 2036 2878 2082 ct
2924 2027 3144 2084 vomite.
3207 2047 3224 2078 ι
3281 2027 3351 2084 At
3392 2046 3524 2086 vero

1941 2117 2183 2188 episcopi
2243 2118 2518 2188 exemplar
2581 2118 2863 2173 concionis
2928 2119 3158 2174 Joannis
3207 2121 3523 2191 imperatori

1943 2209 2313 2275 tradiderunt,
2357 2209 2449 2278 qui
2491 2209 2544 2264 id
2593 2224 2925 2281 magnopere
2962 2219 3185 2281 propter
3225 2209 3524 2268 Eudoxiam

1940 2313 2081 2368 aegre
2137 2297 2281 2352 tulit.
2336 2296 2455 2352 Mox
2523 2297 2762 2352 Joannes
2831 2297 3093 2353 adversus
3156 2298 3523 2369 Theophilum

1940 2388 2260 2444 concionem
2294 2388 2553 2449 habebat,
2610 2387 2685 2441 ita
2725 2385 2950 2441 dicens:
2996 2407 3013 2439 ε
3063 2385 3198 2453 Quis
3236 2387 3522 2460 Egyptius

1941 2478 2038 2533 Dei
2095 2487 2306 2534 amator
2362 2488 2444 2534 est
2516 2476 2964 2548 (theophilus)?
3024 2477 3160 2543 Quis
3222 2494 3388 2550 porro
3425 2480 3524 2535 Dei

1941 2579 2151 2624 amator
2187 2569 2205 2640 (
2235 2566 2592 2639 the0philus)
2628 2567 3007 2622 detestabilem
3048 2583 3238 2624 eorum
3291 2572 3522 2643 gloriam

1935 2656 2273 2740 ‘(eudoxiam)
2292 2657 2366 2729 (a)
2385 2672 2493 2712 non
2509 2657 2898 2713 abominatur?
2933 2676 2952 2709 ι
2974 2657 3151 2730 Atque
3190 2660 3333 2718 hanc
3359 2664 3524 2720 etiam

1941 2748 2258 2804 concionem
2291 2747 2606 2820 imperatori
2637 2747 2981 2803 tradiderunt
3005 2769 3018 2815 ;
3047 2765 3157 2821 quo
3183 2751 3387 2807 factum
3416 2764 3520 2822 est,

1941 2849 2002 2894 ut
2063 2839 2362 2913 indignatio
2422 2857 2452 2895 a
2502 2840 2807 2910 Theophilo
2871 2841 2926 2895 in
2977 2841 3243 2900 Joannem
3301 2837 3521 2903 decide-
3593 2882 3600 2888 -

1940 2941 2042 2985 ret.

2011 3018 2098 3074 18.
2155 3017 2310 3074 Tunc
2340 3018 2580 3076 Joannes
2609 3020 2746 3077 duos
2773 3021 2840 3078 de
2868 3024 3310 3094 persecutionem
3346 3025 3520 3096 passis

1939 3111 2237 3175 monachis,
2283 3111 2603 3167 Dioscorum
2628 3123 2683 3168 et
2719 3112 3022 3180 llieracem,
3055 3129 3242 3169 eorum
3270 3129 3520 3172 cursores

1943 3199 2339 3270 (periodeutas,
2372 3200 2724 3270 visitatores),
2756 3200 3030 3256 ordinavit
3056 3202 3424 3272 presbyteros,
3455 3212 3519 3260 ut

1937 3300 2136 3360 sponte
2164 3291 2381 3359 propria
2409 3291 2671 3361 synodum
2707 3292 2776 3345 de
2804 3291 3091 3360 Theophili
3123 3291 3290 3362 gestis
3319 3293 3517 3350 edoce-

1937 3387 2076 3434 rent.
2134 3381 2206 3433 At
2235 3378 2476 3434 Eudoxia
2519 3379 2878 3446 Theodotem,
2911 3396 3034 3450 qua:
3084 3381 3231 3437 mille
3263 3399 3517 3442 nummos

1935 3467 2115 3524 abbati
2160 3467 2369 3532 Isidoro
2428 3467 2686 3534 dederat,
2742 3468 2957 3523 tradidit
3008 3468 3065 3522 in
3113 3469 3516 3530 matrimonium

1935 3560 2278 3616 Clementino
2331 3559 2484 3615 urbis
2537 3558 2831 3630 praefecto,
2885 3559 3158 3630 simulque
3228 3562 3516 3635 episcopos

1935 3649 2152 3722 Egypti
2190 3658 2247 3704 et
2293 3649 2493 3720 Libyae,
2529 3665 2632 3705 nec
2660 3666 2771 3706 non
2806 3650 3033 3706 clericos
3061 3651 3152 3722 qui
3199 3649 3406 3710 lsidoro
3434 3655 3515 3710 fa-

1934 3742 2154 3804 vebant,
2189 3741 2259 3796 ad
2289 3754 2346 3794 se
2394 3741 2597 3796 accitos
2639 3741 2798 3796 donis
2842 3742 3138 3798 cumulavit
3187 3761 3200 3798 :
3238 3753 3514 3818 quotquot

1934 3841 2113 3886 autem
2141 3830 2242 3885 sibi
2265 3831 2528 3900 parebant
2556 3831 2610 3884 in
2640 3829 2837 3900 palatio
2861 3830 3049 3885 habuit
3067 3839 3190 3885 cum
3219 3832 3478 3906 dignitate
3497 3876 3512 3894 .

1934 3921 2252 3976 resistentes
2282 3935 2412 3975 vero
2442 3919 2884 3975 Thessalonicam
2915 3921 3174 3992 relegavit
3202 3941 3215 3974 :
3249 3923 3514 3994 multique

1935 4011 2193 4082 episcopi,
2215 4010 2490 4075 monachi,
2519 4010 2719 4075 clerici,
2740 4010 3040 4081 presbyteri
3080 4020 3246 4082 atque
3275 4013 3509 4079 diaconi,

1933 4118 2036 4158 nec
2065 4119 2174 4158 non
2208 4112 2263 4157 et
2287 4102 2524 4174 virgines
2547 4117 2610 4156 ac
2639 4109 2904 4162 matrona:
2929 4101 3347 4167 honestissimas,
3371 4119 3510 4175 qum.

1933 4206 2149 4260 cunque
2179 4191 2234 4244 in
2265 4191 2512 4262 partibus
2540 4188 2767 4245 Joannis
2808 4198 3011 4256 essent,
3059 4191 3229 4246 multa
3263 4191 3508 4249 aﬂlictio-

1932 4298 2064 4338 num
2099 4281 2394 4337 certamina
2426 4280 2769 4351 pertulerunt
2798 4299 2810 4334 :
2847 4280 3216 4350 miserumque
3243 4291 3362 4336 erat
3385 4297 3510 4337 cer-

1931 4389 2063 4430 nere
2091 4381 2146 4428 et
2189 4373 2377 4427 audire
2425 4387 2488 4426 ac
2529 4371 2713 4427 dolere
2769 4373 2836 4426 de
2883 4371 2961 4424 sic
3010 4371 3192 4441 inique
3236 4372 3510 4443 oppressis

1930 4464 2155 4522 Joannis
2200 4462 2406 4529 amicis,
2441 4463 2712 4532 episcopis
2746 4473 2803 4516 et
2851 4463 3207 4534 presbyteris,
3243 4476 3370 4516 cum
3400 4463 3512 4517 dia-

1931 4559 2102 4624 conis,
2160 4557 2373 4612 clericis
2416 4571 2480 4610 ac
2510 4554 2812 4618 monachis,
2849 4568 2987 4622 quos
3015 4553 3072 4605 in
3105 4551 3356 4606 exsilium
3381 4565 3509 4606 cru-

1931 4652 2082 4708 deles
2110 4650 2360 4706 homines
2386 4645 2767 4703 extrudebant.
2784 4642 3014 4708 Quidam
3041 4641 3150 4696 imo
3172 4643 3422 4696 monachi
3443 4658 3510 4698 ac

1931 4743 2170 4814 virgines
2197 4740 2434 4796 ascetico
2473 4736 2600 4791 vitae
2638 4749 2836 4806 genere
2883 4734 3140 4797 illustres,
3175 4732 3509 4789 cruciatibus

1930 4850 1993 4889 ac
2024 4831 2308 4888 tormentis
2338 4829 2728 4894 multabantur,
2761 4826 2912 4882 laicis
2933 4825 3153 4881 demum
3183 4824 3395 4896 piisque
3419 4825 3507 4881 fe-
3597 4899 3601 4903 ι

1929 4925 2093 4979 minis
2122 4924 2390 4978 bonorum
2421 4919 2654 4990 direptio
2683 4917 3129 4979 denuntiabatur.
3170 4915 3296 4971 Haec
3323 4917 3508 4972 omnia

1929 5017 1998 5072 ab
2025 5015 2267 5071 Eudoxia
2297 5020 2353 5069 et
2385 5012 2705 5068 satellitibus
2728 5013 2847 5092 ejus
2866 5019 3053 5067 contra
3077 5009 3343 5065 Joannem
3358 5011 3507 5081 ejus-

1927 5123 2033 5178 que
2063 5107 2305 5162 fautores
2339 5105 2564 5161 ﬁehant.
2595 5101 2772 5175 Atque
2802 5104 2876 5158 ita
2905 5102 3211 5170 eveniebat,
3243 5110 3304 5157 ut
3325 5101 3507 5158 Theo—
3582 5118 3588 5121 "

1927 5199 2110 5270 philus
2144 5198 2536 5264 absolveretur,
2566 5195 2807 5252 Joannes
2855 5204 3038 5250 autem
3063 5209 3228 5249 causa
3261 5194 3504 5249 caderet.
3577 5183 3581 5216 ί

1927 5290 2028 5345 llic
2066 5299 2247 5346 tamen
2297 5288 2518 5344 interim
2546 5303 2578 5341 a
2623 5285 2885 5342 conviciis
2914 5285 3176 5340 adversus
3207 5283 3506 5340 Eudoxiam
3555 5294 3572 5338 ,‘

1927 5397 2036 5436 non
2068 5380 2352 5436 desinebat
2379 5379 2432 5433 in
2457 5377 2684 5434 ecclesia
2715 5385 2770 5433 et
2803 5376 3019 5446 publice
3048 5375 3278 5445 loquens
3311 5392 3323 5427 :
3367 5394 3386 5426 ι
3423 5374 3506 5429 En

1927 5487 2118 5527 rursus
2166 5469 2429 5526 Herodias
2473 5469 2623 5535 furit,
2673 5483 2864 5522 rursus
2899 5466 3118 5524 Jezahel
3149 5465 3386 5523 Nabuthi
3426 5464 3505 5516 γί-

1928 5578 2085 5619 neam
2113 5578 2304 5635 rapere
2331 5561 2467 5616 vult.
2501 5579 2519 5612 ›
2547 5561 2617 5616 Et
2646 5560 2858 5615 denuo:
2894 5577 2913 5611 ι
2946 5558 3139 5612 Nonne
3165 5556 3251 5611 odi
3280 5554 3500 5626 gloriam

315 5698 668 5779 tal__l.udebat
723 5699 1144 5770 Chrysostomns
1200 5699 1312 5768 hic,
1375 5711 1430 5757 et
1471 5707 1680 5771 postea,
1731 5698 1788 5752 in
1827 5771 1830 5774 ἢ

1937 5700 2107 5773 bignis
2152 5699 2431 5779 vocabulis
2482 5699 2727 5769 Θεόφιλος
2775 5705 2830 5753 et
2877 5694 3156 5766 Θεόφιλος,
3204 5687 3413 5759 εὐδοξία
3445 5696 3498 5746 et

239 5762 484 5836 Εὔδοξία.
