4038 6154
530 407 651 447 IAM

530 505 697 561 πόσαι
732 504 998 578 βούλεται.
1020 520 1038 554 ι
1067 502 1174 556 Καὶ
1202 501 1362 558 πάλιν
1389 502 1572 571 ἔλεγεν
1595 517 1608 530 ·
1653 521 1668 552 ι
1694 501 1829 572 Οὐχὶ
1871 501 2112 571 ἐμίσησα

534 598 623 668 τὴν
657 595 930 660 εὐδοξίαν,
974 594 1238 666 ἠγάπησα
1281 595 1338 647 δέ
1380 595 1480 665 τὴν
1526 592 1783 658 ἀδοξίαν;
1816 612 1832 643 ι
1881 592 1992 646 Kal
2044 587 2112 663 ἦν

529 688 664 758 αὕτη
691 686 784 740 τοῦ
812 686 1076 757 βασιλέως
1113 684 1477 757 δυνατωτέρα.

599 779 680 832 ιϐ’.
719 781 780 832 υἱ
823 778 879 831 δὲ
923 779 1210 832 ἐπίσκοποι
1267 779 1521 844 Ἀκάκιος
1547 819 1562 844 ,
1631 778 1962 852 Σευηριανὸς
2018 778 2113 833 καὶ

529 871 834 944 Πορφύριος
859 870 951 924 καὶ
971 872 1018 924 οἱ
1040 871 1168 942 περὶ
1195 869 1360 924 αὑτοῦ
1395 871 1808 943 συμπλακέντες
1835 871 1908 942 (ί.
1939 870 2005 925 73
2049 870 2112 942 a)

527 964 788 1035 Θεοφίλῳ,
833 964 925 1017 καὶ
961 963 1318 1034 συναχθέντες
1340 964 1645 1036 προσῆλθον
1682 965 1759 1036 τῷ
1790 965 2003 1035 βασιλεῖ
2022 964 2114 1018 λέ·-

528 1073 715 1126 γοντες
736 1072 751 1085 ·
787 1074 806 1106 ι
837 1055 1082 1108 Δέσποτα
1103 1096 1118 1120 ,
1172 1055 1282 1110 τῶν
1337 1055 1648 1128 προνομιῶν
1693 1056 2116 1128 φυλαττομένων

528 1147 623 1201 τοῦ
656 1145 916 1218 προέδρου
951 1144 1050 1218 (τι),
1080 1145 1332 1200 κέλευσον
1381 1149 1527 1218 ἡμᾶς
1575 1148 1946 1219 συναχθέντας
1981 1149 2112 1203 ίδεῖν

530 1239 660 1308 περὶ
694 1236 785 1289 τοῦ
817 1237 1108 1300 ἐνεστῶτος
1141 1237 1486 1308 πράγματος,
1510 1238 1783 1292 δικαστῶν
1817 1241 1948 1311 ἡμῖν
1981 1240 2116 1293 διδο-

534 1328 731 1399 μένων,
760 1321 834 1381 ὧν
864 1329 958 1382 ἐὰν
989 1329 1198 1400 συνείδῃ
1228 1329 1525 1401 σεϐάσμιον
1557 1349 1648 1384 σου
1673 1332 1904 1402 κράτος·
1938 1335 1986 1386 οἱ
2007 1333 2116 1406 γὰρ

535 1421 757 1492 μοναχοὶ
784 1413 950 1473 ὀὗτοι
990 1421 1037 1473 οἱ
1085 1419 1185 1484 τὰς
1237 1421 1624 1493 προσελεύσεις
1671 1425 1812 1478 κατά
1855 1424 2114 1494 Θεοφίλου

533 1513 863 1581 ποιούμενοι,
895 1511 990 1564 τοῦ
1025 1511 1295 1582 δόγματός
1339 1516 1478 1567 εἰσιν
1513 1513 1607 1567 τοῦ
1636 1515 1974 1587 Ὠριγένους,
2023 1517 2118 1571 καὶ

532 1603 638 1675 χρὴ
665 1603 861 1666 αὐτοὺς
890 1603 981 1655 ἐπὶ
1009 1603 1227 1657 πάντων
1254 1605 1676 1677 δοκιμασθῆναι.
1709 1625 1728 1658 ι
1772 1607 2032 1676 Ἐνέγκας
2059 1608 2115 1660 δέ

531 1693 728 1756 αὐτοὺς
755 1693 782 1744 6
820 1690 1074 1761 βασιλεὺς
1114 1691 1309 1762 λάθρα,
1345 1693 1604 1756 ἐπιεικῶς
1637 1692 1812 1762 λέγει·
1843 1712 1862 1744 ι
1903 1693 2112 1759 Οἴδατε,

531 1785 800 1856 Πατέρες,
838 1784 919 1836 ὅτι
953 1783 1194 1851 ἀνέγνων
1237 1784 1299 1837 τὸ
1346 1785 1487 1853 Περὶ
1543 1784 1746 1854 ἀρχῶν
1786 1785 2114 1856 Ὠριγένους,

533 1878 628 1930 καὶ
651 1875 940 1946 ἐθαύμασα
964 1893 978 1942 ;
1002 1893 1019 1926 ι
1038 1876 1102 1928 Ui
1132 1875 1189 1928 δέ
1217 1875 1318 1928 ούκ
1341 1875 1716 1946 ἀπεκρίθησαν
1739 1875 1889 1945 αύτῷ
1909 1891 1989 1927 τι·
2022 1875 2117 1928 καὶ

480 2011 490 2022 .
530 1968 729 2022 αὐτίκα
749 1967 1048 2020 ἀπένευσεν
1069 1966 1288 2031 αὐτοὺς,
1317 1965 1512 2037 μικρὸν
1539 1965 1967 2029 σκανδαλισθείς.
2011 1965 2118 2019 Καὶ

530 2058 669 2110 οὕτω
713 2055 908 2127 συνέϐη
944 2056 1006 2108 τὸ
1050 2056 1173 2110 ὅλον
1218 2057 1314 2110 τοῦ
1369 2057 1698 2130 πράγματος
1746 2057 1994 2112 Ἰωάννου
2037 2059 2116 2121 είς

534 2148 802 2217 συσκευὴν
828 2146 1040 2200 τελείαν
1080 2147 1354 2218 χωρῆσαι.
1391 2146 1525 2201 Τότε
1572 2150 1602 2201 6
1643 2147 1896 2218 βασιλεὺς
1930 2149 2119 2202 διαπο-

535 2237 628 2311 ρού
637 2255 794 2309 μενος
823 2237 1070 2292 ἐλυπεῖτο
1101 2237 1189 2292 διὰ
1217 2240 1345 2301 τοὺς
1368 2238 1750 2310 τοποτηρητάς
1775 2238 2013 2311 Ῥώμης,
2043 2238 2118 2310 μὴ

536 2328 722 2400 μαθὼν
768 2328 886 2382 οἵαν
935 2328 1156 2400 μέθοδον
1209 2328 1528 2402 ὑπέμειναν.
1575 2330 1708 2384 Τότε
1744 2330 1955 2385 κελεύει
1993 2331 2120 2396 τοὺς

534 2421 808 2491 παρόντας
864 2420 1200 2484 ἐπισκόπους
1247 2422 1648 2492 συναγομένους
1705 2421 2002 2493 γυμνάζειν
2049 2423 2119 2477 τὰ

534 2509 876 2580 ἐπικείμενα,
921 2509 1044 2572 δοὺς
1096 2511 1278 2572 αὐτοῖς
1325 2511 1542 2580 κριτὰς,
1585 2511 1836 2582 Ἦσύχιον
1883 2512 2119 2583 ἔπαρχον

533 2600 640 2654 τῶν
675 2599 837 2670 ἱερῶν
867 2599 1241 2671 πραιτωρίων,
1270 2601 1514 2664 καὶτοὺς
1544 2600 1652 2656 τῶν
1688 2601 1920 2674 πρώτων
1955 2621 2120 2675 πραι-

537 2688 795 2756 σεξάτους
829 2691 1169 2760 στρατηγοὺς
1200 2690 1501 2756 Μαξέντιον
1536 2692 1632 2746 καὶ
1663 2693 1948 2765 Διόδωρον,
1981 2694 2120 2764 μετά

536 2781 630 2834 καὶ
662 2780 948 2834 Ἀκυλίνου
972 2782 1288 2855 κυέστορος,
1323 2784 1416 2837 καὶ
1450 2785 1753 2856 πατρικίων
1795 2786 1976 2841 τινῶν.
2011 2786 2122 2840 Kal

539 2871 861 2942 συνάγονται
882 2872 986 2938 ἔξω
1015 2874 1113 2944 τῆς
1153 2875 1361 2940 πόλεως
1389 2877 1447 2929 ἐν
1476 2877 1822 2949 μοναστηρίῳ
1843 2878 2120 2950 Δωροθέου

535 2963 682 3026 τινος
708 2963 1132 3034 ἀρχιμανδρίτου
1161 2965 1401 3035 μεγάλου
1423 2966 1593 3032 ὅντως
1624 2968 1746 3022 καθ’
1778 2970 2084 3041 ὑπερϐολήν
2104 2987 2118 3002 ο

537 3052 632 3105 καὶ
663 3052 1086 3124 προτραπέντων
1115 3053 1224 3109 τῶν
1257 3054 1523 3110 δικαστῶν
1553 3057 1706 3126 παρά
1733 3058 1826 3112 τοῦ
1855 3060 2125 3131 ἀρχιμαν-

535 3143 720 3213 δρίτου
755 3143 975 3196 καθίσαι
1005 3145 1063 3198 ἐν
1089 3145 1237 3216 αύτῷ
1269 3147 1363 3200 καὶ
1399 3147 1626 3215 δοξάσαι
1653 3150 1746 3203 τὸν
1773 3151 1957 3216 τόπον,
1999 3153 2122 3206 άντ-

537 3233 753 3304 ἰλέγετο
809 3235 959 3310 αὐτῷ
1009 3237 1160 3314 παρά
1192 3238 1300 3294 τῶν
1336 3241 1538 3312 κριτῶν
1563 3243 1880 3312 φασκόντων
1900 3283 1915 3309 ,
1948 3245 2031 3298 ὃτι
2065 3244 2122 3296 αἱ

541 3323 746 3380 ἁύνοδοι
769 3327 825 3379 ἐν
872 3325 1189 3400 ἐκκλησίαις
1222 3327 1543 3404 κροτούνται
1570 3331 1663 3384 καὶ
1686 3332 1808 3403 οὐχὶ
1850 3333 1908 3386 ἐν
1955 3348 2122 3403 μονα-

541 3418 806 3490 στηρίοις.

607 3513 700 3564 κ’.
725 3508 998 3574 ’Δκυλῖνος
1024 3511 1279 3585 κυέστωρ
1312 3515 1414 3588 ἔφη
1437 3531 1450 3545 ο
1495 3537 1513 3568 ι
1541 3517 1773 3572 Μεσῖται
1804 3517 2125 3589 ἀμφιϐόλων

537 3599 699 3654 τινῶν
742 3603 1169 3674 προετράπημεν
1204 3605 1492 3674 γενέσθαι·
1539 3607 1643 3662 ποῦ
1689 3609 1751 3662 τὸ
1783 3609 1988 3679 πλῆθος
2017 3610 2124 3664 τῶν

538 3692 887 3761 ἐπισκόπων;
921 3693 1024 3746 ποῦ
1069 3695 1117 3746 οἱ
1148 3696 1244 3766 τῆς
1277 3697 1658 3770 πρεσϐυτέρας
1703 3700 1925 3773 Ῥώμης
1972 3719 2127 3755 τοπο-

538 3785 812 3856 τηρηταί;
848 3785 1018 3848 ὅντως
1063 3785 1271 3850 ἔδειξαν
1303 3788 1378 3859 μὴ
1419 3789 1726 3853 κανονικῶς
1772 3791 1806 3862 ἢ
1847 3791 2126 3862 ἐνθέσμως

543 3876 816 3930 συνελθεῖν
863 3877 1082 3944 αὐτοὺς,
1139 3878 1276 3933 ἀλλά
1310 3880 1468 3934 -κατὰ
1523 3881 1825 3952 παράθεσίν
1879 3899 2061 3936 τινων.
2100 3901 2119 3934 ι

540 3966 797 4030 Ἀκὰκιος
828 3969 857 4020 6
901 3966 1128 4038 Βεροίας
1174 3967 1314 4040 ἔφη·
1358 3989 1376 4023 ι
1420 3971 1482 4024 Ἡ
1536 3970 1787 4044 θειοτάτη
1838 3972 2127 4042 Δύγούστα

539 4061 826 4116 ἐκέλευσεν
864 4061 962 4132 τὴν
999 4061 1264 4131 ἀκρόασιν
1309 4065 1544 4119 ἐνταῦθα
1581 4067 1856 4135 γενέσθαι,
1909 4070 2000 4124 διὰ
2026 4071 2125 4134 τὰς

539 4157 882 4228 διχοστασίας
941 4157 1209 4212 Ἰωάννου.
1246 4177 1265 4209 ι
1327 4159 1387 4214 '0
1431 4161 1488 4213 δέ
1531 4161 1778 4236 κυέστωρ
1810 4165 2124 4238 δριμυχθεὶς

531 4250 691 4319 λέγει
715 4267 727 4280 ·
768 4269 786 4302 ι
829 4250 897 4304 Τί
921 4249 1092 4318 δεῖξαι
1116 4251 1338 4324 ἔκρινας
1362 4253 1462 4325 τὴν
1489 4256 1807 4326 Αὐγούσταν
1839 4259 2127 4316 ἀνακόλου-

542 4347 636 4402 θον
672 4348 1138 4419 ἐπιχειρήσασαν;
1178 4349 1254 4422 μὴ
1279 4351 1534 4425 Ἰωάννης
1585 4354 1748 4426 μόνος
1779 4357 1991 4431 ὑϐρίζει
2025 4363 2126 4432 τὴν

539 4443 858 4513 Δύγούσταν
875 4461 892 4512 ;
923 4444 1040 4510 πῶς
1058 4445 1246 4501 λοιπὸν
1259 4447 1494 4504 ἐνταῦθα
1509 4453 1844 4524 κατηγορίαν
1867 4453 2126 4525 τοιαύτην

539 4541 932 4613 ἐνεστήσασθε,
959 4543 1069 4597 ἰδοὺ
1090 4543 1259 4608 αὐτὸς
1281 4545 1387 4616 πρὸ
1411 4547 1610 4612 παντὸς
1633 4549 1835 4621 τρόπου
1869 4550 2126 4621 πρόξενος

535 4636 636 4706 τῆς
667 4636 877 4709 ὕϐρεως
911 4639 1121 4707 ἐγένου.
1161 4658 1180 4691 ι
1247 4642 1308 4694 '0
1360 4642 1419 4696 δέ
1457 4643 1891 4715 ἀρχιμανδρίτης
1946 4643 2122 4711 λέγει’

543 4731 800 4801 ιἈληθές
827 4728 987 4796 εἴπας
1006 4752 1021 4767 ο
1093 4736 1233 4806 αὐτὴ
1250 4737 1310 4789 δὲ
1343 4737 1483 4807 μετά
1500 4739 1658 4792 τοῦτο
1678 4739 1964 4810 ⁴ᾐτήσατο.»
1995 4741 2055 4794 '0
2068 4741 2125 4794 δέ

537 4825 838 4890 Ἀκυλῖνος,
863 4828 1063 4896 οὐχὶδέ
1083 4830 1160 4893 ὡς
1185 4831 1446 4896 ἀκούσας,
1470 4834 1620 4902 λέγει
1636 4837 1750 4900 τοῖς
1772 4836 2092 4901 ἐπισκόποις
2106 4855 2122 4868 ο

543 4941 560 4970 ι
588 4921 760 4990 Χρεία
800 4923 1060 4990 παρεῖναι
1101 4925 1192 4976 τὸν
1237 4925 1514 4995 Ἰωάννην,
1562 4929 1703 4983 ὥστε
1745 4934 1838 4985 ἐπὶ
1866 4933 2032 4987 αὐτοῦ
2062 4935 2126 4987 τὸ

508 5016 658 5100 ,δλον
697 5015 996 5086 γυμνάσαι.
1036 5035 1054 5068 ι
1108 5018 1221 5072 Kal
1261 5017 1483 5088 δηλοῦσι
1531 5022 1611 5092 τῷ
1631 5007 1860 5099 Ἰωάννη
1903 5030 1991 5084 διὰ
2030 5029 2124 5084 δύο

540 5111 815 5182 κληρικῶν
845 5113 1009 5167 αὐτοῦ
1041 5116 1131 5168 ὑπ’
1163 5113 1328 5170 αὑτοῦ
1365 5114 1740 5188 ἐκϐληθέντων
1786 5124 1883 5193 τῆς
1924 5127 2123 5201 ἐκκλη-

540 5207 684 5274 σίας,
708 5209 1014 5279 ὑπαντῆσαι
1038 5211 1118 5274 είς
1146 5212 1209 5264 τὸ
1239 5211 1535 5284 συνέδριον.
1582 5215 1639 5268 '0
1657 5215 1713 5270 δέ
1755 5217 2004 5293 Ἰωάννης
2028 5224 2122 5276 ἀν-

536 5300 742 5372 τιδηλοῖ
773 5305 955 5368 αὐτοῖς
979 5305 1149 5359 ταῦτα
1169 5324 1182 5338 ·
1224 5328 1240 5359 ι
1261 5308 1335 5360 Οὐ
1361 5314 1619 5383 κανονικῇ
1652 5314 1944 5389 ἀκολουθίᾳ
1983 5321 2121 5388 χρᾶ-

541 5397 654 5463 σθε,
681 5397 767 5452 διὰ
796 5399 904 5454 τῶν
926 5400 1136 5472 ἐχθρῶν
1175 5405 1662 5478 μεταστελλόμενοί
1703 5429 1791 5482 με,
1819 5413 1906 5467 ἵνα
1937 5415 2120 5485 ἐχθροὶ

535 5495 626 5549 ἐπ’
673 5493 900 5566 ἐχθροὺς
944 5499 1211 5567 ἀγάγουσι
1266 5501 1537 5574 κριθῆναι.
1574 5523 1591 5555 ι
1646 5508 1923 5562 Ἀντεῖπον
1965 5509 2021 5563 δέ
2066 5513 2116 5563 οἱ

603 5645 696 5728 (ο),
725 5643 1555 5728 ὃοίιίοει-Βοωοιιί-ροιιιῖθ-οἰε,
1605 5656 1757 5726 cujus
1792 5658 1877 5726 ius
1924 5663 2115 5728 presi-

603 5667 696 5769 luzl.
726 5667 1204 5730 ocmcgﬁomam
1249 5667 1555 5776 Konuupls,
1605 5667 1757 5726 cujus
1792 5667 1877 5726 ius
1924 5667 2115 5728 pmsi-
2223 5686 2363 5738 qua.

535 5717 1680 5812 ἓεὲ-ι-ε⁴ῖ“οθ·ειξ,,,πξξεο-ἱῖμξερψυξπερ
1728 5729 1816 5812 an?
1869 5730 2113 5812 ςιιιεοορί
2219 5754 2363 5796 cum.

536 5787 826 5857 negabam.
888 5789 1101 5848 Videsis
1146 5787 1566 5849 Thomaésinum
1615 5797 1833 5851 dissert.
1876 5787 2005 5867 VII;
2056 5787 2108 5856 ἷη

1693 386 2046 443 TIIEODORI
2087 384 2617 442 TRIMlTl-IUNTINI

3653 399 3806 442 LXXII

2225 501 2362 571 μετά
2411 501 2656 555 Ἰωάννου
2711 499 3001 554 ἐπίσκοποι
3061 499 3203 553 κατά
3255 496 3552 568 Θεοφίλου·
3615 499 3809 565 «Ἔξω

2222 585 2374 649 ἔθους
2407 585 2617 638 τοιοῦτο
2645 586 2707 638 τὺ
2729 585 3096 648 ἀκανονίστως
3123 583 3412 638 καταλύειν
3437 585 3538 657 τὴν
3573 588 3810 659 Ἐκκληο

2223 679 2364 742 σίαν,
2394 679 2570 750 ἥνπερ
2598 680 2626 731 6
2651 677 2854 748 Κύριος
2883 678 3308 749 περιεποιήσατο
3333 677 3412 749 τῷ
3431 678 3545 750 ἰδίῳ
3569 681 3766 751 αἵματι
3783 698 3805 715 ο

2221 770 2497 841 προσῆκεν
2516 766 2606 824 οὖν
2634 787 2693 824 σε
2726 772 2899 843 περᾷν
2931 770 3064 842 πρὸς
3099 771 3249 840 ἡμᾶς
3286 771 3368 834 είς
3399 771 3499 842 τὴν
3542 771 3813 843 εὐνομου-

2227 861 2394 932 μένην
2422 860 2595 925 πόλιν,
2623 862 2715 914 καὶ
2745 861 2820 932 μὴ
2855 859 3282 932 προσκαλεῖσθαι
3331 861 3422 916 τὸν
3444 862 3631 929 Ἅϐελ,
3660 864 3811 918 κατὰ

2222 953 2314 1008 τὸν
2344 953 2505 1008 Κάῖν.
2537 953 2608 1008 Σὺ
2639 953 2748 1024 γὰρ
2777 953 2836 1019 ἐξ
2865 953 2983 1016 ἐνὸς
3027 952 3287 1024 κλίματος
3336 949 3407 1019 εἶ,
3447 956 3607 1025 ήμεϊς
3651 955 3709 1009 δέ
3736 958 3812 1010 ἐκ

2222 1045 2516 1116 διαφόρων,
2543 1044 2639 1098 καὶ
2672 1044 2837 1116 ἐσμὲν
2870 1041 3278 1114 τεσσαράκοντα
3303 1043 3442 1097 ἐπτά
3476 1046 3811 1117 μητροπολῖ-

2223 1156 2311 1192 ται
2334 1137 2410 1211 (ὁ)
2432 1155 2445 1168 ’
2484 1139 2579 1191 καὶ
2614 1137 2732 1191 δέον
2766 1139 2891 1202 τοὺς
2921 1137 3210 1202 ἐλάττονας
3255 1137 3360 1192 ὑπὸ
3394 1138 3510 1210 τῶντ
3540 1139 3808 1195 πλειόνων

2224 1231 2320 1284 καὶ
2349 1230 2620 1300 διαφόρων
2649 1229 2872 1293 τούτους
2903 1228 3180 1300 κριθῆναι.
3208 1231 3318 1284 Kal
3345 1233 3393 1284 εί
3435 1231 3536 1302 μέν
3567 1234 3807 1300 ἀγνοεῖς,

2227 1320 2466 1392 μάνθανε
2485 1335 2498 1350 ·
2532 1321 2581 1372 εἰ
2611 1319 2667 1372 δὲ
2704 1321 3007 1389 τυραννεῖς,
3037 1319 3189 1373 οὐδὲν
3215 1319 3486 1393 ὠφελήσει
3531 1323 3590 1377 σέ
3619 1324 3651 1395 ἢ
3677 1325 3810 1389 τοὺς

2227 1411 2618 1482 συντυράννους
2660 1427 2753 1463 σου
2777 1410 2998 1464 Σατανᾶ
3025 1413 3059 1482 ή
3103 1411 3213 1481 βία.
3252 1430 3271 1463 ι
3318 1414 3377 1465 '0
3426 1413 3483 1466 δὲ
3527 1414 3810 1478 Ἀκυλῖνος

2224 1502 2374 1573 δηλοῖ
2392 1502 2468 1573 τῷ
2498 1502 2722 1575 Ἰωάννῃ
2753 1500 2954 1555 ταῦτα·
2996 1520 3015 1553 ι
3059 1501 3183 1554 Ἐὰν
3235 1503 3308 1574 μὴ
3359 1505 3809 1576 παραγενομένου

2228 1596 2322 1649 σοῦ
2347 1596 2566 1668 γνῶμεν
2596 1593 2919 1665 ἀμφοτέρων
2940 1593 3010 1647 τὰ
3041 1595 3280 1667 ῥήματα,
3302 1594 3378 1658 ὼς
3412 1595 3811 1664 φυγοδικοῦντα

2224 1691 2252 1743 ὁ
2274 1688 2437 1758 νόμος
2469 1686 2545 1757 (ί.
2573 1687 2642 1740 73
2667 1685 2732 1756 ὁ)
2763 1685 3115 1756 κατακρίνει·
3150 1685 3199 1737 εί
3229 1684 3286 1736 δέ
3315 1685 3652 1757 ὑπαντήσῃς,
3670 1687 3812 1741 πάν-

2223 1797 2332 1842 τως
2358 1781 2391 1850 ή
2416 1779 2595 1850 κρίσις
2618 1779 2744 1840 τοὺς
2770 1776 2954 1839 κακῶς
2983 1777 3118 1848 αὐτῇ
3155 1776 3626 1848 προσερχομένους
3650 1777 3809 1848 ἑλέγ-

2226 1871 2322 1938 ξει.
2364 1890 2383 1922 ι

2295 1970 2400 2018 κα’.
2431 1961 2539 2016 Kal
2577 1961 2640 2032 δὴ
2698 1962 3059 2034 παραγίνεται
3108 1962 3136 2014 6
3191 1957 3444 2031 Ἰωάννης
3491 1961 3610 2031 μετ’
3648 1959 3810 2030 ὄχλου

2226 2055 2445 2108 πολλοῦ.
2468 2054 2579 2108 Kal
2603 2053 2892 2106 ἐκέλευσαν
2915 2056 2962 2105 οἱ
2991 2052 3246 2107 δικασταὶ
3274 2053 3516 2116 καὶτοὺς
3544 2051 3811 2122 Θεοφίλου

2226 2145 2603 2210 ἐκϐάλλεσθαι,
2639 2146 2734 2198 καὶ¹
2765 2145 2890 2207 τοὺς
2919 2144 3170 2197 Ἰωάννου
3195 2143 3269 2215 μὴ
3293 2144 3664 2215 είσέρχεσθαι·
3696 2145 3811 2214 ἀμ-

2229 2238 2488 2310 φοτέρους
2525 2237 2581 2290 δὲ
2604 2236 2749 2306 ἔχειν
2775 2234 2893 2307 μεθ’
2928 2236 3136 2289 ἐαυτῶν
3157 2237 3316 2289 πέντε
3343 2235 3446 2288 άνά
3467 2236 3806 2292 ἐπισκόπων,

2226 2331 2340 2385 Kal
2367 2331 2395 2382 6
2429 2327 2737 2398 σοφώτατος
2781 2327 3057 2391 Ἀκυλῖνος
3105 2328 3202 2382 σὺν
3236 2331 3348 2391 τοῖς
3380 2329 3638 2398 ἄρχουσιν
3669 2329 3806 2399 ἔφη·

2235 2438 2254 2471 ι
2277 2420 2609 2473 Είσιέτωσαν
2631 2423 2678 2473 οἱ
2709 2419 3054 2491 μονάζοντες,
3077 2419 3270 2483 οἵτινες
3297 2419 3394 2484 τάς
3421 2420 3812 2492 προσελεύσεις

2230 2511 2558 2582 ποιήσασθαι
2589 2509 2866 2581 ζητοῦσιν.
2903 2529 2922 2560 ι
2962 2510 3074 2563 Kal
3108 2510 3356 2580 εἰσῆλθον
3409 2511 3525 2581 ἅμα
3562 2513 3676 2574 τοῖς
3715 2509 3815 2566 δύο

2231 2599 2622 2672 πρεσϐυτέροις
2642 2595 2721 2666 οἷς
2749 2600 3006 2672 Ἰωάννης
3034 2600 3468 2672 ἐχειροτόνησεν·
3497 2600 3592 2654 καὶ
3632 2601 3813 2655 ἀτενίο

2233 2708 2331 2756 σας
2360 2693 2439 2756 είς
2469 2691 2668 2755 αὐτοὺς
2709 2692 2986 2755 Ἀκυλίνος
3019 2691 3292 2764 κυέστωρ,
3321 2693 3416 2746 καὶ
3441 2693 3700 2761 ἐπιγνοὺς
3721 2709 3816 2746 τε·

2229 2782 2405 2845 λείους
2437 2782 2634 2845 αὐτοὺς
2665 2777 2827 2847 εῖναι,
2857 2783 2935 2854 τῷ
2967 2782 3210 2852 Θεοφίλῳ
3246 2783 3380 2853 ἔφη·
3435 2801 3454 2834 ι
3483 2779 3554 2836 Ὦ
3593 2786 3812 2851 γενναῖε

2229 2869 2338 2924 τῶν
2359 2869 2693 2936 ἐπισκόπων,
2723 2872 2806 2935 τίς
2832 2873 2866 2941 ή
2895 2872 3064 2936 αἰτία,
3090 2871 3122 2942 ἦ
3151 2871 3204 2924 τί
3232 2872 3260 2924 ὃ
3306 2871 3720 2942 παρεσκεύασέν
3748 2890 3814 2926 σε

2230 2961 2370 3015 ὅπλα
2405 2963 2771 3033 στρατιωτικὰ
2798 2963 3033 3017 λαϐόντα
3062 2979 3121 3015 σε
3159 2964 3448 3036 ἐπιρῤίψαι
3489 2966 3603 3027 τοῖς
3646 2965 3816 3034 μονά-

2232 3051 2416 3117 ζουσιν
2445 3053 2679 3120 τούτοις,
2709 3056 2804 3108 καὶ
2831 3053 3124 3108 σκυλεῦσαι
3153 3054 3247 3107 καὶ
3278 3053 3555 3122 βακλίζειν
3589 3054 3685 3108 καὶ
3714 3057 3816 3109 ἐκ-

2229 3143 2418 3209 διῶξαι
2446 3144 2562 3216 άμα
2595 3144 2850 3217 Ἰσιδώρῳ
2886 3144 2964 3215 τῷ
3000 3144 3357 3216 πρεσϐυτέρῳ
3391 3143 3470 3215 τῷ
3509 3145 3679 3212 ὅντως
3710 3165 3816 3201 πε-

2237 3233 2492 3306 ριϐοήτῳ,
2540 3235 2632 3288 τὸν
2666 3235 2760 3288 τοῦ
2796 3235 2932 3288 Θεοῦ
2989 3234 3154 3304 φόϐον
3206 3235 3520 3306 παριδόντα,
3571 3239 3664 3292 καὶ
3700 3237 3815 3292 τῶν

2231 3327 2504 3380 δεσποτῶν
2519 3327 2623 3400 τὴν
2657 3328 2999 3400 ἀπαρόρατον
3042 3327 3358 3398 ἐκδίκησιν;
3401 3347 3419 3378 ›
3453 3329 3595 3400 Πρὸς
3635 3329 3817 3386 ταῦτα

2233 3417 2490 3489 Θεόφιλος
2537 3419 2678 3491 ἔφη’
2722 3439 2740 3472 ι
2776 3420 2864 3483 Ὠς
2907 3421 3203 3491 αἱρετικοῖς
3253 3420 3349 3474 καὶ
3375 3422 3816 3493 ςδιαστρέφουσιν

2230 3508 2332 3580 τὴν
2384 3509 2597 3580 ἐνορίαν
2648 3521 2750 3580 μου
2797 3511 3117 3582 ἐχρησάμην
3153 3512 3353 3575 αὐτοῖς.
3394 3531 3413 3563 ι
3460 3514 3519 3565 '0
3558 3515 3814 3588 κυέστωρ

2233 3601 2339 3673 ἔφη
2358 3616 2370 3632 ·
2411 3620 2429 3654 ι
2463 3600 2578 3655 Οὐκ
2607 3599 2798 3664 ἔλαϐες
2815 3603 2873 3654 ἐν
2906 3601 3004 3672 τῷ,
3035 3603 3145 3657 Τὸν
3167 3603 3464 3672 αἱρετικὸν
3497 3603 3817 3673 ἄνθρωπον

2225 3696 2376 3766 μετὰ
2398 3696 2547 3766 μίαν
2570 3694 2671 3749 καὶ
2694 3693 2982 3763 δευτέραν
3017 3695 3348 3750 νουθεσίαν
3381 3697 3674 3763 παραιτοῦ
3693 3713 3709 3729 ο
3748 3699 3813 3751 ού

2236 3790 2419 3861 μέντοι
2460 3788 2722 3853 τοιούτοις
2771 3786 3032 3861 περίϐαλε
3091 3788 3274 3850 πόνοις
3317 3788 3412 3840 καὶ
3454 3789 3818 3856 παντοδαποῖς

2233 3880 2423 3942 κακοῖς
2447 3895 2461 3944 ;
2487 3895 2506 3928 ›
2558 3878 2617 3930 '0
2643 3878 2699 3931 δέ
2735 3877 3004 3948 φιμωθεὶς
3023 3877 3256 3949 ἔμεινεν.
3290 3873 3424 3930 Εἶτα
3454 3878 3549 3932 καὶ
3578 3883 3694 3944 τοῖς
3725 3898 3820 3952 μο-

2233 3969 2483 4035 νάζουσιν
2529 3969 2712 4040 λέγει·
2745 3991 2762 4023 ι
2796 3971 3099 4034 Τοσαύταις
3146 3968 3499 4042 πειραθέντες
3542 3971 3820 4044 δαιμόνων

2234 4061 2583 4133 προσϐολαῖς,
2607 4063 2702 4117 νῦν
2727 4064 2818 4118 τὸν
2841 4067 2940 4136 τῆς
2962 4064 3256 4136 καρτερίας
3282 4064 3571 4131 ἐξελύσατε
3587 4063 3740 4118 τόνον
3762 4082 3812 4131 ;»

2235 4153 2296 4205 Ol
2326 4152 2384 4205 δέ
2409 4146 2591 4205 εἷπον·
2634 4173 2652 4205 ι
2689 4152 2750 4206 Ἦ
2780 4153 3147 4216 ἀνυπόστατος
3167 4151 3259 4222 βία
3287 4153 3531 4206 ἐκκλῖναι
3556 4153 3705 4223 ἡμᾶς
3720 4151 3814 4207 τοῦ

2234 4243 2499 4316 προτέρου
2524 4245 2726 4315 τρόπου
2748 4245 3085 4315 ἠνάγκασεν⁹
3124 4244 3348 4315 καὶγὰρ
3376 4244 3815 4316 τεσσαρακοστὸν

2235 4335 2354 4399 ἔτος
2381 4336 2760 4408 διετελέσαμεν
2793 4339 2852 4391 ἐν
2881 4339 2960 4390 ἐνὶ
2982 4338 3263 4408 οἰκήματι.
3295 4338 3370 4390 Οὐ
3407 4335 3513 4407 μὴν
3557 4337 3694 4391 ἀλλά
3723 4337 3816 4391 καὶ

2235 4427 2284 4480 οί
2314 4427 2544 4495 ἀοίδιμοι
2603 4429 2845 4498 Πατέρες
2873 4429 3076 4499 Πέτρος
3103 4428 3195 4481 καὶ
3227 4427 3488 4498 Τιμόθεος
3534 4429 3819 4500 συντυχόν-

2233 4534 2325 4580 τες
2352 4519 2505 4588 ήμῖν,
2533 4520 2632 4571 καὶ
2678 4519 2898 4588 γνόντες
2926 4519 3078 4582 τινὰς
3093 4518 3200 4572 τῶν
3227 4520 3325 4572 σὺν
3365 4521 3498 4589 ήμῖν
3535 4519 3710 4574 ὁποῖοί
3745 4523 3816 4574 εί·

2236 4623 2342 4674 σιν,
2371 4607 2622 4678 οὐδαμῶς
2641 4611 2774 4679 ἡμῖν
2804 4609 3296 4680 ἀντωφθάλμησαν,
3335 4609 3471 4664 ἀλλά
3507 4611 3603 4664 καὶ
3649 4611 3817 4682 εὐχάς

2235 4699 2490 4763 λαϐόντες
2515 4703 2643 4772 παρ’
2664 4700 2820 4772 ήμῶν
2840 4700 2935 4754 καὶ
2950 4703 3278 4772 τιμήσαντες
3297 4703 3405 4768 καὶ,
3418 4701 3818 4773 ύποστηρίζον-

2233 4809 2344 4855 τες,
2377 4792 2498 4844 κατ’
2518 4789 2698 4860 ὀλίγον
2719 4789 3007 4854 ἐπιστολὰς
3034 4790 3333 4862 ἐχάραττον
3366 4793 3499 4861 ἡμῖν
3537 4790 3678 4845 ὥστε
3726 4810 3816 4863 μι-

2237 4883 2572 4953 μνήσκεσθαι
2599 4882 2800 4937 αὐτῶν.
2839 4881 3272 4954 Παρακαλοῦμεν
3297 4878 3410 4945 οὖν,
3443 4881 3552 4934 εῖτε
3576 4883 3819 4954 ἐτυπτή-

2234 4974 2406 5047 θημεν
2429 5015 2443 5036 ,
2481 4976 2597 5028 εἴτε
2645 4974 2998 5046 ἐδιώχθημεν,
3032 4973 3152 5045 Θεῷ
3188 4974 3618 5043 καταλείπομεν,
3651 4973 3815 5045 μόνον

2233 5063 2560 5134 χαρισθῆναι
2613 5067 2745 5135 ἡμῖν
2771 5067 2870 5135 τὴν
2915 5066 3044 5137 πρὶν
3098 5066 3384 5120 κατοικίαν
3412 5063 3594 5136 ήμῶν,
3645 5065 3733 5119 ῐνα
3756 5067 3816 5120 ἐν

2231 5155 2369 5225 αὐτῇ
2433 5157 2864 5227 μετανοήσαντες
2913 5158 3349 5230 ἁνακτησώμεθα
3391 5156 3637 5221 ἑαυτούς.
3677 5177 3696 5208 ι
3747 5155 3815 5214 Οἱ

2231 5243 2553 5315 ἐξοχώτατοι
2583 5248 2879 5318 στρατηγοὶ
2905 5248 3021 5318 ἅμα
3054 5247 3320 5317 Ἀκυλίνῳ
3339 5242 3528 5301 εἶπαν·
3569 5233 3587 5298 ι
3615 5247 3816 5310 Καλῶς

2231 5337 2467 5388 ποιεῖτε·
2493 5335 2805 5407 γέγραπται
2853 5339 2963 5408 γάρ
2989 5357 3001 5368 ·
3045 5339 3141 5404 Τίς
3196 5337 3355 5408 ἡμᾶς
3396 5339 3642 5409 χωρίσει
3693 5337 3818 5393 ἀπὸ

2231 5425 2344 5495 τῆς
2378 5427 2617 5497 ἀγάπης
2655 5429 2763 5484 τοῦ
2806 5430 3240 5498 Χριστοῦ;ὃθεν
3270 5430 3392 5484 δέον
3422 5432 3816 5502 φρονήσαντες,

2226 5521 2290 5589 τῇ
2311 5521 2574 5594 παροικίᾳ
2593 5522 2802 5575 ἑαυτῶν
2827 5522 3062 5594 εὐλόγως
3088 5523 3435 5579 ἐπιϐήσεσθε.
3467 5543 3486 5575 ›
3508 5525 3620 5578 Καὶ
3645 5523 3821 5595 ἔπεμ-

2223 5686 2338 5761 gia-
2359 5673 2426 5728 de
2454 5674 2556 5729 hac
2583 5675 2700 5761 ipsa
2745 5677 2950 5750 synodo
3008 5678 3140 5748 agit,
3189 5696 3309 5751 quae
3357 5678 3460 5735 fuit
3493 5678 3582 5734 'ad
3636 5676 3822 5745 Quer-
