  <div class='ocr_page' id='page_1' title='image "/cluster/home/n/w/nwhite01/storage/ocr_20150623/47/mdp.39015012902212/048.png"; bbox 0 0 4038 6154; ppageno 0'>
   <div class='ocr_carea' id='block_1_1' title="bbox 325 228 506 274">
    <p class='ocr_par' dir='ltr' id='par_1_1' title="bbox 325 228 506 274">
     <span class='ocr_line' id='line_1_1' title="bbox 325 228 506 274; baseline -0.022 0"><span class='ocrx_word' id='word_1_1' title='bbox 325 228 506 274; x_wconf 63' lang='lat' dir='ltr'><strong>“IIII</strong></span> 
     </span>
    </p>
   </div>
   <div class='ocr_carea' id='block_1_2' title="bbox 325 328 1913 413">
    <p class='ocr_par' dir='ltr' id='par_1_2' title="bbox 325 328 1913 413">
     <span class='ocr_line' id='line_1_2' title="bbox 325 328 1913 413; baseline 0.009 -30"><span class='ocrx_word' id='word_1_2' title='bbox 325 328 710 400; x_wconf 89' lang='lat' dir='ltr'><strong>(eudoxiam),</strong></span> <span class='ocrx_word' id='word_1_3' title='bbox 753 330 948 386; x_wconf 72' lang='lat' dir='ltr'><strong>amavi?</strong></span> <span class='ocrx_word' id='word_1_4' title='bbox 980 339 1162 387; x_wconf 81' lang='lat' dir='ltr'><strong>autem</strong></span> <span class='ocrx_word' id='word_1_5' title='bbox 1204 335 1556 406; x_wconf 72' lang='lat' dir='ltr'><strong>ignominiam</strong></span> <span class='ocrx_word' id='word_1_6' title='bbox 1599 337 1913 413; x_wconf 77' lang='lat' dir='ltr'><strong>(adoxiam)</strong></span> 
     </span>
    </p>
   </div>
   <div class='ocr_carea' id='block_1_3' title="bbox 328 420 1913 505">
    <p class='ocr_par' dir='ltr' id='par_1_3' title="bbox 328 420 1913 505">
     <span class='ocr_line' id='line_1_3' title="bbox 328 420 1913 505; baseline 0.008 -29"><span class='ocrx_word' id='word_1_7' title='bbox 328 420 514 494; x_wconf 72' lang='grc' dir='ltr'><strong>(Εειή.</strong></span> <span class='ocrx_word' id='word_1_8' title='bbox 545 438 653 489; x_wconf 77' lang='lat' dir='ltr'><strong>xiv,</strong></span> <span class='ocrx_word' id='word_1_9' title='bbox 697 423 825 494; x_wconf 72' lang='lat'><strong>15)?</strong></span> <span class='ocrx_word' id='word_1_10' title='bbox 865 442 885 475; x_wconf 74' lang='grc' dir='ltr'><strong><em>ι</em></strong></span> <span class='ocrx_word' id='word_1_11' title='bbox 918 425 1196 481; x_wconf 83' lang='lat' dir='ltr'><strong>Ettamen</strong></span> <span class='ocrx_word' id='word_1_12' title='bbox 1231 427 1349 484; x_wconf 70' lang='lat' dir='ltr'><strong>haec</strong></span> <span class='ocrx_word' id='word_1_13' title='bbox 1381 439 1500 486; x_wconf 89' lang='lat' dir='ltr'><strong>erat</strong></span> <span class='ocrx_word' id='word_1_14' title='bbox 1534 431 1653 503; x_wconf 91' lang='lat' dir='ltr'><strong>ipso</strong></span> <span class='ocrx_word' id='word_1_15' title='bbox 1679 433 1913 505; x_wconf 88' lang='lat' dir='ltr'><strong>impera-</strong></span> 
     </span>
    </p>
   </div>
   <div class='ocr_carea' id='block_1_4' title="bbox 328 513 768 585">
    <p class='ocr_par' dir='ltr' id='par_1_4' title="bbox 328 513 768 585">
     <span class='ocr_line' id='line_1_4' title="bbox 328 513 768 585; baseline 0 -16"><span class='ocrx_word' id='word_1_16' title='bbox 328 523 456 569; x_wconf 90' lang='lat' dir='ltr'><strong>tore</strong></span> <span class='ocrx_word' id='word_1_17' title='bbox 481 513 768 585; x_wconf 91' lang='lat' dir='ltr'><strong>potentior.</strong></span> 
     </span>
    </p>
   </div>
   <div class='ocr_carea' id='block_1_5' title="bbox 410 604 1913 686">
    <p class='ocr_par' dir='ltr' id='par_1_5' title="bbox 410 604 1913 686">
     <span class='ocr_line' id='line_1_5' title="bbox 410 604 1913 686; baseline 0.009 -29"><span class='ocrx_word' id='word_1_18' title='bbox 410 605 495 659; x_wconf 84' lang='lat' dir='ltr'><strong>l9.</strong></span> <span class='ocrx_word' id='word_1_19' title='bbox 549 604 802 676; x_wconf 85' lang='lat' dir='ltr'><strong>Episcopi</strong></span> <span class='ocrx_word' id='word_1_20' title='bbox 846 614 1030 662; x_wconf 88' lang='lat' dir='ltr'><strong>autem</strong></span> <span class='ocrx_word' id='word_1_21' title='bbox 1066 606 1317 677; x_wconf 71' lang='lat' dir='ltr'><strong>Aeacius,</strong></span> <span class='ocrx_word' id='word_1_22' title='bbox 1366 609 1696 670; x_wconf 83' lang='lat' dir='ltr'><strong>Severianus</strong></span> <span class='ocrx_word' id='word_1_23' title='bbox 1751 625 1913 686; x_wconf 87' lang='lat' dir='ltr'><strong>atque</strong></span> 
     </span>
    </p>
   </div>
   <div class='ocr_carea' id='block_1_6' title="bbox 253 695 1912 777">
    <p class='ocr_par' dir='ltr' id='par_1_6' title="bbox 253 695 1912 777">
     <span class='ocr_line' id='line_1_6' title="bbox 253 695 1912 777; baseline 0.007 -27"><span class='ocrx_word' id='word_1_24' title='bbox 253 747 270 777; x_wconf 39' lang='grc' dir='ltr'><strong>ε·</strong></span> <span class='ocrx_word' id='word_1_25' title='bbox 327 695 688 767; x_wconf 83' lang='lat' dir='ltr'><strong>Porphyrius,</strong></span> <span class='ocrx_word' id='word_1_26' title='bbox 725 697 955 768; x_wconf 84' lang='lat' dir='ltr'><strong>ejusque</strong></span> <span class='ocrx_word' id='word_1_27' title='bbox 1006 700 1229 757; x_wconf 68' lang='lat' dir='ltr'><strong>asseclm</strong></span> <span class='ocrx_word' id='word_1_28' title='bbox 1279 702 1372 773; x_wconf 92' lang='lat' dir='ltr'><strong>qui</strong></span> <span class='ocrx_word' id='word_1_29' title='bbox 1419 718 1542 758; x_wconf 84' lang='lat' dir='ltr'><strong>cum</strong></span> <span class='ocrx_word' id='word_1_30' title='bbox 1607 705 1912 777; x_wconf 80' lang='lat' dir='ltr'><strong>Theophila</strong></span> 
     </span>
    </p>
   </div>
   <div class='ocr_carea' id='block_1_7' title="bbox 260 771 1910 865">
    <p class='ocr_par' dir='ltr' id='par_1_7' title="bbox 260 771 1910 865">
     <span class='ocr_line' id='line_1_7' title="bbox 260 771 1910 865; baseline 0.01 -25"><span class='ocrx_word' id='word_1_31' title='bbox 260 771 270 782; x_wconf 80' lang='grc'><em>’</em></span> <span class='ocrx_word' id='word_1_32' title='bbox 325 789 739 858; x_wconf 89' lang='lat' dir='ltr'><strong>conspirabant,</strong></span> <span class='ocrx_word' id='word_1_33' title='bbox 769 790 909 846; x_wconf 82' lang='lat' dir='ltr'><strong>facta</strong></span> <span class='ocrx_word' id='word_1_34' title='bbox 941 792 1178 849; x_wconf 79' lang='lat' dir='ltr'><strong>coitione</strong></span> <span class='ocrx_word' id='word_1_35' title='bbox 1221 793 1606 865; x_wconf 76' lang='lat' dir='ltr'><strong>imperatorem</strong></span> <span class='ocrx_word' id='word_1_36' title='bbox 1634 814 1910 856; x_wconf 91' lang='lat' dir='ltr'><strong>convene-</strong></span> 
     </span>
    </p>
   </div>
   <div class='ocr_carea' id='block_1_8' title="bbox 320 881 1909 963">
    <p class='ocr_par' dir='ltr' id='par_1_8' title="bbox 320 881 1909 963">
     <span class='ocr_line' id='line_1_8' title="bbox 320 881 1909 963; baseline 0.011 -31"><span class='ocrx_word' id='word_1_37' title='bbox 320 887 458 934; x_wconf 85' lang='lat' dir='ltr'><strong>runt</strong></span> <span class='ocrx_word' id='word_1_38' title='bbox 508 881 806 938; x_wconf 79' lang='lat' dir='ltr'><strong>dicentes:</strong></span> <span class='ocrx_word' id='word_1_39' title='bbox 863 902 882 935; x_wconf 83' lang='grc'><strong><em>‹</em></strong></span> <span class='ocrx_word' id='word_1_40' title='bbox 926 884 1174 953; x_wconf 89' lang='lat' dir='ltr'><strong>Domine,</strong></span> <span class='ocrx_word' id='word_1_41' title='bbox 1228 889 1376 944; x_wconf 90' lang='lat' dir='ltr'><strong>salvo</strong></span> <span class='ocrx_word' id='word_1_42' title='bbox 1417 893 1614 946; x_wconf 88' lang='lat' dir='ltr'><strong>summi</strong></span> <span class='ocrx_word' id='word_1_43' title='bbox 1662 895 1909 963; x_wconf 64' lang='lat' dir='ltr'><strong>praesulis</strong></span> 
     </span>
    </p>
   </div>
   <div class='ocr_carea' id='block_1_9' title="bbox 317 972 1908 1055">
    <p class='ocr_par' dir='ltr' id='par_1_9' title="bbox 317 972 1908 1055">
     <span class='ocr_line' id='line_1_9' title="bbox 317 972 1908 1055; baseline 0.01 -30"><span class='ocrx_word' id='word_1_44' title='bbox 317 972 631 1045; x_wconf 87' lang='lat' dir='ltr'><strong>privilegio,</strong></span> <span class='ocrx_word' id='word_1_45' title='bbox 665 974 799 1044; x_wconf 89' lang='lat' dir='ltr'><strong>jube</strong></span> <span class='ocrx_word' id='word_1_46' title='bbox 821 991 922 1030; x_wconf 89' lang='lat' dir='ltr'><strong>nos</strong></span> <span class='ocrx_word' id='word_1_47' title='bbox 951 986 1307 1050; x_wconf 87' lang='lat' dir='ltr'><strong>congregatos</strong></span> <span class='ocrx_word' id='word_1_48' title='bbox 1337 980 1404 1035; x_wconf 89' lang='lat' dir='ltr'><strong>de</strong></span> <span class='ocrx_word' id='word_1_49' title='bbox 1434 982 1539 1037; x_wconf 91' lang='lat' dir='ltr'><strong>hoc</strong></span> <span class='ocrx_word' id='word_1_50' title='bbox 1565 985 1785 1055; x_wconf 85' lang='lat' dir='ltr'><strong>negotio</strong></span> <span class='ocrx_word' id='word_1_51' title='bbox 1811 1000 1908 1046; x_wconf 82' lang='lat' dir='ltr'><strong>co-</strong></span> 
     </span>
    </p>
   </div>
   <div class='ocr_carea' id='block_1_10' title="bbox 321 1067 1906 1143">
    <p class='ocr_par' dir='ltr' id='par_1_10' title="bbox 321 1067 1906 1143">
     <span class='ocr_line' id='line_1_10' title="bbox 321 1067 1906 1143; baseline 0.009 -24"><span class='ocrx_word' id='word_1_52' title='bbox 321 1080 615 1136; x_wconf 81' lang='lat' dir='ltr'><strong>gnoscere,</strong></span> <span class='ocrx_word' id='word_1_53' title='bbox 644 1067 787 1123; x_wconf 91' lang='lat' dir='ltr'><strong>datis</strong></span> <span class='ocrx_word' id='word_1_54' title='bbox 814 1069 975 1123; x_wconf 90' lang='lat' dir='ltr'><strong>nobis</strong></span> <span class='ocrx_word' id='word_1_55' title='bbox 1012 1070 1288 1140; x_wconf 88' lang='lat' dir='ltr'><strong>judicibus</strong></span> <span class='ocrx_word' id='word_1_56' title='bbox 1316 1089 1453 1143; x_wconf 90' lang='lat' dir='ltr'><strong>quos</strong></span> <span class='ocrx_word' id='word_1_57' title='bbox 1479 1083 1570 1130; x_wconf 91' lang='lat' dir='ltr'><strong>tua</strong></span> <span class='ocrx_word' id='word_1_58' title='bbox 1595 1079 1906 1133; x_wconf 89' lang='lat' dir='ltr'><strong>veneranda</strong></span> 
     </span>
    </p>
   </div>
   <div class='ocr_carea' id='block_1_11' title="bbox 320 1159 1905 1240">
    <p class='ocr_par' dir='ltr' id='par_1_11' title="bbox 320 1159 1905 1240">
     <span class='ocr_line' id='line_1_11' title="bbox 320 1159 1905 1240; baseline 0.009 -29"><span class='ocrx_word' id='word_1_59' title='bbox 320 1159 585 1228; x_wconf 83' lang='lat' dir='ltr'><strong>majestas</strong></span> <span class='ocrx_word' id='word_1_60' title='bbox 613 1160 869 1215; x_wconf 89' lang='lat' dir='ltr'><strong>voluerit.</strong></span> <span class='ocrx_word' id='word_1_61' title='bbox 913 1161 1049 1217; x_wconf 83' lang='lat' dir='ltr'><strong>Nam</strong></span> <span class='ocrx_word' id='word_1_62' title='bbox 1089 1165 1344 1220; x_wconf 86' lang='lat' dir='ltr'><strong>monachi</strong></span> <span class='ocrx_word' id='word_1_63' title='bbox 1375 1166 1450 1231; x_wconf 90' lang='lat' dir='ltr'><strong>hi,</strong></span> <span class='ocrx_word' id='word_1_64' title='bbox 1507 1168 1601 1238; x_wconf 87' lang='lat' dir='ltr'><strong>qui</strong></span> <span class='ocrx_word' id='word_1_65' title='bbox 1633 1170 1905 1240; x_wconf 88' lang='lat' dir='ltr'><strong>supplices</strong></span> 
     </span>
    </p>
   </div>
   <div class='ocr_carea' id='block_1_12' title="bbox 315 1247 1904 1334">
    <p class='ocr_par' dir='ltr' id='par_1_12' title="bbox 315 1247 1904 1334">
     <span class='ocr_line' id='line_1_12' title="bbox 315 1247 1904 1334; baseline 0.011 -32"><span class='ocrx_word' id='word_1_66' title='bbox 315 1247 588 1306; x_wconf 87' lang='lat' dir='ltr'><strong>adversus</strong></span> <span class='ocrx_word' id='word_1_67' title='bbox 610 1252 974 1324; x_wconf 77' lang='lat' dir='ltr'><strong>TheOphilum</strong></span> <span class='ocrx_word' id='word_1_68' title='bbox 996 1255 1206 1312; x_wconf 86' lang='lat' dir='ltr'><strong>libellos</strong></span> <span class='ocrx_word' id='word_1_69' title='bbox 1230 1259 1566 1325; x_wconf 89' lang='lat' dir='ltr'><strong>obtulerunt,</strong></span> <span class='ocrx_word' id='word_1_70' title='bbox 1585 1260 1904 1334; x_wconf 69' lang='lat' dir='ltr'><strong>Origenistte</strong></span> 
     </span>
    </p>
   </div>
   <div class='ocr_carea' id='block_1_13' title="bbox 318 1349 1895 1420">
    <p class='ocr_par' dir='ltr' id='par_1_13' title="bbox 318 1349 1895 1420">
     <span class='ocr_line' id='line_1_13' title="bbox 318 1349 1895 1420; baseline 0.007 -25"><span class='ocrx_word' id='word_1_71' title='bbox 318 1350 472 1406; x_wconf 82' lang='lat' dir='ltr'><strong>sunt,</strong></span> <span class='ocrx_word' id='word_1_72' title='bbox 504 1352 668 1413; x_wconf 85' lang='lat' dir='ltr'><strong>atque</strong></span> <span class='ocrx_word' id='word_1_73' title='bbox 697 1360 792 1400; x_wconf 88' lang='lat' dir='ltr'><strong>eos</strong></span> <span class='ocrx_word' id='word_1_74' title='bbox 815 1361 998 1401; x_wconf 89' lang='lat' dir='ltr'><strong>coram</strong></span> <span class='ocrx_word' id='word_1_75' title='bbox 1025 1349 1279 1404; x_wconf 89' lang='lat' dir='ltr'><strong>omnibus</strong></span> <span class='ocrx_word' id='word_1_76' title='bbox 1295 1360 1511 1420; x_wconf 80' lang='lat' dir='ltr'><strong>oportet</strong></span> <span class='ocrx_word' id='word_1_77' title='bbox 1535 1354 1895 1410; x_wconf 67' lang='lat' dir='ltr'><strong>examinari.»</strong></span> 
     </span>
    </p>
   </div>
   <div class='ocr_carea' id='block_1_14' title="bbox 319 1431 1900 1513">
    <p class='ocr_par' dir='ltr' id='par_1_14' title="bbox 319 1431 1900 1513">
     <span class='ocr_line' id='line_1_14' title="bbox 319 1431 1900 1513; baseline 0.01 -28"><span class='ocrx_word' id='word_1_78' title='bbox 319 1431 479 1489; x_wconf 91' lang='lat' dir='ltr'><strong>Tunc</strong></span> <span class='ocrx_word' id='word_1_79' title='bbox 506 1435 803 1504; x_wconf 82' lang='lat' dir='ltr'><strong>imperator</strong></span> <span class='ocrx_word' id='word_1_80' title='bbox 835 1453 1083 1493; x_wconf 91' lang='lat' dir='ltr'><strong>seorsum</strong></span> <span class='ocrx_word' id='word_1_81' title='bbox 1113 1440 1290 1496; x_wconf 91' lang='lat' dir='ltr'><strong>ductis</strong></span> <span class='ocrx_word' id='word_1_82' title='bbox 1313 1442 1600 1513; x_wconf 87' lang='lat' dir='ltr'><strong>episcopis,</strong></span> <span class='ocrx_word' id='word_1_83' title='bbox 1627 1445 1759 1501; x_wconf 88' lang='lat' dir='ltr'><strong>satis</strong></span> <span class='ocrx_word' id='word_1_84' title='bbox 1787 1447 1900 1501; x_wconf 87' lang='lat' dir='ltr'><strong>cle-</strong></span> 
     </span>
    </p>
   </div>
   <div class='ocr_carea' id='block_1_15' title="bbox 315 1529 1897 1609">
    <p class='ocr_par' dir='ltr' id='par_1_15' title="bbox 315 1529 1897 1609">
     <span class='ocr_line' id='line_1_15' title="bbox 315 1529 1897 1609; baseline 0.008 -28"><span class='ocrx_word' id='word_1_85' title='bbox 315 1539 535 1582; x_wconf 88' lang='lat' dir='ltr'><strong>menter</strong></span> <span class='ocrx_word' id='word_1_86' title='bbox 560 1529 700 1584; x_wconf 86' lang='lat' dir='ltr'><strong>dixit</strong></span> <span class='ocrx_word' id='word_1_87' title='bbox 729 1548 743 1582; x_wconf 91' lang='lat'><strong>:</strong></span> <span class='ocrx_word' id='word_1_88' title='bbox 778 1551 797 1582; x_wconf 86' lang='grc'><strong>‹</strong></span> <span class='ocrx_word' id='word_1_89' title='bbox 827 1529 1007 1598; x_wconf 90' lang='lat' dir='ltr'><strong>Scitis,</strong></span> <span class='ocrx_word' id='word_1_90' title='bbox 1027 1547 1060 1587; x_wconf 91' lang='grc' dir='ltr'>ο</span> <span class='ocrx_word' id='word_1_91' title='bbox 1088 1532 1293 1598; x_wconf 87' lang='lat' dir='ltr'><strong>Patres,</strong></span> <span class='ocrx_word' id='word_1_92' title='bbox 1320 1549 1407 1589; x_wconf 91' lang='lat' dir='ltr'><strong>me</strong></span> <span class='ocrx_word' id='word_1_93' title='bbox 1430 1535 1624 1606; x_wconf 77' lang='lat' dir='ltr'><strong>legisse</strong></span> <span class='ocrx_word' id='word_1_94' title='bbox 1650 1535 1897 1609; x_wconf 87' lang='lat' dir='ltr'><strong>Origenis</strong></span> 
     </span>
    </p>
   </div>
   <div class='ocr_carea' id='block_1_16' title="bbox 320 1613 1898 1681">
    <p class='ocr_par' dir='ltr' id='par_1_16' title="bbox 320 1613 1898 1681">
     <span class='ocr_line' id='line_1_16' title="bbox 320 1613 1898 1681; baseline 0.007 -11"><span class='ocrx_word' id='word_1_95' title='bbox 320 1613 651 1671; x_wconf 80' lang='lat' dir='ltr'><strong>Periarchon</strong></span> <span class='ocrx_word' id='word_1_96' title='bbox 688 1634 799 1673; x_wconf 90' lang='lat' dir='ltr'><strong>non</strong></span> <span class='ocrx_word' id='word_1_97' title='bbox 843 1619 962 1674; x_wconf 89' lang='lat' dir='ltr'><strong>sine</strong></span> <span class='ocrx_word' id='word_1_98' title='bbox 1011 1620 1413 1677; x_wconf 84' lang='lat' dir='ltr'><strong>admiratione?</strong></span> <span class='ocrx_word' id='word_1_99' title='bbox 1471 1643 1490 1677; x_wconf 73' lang='grc' dir='ltr'><strong><em>ι</em></strong></span> <span class='ocrx_word' id='word_1_100' title='bbox 1530 1625 1601 1679; x_wconf 85' lang='lat' dir='ltr'><strong>At</strong></span> <span class='ocrx_word' id='word_1_101' title='bbox 1649 1625 1724 1680; x_wconf 91' lang='lat' dir='ltr'><strong>illi</strong></span> <span class='ocrx_word' id='word_1_102' title='bbox 1763 1627 1898 1681; x_wconf 87' lang='lat' dir='ltr'><strong>nihil</strong></span> 
     </span>
    </p>
   </div>
   <div class='ocr_carea' id='block_1_17' title="bbox 313 1710 1898 1788">
    <p class='ocr_par' dir='ltr' id='par_1_17' title="bbox 313 1710 1898 1788">
     <span class='ocr_line' id='line_1_17' title="bbox 313 1710 1898 1788; baseline 0.007 -26"><span class='ocrx_word' id='word_1_103' title='bbox 313 1710 724 1778; x_wconf 85' lang='lat' dir='ltr'><strong>responderunt</strong></span> <span class='ocrx_word' id='word_1_104' title='bbox 772 1729 786 1765; x_wconf 87' lang='lat'><strong>:</strong></span> <span class='ocrx_word' id='word_1_105' title='bbox 845 1712 1137 1782; x_wconf 88' lang='lat' dir='ltr'><strong>statimque</strong></span> <span class='ocrx_word' id='word_1_106' title='bbox 1191 1727 1285 1768; x_wconf 92' lang='lat' dir='ltr'><strong>eos</strong></span> <span class='ocrx_word' id='word_1_107' title='bbox 1333 1714 1555 1781; x_wconf 89' lang='lat' dir='ltr'><strong>dimisit,</strong></span> <span class='ocrx_word' id='word_1_108' title='bbox 1605 1733 1898 1788; x_wconf 89' lang='lat' dir='ltr'><strong>parumper</strong></span> 
     </span>
    </p>
   </div>
   <div class='ocr_carea' id='block_1_18' title="bbox 310 1801 1895 1874">
    <p class='ocr_par' dir='ltr' id='par_1_18' title="bbox 310 1801 1895 1874">
     <span class='ocr_line' id='line_1_18' title="bbox 310 1801 1895 1874; baseline 0.006 -20"><span class='ocrx_word' id='word_1_109' title='bbox 310 1801 638 1855; x_wconf 86' lang='lat' dir='ltr'><strong>scandalum</strong></span> <span class='ocrx_word' id='word_1_110' title='bbox 667 1818 872 1872; x_wconf 89' lang='lat' dir='ltr'><strong>passus.</strong></span> <span class='ocrx_word' id='word_1_111' title='bbox 905 1803 1082 1874; x_wconf 88' lang='lat' dir='ltr'><strong>Atque</strong></span> <span class='ocrx_word' id='word_1_112' title='bbox 1111 1805 1184 1859; x_wconf 92' lang='lat' dir='ltr'><strong>ita</strong></span> <span class='ocrx_word' id='word_1_113' title='bbox 1215 1806 1428 1872; x_wconf 89' lang='lat' dir='ltr'><strong>accidit,</strong></span> <span class='ocrx_word' id='word_1_114' title='bbox 1463 1816 1521 1862; x_wconf 93' lang='lat' dir='ltr'><strong>ut</strong></span> <span class='ocrx_word' id='word_1_115' title='bbox 1543 1808 1765 1865; x_wconf 85' lang='lat' dir='ltr'><strong>Joannis</strong></span> <span class='ocrx_word' id='word_1_116' title='bbox 1793 1825 1895 1864; x_wconf 89' lang='lat' dir='ltr'><strong>ne-</strong></span> 
     </span>
    </p>
   </div>
   <div class='ocr_carea' id='block_1_19' title="bbox 307 1891 1894 1965">
    <p class='ocr_par' dir='ltr' id='par_1_19' title="bbox 307 1891 1894 1965">
     <span class='ocr_line' id='line_1_19' title="bbox 307 1891 1894 1965; baseline 0.006 -20"><span class='ocrx_word' id='word_1_117' title='bbox 307 1891 522 1961; x_wconf 88' lang='lat' dir='ltr'><strong>gotium</strong></span> <span class='ocrx_word' id='word_1_118' title='bbox 547 1891 603 1946; x_wconf 88' lang='lat' dir='ltr'><strong>in</strong></span> <span class='ocrx_word' id='word_1_119' title='bbox 629 1893 972 1952; x_wconf 83' lang='lat' dir='ltr'><strong>manifestam</strong></span> <span class='ocrx_word' id='word_1_120' title='bbox 990 1896 1425 1965; x_wconf 76' lang='lat' dir='ltr'><strong>coniurationem</strong></span> <span class='ocrx_word' id='word_1_121' title='bbox 1451 1898 1724 1954; x_wconf 85' lang='lat' dir='ltr'><strong>evaderet.</strong></span> <span class='ocrx_word' id='word_1_122' title='bbox 1740 1899 1894 1955; x_wconf 90' lang='lat' dir='ltr'><strong>Tunc</strong></span> 
     </span>
    </p>
   </div>
   <div class='ocr_carea' id='block_1_20' title="bbox 303 1981 1889 2058">
    <p class='ocr_par' dir='ltr' id='par_1_20' title="bbox 303 1981 1889 2058">
     <span class='ocr_line' id='line_1_20' title="bbox 303 1981 1889 2058; baseline 0.006 -24"><span class='ocrx_word' id='word_1_123' title='bbox 303 1981 612 2051; x_wconf 83' lang='lat' dir='ltr'><strong>imperator</strong></span> <span class='ocrx_word' id='word_1_124' title='bbox 644 1983 860 2050; x_wconf 88' lang='lat' dir='ltr'><strong>anxius,</strong></span> <span class='ocrx_word' id='word_1_125' title='bbox 892 1984 1036 2039; x_wconf 87' lang='lat' dir='ltr'><strong>circa</strong></span> <span class='ocrx_word' id='word_1_126' title='bbox 1078 1985 1268 2041; x_wconf 62' lang='lat' dir='ltr'><strong>Rome</strong></span> <span class='ocrx_word' id='word_1_127' title='bbox 1312 1987 1516 2058; x_wconf 76' lang='lat' dir='ltr'><strong>legatos</strong></span> <span class='ocrx_word' id='word_1_128' title='bbox 1554 1989 1889 2056; x_wconf 89' lang='lat' dir='ltr'><strong>tristabatur,</strong></span> 
     </span>
    </p>
   </div>
   <div class='ocr_carea' id='block_1_21' title="bbox 305 2072 1892 2148">
    <p class='ocr_par' dir='ltr' id='par_1_21' title="bbox 305 2072 1892 2148">
     <span class='ocr_line' id='line_1_21' title="bbox 305 2072 1892 2148; baseline 0.006 -21"><span class='ocrx_word' id='word_1_129' title='bbox 305 2087 443 2128; x_wconf 87' lang='lat' dir='ltr'><strong>sane</strong></span> <span class='ocrx_word' id='word_1_130' title='bbox 469 2072 690 2144; x_wconf 87' lang='lat' dir='ltr'><strong>ignarus</strong></span> <span class='ocrx_word' id='word_1_131' title='bbox 715 2090 853 2144; x_wconf 90' lang='lat' dir='ltr'><strong>quas</strong></span> <span class='ocrx_word' id='word_1_132' title='bbox 874 2075 977 2146; x_wconf 89' lang='lat' dir='ltr'><strong>ipsi</strong></span> <span class='ocrx_word' id='word_1_133' title='bbox 1015 2075 1241 2132; x_wconf 90' lang='lat' dir='ltr'><strong>insidias</strong></span> <span class='ocrx_word' id='word_1_134' title='bbox 1268 2078 1415 2148; x_wconf 89' lang='lat' dir='ltr'><strong>passi</strong></span> <span class='ocrx_word' id='word_1_135' title='bbox 1444 2088 1648 2134; x_wconf 85' lang='lat' dir='ltr'><strong>essent.</strong></span> <span class='ocrx_word' id='word_1_136' title='bbox 1675 2079 1892 2136; x_wconf 83' lang='lat' dir='ltr'><strong>Mandat</strong></span> 
     </span>
    </p>
   </div>
   <div class='ocr_carea' id='block_1_22' title="bbox 307 2165 1890 2241">
    <p class='ocr_par' dir='ltr' id='par_1_22' title="bbox 307 2165 1890 2241">
     <span class='ocr_line' id='line_1_22' title="bbox 307 2165 1890 2241; baseline 0.005 -23"><span class='ocrx_word' id='word_1_137' title='bbox 307 2177 442 2235; x_wconf 85' lang='lat' dir='ltr'><strong>ergo</strong></span> <span class='ocrx_word' id='word_1_138' title='bbox 472 2165 839 2234; x_wconf 64' lang='lat' dir='ltr'><strong>presentibus</strong></span> <span class='ocrx_word' id='word_1_139' title='bbox 865 2166 1156 2237; x_wconf 86' lang='lat' dir='ltr'><strong>episcopis,</strong></span> <span class='ocrx_word' id='word_1_140' title='bbox 1194 2177 1254 2222; x_wconf 91' lang='lat' dir='ltr'><strong>ut</strong></span> <span class='ocrx_word' id='word_1_141' title='bbox 1277 2170 1584 2241; x_wconf 76' lang='lat' dir='ltr'><strong>congregati</strong></span> <span class='ocrx_word' id='word_1_142' title='bbox 1615 2185 1731 2225; x_wconf 92' lang='lat' dir='ltr'><strong>rem</strong></span> <span class='ocrx_word' id='word_1_143' title='bbox 1761 2186 1890 2240; x_wconf 90' lang='lat' dir='ltr'><strong>pro-</strong></span> 
     </span>
    </p>
   </div>
   <div class='ocr_carea' id='block_1_23' title="bbox 305 2254 1890 2328">
    <p class='ocr_par' dir='ltr' id='par_1_23' title="bbox 305 2254 1890 2328">
     <span class='ocr_line' id='line_1_23' title="bbox 305 2254 1890 2328; baseline 0.006 -21"><span class='ocrx_word' id='word_1_144' title='bbox 305 2255 540 2324; x_wconf 83' lang='lat' dir='ltr'><strong>positam</strong></span> <span class='ocrx_word' id='word_1_145' title='bbox 573 2255 905 2321; x_wconf 87' lang='lat' dir='ltr'><strong>examinent,</strong></span> <span class='ocrx_word' id='word_1_146' title='bbox 935 2255 1074 2310; x_wconf 90' lang='lat' dir='ltr'><strong>datis</strong></span> <span class='ocrx_word' id='word_1_147' title='bbox 1102 2257 1399 2326; x_wconf 85' lang='lat' dir='ltr'><strong>jndicibus.</strong></span> <span class='ocrx_word' id='word_1_148' title='bbox 1420 2254 1689 2328; x_wconf 79' lang='lat' dir='ltr'><strong>Hesychia</strong></span> <span class='ocrx_word' id='word_1_149' title='bbox 1704 2274 1890 2316; x_wconf 86' lang='lat' dir='ltr'><strong>sacro-</strong></span> 
     </span>
    </p>
   </div>
   <div class='ocr_carea' id='block_1_24' title="bbox 303 2344 1888 2417">
    <p class='ocr_par' dir='ltr' id='par_1_24' title="bbox 303 2344 1888 2417">
     <span class='ocr_line' id='line_1_24' title="bbox 303 2344 1888 2417; baseline 0.003 -19"><span class='ocrx_word' id='word_1_150' title='bbox 303 2360 429 2398; x_wconf 84' lang='lat' dir='ltr'><strong>rum</strong></span> <span class='ocrx_word' id='word_1_151' title='bbox 461 2344 843 2414; x_wconf 62' lang='lat' dir='ltr'><strong>praetoriorum</strong></span> <span class='ocrx_word' id='word_1_152' title='bbox 887 2345 1166 2416; x_wconf 71' lang='lat' dir='ltr'><strong>praefecto,</strong></span> <span class='ocrx_word' id='word_1_153' title='bbox 1200 2355 1256 2401; x_wconf 90' lang='lat' dir='ltr'><strong>et</strong></span> <span class='ocrx_word' id='word_1_154' title='bbox 1285 2346 1583 2417; x_wconf 89' lang='lat' dir='ltr'><strong>primorum</strong></span> <span class='ocrx_word' id='word_1_155' title='bbox 1615 2363 1888 2417; x_wconf 55' lang='lat' dir='ltr'><strong>praesexa-</strong></span> 
     </span>
    </p>
   </div>
   <div class='ocr_carea' id='block_1_25' title="bbox 303 2436 1888 2509">
    <p class='ocr_par' dir='ltr' id='par_1_25' title="bbox 303 2436 1888 2509">
     <span class='ocr_line' id='line_1_25' title="bbox 303 2436 1888 2509; baseline 0.003 -19"><span class='ocrx_word' id='word_1_156' title='bbox 303 2445 490 2491; x_wconf 86' lang='lat' dir='ltr'><strong>torum</strong></span> <span class='ocrx_word' id='word_1_157' title='bbox 517 2437 749 2492; x_wconf 89' lang='lat' dir='ltr'><strong>ducibus</strong></span> <span class='ocrx_word' id='word_1_158' title='bbox 789 2436 1063 2492; x_wconf 80' lang='lat' dir='ltr'><strong>Maxentio</strong></span> <span class='ocrx_word' id='word_1_159' title='bbox 1093 2453 1157 2493; x_wconf 85' lang='lat' dir='ltr'><strong>ac</strong></span> <span class='ocrx_word' id='word_1_160' title='bbox 1184 2439 1437 2504; x_wconf 92' lang='lat' dir='ltr'><strong>Diodoro,</strong></span> <span class='ocrx_word' id='word_1_161' title='bbox 1471 2454 1594 2494; x_wconf 91' lang='lat' dir='ltr'><strong>cum</strong></span> <span class='ocrx_word' id='word_1_162' title='bbox 1633 2440 1888 2509; x_wconf 83' lang='lat' dir='ltr'><strong>Aquilino</strong></span> 
     </span>
    </p>
   </div>
   <div class='ocr_carea' id='block_1_26' title="bbox 300 2528 1886 2601">
    <p class='ocr_par' dir='ltr' id='par_1_26' title="bbox 300 2528 1886 2601">
     <span class='ocr_line' id='line_1_26' title="bbox 300 2528 1886 2601; baseline 0.003 -20"><span class='ocrx_word' id='word_1_163' title='bbox 300 2537 597 2598; x_wconf 55' lang='lat' dir='ltr'><strong>quaestore,</strong></span> <span class='ocrx_word' id='word_1_164' title='bbox 633 2537 691 2583; x_wconf 90' lang='lat' dir='ltr'><strong>et</strong></span> <span class='ocrx_word' id='word_1_165' title='bbox 715 2528 994 2584; x_wconf 90' lang='lat' dir='ltr'><strong>nonnullis</strong></span> <span class='ocrx_word' id='word_1_166' title='bbox 1029 2529 1293 2600; x_wconf 88' lang='lat' dir='ltr'><strong>patriciis.</strong></span> <span class='ocrx_word' id='word_1_167' title='bbox 1342 2529 1754 2601; x_wconf 87' lang='lat' dir='ltr'><strong>Congregantur</strong></span> <span class='ocrx_word' id='word_1_168' title='bbox 1782 2531 1886 2586; x_wconf 87' lang='lat' dir='ltr'><strong>ita-</strong></span> 
     </span>
    </p>
   </div>
   <div class='ocr_carea' id='block_1_27' title="bbox 301 2619 1885 2693">
    <p class='ocr_par' dir='ltr' id='par_1_27' title="bbox 301 2619 1885 2693">
     <span class='ocr_line' id='line_1_27' title="bbox 301 2619 1885 2693; baseline 0.005 -20"><span class='ocrx_word' id='word_1_169' title='bbox 301 2634 411 2689; x_wconf 89' lang='lat' dir='ltr'><strong>que</strong></span> <span class='ocrx_word' id='word_1_170' title='bbox 439 2628 592 2675; x_wconf 80' lang='lat' dir='ltr'><strong>extra</strong></span> <span class='ocrx_word' id='word_1_171' title='bbox 630 2619 821 2675; x_wconf 86' lang='lat' dir='ltr'><strong>urbem</strong></span> <span class='ocrx_word' id='word_1_172' title='bbox 863 2620 919 2674; x_wconf 90' lang='lat' dir='ltr'><strong>in</strong></span> <span class='ocrx_word' id='word_1_173' title='bbox 963 2621 1292 2676; x_wconf 87' lang='lat' dir='ltr'><strong>monasterio</strong></span> <span class='ocrx_word' id='word_1_174' title='bbox 1323 2621 1579 2678; x_wconf 90' lang='lat' dir='ltr'><strong>Dorothei</strong></span> <span class='ocrx_word' id='word_1_175' title='bbox 1603 2625 1885 2693; x_wconf 87' lang='lat' dir='ltr'><strong>cujusdam</strong></span> 
     </span>
    </p>
   </div>
   <div class='ocr_carea' id='block_1_28' title="bbox 299 2710 1885 2786">
    <p class='ocr_par' dir='ltr' id='par_1_28' title="bbox 299 2710 1885 2786">
     <span class='ocr_line' id='line_1_28' title="bbox 299 2710 1885 2786; baseline 0.005 -23"><span class='ocrx_word' id='word_1_176' title='bbox 299 2710 746 2766; x_wconf 71' lang='lat' dir='ltr'><strong>archimandrita:</strong></span> <span class='ocrx_word' id='word_1_177' title='bbox 777 2711 956 2783; x_wconf 91' lang='lat' dir='ltr'><strong>magni</strong></span> <span class='ocrx_word' id='word_1_178' title='bbox 988 2727 1116 2767; x_wconf 91' lang='lat' dir='ltr'><strong>vere</strong></span> <span class='ocrx_word' id='word_1_179' title='bbox 1159 2721 1214 2766; x_wconf 91' lang='lat' dir='ltr'><strong>et</strong></span> <span class='ocrx_word' id='word_1_180' title='bbox 1255 2713 1471 2780; x_wconf 82' lang='lat' dir='ltr'><strong>eximii;</strong></span> <span class='ocrx_word' id='word_1_181' title='bbox 1503 2729 1737 2786; x_wconf 91' lang='lat' dir='ltr'><strong>cumque</strong></span> <span class='ocrx_word' id='word_1_182' title='bbox 1785 2717 1885 2771; x_wconf 88' lang='lat' dir='ltr'><strong>tri-</strong></span> 
     </span>
    </p>
   </div>
   <div class='ocr_carea' id='block_1_29' title="bbox 299 2800 1879 2875">
    <p class='ocr_par' dir='ltr' id='par_1_29' title="bbox 299 2800 1879 2875">
     <span class='ocr_line' id='line_1_29' title="bbox 299 2800 1879 2875; baseline 0.005 -20"><span class='ocrx_word' id='word_1_183' title='bbox 299 2800 475 2856; x_wconf 83' lang='lat' dir='ltr'><strong>bunal</strong></span> <span class='ocrx_word' id='word_1_184' title='bbox 502 2801 572 2856; x_wconf 90' lang='lat' dir='ltr'><strong>ab</strong></span> <span class='ocrx_word' id='word_1_185' title='bbox 605 2801 1034 2858; x_wconf 90' lang='lat' dir='ltr'><strong>archimandrita</strong></span> <span class='ocrx_word' id='word_1_186' title='bbox 1058 2811 1394 2868; x_wconf 82' lang='lat' dir='ltr'><strong>exoraretur,</strong></span> <span class='ocrx_word' id='word_1_187' title='bbox 1428 2813 1490 2859; x_wconf 91' lang='lat' dir='ltr'><strong>ut</strong></span> <span class='ocrx_word' id='word_1_188' title='bbox 1520 2805 1594 2861; x_wconf 86' lang='lat' dir='ltr'><strong>ibi</strong></span> <span class='ocrx_word' id='word_1_189' title='bbox 1645 2807 1879 2875; x_wconf 84' lang='lat' dir='ltr'><strong>sederet,</strong></span> 
     </span>
    </p>
   </div>
   <div class='ocr_carea' id='block_1_30' title="bbox 296 2892 1877 2965">
    <p class='ocr_par' dir='ltr' id='par_1_30' title="bbox 296 2892 1877 2965">
     <span class='ocr_line' id='line_1_30' title="bbox 296 2892 1877 2965; baseline 0.004 -19"><span class='ocrx_word' id='word_1_190' title='bbox 296 2892 595 2962; x_wconf 84' lang='lat' dir='ltr'><strong>locumque</strong></span> <span class='ocrx_word' id='word_1_191' title='bbox 627 2893 949 2957; x_wconf 88' lang='lat' dir='ltr'><strong>honoraret,</strong></span> <span class='ocrx_word' id='word_1_192' title='bbox 992 2901 1317 2956; x_wconf 85' lang='lat' dir='ltr'><strong>recusarunt</strong></span> <span class='ocrx_word' id='word_1_193' title='bbox 1357 2895 1571 2964; x_wconf 91' lang='lat' dir='ltr'><strong>judices</strong></span> <span class='ocrx_word' id='word_1_194' title='bbox 1614 2897 1877 2965; x_wconf 89' lang='lat' dir='ltr'><strong>dicentes,</strong></span> 
     </span>
    </p>
   </div>
   <div class='ocr_carea' id='block_1_31' title="bbox 297 2982 1880 3054">
    <p class='ocr_par' dir='ltr' id='par_1_31' title="bbox 297 2982 1880 3054">
     <span class='ocr_line' id='line_1_31' title="bbox 297 2982 1880 3054; baseline 0.005 -17"><span class='ocrx_word' id='word_1_195' title='bbox 297 2982 484 3037; x_wconf 86' lang='lat' dir='ltr'><strong>solere</strong></span> <span class='ocrx_word' id='word_1_196' title='bbox 527 2983 762 3054; x_wconf 82' lang='lat' dir='ltr'><strong>synodos</strong></span> <span class='ocrx_word' id='word_1_197' title='bbox 805 2983 865 3041; x_wconf 91' lang='lat' dir='ltr'><strong>in</strong></span> <span class='ocrx_word' id='word_1_198' title='bbox 901 2983 1147 3042; x_wconf 85' lang='lat' dir='ltr'><strong>ecclesiis</strong></span> <span class='ocrx_word' id='word_1_199' title='bbox 1191 2993 1248 3040; x_wconf 89' lang='lat' dir='ltr'><strong>et</strong></span> <span class='ocrx_word' id='word_1_200' title='bbox 1293 3000 1405 3041; x_wconf 92' lang='lat' dir='ltr'><strong>non</strong></span> <span class='ocrx_word' id='word_1_201' title='bbox 1446 2986 1504 3041; x_wconf 92' lang='lat' dir='ltr'><strong>in</strong></span> <span class='ocrx_word' id='word_1_202' title='bbox 1536 2989 1880 3045; x_wconf 84' lang='lat' dir='ltr'><strong>monasteriis</strong></span> 
     </span>
    </p>
   </div>
   <div class='ocr_carea' id='block_1_32' title="bbox 297 3075 640 3147">
    <p class='ocr_par' dir='ltr' id='par_1_32' title="bbox 297 3075 640 3147">
     <span class='ocr_line' id='line_1_32' title="bbox 297 3075 640 3147; baseline 0.009 -20"><span class='ocrx_word' id='word_1_203' title='bbox 297 3075 640 3147; x_wconf 82' lang='lat' dir='ltr'><strong>congregari.</strong></span> 
     </span>
    </p>
   </div>
   <div class='ocr_carea' id='block_1_33' title="bbox 371 3190 1879 3263">
    <p class='ocr_par' dir='ltr' id='par_1_33' title="bbox 371 3190 1879 3263">
     <span class='ocr_line' id='line_1_33' title="bbox 371 3190 1879 3263; baseline 0.006 -20"><span class='ocrx_word' id='word_1_204' title='bbox 371 3190 463 3245; x_wconf 75' lang='lat'><strong>20.</strong></span> <span class='ocrx_word' id='word_1_205' title='bbox 538 3191 826 3260; x_wconf 78' lang='lat' dir='ltr'><strong>Aquilinns</strong></span> <span class='ocrx_word' id='word_1_206' title='bbox 863 3201 1097 3263; x_wconf 63' lang='lat' dir='ltr'><strong>quaestor</strong></span> <span class='ocrx_word' id='word_1_207' title='bbox 1143 3193 1279 3248; x_wconf 80' lang='lat' dir='ltr'><strong>dixit</strong></span> <span class='ocrx_word' id='word_1_208' title='bbox 1335 3212 1346 3246; x_wconf 88' lang='lat'><strong>:</strong></span> <span class='ocrx_word' id='word_1_209' title='bbox 1399 3215 1418 3247; x_wconf 86' lang='grc'><strong><em>‹</em></strong></span> <span class='ocrx_word' id='word_1_210' title='bbox 1479 3195 1623 3250; x_wconf 89' lang='lat' dir='ltr'><strong>Editi</strong></span> <span class='ocrx_word' id='word_1_211' title='bbox 1677 3196 1879 3252; x_wconf 83' lang='lat' dir='ltr'><strong>fuimus</strong></span> 
     </span>
    </p>
   </div>
   <div class='ocr_carea' id='block_1_34' title="bbox 298 3279 1880 3356">
    <p class='ocr_par' dir='ltr' id='par_1_34' title="bbox 298 3279 1880 3356">
     <span class='ocr_line' id='line_1_34' title="bbox 298 3279 1880 3356; baseline 0.005 -23"><span class='ocrx_word' id='word_1_212' title='bbox 298 3279 696 3335; x_wconf 58' lang='lat' dir='ltr'><strong>controversia</strong></span> <span class='ocrx_word' id='word_1_213' title='bbox 723 3283 1006 3350; x_wconf 85' lang='lat' dir='ltr'><strong>cujusdam</strong></span> <span class='ocrx_word' id='word_1_214' title='bbox 1037 3283 1264 3349; x_wconf 89' lang='lat' dir='ltr'><strong>arbitri;</strong></span> <span class='ocrx_word' id='word_1_215' title='bbox 1298 3285 1393 3339; x_wconf 89' lang='lat' dir='ltr'><strong>sed</strong></span> <span class='ocrx_word' id='word_1_216' title='bbox 1421 3285 1643 3340; x_wconf 90' lang='lat' dir='ltr'><strong>ubinam</strong></span> <span class='ocrx_word' id='word_1_217' title='bbox 1673 3287 1880 3356; x_wconf 90' lang='lat' dir='ltr'><strong>episco-</strong></span> 
     </span>
    </p>
   </div>
   <div class='ocr_carea' id='block_1_35' title="bbox 296 3372 1879 3450">
    <p class='ocr_par' dir='ltr' id='par_1_35' title="bbox 296 3372 1879 3450">
     <span class='ocr_line' id='line_1_35' title="bbox 296 3372 1879 3450; baseline 0.006 -27"><span class='ocrx_word' id='word_1_218' title='bbox 296 3384 498 3438; x_wconf 87' lang='lat' dir='ltr'><strong>porum</strong></span> <span class='ocrx_word' id='word_1_219' title='bbox 535 3372 868 3428; x_wconf 82' lang='lat' dir='ltr'><strong>multitudo?</strong></span> <span class='ocrx_word' id='word_1_220' title='bbox 913 3374 1136 3428; x_wconf 86' lang='lat' dir='ltr'><strong>ubinam</strong></span> <span class='ocrx_word' id='word_1_221' title='bbox 1179 3375 1414 3430; x_wconf 90' lang='lat' dir='ltr'><strong>senioris</strong></span> <span class='ocrx_word' id='word_1_222' title='bbox 1453 3376 1640 3432; x_wconf 54' lang='lat' dir='ltr'><strong>Romae</strong></span> <span class='ocrx_word' id='word_1_223' title='bbox 1680 3378 1879 3450; x_wconf 86' lang='lat' dir='ltr'><strong>legati?</strong></span> 
     </span>
    </p>
   </div>
   <div class='ocr_carea' id='block_1_36' title="bbox 295 3457 1878 3539">
    <p class='ocr_par' dir='ltr' id='par_1_36' title="bbox 295 3457 1878 3539">
     <span class='ocr_line' id='line_1_36' title="bbox 295 3457 1878 3539; baseline 0.006 -26"><span class='ocrx_word' id='word_1_224' title='bbox 295 3457 516 3516; x_wconf 82' lang='lat' dir='ltr'><strong>Revera</strong></span> <span class='ocrx_word' id='word_1_225' title='bbox 543 3461 918 3518; x_wconf 88' lang='lat' dir='ltr'><strong>demonstrant</strong></span> <span class='ocrx_word' id='word_1_226' title='bbox 939 3480 1116 3535; x_wconf 89' lang='lat' dir='ltr'><strong>neque</strong></span> <span class='ocrx_word' id='word_1_227' title='bbox 1145 3465 1405 3520; x_wconf 92' lang='lat' dir='ltr'><strong>canonice</strong></span> <span class='ocrx_word' id='word_1_228' title='bbox 1432 3482 1610 3536; x_wconf 90' lang='lat' dir='ltr'><strong>neque</strong></span> <span class='ocrx_word' id='word_1_229' title='bbox 1640 3468 1878 3539; x_wconf 90' lang='lat' dir='ltr'><strong>legitime</strong></span> 
     </span>
    </p>
   </div>
   <div class='ocr_carea' id='block_1_37' title="bbox 296 3547 1877 3626">
    <p class='ocr_par' dir='ltr' id='par_1_37' title="bbox 296 3547 1877 3626">
     <span class='ocr_line' id='line_1_37' title="bbox 296 3547 1877 3626; baseline 0.006 -23"><span class='ocrx_word' id='word_1_230' title='bbox 296 3547 407 3603; x_wconf 84' lang='lat' dir='ltr'><strong>huc</strong></span> <span class='ocrx_word' id='word_1_231' title='bbox 435 3551 779 3615; x_wconf 85' lang='lat' dir='ltr'><strong>convenisse,</strong></span> <span class='ocrx_word' id='word_1_232' title='bbox 805 3553 900 3607; x_wconf 89' lang='lat' dir='ltr'><strong>sed</strong></span> <span class='ocrx_word' id='word_1_233' title='bbox 932 3567 998 3608; x_wconf 88' lang='lat' dir='ltr'><strong>ex</strong></span> <span class='ocrx_word' id='word_1_234' title='bbox 1036 3555 1290 3609; x_wconf 87' lang='lat' dir='ltr'><strong>mandato</strong></span> <span class='ocrx_word' id='word_1_235' title='bbox 1314 3557 1500 3610; x_wconf 90' lang='lat' dir='ltr'><strong>nescio</strong></span> <span class='ocrx_word' id='word_1_236' title='bbox 1525 3573 1650 3626; x_wconf 88' lang='lat' dir='ltr'><strong>quo.</strong></span> <span class='ocrx_word' id='word_1_237' title='bbox 1691 3577 1708 3608; x_wconf 73' lang='grc' dir='ltr'><strong><em>ι</em></strong></span> <span class='ocrx_word' id='word_1_238' title='bbox 1735 3559 1877 3612; x_wconf 86' lang='lat' dir='ltr'><strong>Aca-</strong></span> 
     </span>
    </p>
   </div>
   <div class='ocr_carea' id='block_1_38' title="bbox 294 3639 1877 3719">
    <p class='ocr_par' dir='ltr' id='par_1_38' title="bbox 294 3639 1877 3719">
     <span class='ocr_line' id='line_1_38' title="bbox 294 3639 1877 3719; baseline 0.008 -26"><span class='ocrx_word' id='word_1_239' title='bbox 294 3639 416 3693; x_wconf 90' lang='lat' dir='ltr'><strong>cius</strong></span> <span class='ocrx_word' id='word_1_240' title='bbox 438 3639 644 3696; x_wconf 69' lang='lat' dir='ltr'><strong>Beroeaa</strong></span> <span class='ocrx_word' id='word_1_241' title='bbox 671 3642 806 3696; x_wconf 82' lang='lat' dir='ltr'><strong>dixit</strong></span> <span class='ocrx_word' id='word_1_242' title='bbox 839 3660 852 3696; x_wconf 91' lang='lat'><strong>:</strong></span> <span class='ocrx_word' id='word_1_243' title='bbox 883 3662 901 3694; x_wconf 72' lang='grc' dir='ltr'><strong><em>α</em></strong></span> <span class='ocrx_word' id='word_1_244' title='bbox 936 3642 1308 3699; x_wconf 89' lang='lat' dir='ltr'><strong>Sacratissima</strong></span> <span class='ocrx_word' id='word_1_245' title='bbox 1350 3645 1592 3717; x_wconf 86' lang='lat' dir='ltr'><strong>Augusta</strong></span> <span class='ocrx_word' id='word_1_246' title='bbox 1619 3650 1877 3719; x_wconf 71' lang='lat' dir='ltr'><strong>praecepit</strong></span> 
     </span>
    </p>
   </div>
   <div class='ocr_carea' id='block_1_39' title="bbox 293 3729 1868 3804">
    <p class='ocr_par' dir='ltr' id='par_1_39' title="bbox 293 3729 1868 3804">
     <span class='ocr_line' id='line_1_39' title="bbox 293 3729 1868 3804; baseline 0.008 -23"><span class='ocrx_word' id='word_1_247' title='bbox 293 3729 389 3783; x_wconf 90' lang='lat' dir='ltr'><strong>hic</strong></span> <span class='ocrx_word' id='word_1_248' title='bbox 405 3730 522 3784; x_wconf 74' lang='lat' dir='ltr'><strong>fieri</strong></span> <span class='ocrx_word' id='word_1_249' title='bbox 540 3731 888 3798; x_wconf 89' lang='lat' dir='ltr'><strong>auditorium,</strong></span> <span class='ocrx_word' id='word_1_250' title='bbox 906 3743 1131 3804; x_wconf 86' lang='lat' dir='ltr'><strong>propter</strong></span> <span class='ocrx_word' id='word_1_251' title='bbox 1151 3736 1436 3792; x_wconf 89' lang='lat' dir='ltr'><strong>discidium</strong></span> <span class='ocrx_word' id='word_1_252' title='bbox 1455 3754 1579 3793; x_wconf 91' lang='lat' dir='ltr'><strong>cum</strong></span> <span class='ocrx_word' id='word_1_253' title='bbox 1604 3739 1833 3796; x_wconf 85' lang='lat' dir='ltr'><strong>Joanne.</strong></span> <span class='ocrx_word' id='word_1_254' title='bbox 1849 3760 1868 3793; x_wconf 73' lang='grc' dir='ltr'><strong><em>ι</em></strong></span> 
     </span>
    </p>
   </div>
   <div class='ocr_carea' id='block_1_40' title="bbox 292 3819 1870 3898">
    <p class='ocr_par' dir='ltr' id='par_1_40' title="bbox 292 3819 1870 3898">
     <span class='ocr_line' id='line_1_40' title="bbox 292 3819 1870 3898; baseline 0.008 -27"><span class='ocrx_word' id='word_1_255' title='bbox 292 3819 549 3883; x_wconf 63' lang='lat' dir='ltr'><strong>Quaestor</strong></span> <span class='ocrx_word' id='word_1_256' title='bbox 594 3833 944 3893; x_wconf 88' lang='lat' dir='ltr'><strong>exasperatus</strong></span> <span class='ocrx_word' id='word_1_257' title='bbox 972 3825 1108 3880; x_wconf 88' lang='lat' dir='ltr'><strong>dixit</strong></span> <span class='ocrx_word' id='word_1_258' title='bbox 1142 3845 1154 3879; x_wconf 92' lang='lat'><strong>:</strong></span> <span class='ocrx_word' id='word_1_259' title='bbox 1189 3847 1206 3878; x_wconf 86' lang='grc'><strong>‹</strong></span> <span class='ocrx_word' id='word_1_260' title='bbox 1243 3827 1354 3882; x_wconf 87' lang='lat' dir='ltr'><strong>Cur</strong></span> <span class='ocrx_word' id='word_1_261' title='bbox 1393 3829 1574 3884; x_wconf 90' lang='lat' dir='ltr'><strong>dicere</strong></span> <span class='ocrx_word' id='word_1_262' title='bbox 1619 3831 1870 3898; x_wconf 84' lang='lat' dir='ltr'><strong>voluisti,</strong></span> 
     </span>
    </p>
   </div>
   <div class='ocr_carea' id='block_1_41' title="bbox 290 3910 1872 3986">
    <p class='ocr_par' dir='ltr' id='par_1_41' title="bbox 290 3910 1872 3986">
     <span class='ocr_line' id='line_1_41' title="bbox 290 3910 1872 3986; baseline 0.01 -24"><span class='ocrx_word' id='word_1_263' title='bbox 290 3910 596 3982; x_wconf 77' lang='lat' dir='ltr'><strong>Augustam</strong></span> <span class='ocrx_word' id='word_1_264' title='bbox 667 3913 945 3972; x_wconf 89' lang='lat' dir='ltr'><strong>insolitum</strong></span> <span class='ocrx_word' id='word_1_265' title='bbox 995 3917 1126 3986; x_wconf 86' lang='lat' dir='ltr'><strong>quid</strong></span> <span class='ocrx_word' id='word_1_266' title='bbox 1191 3919 1467 3974; x_wconf 90' lang='lat' dir='ltr'><strong>voluisse?</strong></span> <span class='ocrx_word' id='word_1_267' title='bbox 1531 3920 1670 3975; x_wconf 87' lang='lat' dir='ltr'><strong>Num</strong></span> <span class='ocrx_word' id='word_1_268' title='bbox 1724 3923 1872 3978; x_wconf 90' lang='lat' dir='ltr'><strong>solus</strong></span> 
     </span>
    </p>
   </div>
   <div class='ocr_carea' id='block_1_42' title="bbox 286 4001 1869 4085">
    <p class='ocr_par' dir='ltr' id='par_1_42' title="bbox 286 4001 1869 4085">
     <span class='ocr_line' id='line_1_42' title="bbox 286 4001 1869 4085; baseline 0.009 -27"><span class='ocrx_word' id='word_1_269' title='bbox 286 4001 534 4060; x_wconf 77' lang='lat' dir='ltr'><strong>Joannes</strong></span> <span class='ocrx_word' id='word_1_270' title='bbox 558 4004 816 4079; x_wconf 61' lang='lat' dir='ltr'><strong>Augusta:</strong></span> <span class='ocrx_word' id='word_1_271' title='bbox 844 4010 1220 4066; x_wconf 89' lang='lat' dir='ltr'><strong>conviciatur?</strong></span> <span class='ocrx_word' id='word_1_272' title='bbox 1249 4012 1360 4067; x_wconf 89' lang='lat' dir='ltr'><strong>Cur</strong></span> <span class='ocrx_word' id='word_1_273' title='bbox 1387 4028 1518 4069; x_wconf 89' lang='lat' dir='ltr'><strong>vero</strong></span> <span class='ocrx_word' id='word_1_274' title='bbox 1559 4015 1869 4085; x_wconf 89' lang='lat' dir='ltr'><strong>hujusmodi</strong></span> 
     </span>
    </p>
   </div>
   <div class='ocr_carea' id='block_1_43' title="bbox 285 4097 1870 4178">
    <p class='ocr_par' dir='ltr' id='par_1_43' title="bbox 285 4097 1870 4178">
     <span class='ocr_line' id='line_1_43' title="bbox 285 4097 1870 4178; baseline 0.008 -28"><span class='ocrx_word' id='word_1_275' title='bbox 285 4097 697 4154; x_wconf 83' lang='lat' dir='ltr'><strong>accusationem</strong></span> <span class='ocrx_word' id='word_1_276' title='bbox 730 4101 820 4156; x_wconf 92' lang='lat' dir='ltr'><strong>hic</strong></span> <span class='ocrx_word' id='word_1_277' title='bbox 848 4101 965 4156; x_wconf 82' lang='lat' dir='ltr'><strong>ﬁeri</strong></span> <span class='ocrx_word' id='word_1_278' title='bbox 1003 4119 1140 4173; x_wconf 91' lang='lat' dir='ltr'><strong>opus</strong></span> <span class='ocrx_word' id='word_1_279' title='bbox 1168 4106 1288 4159; x_wconf 81' lang='lat' dir='ltr'><strong>est?</strong></span> <span class='ocrx_word' id='word_1_280' title='bbox 1318 4104 1458 4160; x_wconf 90' lang='lat' dir='ltr'><strong>Ecce</strong></span> <span class='ocrx_word' id='word_1_281' title='bbox 1487 4115 1546 4162; x_wconf 86' lang='lat' dir='ltr'><strong>tu</strong></span> <span class='ocrx_word' id='word_1_282' title='bbox 1587 4108 1644 4162; x_wconf 91' lang='lat' dir='ltr'><strong>in</strong></span> <span class='ocrx_word' id='word_1_283' title='bbox 1680 4109 1870 4178; x_wconf 90' lang='lat' dir='ltr'><strong>primis</strong></span> 
     </span>
    </p>
   </div>
   <div class='ocr_carea' id='block_1_44' title="bbox 287 4191 1865 4256">
    <p class='ocr_par' dir='ltr' id='par_1_44' title="bbox 287 4191 1865 4256">
     <span class='ocr_line' id='line_1_44' title="bbox 287 4191 1865 4256; baseline 0.01 -15"><span class='ocrx_word' id='word_1_284' title='bbox 287 4191 640 4246; x_wconf 71' lang='lat' dir='ltr'><strong>contumelias</strong></span> <span class='ocrx_word' id='word_1_285' title='bbox 671 4202 949 4248; x_wconf 87' lang='lat' dir='ltr'><strong>auctorem</strong></span> <span class='ocrx_word' id='word_1_286' title='bbox 977 4202 1029 4249; x_wconf 93' lang='lat' dir='ltr'><strong>te</strong></span> <span class='ocrx_word' id='word_1_287' title='bbox 1061 4193 1213 4250; x_wconf 79' lang='lat' dir='ltr'><strong>facis.</strong></span> <span class='ocrx_word' id='word_1_288' title='bbox 1244 4215 1262 4246; x_wconf 70' lang='grc' dir='ltr'><strong><em>ι</em></strong></span> <span class='ocrx_word' id='word_1_289' title='bbox 1297 4195 1734 4254; x_wconf 80' lang='lat' dir='ltr'><strong>Archimandrita</strong></span> <span class='ocrx_word' id='word_1_290' title='bbox 1764 4201 1865 4256; x_wconf 91' lang='lat' dir='ltr'><strong>ait:</strong></span> 
     </span>
    </p>
   </div>
   <div class='ocr_carea' id='block_1_45' title="bbox 295 4273 1870 4360">
    <p class='ocr_par' dir='ltr' id='par_1_45' title="bbox 295 4273 1870 4360">
     <span class='ocr_line' id='line_1_45' title="bbox 295 4273 1870 4360; baseline 0.01 -30"><span class='ocrx_word' id='word_1_291' title='bbox 295 4297 315 4328; x_wconf 74' lang='grc' dir='ltr'><strong><em>ι</em></strong></span> <span class='ocrx_word' id='word_1_292' title='bbox 360 4277 505 4334; x_wconf 85' lang='lat' dir='ltr'><strong>Vere</strong></span> <span class='ocrx_word' id='word_1_293' title='bbox 533 4280 748 4348; x_wconf 81' lang='lat' dir='ltr'><strong>dixisti;</strong></span> <span class='ocrx_word' id='word_1_294' title='bbox 784 4283 899 4353; x_wconf 91' lang='lat' dir='ltr'><strong>ipsa</strong></span> <span class='ocrx_word' id='word_1_295' title='bbox 925 4293 1108 4340; x_wconf 90' lang='lat' dir='ltr'><strong>autem</strong></span> <span class='ocrx_word' id='word_1_296' title='bbox 1143 4287 1248 4342; x_wconf 91' lang='lat' dir='ltr'><strong>hoc</strong></span> <span class='ocrx_word' id='word_1_297' title='bbox 1279 4273 1639 4346; x_wconf 66' lang='lat' dir='ltr'><strong>nihilominus</strong></span> <span class='ocrx_word' id='word_1_298' title='bbox 1676 4301 1870 4360; x_wconf 87' lang='lat' dir='ltr'><strong>postu-</strong></span> 
     </span>
    </p>
   </div>
   <div class='ocr_carea' id='block_1_46' title="bbox 285 4368 1870 4448">
    <p class='ocr_par' dir='ltr' id='par_1_46' title="bbox 285 4368 1870 4448">
     <span class='ocr_line' id='line_1_46' title="bbox 285 4368 1870 4448; baseline 0.009 -26"><span class='ocrx_word' id='word_1_299' title='bbox 285 4368 440 4424; x_wconf 88' lang='lat' dir='ltr'><strong>lavit.</strong></span> <span class='ocrx_word' id='word_1_300' title='bbox 493 4388 513 4421; x_wconf 85' lang='grc'>›</span> <span class='ocrx_word' id='word_1_301' title='bbox 555 4371 627 4427; x_wconf 80' lang='lat' dir='ltr'><strong>At</strong></span> <span class='ocrx_word' id='word_1_302' title='bbox 673 4373 958 4443; x_wconf 85' lang='lat' dir='ltr'><strong>Aquilinus</strong></span> <span class='ocrx_word' id='word_1_303' title='bbox 1011 4385 1263 4447; x_wconf 78' lang='lat' dir='ltr'><strong>tanquam</strong></span> <span class='ocrx_word' id='word_1_304' title='bbox 1304 4379 1439 4434; x_wconf 91' lang='lat' dir='ltr'><strong>nihil</strong></span> <span class='ocrx_word' id='word_1_305' title='bbox 1485 4381 1755 4448; x_wconf 89' lang='lat' dir='ltr'><strong>audisset,</strong></span> <span class='ocrx_word' id='word_1_306' title='bbox 1793 4383 1870 4437; x_wconf 88' lang='lat' dir='ltr'><strong>ait</strong></span> 
     </span>
    </p>
   </div>
   <div class='ocr_carea' id='block_1_47' title="bbox 285 4457 1868 4534">
    <p class='ocr_par' dir='ltr' id='par_1_47' title="bbox 285 4457 1868 4534">
     <span class='ocr_line' id='line_1_47' title="bbox 285 4457 1868 4534; baseline 0.011 -24"><span class='ocrx_word' id='word_1_307' title='bbox 285 4457 562 4529; x_wconf 87' lang='lat' dir='ltr'><strong>episcopis</strong></span> <span class='ocrx_word' id='word_1_308' title='bbox 612 4479 625 4516; x_wconf 89' lang='lat'><strong>:</strong></span> <span class='ocrx_word' id='word_1_309' title='bbox 661 4481 680 4512; x_wconf 71' lang='grc' dir='ltr'><strong>ε</strong></span> <span class='ocrx_word' id='word_1_310' title='bbox 730 4461 957 4534; x_wconf 91' lang='lat' dir='ltr'><strong>Oportet</strong></span> <span class='ocrx_word' id='word_1_311' title='bbox 990 4465 1097 4520; x_wconf 90' lang='lat' dir='ltr'><strong>huc</strong></span> <span class='ocrx_word' id='word_1_312' title='bbox 1139 4467 1328 4523; x_wconf 87' lang='lat' dir='ltr'><strong>adesse</strong></span> <span class='ocrx_word' id='word_1_313' title='bbox 1366 4469 1650 4533; x_wconf 87' lang='lat' dir='ltr'><strong>Joannem,</strong></span> <span class='ocrx_word' id='word_1_314' title='bbox 1691 4481 1748 4526; x_wconf 92' lang='lat' dir='ltr'><strong>ut</strong></span> <span class='ocrx_word' id='word_1_315' title='bbox 1801 4488 1868 4527; x_wconf 91' lang='lat' dir='ltr'><strong>eo</strong></span> 
     </span>
    </p>
   </div>
   <div class='ocr_carea' id='block_1_48' title="bbox 281 4558 1869 4634">
    <p class='ocr_par' dir='ltr' id='par_1_48' title="bbox 281 4558 1869 4634">
     <span class='ocr_line' id='line_1_48' title="bbox 281 4558 1869 4634; baseline 0.008 -28"><span class='ocrx_word' id='word_1_316' title='bbox 281 4561 560 4620; x_wconf 64' lang='lat' dir='ltr'><strong>praesente</strong></span> <span class='ocrx_word' id='word_1_317' title='bbox 601 4562 714 4610; x_wconf 88' lang='lat' dir='ltr'><strong>tota</strong></span> <span class='ocrx_word' id='word_1_318' title='bbox 747 4558 974 4625; x_wconf 64' lang='lat' dir='ltr'><strong>quaestio</strong></span> <span class='ocrx_word' id='word_1_319' title='bbox 1004 4558 1314 4614; x_wconf 88' lang='lat' dir='ltr'><strong>ventiletur.</strong></span> <span class='ocrx_word' id='word_1_320' title='bbox 1352 4579 1370 4611; x_wconf 71' lang='grc' dir='ltr'><strong><em>ι</em></strong></span> <span class='ocrx_word' id='word_1_321' title='bbox 1402 4561 1523 4616; x_wconf 81' lang='lat' dir='ltr'><strong>Mox</strong></span> <span class='ocrx_word' id='word_1_322' title='bbox 1562 4562 1869 4634; x_wconf 81' lang='lat' dir='ltr'><strong>signiﬁcant</strong></span> 
     </span>
    </p>
   </div>
   <div class='ocr_carea' id='block_1_49' title="bbox 281 4640 1865 4721">
    <p class='ocr_par' dir='ltr' id='par_1_49' title="bbox 281 4640 1865 4721">
     <span class='ocr_line' id='line_1_49' title="bbox 281 4640 1865 4721; baseline 0.009 -26"><span class='ocrx_word' id='word_1_323' title='bbox 281 4640 482 4696; x_wconf 84' lang='lat' dir='ltr'><strong>Joanni</strong></span> <span class='ocrx_word' id='word_1_324' title='bbox 512 4659 612 4714; x_wconf 91' lang='lat' dir='ltr'><strong>per</strong></span> <span class='ocrx_word' id='word_1_325' title='bbox 641 4646 777 4702; x_wconf 89' lang='lat' dir='ltr'><strong>duos</strong></span> <span class='ocrx_word' id='word_1_326' title='bbox 805 4648 1061 4715; x_wconf 86' lang='lat' dir='ltr'><strong>clericos,</strong></span> <span class='ocrx_word' id='word_1_327' title='bbox 1108 4650 1201 4719; x_wconf 90' lang='lat' dir='ltr'><strong>qui</strong></span> <span class='ocrx_word' id='word_1_328' title='bbox 1230 4651 1298 4705; x_wconf 92' lang='lat' dir='ltr'><strong>ab</strong></span> <span class='ocrx_word' id='word_1_329' title='bbox 1349 4652 1466 4721; x_wconf 91' lang='lat' dir='ltr'><strong>ipso</strong></span> <span class='ocrx_word' id='word_1_330' title='bbox 1494 4653 1723 4707; x_wconf 90' lang='lat' dir='ltr'><strong>ecclesia</strong></span> <span class='ocrx_word' id='word_1_331' title='bbox 1753 4653 1865 4710; x_wconf 85' lang='lat' dir='ltr'><strong>fue-</strong></span> 
     </span>
    </p>
   </div>
   <div class='ocr_carea' id='block_1_50' title="bbox 216 4735 1864 4811">
    <p class='ocr_par' dir='ltr' id='par_1_50' title="bbox 216 4735 1864 4811">
     <span class='ocr_line' id='line_1_50' title="bbox 216 4735 1864 4811; baseline 0.01 -26"><span class='ocrx_word' id='word_1_332' title='bbox 216 4781 226 4804; x_wconf 47' lang='grc' dir='ltr'>λ</span> <span class='ocrx_word' id='word_1_333' title='bbox 283 4742 410 4787; x_wconf 86' lang='lat' dir='ltr'><strong>rant</strong></span> <span class='ocrx_word' id='word_1_334' title='bbox 433 4735 616 4805; x_wconf 84' lang='lat' dir='ltr'><strong>ejecti,</strong></span> <span class='ocrx_word' id='word_1_335' title='bbox 657 4746 720 4791; x_wconf 93' lang='lat' dir='ltr'><strong>ut</strong></span> <span class='ocrx_word' id='word_1_336' title='bbox 761 4739 831 4793; x_wconf 92' lang='lat' dir='ltr'><strong>ad</strong></span> <span class='ocrx_word' id='word_1_337' title='bbox 868 4741 1180 4811; x_wconf 90' lang='lat' dir='ltr'><strong>synedrium</strong></span> <span class='ocrx_word' id='word_1_338' title='bbox 1226 4742 1468 4796; x_wconf 89' lang='lat' dir='ltr'><strong>accedat.</strong></span> <span class='ocrx_word' id='word_1_339' title='bbox 1519 4743 1590 4798; x_wconf 84' lang='lat' dir='ltr'><strong>At</strong></span> <span class='ocrx_word' id='word_1_340' title='bbox 1626 4743 1864 4801; x_wconf 86' lang='lat' dir='ltr'><strong>Joannes</strong></span> 
     </span>
    </p>
   </div>
   <div class='ocr_carea' id='block_1_51' title="bbox 279 4823 1858 4902">
    <p class='ocr_par' dir='ltr' id='par_1_51' title="bbox 279 4823 1858 4902">
     <span class='ocr_line' id='line_1_51' title="bbox 279 4823 1858 4902; baseline 0.008 -25"><span class='ocrx_word' id='word_1_341' title='bbox 279 4823 362 4878; x_wconf 90' lang='lat' dir='ltr'><strong>sic</strong></span> <span class='ocrx_word' id='word_1_342' title='bbox 390 4826 472 4880; x_wconf 87' lang='lat' dir='ltr'><strong>eis</strong></span> <span class='ocrx_word' id='word_1_343' title='bbox 501 4829 782 4898; x_wconf 89' lang='lat' dir='ltr'><strong>respondit</strong></span> <span class='ocrx_word' id='word_1_344' title='bbox 816 4849 828 4884; x_wconf 90' lang='lat'><strong>:</strong></span> <span class='ocrx_word' id='word_1_345' title='bbox 867 4851 886 4883; x_wconf 84' lang='grc'><em>‹</em></span> <span class='ocrx_word' id='word_1_346' title='bbox 922 4831 1041 4888; x_wconf 83' lang='lat' dir='ltr'><strong>Non</strong></span> <span class='ocrx_word' id='word_1_347' title='bbox 1073 4832 1337 4889; x_wconf 92' lang='lat' dir='ltr'><strong>canonico</strong></span> <span class='ocrx_word' id='word_1_348' title='bbox 1385 4841 1574 4890; x_wconf 92' lang='lat' dir='ltr'><strong>tenore</strong></span> <span class='ocrx_word' id='word_1_349' title='bbox 1624 4836 1858 4902; x_wconf 86' lang='lat' dir='ltr'><strong>utimini,</strong></span> 
     </span>
    </p>
   </div>
   <div class='ocr_carea' id='block_1_52' title="bbox 282 4919 1859 4997">
    <p class='ocr_par' dir='ltr' id='par_1_52' title="bbox 282 4919 1859 4997">
     <span class='ocr_line' id='line_1_52' title="bbox 282 4919 1859 4997; baseline 0.008 -26"><span class='ocrx_word' id='word_1_350' title='bbox 282 4919 375 4985; x_wconf 88' lang='lat' dir='ltr'><strong>qui</strong></span> <span class='ocrx_word' id='word_1_351' title='bbox 403 4935 490 4974; x_wconf 91' lang='lat' dir='ltr'><strong>me</strong></span> <span class='ocrx_word' id='word_1_352' title='bbox 521 4936 622 4991; x_wconf 89' lang='lat' dir='ltr'><strong>per</strong></span> <span class='ocrx_word' id='word_1_353' title='bbox 649 4922 897 4980; x_wconf 90' lang='lat' dir='ltr'><strong>inimicos</strong></span> <span class='ocrx_word' id='word_1_354' title='bbox 923 4927 1173 4982; x_wconf 88' lang='lat' dir='ltr'><strong>homines</strong></span> <span class='ocrx_word' id='word_1_355' title='bbox 1199 4927 1500 4997; x_wconf 86' lang='lat' dir='ltr'><strong>appellatis,</strong></span> <span class='ocrx_word' id='word_1_356' title='bbox 1565 4937 1624 4983; x_wconf 93' lang='lat' dir='ltr'><strong>ut</strong></span> <span class='ocrx_word' id='word_1_357' title='bbox 1654 4929 1859 4984; x_wconf 91' lang='lat' dir='ltr'><strong>inimici</strong></span> 
     </span>
    </p>
   </div>
   <div class='ocr_carea' id='block_1_53' title="bbox 279 5008 1859 5084">
    <p class='ocr_par' dir='ltr' id='par_1_53' title="bbox 279 5008 1859 5084">
     <span class='ocr_line' id='line_1_53' title="bbox 279 5008 1859 5084; baseline 0.01 -25"><span class='ocrx_word' id='word_1_358' title='bbox 279 5008 350 5061; x_wconf 87' lang='lat' dir='ltr'><strong>ad</strong></span> <span class='ocrx_word' id='word_1_359' title='bbox 379 5009 627 5068; x_wconf 89' lang='lat' dir='ltr'><strong>inimicos</strong></span> <span class='ocrx_word' id='word_1_360' title='bbox 649 5014 1004 5084; x_wconf 78' lang='lat' dir='ltr'><strong>iudicandum</strong></span> <span class='ocrx_word' id='word_1_361' title='bbox 1019 5017 1310 5074; x_wconf 88' lang='lat' dir='ltr'><strong>deducant.</strong></span> <span class='ocrx_word' id='word_1_362' title='bbox 1337 5037 1354 5069; x_wconf 84' lang='grc'>›</span> <span class='ocrx_word' id='word_1_363' title='bbox 1373 5017 1696 5075; x_wconf 83' lang='lat' dir='ltr'><strong>Renuerunt</strong></span> <span class='ocrx_word' id='word_1_364' title='bbox 1715 5021 1859 5076; x_wconf 88' lang='lat' dir='ltr'><strong>simi-</strong></span> 
     </span>
    </p>
   </div>
   <div class='ocr_carea' id='block_1_54' title="bbox 275 5100 1857 5182">
    <p class='ocr_par' dir='ltr' id='par_1_54' title="bbox 275 5100 1857 5182">
     <span class='ocr_line' id='line_1_54' title="bbox 275 5100 1857 5182; baseline 0.009 -27"><span class='ocrx_word' id='word_1_365' title='bbox 275 5100 404 5158; x_wconf 89' lang='lat' dir='ltr'><strong>liter</strong></span> <span class='ocrx_word' id='word_1_366' title='bbox 435 5106 528 5174; x_wconf 82' lang='lat' dir='ltr'><strong>qui</strong></span> <span class='ocrx_word' id='word_1_367' title='bbox 571 5109 789 5165; x_wconf 86' lang='lat' dir='ltr'><strong>stabant</strong></span> <span class='ocrx_word' id='word_1_368' title='bbox 821 5126 921 5180; x_wconf 92' lang='lat' dir='ltr'><strong>pro</strong></span> <span class='ocrx_word' id='word_1_369' title='bbox 948 5111 1157 5166; x_wconf 81' lang='lat' dir='ltr'><strong>Joanne</strong></span> <span class='ocrx_word' id='word_1_370' title='bbox 1182 5111 1421 5182; x_wconf 87' lang='lat' dir='ltr'><strong>episcopi</strong></span> <span class='ocrx_word' id='word_1_371' title='bbox 1449 5121 1638 5168; x_wconf 90' lang='lat' dir='ltr'><strong>contra</strong></span> <span class='ocrx_word' id='word_1_372' title='bbox 1675 5113 1857 5168; x_wconf 87' lang='lat' dir='ltr'><strong>Theo-</strong></span> 
     </span>
    </p>
   </div>
   <div class='ocr_carea' id='block_1_55' title="bbox 270 5191 1858 5266">
    <p class='ocr_par' dir='ltr' id='par_1_55' title="bbox 270 5191 1858 5266">
     <span class='ocr_line' id='line_1_55' title="bbox 270 5191 1858 5266; baseline 0.006 -20"><span class='ocrx_word' id='word_1_373' title='bbox 270 5191 510 5261; x_wconf 92' lang='lat' dir='ltr'><strong>philum,</strong></span> <span class='ocrx_word' id='word_1_374' title='bbox 541 5195 787 5253; x_wconf 89' lang='lat' dir='ltr'><strong>dicentes</strong></span> <span class='ocrx_word' id='word_1_375' title='bbox 818 5218 831 5253; x_wconf 90' lang='lat'><strong>:</strong></span> <span class='ocrx_word' id='word_1_376' title='bbox 869 5220 888 5251; x_wconf 69' lang='grc' dir='ltr'><strong><em>ι</em></strong></span> <span class='ocrx_word' id='word_1_377' title='bbox 924 5201 1090 5255; x_wconf 82' lang='lat' dir='ltr'><strong>Extra</strong></span> <span class='ocrx_word' id='word_1_378' title='bbox 1129 5217 1334 5255; x_wconf 90' lang='lat' dir='ltr'><strong>morem</strong></span> <span class='ocrx_word' id='word_1_379' title='bbox 1367 5210 1470 5266; x_wconf 92' lang='lat' dir='ltr'><strong>est,</strong></span> <span class='ocrx_word' id='word_1_380' title='bbox 1521 5212 1582 5256; x_wconf 92' lang='lat' dir='ltr'><strong>ut</strong></span> <span class='ocrx_word' id='word_1_381' title='bbox 1619 5202 1858 5257; x_wconf 87' lang='lat' dir='ltr'><strong>Ecclesia</strong></span> 
     </span>
    </p>
   </div>
   <div class='ocr_carea' id='block_1_56' title="bbox 271 5290 1855 5362">
    <p class='ocr_par' dir='ltr' id='par_1_56' title="bbox 271 5290 1855 5362">
     <span class='ocr_line' id='line_1_56' title="bbox 271 5290 1855 5362; baseline 0.004 -23"><span class='ocrx_word' id='word_1_382' title='bbox 271 5293 476 5353; x_wconf 77' lang='lat' dir='ltr'><strong>praeter</strong></span> <span class='ocrx_word' id='word_1_383' title='bbox 505 5302 744 5344; x_wconf 88' lang='lat' dir='ltr'><strong>canones</strong></span> <span class='ocrx_word' id='word_1_384' title='bbox 771 5290 1118 5358; x_wconf 85' lang='lat' dir='ltr'><strong>dissolvatur,</strong></span> <span class='ocrx_word' id='word_1_385' title='bbox 1149 5308 1311 5362; x_wconf 90' lang='lat' dir='ltr'><strong>quam</strong></span> <span class='ocrx_word' id='word_1_386' title='bbox 1345 5293 1608 5347; x_wconf 86' lang='lat' dir='ltr'><strong>Dominus</strong></span> <span class='ocrx_word' id='word_1_387' title='bbox 1635 5292 1855 5362; x_wconf 90' lang='lat' dir='ltr'><strong>proprio</strong></span> 
     </span>
    </p>
   </div>
   <div class='ocr_carea' id='block_1_57' title="bbox 266 5377 1852 5455">
    <p class='ocr_par' dir='ltr' id='par_1_57' title="bbox 266 5377 1852 5455">
     <span class='ocr_line' id='line_1_57' title="bbox 266 5377 1852 5455; baseline 0.005 -26"><span class='ocrx_word' id='word_1_388' title='bbox 266 5377 538 5448; x_wconf 85' lang='lat' dir='ltr'><strong>sanguine</strong></span> <span class='ocrx_word' id='word_1_389' title='bbox 575 5381 880 5449; x_wconf 86' lang='lat' dir='ltr'><strong>acquisivit.</strong></span> <span class='ocrx_word' id='word_1_390' title='bbox 917 5381 1170 5452; x_wconf 90' lang='lat' dir='ltr'><strong>Oportuit</strong></span> <span class='ocrx_word' id='word_1_391' title='bbox 1197 5399 1326 5455; x_wconf 88' lang='lat' dir='ltr'><strong>ergo</strong></span> <span class='ocrx_word' id='word_1_392' title='bbox 1357 5391 1411 5438; x_wconf 88' lang='lat' dir='ltr'><strong>te</strong></span> <span class='ocrx_word' id='word_1_393' title='bbox 1449 5383 1630 5454; x_wconf 90' lang='lat' dir='ltr'><strong>potius</strong></span> <span class='ocrx_word' id='word_1_394' title='bbox 1664 5383 1852 5438; x_wconf 90' lang='lat' dir='ltr'><strong>venire</strong></span> 
     </span>
    </p>
   </div>
   <div class='ocr_carea' id='block_1_58' title="bbox 267 5465 1850 5544">
    <p class='ocr_par' dir='ltr' id='par_1_58' title="bbox 267 5465 1850 5544">
     <span class='ocr_line' id='line_1_58' title="bbox 267 5465 1850 5544; baseline 0.005 -25"><span class='ocrx_word' id='word_1_395' title='bbox 267 5465 333 5520; x_wconf 75' lang='lat' dir='ltr'><strong>ad</strong></span> <span class='ocrx_word' id='word_1_396' title='bbox 361 5483 468 5522; x_wconf 90' lang='lat' dir='ltr'><strong>nos</strong></span> <span class='ocrx_word' id='word_1_397' title='bbox 492 5468 550 5523; x_wconf 90' lang='lat' dir='ltr'><strong>in</strong></span> <span class='ocrx_word' id='word_1_398' title='bbox 593 5470 783 5525; x_wconf 90' lang='lat' dir='ltr'><strong>urbem</strong></span> <span class='ocrx_word' id='word_1_399' title='bbox 816 5471 978 5542; x_wconf 84' lang='lat' dir='ltr'><strong>justis</strong></span> <span class='ocrx_word' id='word_1_400' title='bbox 1016 5473 1224 5544; x_wconf 82' lang='lat' dir='ltr'><strong>legibus</strong></span> <span class='ocrx_word' id='word_1_401' title='bbox 1255 5473 1708 5537; x_wconf 87' lang='lat' dir='ltr'><strong>administratam,</strong></span> <span class='ocrx_word' id='word_1_402' title='bbox 1740 5488 1850 5527; x_wconf 92' lang='lat' dir='ltr'><strong>non</strong></span> 
     </span>
    </p>
   </div>
   <div class='ocr_carea' id='block_1_59' title="bbox 1151 217 2855 290">
    <p class='ocr_par' dir='ltr' id='par_1_59' title="bbox 1151 217 2855 290">
     <span class='ocr_line' id='line_1_59' title="bbox 1151 217 2855 290; baseline 0.01 -17"><span class='ocrx_word' id='word_1_403' title='bbox 1151 217 1238 273; x_wconf 88' lang='lat' dir='ltr'><strong>DE</strong></span> <span class='ocrx_word' id='word_1_404' title='bbox 1280 219 1442 276; x_wconf 72' lang='lat' dir='ltr'><strong>VI&#39;I‘A</strong></span> <span class='ocrx_word' id='word_1_405' title='bbox 1481 221 1580 278; x_wconf 75' lang='lat' dir='ltr'><strong>ET.</strong></span> <span class='ocrx_word' id='word_1_406' title='bbox 1610 223 1881 281; x_wconf 82' lang='lat' dir='ltr'><strong>EXSILIO</strong></span> <span class='ocrx_word' id='word_1_407' title='bbox 1920 228 1989 284; x_wconf 48' lang='grc' dir='ltr'><strong>ὃς</strong></span> <span class='ocrx_word' id='word_1_408' title='bbox 2014 227 2305 288; x_wconf 80' lang='lat' dir='ltr'><strong>JOANNIS</strong></span> <span class='ocrx_word' id='word_1_409' title='bbox 2341 231 2855 290; x_wconf 74' lang='lat' dir='ltr'><strong>CHRYSOSTOMI.</strong></span> 
     </span>
    </p>
   </div>
   <div class='ocr_carea' id='block_1_60' title="bbox 3437 259 3600 301">
    <p class='ocr_par' dir='ltr' id='par_1_60' title="bbox 3437 259 3600 301">
     <span class='ocr_line' id='line_1_60' title="bbox 3437 259 3600 301; baseline 0.037 -6"><span class='ocrx_word' id='word_1_410' title='bbox 3437 259 3600 301; x_wconf 67' lang='lat' dir='ltr'><strong>LI;le</strong></span> 
     </span>
    </p>
   </div>
   <div class='ocr_carea' id='block_1_61' title="bbox 2016 350 3598 420">
    <p class='ocr_par' dir='ltr' id='par_1_61' title="bbox 2016 350 3598 420">
     <span class='ocr_line' id='line_1_61' title="bbox 2016 350 3598 420; baseline 0.011 -19"><span class='ocrx_word' id='word_1_411' title='bbox 2016 356 2448 406; x_wconf 73' lang='lat' dir='ltr'><strong>autemevocare</strong></span> <span class='ocrx_word' id='word_1_412' title='bbox 2477 350 2622 406; x_wconf 82' lang='lat' dir='ltr'><strong>foras</strong></span> <span class='ocrx_word' id='word_1_413' title='bbox 2648 352 2892 419; x_wconf 81' lang='lat' dir='ltr'><strong>Abelem,</strong></span> <span class='ocrx_word' id='word_1_414' title='bbox 2921 364 2980 410; x_wconf 92' lang='lat' dir='ltr'><strong>ut</strong></span> <span class='ocrx_word' id='word_1_415' title='bbox 3006 355 3141 411; x_wconf 86' lang='lat' dir='ltr'><strong>Cain</strong></span> <span class='ocrx_word' id='word_1_416' title='bbox 3165 357 3314 413; x_wconf 74' lang='lat' dir='ltr'><strong>fecit.</strong></span> <span class='ocrx_word' id='word_1_417' title='bbox 3343 357 3424 415; x_wconf 85' lang='lat' dir='ltr'><strong>Tu</strong></span> <span class='ocrx_word' id='word_1_418' title='bbox 3451 365 3598 420; x_wconf 87' lang='lat' dir='ltr'><strong>enim</strong></span> 
     </span>
    </p>
   </div>
   <div class='ocr_carea' id='block_1_62' title="bbox 2017 439 3576 516">
    <p class='ocr_par' dir='ltr' id='par_1_62' title="bbox 2017 439 3576 516">
     <span class='ocr_line' id='line_1_62' title="bbox 2017 439 3576 516; baseline 0.013 -26"><span class='ocrx_word' id='word_1_419' title='bbox 2017 450 2081 491; x_wconf 88' lang='lat' dir='ltr'><strong>ex</strong></span> <span class='ocrx_word' id='word_1_420' title='bbox 2117 439 2279 492; x_wconf 91' lang='lat' dir='ltr'><strong>unica</strong></span> <span class='ocrx_word' id='word_1_421' title='bbox 2305 440 2545 511; x_wconf 82' lang='lat' dir='ltr'><strong>regione,</strong></span> <span class='ocrx_word' id='word_1_422' title='bbox 2571 457 2674 498; x_wconf 90' lang='lat' dir='ltr'><strong>nos</strong></span> <span class='ocrx_word' id='word_1_423' title='bbox 2703 459 2768 498; x_wconf 91' lang='lat' dir='ltr'><strong>cx</strong></span> <span class='ocrx_word' id='word_1_424' title='bbox 2797 445 2980 500; x_wconf 89' lang='lat' dir='ltr'><strong>multis</strong></span> <span class='ocrx_word' id='word_1_425' title='bbox 3016 451 3390 516; x_wconf 85' lang='lat' dir='ltr'><strong>provenimus,</strong></span> <span class='ocrx_word' id='word_1_426' title='bbox 3422 462 3479 509; x_wconf 92' lang='lat' dir='ltr'><strong>ct</strong></span> <span class='ocrx_word' id='word_1_427' title='bbox 3517 471 3576 510; x_wconf 78' lang='lat' dir='ltr'><strong>se</strong></span> 
     </span>
    </p>
   </div>
   <div class='ocr_carea' id='block_1_63' title="bbox 2015 532 3596 616">
    <p class='ocr_par' dir='ltr' id='par_1_63' title="bbox 2015 532 3596 616">
     <span class='ocr_line' id='line_1_63' title="bbox 2015 532 3596 616; baseline 0.013 -35"><span class='ocrx_word' id='word_1_428' title='bbox 2015 535 2163 597; x_wconf 90' lang='lat' dir='ltr'><strong>ptem</strong></span> <span class='ocrx_word' id='word_1_429' title='bbox 2180 543 2342 599; x_wconf 87' lang='lat' dir='ltr'><strong>supra</strong></span> <span class='ocrx_word' id='word_1_430' title='bbox 2363 532 2716 604; x_wconf 86' lang='lat' dir='ltr'><strong>quadraginta</strong></span> <span class='ocrx_word' id='word_1_431' title='bbox 2734 539 3092 608; x_wconf 64' lang='lat' dir='ltr'><strong>metropolitrc</strong></span> <span class='ocrx_word' id='word_1_432' title='bbox 3106 557 3326 609; x_wconf 84' lang='lat' dir='ltr'><strong>sumus;</strong></span> <span class='ocrx_word' id='word_1_433' title='bbox 3347 561 3596 616; x_wconf 68' lang='lat' dir='ltr'><strong>aequum-</strong></span> 
     </span>
    </p>
   </div>
   <div class='ocr_carea' id='block_1_64' title="bbox 2014 626 3592 709">
    <p class='ocr_par' dir='ltr' id='par_1_64' title="bbox 2014 626 3592 709">
     <span class='ocr_line' id='line_1_64' title="bbox 2014 626 3592 709; baseline 0.014 -35"><span class='ocrx_word' id='word_1_434' title='bbox 2014 636 2121 691; x_wconf 90' lang='lat' dir='ltr'><strong>que</strong></span> <span class='ocrx_word' id='word_1_435' title='bbox 2149 632 2234 677; x_wconf 89' lang='lat' dir='ltr'><strong>est</strong></span> <span class='ocrx_word' id='word_1_436' title='bbox 2276 632 2336 678; x_wconf 93' lang='lat' dir='ltr'><strong>ut</strong></span> <span class='ocrx_word' id='word_1_437' title='bbox 2383 626 2667 694; x_wconf 85' lang='lat' dir='ltr'><strong>pauciores</strong></span> <span class='ocrx_word' id='word_1_438' title='bbox 2707 644 2739 682; x_wconf 90' lang='lat' dir='ltr'><strong>a</strong></span> <span class='ocrx_word' id='word_1_439' title='bbox 2784 631 3115 699; x_wconf 63' lang='lat' dir='ltr'><strong>pluribus-et</strong></span> <span class='ocrx_word' id='word_1_440' title='bbox 3161 635 3372 692; x_wconf 87' lang='lat' dir='ltr'><strong>diversa</strong></span> <span class='ocrx_word' id='word_1_441' title='bbox 3421 641 3592 709; x_wconf 86' lang='lat' dir='ltr'><strong>patria</strong></span> 
     </span>
    </p>
   </div>
   <div class='ocr_carea' id='block_1_65' title="bbox 2014 711 3590 790">
    <p class='ocr_par' dir='ltr' id='par_1_65' title="bbox 2014 711 3590 790">
     <span class='ocr_line' id='line_1_65' title="bbox 2014 711 3590 790; baseline 0.014 -26"><span class='ocrx_word' id='word_1_442' title='bbox 2014 711 2168 778; x_wconf 90' lang='lat' dir='ltr'><strong>ortis,</strong></span> <span class='ocrx_word' id='word_1_443' title='bbox 2197 713 2531 783; x_wconf 90' lang='lat' dir='ltr'><strong>judicentur.</strong></span> <span class='ocrx_word' id='word_1_444' title='bbox 2577 717 2710 783; x_wconf 71' lang='lat' dir='ltr'><strong>Quae</strong></span> <span class='ocrx_word' id='word_1_445' title='bbox 2749 720 2791 774; x_wconf 90' lang='lat' dir='ltr'><strong>si</strong></span> <span class='ocrx_word' id='word_1_446' title='bbox 2824 719 3061 790; x_wconf 88' lang='lat' dir='ltr'><strong>ignoras,</strong></span> <span class='ocrx_word' id='word_1_447' title='bbox 3094 740 3243 780; x_wconf 91' lang='lat' dir='ltr'><strong>nunc</strong></span> <span class='ocrx_word' id='word_1_448' title='bbox 3271 727 3442 783; x_wconf 89' lang='lat' dir='ltr'><strong>disce.</strong></span> <span class='ocrx_word' id='word_1_449' title='bbox 3497 730 3590 785; x_wconf 85' lang='lat' dir='ltr'><strong>Sin</strong></span> 
     </span>
    </p>
   </div>
   <div class='ocr_carea' id='block_1_66' title="bbox 2014 805 3592 888">
    <p class='ocr_par' dir='ltr' id='par_1_66' title="bbox 2014 805 3592 888">
     <span class='ocr_line' id='line_1_66' title="bbox 2014 805 3592 888; baseline 0.013 -32"><span class='ocrx_word' id='word_1_450' title='bbox 2014 805 2292 875; x_wconf 73' lang='lat' dir='ltr'><strong>tyrannire</strong></span> <span class='ocrx_word' id='word_1_451' title='bbox 2317 807 2450 878; x_wconf 89' lang='lat' dir='ltr'><strong>agis,</strong></span> <span class='ocrx_word' id='word_1_452' title='bbox 2475 807 2612 862; x_wconf 91' lang='lat' dir='ltr'><strong>nihil</strong></span> <span class='ocrx_word' id='word_1_453' title='bbox 2634 808 2730 864; x_wconf 88' lang='lat' dir='ltr'><strong>tibi</strong></span> <span class='ocrx_word' id='word_1_454' title='bbox 2754 811 3012 880; x_wconf 89' lang='lat' dir='ltr'><strong>proderit,</strong></span> <span class='ocrx_word' id='word_1_455' title='bbox 3046 823 3139 868; x_wconf 92' lang='lat' dir='ltr'><strong>aut</strong></span> <span class='ocrx_word' id='word_1_456' title='bbox 3163 825 3267 873; x_wconf 70' lang='lat' dir='ltr'><strong>tuae</strong></span> <span class='ocrx_word' id='word_1_457' title='bbox 3291 821 3592 888; x_wconf 79' lang='lat' dir='ltr'><strong>tyrannidis</strong></span> 
     </span>
    </p>
   </div>
   <div class='ocr_carea' id='block_1_67' title="bbox 2014 897 3592 979">
    <p class='ocr_par' dir='ltr' id='par_1_67' title="bbox 2014 897 3592 979">
     <span class='ocr_line' id='line_1_67' title="bbox 2014 897 3592 979; baseline 0.012 -29"><span class='ocrx_word' id='word_1_458' title='bbox 2014 897 2200 962; x_wconf 90' lang='lat' dir='ltr'><strong>sociis,</strong></span> <span class='ocrx_word' id='word_1_459' title='bbox 2234 898 2486 954; x_wconf 88' lang='lat' dir='ltr'><strong>Satanica</strong></span> <span class='ocrx_word' id='word_1_460' title='bbox 2530 901 2804 956; x_wconf 83' lang='lat' dir='ltr'><strong>violentia.</strong></span> <span class='ocrx_word' id='word_1_461' title='bbox 2852 921 2870 954; x_wconf 77' lang='grc' dir='ltr'><strong><em>ι</em></strong></span> <span class='ocrx_word' id='word_1_462' title='bbox 2905 902 3158 962; x_wconf 83' lang='lat' dir='ltr'><strong>Attamen</strong></span> <span class='ocrx_word' id='word_1_463' title='bbox 3184 909 3468 979; x_wconf 79' lang='lat' dir='ltr'><strong>Aquilinus</strong></span> <span class='ocrx_word' id='word_1_464' title='bbox 3512 913 3592 968; x_wconf 85' lang='lat' dir='ltr'><strong>sic</strong></span> 
     </span>
    </p>
   </div>
   <div class='ocr_carea' id='block_1_68' title="bbox 2008 986 3587 1066">
    <p class='ocr_par' dir='ltr' id='par_1_68' title="bbox 2008 986 3587 1066">
     <span class='ocr_line' id='line_1_68' title="bbox 2008 986 3587 1066; baseline 0.012 -24"><span class='ocrx_word' id='word_1_465' title='bbox 2008 986 2205 1044; x_wconf 90' lang='lat' dir='ltr'><strong>Joanni</strong></span> <span class='ocrx_word' id='word_1_466' title='bbox 2258 990 2576 1048; x_wconf 89' lang='lat' dir='ltr'><strong>intimavit:</strong></span> <span class='ocrx_word' id='word_1_467' title='bbox 2619 1013 2637 1044; x_wconf 88' lang='grc'><strong><em>‹</em></strong></span> <span class='ocrx_word' id='word_1_468' title='bbox 2691 993 2804 1049; x_wconf 85' lang='lat' dir='ltr'><strong>Nisi</strong></span> <span class='ocrx_word' id='word_1_469' title='bbox 2842 996 2951 1051; x_wconf 91' lang='lat' dir='ltr'><strong>huc</strong></span> <span class='ocrx_word' id='word_1_470' title='bbox 2997 999 3160 1066; x_wconf 88' lang='lat' dir='ltr'><strong>adsis,</strong></span> <span class='ocrx_word' id='word_1_471' title='bbox 3202 1011 3263 1056; x_wconf 91' lang='lat' dir='ltr'><strong>ut</strong></span> <span class='ocrx_word' id='word_1_472' title='bbox 3307 1005 3587 1060; x_wconf 89' lang='lat' dir='ltr'><strong>ambarum</strong></span> 
     </span>
    </p>
   </div>
   <div class='ocr_carea' id='block_1_69' title="bbox 2008 1082 3590 1162">
    <p class='ocr_par' dir='ltr' id='par_1_69' title="bbox 2008 1082 3590 1162">
     <span class='ocr_line' id='line_1_69' title="bbox 2008 1082 3590 1162; baseline 0.011 -28"><span class='ocrx_word' id='word_1_473' title='bbox 2008 1082 2243 1150; x_wconf 88' lang='lat' dir='ltr'><strong>partium</strong></span> <span class='ocrx_word' id='word_1_474' title='bbox 2273 1084 2438 1138; x_wconf 89' lang='lat' dir='ltr'><strong>verba</strong></span> <span class='ocrx_word' id='word_1_475' title='bbox 2469 1085 2772 1153; x_wconf 90' lang='lat' dir='ltr'><strong>audiamus,</strong></span> <span class='ocrx_word' id='word_1_476' title='bbox 2819 1096 3076 1159; x_wconf 91' lang='lat' dir='ltr'><strong>tanquam</strong></span> <span class='ocrx_word' id='word_1_477' title='bbox 3122 1092 3312 1162; x_wconf 90' lang='lat' dir='ltr'><strong>judicii</strong></span> <span class='ocrx_word' id='word_1_478' title='bbox 3340 1095 3590 1152; x_wconf 87' lang='lat' dir='ltr'><strong>deserto-</strong></span> 
     </span>
    </p>
   </div>
   <div class='ocr_carea' id='block_1_70' title="bbox 2009 1171 3588 1256">
    <p class='ocr_par' dir='ltr' id='par_1_70' title="bbox 2009 1171 3588 1256">
     <span class='ocr_line' id='line_1_70' title="bbox 2009 1171 3588 1256; baseline 0.014 -33"><span class='ocrx_word' id='word_1_479' title='bbox 2009 1185 2122 1224; x_wconf 85' lang='lat' dir='ltr'><strong>rem</strong></span> <span class='ocrx_word' id='word_1_480' title='bbox 2155 1181 2206 1226; x_wconf 92' lang='lat' dir='ltr'><strong>te</strong></span> <span class='ocrx_word' id='word_1_481' title='bbox 2235 1171 2317 1227; x_wconf 86' lang='lat' dir='ltr'><strong>lex</strong></span> <span class='ocrx_word' id='word_1_482' title='bbox 2351 1175 2697 1233; x_wconf 89' lang='lat' dir='ltr'><strong>condemnat.</strong></span> <span class='ocrx_word' id='word_1_483' title='bbox 2731 1178 2887 1245; x_wconf 89' lang='lat' dir='ltr'><strong>Quod</strong></span> <span class='ocrx_word' id='word_1_484' title='bbox 2919 1182 2963 1236; x_wconf 91' lang='lat' dir='ltr'><strong>si</strong></span> <span class='ocrx_word' id='word_1_485' title='bbox 2995 1183 3194 1248; x_wconf 90' lang='lat' dir='ltr'><strong>aderis,</strong></span> <span class='ocrx_word' id='word_1_486' title='bbox 3231 1200 3456 1256; x_wconf 91' lang='lat' dir='ltr'><strong>prorsus</strong></span> <span class='ocrx_word' id='word_1_487' title='bbox 3484 1203 3588 1244; x_wconf 87' lang='lat' dir='ltr'><strong>no-</strong></span> 
     </span>
    </p>
   </div>
   <div class='ocr_carea' id='block_1_71' title="bbox 2007 1264 3582 1352">
    <p class='ocr_par' dir='ltr' id='par_1_71' title="bbox 2007 1264 3582 1352">
     <span class='ocr_line' id='line_1_71' title="bbox 2007 1264 3582 1352; baseline 0.015 -37"><span class='ocrx_word' id='word_1_488' title='bbox 2007 1271 2180 1317; x_wconf 88' lang='lat' dir='ltr'><strong>strum</strong></span> <span class='ocrx_word' id='word_1_489' title='bbox 2226 1264 2495 1334; x_wconf 83' lang='lat' dir='ltr'><strong>judicium</strong></span> <span class='ocrx_word' id='word_1_490' title='bbox 2543 1283 2660 1335; x_wconf 86' lang='lat' dir='ltr'><strong>eos,</strong></span> <span class='ocrx_word' id='word_1_491' title='bbox 2715 1272 2808 1344; x_wconf 90' lang='lat' dir='ltr'><strong>qui</strong></span> <span class='ocrx_word' id='word_1_492' title='bbox 2852 1275 3004 1330; x_wconf 84' lang='lat' dir='ltr'><strong>male</strong></span> <span class='ocrx_word' id='word_1_493' title='bbox 3033 1275 3086 1331; x_wconf 91' lang='lat' dir='ltr'><strong>id</strong></span> <span class='ocrx_word' id='word_1_494' title='bbox 3142 1283 3582 1352; x_wconf 81' lang='lat' dir='ltr'><strong>provocaverin&#39;t,</strong></span> 
     </span>
    </p>
   </div>
   <div class='ocr_carea' id='block_1_72' title="bbox 2005 1365 2312 1426">
    <p class='ocr_par' dir='ltr' id='par_1_72' title="bbox 2005 1365 2312 1426">
     <span class='ocr_line' id='line_1_72' title="bbox 2005 1365 2312 1426; baseline 0.003 -18"><span class='ocrx_word' id='word_1_495' title='bbox 2005 1365 2278 1426; x_wconf 85' lang='lat' dir='ltr'><strong>coarguet.</strong></span> <span class='ocrx_word' id='word_1_496' title='bbox 2295 1376 2312 1409; x_wconf 69' lang='grc' dir='ltr'><strong><em>ι</em></strong></span> 
     </span>
    </p>
   </div>
   <div class='ocr_carea' id='block_1_73' title="bbox 2072 1447 3579 1544">
    <p class='ocr_par' dir='ltr' id='par_1_73' title="bbox 2072 1447 3579 1544">
     <span class='ocr_line' id='line_1_73' title="bbox 2072 1447 3579 1544; baseline 0.015 -44"><span class='ocrx_word' id='word_1_497' title='bbox 2072 1447 2161 1502; x_wconf 75' lang='lat'><strong>21.</strong></span> <span class='ocrx_word' id='word_1_498' title='bbox 2190 1448 2330 1520; x_wconf 86' lang='lat' dir='ltr'><strong>Ergo</strong></span> <span class='ocrx_word' id='word_1_499' title='bbox 2365 1451 2586 1508; x_wconf 89' lang='lat' dir='ltr'><strong>advenit</strong></span> <span class='ocrx_word' id='word_1_500' title='bbox 2612 1454 2850 1513; x_wconf 83' lang='lat' dir='ltr'><strong>Joannes</strong></span> <span class='ocrx_word' id='word_1_501' title='bbox 2880 1459 3047 1516; x_wconf 90' lang='lat' dir='ltr'><strong>multa</strong></span> <span class='ocrx_word' id='word_1_502' title='bbox 3077 1476 3200 1518; x_wconf 89' lang='lat' dir='ltr'><strong>cum</strong></span> <span class='ocrx_word' id='word_1_503' title='bbox 3232 1466 3408 1544; x_wconf 85' lang='lat' dir='ltr'><strong>turba.</strong></span> <span class='ocrx_word' id='word_1_504' title='bbox 3442 1467 3579 1523; x_wconf 84' lang='lat' dir='ltr'><strong>Tum</strong></span> 
     </span>
    </p>
   </div>
   <div class='ocr_carea' id='block_1_74' title="bbox 1996 1550 3580 1643">
    <p class='ocr_par' dir='ltr' id='par_1_74' title="bbox 1996 1550 3580 1643">
     <span class='ocr_line' id='line_1_74' title="bbox 1996 1550 3580 1643; baseline 0.016 -39"><span class='ocrx_word' id='word_1_505' title='bbox 1996 1550 2285 1621; x_wconf 88' lang='lat' dir='ltr'><strong>jusserunt</strong></span> <span class='ocrx_word' id='word_1_506' title='bbox 2308 1555 2523 1625; x_wconf 88' lang='lat' dir='ltr'><strong>judices</strong></span> <span class='ocrx_word' id='word_1_507' title='bbox 2551 1568 2610 1615; x_wconf 91' lang='lat' dir='ltr'><strong>ut</strong></span> <span class='ocrx_word' id='word_1_508' title='bbox 2641 1561 2930 1634; x_wconf 83' lang='lat' dir='ltr'><strong>Theophili</strong></span> <span class='ocrx_word' id='word_1_509' title='bbox 2965 1568 3191 1625; x_wconf 89' lang='lat' dir='ltr'><strong>comites</strong></span> <span class='ocrx_word' id='word_1_510' title='bbox 3216 1579 3367 1626; x_wconf 82' lang='lat' dir='ltr'><strong>extra</strong></span> <span class='ocrx_word' id='word_1_511' title='bbox 3409 1574 3580 1643; x_wconf 89' lang='lat' dir='ltr'><strong>pelle-</strong></span> 
     </span>
    </p>
   </div>
   <div class='ocr_carea' id='block_1_75' title="bbox 2003 1661 3581 1750">
    <p class='ocr_par' dir='ltr' id='par_1_75' title="bbox 2003 1661 3581 1750">
     <span class='ocr_line' id='line_1_75' title="bbox 2003 1661 3581 1750; baseline 0.017 -41"><span class='ocrx_word' id='word_1_512' title='bbox 2003 1667 2228 1723; x_wconf 72' lang='lat' dir='ltr'><strong>rentur,</strong></span> <span class='ocrx_word' id='word_1_513' title='bbox 2264 1669 2318 1715; x_wconf 90' lang='lat' dir='ltr'><strong>et</strong></span> <span class='ocrx_word' id='word_1_514' title='bbox 2348 1661 2422 1716; x_wconf 90' lang='lat' dir='ltr'><strong>illi</strong></span> <span class='ocrx_word' id='word_1_515' title='bbox 2447 1663 2679 1722; x_wconf 67' lang='lat' dir='ltr'><strong>JOannis‘</strong></span> <span class='ocrx_word' id='word_1_516' title='bbox 2698 1684 2809 1724; x_wconf 91' lang='lat' dir='ltr'><strong>non</strong></span> <span class='ocrx_word' id='word_1_517' title='bbox 2851 1671 3266 1742; x_wconf 86' lang='lat' dir='ltr'><strong>ingrederentur</strong></span> <span class='ocrx_word' id='word_1_518' title='bbox 3311 1687 3581 1750; x_wconf 88' lang='lat' dir='ltr'><strong>:uterque</strong></span> 
     </span>
    </p>
   </div>
   <div class='ocr_carea' id='block_1_76' title="bbox 1997 1764 3575 1852">
    <p class='ocr_par' dir='ltr' id='par_1_76' title="bbox 1997 1764 3575 1852">
     <span class='ocr_line' id='line_1_76' title="bbox 1997 1764 3575 1852; baseline 0.018 -41"><span class='ocrx_word' id='word_1_519' title='bbox 1997 1768 2178 1815; x_wconf 88' lang='lat' dir='ltr'><strong>autem</strong></span> <span class='ocrx_word' id='word_1_520' title='bbox 2205 1764 2754 1841; x_wconf 84' lang='lat' dir='ltr'><strong>quinqueepiscopos</strong></span> <span class='ocrx_word' id='word_1_521' title='bbox 2776 1789 2964 1830; x_wconf 90' lang='lat' dir='ltr'><strong>secum</strong></span> <span class='ocrx_word' id='word_1_522' title='bbox 2995 1778 3335 1835; x_wconf 41' lang='lat' dir='ltr'><strong>haberet..Et</strong></span> <span class='ocrx_word' id='word_1_523' title='bbox 3358 1783 3575 1852; x_wconf 86' lang='lat' dir='ltr'><strong>sapien-</strong></span> 
     </span>
    </p>
   </div>
   <div class='ocr_carea' id='block_1_77' title="bbox 1999 1855 3572 1941">
    <p class='ocr_par' dir='ltr' id='par_1_77' title="bbox 1999 1855 3572 1941">
     <span class='ocr_line' id='line_1_77' title="bbox 1999 1855 3572 1941; baseline 0.016 -32"><span class='ocrx_word' id='word_1_524' title='bbox 1999 1855 2242 1914; x_wconf 82' lang='lat' dir='ltr'><strong>tiSSImus</strong></span> <span class='ocrx_word' id='word_1_525' title='bbox 2289 1861 2580 1930; x_wconf 86' lang='lat' dir='ltr'><strong>Aquilmus</strong></span> <span class='ocrx_word' id='word_1_526' title='bbox 2623 1882 2748 1922; x_wconf 92' lang='lat' dir='ltr'><strong>cum</strong></span> <span class='ocrx_word' id='word_1_527' title='bbox 2799 1871 3009 1941; x_wconf 62' lang='lat' dir='ltr'><strong>reliiluo</strong></span> <span class='ocrx_word' id='word_1_528' title='bbox 3061 1875 3323 1932; x_wconf 84' lang='lat' dir='ltr'><strong>tribunali</strong></span> <span class='ocrx_word' id='word_1_529' title='bbox 3377 1878 3512 1933; x_wconf 90' lang='lat' dir='ltr'><strong>dixit</strong></span> <span class='ocrx_word' id='word_1_530' title='bbox 3559 1899 3572 1934; x_wconf 92' lang='lat'><strong>:</strong></span> 
     </span>
    </p>
   </div>
   <div class='ocr_carea' id='block_1_78' title="bbox 2003 1951 3576 2042">
    <p class='ocr_par' dir='ltr' id='par_1_78' title="bbox 2003 1951 3576 2042">
     <span class='ocr_line' id='line_1_78' title="bbox 2003 1951 3576 2042; baseline 0.016 -37"><span class='ocrx_word' id='word_1_531' title='bbox 2003 1969 2020 2002; x_wconf 73' lang='grc' dir='ltr'><strong><em>ι</em></strong></span> <span class='ocrx_word' id='word_1_532' title='bbox 2050 1951 2429 2025; x_wconf 86' lang='lat' dir='ltr'><strong>lngrediantnr</strong></span> <span class='ocrx_word' id='word_1_533' title='bbox 2457 1963 2742 2029; x_wconf 75' lang='lat' dir='ltr'><strong>monachi,</strong></span> <span class='ocrx_word' id='word_1_534' title='bbox 2757 1966 2849 2034; x_wconf 89' lang='lat' dir='ltr'><strong>qui</strong></span> <span class='ocrx_word' id='word_1_535' title='bbox 2878 1966 3088 2024; x_wconf 84' lang='lat' dir='ltr'><strong>libellos</strong></span> <span class='ocrx_word' id='word_1_536' title='bbox 3112 1973 3388 2042; x_wconf 89' lang='lat' dir='ltr'><strong>supplices</strong></span> <span class='ocrx_word' id='word_1_537' title='bbox 3416 1975 3576 2029; x_wconf 74' lang='lat' dir='ltr'><strong>exhi-</strong></span> 
     </span>
    </p>
   </div>
   <div class='ocr_carea' id='block_1_79' title="bbox 1997 2052 3568 2143">
    <p class='ocr_par' dir='ltr' id='par_1_79' title="bbox 1997 2052 3568 2143">
     <span class='ocr_line' id='line_1_79' title="bbox 1997 2052 3568 2143; baseline 0.014 -35"><span class='ocrx_word' id='word_1_538' title='bbox 1997 2052 2126 2108; x_wconf 87' lang='lat' dir='ltr'><strong>bere</strong></span> <span class='ocrx_word' id='word_1_539' title='bbox 2158 2054 2363 2109; x_wconf 90' lang='lat' dir='ltr'><strong>volunt.</strong></span> <span class='ocrx_word' id='word_1_540' title='bbox 2386 2073 2404 2107; x_wconf 73' lang='grc' dir='ltr'><strong><em>ι</em></strong></span> <span class='ocrx_word' id='word_1_541' title='bbox 2424 2053 2487 2108; x_wconf 85' lang='lat' dir='ltr'><strong>Hi</strong></span> <span class='ocrx_word' id='word_1_542' title='bbox 2501 2071 2628 2112; x_wconf 90' lang='lat' dir='ltr'><strong>vero</strong></span> <span class='ocrx_word' id='word_1_543' title='bbox 2647 2057 2879 2130; x_wconf 88' lang='lat' dir='ltr'><strong>ingressi</strong></span> <span class='ocrx_word' id='word_1_544' title='bbox 2896 2069 3025 2118; x_wconf 88' lang='lat' dir='ltr'><strong>sunt</strong></span> <span class='ocrx_word' id='word_1_545' title='bbox 3039 2072 3163 2120; x_wconf 83' lang='lat' dir='ltr'><strong>eum</strong></span> <span class='ocrx_word' id='word_1_546' title='bbox 3177 2066 3412 2136; x_wconf 74' lang='lat' dir='ltr'><strong>d&#39;uobds,</strong></span> <span class='ocrx_word' id='word_1_547' title='bbox 3429 2088 3568 2143; x_wconf 87' lang='lat' dir='ltr'><strong>quos</strong></span> 
     </span>
    </p>
   </div>
   <div class='ocr_carea' id='block_1_80' title="bbox 1994 2143 3566 2231">
    <p class='ocr_par' dir='ltr' id='par_1_80' title="bbox 1994 2143 3566 2231">
     <span class='ocr_line' id='line_1_80' title="bbox 1994 2143 3566 2231; baseline 0.015 -33"><span class='ocrx_word' id='word_1_548' title='bbox 1994 2143 2232 2200; x_wconf 81' lang='lat' dir='ltr'><strong>Joannes</strong></span> <span class='ocrx_word' id='word_1_549' title='bbox 2266 2151 2618 2218; x_wconf 86' lang='lat' dir='ltr'><strong>presbyteros</strong></span> <span class='ocrx_word' id='word_1_550' title='bbox 2661 2149 3057 2210; x_wconf 83' lang='lat' dir='ltr'><strong>ordinaverat:</strong></span> <span class='ocrx_word' id='word_1_551' title='bbox 3103 2173 3242 2228; x_wconf 87' lang='lat' dir='ltr'><strong>quos</strong></span> <span class='ocrx_word' id='word_1_552' title='bbox 3274 2160 3566 2231; x_wconf 72' lang='lat' dir='ltr'><strong>Aquiliana</strong></span> 
     </span>
    </p>
   </div>
   <div class='ocr_carea' id='block_1_81' title="bbox 1992 2237 3559 2320">
    <p class='ocr_par' dir='ltr' id='par_1_81' title="bbox 1992 2237 3559 2320">
     <span class='ocr_line' id='line_1_81' title="bbox 1992 2237 3559 2320; baseline 0.015 -30"><span class='ocrx_word' id='word_1_553' title='bbox 1992 2245 2234 2307; x_wconf 68' lang='lat' dir='ltr'><strong>quaestor</strong></span> <span class='ocrx_word' id='word_1_554' title='bbox 2257 2237 2550 2306; x_wconf 89' lang='lat' dir='ltr'><strong>aspiciens,</strong></span> <span class='ocrx_word' id='word_1_555' title='bbox 2589 2247 2643 2294; x_wconf 92' lang='lat' dir='ltr'><strong>et</strong></span> <span class='ocrx_word' id='word_1_556' title='bbox 2664 2249 2884 2298; x_wconf 90' lang='lat' dir='ltr'><strong>sanctos</strong></span> <span class='ocrx_word' id='word_1_557' title='bbox 2917 2244 3170 2304; x_wconf 86' lang='lat' dir='ltr'><strong>homines</strong></span> <span class='ocrx_word' id='word_1_558' title='bbox 3203 2255 3559 2320; x_wconf 72' lang='lat' dir='ltr'><strong>esse-sciens;</strong></span> 
     </span>
    </p>
   </div>
   <div class='ocr_carea' id='block_1_82' title="bbox 1991 2325 3562 2411">
    <p class='ocr_par' dir='ltr' id='par_1_82' title="bbox 1991 2325 3562 2411">
     <span class='ocr_line' id='line_1_82' title="bbox 1991 2325 3562 2411; baseline 0.013 -30"><span class='ocrx_word' id='word_1_559' title='bbox 1991 2330 2069 2382; x_wconf 90' lang='lat' dir='ltr'><strong>ait</strong></span> <span class='ocrx_word' id='word_1_560' title='bbox 2091 2325 2430 2397; x_wconf 79' lang='lat' dir='ltr'><strong>Theophila:</strong></span> <span class='ocrx_word' id='word_1_561' title='bbox 2463 2348 2483 2382; x_wconf 74' lang='grc' dir='ltr'>σ</span> <span class='ocrx_word' id='word_1_562' title='bbox 2513 2330 2557 2386; x_wconf 84' lang='grc' dir='ltr'>ο</span> <span class='ocrx_word' id='word_1_563' title='bbox 2595 2333 2854 2402; x_wconf 71' lang='lat' dir='ltr'><strong>pmclam</strong></span> <span class='ocrx_word' id='word_1_564' title='bbox 2872 2336 3148 2408; x_wconf 90' lang='lat' dir='ltr'><strong>episcope,</strong></span> <span class='ocrx_word' id='word_1_565' title='bbox 3189 2356 3438 2411; x_wconf 60' lang='lat' dir='ltr'><strong>quanam</strong></span> <span class='ocrx_word' id='word_1_566' title='bbox 3464 2347 3562 2402; x_wconf 81' lang='lat' dir='ltr'><strong>fuit</strong></span> 
     </span>
    </p>
   </div>
   <div class='ocr_carea' id='block_1_83' title="bbox 1989 2434 3570 2516">
    <p class='ocr_par' dir='ltr' id='par_1_83' title="bbox 1989 2434 3570 2516">
     <span class='ocr_line' id='line_1_83' title="bbox 1989 2434 3570 2516; baseline 0.013 -33"><span class='ocrx_word' id='word_1_567' title='bbox 1989 2443 2173 2496; x_wconf 78' lang='lat' dir='ltr'><strong>causa,</strong></span> <span class='ocrx_word' id='word_1_568' title='bbox 2193 2439 2289 2486; x_wconf 89' lang='lat' dir='ltr'><strong>aut</strong></span> <span class='ocrx_word' id='word_1_569' title='bbox 2315 2447 2437 2502; x_wconf 73' lang='lat' dir='ltr'><strong>quae</strong></span> <span class='ocrx_word' id='word_1_570' title='bbox 2471 2434 2609 2490; x_wconf 87' lang='lat' dir='ltr'><strong>ratio</strong></span> <span class='ocrx_word' id='word_1_571' title='bbox 2639 2436 2737 2492; x_wconf 90' lang='lat' dir='ltr'><strong>tibi</strong></span> <span class='ocrx_word' id='word_1_572' title='bbox 2766 2445 2956 2509; x_wconf 83' lang='lat' dir='ltr'><strong>suasit,</strong></span> <span class='ocrx_word' id='word_1_573' title='bbox 2990 2453 3053 2500; x_wconf 89' lang='lat' dir='ltr'><strong>ut</strong></span> <span class='ocrx_word' id='word_1_574' title='bbox 3077 2445 3308 2516; x_wconf 88' lang='lat' dir='ltr'><strong>sumptis</strong></span> <span class='ocrx_word' id='word_1_575' title='bbox 3322 2447 3570 2502; x_wconf 55' lang='lat' dir='ltr'><strong>militaris</strong></span> 
     </span>
    </p>
   </div>
   <div class='ocr_carea' id='block_1_84' title="bbox 1988 2525 3600 2611">
    <p class='ocr_par' dir='ltr' id='par_1_84' title="bbox 1988 2525 3600 2611">
     <span class='ocr_line' id='line_1_84' title="bbox 1988 2525 3600 2611; baseline 0.011 -31"><span class='ocrx_word' id='word_1_576' title='bbox 1988 2525 2091 2580; x_wconf 90' lang='lat' dir='ltr'><strong>bus</strong></span> <span class='ocrx_word' id='word_1_577' title='bbox 2134 2527 2300 2582; x_wconf 90' lang='lat' dir='ltr'><strong>armis</strong></span> <span class='ocrx_word' id='word_1_578' title='bbox 2339 2538 2530 2584; x_wconf 88' lang='lat' dir='ltr'><strong>contra</strong></span> <span class='ocrx_word' id='word_1_579' title='bbox 2560 2533 2661 2586; x_wconf 90' lang='lat' dir='ltr'><strong>hos</strong></span> <span class='ocrx_word' id='word_1_580' title='bbox 2708 2537 3006 2593; x_wconf 91' lang='lat' dir='ltr'><strong>monachos</strong></span> <span class='ocrx_word' id='word_1_581' title='bbox 3035 2539 3296 2611; x_wconf 89' lang='lat' dir='ltr'><strong>impetum</strong></span> <span class='ocrx_word' id='word_1_582' title='bbox 3332 2542 3564 2610; x_wconf 81' lang='lat' dir='ltr'><strong>faceres,</strong></span> <span class='ocrx_word' id='word_1_583' title='bbox 3586 2592 3600 2598; x_wconf 86' lang='lat'><strong>-</strong></span> 
     </span>
    </p>
   </div>
   <div class='ocr_carea' id='block_1_85' title="bbox 1986 2623 3566 2707">
    <p class='ocr_par' dir='ltr' id='par_1_85' title="bbox 1986 2623 3566 2707">
     <span class='ocr_line' id='line_1_85' title="bbox 1986 2623 3566 2707; baseline 0.013 -33"><span class='ocrx_word' id='word_1_584' title='bbox 1986 2635 2189 2691; x_wconf 91' lang='lat' dir='ltr'><strong>eosque</strong></span> <span class='ocrx_word' id='word_1_585' title='bbox 2205 2623 2488 2693; x_wconf 90' lang='lat' dir='ltr'><strong>spoliares,</strong></span> <span class='ocrx_word' id='word_1_586' title='bbox 2508 2627 2717 2685; x_wconf 88' lang='lat' dir='ltr'><strong>baculis</strong></span> <span class='ocrx_word' id='word_1_587' title='bbox 2743 2633 3080 2702; x_wconf 89' lang='lat' dir='ltr'><strong>verberares,</strong></span> <span class='ocrx_word' id='word_1_588' title='bbox 3103 2645 3158 2691; x_wconf 89' lang='lat' dir='ltr'><strong>et</strong></span> <span class='ocrx_word' id='word_1_589' title='bbox 3175 2638 3566 2707; x_wconf 69' lang='lat' dir='ltr'><strong>exterminare:</strong></span> 
     </span>
    </p>
   </div>
   <div class='ocr_carea' id='block_1_86' title="bbox 1987 2727 3565 2809">
    <p class='ocr_par' dir='ltr' id='par_1_86' title="bbox 1987 2727 3565 2809">
     <span class='ocr_line' id='line_1_86' title="bbox 1987 2727 3565 2809; baseline 0.015 -32"><span class='ocrx_word' id='word_1_590' title='bbox 1987 2739 2094 2778; x_wconf 90' lang='lat' dir='ltr'><strong>una</strong></span> <span class='ocrx_word' id='word_1_591' title='bbox 2125 2740 2249 2781; x_wconf 92' lang='lat' dir='ltr'><strong>cum</strong></span> <span class='ocrx_word' id='word_1_592' title='bbox 2276 2727 2484 2785; x_wconf 89' lang='lat' dir='ltr'><strong>Isidoro</strong></span> <span class='ocrx_word' id='word_1_593' title='bbox 2515 2733 2832 2806; x_wconf 87' lang='lat' dir='ltr'><strong>presbytero</strong></span> <span class='ocrx_word' id='word_1_594' title='bbox 2861 2752 2988 2794; x_wconf 91' lang='lat' dir='ltr'><strong>vere</strong></span> <span class='ocrx_word' id='word_1_595' title='bbox 3018 2740 3238 2809; x_wconf 91' lang='lat' dir='ltr'><strong>celebri,</strong></span> <span class='ocrx_word' id='word_1_596' title='bbox 3272 2743 3367 2798; x_wconf 90' lang='lat' dir='ltr'><strong>Dei</strong></span> <span class='ocrx_word' id='word_1_597' title='bbox 3404 2744 3565 2801; x_wconf 92' lang='lat' dir='ltr'><strong>timo-</strong></span> 
     </span>
    </p>
   </div>
   <div class='ocr_carea' id='block_1_87' title="bbox 1985 2835 3564 2914">
    <p class='ocr_par' dir='ltr' id='par_1_87' title="bbox 1985 2835 3564 2914">
     <span class='ocr_line' id='line_1_87' title="bbox 1985 2835 3564 2914; baseline 0.015 -29"><span class='ocrx_word' id='word_1_598' title='bbox 1985 2846 2101 2886; x_wconf 90' lang='lat' dir='ltr'><strong>rem</strong></span> <span class='ocrx_word' id='word_1_599' title='bbox 2161 2842 2218 2888; x_wconf 89' lang='lat' dir='ltr'><strong>et</strong></span> <span class='ocrx_word' id='word_1_600' title='bbox 2276 2835 2622 2894; x_wconf 91' lang='lat' dir='ltr'><strong>dominorum</strong></span> <span class='ocrx_word' id='word_1_601' title='bbox 2669 2856 2886 2914; x_wconf 77' lang='lat' dir='ltr'><strong>semper</strong></span> <span class='ocrx_word' id='word_1_602' title='bbox 2919 2845 3212 2904; x_wconf 91' lang='lat' dir='ltr'><strong>timendam</strong></span> <span class='ocrx_word' id='word_1_603' title='bbox 3270 2850 3564 2908; x_wconf 89' lang='lat' dir='ltr'><strong>vindictam</strong></span> 
     </span>
    </p>
   </div>
   <div class='ocr_carea' id='block_1_88' title="bbox 1985 2941 3561 3027">
    <p class='ocr_par' dir='ltr' id='par_1_88' title="bbox 1985 2941 3561 3027">
     <span class='ocr_line' id='line_1_88' title="bbox 1985 2941 3561 3027; baseline 0.014 -36"><span class='ocrx_word' id='word_1_604' title='bbox 1985 2941 2387 2995; x_wconf 85' lang='lat' dir='ltr'><strong>contemnens?</strong></span> <span class='ocrx_word' id='word_1_605' title='bbox 2423 2961 2443 2993; x_wconf 88' lang='grc'><strong>›</strong></span> <span class='ocrx_word' id='word_1_606' title='bbox 2488 2944 2572 3000; x_wconf 86' lang='lat' dir='ltr'><strong>Ad</strong></span> <span class='ocrx_word' id='word_1_607' title='bbox 2616 2946 2734 3002; x_wconf 66' lang='lat' dir='ltr'><strong>haec</strong></span> <span class='ocrx_word' id='word_1_608' title='bbox 2766 2947 3102 3021; x_wconf 89' lang='lat' dir='ltr'><strong>Theophilus</strong></span> <span class='ocrx_word' id='word_1_609' title='bbox 3139 2973 3152 3007; x_wconf 93' lang='lat'><strong>:</strong></span> <span class='ocrx_word' id='word_1_610' title='bbox 3205 2974 3223 3006; x_wconf 75' lang='grc' dir='ltr'><strong><em>ι</em></strong></span> <span class='ocrx_word' id='word_1_611' title='bbox 3277 2955 3561 3027; x_wconf 89' lang='lat' dir='ltr'><strong>Tanquam</strong></span> 
     </span>
    </p>
   </div>
   <div class='ocr_carea' id='block_1_89' title="bbox 1984 3042 3562 3126">
    <p class='ocr_par' dir='ltr' id='par_1_89' title="bbox 1984 3042 3562 3126">
     <span class='ocr_line' id='line_1_89' title="bbox 1984 3042 3562 3126; baseline 0.014 -30"><span class='ocrx_word' id='word_1_612' title='bbox 1984 3042 2272 3101; x_wconf 72' lang='lat' dir='ltr'><strong>haereticos</strong></span> <span class='ocrx_word' id='word_1_613' title='bbox 2299 3055 2356 3102; x_wconf 90' lang='lat' dir='ltr'><strong>et</strong></span> <span class='ocrx_word' id='word_1_614' title='bbox 2385 3048 2666 3105; x_wconf 86' lang='lat' dir='ltr'><strong>dioecesim</strong></span> <span class='ocrx_word' id='word_1_615' title='bbox 2695 3068 2870 3108; x_wconf 90' lang='lat' dir='ltr'><strong>meam</strong></span> <span class='ocrx_word' id='word_1_616' title='bbox 2901 3057 3298 3126; x_wconf 86' lang='lat' dir='ltr'><strong>subvertentes,</strong></span> <span class='ocrx_word' id='word_1_617' title='bbox 3337 3061 3410 3116; x_wconf 90' lang='lat' dir='ltr'><strong>ita</strong></span> <span class='ocrx_word' id='word_1_618' title='bbox 3451 3070 3562 3117; x_wconf 91' lang='lat' dir='ltr'><strong>tra-</strong></span> 
     </span>
    </p>
   </div>
   <div class='ocr_carea' id='block_1_90' title="bbox 1980 3140 3560 3222">
    <p class='ocr_par' dir='ltr' id='par_1_90' title="bbox 1980 3140 3560 3222">
     <span class='ocr_line' id='line_1_90' title="bbox 1980 3140 3560 3222; baseline 0.013 -28"><span class='ocrx_word' id='word_1_619' title='bbox 1980 3140 2144 3195; x_wconf 84' lang='lat' dir='ltr'><strong>ctavi.</strong></span> <span class='ocrx_word' id='word_1_620' title='bbox 2171 3159 2188 3191; x_wconf 76' lang='grc' dir='ltr'><strong>ι</strong></span> <span class='ocrx_word' id='word_1_621' title='bbox 2216 3141 2465 3208; x_wconf 80' lang='lat' dir='ltr'><strong>Quaestor</strong></span> <span class='ocrx_word' id='word_1_622' title='bbox 2489 3145 2657 3201; x_wconf 85' lang='lat' dir='ltr'><strong>dixit:</strong></span> <span class='ocrx_word' id='word_1_623' title='bbox 2695 3168 2713 3198; x_wconf 74' lang='grc' dir='ltr'><strong><em>ι</em></strong></span> <span class='ocrx_word' id='word_1_624' title='bbox 2733 3148 2851 3205; x_wconf 84' lang='grc' dir='ltr'><strong>Νοιι</strong></span> <span class='ocrx_word' id='word_1_625' title='bbox 2876 3153 3122 3222; x_wconf 89' lang='lat' dir='ltr'><strong>cogitasti</strong></span> <span class='ocrx_word' id='word_1_626' title='bbox 3144 3157 3306 3212; x_wconf 91' lang='lat' dir='ltr'><strong>illud:</strong></span> <span class='ocrx_word' id='word_1_627' title='bbox 3331 3158 3560 3214; x_wconf 76' lang='lat' dir='ltr'><strong>ereti-</strong></span> 
     </span>
    </p>
   </div>
   <div class='ocr_carea' id='block_1_91' title="bbox 1980 3245 3560 3320">
    <p class='ocr_par' dir='ltr' id='par_1_91' title="bbox 1980 3245 3560 3320">
     <span class='ocr_line' id='line_1_91' title="bbox 1980 3245 3560 3320; baseline 0.016 -24"><span class='ocrx_word' id='word_1_628' title='bbox 1980 3259 2100 3298; x_wconf 88' lang='lat' dir='ltr'><strong>cum</strong></span> <span class='ocrx_word' id='word_1_629' title='bbox 2128 3245 2390 3301; x_wconf 81' lang='lat' dir='ltr'><strong>hominem</strong></span> <span class='ocrx_word' id='word_1_630' title='bbox 2415 3258 2528 3317; x_wconf 76' lang='lat' dir='ltr'><strong>post</strong></span> <span class='ocrx_word' id='word_1_631' title='bbox 2552 3267 2712 3306; x_wconf 86' lang='lat' dir='ltr'><strong>unam</strong></span> <span class='ocrx_word' id='word_1_632' title='bbox 2743 3262 2792 3307; x_wconf 89' lang='lat' dir='ltr'><strong>et</strong></span> <span class='ocrx_word' id='word_1_633' title='bbox 2840 3255 3067 3312; x_wconf 86' lang='lat' dir='ltr'><strong>alteram</strong></span> <span class='ocrx_word' id='word_1_634' title='bbox 3094 3263 3432 3319; x_wconf 83' lang='lat' dir='ltr'><strong>monitionem</strong></span> <span class='ocrx_word' id='word_1_635' title='bbox 3469 3268 3560 3320; x_wconf 86' lang='lat' dir='ltr'><strong>de-</strong></span> 
     </span>
    </p>
   </div>
   <div class='ocr_carea' id='block_1_92' title="bbox 1979 3354 3558 3435">
    <p class='ocr_par' dir='ltr' id='par_1_92' title="bbox 1979 3354 3558 3435">
     <span class='ocr_line' id='line_1_92' title="bbox 1979 3354 3558 3435; baseline 0.015 -27"><span class='ocrx_word' id='word_1_636' title='bbox 1979 3354 2088 3408; x_wconf 78' lang='lat' dir='ltr'><strong>vita</strong></span> <span class='ocrx_word' id='word_1_637' title='bbox 2118 3354 2241 3425; x_wconf 85' lang='lat' dir='ltr'><strong>(Tit.</strong></span> <span class='ocrx_word' id='word_1_638' title='bbox 2275 3357 2327 3422; x_wconf 77' lang='lat'><strong>5,</strong></span> <span class='ocrx_word' id='word_1_639' title='bbox 2361 3356 2450 3427; x_wconf 76' lang='grc'><strong>10)</strong></span> <span class='ocrx_word' id='word_1_640' title='bbox 2475 3375 2488 3424; x_wconf 92' lang='grc'>;</span> <span class='ocrx_word' id='word_1_641' title='bbox 2519 3373 2632 3413; x_wconf 91' lang='lat' dir='ltr'><strong>non</strong></span> <span class='ocrx_word' id='word_1_642' title='bbox 2651 3368 2835 3416; x_wconf 90' lang='lat' dir='ltr'><strong>autem</strong></span> <span class='ocrx_word' id='word_1_643' title='bbox 2864 3362 3175 3435; x_wconf 78' lang='lat' dir='ltr'><strong>huiusmodi</strong></span> <span class='ocrx_word' id='word_1_644' title='bbox 3201 3370 3448 3430; x_wconf 90' lang='lat' dir='ltr'><strong>cladibus</strong></span> <span class='ocrx_word' id='word_1_645' title='bbox 3473 3383 3558 3432; x_wconf 69' lang='lat' dir='ltr'><strong>at-</strong></span> 
     </span>
    </p>
   </div>
   <div class='ocr_carea' id='block_1_93' title="bbox 1979 3460 3556 3544">
    <p class='ocr_par' dir='ltr' id='par_1_93' title="bbox 1979 3460 3556 3544">
     <span class='ocr_line' id='line_1_93' title="bbox 1979 3460 3556 3544; baseline 0.011 -32"><span class='ocrx_word' id='word_1_646' title='bbox 1979 3473 2086 3528; x_wconf 92' lang='lat' dir='ltr'><strong>que</strong></span> <span class='ocrx_word' id='word_1_647' title='bbox 2124 3460 2450 3518; x_wconf 90' lang='lat' dir='ltr'><strong>omnimodis</strong></span> <span class='ocrx_word' id='word_1_648' title='bbox 2478 3465 2633 3520; x_wconf 91' lang='lat' dir='ltr'><strong>malis</strong></span> <span class='ocrx_word' id='word_1_649' title='bbox 2667 3467 2839 3524; x_wconf 89' lang='lat' dir='ltr'><strong>obrue</strong></span> <span class='ocrx_word' id='word_1_650' title='bbox 2864 3469 2886 3523; x_wconf 72' lang='grc' dir='ltr'><strong>’ἓ</strong></span> <span class='ocrx_word' id='word_1_651' title='bbox 2927 3488 2945 3520; x_wconf 87' lang='grc'><strong>›</strong></span> <span class='ocrx_word' id='word_1_652' title='bbox 2987 3470 3322 3544; x_wconf 88' lang='lat' dir='ltr'><strong>Theophilus</strong></span> <span class='ocrx_word' id='word_1_653' title='bbox 3362 3479 3556 3536; x_wconf 45' lang='lat' dir='ltr'><strong>obmus</strong></span> 
     </span>
    </p>
   </div>
   <div class='ocr_carea' id='block_1_94' title="bbox 1979 3563 3558 3649">
    <p class='ocr_par' dir='ltr' id='par_1_94' title="bbox 1979 3563 3558 3649">
     <span class='ocr_line' id='line_1_94' title="bbox 1979 3563 3558 3649; baseline 0.015 -30"><span class='ocrx_word' id='word_1_654' title='bbox 1979 3563 2102 3620; x_wconf 91' lang='lat' dir='ltr'><strong>tuit.</strong></span> <span class='ocrx_word' id='word_1_655' title='bbox 2137 3565 2342 3622; x_wconf 89' lang='lat' dir='ltr'><strong>Deinde</strong></span> <span class='ocrx_word' id='word_1_656' title='bbox 2372 3570 2656 3625; x_wconf 90' lang='lat' dir='ltr'><strong>monachis</strong></span> <span class='ocrx_word' id='word_1_657' title='bbox 2685 3572 2828 3629; x_wconf 92' lang='lat' dir='ltr'><strong>idem</strong></span> <span class='ocrx_word' id='word_1_658' title='bbox 2858 3586 3096 3645; x_wconf 82' lang='lat' dir='ltr'><strong>quaestor</strong></span> <span class='ocrx_word' id='word_1_659' title='bbox 3123 3579 3198 3634; x_wconf 92' lang='lat' dir='ltr'><strong>ait</strong></span> <span class='ocrx_word' id='word_1_660' title='bbox 3230 3599 3242 3634; x_wconf 91' lang='lat'><strong>:</strong></span> <span class='ocrx_word' id='word_1_661' title='bbox 3286 3599 3304 3631; x_wconf 72' lang='grc' dir='ltr'><strong><em>ι</em></strong></span> <span class='ocrx_word' id='word_1_662' title='bbox 3346 3582 3446 3649; x_wconf 86' lang='lat' dir='ltr'><strong>Qui</strong></span> <span class='ocrx_word' id='word_1_663' title='bbox 3479 3595 3558 3642; x_wconf 93' lang='lat' dir='ltr'><strong>tot</strong></span> 
     </span>
    </p>
   </div>
   <div class='ocr_carea' id='block_1_95' title="bbox 1977 3673 3555 3757">
    <p class='ocr_par' dir='ltr' id='par_1_95' title="bbox 1977 3673 3555 3757">
     <span class='ocr_line' id='line_1_95' title="bbox 1977 3673 3555 3757; baseline 0.014 -32"><span class='ocrx_word' id='word_1_664' title='bbox 1977 3686 2188 3743; x_wconf 88' lang='lat' dir='ltr'><strong>pugnas</strong></span> <span class='ocrx_word' id='word_1_665' title='bbox 2217 3673 2527 3730; x_wconf 70' lang='lat' dir='ltr'><strong>dmmonum</strong></span> <span class='ocrx_word' id='word_1_666' title='bbox 2571 3679 2780 3749; x_wconf 87' lang='lat' dir='ltr'><strong>experti</strong></span> <span class='ocrx_word' id='word_1_667' title='bbox 2809 3682 2960 3750; x_wconf 90' lang='lat' dir='ltr'><strong>estis,</strong></span> <span class='ocrx_word' id='word_1_668' title='bbox 2994 3701 3140 3740; x_wconf 92' lang='lat' dir='ltr'><strong>nunc</strong></span> <span class='ocrx_word' id='word_1_669' title='bbox 3169 3689 3445 3757; x_wconf 67' lang='lat' dir='ltr'><strong>patientiae</strong></span> <span class='ocrx_word' id='word_1_670' title='bbox 3471 3693 3555 3748; x_wconf 84' lang='lat' dir='ltr'><strong>vi-</strong></span> 
     </span>
    </p>
   </div>
   <div class='ocr_carea' id='block_1_96' title="bbox 1977 3777 3554 3854">
    <p class='ocr_par' dir='ltr' id='par_1_96' title="bbox 1977 3777 3554 3854">
     <span class='ocr_line' id='line_1_96' title="bbox 1977 3777 3554 3854; baseline 0.014 -25"><span class='ocrx_word' id='word_1_671' title='bbox 1977 3791 2162 3847; x_wconf 89' lang='lat' dir='ltr'><strong>gorem</strong></span> <span class='ocrx_word' id='word_1_672' title='bbox 2187 3777 2477 3834; x_wconf 90' lang='lat' dir='ltr'><strong>amisistis?</strong></span> <span class='ocrx_word' id='word_1_673' title='bbox 2521 3801 2539 3831; x_wconf 80' lang='grc'><strong>›</strong></span> <span class='ocrx_word' id='word_1_674' title='bbox 2574 3781 2655 3836; x_wconf 92' lang='lat' dir='ltr'><strong>llli</strong></span> <span class='ocrx_word' id='word_1_675' title='bbox 2681 3787 3080 3854; x_wconf 88' lang='lat' dir='ltr'><strong>responderunt</strong></span> <span class='ocrx_word' id='word_1_676' title='bbox 3111 3808 3123 3844; x_wconf 91' lang='lat'><strong>:</strong></span> <span class='ocrx_word' id='word_1_677' title='bbox 3160 3810 3178 3842; x_wconf 77' lang='grc' dir='ltr'><strong><em>ι</em></strong></span> <span class='ocrx_word' id='word_1_678' title='bbox 3211 3791 3554 3851; x_wconf 87' lang='lat' dir='ltr'><strong>lntoleranda</strong></span> 
     </span>
    </p>
   </div>
   <div class='ocr_carea' id='block_1_97' title="bbox 1975 3883 3553 3968">
    <p class='ocr_par' dir='ltr' id='par_1_97' title="bbox 1975 3883 3553 3968">
     <span class='ocr_line' id='line_1_97' title="bbox 1975 3883 3553 3968; baseline 0.012 -31"><span class='ocrx_word' id='word_1_679' title='bbox 1975 3883 2059 3938; x_wconf 89' lang='lat' dir='ltr'><strong>vis</strong></span> <span class='ocrx_word' id='word_1_680' title='bbox 2087 3899 2117 3937; x_wconf 92' lang='lat' dir='ltr'><strong>a</strong></span> <span class='ocrx_word' id='word_1_681' title='bbox 2144 3885 2324 3954; x_wconf 90' lang='lat' dir='ltr'><strong>priore</strong></span> <span class='ocrx_word' id='word_1_682' title='bbox 2350 3903 2502 3943; x_wconf 92' lang='lat' dir='ltr'><strong>more</strong></span> <span class='ocrx_word' id='word_1_683' title='bbox 2523 3889 2793 3945; x_wconf 89' lang='lat' dir='ltr'><strong>declinare</strong></span> <span class='ocrx_word' id='word_1_684' title='bbox 2823 3908 2923 3948; x_wconf 90' lang='lat' dir='ltr'><strong>nos</strong></span> <span class='ocrx_word' id='word_1_685' title='bbox 2949 3897 3249 3965; x_wconf 89' lang='lat' dir='ltr'><strong>compulit;</strong></span> <span class='ocrx_word' id='word_1_686' title='bbox 3275 3899 3386 3968; x_wconf 90' lang='lat' dir='ltr'><strong>jam</strong></span> <span class='ocrx_word' id='word_1_687' title='bbox 3407 3900 3553 3956; x_wconf 88' lang='lat' dir='ltr'><strong>enim</strong></span> 
     </span>
    </p>
   </div>
   <div class='ocr_carea' id='block_1_98' title="bbox 1975 3991 3548 4064">
    <p class='ocr_par' dir='ltr' id='par_1_98' title="bbox 1975 3991 3548 4064">
     <span class='ocr_line' id='line_1_98' title="bbox 1975 3991 3548 4064; baseline 0.011 -22"><span class='ocrx_word' id='word_1_688' title='bbox 1975 4003 2006 4042; x_wconf 91' lang='lat' dir='ltr'><strong>a</strong></span> <span class='ocrx_word' id='word_1_689' title='bbox 2038 3991 2392 4064; x_wconf 87' lang='lat' dir='ltr'><strong>quadraginta</strong></span> <span class='ocrx_word' id='word_1_690' title='bbox 2440 3993 2598 4050; x_wconf 93' lang='lat' dir='ltr'><strong>annis</strong></span> <span class='ocrx_word' id='word_1_691' title='bbox 2627 3995 2681 4049; x_wconf 92' lang='lat' dir='ltr'><strong>in</strong></span> <span class='ocrx_word' id='word_1_692' title='bbox 2716 4011 2781 4052; x_wconf 91' lang='lat' dir='ltr'><strong>co</strong></span> <span class='ocrx_word' id='word_1_693' title='bbox 2827 3998 3134 4055; x_wconf 89' lang='lat' dir='ltr'><strong>habitaculo</strong></span> <span class='ocrx_word' id='word_1_694' title='bbox 3177 4003 3548 4060; x_wconf 68' lang='lat' dir='ltr'><strong>versabantur.</strong></span> 
     </span>
    </p>
   </div>
   <div class='ocr_carea' id='block_1_99' title="bbox 1973 4093 3550 4175">
    <p class='ocr_par' dir='ltr' id='par_1_99' title="bbox 1973 4093 3550 4175">
     <span class='ocr_line' id='line_1_99' title="bbox 1973 4093 3550 4175; baseline 0.011 -28"><span class='ocrx_word' id='word_1_695' title='bbox 1973 4093 2202 4166; x_wconf 87' lang='lat' dir='ltr'><strong>Insuper</strong></span> <span class='ocrx_word' id='word_1_696' title='bbox 2235 4106 2291 4152; x_wconf 89' lang='lat' dir='ltr'><strong>et</strong></span> <span class='ocrx_word' id='word_1_697' title='bbox 2319 4098 2500 4170; x_wconf 85' lang='lat' dir='ltr'><strong>inclyti</strong></span> <span class='ocrx_word' id='word_1_698' title='bbox 2527 4098 2710 4156; x_wconf 87' lang='lat' dir='ltr'><strong>Patres</strong></span> <span class='ocrx_word' id='word_1_699' title='bbox 2745 4102 2938 4160; x_wconf 82' lang='lat' dir='ltr'><strong>Petrus</strong></span> <span class='ocrx_word' id='word_1_700' title='bbox 2962 4121 3025 4161; x_wconf 91' lang='lat' dir='ltr'><strong>ac</strong></span> <span class='ocrx_word' id='word_1_701' title='bbox 3051 4107 3390 4175; x_wconf 88' lang='lat' dir='ltr'><strong>Timotheus,</strong></span> <span class='ocrx_word' id='word_1_702' title='bbox 3427 4126 3550 4165; x_wconf 89' lang='lat' dir='ltr'><strong>cum</strong></span> 
     </span>
    </p>
   </div>
   <div class='ocr_carea' id='block_1_100' title="bbox 1970 4203 3548 4281">
    <p class='ocr_par' dir='ltr' id='par_1_100' title="bbox 1970 4203 3548 4281">
     <span class='ocr_line' id='line_1_100' title="bbox 1970 4203 3548 4281; baseline 0.007 -24"><span class='ocrx_word' id='word_1_703' title='bbox 1970 4218 2072 4258; x_wconf 92' lang='lat' dir='ltr'><strong>nos</strong></span> <span class='ocrx_word' id='word_1_704' title='bbox 2108 4203 2442 4274; x_wconf 89' lang='lat' dir='ltr'><strong>invisissent,</strong></span> <span class='ocrx_word' id='word_1_705' title='bbox 2480 4217 2536 4262; x_wconf 91' lang='lat' dir='ltr'><strong>et</strong></span> <span class='ocrx_word' id='word_1_706' title='bbox 2561 4209 2766 4280; x_wconf 90' lang='lat' dir='ltr'><strong>aliquot</strong></span> <span class='ocrx_word' id='word_1_707' title='bbox 2788 4210 2855 4265; x_wconf 93' lang='lat' dir='ltr'><strong>de</strong></span> <span class='ocrx_word' id='word_1_708' title='bbox 2887 4211 3089 4267; x_wconf 91' lang='lat' dir='ltr'><strong>nostris</strong></span> <span class='ocrx_word' id='word_1_709' title='bbox 3120 4227 3280 4281; x_wconf 82' lang='lat' dir='ltr'><strong>quam</strong></span> <span class='ocrx_word' id='word_1_710' title='bbox 3311 4213 3548 4268; x_wconf 58' lang='lat' dir='ltr'><strong>aestima-</strong></span> 
     </span>
    </p>
   </div>
   <div class='ocr_carea' id='block_1_101' title="bbox 1974 4308 3547 4382">
    <p class='ocr_par' dir='ltr' id='par_1_101' title="bbox 1974 4308 3547 4382">
     <span class='ocr_line' id='line_1_101' title="bbox 1974 4308 3547 4382; baseline 0.005 -18"><span class='ocrx_word' id='word_1_711' title='bbox 1974 4308 2112 4364; x_wconf 87' lang='lat' dir='ltr'><strong>biles</strong></span> <span class='ocrx_word' id='word_1_712' title='bbox 2138 4319 2323 4365; x_wconf 89' lang='lat' dir='ltr'><strong>essent</strong></span> <span class='ocrx_word' id='word_1_713' title='bbox 2347 4313 2714 4382; x_wconf 87' lang='lat' dir='ltr'><strong>agnovissent,</strong></span> <span class='ocrx_word' id='word_1_714' title='bbox 2748 4316 3059 4370; x_wconf 89' lang='lat' dir='ltr'><strong>nullatenus</strong></span> <span class='ocrx_word' id='word_1_715' title='bbox 3088 4317 3246 4372; x_wconf 87' lang='lat' dir='ltr'><strong>nobis</strong></span> <span class='ocrx_word' id='word_1_716' title='bbox 3275 4317 3547 4374; x_wconf 84' lang='lat' dir='ltr'><strong>adversati</strong></span> 
     </span>
    </p>
   </div>
   <div class='ocr_carea' id='block_1_102' title="bbox 1969 4414 3547 4490">
    <p class='ocr_par' dir='ltr' id='par_1_102' title="bbox 1969 4414 3547 4490">
     <span class='ocr_line' id='line_1_102' title="bbox 1969 4414 3547 4490; baseline 0.006 -23"><span class='ocrx_word' id='word_1_717' title='bbox 1969 4423 2119 4479; x_wconf 89' lang='lat' dir='ltr'><strong>sunt,</strong></span> <span class='ocrx_word' id='word_1_718' title='bbox 2156 4414 2252 4469; x_wconf 92' lang='lat' dir='ltr'><strong>sed</strong></span> <span class='ocrx_word' id='word_1_719' title='bbox 2273 4423 2328 4469; x_wconf 91' lang='lat' dir='ltr'><strong>et</strong></span> <span class='ocrx_word' id='word_1_720' title='bbox 2347 4424 2561 4470; x_wconf 88' lang='lat' dir='ltr'><strong>nostras</strong></span> <span class='ocrx_word' id='word_1_721' title='bbox 2589 4431 2778 4486; x_wconf 91' lang='lat' dir='ltr'><strong>preces</strong></span> <span class='ocrx_word' id='word_1_722' title='bbox 2809 4418 3172 4485; x_wconf 89' lang='lat' dir='ltr'><strong>ambiverunt,</strong></span> <span class='ocrx_word' id='word_1_723' title='bbox 3207 4437 3414 4490; x_wconf 91' lang='lat' dir='ltr'><strong>nosque</strong></span> <span class='ocrx_word' id='word_1_724' title='bbox 3445 4424 3547 4476; x_wconf 89' lang='lat' dir='ltr'><strong>ho-</strong></span> 
     </span>
    </p>
   </div>
   <div class='ocr_carea' id='block_1_103' title="bbox 1967 4521 3546 4598">
    <p class='ocr_par' dir='ltr' id='par_1_103' title="bbox 1967 4521 3546 4598">
     <span class='ocr_line' id='line_1_103' title="bbox 1967 4521 3546 4598; baseline 0.004 -24"><span class='ocrx_word' id='word_1_725' title='bbox 1967 4528 2230 4576; x_wconf 87' lang='lat' dir='ltr'><strong>norantes</strong></span> <span class='ocrx_word' id='word_1_726' title='bbox 2255 4529 2310 4575; x_wconf 89' lang='lat' dir='ltr'><strong>et</strong></span> <span class='ocrx_word' id='word_1_727' title='bbox 2339 4521 2744 4586; x_wconf 82' lang='lat' dir='ltr'><strong>conﬁrmantes,</strong></span> <span class='ocrx_word' id='word_1_728' title='bbox 2788 4538 2914 4577; x_wconf 89' lang='lat' dir='ltr'><strong>mox</strong></span> <span class='ocrx_word' id='word_1_729' title='bbox 2961 4524 3203 4592; x_wconf 91' lang='lat' dir='ltr'><strong>epistolis</strong></span> <span class='ocrx_word' id='word_1_730' title='bbox 3247 4526 3359 4579; x_wconf 90' lang='lat' dir='ltr'><strong>suis</strong></span> <span class='ocrx_word' id='word_1_731' title='bbox 3389 4541 3546 4598; x_wconf 85' lang='lat' dir='ltr'><strong>roga-</strong></span> 
     </span>
    </p>
   </div>
   <div class='ocr_carea' id='block_1_104' title="bbox 1964 4625 3540 4695">
    <p class='ocr_par' dir='ltr' id='par_1_104' title="bbox 1964 4625 3540 4695">
     <span class='ocr_line' id='line_1_104' title="bbox 1964 4625 3540 4695; baseline 0.006 -16"><span class='ocrx_word' id='word_1_732' title='bbox 1964 4633 2114 4691; x_wconf 88' lang='lat' dir='ltr'><strong>runt,</strong></span> <span class='ocrx_word' id='word_1_733' title='bbox 2145 4633 2204 4680; x_wconf 92' lang='lat' dir='ltr'><strong>ut</strong></span> <span class='ocrx_word' id='word_1_734' title='bbox 2229 4625 2284 4679; x_wconf 90' lang='lat' dir='ltr'><strong>in</strong></span> <span class='ocrx_word' id='word_1_735' title='bbox 2305 4625 2560 4695; x_wconf 91' lang='lat' dir='ltr'><strong>precibus</strong></span> <span class='ocrx_word' id='word_1_736' title='bbox 2583 4640 2852 4681; x_wconf 88' lang='lat' dir='ltr'><strong>memores</strong></span> <span class='ocrx_word' id='word_1_737' title='bbox 2875 4626 3093 4682; x_wconf 89' lang='lat' dir='ltr'><strong>illorum</strong></span> <span class='ocrx_word' id='word_1_738' title='bbox 3113 4643 3234 4683; x_wconf 89' lang='lat' dir='ltr'><strong>esse</strong></span> <span class='ocrx_word' id='word_1_739' title='bbox 3259 4629 3540 4688; x_wconf 89' lang='lat' dir='ltr'><strong>vellemus.</strong></span> 
     </span>
    </p>
   </div>
   <div class='ocr_carea' id='block_1_105' title="bbox 1964 4729 3584 4806">
    <p class='ocr_par' dir='ltr' id='par_1_105' title="bbox 1964 4729 3584 4806">
     <span class='ocr_line' id='line_1_105' title="bbox 1964 4729 3584 4806; baseline 0.004 -22"><span class='ocrx_word' id='word_1_740' title='bbox 1964 4729 1983 4784; x_wconf 91' lang='lat' dir='ltr'><strong>l</strong></span> <span class='ocrx_word' id='word_1_741' title='bbox 1992 4738 2153 4800; x_wconf 86' lang='lat' dir='ltr'><strong>taque</strong></span> <span class='ocrx_word' id='word_1_742' title='bbox 2179 4730 2292 4785; x_wconf 88' lang='lat' dir='ltr'><strong>sive</strong></span> <span class='ocrx_word' id='word_1_743' title='bbox 2313 4730 2456 4800; x_wconf 88' lang='lat' dir='ltr'><strong>quod</strong></span> <span class='ocrx_word' id='word_1_744' title='bbox 2478 4731 2748 4786; x_wconf 76' lang='lat' dir='ltr'><strong>verberati</strong></span> <span class='ocrx_word' id='word_1_745' title='bbox 2769 4730 2993 4797; x_wconf 80' lang='lat' dir='ltr'><strong>fuimus,</strong></span> <span class='ocrx_word' id='word_1_746' title='bbox 3014 4731 3130 4788; x_wconf 87' lang='lat' dir='ltr'><strong>sive</strong></span> <span class='ocrx_word' id='word_1_747' title='bbox 3144 4734 3288 4803; x_wconf 91' lang='lat' dir='ltr'><strong>quod</strong></span> <span class='ocrx_word' id='word_1_748' title='bbox 3313 4737 3540 4806; x_wconf 88' lang='lat' dir='ltr'><strong>expulsi,</strong></span> <span class='ocrx_word' id='word_1_749' title='bbox 3578 4767 3584 4798; x_wconf 72' lang='grc' dir='ltr'><em>τ</em></span> 
     </span>
    </p>
   </div>
   <div class='ocr_carea' id='block_1_106' title="bbox 1964 4833 3544 4909">
    <p class='ocr_par' dir='ltr' id='par_1_106' title="bbox 1964 4833 3544 4909">
     <span class='ocr_line' id='line_1_106' title="bbox 1964 4833 3544 4909; baseline 0.008 -21"><span class='ocrx_word' id='word_1_750' title='bbox 1964 4833 2017 4889; x_wconf 91' lang='lat' dir='ltr'><strong>id</strong></span> <span class='ocrx_word' id='word_1_751' title='bbox 2058 4850 2221 4890; x_wconf 90' lang='lat' dir='ltr'><strong>omne</strong></span> <span class='ocrx_word' id='word_1_752' title='bbox 2263 4836 2374 4890; x_wconf 91' lang='lat' dir='ltr'><strong>Deo</strong></span> <span class='ocrx_word' id='word_1_753' title='bbox 2403 4835 2766 4902; x_wconf 88' lang='lat' dir='ltr'><strong>dimittimus;</strong></span> <span class='ocrx_word' id='word_1_754' title='bbox 2797 4853 2966 4894; x_wconf 90' lang='lat' dir='ltr'><strong>unum</strong></span> <span class='ocrx_word' id='word_1_755' title='bbox 3007 4839 3262 4909; x_wconf 89' lang='lat' dir='ltr'><strong>petimus,</strong></span> <span class='ocrx_word' id='word_1_756' title='bbox 3297 4850 3356 4896; x_wconf 93' lang='lat' dir='ltr'><strong>ut</strong></span> <span class='ocrx_word' id='word_1_757' title='bbox 3385 4844 3544 4902; x_wconf 88' lang='lat' dir='ltr'><strong>nobis</strong></span> 
     </span>
    </p>
   </div>
   <div class='ocr_carea' id='block_1_107' title="bbox 1963 4941 3542 5019">
    <p class='ocr_par' dir='ltr' id='par_1_107' title="bbox 1963 4941 3542 5019">
     <span class='ocr_line' id='line_1_107' title="bbox 1963 4941 3542 5019; baseline 0.006 -23"><span class='ocrx_word' id='word_1_758' title='bbox 1963 4941 2333 4998; x_wconf 87' lang='lat' dir='ltr'><strong>habitaculum</strong></span> <span class='ocrx_word' id='word_1_759' title='bbox 2363 4949 2610 4998; x_wconf 87' lang='lat' dir='ltr'><strong>nostrum</strong></span> <span class='ocrx_word' id='word_1_760' title='bbox 2632 4944 2908 5011; x_wconf 88' lang='lat' dir='ltr'><strong>reddatur,</strong></span> <span class='ocrx_word' id='word_1_761' title='bbox 2943 4956 3003 5001; x_wconf 93' lang='lat' dir='ltr'><strong>ut</strong></span> <span class='ocrx_word' id='word_1_762' title='bbox 3031 4946 3140 5003; x_wconf 93' lang='lat' dir='ltr'><strong>illic</strong></span> <span class='ocrx_word' id='word_1_763' title='bbox 3171 4948 3238 5004; x_wconf 91' lang='lat' dir='ltr'><strong>ad</strong></span> <span class='ocrx_word' id='word_1_764' title='bbox 3269 4950 3542 5019; x_wconf 72' lang='lat' dir='ltr'><strong>paeniten-</strong></span> 
     </span>
    </p>
   </div>
   <div class='ocr_carea' id='block_1_108' title="bbox 1963 5048 3540 5124">
    <p class='ocr_par' dir='ltr' id='par_1_108' title="bbox 1963 5048 3540 5124">
     <span class='ocr_line' id='line_1_108' title="bbox 1963 5048 3540 5124; baseline 0.006 -23"><span class='ocrx_word' id='word_1_765' title='bbox 1963 5048 2091 5101; x_wconf 89' lang='lat' dir='ltr'><strong>tiam</strong></span> <span class='ocrx_word' id='word_1_766' title='bbox 2119 5049 2381 5120; x_wconf 87' lang='lat' dir='ltr'><strong>agendam</strong></span> <span class='ocrx_word' id='word_1_767' title='bbox 2412 5058 2628 5105; x_wconf 90' lang='lat' dir='ltr'><strong>nosmet</strong></span> <span class='ocrx_word' id='word_1_768' title='bbox 2655 5049 3000 5122; x_wconf 87' lang='lat' dir='ltr'><strong>recipiamus.</strong></span> <span class='ocrx_word' id='word_1_769' title='bbox 3045 5071 3065 5103; x_wconf 70' lang='grc' dir='ltr'><strong><em>ι</em></strong></span> <span class='ocrx_word' id='word_1_770' title='bbox 3095 5052 3306 5108; x_wconf 85' lang='lat' dir='ltr'><strong>Excelsi</strong></span> <span class='ocrx_word' id='word_1_771' title='bbox 3340 5064 3540 5124; x_wconf 58' lang='lat' dir='ltr'><strong>prauo-</strong></span> 
     </span>
    </p>
   </div>
   <div class='ocr_carea' id='block_1_109' title="bbox 1961 5152 3539 5225">
    <p class='ocr_par' dir='ltr' id='par_1_109' title="bbox 1961 5152 3539 5225">
     <span class='ocr_line' id='line_1_109' title="bbox 1961 5152 3539 5225; baseline 0.004 -16"><span class='ocrx_word' id='word_1_772' title='bbox 1961 5170 2050 5210; x_wconf 86' lang='lat' dir='ltr'><strong>res</strong></span> <span class='ocrx_word' id='word_1_773' title='bbox 2084 5171 2189 5209; x_wconf 90' lang='lat' dir='ltr'><strong>una</strong></span> <span class='ocrx_word' id='word_1_774' title='bbox 2218 5170 2342 5209; x_wconf 91' lang='lat' dir='ltr'><strong>cum</strong></span> <span class='ocrx_word' id='word_1_775' title='bbox 2389 5152 2644 5225; x_wconf 85' lang='lat' dir='ltr'><strong>Aquilino</strong></span> <span class='ocrx_word' id='word_1_776' title='bbox 2693 5156 2950 5211; x_wconf 91' lang='lat' dir='ltr'><strong>dixerunt</strong></span> <span class='ocrx_word' id='word_1_777' title='bbox 2994 5175 3006 5210; x_wconf 89' lang='lat'><strong>:</strong></span> <span class='ocrx_word' id='word_1_778' title='bbox 3054 5177 3072 5209; x_wconf 72' lang='grc' dir='ltr'><strong><em>ε</em></strong></span> <span class='ocrx_word' id='word_1_779' title='bbox 3133 5158 3280 5214; x_wconf 88' lang='lat' dir='ltr'><strong>Bene</strong></span> <span class='ocrx_word' id='word_1_780' title='bbox 3327 5159 3539 5225; x_wconf 82' lang='lat' dir='ltr'><strong>facitis;</strong></span> 
     </span>
    </p>
   </div>
   <div class='ocr_carea' id='block_1_110' title="bbox 1961 5257 3540 5330">
    <p class='ocr_par' dir='ltr' id='par_1_110' title="bbox 1961 5257 3540 5330">
     <span class='ocr_line' id='line_1_110' title="bbox 1961 5257 3540 5330; baseline 0.002 -16"><span class='ocrx_word' id='word_1_781' title='bbox 1961 5259 2221 5329; x_wconf 91' lang='lat' dir='ltr'><strong>scriptum</strong></span> <span class='ocrx_word' id='word_1_782' title='bbox 2252 5268 2335 5313; x_wconf 91' lang='lat' dir='ltr'><strong>est</strong></span> <span class='ocrx_word' id='word_1_783' title='bbox 2379 5257 2526 5313; x_wconf 89' lang='lat' dir='ltr'><strong>enim</strong></span> <span class='ocrx_word' id='word_1_784' title='bbox 2559 5276 2571 5312; x_wconf 90' lang='lat'><strong>:</strong></span> <span class='ocrx_word' id='word_1_785' title='bbox 2603 5259 2730 5323; x_wconf 79' lang='lat' dir='ltr'><strong>Quis</strong></span> <span class='ocrx_word' id='word_1_786' title='bbox 2774 5276 2865 5314; x_wconf 76' lang='lat' dir='ltr'><strong>nos</strong></span> <span class='ocrx_word' id='word_1_787' title='bbox 2904 5262 3171 5330; x_wconf 76' lang='lat' dir='ltr'><strong>separabit</strong></span> <span class='ocrx_word' id='word_1_788' title='bbox 3212 5281 3245 5316; x_wconf 89' lang='lat' dir='ltr'><strong>a</strong></span> <span class='ocrx_word' id='word_1_789' title='bbox 3283 5265 3540 5318; x_wconf 76' lang='lat' dir='ltr'><strong>charitate</strong></span> 
     </span>
    </p>
   </div>
   <div class='ocr_carea' id='block_1_111' title="bbox 1961 5359 3534 5432">
    <p class='ocr_par' dir='ltr' id='par_1_111' title="bbox 1961 5359 3534 5432">
     <span class='ocr_line' id='line_1_111' title="bbox 1961 5359 3534 5432; baseline 0.004 -18"><span class='ocrx_word' id='word_1_790' title='bbox 1961 5359 2155 5414; x_wconf 79' lang='lat' dir='ltr'><strong>Christi</strong></span> <span class='ocrx_word' id='word_1_791' title='bbox 2201 5359 2372 5430; x_wconf 89' lang='lat' dir='ltr'><strong>(Rom.</strong></span> <span class='ocrx_word' id='word_1_792' title='bbox 2415 5359 2470 5423; x_wconf 91' lang='lat'><strong>8,</strong></span> <span class='ocrx_word' id='word_1_793' title='bbox 2501 5360 3008 5430; x_wconf 78' lang='lat' dir='ltr'><strong>55)?Quamobrem</strong></span> <span class='ocrx_word' id='word_1_794' title='bbox 3047 5372 3194 5421; x_wconf 87' lang='lat' dir='ltr'><strong>recte</strong></span> <span class='ocrx_word' id='word_1_795' title='bbox 3218 5366 3534 5432; x_wconf 86' lang='lat' dir='ltr'><strong>sentientes,</strong></span> 
     </span>
    </p>
   </div>
   <div class='ocr_carea' id='block_1_112' title="bbox 1960 5465 3533 5528">
    <p class='ocr_par' dir='ltr' id='par_1_112' title="bbox 1960 5465 3533 5528">
     <span class='ocr_line' id='line_1_112' title="bbox 1960 5465 3533 5528; baseline 0.003 -9"><span class='ocrx_word' id='word_1_796' title='bbox 1960 5467 2026 5519; x_wconf 88' lang='lat' dir='ltr'><strong>ad</strong></span> <span class='ocrx_word' id='word_1_797' title='bbox 2080 5465 2366 5520; x_wconf 87' lang='lat' dir='ltr'><strong>stationem</strong></span> <span class='ocrx_word' id='word_1_798' title='bbox 2415 5476 2650 5520; x_wconf 86' lang='lat' dir='ltr'><strong>vestram</strong></span> <span class='ocrx_word' id='word_1_799' title='bbox 2697 5467 3039 5525; x_wconf 85' lang='lat' dir='ltr'><strong>laudabiliter</strong></span> <span class='ocrx_word' id='word_1_800' title='bbox 3079 5471 3452 5528; x_wconf 87' lang='lat' dir='ltr'><strong>revertemini.</strong></span> <span class='ocrx_word' id='word_1_801' title='bbox 3509 5483 3533 5518; x_wconf 61' lang='grc' dir='ltr'>θ</span> 
     </span>
    </p>
   </div>
   <div class='ocr_carea' id='block_1_113' title="bbox 334 5626 2694 5709">
    <p class='ocr_par' dir='ltr' id='par_1_113' title="bbox 334 5626 2694 5709">
     <span class='ocr_line' id='line_1_113' title="bbox 334 5626 2694 5709; baseline 0.005 -29"><span class='ocrx_word' id='word_1_802' title='bbox 334 5626 412 5698; x_wconf 73' lang='grc' dir='ltr'><strong>(ιι)</strong></span> <span class='ocrx_word' id='word_1_803' title='bbox 461 5628 734 5685; x_wconf 82' lang='lat' dir='ltr'><strong>Palladius</strong></span> <span class='ocrx_word' id='word_1_804' title='bbox 769 5629 824 5684; x_wconf 87' lang='lat' dir='ltr'><strong>in</strong></span> <span class='ocrx_word' id='word_1_805' title='bbox 859 5631 1098 5703; x_wconf 76' lang='lat' dir='ltr'><strong>Dialugn.</strong></span> <span class='ocrx_word' id='word_1_806' title='bbox 1129 5632 1286 5690; x_wconf 81' lang='lat' dir='ltr'><strong>infra.</strong></span> <span class='ocrx_word' id='word_1_807' title='bbox 1330 5633 1459 5688; x_wconf 77' lang='lat' dir='ltr'><strong>dicit</strong></span> <span class='ocrx_word' id='word_1_808' title='bbox 1496 5651 1558 5688; x_wconf 67' lang='grc' dir='ltr'><strong>χι.</strong></span> <span class='ocrx_word' id='word_1_809' title='bbox 1608 5633 1910 5704; x_wconf 70' lang='lat' dir='ltr'><strong>episcopos,</strong></span> <span class='ocrx_word' id='word_1_810' title='bbox 1949 5649 2177 5706; x_wconf 87' lang='lat' dir='ltr'><strong>quorum</strong></span> <span class='ocrx_word' id='word_1_811' title='bbox 2211 5651 2282 5689; x_wconf 76' lang='lat' dir='ltr'><strong>vn</strong></span> <span class='ocrx_word' id='word_1_812' title='bbox 2318 5636 2694 5709; x_wconf 83' lang='lat' dir='ltr'><strong>mctropolitac.</strong></span> 
     </span>
    </p>
   </div>
  </div>
