4038 6154
517 301 662 344 LXXV

511 401 623 474 ψαν
647 402 846 469 αὑτοὺς
868 404 1004 477 πρὸς
1036 407 1128 463 τὸν
1157 407 1381 480 βασιλέα
1408 412 1763 481 διδάσκοντας
1806 420 1998 477 ταῦτα.
2035 421 2096 473 '0

511 495 572 552 δὲ
593 498 850 570 βασιλεὺς
864 500 1185 574 ὠφεληθεὶς,
1214 507 1307 561 καλ⁸
1330 507 1426 562 τοῦ
1448 512 1578 582 πρὶν
1600 513 1895 569 σκανδάλου
1925 517 2100 571 ἀπαλ-

511 589 723 663 λαγεὶς,
755 594 901 666 δῶρα
934 597 1034 667 μὲν
1057 597 1385 674 θελήσαντος
1414 606 1601 670 αὑτοῖς
1625 607 1830 672 δοῦναι,
1859 611 1960 664 οὑκ
1986 612 2098 666 ἐδέ-

513 688 671 756 ξαντο
690 708 703 722 ·
736 691 971 764 ἔγραψεν
1002 696 1060 750 δὲ
1088 699 1183 753 καὶ
1217 699 1293 771 τῷ
1323 701 1543 772 ἄρχοντι
1587 702 1656 757 τὰ
1698 704 1886 761 κελλία
1915 708 2094 763 αὑτῶν

508 785 882 858 οἰκοδομῆσαι,
908 792 1004 845 καὶ
1030 793 1100 847 τὰ
1126 795 1264 868 πρὸς
1284 796 1382 867 τὴν
1411 798 1602 869 χρείαν
1640 799 1859 873 δοθῆναι
1888 803 2092 868 αὐτοῖς,

508 883 606 937 καὶ
651 886 821 940 οίκεῖν
857 886 1266 960 ἀδιαστρόφως·
1313 893 1485 949 ταῦτα
1537 898 1632 952 καὶ
1678 899 1778 971 τῆς
1823 899 2094 971 βασιλίδος

507 980 723 1052 παραθε
731 981 922 1053 μένης.

578 1074 685 1147 κβ’.
726 1077 1002 1144 Ἀκυλῖνος
1046 1080 1104 1135 δέ
1142 1084 1395 1157 κυέστωρ
1440 1088 1577 1159 πρὸς
1609 1090 1863 1163 Ἰωάννην
1894 1087 2048 1146 εἶπεν
2072 1107 2085 1121 ·

515 1191 533 1221 ι
557 1172 673 1226 Οὑκ
700 1172 938 1242 ἤκουσας
957 1177 1150 1232 τούτου
1178 1183 1590 1254 κηρυσσομένου
1607 1224 1622 1249 ,
1658 1187 1767 1241 Τόν
1798 1188 1947 1242 Θεὸν
1980 1206 2088 1258 φο-

508 1266 728 1334 ϐεῖσθε,
756 1269 866 1325 τὸν
891 1271 1158 1336 ,βασιλέα
1182 1275 1421 1345 τιμᾶτε;
1452 1279 1549 1343 Τίς
1576 1275 1668 1334 οὖν
1693 1283 1726 1352 ὴ
1747 1283 1895 1336 αίτία
1933 1283 1999 1337 δι’
2023 1283 2089 1354 ἢν

505 1361 680 1427 οὕτως
705 1365 1033 1438 κατεπαίρου
1089 1369 1189 1438 τῆς
1215 1368 1505 1443 θεόφρονος
1533 1375 1880 1448 Δὺγούστης;
1917 1396 1936 1430 ι
1979 1379 2089 1432 Kal

504 1459 812 1531 ἀνέστησαν
844 1462 893 1515 οί
922 1462 1049 1535 περὶ
1093 1464 1419 1537 Σευηριανὸν
1449 1469 1566 1541 ἅμα
1604 1475 1719 1537 τοῖς
1757 1471 1938 1536 ἄλλοις
1960 1474 2089 1543 κρά-

503 1553 722 1619 ιῖοντες⁸
766 1579 785 1612 ι
809 1558 920 1633 Τῆς
945 1558 1261 1631 Αὑτιιύστης
1311 1562 1482 1620 πολλά
1537 1567 1605 1621 τά
1652 1568 1773 1638 ἐτη,
1834 1570 1929 1624 καὶ
1974 1569 2087 1624 τῶν

505 1651 717 1723 ἐχθρῶν
766 1652 937 1725 αὑτῆς
979 1657 1046 1727 τῇ
1081 1657 1430 1730 Προκονήσῳ.
1462 1680 1480 1712 ι
1518 1650 1790 1723 Ἀκυλῖνος
1811 1663 1929 1734 ἅμα
1968 1668 2086 1727 τοῖς

502 1745 710 1813 λοιποῖς
750 1743 933 1811 εἶπεν·
958 1770 976 1802 ι
1000 1752 1210 1822 Πρέπει
1239 1754 1367 1825 ὑμῖν
1399 1755 1496 1828 τὴν
1519 1757 1818 1830 ἱερωσύνην
1845 1759 2084 1816 ἀπείπα-

506 1846 652 1915 σθαι,
683 1850 778 1902 καὶ
804 1851 1175 1921 ἀποθεμένους
1197 1854 1265 1907 τά
1297 1856 1568 1927 ἱερατικά,
1593 1857 1865 1929 δημοτικά
1891 1860 2083 1915 ἀναλα-

504 1948 640 2016 6εῖν,
665 1951 761 2004 καὶ
792 1949 1114 2022 δημοτικαίς
1159 1954 1461 2024 κεχρῆσθαι
1510 1960 1750 2026 φωναῖς;
1788 1978 1807 2010 θ
1843 1962 1938 2014 καὶ
1974 1963 2082 2016 οὐδ’

502 2047 672 2113 οὕτως
698 2050 799 2103 οὑκ
828 2049 1112 2110 ἐπαύοντο.
1174 2053 1233 2105 Ὁ
1272 2053 1329 2107 δὲ
1367 2054 1626 2126 Θεόφιλος
1670 2055 1854 2113 εἶπεν·
1906 2082 1925 2113 ι
1961 2062 2082 2120 Τῶν

500 2152 677 2207 ποδῶν
701 2152 857 2225 ὑμῶν
898 2154 1109 2226 δέομαι,
1157 2155 1275 2222 πῶς
1305 2150 1459 2224 οὗτος
1486 2160 1736 2216 καθεῖλέν
1767 2183 1856 2235 με,
1888 2164 2139 2237 μαθείνκ

500 2253 664 2309 θέλω·
705 2252 799 2311 καὶ
847 2255 975 2318 τοὺς
1016 2254 1244 2329 ἐχθρούς
1280 2275 1381 2330 μου
1426 2262 1737 2331 αίρετικοὺς
1772 2264 1933 2331 ὄντας
1964 2269 2083 2333 πῶς

497 2360 946 2432 ἐχειροτόνησενς
984 2380 1005 2413 ι
1051 2364 1111 2416 '0
1157 2364 1407 2438 κυέστωρ
1451 2367 1554 2440 ἐφη
1579 2385 1595 2402 ο
1628 2389 1647 2423 ι
1683 2371 1795 2443 οὐχ
1835 2365 1988 2438 οὗτός
2020 2392 2080 2428 σε

498 2456 766 2523 καθεῖλεν,
802 2459 917 2515 ἀλλ’
964 2463 1320 2534 όΚορυφαῖος
1355 2465 1466 2520 τῶν
1494 2468 1810 2525 ἀποστόλων
1857 2471 1975 2542 ἅμα
1999 2474 2080 2546 τῷ

499 2559 723 2631 μεγάλῳ
768 2562 1132 2632 Ἰννοκεντίῳο
1177 2565 1308 2636 περὶ
1337 2565 1395 2620 δὲ
1419 2566 1527 2621 τῶν
1570 2571 2077 2643 χειροτονηθέντων,

494 2661 550 2713 τί
581 2660 1055 2734 φιλεγκλημονείς,
1096 2666 1258 2731 αὐτὸς
1291 2670 1356 2722 σὺ
1393 2668 1555 2724 πάθει
1595 2672 1928 2744 κατηγορίας
1966 2675 2081 2745 ἐχό-

498 2777 694 2835 μενοςς
732 2781 751 2813 ι
782 2765 893 2817 Kal
922 2765 1083 2820 πάλιν
1122 2766 1379 2839 φοϐηθεὶς
1418 2770 1692 2843 ἐφιμώθη.
1725 2768 1860 2828 Εἶτα
1892 2775 2080 2845 λέγου-

390 2928 396 2932 α
495 2880 551 2921 σι
600 2863 680 2935 τῷ
704 2863 775 2937 (1⁵.
806 2864 870 2920 74
895 2867 958 2935 a)
1002 2868 1254 2941 Ἰωάννῃ·
1299 2890 1316 2922 ι
1352 2872 1629 2944 Προσήκει
1655 2891 1716 2928 σε
1747 2878 1863 2940 τοῖς
1883 2880 2079 2947 ἐπαγο-

496 2966 681 3036 μένοις
727 2984 811 3023 σοι
833 2970 1278 3042 ἀπολογήσασθαι
1314 2975 1406 3027 καὶ
1440 2974 1632 3043 δεῖξαι,
1660 2979 1805 3042 τίνος
1835 2980 1994 3053 χάριν
2016 2985 2074 3037 αί

491 3068 751 3126 τοσαῦται
773 3072 926 3144 παρά
955 3070 1051 3125 σοῦ
1074 3071 1376 3144 δυσφημίαι
1400 3076 1539 3130 κατά
1559 3077 1660 3148 τῆς
1681 3079 2076 3155 εὑκλεεστάτης

493 3166 764 3240 βασιλίδος
811 3171 1242 3245 περιηχήθησαν.
1295 3191 1314 3226 ι
1373 3175 1432 3228 '0
1471 3175 1529 3229 δὲ
1578 3176 1832 3252 Ἰωάννης
1881 3177 2034 3236 εἶπεν
2056 3199 2069 3213 ·

494 3288 514 3319 ι
542 3269 607 3324 Et
648 3270 748 3340 μὲν
775 3273 858 3335 εἰς
879 3272 972 3328 τὸν
1000 3273 1280 3345 Δεσπότην
1305 3292 1408 3346 μου
1433 3276 1669 3347 Χριστὸν
1687 3279 2067 3354 ἐδυσφήμησα,

488 3368 683 3424 ἐαυτὸν
710 3370 915 3427 ἐκδικεϊ
938 3386 951 3401 ·
984 3374 1034 3428 εί
1055 3372 1112 3431 δὲ
1152 3375 1280 3448 περὶ
1321 3375 1609 3448 ἀνθρώπου
1634 3379 1800 3446 ἐστὶν,
1835 3382 2072 3452 μάλιστα

486 3467 543 3527 δὲ
597 3469 691 3523 καὶ
739 3471 867 3541 περὶ
919 3474 1197 3539 γυναικὸς,
1234 3474 1346 3543 ἐγὼ
1400 3477 1530 3548 περὶ
1579 3477 1771 3532 τούτου
1802 3481 1960 3550 λόγον
2005 3485 2068 3537 οὐ

487 3567 768 3639 ποιοῦμαι.
801 3588 820 3622 ι
847 3571 959 3625 Kal
1000 3573 1241 3638 ἀναστὰς
1284 3575 1510 3648 ἐξῆλθεν
1533 3578 1934 3652 ἀναπολόγητος
1966 3582 2065 3654 (α).

486 3666 763 3733 Ἀκυλϊνος
792 3670 1043 3743 κυέστωρ
1067 3671 1215 3741 λέγει
1241 3691 1254 3705 ·
1274 3731 1292 3744 ο
1314 3694 1333 3727 ι
1373 3676 1519 3742 Ἐγὼ
1560 3679 1792 3745 κανόνας
1829 3682 1930 3736 οὐκ
1975 3684 2070 3739 ἀν-

483 3769 677 3836 έγνωνδ
697 3770 857 3842 ὑμεῖς
880 3770 1078 3837 οἴδατε,
1108 3773 1159 3825 τί
1180 3774 1422 3844 ὀφείλετε
1480 3780 1560 3843 είς
1591 3780 1753 3834 αὑτὸν
1786 3784 2008 3854 πρᾶξαι.
2043 3804 2061 3837 ι

482 3869 593 3922 Kal
622 3869 783 3935 εὐθὺς
805 3872 1136 3938 ἀναστάντες
1166 3873 1406 3946 ἐξῆλθον.

552 3976 657 4038 κγ’.
692 3969 804 4026 Kal
834 3972 1321 4030 συνεϐουλεύσαντο
1340 3977 1389 4030 οἱ
1416 3978 1543 4051 περὶ
1569 3977 1827 4048 Θεόφιλον
1856 3982 1949 4036 καὶ
1972 3985 2067 4037 τύ-

481 4088 654 4126 πωσιν
703 4071 775 4144 (ὁ)
820 4073 897 4138 ὡς
948 4076 1013 4129 ἐκ
1047 4076 1258 4131 πολλῶν
1306 4079 1625 4132 ἐπισκόπων
1666 4084 2060 4155 γεγενημένην,

478 4174 573 4226 καὶ
601 4171 815 4226 δίδωσιν
844 4174 1014 4246 αὐτὴν
1034 4176 1113 4246 τῷ
1141 4176 1367 4246 βασιλεῖ.
1412 4177 1472 4230 '0
1500 4178 1557 4231 δὲ
1587 4178 1650 4231 τὸ
1675 4183 1848 4251 κρῖμα
1877 4183 2063 4249 αὑτοῖς

477 4272 769 4344 ἐπιρρίψας
800 4269 971 4327 εἶπεν·
1016 4295 1034 4326 ι
1072 4274 1164 4346 Τῷ
1194 4277 1419 4348 κρίματι
1449 4277 1624 4348 ὑμῶν,
1656 4279 1731 4343 ὡς
1765 4283 2057 4340 συνοίδατεο

476 4375 635 4444 ὑμεῖς
657 4373 874 4446 ὀψεσθε.
911 4394 931 4428 ι
968 4377 1078 4431 Kal
1106 4376 1325 4450 δηλοῦσι
1352 4377 1431 4451 τῷ
1479 4379 1701 4454 Ἰωάννῃ
1728 4382 1818 4436 διὰ
1844 4385 2063 4455 Μαρια-

472 4473 565 4531 νοῦ
596 4472 689 4532 τοῦ
714 4474 1026 4548 μειζοτέρου
1056 4478 1157 4548 τῆς
1184 4477 1505 4551 βασιλίσσης
1533 4480 1627 4533 καὶ
1653 4481 1931 4555 κληρικῶν
1954 4486 2062 4540 τῶν

470 4578 603 4647 παρ’
649 4576 814 4637 αὑτοῦ
876 4577 1275 4651 ἐκϐληθέντων,
1334 4579 1429 4634 τοῦ
1466 4580 1703 4646 ἐξελθεῖν
1733 4584 1833 4655 τῆς
1862 4584 2062 4658 ἐκκλη-

471 4678 613 4741 σίας.
663 4677 719 4733 '0
739 4679 796 4736 δὲ
816 4679 1091 4750 ἀντιδηλοῖ
1114 4682 1297 4745 αὑτοῖς
1330 4681 1524 4735 ταῦτα’
1559 4703 1577 4734 ι
1619 4683 1761 4752 Ἐγὼ
1790 4683 1944 4756 παρὰ
1964 4686 2059 4740 τοῦ

471 4780 724 4851 θυτῆρος
765 4780 1004 4853 Χριστοῦ
1038 4782 1390 4851 ἐπιδέδεγμαι
1427 4783 1526 4853 τὴν
1572 4783 1922 4856 Ἐκκλησίαν,
1958 4786 2054 4841 καὶ

469 4881 569 4934 οὑκ
601 4879 898 4952 ἐξέρχομαι
934 4880 1174 4950 ἐμαυτοῦ
1203 4882 1305 4947 (c),
1342 4881 1439 4935 ἐὰν
1472 4883 1546 4955 μὴ
1575 4883 1667 4954 βίᾳ
1692 4902 1758 4955 με
1790 4885 2054 4957 ἐξώσητε,

469 4985 555 5036 ἵνα
584 4982 693 5051 έχω
725 4982 1019 5051 ἀπολογίαν
1045 4984 1244 5048 πᾶσαν,
1282 4985 1364 5038 ὅτι
1392 4985 1571 5055 ἥνπερ
1600 4989 1630 5039 ό
1668 4986 1800 5052 θεὸς
1828 4991 2058 5045 κατεπί-

468 5097 714 5148 στευσεν,
748 5084 885 5153 γυνή
928 5102 995 5154 με
1041 5083 1244 5154 ταύτης
1278 5084 1591 5155 ἐστέρησεν.
1629 5105 1648 5137 ι
1694 5087 1827 5141 Τότε
1866 5092 1894 5144 0
1934 5092 2056 5146 Ma-

466 5181 651 5259 ριανὸς
679 5180 770 5257 βία
802 5182 1034 5247 ἑλκύσας
1061 5182 1225 5238 αὑτὸν
1258 5182 1532 5255 ἐξέϐαλεν·
1571 5186 1733 5253 εὐθὺς
1775 5189 1833 5243 δὲ
1870 5209 2054 5268 χειρο-

534 5438 614 5504 (α)
645 5436 1080 5513 Cur_Eudox_lam
1100 5434 1331 5513 _pu_bli§._e
1360 5434 1556 5504 (tacito
1585 5444 1767 5492 tamen
1798 5439 2047 5513 nomine)

463 5523 574 5565 non
604 5508 779 5589 gemel
809 5504 1229 5589 reprqhenderit
1251 5504 1694 5589 Chry§os10mus,
1732 5519 1959 5589 apparo}
1985 5504 2051 5566 ei

459 5579 676 5649 cognita
719 5577 1195 5660 ranagigsignaeoac
1238 5577 2050 5660 super-haureginzoj'ita..lxpo

459 5643 704 5715 ejusdem
742 5643 811 5703 aa
843 5647 1207 5719 Epiphanium
1234 5643 1536 5719 _re§ponsio
1575 5643 1630 5703 ἐι
1661 5647 1857 5719 mina}.
1908 5649 2047 5705 infra

463 5719 769 5782 recitandae.
823 5716 961 5774 δεῖξέ
1002 5717 1165 5774 etiam
1232 5716 1591 5789 irreligiosum
1641 5718 2040 5775 demonstrant.

1690 301 2039 362 THEODOBI
2078 283 2611 370 TRIMITHUNTINI

3618 339 3794 383 ιιιτι

2199 427 2442 483 τονοῦσιν
2470 431 2587 484 ἀντ’
2619 429 2785 485 αὐτοῦ
2824 432 2916 487 τὸν
2956 434 3243 508 ’Δρσάκιον
3275 436 3374 510 (d).
3403 438 3513 494 Kal
3540 440 3601 495 οὑ
3644 442 3792 512 μετά

2199 528 2333 583 πολὺ
2361 529 2451 584 διὰ
2491 532 2553 585 τὸ
2590 533 2999 607 άνοσιούρτημα
3035 537 3096 591 τὸ
3134 538 3330 603 ἀδίκως
3355 540 3599 612 πραχθὲν
3638 543 3791 598 κατὰ

2196 629 2290 683 τοῦ
2319 626 2550 697 δικαίου,
2587 633 2701 706 πῦρ
2746 637 2811 689 ἐκ
2850 636 2946 689 τοῦ
2974 637 3206 709 οὐρανοῦ
3235 638 3401 694 πεσὸν
3442 641 3789 697 κατέκαυσεν

2195 729 2294 799 τὴν
2322 730 2617 801 ἐκκλησίαν
2645 731 2775 787 ἔνθα
2807 734 3106 806 κατέμενεν
3131 739 3159 790 0
3182 738 3475 803 ἐπίσκοπος
3502 740 3783 813 Ἰωάννης

2195 831 2289 882 καὶ
2334 830 2630 903 διαδραμὸν
2671 833 2731 887 τὸ
2768 834 2881 905 πῦρ
2920 835 3149 901 πολλοὺς
3188 839 3387 904 τόπους
3432 841 3780 914 ἐνεπύρισεν.

2192 932 2304 987 Kal
2339 932 2500 998 εὐθὺς
2535 938 2568 1006 ἠ
2617 936 2771 1001 πόλις
2809 937 2902 991 τὸν
2948 939 3235 1011 Ἀρσάκιον
3269 940 3510 1007 ἐδίωξεν,
3552 943 3646 996 καὶ
3682 943 3782 997 τδν

2205 1032 2457 1106 Ἰωάννην
2489 1035 2721 1103 εἰσάγει,
2762 1035 3051 1102 νεύσαντος
3075 1039 3170 1092 τοῦ
3207 1039 3488 1111 βασιλέως.
3525 1043 3637 1096 Kal
3666 1044 3778 1097 πάσ-

2190 1130 2275 1185 λιν
2310 1132 2663 1204 συναχθέντες
2694 1136 2744 1188 οἱ
2774 1139 2903 1208 περὶ⁹
2937 1137 3194 1208 Θεόφιλον
3225 1139 3659 1198 ἐνδιαϐάλλωσιν
3680 1142 3777 1198 τὸν

2204 1232 2456 1305 Ἰωάννην
2497 1235 2768 1305 λέγοντες·
2805 1257 2824 1290 ι
2862 1238 3112 1306 Βασιλεῦ,
3139 1240 3300 1310 ἡμεῖς
3332 1241 3516 1312 κρίσιν
3551 1245 3778 1315 ἀπεφη-

2189 1333 2420 1403 νάμεθα,
2454 1335 2547 1389 καὶ
2570 1336 2777 1406 όφείλει
2803 1339 2976 1402 οὑτως
3002 1339 3275 1409 γενέσθαι’
3306 1342 3407 1411 τήν
3436 1341 3544 1412 γὰρ
3565 1343 3776 1414 ἐκκλη-

2190 1432 2311 1487 σίαν
2339 1433 2479 1504 μετά
2507 1435 2828 1508 καθαίρεσιν
2850 1439 3011 1503 αὑτὸς
3044 1440 3383 1510 ἐνεπύρισεν.
3422 1458 3441 1491 ι
3480 1442 3591 1494 Kal
3624 1458 3772 1514 παρε

2187 1532 2396 1598 ὡξυναν
2414 1536 2505 1588 τὸν
2533 1536 2778 1607 βασιλέα,
2810 1538 2906 1592 καὶ
2930 1538 3065 1594 ἀλλα
3099 1540 3268 1594 πολλὰ
3295 1542 3772 1616 καταλαλήσαντες

2186 1634 2328 1689 κατά
2377 1636 2470 1690 τοῦ
2521 1637 2788 1694 Ἰωάννου.
2850 1641 2908 1694 '0
2952 1640 3008 1694 δὲ
3052 1641 3303 1713 βασιλεὺς
3351 1643 3517 1713 λέγει’
3554 1662 3574 1695 ι
3622 1642 3771 1712 Ἐγὼ

2184 1733 2359 1798 άθῶός
2392 1737 2505 1807 εἰμι
2526 1736 2620 1790 τοῦ
2649 1738 2914 1810 κρίματος
2942 1740 3152 1794 τούτου·
3181 1743 3337 1814 ὑμεῖς
3359 1742 3577 1813 ὄψεσθε,
3610 1743 3770 1814 ὑμῶν

2184 1834 2330 1888 ἐστιν
2358 1835 2421 1889 τὸ
2449 1839 2642 1907 κρῖμα’
2679 1841 2707 1893 0
2756 1839 2889 1903 Θεὸς
2931 1841 2994 1894 τὸ
3046 1843 3221 1914 κρῖμα
3262 1841 3428 1896 αὑτοῦ
3470 1841 3631 1896 δώσει
3684 1845 3768 1908 είς

2181 1933 2281 1998 τὰς
2302 1937 2543 2007 κεφαλὰς
2573 1939 2747 2009 ὑμῶν.
2779 1959 2799 1994 ι
2829 1943 2940 1996 Kal
2960 1942 3110 2014 δηλοῖ
3135 1945 3163 1996 0
3193 1924 3445 2015 βασιλεὺς
3468 1945 3561 2019 τῷ,
3589 1946 3770 2000 Ἰωάν-

2181 2051 2246 2107 νῃ
2282 2037 2475 2091 ταῦτα’
2521 2057 2541 2091 ι
2590 2039 2650 2093 ὐ
2675 2041 2834 2112 χορὸς
2859 2041 2967 2096 τῶν
2995 2041 3304 2114 λεγομένων
3335 2045 3523 2117 ἱερέων
3548 2043 3609 2097 τὸ
3636 2044 3769 2118 περὶ

2185 2136 2244 2190 σὲ
2279 2139 2454 2209 κρῖμα
2493 2141 2559 2210 τῇ
2597 2141 2806 2197 ἑαυτῶν
2845 2142 3055 2216 κεφαλῇ
3096 2145 3496 2201 ἐπεσπάσαντου
3519 2143 3591 2201 τὰ
3617 2146 3767 2199 κατά

2182 2240 2406 2295 σεαυτὸν
2440 2235 2535 2296 οὖν
2572 2242 2652 2315 τῷ
2688 2242 2806 2316 Θεῷ
2839 2245 3188 2318 ἀναθέμενος,
3227 2246 3499 2321 ὑποχώρει
3536 2249 3638 2321 τῆς
3670 2251 3765 2305 ἐκ-

2179 2338 2280 2413 κλη
2289 2341 2429 2408 σίας.
2457 2362 2479 2396 ι

2251 2443 2347 2500 κδ’.
2381 2441 2487 2500 Ἦν
2526 2447 2582 2501 δὲ
2625 2449 2684 2501 ἐν
2730 2450 2922 2514 αὑταῖς
2955 2453 3075 2516 ταῖς
3109 2452 3346 2525 ἡμέραις
3391 2452 3484 2507 καὶ
3520 2454 3549 2506 0
3583 2452 3761 2524 μέγας

2192 2546 2505 2620 Ἐπιφάνιος
2531 2553 2560 2605 0
2584 2552 2883 2618 ἐπίσκοπος
2906 2556 3289 2620 Κωνσταντίας
3318 2556 3415 2628 τῆς
3442 2556 3669 2628 Κύπρου
3700 2559 3761 2610 ἐν

2176 2647 2588 2704 Κωνσταντίνου
2616 2652 2786 2706 πόλει.
2803 2653 3096 2708 Καλέσασα
3130 2655 3290 2709 αὑτὸν
3317 2653 3565 2722 Εὑδοξία,
3604 2656 3758 2726 λέγει

2175 2749 2343 2820 αὑτῷ·
2387 2770 2405 2802 ι
2441 2752 2622 2822 Πάτερ
2671 2753 2843 2824 τίμιε,
2884 2757 2914 2809 0
2965 2756 3217 2827 Ἰωάννης
3266 2756 3543 2828 αίρετικός
3583 2759 3756 2827 ἐστιν,

2175 2849 2269 2901 καὶ
2319 2850 2520 2914 πάντες
2572 2851 2981 2925 ὑπογράφουσιν
3031 2856 3113 2920 εἰς
3163 2856 3263 2928 τὴν
3308 2857 3522 2927 ἐξορίαν
3561 2858 3750 2912 αὑτοῦ·

2173 2948 2286 3002 ἀλλ’
2327 2951 2641 3023 ὑπόγραψον
2673 2955 2767 3007 καὶ
2797 2954 2885 3008 σύ.
2922 2973 2941 3007 ο
2990 2955 3050 3009 '0
3087 2958 3145 3010 δὲ
3169 2956 3299 3029 ἐφηο
3338 2978 3357 3010 ι
3394 2958 3460 3011 El
3499 2959 3756 3032 Ἰωάννης

2170 3051 2447 3120 αἱρετικός
2480 3055 2649 3118 ἐστιν,
2681 3051 2830 3118 ἄξιός
2878 3056 3024 3107 ἐστιν
3077 3055 3310 3127 ἐξορίας·
3366 3058 3415 3110 εί
3451 3057 3511 3111 δὲ
3562 3059 3637 3130 μή
3664 3076 3748 3128 γε,

2171 3148 2306 3203 ἀλλά
2334 3150 2422 3204 διά
2454 3150 2610 3223 ῦσριν
2637 3152 2734 3224 τῆς
2769 3154 2867 3224 σῆς
2907 3153 3158 3218 εὐκλείας
3193 3157 3226 3225 ἡ
3259 3153 3464 3227 ἐξορία,
3507 3159 3750 3228 συγγνώ·

2174 3266 2282 3321 μης
2308 3251 2486 3323 χρεία,
2515 3254 2590 3317 ὡς
2618 3255 2711 3307 καὶ
2740 3246 2897 3325 ὑμεῖς
2923 3255 3327 3327 ἁμαρτάνοντες
3363 3260 3445 3323 είς
3474 3261 3567 3314 τὸν
3591 3261 3749 3314 ἐπου-

2174 3352 2355 3421 ράνιον
2387 3351 2629 3422 βασιλέα.
2668 3372 2689 3405 ι
2736 3354 2799 3408 Ἦ
2840 3355 2897 3409 δὲ
2934 3354 3060 3426 ἔφη’
3097 3374 3117 3408 ι
3161 3355 3287 3412 Ἐἀν
3319 3357 3394 3430 μὴ
3429 3359 3748 3433 ὑπακούσῃς

2173 3468 2298 3521 μου,
2328 3454 2421 3506 καὶ
2449 3453 2790 3527 ὑπογράψῃς,
2831 3455 3014 3521 καθὼς
3037 3458 3131 3512 καὶ
3157 3460 3205 3511 οἱ
3236 3458 3435 3525 λοιποὶ,
3462 3460 3625 3515 κλείω
3645 3462 3745 3527 τὰς

2169 3557 2483 3629 ἐκκλησίας,
2516 3558 2611 3613 καὶ
2640 3559 2839 3629 ἀνοίγω
2877 3563 3002 3626 τοὺς
3045 3564 3207 3628 ναοὺς
3244 3565 3351 3618 τῶν
3383 3566 3641 3634 εἰδώλων,
3677 3568 3744 3621 ἵν’

2168 3660 2284 3712 ἐκεῖ
2314 3660 2761 3732 προσκυνήσωσιν
2785 3660 3003 3726 πάντες.
3043 3682 3062 3715 ι
3102 3666 3158 3718 '0
3189 3666 3244 3719 δὲ
3273 3665 3396 3737 ἔφη·
3435 3687 3454 3719 ι
3496 3667 3565 3722 El
3582 3687 3634 3723 τι
3663 3666 3741 3723 οἶ-

2166 3759 2262 3824 δας
2300 3761 2576 3832 συμφέρον
2620 3761 2720 3831 τῆς
2753 3763 2931 3834 ψυχῆς
2966 3780 3084 3831 σου,
3129 3767 3376 3838 ποίησον·
3424 3770 3473 3822 εί
3505 3769 3614 3842 γάρ
3651 3758 3743 3824 καὶ

2113 3865 2123 3873 ‘
2167 3862 2367 3928 πάντες
2421 3865 2764 3936 ὑπέγραψαν,
2825 3867 3138 3938 Ἐπιφάνιος
3196 3872 3294 3942 οὐχ
3353 3873 3680 3944 ὑπογράφει.
3716 3893 3735 3926 ο

2164 3963 2275 4016 Kal
2303 3964 2645 4035 ἀπήγγειλαν
2691 3965 2772 4036 τῷ
2813 3967 3035 4040 Ἰωάννῃ
3060 3970 3141 4023 ὅτι
3169 3974 3263 4025 καὶ
3300 3973 3613 4044 Ἐπιφάνιος
3641 3974 3743 4027 ὑπ-

2165 4062 2423 4134 έγραψεν.
2455 4065 2567 4119 Kal
2597 4066 2748 4137 δηλοῖ
2771 4066 2850 4137 τῷ
2887 4068 3186 4141 Ἐπιφανίῳ
3216 4069 3407 4135 οὕτως·
3434 4090 3454 4125 ι
3510 4075 3741 4143 Ἐπιφά-

2165 4183 2266 4232 νιε,
2295 4169 2390 4221 καὶ
2419 4170 2485 4223 σὺ
2504 4173 2584 4234 είς
2611 4170 2709 4242 τὴν
2729 4170 2945 4243 ἐξορίαν
2971 4190 3072 4244 μου
3105 4174 3464 4246 ὑπέγραψας;
3497 4177 3740 4234 Γίνωσκε

2161 4271 2244 4325 ὅτι
2286 4273 2347 4326 οὑ
2389 4275 2464 4344 μὴ
2506 4273 2735 4347 καθίσῃς
2784 4276 2866 4330 ἐτι
2909 4280 2989 4342 είς
3023 4279 3117 4334 τὸν
3150 4279 3338 4351 θρόνον
3373 4299 3486 4339 σου.
3526 4303 3546 4338 ι
3585 4287 3647 4341 '0
3683 4287 3740 4343 δὲ

2163 4375 2436 4445 ἀντιδηλοϊ
2462 4377 2611 4448 αὐτῷ
2647 4379 2839 4445 οὕτως*
2879 4403 2897 4433 ι
2946 4381 3176 4454 Ἀθλητά
3220 4385 3315 4440 τοῦ
3345 4387 3581 4459 Χριστοῦ
3628 4390 3739 4444 Ἰω-

2161 4479 2316 4549 άννη,
2348 4479 2505 4550 δέρον
2536 4484 2630 4536 καὶ
2655 4484 2799 4538 νίκα·
2840 4486 2931 4540 τὸν
2968 4487 3074 4560 γὰρ
3109 4489 3272 4545 τόπον
3307 4493 3367 4547 ἐν
3399 4485 3445 4562 ᾧ
3473 4494 3740 4566 προσέτα-

2164 4584 2258 4650 ξάν
2326 4603 2408 4639 σοι
2471 4589 2570 4659 τῆς
2606 4587 2820 4660 ἐξορίας
2865 4593 2925 4645 οὑ
2976 4594 3052 4665 μὴ
3107 4595 3339 4669 φθάσῃς.
3374 4617 3393 4652 ι
3428 4599 3631 4666 Καθὼς
3678 4603 3736 4656 δὲ

2161 4690 2376 4762 εἴρηται
2434 4693 2586 4764 παρά
2651 4693 2761 4748 τῶν
2828 4698 3173 4772 ἀμφοτέρων,
3216 4703 3386 4768 οὕτως
3450 4709 3544 4762 καὶ
3607 4708 3733 4776 ἐγέ-

2160 4809 2303 4849 νετο.

2231 4902 2326 4950 κε’.
2358 4897 2490 4952 Τότε
2517 4899 2547 4950 0
2580 4900 2833 4972 Ἰωάννης
2864 4905 3267 4978 συνταξάμενος
3292 4912 3403 4974 τοῖς
3430 4912 3734 4984 ἀγαπητοῐς

2158 4994 2323 5049 αὑτοῦ
2361 4999 2525 5052 πᾶσιν
2562 5001 2881 5067 ἐπισκόποις
2919 5021 2979 5057 τε
3009 5006 3102 5059 καὶ
3128 5007 3189 5078 (ι’.
3227 5009 3295 5063 74
3325 5012 3401 5082 υ.)
3436 5013 3737 5082 πρεσϐυτέ-

2161 5114 2273 5169 ροις
2297 5098 2413 5168 ἅμα
2433 5098 2698 5167 διακόνοις
2720 5106 2816 5159 καὶ
2839 5107 3183 5177 μονάζουσιν,
3214 5115 3442 5179 καὶτοῖς
3464 5114 3733 5182 διακόνοις

2153 5200 2253 5274 τῆς
2278 5201 2591 5273 ἐκκλησίας,
2630 5207 2725 5262 καὶ
2754 5210 3140 5282 παρακαλέσας
3178 5214 3386 5279 πάντας
3436 5220 3502 5290 τῇ
3544 5218 3729 5292 διδαχῇ

2153 5439 2317 5528 Iun)"
2345 5442 2401 5496 in
2439 5442 2652 5528 Georgii
2684 5455 2740 5501 et
2789 5447 3167 5528 ῃαιέρίπαειφ
3208 5454 3544 5528 b_iographiis
3583 5457 3729 5528 apud

2151 5509 2415 5588 §avilium
2449 5523 2489 5569 ι.
2519 5509 2659 5588 vm,
2689 5532 2783 5588 pp.
2814 5509 3017 5576 205'“
3052 5523 3178 5586 404,
3220 5509 3729 5588 δείξεηᾶίῖἳῇεὲτᾶ

2150 5578 2574 5657 Chryjsoslomus
2616 5578 2936 5657 ab'objecla
2958 5592 3060 5645 sibi
3111 5578 3728 5652 adve'iédéiiuﬁaiiaﬁ

2152 5654 2456 5725 παρρησία.
2488 5654 2852 5720 Quamobrem
2899 5660 2955 5712 in
2987 5661 3087 5717 hac
3134 5663 3434 5721 latrocinali
3476 5666 3726 5721 inimico-

2149 5738 2268 5777 rum
2301 5740 2521 5780 suorum
2549 5729 2752 5796 synodo
2783 5729 3049 5786 silendum
3092 5733 3193 5788 sibi
3220 5735 3401 5805 potius
3436 5736 3721 5805 judicavit,
