4038 6154
245 321 436 366 LXXVII
507 337 550 362 α

246 425 624 489 Miseruntque
643 431 738 472 eos
750 418 820 474 ad
841 417 1244 485 imperatorem,
1269 415 1410 470 facta
1437 413 1515 468 rei
1535 411 1830 468 relatione:

247 527 346 598 qui
385 525 519 581 boni
561 522 883 584 consulens,
931 518 1354 588 seandalumque
1391 517 1502 588 jam
1540 516 1830 581 omittens,

253 633 404 690 dona
435 631 501 685 iis
527 629 765 683 tribuere
787 625 977 691 voluit,
1013 639 1134 694 qua:
1169 639 1280 679 non
1305 623 1664 678 admiserunt.
1695 620 1838 676 Scri-

253 734 366 807 psit
396 734 618 802 insuper
636 728 852 801 [Egypti
881 727 1160 799 praefecto,
1192 733 1254 781 ut
1280 727 1494 781 illorum
1523 725 1687 780 cellas
1711 726 1836 780 aedi-

253 837 458 900 ﬁcaret,
489 834 800 901 necessaria
827 829 1220 901 suppeditaret,
1254 837 1310 884 et
1333 837 1395 883 ut
1414 828 1584 898 quieti
1617 828 1835 884 habita-

252 949 394 996 rent.
425 939 574 994 Idem
603 937 845 1008 Augusta
873 950 1090 1006 quoque
1119 934 1416 990 mandavit.

317 1041 412 1096 22.
445 1038 585 1094 Tum
614 1038 902 1108 Aquilinus
933 1045 1171 1107 quaestor
1207 1035 1402 1090 Joanni
1430 1035 1606 1091 dixit:
1661 1053 1682 1086 ι
1715 1033 1840 1088 Non

248 1145 452 1202 audisti
484 1145 588 1199 hoc
605 1142 888 1212 praedicari
918 1159 931 1195 :
955 1141 1124 1195 Deum
1153 1141 1347 1206 timete,
1386 1156 1559 1211 regem
1585 1140 1840 1194 honorate

251 1249 304 1319 (Ι
329 1249 477 1304 Petr.
508 1249 563 1302 2.
597 1246 686 1317 I7)
707 1247 730 1299 τ
751 1245 1012 1310 Quaenam
1043 1244 1208 1316 igitur
1235 1251 1289 1298 te
1320 1258 1483 1312 causa
1516 1242 1750 1314 impulit,
1777 1248 1836 1295 ut

248 1355 308 1409 in
342 1353 652 1425 religiosam
706 1351 1002 1421 Augustam
1049 1356 1332 1419 tantopere
1388 1347 1766 1402 invehereris?
1808 1365 1827 1399 ›

249 1457 412 1512 Tunc
459 1461 746 1526 surgentes
777 1452 1105 1508 Severianus
1151 1452 1350 1521 aliique
1403 1449 1775 1506 clamaverunt
1816 1468 1828 1504 :

256 1584 274 1614 ι
286 1563 547 1634 Augustae
558 1561 759 1616 multos
770 1574 963 1626 annos,
977 1568 1032 1613 et
1043 1560 1281 1614 inimicis
1293 1560 1411 1629 ejus
1421 1558 1766 1613 Proconesus
1781 1559 1794 1611 l
1811 1575 1829 1607 ι

248 1665 542 1736 Aquilinus
567 1677 693 1719 cum
727 1663 937 1718 caeteris
966 1660 1101 1718 dixit
1133 1678 1147 1716 :
1184 1681 1201 1713 ι
1235 1659 1472 1716 Decetne
1494 1675 1609 1726 vos,
1635 1658 1838 1714 omisso

249 1786 410 1827 more
435 1767 772 1834 sacerdotali,
804 1767 999 1822 laicum
1043 1780 1342 1831 assumere,
1380 1771 1437 1820 et
1472 1762 1626 1819 laicis
1660 1763 1838 1818 excla-

247 1874 596 1933 mationibus
631 1870 744 1926 uti?
779 1889 800 1922 ι
845 1869 1052 1924 Tamen
1093 1883 1165 1923 ne
1198 1868 1279 1923 sic
1319 1866 1540 1937 quidem
1587 1867 1838 1937 quiesce-

247 1980 405 2036 bant.
461 1974 798 2045 TheOphilus
833 1973 972 2028 dixit
1019 1993 1030 2028 :
1074 1991 1092 2023 ι
1129 1969 1368 2041 Supplex
1405 1985 1534 2034 oro,
1565 1969 1838 2040 quomodo

247 2083 344 2139 hic
385 2096 476 2137 me
516 2079 864 2151 deposuerit,
905 2078 1047 2133 scire
1097 2075 1294 2140 velim,
1349 2083 1406 2129 et
1455 2089 1554 2129 cur
1590 2074 1838 2128 inimicos

249 2199 426 2250 meos,
484 2181 579 2252 qui
630 2187 762 2236 sunt
793 2177 1058 2242 haeretici,
1113 2175 1418 2232 sacerdotio
1467 2172 1775 2229 ornaverit?
1813 2190 1830 2222 ι

247 2288 506 2352 Quaestor
536 2283 672 2339 dixit
706 2299 720 2336 :
759 2301 778 2334 ι
815 2281 1163 2351 Nequaquam
1204 2279 1293 2333 hic
1322 2285 1377 2332 te
1425 2275 1709 2347 deposuit,
1743 2273 1837 2329 sed

248 2389 622 2462 apostolorum
656 2383 924 2456 Princeps
969 2399 1092 2440 cum
1136 2397 1332 2453 magno
1377 2381 1715 2436 Innocentio.
1761 2378 1838 2434 De

247 2495 519 2551 ordinatis
550 2501 732 2549 autem
761 2507 860 2548 cur
897 2490 1159 2562 quereris,
1193 2504 1317 2544 cum
1349 2497 1407 2542 tu
1440 2488 1558 2558 ipse
1587 2487 1642 2542 in
1673 2501 1831 2541 areu-

249 2604 466 2659 satione
495 2599 766 2655 vet-seris?
803 2615 822 2649 ›
858 2596 1048 2652 Denuo
1089 2593 1429 2664 Theophilus
1462 2597 1612 2645 metu
1641 2589 1838 2645 obmu-

251 2706 379 2762 tuit.
426 2703 636 2760 Deinde
675 2702 865 2757 dicunt
913 2698 1110 2755 Joanni
1145 2715 1158 2751 :
1203 2717 1221 2749 ι
1278 2684 1442 2751 Decet
1498 2703 1550 2751 te
1610 2692 1839 2764 objectis

251 2808 592 2880 respondere
635 2821 699 2861 ac
736 2805 1130 2868 demonstrare,
1175 2815 1336 2871 quam
1374 2801 1446 2855 ob
1491 2814 1709 2855 causam
1760 2805 1840 2852 tot

253 2921 534 2982 tantaque
582 2917 768 2964 contra
812 2905 1250 2978 gloriosissimam
1294 2903 1592 2976 Augustam
1637 2918 1702 2958 ex
1745 2917 1840 2957 ore

254 3028 353 3069 tuo
391 3009 737 3068 contumeliae
762 3008 1069 3064 sonuerint.
1107 3026 1124 3058 ι
1158 3007 1396 3061 Joannes
1444 3019 1575 3060 vero
1605 3003 1780 3074 inquit
1821 3021 1834 3057 :

261 3139 280 3171 ι
323 3118 591 3188 Equidem
624 3116 670 3171 si
705 3115 966 3170 adversus
1012 3112 1300 3168 Dominum
1338 3127 1521 3166 meum
1560 3109 1839 3165 Christum

254 3223 402 3277 male
430 3219 634 3291 aliquid
661 3219 798 3288 dixi,
824 3218 940 3290 ipse
987 3226 1160 3273 semet
1205 3216 1516 3272 vindicabit.
1555 3215 1756 3270 Verum
1792 3213 1836 3269 si

253 3328 329 3382 de
356 3326 598 3390 homine,
631 3325 1009 3395 praecipueque
1037 3323 1081 3378 si
1107 3323 1173 3378 de
1193 3321 1393 3376 femina
1419 3320 1614 3391 agitur,
1642 3333 1742 3392 ego
1770 3318 1839 3375 de

257 3436 368 3488 hac
391 3447 453 3488 re
477 3431 644 3487 verba
666 3446 778 3485 non
807 3428 1017 3483 faciam.
1051 3445 1069 3477 ι
1105 3425 1560 3494 Consurgcnsque
1589 3436 1841 3493 egressus

254 3543 365 3600 est,
409 3534 555 3588 nulla
587 3533 732 3588 dicta
775 3529 1109 3586 defensione.
1152 3527 1438 3596 Aquilinus
1476 3531 1714 3595 quaestor
1756 3523 1841 3579 di-

258 3638 338 3693 xit
375 3655 389 3691 :
434 3656 452 3686 ‹
489 3637 602 3708 Ego
629 3649 866 3690 canones
893 3647 1003 3687 non
1039 3631 1179 3702 legi;
1213 3645 1311 3684 vos
1335 3629 1514 3684 videte
1545 3628 1674 3697 quid
1717 3643 1838 3697 erga

260 3746 416 3800 hunc
447 3741 714 3814 agendum
748 3738 837 3793 sit.
879 3755 898 3788 ›
937 3735 1240 3804 Statimque
1276 3740 1667 3803 consurgentes
1697 3731 1842 3801 judi-

258 3862 354 3904 ces
382 3845 651 3901 exierunt.

333 3952 428 4007 25.
458 3951 653 4006 Postea
692 3948 999 4004 deliberans
1036 3960 1160 4001 cum
1190 3945 1303 4000 suis
1341 3943 1704 4014 Theophilus,
1729 3941 1844 3998 for-

262 4054 470 4109 mulam
499 4051 784 4108 sententiaa
821 4049 1125 4120 composuit
1156 4057 1410 4118 tanquam
1441 4063 1473 4102 a
1506 4048 1697 4103 multis
1724 4046 1844 4117 epi-

261 4157 446 4228 scopis
473 4157 630 4212 factae
649 4196 664 4221 ,
693 4164 750 4210 et
778 4153 1091 4224 imperatori
1117 4153 1330 4208 obtulit.
1361 4153 1460 4207 Hie
1488 4160 1672 4207 autem
1698 4151 1846 4222 judi-

261 4263 412 4318 cium
436 4263 494 4317 in
534 4261 654 4317 illos
680 4258 936 4330 rejiciens
965 4259 1082 4314 ait:
1119 4277 1139 4309 ι
1174 4259 1375 4313 Judicii
1404 4258 1570 4314 vestri
1607 4272 1696 4312 res
1739 4265 1842 4321 est,

261 4377 430 4439 prout
460 4366 782 4430 censuistis;
815 4378 912 4419 vos
938 4363 1210 4418 videbitis.
1249 4381 1266 4413 ›
1294 4363 1432 4417 Tum
1460 4361 1657 4418 Joanni
1688 4362 1848 4434 signi-

263 4473 435 4526 ﬁcant
459 4485 560 4541 per
591 4467 908 4534 Marianum,
940 4466 1032 4537 qui
1073 4474 1191 4522 erat
1229 4466 1371 4536 apud
1407 4464 1704 4538 Augustam
1746 4465 1847 4520 do-

263 4591 392 4630 mus
417 4573 724 4645 praefectus,
774 4580 830 4628 et
860 4589 958 4644 per
987 4573 1106 4627 illos
1145 4587 1176 4626 a
1212 4570 1420 4626 Joanne
1454 4571 1656 4642 ejectos
1685 4572 1848 4626 cleri-

264 4695 380 4746 cos,
409 4687 472 4734 ut
505 4678 572 4734 de
608 4676 838 4733 ecclesia
871 4677 1114 4733 decedat.
1146 4675 1216 4732 At
1251 4676 1338 4731 ille
1390 4676 1469 4731 sic
1503 4677 1781 4746 respondit
1831 4689 1845 4730 :

271 4803 292 4836 c
329 4785 444 4856 Ego
474 4798 506 4838 a
531 4781 750 4840 Christo
783 4780 1060 4838 Salvatore
1089 4780 1387 4836 Ecclesiam
1421 4780 1636 4850 accepi,
1671 4796 1849 4852 neque

269 4899 469 4961 sponte
505 4889 727 4958 propria
759 4887 982 4944 discedo
1003 4927 1018 4952 ,
1054 4887 1158 4942 nisi
1196 4901 1284 4941 me
1319 4886 1374 4941 vi
1413 4887 1728 4957 expelletis;
1790 4895 1851 4942 ut

269 4991 526 5046 videlicet
548 4991 649 5044 hac
676 4990 898 5044 omnino
915 4988 1230 5044 defensione
1259 4997 1400 5052 utar,
1420 4988 1563 5059 quod
1585 5005 1744 5060 quam
1768 5005 1853 5046 ec-

271 5091 498 5147 clesiam
538 5091 674 5145 mihi
709 5090 957 5146 Christus
985 5091 1286 5156 commisit,
1320 5107 1438 5146 eam
1477 5093 1610 5148 mihi
1655 5094 1852 5149 mulier

270 5195 498 5269 eripuit.
541 5214 559 5245 ι
592 5195 745 5250 Tunc
771 5195 1046 5250 Marianas
1071 5195 1122 5248 vi
1151 5205 1458 5266 correptum
1498 5197 1725 5252 ecclesia
1756 5212 1852 5251 ex-

271 5420 545 5486 prout__et
605 5411 870 5486 Dominus
905 5409 1282 5486 Je_s_us_eoram
1337 5409 1542 5486 Caipha
1572 5426 1653 5486 ac_
1682 5411 1856 5486 Pilato

271 5480 383 5562 egit
418 5481 610 5562 (Marc.
659 5481 747 5562 ΗἾ
902 5498 914 5562 ξ
957 5482 1041 5545 15,
1074 5480 1124 5549 5)
1149 5497 1162 5544 ;
1190 5480 1545 5562 neq'uehenim
1573 5481 1855 5562 subornati

271 5549 357 5608 vél
428 5549 577 5622 regia
629 5550 950 5605 auctoritate
1004 5550 1249 5618 oppressi
1280 5549 1495 5618 ’judiees
1555 5551 1854 5622 apologiam

272 5621 578 5696 quamlibet
604 5618 763 5673 facile
774 5619 1156 5696 _admisissent.
1785 5622 1796 5628 '

345 5691 422 5760 (ὁ)
461 5689 602 5744 Cod.
627 5689 910 5742 τυποῡσιν.

1019 298 1106 354 DE
1143 299 1310 355 VITA
1343 297 1433 356 ET
1469 295 1748 354 EXSILIO
1790 293 1849 348 S.
1886 291 2173 366 JOANMS
2211 299 2720 358 CHRYSOSTOMI.

3316 323 3519 368 LXXVIII

1943 413 2117 481 pulit;
2159 416 2448 487 statimque
2479 418 2600 473 loco
2634 418 2753 488 ejus
2793 419 3074 477 Arsacium
3107 422 3380 480 ordinant.
3411 423 3526 485 Nec

1941 519 2114 573 multo
2156 529 2311 590 post,
2345 532 2566 593 propter
2605 523 2806 593 injuste
2836 535 3106 596 patratum
3141 528 3406 586 adversus
3435 530 3526 603 ju-

1944 631 2090 678 stum
2120 625 2395 680 hominem
2443 628 2618 682 scelus
2640 669 2654 693 ,
2701 629 2841 698 ignis
2876 631 3015 685 coelo
3054 631 3311 703 delapsus
3344 636 3524 693 eccle-

1944 727 2077 782 siam
2127 730 2512 795 concremavit,
2571 731 2664 785 ubi
2722 742 2878 787 antea
2939 735 3225 807 episcopus
3283 738 3525 799 Joannes

1944 834 2227 899 manebat;
2260 843 2314 890 et
2341 851 2464 890 mox
2495 836 2715 904 dilatata
2755 836 2968 893 ﬂamma
2999 841 3143 898 aedes
3174 844 3372 900 multas
3406 861 3524 900 am~

1943 936 2138 992 bussit.
2167 937 2469 1010 Statimque
2499 942 2690 997 civitas
2718 941 3000 999 Arsacium
3038 948 3273 1017 expulit,
3309 957 3383 1016 et,
3415 949 3522 1006 im-

1943 1048 2191 1107 peratore
2225 1052 2521 1110 annuente,
2551 1044 2815 1100 Jdannem
2862 1048 3094 1104 reduxit.
3140 1049 3393 1107 Sedenim
3423 1052 3525 1109 de-

1944 1157 2054 1198 nuo
2091 1145 2464 1214 conspirantes
2492 1163 2616 1202 cum
2656 1149 2958 1221 Theophila
2985 1154 3228 1226 episcopi
3256 1155 3524 1212 Joannem

1945 1248 2214 1303 criminati
2258 1260 2387 1306 sunt
2416 1251 2659 1310 dicentes
2695 1273 2707 1309 :
2745 1275 2762 1307 ι
2818 1256 2948 1323 Nos,
2981 1274 3016 1314 o
3045 1261 3360 1330 imperator,
3393 1278 3523 1318 sen-

1945 1353 2167 1408 tentiam
2210 1357 2566 1424 protulimus,
2609 1375 2772 1429 quam
2815 1344 3036 1433 exsequi
3089 1379 3316 1422 necesse
3365 1377 3452 1422 est
3507 1388 3522 1424 :

1943 1471 2177 1528 namque
2226 1468 2280 1514 et
2331 1461 2616 1517 ecclesiam
2668 1476 2791 1534 post
2840 1467 3233 1538 depositionem
3276 1473 3395 1542 ipse
3435 1473 3523 1528 in-

1943 1561 2256 1618 ﬂammavit.
2293 1582 2312 1615 ι
2345 1563 2769 1624 Concitaverunt
2790 1571 2970 1641 itaque
2997 1573 3536 1644 Augustum,.multa.-

1943 1682 2156 1739 quoque
2215 1670 2316 1724 alia
2368 1681 2557 1727 contra
2609 1673 2873 1730 Joannem
2922 1677 3296 1748 obloquentes.
3341 1680 3542 1748 Quare.

1941 1771 2215 1844 Augustus
2243 1774 2413 1830 dixit:
2463 1795 2484 1828 ‹
2517 1778 2630 1848 Ego
2661 1779 2852 1850 judicii
2883 1782 3045 1853 hujus
3075 1783 3334 1840 immunis
3364 1800 3537 1853 sum;

1943 1892 2041 1932 vos
2066 1878 2346 1945 videbitis;
2369 1880 2633 1950 judicium
2662 1893 2900 1940 vestrum
2930 1895 3013 1942 est
3046 1907 3058 1942 :
3086 1888 3352 1959 judicium
3378 1893 3539 1962 quod}

1944 1979 2012 2034 de
2045 1994 2111 2033 eo
2135 1978 2344 2045 feretis,
2371 1981 2424 2033 in
2453 1982 2628 2050 capita
2658 1991 2833 2038 vestra
2863 1985 3008 2040 Deus
3035 1997 3335 2047 convertet.
3381 2010 3400 2042 ι
3435 1991 3530 2047 Si—

1944 2076 2218 2149 gniﬁcavit
2254 2087 2436 2135 autem
2478 2081 2672 2136 Joanni
2720 2083 3016 2153 imperator
3053 2088 3133 2144 sic
3186 2107 3201 2142 :
3260 2110 3278 2143 ‹
3335 2091 3524 2149 Canus

1943 2183 2210 2239 dictorum
2241 2185 2582 2241 sacerdotum
2608 2187 2872 2256 judicium
2902 2190 2970 2244 de
3000 2199 3054 2245 te
3087 2191 3253 2248 latum
3279 2194 3335 2249 in
3361 2207 3524 2265 caput

1945 2303 2104 2342 suum
2134 2287 2428 2358 Sponsione
2446 2299 2791 2360 receperunt.
2823 2291 2965 2362 Ergo
2984 2307 3072 2348 res
3105 2302 3227 2350 tuas
3249 2294 3361 2352 Deo
3381 2312 3525 2353 com—

1945 2392 2227 2457 mendans,
2259 2393 2328 2448 de
2356 2393 2585 2448 ecclesia
2615 2395 2915 2467 digredere.
2957 2416 2977 2448 ι

2013 2497 2103 2550 24.
2161 2496 2266 2551 Per
2319 2511 2414 2551 eos
2467 2497 2584 2551 dies
2640 2513 2870 2569 magnus
2923 2515 3138 2570 quoque
3188 2502 3528 2573 Epiphanius

1945 2601 2275 2658 Constantia:
2297 2601 2506 2673 Cypriae
2527 2603 2816 2674 episcopus
2841 2602 3310 2676 Constantinopoli
3335 2625 3524 2664 versa-

1946 2709 2106 2764 batur
2133 2726 2144 2760 :
2180 2723 2340 2778 quem
2377 2707 2444 2762 ad
2473 2723 2531 2762 se
2563 2716 2815 2762 vocatum
2834 2709 3076 2764 Eudoxia
3107 2712 3185 2765 sic
3206 2710 3370 2767 aﬂ‘ata
3394 2722 3478 2769 est
3505 2731 3521 2768 :

1953 2831 1970 2864 ι
2006 2812 2168 2866 Pater
2199 2809 2532 2873 reverende,
2564 2809 2802 2864 Joannes
2830 2811 3120 2868 haereticus
3162 2821 3276 2880 est,
3311 2815 3525 2870 cuncti-

1945 2931 2051 2987 que
2080 2914 2268 2971 exsilio
2287 2915 2408 2986 ejus
2433 2914 2811 2982 subscribunt;
2847 2917 3041 2987 agesis,
3069 2926 3127 2972 tu
3153 2934 3366 2988 quoque
3397 2920 3527 2976 sub-

1947 3021 2140 3076 scribe.
2175 3039 2192 3071 ι
2222 3020 2316 3075 Ille
2337 3019 2412 3074 ait
2440 3038 2453 3073 :
2489 3039 2507 3070 ‹
2540 3018 2596 3073 Si
2625 3019 2862 3075 Joannes
2885 3030 2969 3076 est
2995 3021 3302 3090 haereticus,
3330 3023 3526 3094 dignus

1947 3129 2136 3184 exsilio
2161 3136 2275 3195 est;
2308 3127 2393 3182 sin
2423 3143 2554 3182 vero
2583 3142 2759 3188 secus.
2791 3129 2885 3183 sed
2917 3129 2987 3183 ob
3015 3130 3256 3185 convicia
3286 3130 3340 3184 in
3374 3139 3524 3185 tuam

1948 3233 2287 3302 majestatem
2338 3233 2480 3287 dicta
2541 3231 2854 3286 decernitur
2903 3230 3189 3298 exsilium,
3244 3232 3525 3302 ignoscere

1948 3341 2180 3404 oportet,
2225 3331 2662 3402 quandoquidem
2701 3346 2798 3384 vos
2839 3345 3055 3400 quoque
3099 3330 3360 3384 adversus
3412 3346 3524 3386 co:-

1949 3437 2138 3490 lestem
2177 3448 2358 3505 regem
2399 3432 2680 3502 peccastis.
2721 3449 2738 3480 ι
2786 3431 2877 3485 Illa
2908 3440 3089 3485 autem
3127 3431 3304 3488 dixit:
3351 3450 3371 3484 ι
3408 3432 3524 3487 Nisi

1949 3538 2083 3593 mihi
2113 3534 2591 3606 obtemperaveris,
2620 3543 2676 3590 et
2701 3550 2853 3604 aeque
2883 3549 2945 3588 ac
2975 3535 3155 3590 caeteri
3186 3535 3524 3604 subscripse-

1951 3641 2045 3706 ris,
2080 3655 2180 3710 ego
2214 3637 2467 3693 ecclesias
2497 3636 2799 3701 occludam,
2838 3646 2892 3691 et
2921 3636 3183 3692 idolorum
3213 3638 3407 3708 templa
3439 3653 3524 3692 re-

1951 3743 2176 3804 serabo,
2215 3748 2273 3794 ut
2314 3739 2385 3793 ibi
2427 3754 2616 3794 omnes
2650 3739 2894 3794 adorent.
2947 3758 2966 3790 ι
3023 3737 3327 3809 Respondit
3368 3738 3458 3793 ille
3508 3756 3523 3794 :

1958 3864 1976 3896 ‹
2021 3844 2076 3899 Si
2100 3842 2228 3914 quid
2256 3843 2450 3897 animae
2483 3851 2589 3897 tua:
2611 3842 2952 3913 profuturum
2979 3841 3142 3903 nosti.
3174 3841 3231 3898 id
3257 3857 3355 3914 age
3387 3857 3401 3895 :
3429 3843 3525 3897 sed

1951 3955 2118 4009 certe,
2156 3945 2257 4001 etsi
2286 3960 2476 4001 omnes
2505 3945 2866 4011 subscribant,
2899 3945 3239 4015 Epiphanius
3262 3960 3374 4000 non
3404 3945 3527 4000 sub-

1953 4050 2172 4105 scribet.
2205 4068 2232 4132 ,ι
2267 4049 2490 4105 Interim
2528 4049 2835 4104 nuntiatum
2867 4058 2949 4104 est
2987 4047 3184 4104 Joanni
3225 4048 3370 4118 quod
3398 4048 3526 4118 Epi-

1953 4153 2186 4225 phanius
2218 4153 2658 4223 subscripsisset;
2697 4153 2787 4222 qui
2831 4153 2959 4208 huic
3001 4151 3074 4207 ita
3115 4149 3528 4224 signiﬁcandum

1954 4259 2162 4314 curavit
2208 4278 2222 4313 :
2270 4279 2288 4311 ‹
2338 4259 2624 4329 Epiphani,
2657 4270 2712 4314 tu
2743 4274 2958 4330 quoque
3005 4257 3193 4314 exsilio
3227 4272 3349 4312 meo
3395 4256 3528 4312 sub-

1956 4362 2252 4432 scripsisti?
2282 4361 2429 4416 Scito
2454 4361 2617 4431 igitur
2637 4403 2652 4427 ,
2682 4371 2734 4417 te
2763 4362 2818 4416 in
2853 4364 2980 4418 sede
3015 4371 3104 4418 tua
3143 4361 3377 4432 amplius
3417 4376 3528 4415 non

1957 4482 2252 4525 sessurum.
2299 4485 2317 4517 ›
2353 4466 2654 4535 Respondit
2682 4466 2730 4520 ei
2776 4467 3116 4537 Epiphanius
3161 4484 3173 4519 :
3233 4486 3251 4516 ε
3309 4467 3532 4522 Athleta

1957 4571 2157 4628 Christi
2200 4570 2427 4634 Joanne,
2463 4570 2660 4622 luctam
2700 4577 2884 4637 patere
2929 4576 2986 4623 et
3027 4569 3186 4622 vince
3228 4587 3241 4620 :
3295 4583 3531 4638 namque

1956 4676 2023 4731 ad
2065 4675 2241 4731 locum
2294 4673 2392 4728 tibi
2440 4671 2628 4727 exsilio
2675 4679 2769 4726 tuo
2817 4671 3148 4726 destinatum
3191 4685 3300 4726 non
3340 4685 3532 4742 perve-

1957 4779 2092 4834 nies.
2150 4797 2169 4828 ›
2205 4775 2668 4843 Quemadmodum
2711 4782 2892 4832 autem
2945 4776 3014 4830 ab
3054 4784 3284 4848 utroque
3324 4776 3529 4832 dictum

1959 4884 2078 4948 fuit,
2112 4881 2541 4958 ita'adamussim
2570 4881 2769 4938 evenit.

2029 4989 2118 5044 25.
2158 4988 2311 5043 Tunc
2344 4987 2580 5043 Joannes
2637 4987 2942 5042 valedicens
2978 4988 3191 5043 cunctis
3229 4987 3308 5043 sui
3344 5003 3534 5042 aman-

1963 5091 2106 5148 tibus
2134 5093 2435 5164 episeopis,
2473 5101 2528 5146 et
2551 5092 2878 5162 presbyteris
2903 5107 3025 5146 cum
3058 5091 3303 5146 diaconis
3337 5101 3392 5146 et
3417 5107 3534 5146 mo-

1961 5199 2151 5254 nachis
2177 5208 2337 5269 atque
2365 5197 2700 5263 diaconissis,
2732 5198 3026 5252 adhortans
3053 5206 3111 5251 ut
3131 5196 3392 5252 doctrinae
3421 5215 3451 5250 α
3477 5214 3535 5251 se

2039 5412 2108 5481 (⁸)
2150 5414 2496 5500 ,ὲηρηεειλυεί
2517 5412 2883 5500 ΡίοετδΡδΡδ,
2901 5427 2978 5500 Ps,
2994 5412 3267 5500 3541.3“:
3313 5426 3536 5500 e32???

1966 5480 2128 5553 sius;
2150 5480 2290 5549 Ἐγὼ
2308 5480 2644 5553 ἁὺβαιρέτωξ
2673 5480 2841 5552 αὐτὴν
2867 5485 2885 5553 (
2909 5481 3267 5551 Ἐκκλησίαν)
3297 5483 3357 5533 οὐ
3389 5481 3538 5533 δυνα-

1964 5553 2073 5614 τῶς
2106 5551 2213 5622 Exn)
2239 5551 2574 5622 καῖᾳλιπὲίν.

2041 5615 2294 5689 ((Ι)”Οοά.
2331 5620 2420 5674 hic
2448 5629 2501 5675 et
2535 5621 2675 5678 infra
2702 5622 3021 5691 Νεκτάριον.
3058 5619 3162 5675 Sed
3194 5615 3537 5691 scribendum

1967 5688 2130 5745 fuisse
2161 5691 2433 5745 Arsaéinm
2460 5706 2557 5761 pro
2582 5691 2845 5756 Ncctario,
2889 5688 3008 5761 quis
3049 5688 3295 5744 dubitet?
