4038 6154
529 313 695 356 LXXIX

529 412 697 468 αὐτοῦ
749 412 1020 487 ὑπηκόους
1077 416 1347 485 γενέσθαι,
1408 419 1628 492 ἐξῆλθεν
1675 426 1772 494 τῆς
1811 425 2102 496 ἐκκλησίας

528 517 624 568 καὶ
652 514 746 568 τοῦ
767 517 1112 571 ἐπισκοπείου
1138 521 1203 591 τῇ
1232 521 1390 594 τρίτῃ
1415 522 1708 595 ήμέρᾳτῆς
1735 527 2102 591 Ἀναστάσεως

525 615 621 667 τοῦ
651 615 874 684 Κυρίου.
912 617 1160 687 Ἐγένετο
1193 620 1250 674 δέ
1294 626 1360 694 τῇ
1400 626 1584 697 ἡμέρᾳ
1613 626 1798 699 ἐκείνῃ
1826 627 2100 698 κλαυθμὸς

527 716 698 785 μέγας
737 719 817 780 είς
846 719 974 782 106;
999 721 1313 792 ἀγαπητοὺς
1361 724 1456 778 τοῦ
1489 727 1756 796 Ἰωάννου,
1787 730 2100 802 ἀσπαζομέ-

521 835 629 870 νων
685 818 848 872 αὐτὸν
903 821 1434 894 καταλιμπανόμενοι
1479 828 1570 881 ὐπ’
1630 829 1815 894 αὐτοῦ,
1871 831 1947 895 ῶς
1995 833 2093 905 ήδη

521 924 767 996 πρόϐατα
808 926 913 980 ὑπὸ
948 927 1044 981 τοῦ
1080 929 1210 983 ίδίου
1242 932 1499 1002 ποιμένος
1523 933 1619 1004 (a).
1665 936 1724 989 '0
1746 936 1802 989 δὲ
1831 937 1957 1000 λαὸς
1996 942 2096 1010 τῆς

518 1024 728 1088 πόλεως
776 1026 875 1080 οὐκ
913 1026 1053 1096 ἔγνω
1085 1029 1202 1092 πῶς
1239 1029 1480 1100 ἐξῆλθεν·
1512 1035 1559 1086 εἰ
1600 1034 1708 1105 γάρ
1739 1035 2089 1104 ἐγνώκεισαν,

521 1125 770 1197 αίμάτων
812 1125 1031 1198 ἔκχυσις
1065 1125 1134 1200 ἦν
1162 1132 1433 1202 γεναμένη
1469 1135 1778 1204 άναμεταξὺ
1817 1137 1923 1189 τῶν
1946 1138 2094 1191 πολι-

515 1229 628 1283 τῶν
657 1230 752 1284 καὶ
781 1230 876 1284 τοῦ
902 1229 1154 1303 στρατοῦ.
1195 1235 1305 1288 Καὶ
1346 1234 1435 1288 διὰ
1461 1236 1617 1289 τοῦτο
1649 1239 1677 1290 6
1717 1237 1970 1310 Ἰωάννης
2005 1239 2094 1294 λά-

515 1330 622 1401 θρα
671 1329 766 1384 τοῦ
795 1331 925 1385 λαοῦ
964 1333 1206 1404 ἐξῆλθεν.
1257 1335 1390 1388 Τότε
1431 1335 1663 1389 διδοῦσιν
1694 1337 1843 1407 αὐτῷ
1869 1338 2089 1409 Θρᾷκάς

511 1445 666 1491 τινας
693 1430 930 1495 ἀναιδεῖς
960 1433 1386 1501 κατεπείγοντας
1407 1435 1554 1506 αὐτῷ
1577 1437 1706 1507 περὶ
1730 1436 1829 1507 τὴν
1850 1437 2083 1509 ἐξορίανο

511 1530 606 1585 καὶ
653 1529 883 1601 ἤρξαντο
936 1534 1000 1586 ἐκ
1047 1533 1214 1587 τόπου
1264 1535 1344 1596 εἰς
1387 1535 1550 1589 τόπον
1587 1538 1870 1609 ἐπιφέρειν
1899 1541 2084 1597 αὐτόν.

510 1628 623 1682 Kal
654 1629 936 1700 μέλλοντος
963 1633 1127 1687 αὐτοῦ
1154 1634 1437 1688 ἐπιστάναι
1459 1638 1523 1706 τῇ
1553 1635 1820 1711 λεγομένῃ
1853 1640 2088 1694 K061506-

510 1729 609 1801 σῷ,
628 1731 872 1801 φαίνεται
889 1734 1035 1806 αὐτῷ
1059 1737 1178 1791 κατ’
1207 1737 1338 1808 ὄναρ
1355 1739 1384 1789 6
1405 1737 1557 1803 ἅγιος
1587 1739 1905 1804 Βασιλίσκος
1924 1744 1952 1794 6
1967 1742 2083 1796 ἐπί-

508 1845 711 1893 σκοπος
738 1832 832 1886 καὶ
858 1833 1087 1905 μάρτυς,
1121 1835 1311 1905 λέγων·
1349 1857 1367 1888 ι
1413 1837 1633 1906 Ἀδελφέ
1671 1839 1912 1910 Ἰωάννη,
1945 1841 2081 1913 θάρ-

508 1947 613 1990 σει·
649 1931 769 2002 μεθ’
796 1934 952 2004 ἡμῶν
974 1935 1082 2006 γὰρ
1105 1936 1203 2007 ἔσῃ
1231 1938 1742 2007 συναναπαυόμενος
1775 1942 1834 1993 ἐν
1856 1943 1922 2012 τῇ
1954 1942 2081 2017 θίὸῃ

503 2029 636 2088 ὅπου
666 2032 804 2086 εἰσὶν
838 2032 905 2087 τά
937 2032 1165 2103 λείψανα
1198 2035 1332 2105 ἐμοῦ
1362 2052 1421 2094 τε
1451 2036 1544 2095 καὶ
1573 2035 1748 2090 ἄλλων
1781 2040 2079 2114 μαρτύρων

507 2131 829 2203 Εὐτροπίου,
872 2134 1149 2204 Ῥουφίνου
1175 2136 1268 2196 καὶ
1304 2135 1629 2194 Κολλουθοῦ.
1667 2155 1686 2188 ι
1735 2137 1968 2208 ὀμοίως
2020 2144 2079 2198 δέ

508 2233 604 2290 καὶ
621 2233 700 2304 τῷ
721 2237 1178 2308 παραμοναρίῳή
1219 2238 1356 2308 αὐτὴ
1393 2239 1644 2293 ὁπτασία⁸
1691 2259 1710 2295 ι
1751 2243 1810 2297 ὐ
1849 2243 2078 2313 ἀδελφός

515 2334 768 2407 Ἰωάννης
813 2335 1047 2392 ἐνταῦθα
1096 2340 1543 2412 παραγενάμενος
1573 2346 1755 2416 μέλλει
1793 2348 1930 2419 πρὸς
1958 2348 2077 2402 Κύ-

503 2451 617 2508 ριον
659 2435 938 2506 ἐκδημεῖν
988 2436 1125 2491 ἀλλά
1169 2439 1265 2492 σὺν
1311 2441 1441 2510 ἡμῖν
1491 2442 1553 2495 τὸ
1601 2444 1851 2515 λείψανον
1909 2447 2075 2501 αὐτοῦ

495 2534 794 2588 ἀποθέσθαι
823 2535 1067 2608 θέλησον.
1104 2556 1122 2588 ι
1151 2540 1261 2592 Kal
1286 2535 1448 2610 ἦλθον
1473 2543 1554 2606 είς
1575 2544 1666 2596 τὸν
1685 2547 1850 2600 τόπον
1871 2547 1998 2602 ἔνθα
2025 2549 2076 2601 οἱ

497 2633 643 2704 ἀγιοι
686 2635 1001 2690 κατέκειντο
1033 2639 1324 2710 μάρτυρεςο
1361 2643 1452 2696 καὶ
1489 2647 1795 2717 παρακαλεῖ
1823 2649 1950 2713 τοὺς
1977 2651 2075 2704 ἀν-

498 2735 750 2814 θρώπους
803 2734 1044 2795 ἐνδοῦναι
1084 2739 1231 2810 αὐτῷ
1279 2741 1384 2806 ἕως
1423 2743 1572 2816 ὥρας
1603 2747 1881 2820 πέμπτηςο
1924 2751 2019 2804 καὶ
2046 2754 2074 2804 6

499 2836 601 2906 μὲν
629 2830 709 2903 εἷς
736 2836 1028 2910 ήδουλήθη,
1069 2842 1097 2894 6
1134 2841 1190 2895 δέ
1230 2843 1416 2914 ἕτερος
1451 2847 1543 2900 τὸν
1575 2850 1674 2920 τῆς
1703 2851 2074 2923 ἀσπλαγχνίας

495 2936 635 3006 ἔχων
669 2936 928 3006 λογισμὸν
951 2941 1063 3014 ,καὶ
1103 2942 1303 3013 τρόπον
1328 2946 1427 2999 οὐκ
1448 2946 1749 3021 ἠϐουλήθη.
1778 2952 1888 3005 Kal
1925 2953 2074 3006 ὁδευ-

495 3038 705 3093 σάντων
729 3039 910 3094 αὐτῶν
932 3041 1036 3105 ἐως
1061 3043 1226 3098 τόπου
1250 3047 1411 3111 τινὸς,
1440 3050 1655 3118 ἐγένετο
1691 3053 1844 3117 ὑετὸς
1882 3055 2069 3119 πολὺς,

493 3139 590 3191 καὶ
649 3141 748 3193 οὐκ
805 3137 1145 3212 ἠδυνήθησαν
1210 3145 1498 3218 προϐῆναι,
1555 3149 1672 3202 ἀλλ’
1723 3151 2070 3223 ὑπέστρεψαν

491 3238 715 3304 ακοντες
761 3238 888 3294 ἔνθα
934 3243 981 3294 οί
1015 3241 1158 3312 ἅγιοι
1196 3240 1335 3316 ἦσαν
1367 3248 1667 3320 μάρτυρες.
1703 3252 1813 3305 Καὶ
1849 3253 2011 3318 εὐθὺς
2041 3256 2071 3307 6

501 3341 755 3414 Ἰωάννης
817 3345 996 3408 λαϐὼν
1042 3346 1112 3400 16:
1171 3348 1362 3418 ἱμάτια
1424 3349 1590 3404 αὐτοῦ
1635 3351 1702 3405 τά
1762 3351 1864 3423 τῆς
1908 3354 2069 3422 ἁγίας

489 3444 850 3516 λειτουργίας,
875 3449 1180 3512 ἐνεδύσατο,
1197 3448 1286 3501 καὶ
1307 3448 1428 3512 606;
1447 3453 1526 3514 εἰς
1558 3452 1804 3520 εὐλογίαν
1826 3453 1862 3508 ἀ
1882 3455 2068 3525 ἐφόρει

487 3547 604 3608 τοῖς
643 3541 793 3599 οὖσιν
830 3549 945 3617 μετ’
972 3547 1159 3611 αὐτοῦ,
1190 3549 1285 3602 καὶ
1311 3551 1698 3621 ἀσπασάμενος
1734 3554 1950 3620 αὐτοὺς,
1989 3550 2068 3608 εί-

487 3663 592 3707 πεν
637 3647 729 3703 τὸν
772 3650 859 3703 ἀεὶ
886 3649 1014 3720 παρ’
1041 3648 1206 3703 αὐτοῦ
1241 3650 1532 3719 λεγόμενον
1557 3652 1732 3721 λόγον·
1769 3674 1787 3706 ι
1825 3655 1961 3721 Δόξα
1987 3657 2066 3727 τῷ

484 3746 608 3817 Θεῷ
635 3748 850 3801 πάντων
873 3743 1079 3803 ἕνεκεν.
1110 3767 1128 3799 ι
1159 3750 1271 3803 Kal
1298 3751 1589 3816 ἀνακλίνας
1613 3755 1825 3822 ἑαυτὸν,
1859 3757 2064 3811 ἀπέδω-

486 3862 583 3898 κεν
613 3843 674 3898 τὸ
704 3846 918 3917 πνεῦμα
964 3847 1185 3918 Χριστῷ
1227 3848 1304 3919 τῷ
1333 3849 1450 3920 Θεῷ
1480 3850 1637 3921 ήμῶν
1679 3852 1776 3924 (ὁ),
1803 3856 2064 3925 συνταξά-

487 3961 649 4014 μενος
698 3945 792 3998 καὶ
841 3949 952 4011 τοῖς
1007 3947 1202 4016 ἁγίοις,
1255 3951 1350 4002 καὶ
1399 3949 1658 4004 θάπτεται
1721 3955 1818 4006 σὺν
1879 3955 2062 4020 αὐτοῖς

483 4045 620 4116 αὐτῇ
650 4047 716 4115 τῇ
745 4045 947 4117 ἡμέρᾳ,
983 4045 1150 4100 πολλά
1179 4048 1567 4119 κακοπαθήσας
1608 4052 1758 4122 παρά
1781 4053 1887 4106 τῶν
1911 4056 2059 4109 ἀναι-

480 4143 589 4197 δῶν
622 4144 924 4216 ἀνθρώπων
964 4147 1209 4199 ἐκείνων.
1239 4147 1426 4212 Οῦτως
1465 4149 1574 4221 γὰρ
1611 4146 1679 4220 ἦν
1713 4153 2058 4224 ἀπαγγελθέν

482 4245 666 4310 αὐτοῖς
719 4249 832 4310 τοῖς
873 4247 1251 4318 στρατιώταις,
1295 4250 1374 4313 τὸ,
1423 4253 1472 4304 εί
1509 4255 1938 4327 κακοθανατήσει
1993 4262 2057 4313 ἐκ

478 4345 581 4416 τῆς
640 4345 780 4414 ἀγαν
845 4347 1217 4414 κακοπαθείας
1243 4389 1258 4416 ,
1327 4352 1536 4406 πολλῶν
1588 4355 1806 4427 δωρεῶν
1870 4363 2056 4430 τυχεῖν

479 4445 697 4513 αὐτούς.

551 4582 660 4642 κς’.
714 4576 824 4631 Kal
863 4577 927 4649 δή
975 4595 1121 4643 τινες
1166 4579 1273 4635 τῶν
1319 4579 1558 4637 Ἰωάννου
1604 4585 1944 4640 ἀπελθόντων
1997 4590 2054 4640 ἐν

488 4674 698 4746 Ῥώμῃ,
760 4677 1103 4747 ἀπήγγειλαν
1156 4682 1332 4734 πάντα
1378 4683 1705 4755 Ἰννοκεντίῳ
1751 4684 1828 4755 τῷ
1873 4687 2049 4758 πάπᾳ·

477 4775 574 4828 καὶ
599 4775 858 4846 πλησθεὶς
885 4778 1056 4847 θυμοῦ
1084 4780 1150 4831 δι’
1185 4783 1459 4852 Ἰωάννην,
1489 4787 1583 4837 καὶ
1609 4785 1704 4855 τὴν
1735 4785 1956 4858 ἐνέδραν
1987 4788 2054 4858 ἢν

477 4873 790 4943 ὑπέστησαν
816 4876 865 4926 οῑ
888 4875 1051 4928 αὐτοῦ
1083 4893 1280 4948 τοποτη
1291 4881 1467 4948 ρηταὶ,
1501 4883 1660 4945 εὐθὺς
1683 4883 1774 4937 τὸν
1801 4883 2053 4957 Ὁνώριον

475 4971 698 5043 χωρίζει
733 4972 909 5042 μῆνας
942 4975 1091 5044 τρεῖς
1133 4974 1243 5027 τῶν
1282 4975 1441 5028 θείων
1473 4982 1808 5050 μυστηρίων.
1835 4985 2051 5056 Πέμπει

473 5071 532 5124 δὲ
583 5069 850 5142 Ἀρκαδίῳ
878 5073 973 5125 καὶ
1004 5071 1232 5144 Εὐδοξίᾳ
1261 5074 1566 5145 ἀφορισμὸν
1601 5080 1931 5148 σημαίνοντα
1960 5086 2053 5139 οὐ-

471 5187 600 5234 τως·
631 5190 651 5222 ι
682 5171 950 5242 Ἀρκαδίῳ
980 5173 1073 5226 καὶ
1106 5173 1335 5246 Εὐδοξίᾳ
1372 5175 1734 5245 Ἰννοκέντιοςε
1761 5184 1915 5256 Φωνὴ
1966 5189 2052 5241 αἵ-

477 5286 648 5340 ματος
688 5269 932 5325 Ἰωάννου
959 5271 1052 5325 τοῦ
1083 5272 1313 5342 ἀδελφοῦ
1351 5293 1452 5346 μου
1485 5277 1584 5350 βοᾷ
1614 5281 1749 5352 πρὸς
1777 5284 1868 5339 τὸν
1893 5285 2044 5355 Θεὸν,

472 5369 570 5424 καὶ
590 5371 806 5436 πάντως
831 5373 894 5426 τὸ
914 5368 1052 5445 αἷμα
1079 5375 1243 5430 αὐτοῦ
1273 5379 1584 5437 ἐκδικεῖται.
1626 5385 1736 5439 Kal
1774 5389 1933 5459 ἡμεῖς
1957 5387 2049 5445 οὖν

470 5473 533 5527 τὸ
561 5476 690 5547 παρ’
719 5477 927 5543 ἑαυτοῖς
953 5481 1314 5549 ἐκδικοῦντες,
1359 5487 1594 5560 οὐρανίῳ
1636 5492 1926 5561 ἀποφάσει,
1963 5498 2049 5550 λό-

545 5622 620 5710 fa)
666 5622 903 5710 Cf{l}[cr,_
934 5630 1618 5710 δί’-βίηφι,-Γειιειιιοιιῑιιιῐι
1660 5641 1979 5700 historicum
2015 5665 2044 5710 av

471 5693 631 5755 nobis
661 5694 865 5750 editum
893 5698 944 5752 in
977 5693 1241 5774 Siririlcgii
1272 5693 1420 5760 Rovm.
1455 5717 1601 5763 [omo
1629 5712 1692 5775 ll,
1721 5693 2038 5787 εφῂὸὶιῖιῗρῗ

1689 308 2042 367 THEODORI
2080 306 2606 375 TRIMITHUNTINI

3638 351 3787 392 ιιιικ

2209 448 2289 503 γῳ
2318 435 2451 490 Θεοῦ
2486 438 2840 511 δεσμούμενοι
2887 445 2936 498 οἱ
2978 445 3142 516 ἄμφω
3174 448 3351 520 ἀλύτῳ
3375 450 3578 522 δεσμῷ,
3615 454 3682 506 σύ
3721 474 3789 509 τε

2204 533 2297 585 καὶ
2325 534 2570 599 Δαλιδάς,
2601 539 2633 607 ή
2658 540 2797 593 κατά
2825 544 3019 612 μικρὸν
3048 545 3124 616 τῷ
3150 545 3296 617 ξυρῷ
3327 551 3426 619 τῆς
3454 549 3660 621 πλάνης
3694 551 3786 616 ξυο

2204 628 2404 698 ρίσασά
2447 649 2527 698 σε,
2567 633 2670 699 ἔξω
2723 636 2844 690 ἔστε
2891 638 3073 709 πάσης
3121 643 3525 712 προσελεύσεως
3570 663 3783 720 μυστη-

2203 725 2354 794 ρίων,
2401 730 2464 782 σὺ
2517 731 2690 800 μῆνας
2731 732 2808 798 ἐξ,
2855 736 3080 808 κάκείνη
3128 737 3273 809 διετῆ
3321 741 3530 809 χρόνον·
3580 742 3786 808 εἰδότες

2197 824 2376 890 τοῦτο,
2415 825 2491 888 ὡς
2528 828 2577 879 εί
2626 830 3063 903 παραλογίσησθε
3105 833 3204 905 τὴν
3245 835 3305 900 ἐξ
3331 838 3578 907 οὐρανῶν
3606 856 3782 892 κατα-

2199 921 2542 990 πεμφθεῖσαν
2591 926 2722 995 παρ’
2747 925 2905 996 ήμῶν
2935 928 3228 997 ἀπόφασιν,
3269 931 3302 1002 ἢ
3350 932 3414 1002 δὴ
3460 933 3780 1004 προσελθεῖν

2195 1017 2381 1088 δόξητε
2422 1021 2533 1083 τοῖς
2592 1019 2756 1084 θείοις
2805 1025 3146 1094 μυστηρίοις,
3189 1026 3268 1089 είς
3311 1026 3558 1097 ἄνθρακα
3602 1028 3778 1099 πυρὸς

2198 1113 2602 1182 μεταϐληθέντα
2651 1115 2719 1168 τὰ
2769 1114 2915 1170 ἔνδον
2956 1117 3110 1187 ὑμῶν
3151 1120 3552 1190 καταφάγεται.
3598 1123 3708 1176 Kal
3745 1123 3778 1175 6

2192 1203 2406 1275 τολμῶν
2433 1205 2489 1258 δὲ
2516 1207 2809 1262 ἐπιδιδόναι
2845 1211 2973 1279 ὑμῖν
3011 1211 3118 1262 εἴτε
3146 1211 3461 1276 ἐπίσκοπος,
3492 1213 3604 1282 εἴτε
3636 1231 3776 1287 πρε-

2195 1296 2470 1369 σϐύτερος,
2504 1302 2552 1352 εί
2587 1301 2723 1364 ὅλως
2759 1301 3001 1374 τολμήσῃ
3027 1320 3112 1366 τις
3149 1305 3496 1376 ἐπιχειρῆσαι
3523 1307 3621 1378 τὴν
3648 1306 3773 1360 θεό-

2191 1389 2282 1442 θεν
2303 1388 2394 1443 τοῦ
2413 1391 2709 1445 ἀποστόλου
2733 1393 2939 1464 Πέτρου
2956 1395 3295 1467 κυρωθεῖσαν
3321 1397 3503 1468 ψῆφον
3527 1399 3588 1467 (Γ.
3613 1399 3769 1471 750.)

2189 1481 2661 1552 παρακούσασθαι,
2697 1485 2792 1538 καὶ
2817 1485 2953 1548 ὅλως
2992 1486 3264 1557 ἀγιασμοῦ
3313 1506 3456 1552 τινος
3495 1489 3634 1554 δόξει
3681 1509 3773 1561 με·

2187 1571 2451 1624 ταδιδόναι
2473 1573 2622 1642 ὑμῖν,
2656 1573 2753 1627 καὶ
2780 1575 2878 1645 τῆς
2898 1575 3151 1647 οὐρανίου
3178 1578 3400 1648 χάριτος
3426 1581 3520 1634 καὶ
3545 1581 3642 1650 τῆς
3673 1583 3771 1635 ἐπὶ

2188 1661 2290 1732 γῆς
2339 1662 2496 1726 ἀξίας
2545 1663 2909 1735 ἐστερημένος
2951 1665 3123 1722 ἔσται.
3156 1669 3542 1741 Καθαιροῦμαι
3570 1673 3627 1725 δὲ
3671 1675 3769 1726 καὶ

2183 1752 2275 1804 τὸν
2311 1753 2496 1824 μοιχὸν
2531 1755 2602 1823 (c)
2641 1756 2698 1807 ’A
2708 1756 2947 1827 ρσάκιονο
2982 1759 3076 1810 καὶ
3100 1758 3300 1823 πάντες
3325 1763 3375 1814 οί
3401 1764 3766 1833 κοινωνήσαν-

2183 1855 2272 1903 τες
2301 1840 2470 1911 αὐτῷ,
2503 1843 2600 1895 σὺν
2643 1843 2792 1914 αὐτῷ
2823 1846 3336 1918 κατακριθήσονταιο
3384 1851 3766 1922 προστιθέντες

2180 1932 2249 2000 τῇ
2279 1929 2594 2002 καθαιρέσει
2618 1932 2876 2003 Θεοφίλου
2911 1940 3058 2007 τρεῖς
3085 1939 3388 2010 ἐπιτιμίας,
3433 1943 3764 2014 ἀφορισμὸν,

2181 2021 2278 2074 καὶ
2326 2022 2790 2096 ἀναθεματισμὸν,
2841 2028 2936 2082 καὶ
2981 2029 3194 2085 τελείαν
3249 2031 3602 2104 ἀλλοτρίωσιν
3663 2035 3762 2089 τοῦ

2181 2112 2460 2169 καλεῖσθαι
2483 2115 2827 2187 Χριστιανόν.
2856 2138 2875 2169 ι

2250 2204 2353 2271 κζ’.
2392 2208 2669 2277 Ἐγραψεν
2710 2209 2881 2265 δὲκαὶ
2921 2211 3178 2284 Ὀνώριος
3217 2213 3297 2285 τῷ
3336 2215 3551 2285 ἀδελφῷ
3591 2214 3761 2270 αὐτοῦ

2192 2293 2460 2365 Ἀρκαδίῳ
2487 2296 2695 2350 ταῦτα’
2730 2317 2749 2349 ι
2790 2299 3058 2371 Ἀρκαδίῳ
3099 2303 3352 2374 ἡμετέρῳ
3398 2303 3611 2375 ἀδελφῷ
3662 2307 3762 2359 καὶ

2180 2387 2505 2456 συμϐασιλεῖ
2536 2389 2789 2462 Ὀνώριος
2817 2393 3047 2464 χαίρεινο
3073 2380 3186 2449 ὒύκ
3211 2392 3325 2450 οῖδα
3355 2399 3482 2452 ποία
3505 2400 3761 2471 ἐνέργεια

2177 2479 2526 2552 ἀντικειμένη
2561 2482 2861 2554 ἐπλάνησέν
2898 2502 2957 2536 σε
2993 2488 3212 2553 γυναικὶ
3250 2488 3605 2561 θαῤῥήσαντα
3635 2491 3758 2545 δια-

2177 2569 2487 2639 πράξασθαι
2528 2572 2696 2628 κακά.
2727 2574 2838 2628 Καὶ
2877 2575 3077 2640 πάντες
3115 2580 3162 2630 οἱ
3193 2578 3424 2632 ἐνταῦθα
3459 2581 3756 2637 ἐπίσκοποι

2175 2661 2275 2732 τῆς
2325 2661 2484 2734 ήμῶν
2529 2663 2805 2733 βασιλείας
2837 2666 3201 2734 καταϐοῶσιν,
3246 2670 3322 2733 ὡς
3351 2672 3477 2734 106;
3520 2690 3758 2747 τοποτη-

2178 2753 2346 2824 ρητάς
2379 2754 2507 2818 106;
2535 2758 2615 2819 εἰς
2659 2755 2757 2827 σὴν
2785 2759 2950 2828 τιμὴν
2997 2761 3311 2826 σταλέντας,
3359 2764 3451 2818 καὶ
3500 2766 3601 2836 τῆς
3630 2784 3758 2822 συν-

2177 2845 2448 2917 αγομένης
2497 2847 2714 2901 συνόδου
2767 2851 3034 2921 στήριξιν,
3086 2856 3144 2906 ἐν
3177 2859 3388 2928 φρουρᾷ
3439 2861 3597 2930 στενῇ
3651 2860 3749 2913 θέ-

2177 2952 2339 3006 μενος
2373 2938 2431 2989 ἐν
2464 2936 2606 3010 λιμῷ
2653 2940 2918 3010 τήκεσθαι
2949 2941 3175 3007 ἔταξας·
3213 2946 3318 3017 ίδίᾳ
3359 2947 3414 3000 δέ
3448 2948 3612 3021 βουλῇ
3658 2953 3756 3005 καὶ

2177 3029 2292 3099 ίδίῳ
2339 3032 2567 3101 κρίματι
2605 3034 2938 3098 ἐπισκόπους
2985 3037 3250 3103 ἐκϐαλὼν,
3291 3040 3485 3106 ἄλλους
3534 3046 3752 3116 ἐνεθρο-

2173 3119 2383 3183 νίασας,
2409 3122 2648 3192 παριδὼν
2671 3125 2769 3194 τὴν
2795 3126 3156 3195 ἀποστολικὴν
3187 3130 3350 3201 τιμήν
3369 3148 3382 3160 ’
3411 3133 3556 3206 ἅπερ
3581 3137 3752 3192 ταῦτα

2174 3213 2325 3284 παρά
2362 3215 2670 3286 ἀνθρώποις
2701 3218 2946 3272 κίνδυνον
2978 3223 3111 3290 ἡμῖν
3147 3225 3317 3275 ποιεῖ·
3357 3225 3440 3279 ὅτι
3469 3224 3563 3282 06v
3603 3233 3750 3302 κάμὲ

2170 3303 2271 3373 τῆς
2297 3304 2446 3370 θείας
2468 3308 2877 3378 προσελεύσεως
2905 3309 3286 3381 ήλλοτρίωσεν,
3302 3319 3398 3370 καὶ
3422 3320 3490 3374 τὰ
3513 3321 3750 3377 ἐνταῦθα

2172 3395 2350 3449 πάντα
2378 3399 2438 3450 οὐ
2481 3399 2692 3470 μικρῶς
2719 3401 3100 3472 ταράττονται.
3136 3407 3382 3462 Σπεῦσον
3417 3406 3509 3464 οὖν
3555 3413 3632 3484 μὴ
3661 3413 3751 3466 λό-

2169 3502 2288 3554 γοις
2319 3487 2652 3558 θεραπεῦσαι
2680 3491 2874 3556 ταῦτα,
2903 3493 3016 3547 ἀλλ’
3043 3495 3257 3567 ἔργοις·
3286 3500 3394 3554 τῶν
3423 3501 3530 3574 γὰρ
3555 3504 3747 3576 ἱερέων

2167 3580 2223 3631 αἱ
2258 3579 2399 3650 ὑπὲρ
2442 3579 2601 3650 ἡμῶν
2637 3585 2936 3654 προσευχαὶ
2990 3587 3089 3651 τὰς
3139 3589 3409 3662 ἡμετέρας
3467 3593 3748 3663 βασιλείας

2164 3669 2428 3740 διηνεκῶς
2470 3671 2846 3741 κρατύνουσιν.
2875 3693 2893 3725 ι

2236 3769 2341 3834 κη’.
2390 3765 2597 3817 Ὄντων
2647 3760 2740 3819 οὐν
2792 3767 2850 3820 ἐν
2897 3770 2961 3840 τῇ
3035 3767 3392 3845 βασιλευούσῃ
3455 3775 3562 3830 τῶν
3614 3777 3745 3850 περὶ

2163 3853 2420 3923 Θεόφιλον
2476 3856 2811 3928 ἀναρίθμους
2885 3863 3207 3932 συντυχείας
3259 3865 3577 3929 ποιούντων,
3636 3871 3739 3923 ἐπ-

2162 3944 2396 4015 έστησαν
2437 3949 2502 4018 τῇ
2534 3948 2810 4020 Βυζαντίῳ
2849 3952 2897 4004 οί
2941 3952 3198 4023 Ῥωμαῖοι
3232 3957 3617 4029 ἐπιφερόμενοι
3670 3963 3741 4018 τὰ

2161 4036 2526 4107 προλεχθέντα
2561 4041 2884 4111 γράμματα.
2912 4044 3021 4097 Kal
3057 4045 3351 4117 δεξάμενος
3381 4049 3556 4104 ταῦτα
3587 4053 3618 4104 6
3650 4054 3741 4123 ﬂa-

2163 4129 2362 4194 σιλεὺς,
2393 4133 2658 4203 συνεχύθη
2700 4134 2836 4198 ὅλως
2878 4137 2972 4189 καὶ
3005 4137 3232 4210 ἐξεχύθη
3281 4141 3342 4193 τὸ
3387 4143 3606 4214 πνεῦμα
3641 4147 3740 4200 αὐ-

2159 4221 2272 4280 τοῦ.
2310 4222 2370 4277 Ὀ
2412 4221 2504 4278 οὖν
2539 4225 2796 4294 Θεόφιλος
2839 4226 2925 4282 διὰ
2971 4228 3070 4298 τῆς
3117 4229 3251 4293 ίδίας
3307 4232 3500 4304 τέχνης
3539 4239 3741 4307 νοήσας

2159 4317 2334 4388 ἀρχὴν
2373 4319 2558 4375 κακῶν
2612 4316 2773 4384 εἶναι,
2801 4324 2943 4392 φυγῇ
2985 4321 3084 4394 τὴν
3132 4327 3405 4396 σωτηρίαν
3457 4330 3738 4401 πορίζεται

2161 4407 2348 4476 μόνος·
2381 4411 2409 4461 ό
2440 4409 2496 4462 δέ
2550 4410 2802 4479 βασιλεὺς
2849 4413 3126 4484 ἀνανήψας
3173 4417 3380 4487 πέμπει
3416 4420 3738 4492 σχολαρίους

2155 4499 2248 4552 τοῦ
2303 4500 2529 4568 ἀγαγεῖν
2593 4505 2924 4575 συρομένους
2970 4506 3249 4577 Θεόφιλον,
3298 4512 3422 4575 τοὺς
3477 4514 3737 4583 ἀνεψιοὺς

2154 4590 2319 4643 αὐτοῦ
2372 4593 2565 4663 Μηνᾶν
2599 4596 2693 4647 καὶ
2743 4595 3057 4664 Θεότεκνον,
3105 4604 3199 4655 καὶ
3244 4603 3596 4674 Ἰσχυρίωνα,
3641 4609 3738 4678 ἦν-

2154 4698 2322 4750 εγκαν
2369 4682 2825 4755 βακλιζομένους’
2858 4689 3117 4756 ὡσαύτως
3162 4697 3254 4748 καὶ
3294 4695 3548 4750 Ἀκάκιον
3573 4714 3586 4728 ’
3638 4699 3736 4751 καὶ

2155 4775 2362 4840 πάντας
2407 4779 3188 4855 συρομένους,”ἀνυποστάτῳ
3243 4785 3333 4856 βίᾳ
3369 4787 3624 4857 ἐμϐαλὼν
3675 4790 3736 4843 ἐν

2151 4863 2510 4938 δεσμωτηρίῳ
2561 4869 2786 4932 πάντας.
2842 4872 3114 4927 Εἰσελθὼν
3143 4875 3199 4927 δὲ
3233 4879 3260 4930 6
3307 4877 3562 4946 βασιλεὺς
3593 4879 3735 4950 πρὸς

2153 4955 2432 5022 Εὐδοξίαν,
2479 4956 2619 5010 ὥστε
2652 4959 2820 5030 αὐτὴν
2874 4962 3077 5027 ὀλέσαι,
3125 4966 3231 5018 ἴδεν
3276 4969 3394 5020 ἐκεῖ
3437 4969 3565 5032 106;
3611 4971 3737 5024 ἐπι-

2156 5039 2392 5104 σκόπους
2424 5045 2547 5106 τοὺς
2578 5046 2718 5099 κατά
2749 5047 3032 5116 Θεοφίλου,
3061 5053 3154 5108 καὶ
3187 5053 3335 5122 λέγει
3363 5056 3545 5120 αὐτοῖς
3564 5075 3576 5086 ·
3621 5077 3640 5111 ι
3667 5060 3734 5114 Τί

2153 5134 2356 5183 ποιεῖτε
2411 5134 2674 5203 ἐνταῦθα;
2708 5156 2726 5187 ι
2767 5139 2830 5190 Οἱ
2863 5139 2919 5192 δέ
2957 5136 3144 5195 εἷπον·
3183 5165 3201 5194 ι
3229 5146 3475 5217 Σήμερον
3523 5151 3735 5220 ἡμέραι,

2153 5223 2344 5276 πολλαὶ
2383 5225 2475 5294 ἀφ’
2497 5221 2556 5280 06
2588 5229 2820 5284 ἐνταῦθά
2863 5235 3030 5304 ἐσμεν
3076 5239 3493 5310 φρουρούμενοι,
3533 5224 3619 5296 ἵνα
3651 5223 3731 5315 ’μὴ

2151 5313 2455 5384 ἐξείπωμεν
2481 5319 2579 5388 τὴν
2613 5318 2890 5390 ἀλήθειαν.
2919 5341 2937 5371 ι
2967 5355 3038 5364 -
3065 5343 3083 5376 ι
3126 5327 3258 5381 Ὑπὸ
3288 5331 3450 5395 τίνος,
3480 5351 3495 5383 ι
3536 5313 3724 5403 φησὶν,

2159 5422 2177 5452 ι
2207 5405 2632 5478 συλληφθέντες;
2667 5431 2685 5462 ι
2719 5413 2780 5463 Οί
2814 5414 2870 5466 δὲ
2891 5411 3075 5469 εἷπον·
3117 5438 3134 5469 ι
3171 5419 3308 5472 Ὑπὸ
3349 5423 3656 5493 Μαριανοῦ.
3704 5444 3728 5479 ι

2151 5501 2260 5561 Καὶ
2305 5500 2506 5564 εὐθέως
2562 5503 2842 5559 ἐκέλευσεν
2888 5510 2916 5560 ό
2969 5509 3220 5579 βασιλεὺς
3270 5513 3491 5585 δοθῆναι
3543 5517 3730 5582 αὐτοῖς

2150 5653 2236 5776 F2.
2283 5653 2576 5792 (Rigomagum
2613 5657 2753 5725 apud
2789 5677 2884 5717 nos
2915 5662 2967 5716 in
2997 5665 3229 5732 append.
3265 5666 3330 5720 ad
3361 5668 3622 5723 sarculum
3670 5681 3723 5724 ι’.

2173 5740 2298 5778 .ι›ιϊ.
2375 5743 2490 5782 nn.

2173 5740 2298 5782 Lbl’l'.
2333 5740 2490 5782 I'ATR.
