4038 6154
202 306 374 349 LXIII

202 411 431 468 tradita.-
458 409 922 479 obtemperarent,
957 411 1206 483 discessit
1232 415 1301 468 ab
1335 417 1564 471 ecclesia
1594 426 1649 471 et
1677 418 1793 488 epi-

204 515 440 586 scopio,
483 514 638 568 tertio
683 511 1122 570 Resurrectiouis
1177 515 1471 572 Dominicze
1512 520 1620 574 die.
1672 520 1798 575 Fuit

207 629 402 674 autem
429 634 494 673 eo
535 617 622 672 die
659 617 837 672 luctus
872 618 1062 689 ingens
1091 622 1388 675 amantium
1419 623 1673 692 Joannis,
1705 626 1795 695 qui

208 725 263 779 ei
297 723 668 779 valedicebant
700 724 944 778 derelicti
973 723 1044 778 ab
1080 740 1146 778 eo
1168 766 1182 791 ,
1228 735 1486 796 tanquam
1518 745 1546 782 a
1578 730 1796 799 proprio

209 836 432 899 pastore
475 843 627 883 oves.
670 829 909 898 Populus
941 838 1123 884 tamen
1163 831 1402 886 urbanus
1429 833 1631 887 exitum
1679 836 1797 904 ejus

209 937 513 1007 ignoravit;
543 937 640 1004 qui
672 935 716 989 si
749 936 1096 1002 innotuisset,
1123 937 1401 1006 sanguinis
1429 938 1621 992 effusio
1657 939 1798 993 inter

208 1041 362 1096 cives
405 1055 467 1094 ac
496 1040 703 1094 milites
744 1039 924 1094 futura
955 1050 1090 1095 erat.
1140 1041 1348 1097 Idcirco
1391 1044 1629 1098 Joannes
1658 1045 1795 1099 clam

211 1142 418 1213 populo
445 1157 699 1214 egressus
722 1152 823 1198 est.
861 1143 1016 1198 Tunc
1039 1145 1089 1198 ei
1113 1145 1223 1200 dati
1251 1155 1377 1200 sunt
1401 1147 1645 1202 Thraces
1672 1149 1796 1218 qui-

209 1249 338 1304 dam
373 1247 723 1303 inverecundi
749 1250 1022 1314 custodes,
1057 1259 1116 1304 ut
1144 1265 1268 1304 eum
1301 1250 1355 1304 in
1387 1251 1632 1305 exsilium
1669 1267 1795 1322 per-

210 1353 499 1407 traherent
521 1370 534 1418 ;
552 1353 644 1423 qui
666 1353 733 1409 de
755 1354 874 1410 loco
893 1355 949 1408 in
976 1356 1153 1410 locum
1179 1357 1471 1412 transferre
1491 1369 1792 1427 coeperunt.

211 1455 462 1525 Cumque
487 1457 596 1527 jam
619 1457 687 1512 ad
716 1457 974 1526 oppidum
998 1459 1141 1527 quod
1166 1459 1363 1514 dicitur
1383 1459 1629 1516 Cucusus
1654 1471 1798 1516 esset

213 1570 601 1630 perventurus,
634 1571 860 1632 apparet
879 1563 928 1618 ei
951 1563 1006 1616 in
1038 1565 1242 1620 somnis
1271 1576 1490 1621 sanctus
1513 1566 1799 1623 Basiliscus

212 1665 509 1734 episcopus
527 1681 593 1720 ac
616 1674 817 1736 martyr
835 1667 1023 1722 dicens
1048 1687 1060 1722 :
1095 1687 1114 1718 ι
1155 1668 1342 1724 Frater
1363 1669 1590 1736 Joanne,
1622 1679 1797 1727 macte

213 1765 429 1830 animo,
478 1768 759 1822 nobiscum
801 1769 946 1822 enim
992 1771 1239 1839 quiesces
1271 1773 1323 1826 in
1371 1787 1496 1828 arca
1527 1776 1618 1829 ubi
1660 1791 1796 1831 meae

216 1869 568 1939 aliorumque
599 1879 892 1941 martyrum
933 1873 1171 1943 reliquiae
1201 1885 1348 1941 sunt,
1381 1879 1646 1948 Eutropii,
1683 1879 1798 1934 Ru-

219 1972 314 2026 fini
353 1983 519 2042 atque
546 1971 803 2027 Colluthi.
845 1993 863 2024 ι
899 1975 1074 2044 Atque
1104 1978 1294 2033 eadem
1326 1979 1526 2048 pariter
1552 1981 1688 2036 visio
1717 1997 1800 2036 ec-

218 2076 400 2131 clesiae
447 2078 815 2133 mansionario
856 2079 1033 2134 oblata
1079 2080 1211 2146 fuit,
1261 2083 1468 2138 scilicet
1507 2103 1519 2137 :
1559 2105 1576 2136 ι
1613 2085 1802 2140 Frater

218 2177 480 2245 Joannes,
511 2181 604 2251 qui
635 2182 744 2236 huc
782 2183 1017 2248 advenit,
1047 2185 1113 2239 ad
1154 2184 1442 2241 Dominum
1473 2190 1800 2261 migraturus

219 2289 309 2334 est
351 2299 365 2334 :
418 2291 474 2335 tu
525 2297 655 2336 vero
689 2287 1069 2354 corpusculum
1111 2289 1230 2358 ejus
1275 2291 1555 2346 nobiscum
1597 2311 1800 2364 ponere

220 2382 377 2438 velis.
417 2402 436 2434 ι
469 2383 706 2439 Ventum
735 2402 864 2457 ergo
897 2398 981 2444 est
1008 2389 1074 2444 ad
1099 2390 1276 2445 locum
1308 2393 1399 2447 ubi
1430 2405 1693 2467 martyres
1714 2398 1802 2468 ja-

220 2487 420 2542 cebant
453 2507 466 2541 :
501 2489 816 2559 rogavitque
859 2492 1097 2549 Joannes
1127 2497 1408 2563 custodes,
1439 2507 1500 2552 ut
1533 2515 1591 2554 se
1630 2517 1802 2571 usque

221 2591 290 2644 ad
327 2591 519 2645 horam
546 2593 790 2661 quintam
821 2595 1118 2651 subsistere
1151 2599 1429 2666 sinerent;
1460 2615 1690 2670 quorum
1720 2608 1802 2661 al-

222 2704 308 2750 ter
351 2696 570 2765 quidem
611 2697 855 2765 volebat,
900 2700 1037 2755 alter
1063 2712 1243 2758 autem
1296 2706 1486 2761 immiti
1529 2710 1708 2764 animo
1740 2728 1803 2767 ac

223 2813 378 2852 more
419 2799 702 2854 renuebat.
740 2801 876 2871 Ipsis
904 2803 1067 2874 igitur
1105 2822 1274 2876 usque
1299 2809 1365 2863 ad
1390 2812 1678 2880 quemdam
1722 2814 1804 2869 lo-

224 2918 352 2956 cum
383 2903 488 2958 iter
519 2907 992 2975 prosequentibus,
1026 2925 1216 2981 magna
1255 2913 1434 2981 pluvia
1474 2915 1702 2987 ingruit,
1731 2917 1802 2972 ita

227 3016 285 3060 ut
313 3008 566 3078 progredi
587 3019 948 3079 nequeuntes,
981 3014 1050 3068 ad
1080 3015 1368 3070 stationem
1399 3005 1689 3088 martyrum
1717 3021 1804 3075 in-

226 3110 323 3166 viti
345 3119 767 3169 reverterentur.
791 3113 1093 3186 Statimque
1119 3117 1358 3174 Joannes
1377 3122 1607 3191 sumptis
1635 3139 1805 3179 sacra:

227 3213 461 3285 liturgize
493 3216 851 3282 vestimentis,
883 3229 938 3274 et
975 3220 1170 3276 divinis
1200 3225 1468 3293 mysteriis
1499 3229 1805 3281 communi-

225 3331 378 3382 cans,
407 3318 743 3390 largitusque
770 3323 1166 3380 benedictionis
1190 3327 1308 3383 loco
1337 3330 1596 3398 quidquid
1621 3346 1804 3386 secum

228 3421 441 3477 ferebat
464 3425 790 3491 astantibus,
817 3427 1000 3498 eisque
1023 3430 1345 3509 valedicens,
1367 3447 1522 3488 more
1550 3435 1649 3489 sibi
1677 3452 1807 3490 con-

233 3537 391 3584 sueto
415 3529 591 3584 dixit:
630 3550 648 3582 ‹
694 3530 870 3586 Gloria
913 3533 1025 3589 Deo
1061 3544 1282 3605 propter
1331 3538 1547 3602 omnia;
1586 3558 1604 3588 ι
1641 3555 1807 3610 seque

237 3635 543 3699 reclinans,
588 3635 806 3692 Christo
855 3637 967 3692 Deo
1015 3648 1204 3694 nostro
1257 3642 1509 3711 spiritum
1556 3645 1804 3713 tradidit,

232 3740 435 3795 sanctis
463 3756 678 3811 quoque
707 3742 1033 3813 martyribus
1059 3745 1331 3823 salutatis,
1362 3763 1486 3802 cum
1516 3750 1688 3820 iisque
1721 3751 1810 3806 die

231 3842 422 3897 eadem
456 3843 736 3912 sepelitur,
778 3844 948 3898 multa
976 3846 1044 3900 ab
1086 3847 1398 3904 inhumanis
1439 3851 1542 3906 illis
1576 3853 1810 3907 homini-

230 3945 334 3999 bus
381 3960 596 4015 passus.
646 3946 735 4001 Sic
765 3949 910 4003 enim
955 3951 1218 4007 militibus
1260 3953 1390 4022 ipsis
1431 3955 1808 4013 denuntiatum

232 4048 430 4113 fuerat,
463 4065 661 4120 nempe
690 4052 837 4121 quod
871 4053 914 4106 si
936 4052 1024 4107 ille
1052 4055 1283 4123 pessime
1309 4057 1375 4111 ab
1404 4057 1469 4112 iis
1495 4059 1722 4115 affectus
1744 4079 1810 4118 ex

232 4170 476 4209 aerumna
501 4165 823 4221 moreretur,
863 4157 1031 4210 multa
1058 4159 1234 4212 forent
1257 4176 1478 4216 munera
1512 4169 1806 4236 accepturi.

300 4259 388 4313 26.
418 4260 560 4314 Ecce
588 4268 768 4315 autem
795 4261 1012 4331 quidam
1038 4263 1104 4318 de
1131 4262 1355 4320 Joannis
1375 4268 1562 4322 amicis
1582 4271 1809 4326 Romam

231 4362 482 4430 profecti,
516 4373 713 4418 cuncta
735 4365 851 4419 haec
874 4365 1192 4423 Innocentio
1211 4385 1363 4439 papae
1392 4375 1805 4442 nuntiaverunt,

232 4467 321 4536 qui
349 4469 429 4521 ira
456 4478 682 4538 propter
709 4469 972 4526 Joannem
993 4473 1147 4526 valde
1173 4445 1495 4542 commotus,
1518 4486 1573 4532 et
1588 4488 1811 4554 propter

234 4570 637 4625 circumventos
667 4571 876 4626 insidiis
912 4572 1117 4642 legatos
1160 4590 1319 4640 suos,
1352 4563 1536 4632 statim
1571 4579 1812 4636 HOnorio

234 4676 296 4731 ad
336 4685 450 4732 tres
479 4692 698 4733 menses
726 4677 923 4732 divinis
956 4678 1224 4749 mysteriis
1254 4680 1548 4736 interdicit.
1580 4683 1719 4737 Tum
1758 4695 1814 4739 et

232 4782 465 4846 Arcadio
493 4793 656 4854 atque
678 4784 932 4839 Eudoxiae
952 4785 1564 4840 excommunicationem
1596 4788 1680 4842 his
1699 4805 1813 4844 ver-

234 4883 317 4938 bis
343 4885 543 4939 mittit:
581 4905 599 4936 ι
632 4885 864 4941 Arcadio
904 4895 957 4940 et
996 4886 1250 4940 Eudoxiae
1287 4886 1657 4944 Innocentius.
1697 4889 1812 4945 Vox

232 4991 516 5061 sanguinis
543 4991 768 5046 Joannis
815 4992 998 5046 fratris
1026 4992 1134 5046 mei
1169 4987 1365 5047 clamat
1406 4995 1472 5048 ad
1511 4995 1679 5048 Deum
1701 5037 1715 5059 ,
1757 5004 1813 5050 et

233 5096 463 5150 omnino
516 5098 735 5168 sanguis
789 5099 908 5168 ejus
964 5098 1344 5153 vindicabitur.
1399 5100 1467 5154 Et
1511 5116 1610 5154 nos
1659 5116 1806 5171 ergo,

234 5211 504 5269 quantum
534 5203 591 5256 in
615 5203 773 5258 nobis
792 5211 896 5271 est,
918 5203 1276 5268 vindicantes,
1301 5205 1505 5259 caelesti
1543 5207 1811 5261 sententia

303 5419 378 5485 (b)
422 5417 562 5484 Quis
586 5433 698 5472 non
728 5419 816 5487 pio
839 5432 1002 5471 sensu
1027 5424 1388 5487 prosequatur
1417 5416 1565 5470 hunc
1589 5417 1808 5487 religio-

231 5488 511 5543 sissimum
553 5503 618 5541 ac
659 5486 878 5541 beatum
932 5486 1103 5540 sancti
1147 5486 1250 5540 viri
1294 5486 1530 5549 obitum,
1575 5486 1811 5554 pras’illo

233 5559 551 5614 tristissimo
579 5567 992 5626 persecutoruin
1035 5557 1172 5625 ejus,
1196 5571 1356 5625 quem
1396 5555 1642 5610 historici
1683 5573 1811 5610 nar-

233 5631 392 5685 rant?
424 5629 564 5695 Quis
612 5628 734 5694 ejus
771 5629 994 5697 gloriam
1038 5642 1146 5681 non
1193 5627 1439 5697 miretur,
1486 5641 1607 5697 quae
1637 5632 1808 5680 totum

229 5701 420 5757 urbem
476 5695 948 5770 implevitTSanc
992 5707 1042 5752 et
1077 5712 1303 5764 magnus
1347 5695 1681 5766 Augustinus
1711 5697 1804 5765 0p.

984 293 1072 348 DE
1114 295 1275 351 VITA
1316 296 1404 350 ET
1446 297 1716 356 EXSILIO
1759 299 1816 354 S.
1857 299 2143 359 JOANNIS
2175 303 2694 361 CHRYSOSTOMI.

3282 321 3464 362 LIXXH

1895 420 2169 489 verboque
2220 421 2313 476 Dei
2356 424 2545 478 ambos
2591 439 2688 478 vos
2717 422 2996 493 alligamus
3040 421 3312 476 insolubili
3360 422 3464 476 vin-

1896 523 2052 577 culo:
2074 532 2124 578 te
2150 523 2407 578 nimirum
2428 541 2490 580 ac
2515 525 2775 590 Dalidam,
2809 541 2930 595 quae
2957 537 3009 580 te
3040 526 3300 596 paulatim
3331 525 3472 581 frau-

1895 627 1979 682 dis
2014 631 2274 684 novacula
2304 632 2487 697 erasit,
2515 632 2662 686 omni
2693 631 3071 702 mysteriorum
3102 645 3323 685 accessu
3351 646 3473 700 pro-

1896 733 2146 788 hibemus
2167 775 2180 798 ,
2227 747 2279 788 te
2309 736 2530 804 quidem
2570 751 2663 789 sex
2694 736 3008 798 mensibus,
3043 735 3184 788 illam
3227 734 3466 788 biennio.

1894 841 2071 910 Atque
2101 841 2204 894 hoc
2232 840 2446 905 scitote,
2475 841 2621 910 quod
2645 840 2691 894 si
2716 839 3051 893 violaveritis
3080 839 3299 892 missam
3324 856 3352 893 a
3377 856 3472 894 no-

1894 931 1979 985 bis
2012 931 2226 987 ccelitus
2269 931 2613 998 sententiam,
2645 931 2731 985 vel
2772 930 2838 984 ad
2866 929 3046 984 divina
3085 930 3341 1006 mysteria
3376 947 3471 986 ac-

1896 1023 2197 1078 cedendum
2233 1023 2573 1093 putaveritis,
2619 1033 2799 1078 vestra
2835 1022 3053 1092 quidem
3098 1021 3305 1076 viscera
3353 1034 3474 1078 tan-

1895 1134 2059 1188 quam
2089 1118 2256 1187 ignito
2282 1117 2520 1172 carbone
2549 1123 2959 1170 consumentur.
2987 1114 3055 1168 Et
3083 1112 3128 1167 si
3153 1113 3271 1182 quis
3291 1129 3354 1168 ea
3384 1132 3475 1169 vo-

1895 1208 1980 1264 bis
2006 1208 2270 1278 impertiri
2301 1208 2517 1271 audeat,
2549 1207 2664 1262 sive
2685 1206 2995 1276 episcopus,
3026 1205 3142 1260 sive
3168 1205 3471 1276 presbyter,

1897 1301 1945 1356 si
1989 1316 2231 1370 prorsus,
2260 1299 2500 1370 inquam,
2544 1299 2649 1353 tale
2698 1299 2908 1353 facinus
2960 1307 3164 1353 temere
3221 1306 3471 1359 attentet,

1896 1407 2094 1462 nempe
2133 1399 2195 1445 ut
2217 1392 2494 1446 decretam
2522 1389 2784 1445 divinitus
2824 1387 2968 1443 Petri
2991 1387 3218 1457 apostoli
3257 1398 3476 1442 senten-

1899 1483 2024 1538 tiam
2055 1483 2330 1553 infringat,
2367 1491 2422 1536 et
2457 1497 2570 1536 rem
2607 1480 2904 1551 quamlibet
2943 1494 3150 1533 sacram
3189 1478 3340 1533 vobis
3375 1477 3477 1531 lar-

1897 1575 2073 1646 giatur
2096 1592 2110 1628 :
2137 1573 2227 1628 ille
2255 1573 2464 1629 ctelesti
2504 1573 2701 1643 gratia,
2735 1579 2788 1626 et
2820 1580 3035 1626 terrena
3065 1585 3278 1640 quoque
3305 1569 3479 1640 digni—

1901 1675 2006 1721 tate
2052 1665 2294 1736 privatus
2347 1665 2659 1720 habebitur.
2716 1663 2941 1734 Depono
2984 1664 3115 1716 item
3169 1661 3474 1716 adulterum

1897 1759 2176 1813 Arsacium
2203 1774 2218 1822 ;
2249 1766 2411 1826 atque
2435 1772 2628 1812 omnes
2667 1757 2758 1826 qui
2798 1771 2923 1811 cum
2961 1770 3027 1809 eo
3049 1753 3474 1816 communicant,

1899 1861 2021 1900 cum
2062 1846 2254 1900 eodem
2299 1845 2720 1900 damnabuntur.
2769 1842 3059 1912 Theophili
3103 1857 3233 1898 vero
3267 1840 3480 1910 deposi-

1898 1935 2034 1988 tioni
2080 1943 2192 1988 tres
2237 1949 2426 2003 pennas
2463 1933 2771 2001 adiicimus,
2826 1931 3470 1994 excommunicationem,

1899 2026 2206 2089 anathema,
2239 2034 2294 2079 et
2323 2023 2688 2078 omnimodam
2719 2022 3010 2078 Christiani
3031 2021 3268 2075 nominis
3288 2021 3473 2089 priva-

1900 2118 2125 2171 tionem.
2153 2134 2172 2166 ι

1969 2210 2058 2263 27.
2100 2207 2386 2263 Scribebat
2446 2208 2609 2263 etiam
2676 2207 2948 2262 Honorius
3023 2203 3172 2258 fratri
3243 2201 3476 2256 Arcadio

1899 2298 2082 2352 verbis
2139 2298 2266 2352 bis:
2319 2318 2336 2349 ι
2378 2297 2608 2353 Arcadio
2669 2296 2817 2350 fratri
2873 2304 3060 2350 nostro
3119 2291 3475 2362 conregnanti

1901 2388 2171 2443 Honorius
2209 2389 2461 2443 salutem.
2514 2387 2708 2442 Nescio
2744 2402 2991 2456 quaenam
3043 2385 3352 2440 adversaria
3395 2385 3478 2439 vis

1902 2481 2178 2551 deceperit
2225 2489 2295 2543 te,
2331 2489 2392 2534 ut
2450 2479 2664 2534 femina:
2723 2479 2961 2533 conﬁsus
3014 2479 3155 2532 mala
3211 2485 3472 2547 patrares.

1901 2573 2077 2642 Atque
2113 2573 2203 2626 hic
2245 2587 2436 2626 omnes
2476 2570 2686 2640 imperii
2724 2571 2893 2623 ucstri
2936 2569 3176 2638 episcopi
3211 2568 3478 2629 clamant,

1902 2662 2046 2732 quod
2094 2662 2250 2732 legati
2295 2662 2364 2715 ad
2405 2669 2550 2715 tuam
2593 2660 2930 2728 majestatem
2976 2658 3150 2722 missi,
3201 2664 3362 2725 atque
3411 2657 3480 2712 ad

1903 2764 2143 2810 coactam
2199 2754 2464 2824 synodum
2519 2752 2968 2814 confirmandam,
3027 2757 3173 2805 arcta
3233 2748 3480 2804 custodia

1904 2847 2134 2908 detenti,
2199 2847 2342 2900 fame
2400 2844 2781 2899 conficiantur.
2847 2843 2988 2896 Tum
3042 2841 3188 2911 quod
3259 2841 3484 2910 propria

1903 2942 2181 2996 voluntate
2215 2939 2543 3008 proprioque
2569 2939 2776 3008 judicio
2819 2937 2990 3007 pulsis
3018 2936 3306 3006 episcopis,
3343 2935 3480 2989 alios

1905 3028 2598 3098 substitueris,‘apostolica
2632 3027 2954 3082 auctoritate
2987 3027 3326 3094 contempta;
3357 3039 3480 3093 qua:

1905 3122 2121 3191 quidem
2165 3136 2254 3175 res
2295 3120 2595 3190 periculum
2635 3119 2702 3172 ab
2749 3118 3062 3172 hominibus
3104 3115 3261 3169 nobis
3299 3123 3478 3179 creat;

1906 3229 2030 3267 nam
2061 3221 2117 3266 et
2143 3212 2244 3282 ipsi
2275 3212 2406 3265 mihi
2452 3212 2616 3266 rebus
2659 3210 2827 3264 sacris
2870 3207 3219 3260 interdictum
3271 3205 3392 3268 fuit,
3426 3214 3482 3259 et

1909 3307 1964 3360 in
1994 3305 2080 3358 his
2107 3303 2350 3373 partibus
2373 3317 2482 3355 non
2511 3301 2720 3355 modica
2751 3298 2989 3354 turbatio
3013 3305 3114 3350 est.
3166 3295 3287 3350 Cito
3319 3295 3483 3365 igitur

1907 3411 2014 3451 non
2058 3393 2256 3456 verbis,
2287 3392 2378 3446 sed
2405 3390 2580 3454 factis,
2615 3389 2755 3442 malo
2785 3387 2910 3441 huic
2944 3385 3159 3439 medere
3192 3401 3205 3437 :
3235 3398 3360 3437 nam
3391 3398 3482 3438 sa-

1909 3486 2188 3541 cerdotum
2225 3497 2325 3553 pro
2366 3481 2525 3536 nobis
2562 3495 2750 3550 preces
2780 3493 2943 3549 regna
2986 3485 3172 3531 nostra
3217 3481 3484 3546 perpetuo

1909 3578 2143 3632 firmant.
2190 3593 2208 3626 )
2963 3576 2967 3578 ‘

1976 3667 2066 3723 28.
2113 3667 2247 3721 Dum
2287 3681 2415 3737 ergo
2456 3664 2512 3718 in
2558 3663 2702 3734 regia
2756 3661 2891 3716 urbe
2942 3659 3277 3730 TheOphilus
3316 3659 3482 3712 innu-

1909 3775 2088 3815 meras
2129 3758 2462 3813 calamitates
2497 3754 3131 3822 elliceret,_advenerunt
3162 3750 3482 3822 Byzantium

1909 3852 2158 3918 Romani,
2203 3850 2488 3920 praedictas
2539 3849 2748 3920 litteras
2771 3847 3009 3901 ferentes
3045 3862 3058 3899 :
3095 3844 3292 3915 quibus
3327 3855 3484 3897 rece—

1909 3945 2045 4016 ptis,
2081 3945 2370 4012 imperator
2415 3941 2771 3996 conturbatus
2796 3948 2901 4004 est,
2937 3950 3264 4008 prorsusque
3301 3935 3482 3988 animo

1911 4037 2219 4092 dissolutus.
2280 4034 2617 4104 Theophilus
2663 4032 2844 4101 itaque
2889 4046 2990 4101 pro
3041 4044 3140 4082 sua
3191 4026 3483 4082 calliditate

1910 4129 2216 4200 intelligens
2272 4129 2376 4182 hoc
2414 4128 2524 4197 jam
2585 4141 2706 4181 esse
2757 4124 3020 4178 malorum
3074 4121 3308 4184 initium,
3356 4118 3481 4188 fuga

1913 4219 2070 4275 saluti
2118 4235 2230 4273 suae
2271 4219 2418 4272 solus
2457 4217 2758 4281 consuluit;
2789 4216 3064 4284 Augustus
3092 4219 3295 4275 autem,
3326 4209 3480 4280 quasi

1913 4318 2136 4365 veterno
2165 4310 2441 4380 evigilans,
2491 4308 2845 4377 praetorianos
2878 4307 3029 4361 misit
3051 4305 3120 4359 ad
3158 4301 3480 4373 capiendum

1914 4400 2294 4470 Theophilum,
2349 4399 2440 4468 qui
2491 4398 2740 4452 sobrinos
2794 4399 2913 4466 ejus
2957 4395 3190 4458 Menam,
3243 4392 3484 4447 Theote-

1863 4508 1869 4514 ·
1914 4505 2104 4554 cnum,
2140 4498 2193 4543 et
2230 4488 2615 4558 Ischyrionem,
2647 4485 2961 4539 verberatos
2996 4484 3355 4537 adduxerunt.
3392 4481 3483 4535 Si-

1913 4584 2115 4640 militer
2164 4589 2218 4636 et
2262 4579 2550 4642 Acacium,
2603 4584 2936 4644 cunctosque
2989 4575 3122 4627 alios
3145 4571 3381 4626 violenta
3428 4569 3483 4623 vi

1911 4682 2212 4744 pertractos
2241 4671 2296 4724 in
2343 4682 2617 4723 carcerem
2651 4665 2794 4719 trudi
2831 4662 2994 4735 jussit
3023 4661 3354 4730 imperator:
3389 4657 3483 4726 qui

1913 4782 2036 4821 mox
2075 4765 2143 4818 ad
2193 4759 2488 4817 Eudoxiam
2521 4759 2820 4828 ingressus,
2850 4763 2908 4809 ut
2936 4768 3054 4808 eam
3086 4748 3479 4822 pessumdaret,

1912 4859 2048 4912 vidit
2071 4856 2179 4909 illic
2206 4853 2490 4922 episcopos
2517 4849 2609 4919 qui
2635 4855 2823 4902 contra
2849 4844 3213 4915 Theophilum
3243 4840 3481 4903 fuerant,

1914 4947 2109 5018 quibus
2142 4945 2217 4998 ait
2246 4962 2258 4996 :
2300 4963 2317 4994 ι
2355 4941 2495 5007 Quid
2523 4941 2611 4996 hic
2638 4939 2833 5010 agitis?
2865 4955 2884 4988 ι
2918 4936 3000 4990 Illi
3031 4943 3211 4990 autem
3247 4949 3260 4985 :
3291 4951 3309 4982 ι
3344 4927 3482 4983 Mul-

1914 5039 1982 5094 tis
2006 5038 2117 5108 jam
2144 5036 2336 5091 diebus
2371 5035 2462 5111 hic
2506 5031 2864 5095 custodimur,
2892 5043 2962 5083 ne
2988 5027 3274 5083 veritatem
3302 5021 3485 5078 dicere

1914 5131 2091 5186 liceat.
2133 5149 2151 5180 ›
2176 5159 2248 5169 -
2272 5148 2290 5178 ι
2329 5126 2375 5181 Α
2393 5141 2650 5196 quonam,
2676 5123 2871 5193 inquit,
2889 5135 2988 5176 vos
3009 5112 3422 5188 comprehensi?
3457 5131 3477 5162 ι

1914 5254 1984 5262 -
2009 5243 2025 5274 ‹
2049 5224 2088 5274 A
2110 5220 2366 5283 Mariano,
2392 5237 2409 5268 ι
2433 5205 2706 5273 dixerunt.
2724 5213 2917 5268 Statim
2935 5209 3210 5282 Augustus
3236 5204 3354 5262 dari
3378 5203 3485 5258 illis

3099 5329 3128 5352 δ

1914 5423 2121 5495 ἱῃιρενί.
2170 5417 2493 5495 conti-adut.
2525 5416 2620 5471 lib.
2657 5430 2731 5495 vi,
2775 5414 2825 5495 7,
2857 5411 2937 5495 sic
2970 5412 3038 5493 de
3075 5410 3207 5495 illo:
3252 5407 3484 5495 Joanne:

1913 5481 2524 5557 Constantinopolitanus
2553 5483 2846 5557 exagitentis
2875 5481 3056 5552 gloriae
3078 5483 3357 5557 ἔασεν-ἀοι..
3425 5539 3438 5557 2

1987 5561 2052 5628 (ε)
2085 5561 2162 5613 Ita
2206 5549 2598 5628 loquiturgipse
2625 5549 3051 5628 Chryspst'omus
3063 5549 3132 5604 de
3175 5549 3396 5604 Arsacio
3425 5553 3480 5590 In

1913 5619 2138 5702 cpistola
2178 5619 2630 5690 iss'ed.1uohir.,
2672 5631 2709 5676 t.
2741 5619 2831 5686 III,
2866 5635 2919 5689 ι).
2953 5619 3074 5675 670.
