4038 6154
519 259 728 301 LXXXIII

519 355 668 418 οἰκον
697 360 792 414 καὶ
822 359 1171 426 ἀναλώματα,
1201 358 1369 411 εἰπών
1389 375 1402 388 ·
1443 377 1460 409 ι
1488 357 1934 430 ἰιαρῤησιάξεσθε
1967 360 2108 414 κατά

524 453 626 524 τὴν
675 451 849 515 πόλιν,
900 451 1004 512 ἕως
1053 449 1118 502 ἂν
1175 449 1289 518 γνῶ
1341 449 1517 503 πάντα
1572 449 1641 501 τά
1693 450 2106 521 παρακολουθή-

525 559 695 598 σαντα
714 560 727 572 ·
756 563 775 594 ›
807 541 1068 603 κελεύσας
1098 541 1300 594 καὶτὸν
1334 540 1585 612 Ἰωάννην
1616 541 1708 593 καὶ
1733 541 1859 603 τοὺς
1891 541 2110 605 λοιποὺς

519 637 648 698 τοὺς
674 636 731 686 ἐν
758 632 943 703 ἐξορίᾳ
967 633 1183 701 τάχειον
1209 631 1496 702 ἐνεχθῆναι
1518 651 1529 664 ·
1564 633 1658 686 καὶ
1690 633 1950 704 μανθάνει
1980 634 2108 704 περὶ

519 729 620 798 τῆς
649 724 980 788 τελειώσεως
1019 725 1266 778 Ἰωάννου
1299 725 1398 794 (α).
1487 777 1492 782 ,

590 818 695 874 κθ’.
714 819 824 871 Kal
845 815 1221 888 ἐπηρώτησεν·
1254 836 1272 868 ι
1299 816 1431 881 Ποῦ,
1454 835 1472 866 ι
1509 817 1694 887 φησιν,
1715 834 1732 866 ι
1758 817 1806 868 οἱ
1830 814 2107 888 ἄνθρωποι

520 912 620 981 τῆς
654 908 905 980 Ῥώμηςς
949 928 967 960 ι
1003 910 1066 961 Οἱ
1097 908 1152 961 δὲ
1184 905 1336 961 εἷπον
1367 909 1458 961 τὸν
1491 908 1652 960 τόπον
1677 909 1736 959 ἐν
1767 902 1811 974 ᾧ
1829 903 1969 977 ἦσαν
2005 924 2106 961 κα-

521 1001 849 1056 τάκλειστοι.
899 1000 1007 1054 Kal
1035 999 1257 1070 πέμψας
1291 1001 1522 1070 ἤνεγκεν
1574 999 1770 1062 αὐτοὺς
1825 999 2105 1070 ψυχορρα-

521 1093 751 1160 γοῦντας
793 1093 902 1145 ἀπὸ
931 1092 1026 1145 τοῦ
1073 1092 1233 1162 λιμοῦ
1258 1109 1273 1122 ·
1317 1094 1412 1144 καὶ
1461 1091 1610 1158 λέγει
1659 1091 1844 1151 αὐτοῖς
1881 1091 1910 1142 ὁ
1945 1089 2103 1158 βασι-

522 1185 681 1250 λεύς·
728 1203 746 1235 ι
777 1185 949 1239 Πόσον
990 1186 1114 1237 ἐστέ
1169 1183 1634 1253 ἐγκεκλεισμένοι,
1686 1181 1781 1234 καὶ
1828 1181 1915 1234 διὰ
1960 1181 2107 1243 τίνος

525 1276 932 1348 ἐνεκλείσθητε;
967 1296 986 1327 ι
1025 1278 1086 1330 Οἱ
1131 1277 1188 1329 δὲ
1242 1273 1425 1328 εἷπον·
1482 1293 1500 1324 ι
1529 1273 1628 1326 Διὰ
1677 1271 1958 1344 Μαριανοῦ
2013 1270 2106 1324 καὶ¹

521 1367 629 1420 τῶν
667 1368 799 1423 υἰῶν
828 1368 1013 1430 αὑτοῦ,
1060 1368 1238 1438 μικρῷ
1269 1365 1418 1438 ἄρτῳ
1465 1367 1559 1420 καὶ
1597 1365 1749 1418 ὕδατι
1785 1363 2101 1432 τηκόμενοι,

523 1459 832 1531 ἀσύντυχοι,
879 1461 951 1532 μὴ
993 1460 1270 1528 βαλανεῖον
1315 1459 1540 1520 εἰδότες,
1575 1457 1650 1527 μὴ
1685 1457 1802 1525 φῶς
1836 1454 2108 1524 κανδήλας

524 1551 784 1621 ἀείραντες,
812 1553 1052 1623 σήμερον
1069 1551 1430 1622 τετράμηνον.
1458 1567 1476 1600 ι
1499 1548 1606 1601 Τοῦ
1635 1548 1694 1600 δέ
1723 1545 1987 1616 βασιλέως
2015 1545 2107 1598 ἐπὶ

521 1645 636 1706 τοῖς
658 1643 968 1713 λεγομένοις
990 1642 1061 1696 τὰ
1081 1641 1364 1712 σπλάγχνα
1387 1637 1769 1710 ἐτηγανίζοντο
1783 1655 1794 1668 ·
1822 1637 2106 1690 ἐκέλευσεν

521 1734 578 1788 δέ
607 1733 830 1796 τούτους
860 1734 1039 1804 πάσης
1069 1730 1429 1794 ἀναπαύσεως
1462 1727 1778 1783 ἀπολαύειν.
1808 1727 1918 1780 Kal
1946 1725 2109 1788 εὐθὺς

522 1825 616 1877 τὸν
659 1825 939 1896 Μαριανὸν
988 1823 1082 1877 καί
1131 1824 1257 1885 τοὺς
1309 1821 1458 1883 υἰοὺς
1509 1817 1675 1872 αὐτοῦ
1722 1817 1809 1869 ἐπ’
1843 1816 1962 1886 ὄψει
2004 1815 2108 1884 τῆς

524 1913 780 1978 Εύδοξίας
806 1913 1203 1984 διχοτομεῖσθαι
1236 1911 1541 1974 ἐκέλευσεν,
1572 1907 1740 1972 τάξας
1777 1907 1846 1960 τά
1879 1905 2108 1976 σώματα

523 2005 702 2059 αὐτῶν
756 2004 931 2070 ξύλοις
986 2002 1343 2058 ἐκτανύεσθαι
1399 2002 1471 2072 (b)
1497 2019 1510 2033 ·
1563 2001 1849 2054 ἐκέλευσεν
1904 1999 1962 2052 δέ
2011 1999 2107 2052 καὶ

522 2096 734 2158 πάντας
782 2096 909 2157 τοὺς
968 2096 1254 2163 συγγενεῖς
1310 2093 1482 2162 αὐτῆς
1535 2092 1664 2154 τοὺς
1711 2091 1917 2153 αἰτίους
1970 2089 2106 2159 σφά-

524 2184 750 2250 ζεσθαι·
783 2185 880 2254 τὴν
929 2184 986 2237 δέ
1033 2183 1294 2252 Θεοδότην
1347 2183 1464 2254 ἅμα
1501 2183 1580 2252 τῷ
1619 2181 1773 2252 ἀνδρί
1819 2181 1986 2250 αὐτῆς
2029 2180 2107 2249 τῷ

527 2275 758 2348 ῥεύματι
801 2274 1041 2346 ἐρῤιψεν.
1083 2276 1147 2328 οι
1189 2273 1246 2327 δέ
1295 2275 1506 2328 πολῖται
1543 2271 1964 2335 ἐπαναστάντες,
2014 2270 2106 2322 τὸν

538 2366 824 2436 ’Δρσάκιον
876 2366 1040 2430 λίθοις
1076 2366 1150 2437 (f.
1190 2367 1257 2419 75
1295 2363 1346 2434 b)
1385 2363 1631 2429 ἐδίωξαν,
1674 2363 1770 2414 καὶ
1825 2359 2108 2430 προχειρί-

526 2456 716 2520 ζονται
757 2457 1019 2510 Ἀττικόν.
1055 2457 1167 2508 Kal
1203 2453 1382 2508 λαϐὼν
1411 2455 1440 2505 ὁ
1473 2453 1757 2521 Ἀρκάδιος
1794 2450 1971 2503 πάντα
2015 2449 2108 2502 τὸν

525 2548 729 2618 κόσμον
769 2547 861 2599 τοῦ
907 2545 1160 2615 σώματος
1195 2543 1297 2613 τῆς
1342 2541 1636 2606 Εύδοξίας,
1677 2541 1976 2595 ἐνέκλεισεν
2009 2540 2107 2594 αύ-

523 2637 725 2708 τὴν,ἐν
757 2635 1113 2706 κουϐουκλίῳ,
1145 2634 1328 2705 δείρας
1360 2633 1616 2703 ἰσχυρῶς,
1650 2630 1989 2705 πειρώμενος
2015 2629 2108 2683 αύ-

526 2727 628 2798 τήν
650 2726 1183 2797 κα¹ιλιμοκτονῆσαι·
1219 2724 1398 2778 λαϐὼν
1430 2724 1485 2777 δὲ
1508 2725 1726 2778 ἃπαντα
1761 2723 1852 2776 τὸν
1883 2723 2105 2794 χρυσὸν,

528 2813 837 2885 θησαυροὺς
874 2813 1222 2867 κατέθεικεν·
1259 2812 1400 2866 ὥστε
1446 2811 1660 2885 ἐκείνην
1692 2811 1993 2882 πληγεῖσαν
2026 2812 2108 2864 αἰ-

531 2907 794 2977 μόρῤοιαν
832 2905 1015 2958 λαϐεῖν
1043 2904 1131 2974 (c).

597 2997 661 3052 λ’.
713 2997 770 3050 '0
813 2993 907 3050 οὖν
949 2996 1202 3067 βασιλεὺς
1231 2996 1323 3050 τὸν
1370 2996 1656 3066 Ἀρσάκιον
1691 2994 1769 3063 (ιί)
1800 2995 1893 3047 καὶ
1945 2993 2108 3046 Ἀκά-

528 3106 646 3142 κιον
695 3089 789 3142 τὸν
853 3089 1110 3162 Βεροίας,
1171 3089 1265 3142 καὶ
1322 3090 1449 3152 τοὺς
1509 3088 1600 3142 τὸν
1648 3087 1806 3154 λόγον
1850 3085 2108 3153 Θεοφίλου

527 3177 834 3244 ποιοῦντας,
875 3181 1081 3252 πέμπει
1114 3181 1193 3244 εἰς
1226 3178 1444 3250 Ῥώμην
1480 3176 1811 3248 Ἰννοκεντίῳ
1839 3175 1918 3247 τῷ
1951 3177 2110 3247 πάπᾳ

529 3268 648 3338 μετ’
678 3269 966 3340 ἐπιστολῆς
1022 3269 1309 3340 τοιαύτης·
1352 3287 1370 3321 ι
1414 3268 1694 3340 Ἀρκάδιος
1747 3268 1858 3330 υἱὸς
1912 3266 2108 3337 ὑμέτε-

531 3374 654 3428 ρος,
692 3361 759 3429 τῇ
807 3359 1048 3430 ὑμετέρᾳ
1097 3360 1418 3430 πατριότητι
1469 3361 1528 3412 ἐν
1585 3358 1806 3429 Χριστῷ
1871 3357 2105 3426 χαίρειν·

526 3437 738 3508 Πάντες
777 3447 1050 3516 ἄνθρωποι
1091 3449 1288 3515 ἴσασιν,
1328 3451 1410 3502 ὅτι
1442 3449 1511 3502 τὰ
1545 3448 1686 3502 κατά
1715 3447 1938 3514 ἀγνοιαν
1981 3445 2107 3499 οὔτε

526 3532 666 3596 Θεὸς
702 3531 824 3586 οῦτε
866 3536 1020 3604 νόμοι
1071 3535 1400 3598 ἐκδικοῦσιν,
1431 3534 1545 3587 ἀλλ’
1577 3533 1697 3586 ούδέ
1750 3533 1909 3596 ἀλλος
1967 3531 2110 3603 ύπέρ

528 3624 688 3678 άλλου
727 3623 882 3696 δίκην
917 3625 1073 3680 τίσει.
1113 3625 1282 3680 Τοῦτο
1320 3627 1377 3678 δέ
1419 3624 1556 3695 ἔφην
1607 3622 1966 3694 πληροφορῶν
2009 3623 2107 3693 τὴν

529 3715 630 3787 σὴν
658 3716 932 3786 ὁσιότητα,
975 3715 1378 3787 ἐπομνυόμενος
1405 3715 1466 3768 τὸ
1497 3713 1834 3784 παηεπόχον
1864 3714 1932 3783 (e)
1971 3712 2106 3767 Θεοῦ

531 3807 751 3878 κράτος,
789 3806 955 3859 ὅτιτί
989 3806 1186 3878 συνέϐη
1229 3806 1369 3860 κατὰ
1409 3806 1476 3860 τὰ
1509 3805 1764 3870 ἐνταῦθα,
1811 3807 1912 3858 οὐκ
1957 3801 2104 3858 οἰδα·

533 3894 723 3966 μαθὼν
767 3895 824 3950 δὲ
875 3896 1113 3970 ἀρτίως,
1171 3899 1353 3951 πᾶσαν
1407 3897 1686 3967 ἐκδίκησιν
1749 3895 1979 3966 ἐποίησα
2029 3895 2109 3965 τῷ

533 3987 838 4058 πράγματι.
888 3987 1011 4053 Τοῖς
1059 3987 1169 4059 γὰρ
1222 3987 1456 4059 ἱερεῦσιν
1507 3988 1568 4041 τὸ
1615 3990 1788 4058 κρῖμα
1843 3987 2104 4053 ἀποδοὺς,

532 4077 644 4147 ἐγὼ
676 4077 925 4150 οὐδαμῶς
978 4079 1311 4151 ἐκοινώνησα
1359 4079 1436 4149 τῷ
1483 4079 1735 4150 κρίματι,
1766 4079 1881 4132 ἀλλ’
1924 4079 1999 4144 ὡς
2042 4078 2108 4132 ἂν

535 4168 770 4221 συνεῖδον
809 4169 1187 4240 διεπράξαντο,
1218 4170 1294 4232 ὡς
1336 4169 1493 4239 ἔφην,
1545 4169 1809 4240 μηδαμῶς
1850 4187 1952 4240 μου
1997 4173 2108 4234 τοῖς

532 4260 952 4330 ἐπιχειρήμασιν
997 4259 1178 4313 αὐτῶν
1237 4262 1684 4332 κοινωνήσαντος.
1730 4261 1859 4315 ’ἰδοὺ
1906 4261 1971 4333 δὴ
2014 4263 2111 4316 καὶ

533 4348 660 4410 τοὺς
696 4347 903 4411 αἰτίους
947 4347 1246 4404 ἀπέστειλά
1296 4367 1405 4404 σοι·
1447 4350 1507 4416 ἐξ
1557 4350 1735 4404 αὐτῶν
1790 4352 2005 4424 μαθήσῃ
2059 4353 2108 4404 εί

531 4437 708 4506 ἔγνων
735 4455 788 4492 τι
821 4437 930 4493 τῶν
969 4439 1111 4493 οῦτω
1137 4441 1476 4513 νεωτερικῶς
1501 4442 1836 4514 προϐάντων.
1885 4443 2110 4506 Ἐτάσας

531 4525 624 4585 οῦν
656 4531 726 4584 τά
749 4533 812 4586 ού
847 4533 914 4586 δι’
951 4532 1087 4604 ἐμοῦ
1129 4533 1463 4605 πραχθέντα,
1495 4535 1589 4588 καὶ
1618 4533 1814 4605 εὑρὼν,
1843 4534 1968 4602 ἀνες
2011 4533 2109 4603 τῆς

531 4625 908 4695 πνευματικῆς
957 4642 1058 4695 μου
1098 4627 1342 4698 φρουρᾶς
1368 4625 1470 4696 ἐμέ
1508 4643 1567 4680 τε
1599 4627 1693 4680 καὶ
1722 4626 1822 4696 τὴν
1871 4623 1969 4695 σήν
2016 4623 2110 4677 θυ-

606 4731 684 4814 _(_a)
726 4733 1203 4814 Breviorc,_quam
1248 4755 1347 4808 par
1393 4747 1502 4814 est,
1531 4739 1616 4814 yia
1663 4737 1886 4814 festinat
1927 4739 1991 4792 ad
2028 4741 2108 4794 rei

533 4805 742 4856 exitum
787 4812 974 4858 noster
1006 4805 1345 4862 Theodorus.
1401 4807 1616 4861 Etenim
1653 4808 1869 4863 aliunde
1898 4818 2110 4866 constat

531 4872 978 4942 Chrysostomum
1002 4873 1058 4926 in
1078 4875 1267 4928 exsilio
1294 4875 1527 4929 triennio
1556 4891 1677 4931 esse
1706 4887 1999 4933 versatum.

607 4940 678 5017 (li)
721 4940 982 5017 Georgius
1001 4957 1056 5012 p.
1097 4943 1203 4998 249
1230 4943 1349 5009 ﬁn.,
1388 4945 1445 4995 ἐν
1488 4944 1666 5009 ξύλοις
1711 4947 2104 5017 κρεμασθῖωαι,

536 5009 690 5079 lignis
710 5009 973 5079 guspehdi.

609 5078 675 5151 (ς)
715 5077 828 5135 lmo
852 5095 915 5151 ex
948 5082 1050 5135 hac
1078 5081 1330 5151 passione
1363 5081 1684 5137 exstinctam
1736 5081 2110 5141 miserabiliter

535 5146 784 5226 [cedéque
809 5146 1140 5226 _E_qdoxiam,
1178 5163 1371 5226 narrat
1407 5151 1560 5226 apud
1602 5153 1918 5226 pra-dictum
1952 5154 2109 5210 Savi-

535 5215 666 5293 liu_m
697 5215 933 5293 _p._368,
971 5237 1270 5293 anonymus
1320 5215 1682 5293 biog'raphiis;
1733 5223 1888 5289 cujus
1945 5226 2106 5280 verba

533 5286 726 5378 altera]?
756 5287 941 5345 Graece
963 5286 1192 5372 recitare
1213 5286 1752 5378 ῇυναιιἏίμορροίας
1849 5293 2108 5378 δύστηνος

537 5355 761 5436 ξύδοξία
829 5355 1527 5436 τιεριπεσοῦσα⁷συμφορᾷ,
1567 5355 1661 5418 καὶ
1705 5355 1878 5436 ταύτῃ
1923 5355 2108 5427 δεινῶς

533 5422 674 5504 ᾂγαν
705 5422 1096 5504 μαραινομένη,
1118 5435 1215 5502 τήν
1243 5450 1302 5504 τε
1321 5422 1626 5504 ’λεγομένην
1661 5422 1892 5504 σύριγγά
1917 5436 1972 5504 ἐν
1995 5422 2105 5497 τοῖξ

428 5557 436 5566 ⁸
534 5496 878 5581 άκποκρύφοις
915 5496 1254 5581 ἐκϐράσασα,
1282 5496 1546 5581 δυσωδίας
1583 5496 1640 5581 τε
1678 5496 1773 5558 καὶ
1796 5496 2106 5581 ’σκωλήκων

531 5564 640 5645 ιλῳ
671 5564 748 5638 τῷ
771 5564 1402 5645 ’σώματιξπληρωθεῖσῳ
1435 5564 1735 5645 ώςνπάσας
1766 5575 1863 5645 μέν
1907 5564 2105 5645 ἰατρῶν

533 5637 746 5708 τέχνας,
776 5637 951 5706 πάσας
989 5642 1043 5695 δέ
1073 5637 1377 5713 ἀρωμάτων
1391 5637 1483 5698 ἐπ’
1515 5644 1650 5713 αὐτῇ
1678 5637 1902 5705 εὐωδίας
1932 5637 2121 5712 ἀρ’-(ἦε

1687 244 2033 301 THEODORI
2075 246 2600 305 TRIMITHUNTINI

3591 268 3810 310 ιιειη

2215 365 2440 436 γατέρα,
2468 358 2535 435 ἦς
2563 364 2625 416 τὸ
2669 363 2889 434 σφάλμα
2917 366 2975 416 ἐν
3015 362 3205 428 κόποις
3243 364 3530 420 ἀπέδωκα·
3560 367 3676 421 ἀλλ’
3717 369 3810 423 σε·

2211 470 2426 524 κτειρον
2481 455 2558 517 ὡς
2611 453 2732 517 ἔθος
2786 470 2888 508 σοι.
2933 453 3024 522 Μὴ
3079 450 3171 507 οῦν
3224 454 3412 509 ἐκδίκα
3462 456 3545 521 δὶς
3591 459 3686 511 ἐπὶ
3739 457 3806 512 τὸ

2209 545 2369 606 αὐτὸ,
2424 545 2558 598 ἀλλά
2632 545 2886 597 κέλευσον
2942 546 3090 614 ήμᾶς
3146 544 3240 596 τοῦ
3315 545 3634 613 ἀγιαστικοῦ
3701 549 3803 601 καὶ

2208 636 2476 705 ἀχράντου
2508 636 2757 706 σώματος
2789 634 2881 687 τοῦ
2912 634 3118 706 Κυρίου
3150 635 3306 705 ἡμῶν
3342 636 3517 707 Ἰησοῦ
3549 637 3799 708 Χριστοῦ

2211 731 2518 797 μετασχεῖν,
2552 728 2643 780 καὶ
2696 727 2770 796 μὴ
2823 725 3165 798 διακωλύσῃς
3213 728 3398 797 ἡμᾶς·
3442 727 3530 781 διὰ
3576 729 3682 801 γὰρ
3736 730 3801 783 τὺ

2206 819 2374 888 ὄνομα
2418 818 2604 882 αὑτοῦ,
2636 818 2726 870 καὶ
2773 817 2873 887 τὴν
2919 815 3018 886 σὴν
3063 816 3382 888 θεραπείαν,
3423 818 3560 890 (καὶ)
3593 819 3692 890 τὴν
3739 822 3802 873 ἐν

2205 909 2368 963 πάθει
2407 908 2762 962 κακοθέλειαν
2791 907 3098 978 γεναμένην
3127 909 3207 970 εἰς
3236 910 3404 978 ἡμᾶς,
3422 909 3580 963 τοῦτο
3615 912 3802 982 ἐποιήο

2219 1019 2390 1072 σαμεν
2429 1003 2526 1076 (f).
2555 1021 2576 1054 ›

2275 1093 2376 1146 λα’.
2415 1092 2620 1160 Γράφει
2669 1091 2725 1143 δὲ
2774 1089 2922 1159 αύτῷ
2961 1091 3056 1143 καί
3098 1089 3358 1156 Εύδοξία·
3399 1111 3416 1142 ι
3448 1092 3626 1162 Πατρὶ
3673 1093 3802 1163 ἐμῷ

2206 1183 2560 1254 πνευματικῷ
2599 1185 2657 1235 ἐν
2705 1181 2897 1251 Κυρίῳ
2935 1180 3162 1251 χαίρειν·
3212 1181 3345 1234 Λίαν
3382 1181 3492 1250 ἐγὼ
3550 1182 3801 1250 πέσφαλο

2209 1293 2327 1345 μαι,
2360 1275 2441 1328 ὅτι
2468 1273 2572 1326 τῶν
2597 1273 2914 1342 γεναμένων
2942 1274 3020 1334 εἰς
3051 1272 3149 1341 ἐμὲ
3185 1273 3419 1326 ἀνιάτων
3454 1273 3549 1327 καὶ
3578 1274 3798 1341 ἀλόγων

2206 1366 2416 1436 ῦϐρεων
2465 1363 2617 1435 παρά
2679 1364 2927 1417 Ἰωάννου
2977 1363 3077 1414 οὐκ
3130 1363 3412 1433 ἀνήγαγον
3450 1367 3516 1434 τῇ
3568 1366 3635 1434 σῇ
3693 1366 3797 1416 ἐπ-

2204 1454 2374 1525 εξόχῳ
2407 1453 2482 1525 (g)
2535 1453 2781 1523 κεφαλῇ·
2821 1451 3041 1515 πάντως
3087 1451 3197 1520 γὰρ
3245 1452 3386 1522 ὑπὲρ
3411 1451 3544 1521 ἐμοῦ
3582 1453 3797 1520 ἀγανα-

2204 1547 2402 1617 κτῆσαι
2441 1541 2606 1616 εἶχες.
2645 1545 2831 1597 Πᾶσαν
2869 1541 2980 1613 γὰρ
3013 1540 3178 1611 ,αὐτῷ
3221 1540 3386 1611 τιμὴν
3427 1541 3799 1614 εἰσφερούσης

2208 1657 2332 1710 μου,
2364 1639 2504 1693 πάνυ
2539 1636 2763 1708 ἀτιμίαν
2814 1633 3195 1705 ἀντεισέφερέν
3229 1650 3318 1703 μοι
3339 1650 3352 1663 ·
3385 1634 3482 1687 καὶ
3530 1633 3802 1698 πολλάκις

2205 1729 2356 1800 παρὰ
2384 1728 2593 1795 πολλῶν
2622 1725 2975 1798 παραινεθείς
3007 1724 3322 1778 παύσασθαι
3352 1723 3460 1778 τῶν
3493 1724 3612 1778 κατ’
3645 1724 3793 1794 ἐμοῦ

2205 1821 2290 1874 ἐπ’
2319 1819 2613 1890 ἐκκλησίας
2659 1817 2870 1889 ὕϐρεων
2903 1816 3011 1870 τῶν
3047 1815 3306 1878 πολλάκις
3352 1817 3472 1868 κατ’
3503 1816 3644 1886 ἐμοῦ
3693 1833 3798 1887 κη-

2206 1912 2574 1983 ρυττομένων,
2603 1911 2704 1964 ούκ
2747 1909 3044 1971 ἐπαύσατο,
3091 1908 3206 1961 ἀλλ’
3254 1907 3509 1980 ὀξύτερος
3549 1909 3646 1961 καὶ
3696 1909 3800 1979 ἐμ-

2207 2001 2535 2074 μανέστερος
2566 2001 2694 2071 περί⁵
2740 2000 2908 2063 αύτάς
2957 2000 3166 2067 ἐγίνετο
3208 1998 3306 2070 (Ῑι).
3344 2000 3441 2061 Τίς
3485 1999 3594 2071 γάρ
3643 1998 3799 2070 αύτῷ

2203 2092 2362 2146 τοῦτο
2401 2091 2805 2162 παραδέδωκεν,
2835 2091 2895 2143 τὸ
2932 2089 3071 2159 μετὰ
3107 2089 3204 2153 τὰς
3251 2091 3415 2158 ἁγίας
3461 2089 3571 2142 τῶν
3615 2091 3798 2157 Εύαγ-

2204 2183 2398 2251 γελίων
2424 2181 2674 2253 γραφὰς,
2708 2180 2917 2251 ὕϐρεων
2949 2179 3258 2251 ἀκορέστων
3296 2177 3395 2242 τὰς
3440 2179 3610 2242 ἀκοὰς
3652 2179 3798 2235 πάν-

2203 2290 2310 2326 των
2354 2274 2634 2343 πιμπλᾷν;
2671 2271 2881 2340 ἀγνοῶν
2911 2273 2993 2325 ὄτι
3020 2271 3120 2324 ούκ
3155 2272 3211 2324 ἐν
3241 2272 3364 2342 ἐμοὶ
3397 2271 3572 2325 ταῦτα
3616 2289 3795 2343 προσ-

2203 2363 2414 2433 έφερεν,
2443 2362 2578 2416 ἀλλά
2605 2365 2724 2426 ταῖς
2769 2361 2942 2425 θείαις
2971 2361 3341 2424 διδασκαλίαις
3367 2358 3455 2426 αἷς
3496 2361 3608 2414 ἔδει
3653 2365 3794 2432 παρ’

2204 2452 2387 2506 αὑτοῦ·
2419 2451 2836 2523 ἑρμηνεύεσθαι.
2882 2451 3053 2506 Τοῦτο
3084 2453 3141 2505 δέ
3188 2450 3548 2521 γινώσκουσιν
3598 2453 3696 2506 καὶ
3741 2454 3796 2506 oi

2205 2544 2636 2606 ἐνδιαϐάλλοντες
2680 2545 2828 2614 ἡμᾶς
2872 2546 2938 2614 τῇ
2983 2546 3047 2614 σῇ
3101 2545 3400 2615 περιφήμῳ
3443 2542 3589 2614 ἀξίᾳ.
3635 2543 3700 2596 Εἰ
3734 2543 3798 2597 δὲ

2207 2636 2436 2708 θελήσῃς
2470 2637 2619 2710 πάσῃ
2671 2637 2928 2708 ἀκριϐείᾳ
2970 2637 3032 2689 τὸ
3087 2635 3299 2689 τοιοῦτο
3346 2635 3600 2706 ζητῆσαι,
3636 2633 3798 2706 παρὰ

2208 2727 2414 2781 πολλῶν
2445 2727 2911 2800 πληροφορηθήσῃ
2947 2728 3028 2780 ὅτι
3057 2727 3155 2796 ούχ
3185 2726 3387 2797 ἐτέρως
3417 2725 3653 2796 ἔγραψα.
3687 2725 3796 2779 Ἴδε

2207 2819 2458 2889 προφανῆ
2492 2817 2553 2887 (ἰ)
2590 2817 2882 2888 μαρτύρων
2927 2818 3062 2890 πρὸς
3095 2819 3312 2871 ἃπασαν
3364 2816 3464 2887 τὴν
3508 2816 3795 2888 ἀλήθειαν,

2207 2909 2364 2962 ἀτινα
2389 2907 2707 2978 διηκόνησεν
2739 2908 3022 2979 ἐκατέροις
3048 2910 3117 2962 τά
3153 2909 3288 2980 πρὸς
3326 2910 3547 2980 εἰρήνην
3567 2926 3579 2938 ·
3612 2909 3680 2963 δι’
3717 2905 3796 2964 ὧν

2207 3001 2302 3053 καὶ
2335 2998 2482 3070 δῶρα
2522 2998 2694 3052 πολλά
2720 2999 3019 3053 ἀπέστειλα
3047 2999 3214 3068 αὐτῷ,
3247 3000 3405 3053 ἅτινα
3447 3000 3494 3052 εἰ
3526 2994 3673 3070 εῖχεν
3704 3001 3798 3052 πί-

2209 3108 2323 3144 στιν
2375 3089 2532 3155 Θεοῦ,
2582 3089 2815 3158 ῶφειλεν
2876 3090 3037 3144 αὑτὸν
3104 3089 3456 3159 ἐπιστομίσαι
3517 3089 3617 3159 τῆς
3668 3089 3794 3144 κατ’

2207 3176 2340 3248 ἐμοῦ
2378 3176 2572 3245 ἀλόγου
2607 3177 2896 3248 φλυαρίας.
2945 3176 3198 3246 Εἰσὶν.δέ
3253 3170 3420 3240 οῦτοι,
3458 3175 3736 3248 Ἠρωδίων
3761 3177 3797 3230 ὁ

2209 3270 2514 3339 πατρίκιος,
2547 3268 2695 3333 ὅστις
2735 3269 2871 3340 πρὸς
2917 3266 3009 3321 τοῦ
3047 3267 3140 3320 σοῦ
3188 3266 3330 3332 υἱοῦ,
3361 3267 3517 3338 ήμῶν
3562 3267 3619 3320 δέ
3669 3284 3795 3320 συν-

2208 3359 2422 3429 θρόνου,
2458 3359 2740 3428 ἀπεστάλη
2777 3358 2893 3428 ἅμα
2932 3355 3191 3427 ’Ῑωϐιανῷ
3229 3357 3336 3410 ἀπὸ
3379 3355 3793 3428 στρατηλατῶν,

2207 3451 2300 3502 καὶ
2332 3449 2731 3518 Συγκλητικός·
2783 3441 2930 3499 οῦτοι
2973 3448 3021 3499 οἱ
3081 3449 3231 3516 τρεῖς
3279 3447 3433 3518 παρά
3488 3447 3569 3499 σοί
3616 3449 3787 3500 εἰσιν·

2207 3540 2441 3594 ἐνταῦθα
2489 3539 2546 3591 δέ
2599 3537 2867 3608 Ἰσίδωρος
2928 3538 3176 3610 κυέστωρ
3225 3539 3320 3590 καὶ
3389 3537 3794 3608 σωματοφύλαξ

2206 3631 2314 3684 τῶν
2343 3631 2626 3702 ἡμετέρων
2667 3627 2960 3693 κοιτώνων,
2997 3629 3197 3694 Βύζας,
3229 3629 3323 3682 καὶ
3359 3628 3659 3700 Ῥώμιλλος
3700 3629 3792 3683 καὶ

2207 3719 2314 3773 ἀπὸ
2341 3718 2602 3788 ὑπάρχων
2647 3716 2756 3770 τῶν
2802 3719 3175 3788 πραιτωρίων,
3210 3719 3304 3771 καὶ
3347 3719 3449 3788 τῆς
3483 3719 3792 3791 συγκλήτου

2211 3810 2392 3873 ἱκανός
2421 3809 2506 3880 (j).
2556 3809 2694 3862 Ἀλλ’
2733 3808 2885 3862 οὐδὲν
2930 3809 3118 3880 ἕτερον
3167 3808 3452 3875 ἔσπευσεν,
3480 3811 3529 3862 εί
3576 3810 3651 3880 μὴ
3698 3810 3793 3862 τὸν

2207 3900 2471 3974 ἡμέτερον
2505 3899 2797 3972 σύνθρονον
2839 3897 3212 3960 σκανδαλίσαι,
3243 3898 3329 3952 ἵνα
3370 3898 3468 3967 τῆς
3514 3897 3792 3968 βασιλείας

2218 4010 2286 4063 με
2321 3991 2518 4064 ἐξώσῃ.
2553 3993 2740 4064 Ὅμως
2777 3995 2805 4046 ὁ
2842 3991 2973 4054 Θεὸς
3016 3991 3345 4062 ἀμφοτέροις
3393 3990 3634 4045 δικάσοιί
3679 3991 3793 4062 Τὴν

2207 4083 2316 4152 γὰρ
2349 4083 2621 4153 βασιλείαν
2659 4084 2691 4154 ή
2744 4080 3009 4153 ἱερωσύνη
3042 4085 3315 4152 τυραννεῖ.
3347 4081 3662 4151 Παρακαλῶ
3697 4077 3792 4136 οῦν

2208 4172 2377 4226 ταῦτα
2429 4173 2661 4244 ζητῆσαι
2714 4172 2881 4242 χωρὶς
2933 4169 3162 4242 θορύϐου
3219 4171 3312 4224 καὶ
3370 4170 3643 4238 διανοίας,
3698 4171 3794 4225 καὶ

2211 4264 2453 4334 κυρῶσαι
2483 4267 2562 4326 εἰς
2603 4265 2749 4333 ἡμᾶς
2795 4263 3037 4332 ἀγάπην,
3071 4260 3210 4314 κατά
3259 4261 3320 4314 τὸ
3368 4263 3787 4336 γεγραμμένον·

2211 4357 2303 4409 καί
2351 4355 2452 4424 τῆς
2487 4355 2647 4424 ἁγίας
2687 4354 3016 4424 Ἐκκλησίας
3065 4354 3272 4418 πάντας
3316 4353 3790 4424 προσδεχομένης,

2215 4444 2288 4516 μὴ
2319 4444 2480 4507 αὐτὸς
2510 4444 2619 4497 τῶν
2661 4443 2918 4512 ἀγκαλῶν
2959 4443 3131 4512 αὐτῆς
3165 4443 3434 4514 περήσῃς
3477 4444 3647 4513 ήμᾶς.
3683 4442 3793 4495 Kal

2211 4538 2269 4591 ἐν
2295 4535 2483 4606 Κυρίῳ
2511 4535 2740 4606 ἔρρωσο,
2766 4534 2916 4606 τίμιε
2945 4533 3127 4604 Πάτερ
3158 4533 3252 4603 (lc).
3293 4553 3311 4586 ι

2286 4627 2366 4698 (F.
2399 4627 2467 4681 '76
2496 4625 2574 4698 a.)
2607 4625 2705 4696 λβ⁹.
2758 4625 3060 4696 Δεξάμενος
3089 4624 3146 4678 δὲ
3181 4624 3251 4679 τὰ
3276 4625 3582 4697 γράμματα
3610 4622 3791 4678 αὐτῶν

2173 4779 2176 4783 -
2214 4759 2322 4806 σαι,
2350 4740 2435 4793 ἐπ’
2468 4739 2658 4802 αὐταῖς
2681 4739 2936 4808 ἐσχάταις
2965 4739 3280 4808 ἀναπνοαῖς,
3315 4736 3437 4792 καθ’
3459 4736 3791 4808 ἃςνμάλιστα

2209 4813 2270 4864 τὸ
2323 4809 2556 4872 συνειδὸς
2596 4806 2950 4878 σφοδρότερον
2998 4807 3140 4861 κατά
3185 4808 3300 4878 τῶν
3351 4806 3564 4876 πονηρά
3586 4823 3792 4878 λγσυνειέ

2209 4825 2270 4864 το
2323 4825 2556 4872 συνειοος
2596 4825 2950 4929 σφοοροτερον
2998 4825 3140 4861 κατα
3185 4825 3293 4859 των
3351 4825 3564 4876 πονηρά
3613 4825 3789 4859 συνει-

2209 4881 2395 4966 δότων.
2437 4881 2665 4966 έαξιτοῖς,
2708 4879 3106 4966 ἐπείγεται
3149 4875 3789 4966 987459€£923ﬁ_€_5¥‘

2209 4953 2322 5012 τοῖς
2351 4951 2430 5011 εἰς
2476 4948 2567 5001 τὸν
2599 4948 2771 5017 μέγαν
2801 4947 3226 5069 τετολμημένοις
3271 4947 3784 5012 καταγινώσκουσα,

2211 5019 2556 5089 ἐλεειναῖςτε
2585 5017 2759 5089 ᾉαύτὸν
2794 5017 2888 5070 καὶ
2913 5033 2954 5089 νο
2979 5020 3178 5089 κτραῖς
3202 5017 3337 5089 ἀγαν
3369 5014 3787 5089 ἀνακαλουμένη

2212 5090 2436 5175 φωναῖς,
2471 5087 2841 5175 ἀποδεδωκυῖμ
2876 5087 2967 5140 τὸν
3013 5085 3353 5175 ἀμπελῶναι
3368 5086 3466 5175 καὶ
3505 5085 3573 5175 τά
3603 5085 3784 5175 ἅρπαξ

2211 5155 2378 5226 γέντα
2422 5159 2533 5219 τοῖς
2581 5157 2949 5289 ἐξικημένοις,
2990 5155 3106 5227 μετ’
3149 5157 3393 5226 οἰμωγῆς
3443 5155 3649 5224 ἀφάτου
3692 5155 3788 5207 καὶ

2209 5227 2401 5305 ὀδύνης
2437 5226 2598 5305 ἐξέφυ
2635 5244 2681 5305 ε..
2718 5227 2852 5305 μηδέ
2895 5227 2998 5305 τῆς
3040 5225 3199 5305 σοροῦ
3245 5224 3784 5305 ταύτηννπα-ραδεχο-

2214 5243 2401 5297 οουνης
2437 5243 2523 5289 εςε
2569 5243 2681 5289 υςε,
2718 5243 2852 5296 μηοε
2895 5244 2998 5295 της
3040 5243 3101 5278 σο
3171 5244 3199 5278 υ
3245 5243 3448 5294 ταυτην
3480 5243 3783 5293 παραοεχο-

2214 5298 2406 5376 μένης-
2429 5243 2583 5376 μετῖ-
2616 5296 2714 5366 τὴν
2763 5296 3036 5376 τελευτήν.
3085 5243 3304 5376 [ﬁdem‘
3339 5295 3471 5349 dicit
3521 5294 3783 5376 Georgius

2209 5365 2274 5444 p_._
2305 5366 2432 5431 255,
2449 5365 2780 5444 “ceteraqui
2820 5365 3144 5444 Theodorus
3160 5437 3170 5444 _
3189 5373 3370 5444 noster
3395 5365 3784 5444 Jsuperyixissc

2210 5434 2521 5516 aliquandiu
2578 5434 2728 5516 certe
2772 5437 2849 5516 ’τῇ
2917 5437 3210 5516 atposset;
3269 5434 3612 5516 existimabat
3671 5434 3785 5516 ἰξυ-

2210 5503 2445 5570 doxiam,
2505 5503 2848 5585 cujusinf-ra
2893 5503 3544 5585 refertexpostulantem
3603 5503 3787 5572 potius

2211 5592 2370 5646 quam
2432 5573 2779 5666 exeas-antem
2821 5574 3204 5666 epislgitimmad‘
3252 5573 3784 5666 _l_n_iiocf:‘uiu‘n_tuplr:z:

2217 5642 2361 5717 imm,
2410 5646 2663 5716 scriptam
2713 5645 2833 5701 sine
2883 5644 3047 5700 dubio
3089 5653 3371 5713 postquam
3423 5643 3490 5696 ab
3547 5642 3784 5699 Arcadio
