4038 6154
196 243 384 288 LXXXV

192 347 348 404 edes
378 346 545 417 jussit
571 355 627 402 et
669 347 964 420 impensas,
1010 353 1198 408 dicens
1232 374 1245 410 :
1293 377 1310 408 ι
1349 357 1536 414 Securi
1571 361 1626 415 in
1658 364 1792 418 urbe

191 440 520 507 versemini,
539 441 712 496 donec
740 457 840 514 ego
870 443 1076 515 reliqua
1103 447 1286 502 omnia
1313 464 1673 522 cognovero.»
1706 452 1794 508 Si-

190 532 427 602 mulque
451 533 631 602 jussit,
667 541 728 588 ut
765 533 1004 591 Joannes
1032 539 1323 608 creterique
1369 543 1438 596 ab
1471 545 1658 600 exsilio
1683 545 1793 600 cito

191 611 648 694 reportarentur;
693 636 1071 684 verumtamen
1111 630 1378 687 Joannem
1412 635 1537 690 vitae
1567 652 1790 692 cursum

189 731 605 773 consummasse
629 718 912 775 intellexit.

263 806 352 860 29-
395 805 605 861 Deinde
664 807 970 876 requisivit,
995 829 1014 861 ‹
1040 807 1269 865 Ubinam
1289 811 1450 882 legati
1473 814 1742 874 Romani?
1764 839 1782 872 ι

193 895 530 966 Dictumque
561 906 648 952 est
695 900 744 953 ei
775 900 842 954 de
887 901 1005 955 loco
1055 901 1148 955 ubi
1197 902 1270 956 illi
1301 906 1541 961 conclusi
1575 909 1791 964 detine-

191 987 418 1042 bantur.
451 989 782 1060 Mittensque
826 993 1115 1046 accersivit
1143 1009 1238 1048 eos
1262 995 1374 1064 jam
1405 999 1642 1054 animam
1677 1018 1789 1070 prae

192 1079 345 1136 fame
373 1089 620 1152 agentes.
652 1081 850 1152 Aitque
880 1083 985 1139 illis
1010 1085 1305 1155 imperator
1338 1107 1350 1142 :
1391 1109 1408 1141 ι
1443 1088 1657 1156 Quanto
1673 1094 1787 1162 jam

191 1178 461 1240 tempore,
495 1179 551 1224 et
572 1171 731 1240 cujus
755 1187 921 1242 opera
952 1175 1145 1231 reclusi
1179 1176 1388 1232 fuistis?
1423 1198 1442 1230 ι
1477 1181 1739 1238 Dixerunt
1770 1203 1782 1237 :

201 1281 221 1312 σ
261 1263 307 1314 Δ
359 1262 606 1318 Mariano
651 1265 944 1335 liberisque
972 1269 1110 1338 ejus,
1163 1271 1356 1342 exiguo
1398 1288 1539 1342 pane
1567 1285 1622 1330 et
1649 1292 1787 1346 aqua

190 1352 478 1417 macerati,
511 1353 659 1407 omni
686 1355 954 1424 colloquio
986 1359 1268 1427 prohibiti,
1299 1362 1418 1416 sine
1443 1363 1624 1418 balnei
1659 1382 1782 1432 usu,

192 1441 316 1496 sine
346 1443 457 1497 ullo
493 1443 732 1499 lucernae
765 1446 991 1512 lumine,
1036 1459 1230 1518 quarto
1270 1454 1468 1509 abhinc
1510 1472 1718 1512 mense.
1759 1476 1779 1508 ι

191 1532 326 1588 Haec
374 1533 505 1589 dum
564 1536 642 1590 illi
704 1536 976 1604 dicerent,
1022 1541 1249 1612 Augusti
1295 1545 1503 1600 viscera
1559 1557 1784 1617 torque-

192 1625 424 1690 bantur;
453 1627 721 1697 iussitque
753 1644 848 1684 eos
875 1632 1021 1684 omni
1053 1633 1242 1688 solatio
1273 1638 1525 1692 recreari.
1558 1637 1782 1693 Statim-

190 1729 301 1783 que
321 1716 624 1773 Marianum
644 1719 949 1791 liberosque
974 1725 1094 1793 ejus
1115 1725 1170 1780 in
1199 1737 1501 1797 conspectu
1524 1731 1783 1786 Eudoxiae

189 1807 408 1864 medios
450 1811 621 1864 secari
660 1812 952 1876 mandavit,
980 1815 1172 1871 volens
1199 1827 1254 1872 ut
1285 1819 1525 1889 ipsorum
1554 1837 1781 1892 corpora

191 1896 355 1967 lignis
387 1901 834 1959 extenderentur.
883 1903 1054 1960 Jussit
1093 1907 1319 1978 insuper
1357 1919 1416 1965 ut
1444 1913 1627 1967 cuncti
1670 1913 1782 1968 Au-

189 1997 366 2057 gusta:
411 1989 724 2070 familiares,
755 1993 846 2063 qui
878 1995 933 2050 in
961 2011 1122 2051 causa
1153 1999 1406 2065 fuissent,
1436 2018 1589 2071 teque
1632 2005 1793 2059 oeci-1

189 2065 489 2147 derentur,
520 2081 858 2139 Theodotem
889 2095 1071 2142 autem
1099 2103 1222 2143 cum
1255 2089 1372 2144 viro
1399 2065 1781 2149 suo-fluctibus

191 2171 493 2242 submergi.
531 2172 574 2226 Τ
579 2189 686 2228 unc
715 2175 864 2231 cives
898 2178 1130 2233 tumultu
1162 2179 1304 2235 facto
1327 2182 1609 2238 Arsacium
1641 2185 1780 2255 lapi-

191 2259 392 2315 dantes
430 2263 732 2332 ejecerunt,
777 2276 833 2322 ct
878 2267 1118 2324 Atticum
1164 2271 1464 2343 elegerunt.
1517 2273 1781 2332 Arcadius

189 2353 454 2423 posthinc
511 2357 832 2413 universum
900 2360 1158 2417 Eudoxice
1223 2374 1476 2419 ornatum
1534 2367 1775 2434 abstulit,

195 2444 484 2516 ipsamque
525 2448 778 2505 cubiculo
825 2453 1109 2518 conclusit,
1143 2456 1377 2526 graviter
1410 2458 1776 2525 verberatam;

142 2577 145 2579 -
189 2535 323 2605 quin
352 2545 408 2592 et
435 2539 578 2594 fame
611 2555 841 2598 enecare
870 2543 1114 2611 volebat;
1141 2547 1235 2600 sed
1257 2557 1404 2602 certe
1435 2549 1552 2616 ejus
1585 2565 1778 2604 aurum

191 2643 359 2684 omne
384 2630 516 2686 ﬁsco
544 2633 780 2701 addixit;
809 2635 925 2705 ipsa
955 2651 1084 2692 vero
1110 2653 1175 2692 ex
1205 2639 1527 2695 verberibus
1558 2641 1779 2713 sangui-

193 2719 280 2773 nis
305 2721 632 2790 proﬂuvium
657 2735 877 2795 experta
907 2736 1009 2782 est.

262 2812 356 2867 50.
396 2813 538 2884 Ergo
563 2815 839 2887 Augustus
885 2817 1168 2873 Arsacium
1193 2830 1353 2890 atque
1397 2821 1651 2876 Acacium
1681 2822 1780 2878 Be-

195 2917 355 2968 roeaa,
397 2912 456 2957 et
495 2921 589 2962 eos
631 2907 722 2976 qui
774 2908 920 2963 dicto
953 2909 1242 2980 Theophili
1289 2910 1504 2966 fuerant
1533 2912 1774 2978 obnoxii,

193 2991 345 3046 misit
373 2992 604 3048 Romam
649 2997 715 3050 ad
747 2996 1129 3051 Innocentium
1165 3013 1382 3067 papam,
1423 3014 1546 3053 cum
1584 3001 1778 3069 hujus-

194 3081 342 3135 modi
373 3083 641 3152 epistola:
681 3105 700 3136 ι
736 3086 1000 3142 Arcadius
1038 3087 1181 3142 ﬁlius
1228 3097 1431 3154 vester,
1463 3091 1777 3159 paternitati

193 3180 392 3228 vestrae.
429 3173 482 3226 in
513 3174 732 3229 Christo
776 3177 1024 3231 salutem.
1057 3176 1247 3232 Sciunt
1283 3194 1474 3235 omnes
1504 3181 1774 3247 homines,

191 3276 254 3314 ea
282 3277 407 3330 qua:
449 3279 548 3332 per
591 3265 944 3336 ignorantiam
991 3266 1132 3320 facta
1180 3277 1327 3329 sunt,
1369 3284 1399 3322 a
1431 3270 1640 3340 legibus
1665 3287 1777 3325 non

192 3353 409 3421 puniri;
443 3355 538 3409 sed
566 3371 745 3425 neque
774 3357 909 3411 alter
930 3373 1028 3427 pro
1055 3358 1229 3411 altero
1250 3373 1468 3427 poenam
1497 3361 1629 3415 luet.
1663 3361 1779 3416 Hoc

191 3446 299 3510 aio,
335 3455 396 3500 ut
423 3448 696 3502 sanctitati
725 3455 916 3504 vestrae
945 3449 1102 3504 fidem
1139 3448 1352 3515 faciam,
1386 3467 1483 3521 per
1521 3451 1616 3507 Dei
1647 3454 1774 3508 uni-

193 3538 464 3593 versalem
511 3540 809 3609 potentiam
854 3539 1066 3609 jurans,
1118 3555 1206 3594 me
1239 3541 1377 3595 nihil
1420 3556 1607 3602 eorum
1657 3559 1778 3614 qua:

195 3629 283 3683 hic
337 3638 456 3683 acta
511 3640 640 3684 sunt
689 3633 1038 3703 cognovisse;
1087 3632 1315 3703 cognitis
1364 3642 1546 3688 autem
1578 3651 1774 3706 nuper,

193 3719 355 3788 plena
381 3719 584 3773 ultione
636 3721 691 3779 in
725 3735 846 3775 reos
885 3721 1355 3776 animadvertisse.
1399 3720 1612 3778 Etenim
1651 3741 1776 3779 cum

192 3825 292 3880 ego
319 3811 694 3865 sacerdotibus
731 3811 990 3881 judicium
1041 3812 1308 3877 commisi,
1358 3814 1560 3868 nullam
1605 3814 1662 3869 in
1709 3831 1776 3876 eo

193 3902 326 3956 mihi
375 3911 588 3972 partem
637 3903 931 3968 vindicavi,
955 3904 1072 3960 ‘scd
1119 3903 1224 3974 ipsi
1264 3914 1426 3973 prout
1459 3905 1559 3960 sibi
1599 3906 1775 3962 visum

192 4003 275 4048 est
305 4003 567 4066 egerunt;
592 4009 680 4049 me
705 3996 1035 4061 nullatenus,
1063 4006 1122 4050 ut
1145 3995 1277 4058 dixi,
1312 3997 1526 4051 illorum
1566 3998 1777 4052 machi-

191 4086 506 4142 nationibus
540 4089 998 4143 communicante.
1032 4089 1174 4144 Ecce
1202 4097 1385 4144 autem
1416 4104 1537 4144 reos
1561 4106 1777 4161 quoque

190 4175 257 4230 ad
283 4186 340 4231 te
368 4177 511 4240 misi,
537 4193 569 4232 a
590 4178 787 4248 quibus
820 4193 1136 4251 cognosces,
1183 4195 1316 4234 num
1346 4196 1445 4252 ego
1473 4181 1768 4250 quidquam
1804 4235 1806 4237 ,

190 4268 443 4322 sciverim
472 4285 659 4324 eorum
683 4286 805 4340 quas
846 4279 954 4324 tam
985 4271 1242 4326 seditiose
1273 4279 1391 4326 acta
1423 4281 1571 4326 sunt.
1613 4273 1774 4327 Post-

189 4367 354 4424 quam
407 4369 537 4426 ergo
583 4357 936 4426 perpenderis
980 4373 1100 4428 quae
1144 4359 1262 4414 sine
1317 4376 1404 4414 me
1451 4369 1570 4415 acta
1622 4373 1770 4428 sunt,

190 4441 382 4511 reique
443 4443 726 4499 veritatem
795 4447 1147 4518 compereris,
1213 4448 1430 4504 remitte
1486 4449 1775 4519 spirituale

192 4533 430 4604 ligamen
461 4536 594 4590 mihi
648 4545 860 4608 tuaeque
896 4539 1037 4606 lilite,
1093 4541 1252 4610 cujus
1290 4557 1534 4596 errorem
1595 4543 1774 4613 pugnis

190 4625 523 4694 expiandum
555 4629 760 4684 curavi.
794 4630 1052 4686 Miserere
1098 4633 1281 4702 itaque
1309 4642 1368 4687 ut
1400 4633 1572 4696 soles,
1597 4650 1778 4703 neque

190 4756 562 4824 vapulaverat.
592 4758 696 4814 Sed
735 4769 913 4816 tamen
941 4762 1181 4816 Eudoxia
1214 4763 1354 4817 intra
1389 4763 1640 4817 eumdem
1673 4781 1774 4818 an-

191 4841 350 4890 num,
375 4842 487 4894 quo
515 4828 935 4900 Chrysostomus
983 4832 1245 4900 expulsus
1285 4836 1412 4900 (an.
1445 4833 1583 4902 404)
1627 4850 1775 4889 mor-

189 4902 282 4948 tua
312 4905 416 4950 est.

257 4966 339 5033 (εἰ)
375 4963 512 5020 Cod.
544 4967 636 5038 hic
655 4983 871 5038 quoque
894 4969 1200 5025 Neoterium
1235 4972 1416 5026 habet.
1450 4971 1775 5030 Incredibile

190 5044 376 5110 tamen
404 5045 525 5110 _est,
579 5037 856 5110 Arsacitim
909 5041 1202 5110 decrepita:
1255 5042 1432 5098 :etatis
1496 5043 1771 5099 hominem

188 5102 649 5179 itineri_Bomano
677 5107 846 5163 fuisse
877 5102 1171 5179 objecttim.

259 5171 331 5242 (ε)
375 5173 454 5234 Ita
481 5177 601 5231 cod.

224 5243 322 5324 .(f)
367 5243 622 5324 Fortasse
674 5257 966 5324 corruptus
1021 5252 1172 5324 locus
1200 5268 1217 5324 ;ﬁ
1269 5263 1417 5308 certe
1464 5255 1768 5321 obscurior,

186 5313 291 5368 nisi
321 5315 471 5387 quod
497 5316 551 5370 in
595 5333 649 5386 p.
696 5333 813 5387 seq.
841 5313 1024 5374 lucem
1052 5313 1249 5387 accipit
1275 5338 1306 5375 a
1334 5325 1515 5379 verbis
1546 5325 1651 5378 illis
1680 5313 1772 5378 In;
1803 5341 1805 5343 ί

186 5385 430 5466 ηρςθηιίὶ
464 5404 478 5439 :
510 5385 788 5466 αςὴύριᾳτᾶ
815 5388 975 5466 ΘεὸνΔ
995 5385 1230 5463 σπουδὴν
1256 5392 1432 5463 ὑμῶν,
1478 5394 1655 5466 ἥνπερ
1683 5394 1772 5448 διὰ

185 5453 240 5504 τὸ
262 5453 440 5530 bifaria
471 5453 648 5530 citrei}
677 5459 1032 5530 ἐποιήσασθε.

251 5522 506 5613 (-51???“-
543 5522 887 5613 έξρκῇ-ᾞ.
967 5600 977 5612 .
1147 5603 1227 5613 .-
1327 5603 1336 5613 .
1503 5603 1512 5612 .

252 5595 324 5672 (Ii)
368 5596 548 5652 Locos
598 5595 710 5666 jam
766 5599 1103 5672 laudavimus
1147 5603 1281 5656 infra
1325 5603 1377 5656 in
1425 5603 1624 5672 quibus
1665 5604 1772 5657 Eu-

184 5663 334 5721 doxia
369 5683 472 5739 pro
504 5683 564 5722 se
600 5663 802 5740 egerat
850 5673 989 5738 apud
1034 5663 1509 5742 Chrysostomum,
1553 5675 1642 5742 qui
1685 5683 1766 5728 ta-

957 240 1044 296 DE
1085 241 1246 298 VITA
1291 242 1378 299 ET
1422 244 1694 304 EXSILIO
1734 250 1793 305 S.
1832 250 2120 313 JOANNJS
2157 260 2663 326 CHRYSOSTOMI.

3275 298 3472 344 IIII"

1900 368 1984 424 bis
2027 388 2141 428 rem
2173 377 2420 434 eamdem
2456 381 2737 450 ulciscere,
2769 388 2864 442 sed
2893 389 3024 459 jube
3054 401 3114 448 ut
3141 411 3240 452 nos
3269 401 3473 458 sancti-

1897 469 2062 525 ficans
2107 483 2162 530 et
2200 476 2605 537 immaculatum
2656 486 2867 542 Domini
2901 493 3072 546 nostri
3105 494 3232 550 Jcsu
3271 498 3471 560 Christi

1893 586 2092 643 corpus
2149 577 2564 648 participemus;
2609 599 2785 656 neque
2831 589 2920 644 diu
2966 593 3124 649 nobis
3157 596 3469 658 interdicas.

1891 673 2029 729 Nam
2061 685 2282 747 propter
2331 680 2502 750 ipsius
2539 699 2757 754 nomen,
2802 699 2856 745 et
2885 707 3010 764 erga
3042 705 3093 748 te
3124 697 3468 770 obsequium,

1891 785 1946 830 et
1981 779 2049 832 ob
2082 779 2221 836 hanc
2269 783 2531 842 adversus
2568 805 2668 844 nos
2715 791 2769 845 in
2815 794 3122 852 animorum
3180 804 3470 870 perturba-

1893 879 2040 935 tione
2089 893 2332 940 coortam
2385 889 2858 961 obtrectationem,
2926 896 2979 952 id
3033 901 3244 956 consilii
3298 905 3471 975 caepi—

1890 998 2032 1041 anS.
2081 1004 2099 1037 ι

1960 1087 2047 1140 51.
2089 1086 2208 1142 Jam
2238 1105 2368 1145 vero
2397 1092 2638 1148 Eudoxia
2673 1112 2890 1167 quoque
2932 1099 3108 1154 eidem
3154 1101 3470 1160 Innocentio

1889 1177 2142 1246 scripsit:
2186 1197 2205 1230 ι
2243 1179 2388 1237 Patri
2423 1199 2546 1238 meo
2570 1187 2834 1254 spirituali
2875 1191 2928 1243 in
2960 1190 3190 1248 Domino
3218 1194 3465 1250 salutem.

1889 1268 2076 1324 Erravi
2099 1286 2448 1342 magnopere,
2473 1275 2598 1344 quia
2626 1278 3008 1336 insanabilium
3030 1292 3082 1337 et
3109 1285 3467 1340 absurdarum

1888 1358 2360 1425 contumeliarum,
2409 1364 2606 1430 quibus
2651 1381 2682 1420 a
2727 1367 2938 1424 Joanne
2997 1372 3182 1428 aﬂecta
3209 1373 3307 1436 fui,
3341 1375 3470 1431 sub-

1886 1446 2001 1500 limi
2051 1447 2235 1502 vertci
2275 1457 2368 1506 tuo
2403 1455 2651 1509 notitiam
2692 1473 2803 1512 non
2835 1460 3024 1525 attuli;
3057 1463 3202 1530 quod
3251 1464 3295 1517 si
3325 1466 3469 1535 egis-

1887 1551 2024 1602 sem,
2061 1539 2307 1607 profecto
2340 1551 2420 1610 tu,
2457 1545 2562 1600 mei
2591 1562 2738 1618 ergo,
2764 1548 3076 1621 indignatus
3105 1552 3320 1609 fuisses.
3373 1554 3469 1610 Et-

1891 1629 2038 1684 enim
2064 1646 2189 1686 cum
2225 1648 2326 1705 ego
2353 1635 2546 1690 Joanni
2583 1639 2718 1694 nihil
2754 1641 2976 1697 honoris
2996 1659 3105 1698 non
3137 1646 3468 1712 tribuerem,

1885 1719 1974 1775 ille
2029 1731 2222 1778 contra
2276 1725 2412 1780 mihi
2470 1728 2822 1799 ignominiam
2891 1749 3116 1804 prorsus
3170 1736 3465 1794 retribuit:

1883 1813 2082 1883 quippe
2116 1829 2259 1884 saepe
2288 1827 2343 1871 et
2374 1833 2405 1873 a
2450 1820 2635 1876 multis
2683 1823 3013 1892 admonitus,
3046 1837 3108 1883 ut
3133 1829 3408 1886 desineret
3435 1848 3468 1887 a

1883 1905 2160 1969 conviciis,
2193 1922 2314 1975 qua:
2354 1925 2498 1978 saepe
2546 1911 2601 1964 in
2639 1914 2866 1968 ecclesia
2899 1926 3088 1973 contra
3137 1937 3224 1976 me
3268 1924 3470 1992 praedi-

1883 1995 2058 2061 cabat,
2092 1997 2315 2054 minime
2343 1999 2568 2066 destitit,
2603 2002 2711 2057 imo
2751 2006 2990 2061 amarius
3032 2024 3096 2063 ac
3126 2010 3382 2068 furiosius
3412 2015 3466 2068 in

1883 2084 1988 2139 illis
2010 2089 2401 2155 perseveravit.
2445 2090 2579 2156 Quis
2608 2108 2772 2163 porro
2801 2095 2852 2151 ei
2880 2100 3234 2167 concedebat,
3263 2111 3324 2158 ut
3343 2115 3468 2174 post

1882 2187 2101 2234 sanctas
2168 2181 2581 2253 Evangeliorum
2653 2189 2949 2259 scripturas
2996 2192 3220 2248 infinitis
3271 2205 3468 2251 contu-

1882 2269 2056 2324 meliis
2076 2286 2236 2326 aures
2285 2274 2526 2329 omnium
2574 2277 2858 2348 impleret?
2888 2282 3142 2354 ignorans
3191 2286 3462 2353 videlicet,

1882 2359 1962 2414 sic
1989 2375 2134 2424 eum,
2168 2379 2278 2417 non
2304 2365 2459 2432 mihi,
2494 2368 2590 2422 sed
2612 2369 2813 2426 divinis
2849 2373 2985 2443 ipsis
3013 2376 3300 2439 doctrinis,
3329 2394 3466 2448 quas

1881 2452 2221 2520 explanabat,
2250 2470 2467 2510 nocere.
2499 2458 2676 2528 Atque
2704 2461 2808 2518 hoc
2836 2466 2920 2519 vel
2952 2466 2989 2521 ii
3022 2467 3123 2536 ipsi
3156 2469 3340 2523 sciunt
3371 2471 3464 2540 qui

1881 2557 1981 2596 nos
2009 2545 2152 2613 apud
2183 2545 2445 2602 illustrem
2492 2549 2810 2623 dignitatem
2852 2564 2999 2611 tuam
3049 2570 3463 2616 accusaverunt.

1880 2630 2034 2697 Quod
2062 2634 2104 2688 si
2142 2636 2379 2693 volueris
2407 2655 2521 2694 rem
2559 2641 2702 2698 hanc
2733 2655 2986 2700 accurate
3025 2650 3274 2714 scrutari,
3307 2651 3464 2706 multi

1788 2765 1820 2780 ..
1882 2725 1976 2779 tibi
2006 2729 2427 2795 persuadebunt,
2473 2747 2560 2786 me
2592 2736 2858 2790 veraciter
2898 2737 3014 2793 haec
3043 2739 3348 2809 scripsisse.
3381 2743 3465 2797 En

1881 2823 2046 2869 testes
2070 2817 2235 2871 totius
2262 2819 2506 2874 veritatis
2543 2836 2726 2876 coram
2759 2824 2946 2890 habes,
2999 2827 3091 2895 qni
3121 2836 3176 2881 et
3199 2828 3466 2884 ambobus

1878 2921 2070 2976 pacem
2110 2910 2400 2964 conciliare
2436 2912 2782 2979 studuerunt,
2819 2930 2916 2985 per
2944 2932 3080 2985 quos
3127 2918 3296 2973 multa
3324 2935 3465 2989 quo-

1879 3011 1986 3064 que
2011 2997 2151 3051 dona
2177 2999 2244 3052 ad
2276 2999 2422 3054 illum
2475 3003 2616 3067 misi,
2648 3020 2789 3073 quae.
2827 3007 2871 3060 si
2899 3007 3118 3076 quidem
3162 3007 3325 3064 ﬁdem
3366 3010 3462 3064 Dei

1882 3087 2179 3152 habuisset,
2245 3105 2368 3144 eum
2425 3093 2682 3149 cohibere
2737 3096 3040 3153 debuerant
3095 3116 3124 3154 a
3181 3101 3463 3171 petulantc

1881 3177 2140 3231 adversus
2185 3195 2272 3233 me
2317 3182 2650 3251 garrulitate.
2704 3184 2844 3239 Sunt
2881 3195 3064 3241 autem
3096 3189 3150 3241 hi
3182 3188 3460 3244 Herodion

1880 3269 2161 3339 patricius,
2198 3273 2287 3340 qui
2318 3288 2348 3326 a
2393 3273 2502 3328 lilio
2533 3284 2627 3329 tuo
2656 3284 2712 3330 et
2741 3279 2922 3333 throni
2956 3297 3170 3335 mecum
3203 3283 3462 3352 participe

1881 3361 2078 3415 missus
2112 3361 2234 3426 fuit,
2265 3378 2387 3417 cum
2417 3364 2643 3420 Joviano
2665 3369 2924 3438 magistro
2972 3371 3226 3436 militum,
3272 3381 3328 3425 et
3362 3372 3462 3427 de-

1880 3451 2044 3521 nique
2075 3451 2428 3522 Syncleticus.
2471 3455 2536 3509 Hi
2569 3463 2680 3511 tres
2706 3459 2850 3527 apud
2883 3469 2934 3515 te
2969 3471 3115 3516 sunt.
3150 3462 3249 3518 llic
3278 3473 3462 3519 autem

1881 3541 2118 3597 Isidorus
2143 3554 2378 3612 quaastor
2402 3555 2456 3600 et
2479 3548 2714 3603 cubiculi
2741 3552 2913 3606 nostri
2959 3562 3164 3616 custos,
3207 3553 3376 3624 Byzas
3408 3566 3464 3610 et

1881 3628 2143 3684 Romilius
2163 3632 2604 3700 praetorianorum
2636 3634 2944 3704 prtefectus,
2965 3647 3020 3692 et
3046 3639 3189 3708 apud
3211 3650 3462 3695 senatum

1879 3721 2126 3776 idoneus.
2159 3721 2545 3778 Verumtamen
2564 3725 2652 3780 ille
2669 3726 2742 3779 nil
2760 3728 2904 3782 aliud
2932 3729 3146 3800 sategit,
3167 3730 3275 3786 nisi
3307 3741 3362 3785 ut
3383 3747 3462 3787 ro-

1879 3812 2023 3882 gium
2048 3821 2294 3867 nostrum
2323 3815 2607 3885 coniugem
2631 3818 2884 3873 seandalo
2898 3819 3159 3891 adigeret,
3191 3831 3251 3876 ut
3273 3838 3361 3877 me
3382 3839 3461 3879 re-

1879 3918 1984 3972 gno
1998 3902 2274 3971 dejiceret.
2301 3903 2495 3975 Utique
2517 3904 2658 3960 Deus
2680 3908 2923 3978 utrisque
2941 3910 3100 3965 nobis
3121 3920 3237 3966 esto
3260 3913 3456 3982 judexl

1878 3993 2012 4047 Nam
2037 4003 2184 4049 certe
2212 4010 2438 4068 regnum
2466 3999 2808 4068 tyrannidem
2838 4015 2867 4054 a
2899 4002 3204 4056 sacerdotio
3232 4003 3456 4072 patitur.

1879 4085 2030 4156 Rogo
2074 4085 2238 4156 igitur
2291 4095 2352 4141 ut
2402 4087 2520 4144 haec
2556 4091 2843 4161 tranquille
2888 4101 2942 4146 et
2976 4091 3094 4146 sine
3141 4092 3460 4162 przejudicio

1879 4178 2184 4240 examines,
2223 4181 2486 4250 nobisque
2532 4183 2853 4238 cliaritatem
2899 4192 3077 4244 tuam,
3124 4193 3285 4254 prout
3321 4185 3458 4240 scri—

1877 4281 2031 4341 ptum
2063 4277 2146 4324 est
2191 4270 2211 4340 (
2229 4269 2286 4325 11
2309 4269 2428 4326 Cor.
2461 4273 2517 4336 2,
2548 4273 2640 4342 8),
2671 4273 2995 4341 conﬁrmes;
3041 4283 3243 4330 etcum
3273 4284 3459 4331 sancta

1878 4365 2117 4419 Ecclesia
2171 4378 2360 4418 omnes
2400 4363 2653 4433 excipiat,
2711 4381 2781 4419 ne
2834 4375 2890 4419 tu
2928 4381 3029 4420 nos
3076 4368 3143 4421 ab
3171 4368 3290 4436 ejus
3339 4383 3458 4422 am-

1877 4455 2125 4525 plexibus
2180 4453 2488 4525 prohibeas.
2545 4452 2678 4508 Vale
2736 4455 2791 4509 in
2846 4455 3100 4523 Domino,
3158 4460 3457 4514 reverendc

1877 4547 2054 4602 Pater.
2099 4566 2117 4598 ι

1948 4641 2036 4695 52.
2072 4637 2324 4709 Acceptis
2374 4638 2744 4706 Augustorum
2779 4634 3024 4706 epistolis
3081 4634 3452 4704 Innocentius,

1878 4785 2005 4824 men
2039 4771 2290 4837 Augustae
2319 4767 2577 4838 scandala
2615 4767 3002 4838 dissimulanda
3033 4783 3143 4822 non
3166 4768 3453 4838 judicavit.

1876 4839 1988 4894 Nos
2030 4841 2227 4894 omissa
2278 4837 2521 4909 longiore
2566 4837 2620 4890 in
2669 4845 2902 4909 utroque
2938 4837 3059 4909 loco
3100 4837 3454 4909 responsione

1877 4908 2267 4979 Chrysostomi,
2296 4907 2415 4979 haec
2439 4908 2629 4979 saltem
2664 4907 3270 4979 verbaexscrihemus:
3299 4909 3454 4962 Ἐπί-

1878 4977 2078 5042 exorre;
2101 4977 2175 5030 ὢν
2207 4979 2300 5030 καὶ
2348 4977 2536 5058 ψυχῶν
2591 4977 2947 5100 Equitem-:1;
2992 4978 3344 5100 πὲοστασίαν,
3390 4980 3451 5033 οὐ

1878 5049 2573 5100 δύναιιαιπαοανοαουντας
2616 5065 2653 5100 υ.
2719 5048 2743 5098 ὲ
2781 5046 2980 5100 ἐγγειν·
3064 5049 3301 5100 viscosus
3331 5067 3450 5100 cum

1873 5049 2107 5128 δρναμαξ
2125 5046 2573 5128 παρανομοῦντας
2615 5046 2687 5116 μὴ
2719 5046 3301 5128 ὲλέχχεινςΕρὶεεοριιδ
3331 5067 3450 5103 cum

1873 5121 1992 5184 sim,
2025 5121 2107 5174 cui
2133 5120 2436 5172 animarum
2474 5135 2599 5171 cura
2628 5120 2902 5170 commissa
2934 5125 3027 5182 est,
3052 5128 3321 5186 peccantes
3351 5135 3455 5173 non

1875 5190 2247 5258 reprehendere
2277 5204 2490 5258 nequeo.
3006 5200 3008 5202 '

2052 5261 2130 5382 ἓξ
2161 5259 2382 5390 ἳῗςίὲιλδός,
2436 5327 2659 5393 aliisque
2697 5327 2995 5397 officiorum
3025 5326 3320 5393 vocabulis,
3375 5325 3454 5382 le-

1874 5396 2030 5476 gatur
2056 5399 2291 5476 gangius
2320 5397 2524 5476 in_Lex.
2549 5397 2700 5476 ληρεῖ.
2730 5406 2778 5476 et
2801 5398 2901 5476 inf.
2928 5396 3097 5476 στας.
3185 5464 3196 5476 ι

1945 5470 2019 5540 (Ιι)
2059 5464 2496 5546 Germana‘baec
2543 5465 2798 5546 Eudoxiae
2831 5464 3085 5546 Augusta:
3112 5464 3338 5546 epistola
3382 5464 3449 5546 ad

1875 5532 2398 5611 Innocentium_PP.
2445 5551 2563 5611 no_n_
2581 5543 2776 5611 exstat,
2826 5532 3090 5611 quantum
3139 5532 3266 5599 vidi,
3307 5532 3450 5611 apud

1875 5611 2008 5664 alios
2037 5608 2365 5680 biographos
2390 5615 2483 5659 aut
2513 5605 2819 5660 historicos.
2845 5604 3098 5685 Meminit
3125 5613 3301 5658 tamen
3332 5604 3448 5718 eius

1878 5680 2138 5718 (Iam-nine
2188 5678 2308 5718 Alnv
2378 5676 2518 5718 smmi
2547 5675 2861 5718 nrmdinlnm
2913 5674 3194 5718 Qavzhum-
3237 5681 3275 5718 ι.
3307 5667 3351 5718 V
3380 5666 3446 5718 Η.

1878 5666 2159 5750 ϐρονςὶυέ
2183 5666 2330 5733 Alex.
2378 5676 2520 5745 apud
2547 5675 2861 5744 praedictum
2913 5674 3196 5739 Savilium,
3237 5681 3275 5723 t.
3307 5666 3446 5730 νιῐι,
