4038 6154
542 271 758 314 ικικηι

541 375 572 428 6
607 374 794 436 πάπας
826 371 1187 435 Ίννυκέντιος,
1223 373 1378 435 εἰδὼς
1406 373 1464 426 δὲ
1497 374 1591 426 καὶ
1616 372 1684 426 τὰ
1720 373 1989 444 πρόσωπα
2019 374 2114 444 δῆ-

545 463 637 516 οεν
667 465 816 517 αἴτια
856 462 1230 515 ἀποσταλέντα
1265 461 1433 532 αὐτῷ,
1468 462 1658 534 μαθὼν
1689 463 1785 517 καὶ
1817 465 1916 534 τὴν
1955 481 2116 532 γεναο

548 555 715 625 μένην
762 553 1059 624 ἐκδίκησιν,
1117 555 1400 624 ἐπραΰνθη
1447 556 1542 607 κειί⁵
1590 554 1990 626 ηὑχαρίστησεν
2039 554 2116 624 τῷ

543 645 681 716 Θεῷ,
715 645 808 698 καὶ
839 645 1040 716 ᾔτησεν
1063 644 1153 698 τὸν
1178 644 1400 716 βασιλέα
1449 645 1706 717 Ὀνιῦριον
1737 645 2115 716 παρακαλέσαι

503 736 630 789 κδιά
681 736 1023 806 γραμμάτων
1078 737 1168 788 τὴν
1213 736 1495 808 Ἀρκάδιον
1549 736 1643 789 καὶ
1695 736 1953 802 Εὑδοξίαν
1989 737 2116 807 περί

543 821 742 883 παντὸς
769 821 1114 893 πράγματος.
1150 821 1270 874 Τῶν
1307 823 1363 875 δέ
1403 822 1530 894 περὶ
1558 823 1648 876 τὸν
1695 823 1973 893 Ἀρκάδιον
2011 824 2115 876 δειο

543 911 787 966 λιώντων
821 911 882 964 τὸ
911 912 962 964 τί
994 912 1101 982 ἄρα
1134 911 1488 984 ἀποϐήσεται,
1519 913 1747 982 ἐνέγκας
1784 915 1981 977 αὐτοὺς
2022 916 2118 968 Ἰν-

543 1001 835 1065 νοκέντιος,
875 997 1029 1052 εἶπεν
1065 1000 1276 1063 αὐτοῖς·
1313 1017 1332 1050 ι
1384 1001 1442 1052 Ὅ
1495 1000 1648 1063 Θεὸς,
1681 1001 1865 1058 τέκνα.
1905 1017 2118 1068 συγχω-

549 1096 690 1164 ρήσῃ
732 1091 860 1161 ὑμῖν
905 1091 968 1144 τὸ
1015 1091 1240 1159 σφάλμα
1286 1089 1464 1144 τοῦτο.
1527 1090 1729 1142 Εἴπατε
1757 1090 1814 1142 δὲ
1841 1089 2113 1159 Θεοφίλῳ·

543 1185 656 1252 Τῆς
733 1183 946 1252 ἀνιέρου
1024 1181 1306 1251 ἐπιτιμίας
1341 1180 1604 1252 μηδαμῶς
1635 1179 2116 1250 ἐλευθερούμενος,

549 1271 875 1342 εὐτρεπίζοι»
911 1273 992 1336 εἰς
1041 1273 1259 1327 σύνοδον
1301 1273 1377 1336 ὼς
1407 1272 1727 1335 κατάδικος·
1773 1272 1862 1325 διὰ
1901 1272 1958 1324 σὲ
2010 1271 2118 1341 γὰρ

549 1362 708 1431 μόνον
743 1361 964 1414 ὑπαντῶ
984 1363 1115 1414 ἐκεῖ.
1149 1381 1167 1412 ι
1195 1361 1302 1414 Καὶ
1333 1360 1600 1414 ἀπέλυσεν
1621 1359 1827 1422 πάντας
1860 1359 1996 1427 με.τά
2036 1358 2121 1422 ξε-

545 1450 671 1504 νίων
685 1449 913 1504 πολλῶν.
930 1451 1040 1503 Καὶ
1063 1450 1261 1519 γράφει
1277 1449 1544 1520 Ἀρκαδίῳ
1563 1447 1656 1500 καὶ
1679 1446 1903 1517 Εὑδοξίᾳ
1919 1447 2088 1500 ταῦτα
2102 1464 2116 1476 ·

553 1561 570 1592 ι
612 1541 953 1605 ἰννοκέντιος
979 1543 1167 1605 πάπας
1198 1544 1311 1605 τοῖς
1365 1541 1652 1612 ἡμετέροις
1678 1540 1888 1604 τέκνοις
1921 1542 2120 1611 Ἀρκα-

544 1634 642 1704 δίῳ
681 1635 774 1688 καὶ
807 1632 1064 1706 Εύδοξίᾳο
1110 1633 1384 1706 ἐρρῶσθαι
1424 1634 1568 1704 ὑμᾶς
1602 1632 1853 1704 εῦχομαν
1908 1632 2124 1684 Ἀπεδε-

550 1725 728 1796 ξάμην
759 1726 859 1797 τὴν
900 1725 1041 1779 κατὰ
1068 1725 1200 1780 Θεὸν
1235 1724 1466 1796 σπουδήν
1496 1725 1670 1795 ὑμῶν,
1712 1725 1888 1794 ἥνπερ
1927 1724 2015 1777 διὰ
2061 1724 2122 1776 τὸ

547 1817 718 1887 ὄνομα
749 1815 913 1870 αὐτοῦ
941 1816 1269 1887 ἐποιήσασθε
1287 1835 1300 1847 ·
1327 1816 1448 1869 ὄθεν
1484 1817 1644 1887 ἰερῶν
1671 1817 1884 1886 δεσμῶν
1907 1815 2124 1868 ἀνεθέν-

547 1924 676 1971 τες,
708 1910 822 1969 τοῖς
868 1910 1217 1970 Δεσποτικοῖς
1276 1909 1420 1977 ὑμᾶς
1467 1907 1754 1977 συμϐόλοις
1811 1907 2124 1978 προσελθεῖν

548 1998 898 2068 ἐρρωμένους
926 1998 1226 2069 ἐπιτρέπω.
1245 1996 1416 2050 Τοῦτο
1444 1997 1500 2050 δέ
1525 1997 1927 2068 ὑπομιμνῄσκω
1958 1997 2122 2066 ὑμᾶς,

545 2089 734 2152 τέκνα,
768 2088 910 2142 ὥστε
956 2089 1019 2143 τὸ
1051 2090 1228 2159 ὄνομα
1271 2089 1520 2142 Ἰωάννου
1565 2091 1677 2152 τοῖς
1725 2089 1888 2160 ἱεροῖς
1932 2087 2130 2157 ἐγκαθ-

551 2180 866 2252 υπογράψαι
895 2179 1192 2251 διπτύχοις,
1225 2180 1320 2234 καὶ
1345 2178 1407 2232 τὸ
1435 2178 1593 2250 σῶμα
1624 2178 1788 2232 αὑτοῦ
1833 2178 2130 2250 μετακομί-

550 2381 608 2433 p.
656 2363 782 2426 230,
830 2363 920 2433 his
963 2361 1188 2433 verbis:
1240 2359 1500 2433 Féypacpe
1536 2360 1594 2412 δέ
1634 2360 1728 2433 καί
1773 2360 1805 2429 ή
1843 2355 2127 2433 βασίλισσα

553 2425 690 2504 πρὸς
725 2425 931 2504 αύτδν(
957 2425 1804 2504 ἰννοκέντιον)ξάπολογουμένης
1839 2425 1980 2504 περὶ
2017 2425 2125 2480 τῶν

553 2494 640 2554 ἐπ’
673 2494 986 2594 ἐκκλησίαις
1022 2494 1330 2594 ἑιαφόρξυςὲ
1353 2494 1705 2594 Maroni/co:
1738 2494 1874 2574 αὖ.τῇ
1914 2494 2125 2594 ῦϐρεῳκι

553 2570 709 2640 παρὰ
761 2564 870 2640 τοῦ,
910 2564 1147 2640 μεγάλου
1199 2564 1479 2640 Ἶωάννου,
1535 2564 1611 2640 ξτά
1667 2564 2119 2640 δοκοῦκξταλὺτῇ.

567 2633 804 2701 Ἐκεῖνος
829 2637 885 2690 δὲ
910 2633 942 2690 ό
971 2633 1234 2708 μακάριος
1253 2635 1374 2688 τινὰ
1399 2635 1497 2705 μὲν
1526 2635 1783 2703 ὀνομαστὶ
1805 2634 1903 2704 οὐχ
1932 2633 2121 2702 ὕϐρισε

1720 257 1999 313 GEORGII
2040 255 2572 314 NICOMEDIENSIS

3544 268 3804 314 ιιικνηι

2219 373 2404 437 ζεσθαι
2450 374 2530 434 είς
2571 370 2671 438 τὴν
2715 368 3010 439 ἐκκλησίαν
3070 366 3265 421 αὐτοῦ·
3313 367 3520 421 δίκαιον
3561 368 3671 438 γὰρ
3738 372 3806 423 τὸ

2217 461 2425 516 τοιοῦτο
2452 460 2789 530 συνοίδαμεν.
2819 457 3069 528 Γρᾶψατε
3091 457 3148 510 δὲ
3190 458 3285 510 καὶ
3308 457 3551 529 Θεοφίλῳ
3574 457 3804 529 ἕτοιμον

2219 548 2355 604 εἶναι
2385 553 2462 613 εἰς
2489 549 2778 619 καθολικὴν
2813 548 3050 614 σύνοδον,
3076 549 3265 617 ἥντινα
3287 547 3543 602 θεσπίσαι
3572 551 3631 602 ἐν
3659 549 3804 602 Θεσ-

2219 644 2474 714 σαλονίκη
2511 642 2872 714 προστάξατε.
2911 659 2929 691 ι
2962 640 3072 692 Καὶ
3109 639 3448 708 δεξάμενοιό
3489 657 3550 692 τε
3588 639 3801 711 Ἀρκὰ-

2217 735 2326 799 διος
2357 735 2448 788 καὶ
2481 736 2514 804 ή
2554 731 2780 796 Εὑδοξία
2811 730 2880 783 τά
2908 729 3210 799 γράμματα
3249 730 3615 793 Ίννοκεντίου,
3650 731 3800 785 πάνυ

2218 825 2522 895 ἐχάρησαν·
2552 825 2643 876 καὶ
2691 822 2996 892 γράφουσιν
3032 819 3274 890 Θεοφίλῳ
3302 820 3515 890 τάχειον
3552 839 3801 892 παραγες

2219 915 2403 968 νέσθαι
2443 917 2523 978 εἰς
2565 913 2663 984 τὴν
2689 911 3108 981 Θεσσαλονίκην.
3135 911 3244 963 Καὶ
3276 909 3514 975 ἀκούσας
3536 912 3804 981 Θεόφιλος

2218 1005 2317 1076 τὴν
2348 1005 2470 1058 κατ’
2501 1002 2668 1057 αὑτοῦ
2711 1001 3038 1074 κινουμένην
3075 1001 3274 1070 ψῆφον,
3301 1003 3395 1055 xal.
3433 1001 3600 1073 πολλῇ
3634 1002 3800 1074 μερί-

2224 1111 2332 1166 μνῃ
2363 1095 2708 1165 περιπαρεὶς,
2739 1092 2947 1161 πέμπει
2987 1091 3336 1162 παράκλησιν
3364 1093 3479 1153 τοῖς
3517 1093 3798 1162 μοναχοῖς,

2222 1186 2309 1238 ἵνα
2345 1185 2436 1237 τὸν
2463 1184 2601 1254 ὑπὲρ
2629 1181 2794 1237 αὑτοῦ
2826 1183 2984 1251 λόγον
3019 1184 3345 1251 ποιήσοιντο.
3380 1182 3491 1234 Kal.
3519 1184 3675 1235 αὐτοὶ
3698 1184 3802 1236 ἀνι

2219 1272 2522 1342 τιδηλοῦσιν
2563 1271 2712 1341 αὐτῷ
2755 1270 2958 1324 ταῦτα’
3002 1288 3020 1320 ι
3069 1271 3264 1338 Ἡμεῖς
3298 1269 3440 1322 κατά
3495 1269 3590 1322 σοῦ
3622 1270 3803 1340 λαλή-

2223 1379 2430 1424 σαντες,
2465 1361 2583 1425 πῶς
2620 1360 2960 1431 δυνησόμεθα
3006 1359 3148 1428 ὑπὲρ
3198 1359 3294 1413 σοῦ
3339 1360 3609 1430 λαλῆσαι;
3654 1359 3804 1413 Ἀλλ’

2222 1455 2256 1524 ἡ
2283 1453 2376 1507 τοῦ
2407 1452 2542 1506 Θεοῦ
2569 1453 2692 1523 δίκη
2731 1451 2883 1524 εὖροι
2910 1469 2968 1504 σε
2999 1453 3216 1522 τάχειον
3237 1469 3251 1482 ·
3282 1452 3446 1523 μηδὲν
3469 1451 3526 1504 δὲ
3558 1451 3805 1522 μερίμνα

2223 1546 2351 1615 περὶ
2388 1545 2752 1608 Ἰννοκεντίου,
2795 1542 3182 1612 πεπλήρωνται
3216 1543 3327 1614 γὰρ
3356 1545 3412 1595 αἰ
3451 1542 3656 1612 ἡμέραι
3697 1541 3804 1611 τῆς

2223 1635 2367 1704 ζωῆς
2393 1635 2554 1688 αὑτοῦ
2587 1636 2687 1704 (α).
2724 1653 2742 1685 ι
2791 1635 2902 1687 Kal.
2938 1634 3113 1686 ταῦτα
3156 1633 3395 1696 ἀκούσας
3441 1632 3701 1701 Θεόφιλος
3743 1633 3807 1684 ἐν

2222 1726 2524 1797 ἀμεριμνία
2548 1727 2782 1794 ἐγένετο.
2825 1725 3092 1796 Ἰσίδωρος
3122 1725 3179 1778 δὲ
3204 1726 3300 1778 καὶ
3328 1726 3378 1778 οί
3424 1726 3519 1778 σὺν
3549 1723 3701 1794 αὑτῷ
3742 1726 3805 1777 ἐν

2221 1816 2300 1886 τῷ
2324 1818 2441 1887 δρει
2469 1817 2746 1885 διάγοντες
2760 1815 2958 1869 τέλειοι
2982 1815 3387 1885 άνεδείχθησαν,
3417 1816 3512 1869 καὶ
3530 1815 3804 1886 χαρισμά-

2224 1924 2333 1961 των
2361 1904 2691 1976 ήξιώθησαν.
2745 1906 2856 1959 Καὶ
2886 1905 3280 1975 ἐτελειώθησαν
3313 1905 3408 1958 καὶ
3437 1905 3610 1968 αὐτοὶ,
3645 1902 3811 1967 δοξᾶ-

2227 1999 2408 2062 ζοντες
2435 1998 2654 2068 Πατέρα
2684 1997 2780 2050 καὶ
2806 1997 2934 2050 Υίὸν
2969 1999 3062 2051 καὶ
3090 1997 3151 2050 τὸ
3184 1999 3338 2066 ἀγιον
3367 1997 3612 2066 Πνεῦμα.
3646 1994 3811 2065 Αὐτῷ

2227 2091 2260 2158 ή
2305 2087 2452 2152 δόξα,
2483 2088 2618 2158 τιμὴ
2659 2088 2753 2140 καὶ
2800 2087 3170 2159 προσκύνησις
3196 2091 3276 2152 εἰς
3313 2089 3440 2151 τοὺς
3469 2086 3674 2150 αἰῶνας
3699 2085 3815 2139 τῶν

2231 2177 2463 2233 αἰώνων.
2523 2179 2718 2250 Ἀμήν.

2233 2355 2474 2427 πώποτε,
2511 2355 2649 2410 ἀλλά
2689 2357 2792 2420 τάς
2831 2357 3008 2427 αἰτίας
3046 2357 3206 2427 μόνον
3249 2354 3446 2426 ήλεγχε
3472 2356 3594 2427 Δτῶν
3641 2358 3814 2427 σφαλ-

2230 2426 2471 2497 λομένων
2491 2442 2504 2455 ⁸
2544 2427 2638 2497 καὶ
2672 2429 2720 2479 oi
2759 2425 2962 2497 ταύτας
3012 2423 3359 2497 πράττοντες,
3388 2423 3605 2497 εὐθέως
3625 2423 3817 2497 -ῃά-θά-

2229 2494 2380 2550 νοντο
2406 2495 2514 2566 τῶν
2551 2496 2880 2566 λεγομένων.
2910 2494 2984 2566 ὡς
3112 2495 3308 2566 αὐτοὺς
3332 2495 3502 2566 ταῦτα
3533 2494 3810 2566 εἰρῆσθαι,

2228 2567 2323 2634 καὶ
2344 2565 2562 2617 ἐδόκουν
2585 2560 2816 2632 γνωστοί
2838 2564 2985 2634 αὐτῷ
3001 2560 3159 2634 εἶναι,
3176 2565 3303 2616 ὅταν
3325 2563 3419 2617 καὶ
3435 2560 3812 2618 ἐλανσάνοντο.

2227 2632 2448 2702 Scripsit
2492 2635 2653 2687 etiam
2693 2634 2932 2705 Augusta
2958 2632 3056 2688 ‘ad
3101 2632 3484 2698 Innocentium,
3532 2634 3818 2703 defendens

1181 2904 1425 2991 ΒΙοΣ
1498 2902 1839 2988 ΙΩΑΝΝ
1844 2901 1997 2987 ΟΥ
2063 2902 2290 2987 ΤΟΥ
2360 2903 3184 2993 ΧΡΥΣΟΣΤΟΜΟΥ

1885 3087 1973 3144 EN
2013 3089 2329 3160 ΕΠΙΤΟΜῌ
2369 3088 2468 3158 (ιι).

625 3396 700 3450 Τὸ
751 3396 850 3464 μέν
895 3395 1052 3462 γένος
1103 3389 1172 3467 ἦν
1206 3395 1543 3466 Ἀντιοχεύς’
1568 3399 1596 3449 ό
1646 3397 1704 3449 δέ
1750 3396 1934 3466 πατὴρ
1973 3396 2135 3448 αὐτοῦ

557 3486 934 3556 στρατηλάτης
962 3484 1185 3554 Συρίας,
1225 3487 1258 3555 ή
1286 3485 1342 3537 δὲ
1377 3489 1560 3557 μήτηρ
1589 3485 1755 3538 αὐτοῦ
1794 3485 1894 3554 τὴν
1929 3488 2140 3538 ἐπωνυο

562 3575 692 3647 μίαν
719 3575 1002 3629 Ἀνθοῦσα.
1038 3575 1574 3647 Ὀκτωκαιδεκαετὴς
1603 3577 1864 3646 ὑπάρχων
1894 3577 1992 3645 τὴν
2032 3577 2142 3647 ήλι-

560 3667 708 3731 κίαν,
731 3668 1032 3740 ἀφηνίασεν
1065 3669 1130 3720 ἐκ
1156 3667 1251 3721 τοῦ
1287 3666 1538 3736 σοφιστοῦ
1581 3666 1866 3720 Λιϐανίουο
1903 3669 2008 3721 ὑπὸ
2039 3670 2143 3722 Με-

561 3760 737 3812 λετίου
763 3760 817 3812 δέ
849 3759 940 3812 τοῦ
969 3761 1399 3830 ἀρχιεπισκόπου
1433 3761 1762 3830 Ἀντιοχείας
1801 3761 2139 3831 βαπτίζεται,

563 3852 660 3904 καὶ
700 3853 1085 3920 χειροτονεῖται
1135 3851 1504 3923 ἀναγνῶστης.
1551 3851 1792 3904 Ἐκεῖθεν
1837 3851 2142 3924 περιτυχὼν

564 3940 782 4011 γέροντί
803 3958 908 3994 τινι
945 3943 1191 4014 ἀσκητῇ,
1239 3943 1574 4012 προσμείνας
1610 3959 1669 3995 τε
1707 3943 1837 4014 παρ’
1870 3943 2019 4014 αὐτῷ
2047 3943 2142 4016 ἔτη

563 4034 632 4099 δ’,
663 4035 755 4087 καὶ
800 4035 1163 4106 ἀναχωρήσας
1201 4036 1258 4087 ἐν
1307 4036 1386 4087 ἐνὶ
1436 4034 1686 4105 σπηλαίῳ
1722 4033 1883 4103 μόνος
1932 4033 2144 4104 ἔμεινεν

566 4125 661 4196 ἔτη
687 4127 806 4180 δύου
837 4128 928 4180 καὶ
949 4126 1110 4181 πάλιν
1136 4125 1540 4196 καταλαμϐάνει
1570 4126 1669 4195 τὴν
1697 4124 2016 4195 ἐκκλησίαν,
2051 4125 2145 4179 καὶ

563 4222 951 4290 χειροτονεῖται
981 4219 1258 4282 διάκονος,
1304 4218 1604 4288 διαπρέψας
1648 4216 1740 4288 ἔτη
1783 4217 1964 4270 πέντε.
2010 4216 2146 4269 Ὑπὸ

567 4310 866 4365 Φλαϐιανοῦ
895 4310 952 4363 δὲ
979 4313 1361 4382 χειροτονεῖται
1402 4310 1790 4381 πρεσϐύτερος,
1837 4308 2148 4380 διαλάμψας

569 4405 628 4457 ἐν
650 4402 727 4473 τῷ
755 4402 993 4474 σχήματι
1026 4401 1120 4473 ἐτη
1146 4401 1351 4456 δώδεκα
1376 4420 1388 4432 ’
1425 4401 1560 4474 ὁμοῦ
1603 4401 1696 4473 έτη
1737 4401 2146 4472 τεσσαράκοντα

568 4496 830 4568 τέσσαρα.
862 4495 997 4549 Κατ’
1023 4496 1228 4549 ἐκεῖνον
1260 4495 1316 4548 δὲ
1358 4495 1451 4548 τὸν
1483 4493 1675 4565 καιρὸν
1725 4493 2147 4561 τελευτήσαντος

567 4585 874 4658 Νεκταρίου
909 4584 1003 4640 τοῦ
1053 4585 1483 4658 ἀρχιεπισκόπου
1530 4579 2148 4642 Κωνσταντινουπόλεως

574 4678 932 4748 μετασταλεὶς
959 4677 1068 4732 ἀπὸ
1107 4676 1436 4748 Ἀντιοχείας
1481 4675 1868 4746 χειροτονεῖται
1898 4669 2145 4742 ἀρχιεπί-

645 4833 722 4904 (a)
749 4834 830 4888 Ex
851 4847 953 4887 ms.
977 4831 1258 4889 Allatiano.

2241 3416 2442 3465 σκοπός
2469 3403 3093 3465 Κωνσταντινουπόλεως
3121 3401 3214 3455 ἐπὶ
3239 3401 3341 3471 τῆς
3387 3401 3666 3472 βασιλείας
3704 3402 3822 3472 Ἀρ-

2239 3493 2422 3546 καδίου
2472 3495 2528 3546 ἐν
2563 3495 2695 3564 μηνὶ
2746 3494 3064 3566 Δεκεμϐρίῳ
3091 3493 3316 3566 πέμπτῃ
3337 3493 3430 3546 καὶ
3464 3493 3659 3556 εἰκάδι,
3704 3492 3823 3545 ίνδι-

2240 3583 2465 3647 κτιῶνος
2512 3586 2799 3656 τετάρτης.
2837 3584 3276 3646 Ἐπισκοπεύσας
3312 3582 3370 3635 δέ
3419 3583 3515 3654 ἔτη
3556 3584 3718 3635 πέντε
3744 3582 3824 3646 ἐξ·

2240 3674 2447 3744 ωρίσθη
2475 3674 2564 3728 διὰ
2609 3674 2800 3744 φθόνον
2847 3677 2904 3728 ἐν
2930 3675 3083 3729 πόλει
3127 3673 3416 3746 Κομανῶν,
3472 3673 3697 3743 πλησίον
3725 3673 3827 3743 τῆς

2241 3765 2552 3836 Ἀρμενίας.
2589 3767 2841 3837 Ἐποίησε
2867 3767 2923 3819 δὲ
2955 3767 3013 3818 ἐν
3037 3768 3104 3837 τῇ
3130 3764 3313 3836 ἐξορίᾳ
3342 3765 3434 3836 ἐτη
3473 3764 3619 3834 τρία,
3646 3763 3828 3832 μῆνας

2242 3855 2351 3909 δύο.
2393 3856 2558 3928 Ὁμοῦ
2591 3858 2801 3927 γίνεται
2833 3861 2942 3922 πᾶς
2971 3861 2999 3911 ό
3025 3858 3122 3929 τῆς
3148 3857 3290 3928 ζωῆς
3319 3855 3482 3910 αὑτοῦ
3513 3855 3706 3926 χρόνος
3730 3853 3824 3922 ἐτη

2244 3952 2580 4021 πεντήκοντα
2605 3949 2699 4003 δύο
2723 3951 2816 4003 καὶ
2843 3950 3011 4020 μῆνες
3037 3947 3199 4001 ὀκτώ.
3237 3947 3583 4018 Ἐτελεύτησε
3611 3945 3668 3997 δὲ
3696 3945 3829 4014 μηνὶ

2243 4043 2536 4113 Νοεμϐρίῳ
2570 4045 2635 4112 τῇ
2668 4040 3259 4112 τεσσαρεσκαιδεκάτῃ,
3284 4039 3379 4092 καὶ¹
3416 4037 3589 4108 ἐτάφη
3618 4037 3686 4106 τῇ
3715 4051 3831 4087 τεσ-

2247 4130 2733 4202 σαρεσκαιδεκάτῃ,
2759 4129 2896 4200 μετὰ
2917 4128 3012 4182 τοῦ
3039 4129 3194 4197 ἀγίου
3217 4127 3561 4182 Βασιλίσκου.
3594 4123 3828 4194 Ἠνέχθη

2244 4220 2301 4272 δὲ
2317 4221 2375 4273 τὸ
2395 4221 2575 4290 τίμιον
2595 4221 2752 4273 αὑτοῦ
2775 4219 3027 4288 λείψανον
3047 4219 3185 4290 μετὰ
3206 4219 3298 4290 ἔτη
3325 4219 3618 4290 τριάκοντα
3639 4216 3829 4279 πέντε,

2246 4313 2326 4374 εἰς
2348 4311 2444 4382 τήν
2475 4310 3044 4365 Κωνσταντινούπολιν
3077 4311 3168 4364 ἐπὶ
3197 4313 3296 4382 τῆς
3331 4309 3608 4380 βασιλείας
3638 4307 3835 4361 Θεοδο-

2250 4399 2372 4452 σίου
2401 4398 2494 4452 τοῦ
2536 4400 2697 4466 Νέου,
2717 4401 2810 4454 καὶ
2846 4401 2945 4472 τῆς
2973 4400 3380 4472 ἀρχιερωσύνης
3410 4398 3656 4470 Πρόκλου
3675 4417 3687 4428 ·
3737 4397 3834 4450 καὶ

2249 4490 2667 4561 ἐπικομίσαντες
2698 4492 2858 4545 αὑτὸν
2885 4491 3044 4546 πάλιν
3065 4491 3201 4563 μετὰ
3227 4490 3541 4562 ψαλμῳδίας
3568 4488 3834 4543 ἀπέθεντο

2250 4579 2408 4631 αὑτὸν
2441 4581 2498 4632 ἐν
2549 4582 2661 4642 τοῖς
2722 4580 2895 4649 ἁγίοις
2938 4579 3274 4645 Ἀποστόλοις
3319 4581 3449 4652 μηνὶ
3489 4576 3833 4650 Ἰαννουαρίῳ

2250 4669 2453 4740 ἐϐδόμῃ
2483 4670 2576 4724 καὶ
2606 4671 2800 4725 εἰκάδι.

1732 5134 2049 5196 GEORGII
2087 5132 2667 5195 NICOMEDIENSIS

646 5463 843 5522 Aureis
872 5464 981 5519 tuis
1028 5463 1390 5528 sermonibus,
1425 5463 1568 5518 haud
1609 5477 1767 5519 secus
1796 5472 1958 5533 atque
1984 5475 2150 5516 aureo

2260 5464 2382 5509 tuos
2403 5453 2592 5508 latices
2622 5448 2732 5504 bibi
2760 5467 2772 5501 :
2806 5463 3001 5517 meque
3021 5445 3090 5501 iis
3132 5441 3454 5515 ingurgitavi
3482 5457 3496 5505 ;
3534 5454 3704 5495 aureo
3735 5437 3843 5492 ful-

578 5564 867 5627 pcrornata
897 5557 1120 5623 mundo,
1152 5556 1391 5612 Joannes
1417 5554 1822 5627 Cbrysostome.
1853 5530 1907 5609 in
1942 5567 2154 5623 sponsa:
2261 5562 2389 5618 gore
2413 5543 2608 5605 rutilis,
2631 5539 2955 5610 mellitisque
2983 5538 3090 5592 tuis
3120 5536 3375 5606 praeclare
3408 5532 3571 5627 aquis
3580 5530 3841 5627 glorians.

578 5623 674 5702 tibi
705 5661 908 5703 morem
941 5646 1134 5720 gaudio
1177 5647 1372 5704 clamat
1403 5623 1640 5703 Ecclesia
1676 5665 1686 5700 :
1713 5644 1930 5702 Aﬂ'atim
1962 5655 2155 5696 aureos
2262 5639 2342 5694 Ab
2375 5635 2588 5692 actione
2619 5645 2852 5700 namque
2880 5629 3149 5700 provehor
3189 5627 3260 5683 ad
3297 5623 3844 5688 contcmolationem,
