4038 6154
243 295 454 336 LXXXIX

243 401 446 455 videns
484 397 686 467 pariter
723 395 918 449 missas
961 394 1029 449 ad
1074 411 1132 450 se
1167 411 1381 452 reorum
1426 413 1706 468 personas,
1740 415 1834 453 co-

241 491 403 564 gnita
436 489 596 543 simul
623 487 914 540 criminum
943 487 1166 551 ultione,
1196 488 1473 559 mitigatus
1500 489 1610 544 Deo
1637 491 1836 561 gratias

241 581 395 652 egit;
433 579 744 648 rogavitque
773 577 1096 644 Honorium,
1146 587 1207 632 ut
1251 595 1416 649 super
1455 587 1570 635 toto
1603 580 1707 635 hoc
1744 596 1839 637 ne-

244 673 400 743 gotio
429 669 665 724 olﬁciose
703 678 887 740 ageret
921 685 1045 724 cum
1071 670 1304 725 Arcadio
1329 677 1385 725 et
1413 671 1678 726 Eudoxia.
1713 671 1834 727 Jam

244 763 398 818 missi
433 763 500 816 ab
539 761 774 816 Arcadio
811 763 1061 816 homines
1090 778 1214 816 cum
1258 765 1593 834 trepidarent
1640 765 1834 820 incerti

123 901 141 914 .
243 857 314 912 de
343 855 421 910 rei
452 854 621 916 exitu,
652 855 856 909 vocatis
879 854 946 908 ad
976 870 1035 909 se
1067 855 1414 910 Innocentius
1443 855 1612 910 dixit:
1647 875 1666 908 ‹
1689 857 1834 911 Deus

244 945 422 1008 vobis,
470 959 504 996 ο
549 941 678 1009 ﬁlii,
721 943 963 1014 ignoscat
1008 953 1290 1014 peccatum
1336 945 1459 999 hoc.
1529 944 1833 1016 Theophilo

239 1047 432 1095 autem
489 1038 656 1094 dicite
679 1056 705 1090 .:
763 1035 843 1090 Tu
890 1035 1122 1105 quidem
1188 1035 1461 1090 interdicti
1501 1051 1662 1106 paena
1725 1037 1832 1091 mi-

239 1130 394 1184 nime
429 1130 585 1193 liber,
630 1141 884 1196 compara
912 1134 966 1181 te
994 1127 1062 1180 ad
1095 1125 1357 1195 synodum
1385 1131 1642 1194 tanquam
1672 1140 1828 1192 rcus;

240 1236 370 1276 nam
414 1227 637 1291 propter
665 1225 718 1271 te
757 1231 924 1270 unum
957 1214 1084 1268 illuc
1113 1224 1376 1268 venturus
1425 1229 1567 1268 sum.
1593 1231 1612 1264 ι
1657 1213 1829 1268 Dimi-

241 1312 423 1382 sitque
463 1325 656 1366 omnes
685 1309 870 1364 multis
918 1322 1042 1362 cum
1072 1305 1408 1360 muneribus.
1442 1305 1684 1375 Denique
1727 1305 1830 1359 Ar-

241 1404 404 1459 cadio
440 1412 495 1457 et
540 1401 796 1456 Eudoxiae
850 1399 922 1453 ita
971 1398 1201 1454 scribit:
1241 1397 1642 1452 «Innocentius
1690 1413 1828 1467 papa

239 1496 372 1552 ﬁliis
419 1493 618 1549 nostris
652 1491 888 1547 Arcadio
922 1498 978 1545 et
1010 1489 1266 1544 Eudoxire
1296 1507 1309 1542 :
1344 1488 1524 1543 valere
1545 1503 1644 1542 vos
1675 1497 1823 1557 opto.

238 1587 486 1660 Cognovi
534 1593 775 1640 vestrum
823 1581 1127 1636 secundum
1177 1581 1349 1635 Deum
1397 1579 1653 1634 devotum
1708 1588 1828 1633 stu-

237 1680 432 1742 dium,
484 1676 629 1748 quod
678 1682 900 1746 propter
963 1687 1164 1727 nomen
1218 1671 1337 1742 ejus
1389 1670 1820 1741 exprompsistis.

237 1769 616 1838 Quamobrem
645 1782 740 1823 vos
771 1765 939 1821 sacris
985 1763 1220 1820 vinculis
1272 1763 1559 1827 resolutos,
1601 1763 1670 1816 ad
1717 1761 1824 1816 Do-

239 1863 449 1918 minica
481 1861 740 1916 accedere
769 1859 970 1914 ﬁdente
1017 1856 1200 1912 animo
1244 1855 1487 1927 symbols
1529 1853 1670 1909 sino.
1712 1852 1827 1907 Hoc

237 1963 425 2009 tamen
471 1967 572 2007 vos
611 1964 951 2014 commoneo,
993 1963 1028 2003 o
1068 1947 1192 2012 ﬁlii,
1249 1954 1310 2001 ut
1359 1944 1584 2001 Joannis
1625 1958 1827 1998 nomen

237 2043 410 2100 sacris
438 2042 710 2115 diptychis
745 2039 1092 2104 inscribatur,
1126 2037 1482 2108 ejusdemque
1516 2049 1716 2104 corpus
1756 2033 1826 2088 ad

238 2136 520 2207 propriam
567 2134 856 2191 ecclesiam
902 2131 1191 2188 referatur.
1244 2129 1361 2186 Hoc
1406 2127 1554 2184 enim
1614 2127 1825 2199 justum

236 2338 292 2378 se
339 2323 407 2376 ab
447 2322 664 2391 inﬂictis
715 2319 813 2391 sibi
862 2320 920 2373 in
972 2318 1196 2374 ecclesiis
1237 2319 1589 2391 multifariam
1635 2325 1816 2391 contu-

235 2393 406 2447 meliis
434 2409 468 2446 a
500 2389 692 2461 magno
717 2390 940 2452 Joanne,
973 2399 1127 2461 prout
1155 2391 1202 2444 ei
1227 2398 1362 2461 certe
1391 2389 1680 2461 videbatur.
1720 2389 1818 2440 At-

236 2473 415 2516 tamen
445 2459 625 2515 beatus
674 2461 754 2514 vir
793 2459 988 2512 nemini
1030 2460 1340 2513 nominatim
1382 2459 1700 2511 conviciatus
1735 2464 1817 2511 est

234 2548 493 2602 unquam,
525 2531 616 2602 sed
645 2530 827 2602 culpas
868 2539 1072 2602 tantum
1106 2527 1418 2602 coarguebat
1453 2527 1813 2602 peccantium,

234 2595 431 2673 quibus
447 2601 540 2670 qui
565 2609 716 2673 erant
731 2595 971 2673 obnoxii,
1003 2599 1184 2673 statim
1205 2595 1356 2651 dictis
1382 2595 1816 2673 perceliebantitr,

232 2664 387 2739 quasi
415 2664 474 2724 in
509 2685 566 2725 se
584 2669 736 2738 jacta
766 2669 1005 2740 fuissent,
1033 2664 1392 2737 putabamque
1430 2682 1485 2719 se
1513 2665 1562 2718 ei
1592 2664 1821 2734 cognitos

1053 276 1439 336 IDIOMELUII
1491 277 1555 333 IN
1595 278 1651 334 S.
1692 279 2009 336 JOANNEM
2050 281 2636 339 CIIRYSOSTOMUM.

3452 307 3518 346 XC

1935 413 2058 454 esse
2110 414 2417 454 censemus.
2473 399 2704 456 Scribite
2761 409 2940 456 autem
2993 403 3316 474 Thcophilo,
3350 415 3407 461 ut
3447 409 3518 463 sit

1936 491 2172 564 generali
2208 491 2412 562 synodo
2440 501 2679 560 paratus.
2708 508 2867 561 quam
2905 493 3067 546 indici
3100 495 3155 547 in
3184 496 3316 550 urbe
3339 496 3516 552 Thcs-

1935 583 2170 638 salonica
2218 581 2380 636 velim
2429 581 2683 650 jubeatis.
2712 600 2730 631 ι
2785 580 2994 647 Quibus
3062 583 3301 651 acceptis
3353 584 3517 640 Iuno.

1935 673 2100 729 centii
2153 672 2381 737 litteris,
2429 671 2585 726 valde
2638 671 2804 726 lzetati
2859 683 2987 727 sunt
3028 671 3293 730 Arcadius
3349 687 3516 747 atque

1934 764 2196 826 Eudoxia,
2241 763 2652 832 Theophiloque
2699 763 3038 833 scripserunt
3099 774 3158 820 ut
3218 782 3276 821 se
3313 779 3516 838 quant-

1934 856 2088 910 ocius
2116 853 2558 908 Thessalonicam
2591 853 2880 909 conl'crret.
2911 855 3151 912 Audiens
3181 874 3308 912 vero
3329 859 3510 915 Theo-

1933 946 2115 1016 philus
2148 945 2551 1014 impendentem
2596 944 2698 999 sibi
2744 946 3106 1012 sententiam,
3147 948 3514 1006 sollicitudine

1932 1038 2101 1092 multa
2139 1045 2516 1106 compunctus,
2559 1037 2724 1092 mittit
2757 1053 2952 1108 preces
2981 1039 3048 1094 ad
3094 1041 3408 1107 monachos,
3453 1053 3515 1098 ut

1931 1143 2031 1198 pro
2065 1129 2183 1196 ipso
2226 1127 2368 1182 bona
2403 1128 2566 1183 verba
2595 1129 2798 1184 dicant.
2829 1128 2901 1184 At
2949 1129 3021 1184 illi
3064 1128 3462 1201 responderunt
3495 1153 3508 1187 :

1939 1237 1956 1269 ε
1985 1217 2095 1272 Nos
2130 1227 2319 1272 contra
2355 1226 2407 1271 te
2437 1219 2623 1285 locuti,
2652 1221 2928 1290 quomodo
2958 1238 3058 1292 pro
3087 1231 3142 1278 te
3177 1223 3322 1294 loqui
3355 1235 3513 1296 pote-

1932 1307 2137 1360 rimus?
2179 1306 2286 1360 Sed
2340 1308 2433 1362 Dei
2485 1309 2724 1364 vindicta
2775 1313 3099 1381 quantocius
3143 1322 3195 1368 te
3233 1315 3508 1385 corripiet.

1929 1397 2198 1454 Caeterum
2229 1400 2295 1454 de
2323 1399 2642 1456 Innocentio
2675 1419 2746 1458 ne
2791 1404 2864 1458 sis
2909 1405 3199 1472 sollicitus;
3231 1423 3355 1460 nam
3388 1407 3512 1462 vitae

1929 1492 2049 1560 ejus
2089 1500 2334 1560 tempora
2366 1492 2633 1562 completa
2667 1492 2905 1548 fuerunt.
2936 1514 2954 1546 ›
2997 1494 3125 1550 Haec
3153 1497 3370 1566 quidem
3409 1513 3513 1551 au-

1928 1581 2083 1636 diens
2132 1580 2486 1651 Theophilus,
2527 1597 2716 1637 secura
2761 1593 2947 1639 mente
2979 1584 3090 1654 jam
3133 1593 3268 1639 erat.
3298 1586 3367 1639 At
3410 1585 3512 1639 Isi-

1931 1672 2098 1728 dorus
2141 1673 2460 1741 sodalesque
2508 1673 2627 1742 ejus
2670 1673 2725 1727 in
2767 1684 2951 1729 monte
2994 1675 3272 1745 degentes,
3314 1675 3510 1731 eximia

1931 1764 2219 1818 sanctitate
2257 1763 2433 1817 ornati
2463 1772 2771 1826 evaserunt,
2805 1774 2860 1819 et
2897 1765 3316 1820 charismatibus
3345 1765 3509 1819 etiam

1926 1853 2074 1924 digni
2112 1852 2355 1908 fuerunt.
2410 1854 2654 1923 Denique
2699 1863 2755 1909 et
2789 1855 2894 1924 ipsi
2943 1855 3108 1911 vitam
3160 1870 3510 1910 consumma-

1927 1953 2073 2008 runt,
2102 1943 2388 1999 laudantes
2415 1943 2630 1999 Patrem
2671 1955 2728 1999 et
2755 1945 2952 2002 Filium
2996 1956 3052 2001 et
3093 1955 3341 2002 sanctum
3387 1945 3510 2015 Spi-

1927 2033 2114 2088 ritum.
2162 2033 2269 2106 Ipsi
2322 2035 2511 2106 gloria,
2571 2036 2749 2092 honor
2785 2044 2840 2092 et
2885 2035 3128 2092 adoratio
3166 2051 3264 2106 per
3310 2035 3508 2091 sacula

1927 2127 2270 2183 saeculorum.
2303 2125 2494 2182 Amen.

1916 2331 2041 2380 esse,
2071 2317 2278 2371 etiamsi
2305 2331 2487 2382 reapse
2513 2313 2767 2366 latebant.

1989 2385 2064 2456 (a)
2106 2386 2488 2456 Ἀνιστορησία
2530 2385 2656 2456 haec
2701 2390 2790 2456 est

1919 2450 2006 2525 gio
2046 2450 2116 2525 'p.
2142 2455 2248 2508 552
2284 2450 2500 2525 γὴόςίιθιν
2529 2451 2868 2506 Theodorus.
2909 2450 3122 2525 Etenim
3168 2450 3506 2525 Theophilus

1917 2519 2070 2578 anno
2092 2523 2295 2579 Christi
2330 2524 2436 2578 412
2481 2531 2729 2576 mortuus
2773 2528 2876 2581 est,
2925 2519 3276 2574 Innocentius
3321 2519 3504 2575 autem

1921 2607 2066 2647 anno
2099 2595 2224 2657 417,
2259 2601 2321 2647 ut
2349 2592 2471 2646 fasti
2499 2589 2786 2646 certissimi
2815 2590 3036 2644 docent.

2838 2395 2998 2450 quam
3039 2379 3207 2435 sumit
3259 2395 3289 2433 a
3331 2379 3506 2437 Geor-

1662 2973 2130 3054 EPITOME

1281 3152 1463 3212 ἾΙΤΛΕ
1504 3154 1562 3211 S.
1602 3151 1894 3211 JOANNIS
1931 3152 2436 3210 CHRYSOSTOMI.

302 3440 547 3496 Joannes
575 3438 794 3510 quidem
834 3447 951 3494 erat
983 3451 1181 3510 genere
1211 3436 1596 3492 Antiochensis
1628 3454 1642 3490 :
1671 3447 1825 3508 pater

233 3532 354 3603 ejus
383 3531 645 3603 magister
680 3529 913 3585 militum
943 3527 1127 3601 Syriae,
1159 3537 1214 3583 et
1241 3536 1415 3584 mater
1457 3528 1578 3598 ejus
1621 3543 1826 3598 cogno-

233 3633 423 3678 mento
470 3622 737 3676 Anthusa.
767 3619 1079 3676 Octodecim
1120 3635 1293 3675 annos
1334 3626 1496 3674 natus
1535 3619 1762 3675 recessit
1793 3634 1824 3674 a

232 3715 458 3770 rhetore
479 3713 707 3769 Libanio
726 3730 740 3778 ;
758 3722 919 3783 atque
935 3729 966 3767 a
987 3712 1219 3776 Meletio,
1237 3710 1594 3766 Antiochensi
1613 3711 1825 3765 archie-

231 3807 482 3875 piscopo,
511 3805 836 3874 baptizatur,
872 3812 928 3858 et
964 3804 1137 3858 lector
1183 3803 1485 3858 ordinatur.
1514 3801 1654 3856 Hinc
1699 3817 1823 3856 cum

232 3897 520 3952 incidisset
537 3896 592 3950 iu
606 3911 794 3951 senem
811 3895 1100 3966 quemdam
1119 3897 1467 3960 monachum,
1482 3894 1625 3965 apud
1646 3894 1824 3965 ipsum

231 4003 407 4043 annos
437 3997 675 4057 quatuor
705 3987 1006 4058 permansit
1039 4003 1050 4038 :
1085 3986 1140 4040 in
1177 3986 1490 4055 speluncam
1528 3984 1817 4054 quamdam

231 4076 518 4140 secedens,
553 4076 699 4131 solus
730 4075 803 4130 ibi
827 4076 1028 4130 mansit
1054 4091 1228 4130 annos
1249 4075 1420 4130 duos:
1443 4083 1607 4144 atque
1632 4088 1823 4129 rursus

233 4167 378 4221 redit
405 4167 479 4222 ad
509 4167 830 4233 Ecclesiam,
855 4177 911 4222 et
935 4167 1218 4222 ordinatur
1249 4167 1530 4232 diaconus,
1546 4173 1602 4221 et
1629 4165 1824 4220 claruit

230 4273 408 4312 annos
437 4258 700 4328 quinque.
718 4257 760 4312 A
786 4259 1044 4314 Flaviano
1072 4267 1253 4313 autem
1283 4257 1566 4313 ordinatur
1596 4257 1822 4328 presby-

231 4355 332 4410 ter,
347 4361 476 4402 cum
497 4347 927 4417 resplenduisset
943 4348 998 4401 in
1015 4363 1081 4403 eo
1097 4348 1285 4402 habitu
1304 4363 1477 4403 annos
1498 4347 1782 4403 duodecim
1802 4362 1817 4400 :

231 4439 321 4506 qui
353 4454 552 4494 omnes
565 4439 728 4494 simul
743 4439 882 4495 ﬁunt
909 4440 1036 4495 anni
1065 4440 1418 4511 quadraginta
1443 4448 1693 4510 quatuor.
1709 4439 1822 4494 Sub

232 4527 286 4581 id
313 4544 448 4584 vero
465 4537 703 4599 tempus,
724 4539 940 4586 mortuo
957 4529 1234 4595 Nectario,
1248 4531 1660 4601 archiepiscopo
1681 4530 1822 4586 Con-

227 4617 739 4691 stantinopolitano,
771 4623 1064 4678 arcessitus
1079 4622 1386 4687 Antiochia,
1415 4623 1699 4677 ordinatur
1726 4625 1822 4689 Iar-

229 4708 617 4782 chiepiscopus
637 4710 1294 4784 Constantinopolitanus,
1309 4712 1543 4767 Arcadio
1560 4712 1828 4783 imperan-

1927 3446 1999 3503 te,
2032 3438 2290 3494 vicesimo
2337 3437 2528 3508 quinto
2572 3435 2776 3492 mensis
2824 3435 3170 3502 Decembris,
3214 3435 3508 3494 indictione

1925 3539 2134 3597 quarta.
2155 3528 2444 3598 Postquam
2469 3533 2651 3582 autem
2676 3525 3048 3598 episcopatum
3069 3542 3243 3584 annos
3269 3527 3506 3597 quinque

1925 3617 2378 3682 administrasset,
2399 3632 2499 3688 per
2527 3615 2786 3672 invidiam
2803 3616 2858 3670 in
2888 3617 3140 3672 exsilium
3165 3624 3320 3692 actus
3349 3614 3507 3670 estin

1925 3709 2201 3765 civitatem
2234 3707 2493 3774 Comana,
2513 3707 2786 3763 Armeniae
2816 3707 3067 3763 vicinam.
3084 3707 3209 3779 Egit
3231 3695 3296 3762 in?
3319 3705 3508 3762 exsilio

1925 3817 2098 3856 annos
2143 3810 2272 3866 tres,
2305 3815 2524 3856 menses
2571 3799 2728 3854 duos.
2761 3798 2932 3855 Simul
2970 3799 3096 3855 vitae
3141 3798 3260 3869 ejus
3293 3805 3508 3866 tempus

1924 3891 2064 3947 ﬁunt
2084 3892 2213 3947 anni
2237 3891 2624 3962 quinquaginta
2645 3891 2773 3955 duo,
2790 3899 2847 3946 et
2875 3905 3090 3946 menses
3118 3898 3262 3944 octo.
3282 3887 3508 3944 Moritur

1923 3984 2136 4042 decimo
2150 3995 2344 4056 quarto
2359 3986 2562 4040 mensis
2583 3983 2923 4049 Novembris,
2939 3993 2994 4038 et
3011 3983 3204 4038 eodem
3230 3983 3319 4037 die
3345 3996 3508 4052 sepe-

1923 4077 2052 4131 litur
2105 4078 2161 4132 in
2205 4078 2456 4148 sepulcro
2508 4092 2633 4132 cum
2667 4076 2827 4131 beato
2862 4074 3142 4130 Basilisco.
3172 4073 3506 4128 Reverendze

1924 4169 2044 4238 ejus
2075 4170 2314 4239 reliquiae
2338 4169 2862 4239 Constantinopolim
2893 4168 3076 4225 relata:
3101 4175 3230 4225 sunt
3256 4174 3376 4238 post
3403 4180 3506 4220 an-

1921 4274 2024 4314 nos
2050 4259 2290 4330 quiuque
2310 4269 2365 4313 et
2391 4259 2609 4330 triginta
2626 4301 2640 4324 ,
2659 4259 2960 4329 imperante
2979 4258 3286 4316 Theodosio
3311 4256 3504 4313 Junio-

1923 4365 2017 4416 re,
2054 4358 2108 4403 et
2159 4348 2351 4403 Proclo
2410 4349 2824 4419 archiepiscopo
2879 4347 3499 4420 ConstantinOpolitano.

1923 4441 2174 4496 Relatum
2204 4454 2331 4494 eum
2363 4455 2553 4494 rursus
2578 4455 2702 4494 cum
2730 4439 3029 4509 psalmodia
3062 4440 3433 4508 deposuerunt
3448 4439 3498 4492 in

1923 4532 2153 4589 ecclesia
2203 4532 2488 4587 beatorum
2542 4531 2924 4601 Apostolorum
2973 4531 3234 4585 vicesimo
3267 4529 3502 4599 septimo

1922 4625 2127 4680 mensis
2152 4622 2418 4681 Januarii.

668 5050 1092 5113 IDIOMELUM
1124 5054 1205 5115 IN
1247 5053 1310 5113 S.
1354 5051 1711 5114 JOANNEM
1751 5050 2362 5115 CHRYSOSTOMUM
2411 5051 2510 5134 (l3
2550 5053 2915 5133 Novembr.)
2949 5052 3057 5135 (a).

231 5309 298 5368 iis
342 5329 479 5384 quas
530 5316 687 5373 lenes
735 5319 1134 5375 admonitiones
1182 5320 1440 5387 adhibes,
1489 5317 1814 5390 Christoque

233 5406 390 5460 unior
449 5409 722 5477 spirituali
770 5427 990 5481 sponso,
1020 5428 1083 5467 ac
1113 5413 1163 5468 ei
1209 5425 1501 5482 conregno.
1537 5409 1814 5477 Quamob-

229 5509 342 5551 rem
375 5514 481 5553 nos
517 5516 738 5571 quoque
771 5503 826 5557 in
855 5511 945 5557 tua
980 5504 1286 5576 congregati
1325 5501 1586 5558 memoria
1614 5502 1812 5557 clama—

301 5677 377 5747 (α)
411 5675 734 5731 Bibliotheca
761 5677 981 5734 Patrum
1019 5680 1253 5752 Lugdun.
1289 5689 1327 5734 t.
1361 5677 1476 5742 XII,
1506 5694 1558 5748 p.
1595 5681 1716 5734 722.

1922 5341 2044 5381 mus
2079 5325 2199 5380 :Ne
2228 5340 2326 5396 pro
2373 5323 2534 5380 nobis
2576 5321 2867 5378 Dominum
2913 5319 3192 5391 deprecari
3233 5317 3493 5391 graveris,

1921 5432 2030 5486 quo
2057 5415 2362 5471 animorum
2393 5413 2624 5469 salutem
2653 5424 3070 5482 consequamur.
