4038 6154
195 313 337 401 item

200 453 378 528 pavit,
409 451 485 508 ita
510 460 570 508 ut
596 449 732 506 nihil
753 448 886 506 mihi
903 451 1134 522 amplius
1162 453 1428 522 reliquum
1448 453 1606 510 foret.
1629 469 1790 523 quam

197 561 397 606 actum
418 559 574 615 agere
609 563 621 597 :
650 544 798 613 quod
821 559 850 598 a
881 545 1021 599 meis
1043 545 1286 600 moribus
1311 561 1527 615 semper
1545 545 1646 600 fuit
1663 547 1796 599 alie-

206 653 374 694 num.
405 636 588 705 Itaque
610 636 933 690 mutandum
973 636 1104 690 mihi
1137 637 1424 691 consilium
1451 637 1570 702 fuit,
1606 647 1660 691 et
1688 637 1796 692 alio

206 727 580 784 convertenda
630 727 808 781 studia
842 746 854 779 :
889 742 1108 796 nempe,
1160 736 1221 781 ut
1257 728 1429 783 solum
1477 737 1789 782 contextum

208 820 459 877 Gracum
489 834 616 874 cum
651 835 788 873 nova
814 819 1006 873 Latina
1035 821 1288 874 versione
1317 821 1518 890 publici
1545 821 1682 890 juris
1715 820 1796 874 fa-

204 925 412 973 cerem,
439 924 604 978 quem
636 924 666 962 a
696 908 828 963 viris
867 909 1040 964 doctis
1081 909 1235 964 avide
1261 910 1561 978 exspectari
1597 909 1798 963 intelli-

207 1001 423 1073 gebam.
442 1000 525 1056 Ad
562 1016 686 1055 eum
718 1015 816 1070 pro
841 1001 1184 1056 uberioribus
1215 1000 1794 1067 animadversionibus,

208 1107 350 1163 quas
374 1091 559 1146 animo
586 1091 1010 1156 destinaveram,
1052 1094 1314 1162 quasdam
1333 1093 1569 1158 criticas,
1603 1101 1663 1146 ut
1698 1109 1798 1147 vo-

207 1194 361 1247 cant,
386 1194 563 1244 notas,
587 1198 710 1252 qua:
729 1183 974 1253 phrasim
1001 1185 1232 1239 subinde
1263 1185 1443 1239 minus
1462 1184 1713 1238 usitatam
1746 1194 1801 1240 et

209 1276 384 1344 specie
395 1276 640 1329 vitiosam
664 1275 1016 1345 explicarent,
1039 1275 1483 1346 elucidarentque
1499 1277 1646 1332 locos
1666 1292 1803 1336 non.-

213 1367 416 1431 nullos,
449 1367 542 1436 qui
573 1366 757 1422 varios
781 1383 976 1422 sensus
1004 1367 1290 1437 variasque
1317 1368 1800 1438 interpretationes

213 1455 503 1510 admittere
533 1454 879 1518 videbantur,
913 1456 1209 1526 adiungere
1261 1457 1447 1510 statui.
1493 1455 1803 1527 Suppuduit

215 1561 308 1600 me
342 1554 520 1601 tamen
547 1555 756 1615 postea,
790 1545 981 1611 fateor,
1015 1546 1282 1616 propositi
1314 1547 1448 1612 mei;
1490 1549 1802 1617 indignum-

213 1652 326 1706 que
350 1638 614 1707 reputavi,
641 1638 1019 1707 praetermissis
1043 1637 1389 1692 uberioribus
1409 1637 1574 1703 uotis,
1591 1639 1660 1692 ad
1685 1638 1803 1693 illas

215 1723 482 1777 minutias
540 1724 907 1790 descendere;
948 1725 1152 1780 veritus
1209 1726 1388 1780 locum
1431 1726 1557 1780 dare
1596 1727 1802 1797 vulgari

216 1815 437 1886 adagio,
468 1813 575 1869 Pro
597 1817 836 1870 thesauro
865 1817 1135 1871 carbones.
1160 1815 1230 1871 At
1260 1832 1390 1872 vero
1419 1818 1679 1887 quidquid
1701 1819 1805 1873 hoc

218 1907 393 1962 libelli
421 1915 532 1971 est,
563 1907 910 1976 quantumvis
947 1907 1359 1962 commentariis
1399 1907 1664 1973 destituti,
1706 1924 1806 1977 pro

219 2012 442 2069 magno,
468 2006 621 2052 certo
646 1999 778 2061 scio,
822 1998 1108 2052 habiturus
1133 2013 1194 2053 es
1229 1999 1507 2066 thesauro,
1532 2001 1578 2054 si
1610 2001 1806 2055 memi-

220 2089 392 2152 neris,
419 2097 626 2157 quanto
670 2088 870 2153 studio,
898 2099 1170 2158 quantave
1212 2090 1489 2161 diligentia
1521 2093 1806 2147 clarissimi

219 2177 463 2249 Operum
487 2179 546 2234 S.
580 2178 807 2234 Joannis
830 2179 1198 2250 Chrysostomi
1242 2182 1500 2248 editores,
1534 2182 1805 2239 Henricus

219 2271 462 2326 Savilius
488 2279 545 2326 et
581 2271 787 2326 Fronto
822 2271 1066 2338 Ducaeus,
1115 2289 1253 2344 opus
1292 2274 1423 2329 illud
1464 2291 1806 2345 quaquaver-

219 2377 350 2416 sum
374 2361 778 2432 perquisierint.
804 2361 910 2418 Sed
931 2379 1054 2418 cum
1079 2364 1276 2420 frustra
1302 2381 1494 2421 omnes
1513 2367 1806 2423 bibliothe-

222 2469 412 2508 carum
461 2452 667 2508 forulos
704 2454 1091 2521 excussissent,
1119 2457 1289 2511 sancti
1319 2457 1556 2512 doctoris
1593 2459 1804 2513 studio-

227 2559 320 2598 sos
349 2544 569 2612 scriptis
608 2543 722 2599 suis
755 2544 818 2599 ad
847 2546 1094 2600 eamdem
1127 2561 1310 2602 curam
1337 2548 1656 2613 invitarunt,
1686 2565 1806 2603 mo-

223 2643 577 2704 nueruntque
637 2635 780 2689 hanc
803 2633 982 2690 Vitam
1013 2636 1080 2690 ad
1124 2637 1451 2706 paucissima
1479 2639 1809 2708 exemplaria

223 2726 502 2781 redactam
533 2740 672 2780 esse.
707 2725 866 2780 Hunc
899 2741 998 2797 ego
1024 2728 1376 2799 archetypum
1404 2728 1693 2783 Florentiae
1720 2745 1810 2783 re-

221 2819 341 2888 peri
388 2819 445 2872 in
490 2817 825 2873 Bibliotheca
869 2817 1109 2874 Medicea
1142 2837 1154 2872 :
1187 2821 1414 2890 ejusque
1465 2820 1809 2875 exscribendi

222 2908 382 2979 copia
413 2907 745 2978 perbenigne
787 2908 918 2963 mihi
958 2909 1098 2964 facta
1143 2919 1229 2964 est
1270 2926 1300 2964 a
1335 2927 1532 2982 magno
1577 2911 1812 2966 Etruria:

223 2999 368 3052 duce
387 3038 401 3062 ,
421 2997 767 3052 Ferdinando
792 2997 836 3051 ll
865 3015 878 3051 ε
901 2998 1015 3068 qui,
1045 3014 1208 3054 verus
1228 3001 1403 3071 gentis
1425 3001 1678 3056 Mediceae
1709 3003 1815 3056 ha:-

225 3102 337 3152 rcs,
355 3101 601 3142 amorem
629 3101 756 3157 erga
779 3087 986 3142 litteras
1010 3095 1066 3142 et
1081 3087 1346 3144 litteratos
1365 3089 1529 3155 viros,
1562 3101 1622 3146 ut
1643 3091 1814 3160 patri-

226 3179 475 3232 monium
491 3193 524 3232 a
541 3179 860 3247 parentibus
877 3188 1178 3249 acceptum,
1197 3180 1266 3235 ad
1284 3180 1452 3234 filium
1467 3179 1724 3235 Cosmum
1741 3181 1811 3234 Ill

227 3271 460 3326 feliciter
480 3269 804 3324 transmisit.
831 3269 930 3324 Hic
959 3271 1076 3340 ipse
1104 3280 1189 3326 est
1223 3273 1413 3333 codex,
1433 3287 1540 3340 quo
1570 3288 1700 3328 usus
1729 3281 1815 3327 est

223 3361 551 3416 Ambrosius
591 3360 1048 3427 Camaldulensis,
1109 3362 1201 3431 qui
1251 3363 1402 3432 prior
1443 3363 1586 3418 hanc
1635 3363 1812 3417 Vitam

227 3451 426 3507 Latine
448 3452 612 3507 vertit
643 3469 659 3506 :
691 3452 855 3508 vertit
883 3461 1063 3508 autem
1093 3453 1301 3519 Rome,
1335 3464 1394 3509 ut
1424 3455 1540 3525 ipse
1583 3462 1817 3509 testatur

228 3544 287 3598 in
321 3544 552 3614 epistola
592 3546 983 3613 nuncupatoria
1025 3545 1092 3600 ad
1144 3546 1448 3618 Eugenium
1493 3562 1688 3618 papam
1721 3547 1811 3612 ιν,

233 3633 466 3703 ejusque
493 3634 674 3689 versio
705 3634 846 3705 typis
887 3651 1085 3691 excusa
1113 3638 1314 3707 prodiit
1355 3637 1588 3708 primum
1635 3639 1814 3695 Vene-

233 3726 323 3781 tiis
349 3725 407 3780 in
435 3725 610 3780 forma
629 3737 839 3792 octava,
859 3743 991 3782 cura
1021 3736 1076 3782 et
1101 3729 1283 3784 studio
1300 3727 1506 3786 Nicolai
1527 3731 1812 3803 Erythraei,

235 3815 467 3872 Lutetia:
483 3811 683 3886 saepius
707 3823 895 3886 postea
925 3831 1137 3872 recusa.
1157 3817 1332 3884 Hunc,
1367 3819 1606 3890 inquam,
1639 3821 1814 3890 ipsum

233 3921 356 3962 esse
385 3905 632 3961 codicem
659 3921 770 3976 quo
807 3921 936 3961 usus
971 3915 1056 3961 est
1078 3905 1420 3975 Ambrosius,
1454 3908 1812 3978 deprehendi,

231 4013 358 4054 cum
391 4013 462 4052 ex
485 3997 735 4068 pluribus
758 3983 913 4064 locis,
937 3999 1027 4068 qui
1050 3999 1213 4053 unius
1247 4007 1341 4054 aut
1368 4001 1594 4055 alterius
1624 4001 1818 4056 littera:

232 4089 536 4145 mutatione
569 4090 811 4159 corrupti
839 4100 1013 4156 erant,
1042 4099 1158 4145 tum
1195 4105 1261 4145 ex
1295 4091 1476 4145 verbis
1514 4091 1817 4161 litterisque

233 4195 522 4251 perperam
570 4180 878 4249 coniunctis
933 4189 1028 4235 aut
1079 4180 1287 4236 divisis.
1320 4179 1476 4246 Quod
1537 4190 1652 4236 tute
1721 4197 1819 4252 per

235 4273 476 4343 teipsum
528 4269 686 4326 facile
731 4271 1170 4338 animadvertes,
1219 4272 1462 4328 studiose
1504 4272 1729 4336 Lector,
1771 4273 1818 4328 si

233 4364 539 4422 attenderis
585 4366 654 4420 ad
703 4367 884 4421 varias
937 4367 1200 4423 lectiones
1257 4367 1593 4438 marginibus
1644 4384 1673 4422 a
1731 4383 1818 4422 me

232 4456 522 4525 ascriptas,
553 4471 690 4526 quas
713 4457 987 4528 desumpsi
1017 4458 1214 4528 partim
1245 4473 1309 4512 ex
1346 4459 1549 4528 scripto
1581 4457 1815 4531 Georgii,

236 4546 590 4603 Alexandrini
614 4551 1025 4620 archiepiscopi,
1067 4534 1264 4621 partim
1292 4566 1359 4605 ex
1384 4552 1626 4621 Epistola
1654 4552 1820 4623 Chry-

237 4640 464 4696 sostomi
494 4641 563 4695 ad
597 4641 976 4696 Innocentium
1007 4657 1202 4712 papam
1225 4685 1238 4707 ,
1262 4658 1383 4712 quae
1411 4643 1553 4698 inter
1582 4643 1819 4715 Chryso-

237 4731 398 4786 stomi
443 4729 625 4802 Opera
665 4743 858 4798 exstat,
890 4745 1043 4790 eruta
1070 4751 1136 4790 ex
1176 4735 1297 4788 aliis
1326 4736 1606 4790 codicibus
1647 4752 1816 4790 mss.:

241 4827 434 4894 partim
466 4825 706 4896 denique
743 4841 806 4881 ex
835 4826 1157 4897 fragmento,
1184 4826 1328 4896 quod
1357 4841 1423 4880 ex
1453 4827 1639 4881 codice
1664 4826 1821 4897 Cuja-

241 4919 389 4972 tiano
416 4917 622 4972 Fronto
649 4917 878 4973 Ducazus
904 4918 1068 4972 edidit
1092 4918 1147 4971 in
1182 4917 1288 4971 fine
1326 4918 1526 4990 vulgati
1553 4935 1582 4973 a
1612 4935 1669 4974 se
1703 4921 1820 4975 dia-

239 5010 366 5084 logi.
398 5011 497 5068 Bis
521 5013 671 5068 vitiis
699 5022 755 5068 et
779 5014 1136 5069 incommodis
1154 5014 1210 5067 in
1244 5015 1516 5078 versione,
1540 5030 1703 5085 quam
1722 5031 1822 5086 pro

241 5103 466 5159 modulo
485 5119 606 5160 meo
634 5105 974 5170 concinnavi,
1021 5114 1296 5175 utcunque
1325 5121 1614 5161 occurrere
1655 5122 1821 5161 cona-

241 5203 331 5249 tus
354 5209 500 5259 sum,
548 5211 732 5248 veram
782 5211 845 5249 ac
892 5195 1181 5266 genuinam
1233 5206 1454 5252 secutus
1502 5198 1816 5262 lectionem,

242 5297 404 5350 quam
441 5283 627 5338 notavi
663 5284 731 5338 ad
769 5285 1089 5355 marginem,
1111 5295 1319 5340 retenta
1351 5287 1407 5340 in
1440 5297 1588 5342 textu
1629 5289 1820 5360 dialogi

242 5373 498 5439 lectione,
521 5391 645 5446 qua:
674 5376 731 5430 in
755 5377 940 5431 codice
965 5379 1336 5448 manuscripto
1377 5380 1696 5436 habebatur.

317 5571 336 5602 ι
372 5551 470 5607 Hic
490 5567 773 5606 nonnemo
801 5553 1032 5607 fortasse
1060 5555 1296 5625 obiiciat,
1325 5559 1571 5614 diversos
1601 5560 1706 5615 sibi
1741 5563 1822 5617 vi-

247 5639 358 5696 deri
375 5644 598 5698 codices
618 5644 1038 5699 Ambrosianum
1060 5661 1122 5701 ac
1145 5648 1516 5706 Florentinum
1539 5669 1550 5704 :
1572 5664 1824 5723 propter-

244 5747 304 5790 ea
337 5737 487 5807 quod
522 5736 850 5793 Ambrosius
887 5740 1144 5796 nonnulla
1173 5744 1422 5811 prooemii
1453 5745 1574 5800 loco
1599 5747 1821 5816 przemi-

1181 337 1299 393 BM.
1343 337 1596 394 BlGOTll
1639 338 2009 394 ΡΠᾸΞΡΑΤΙΟ
2045 339 2110 394 IN
2149 338 2560 396 PALLADIUM.

3350 353 3474 395 XCiV

1897 455 1965 510 sit
1993 459 2047 510 in
2071 472 2166 510 sua
2199 457 2465 520 versione,
2500 467 2621 524 qua:
2661 453 2714 506 in
2747 451 3064 506 Florentino
3103 466 3213 506 non
3248 466 3471 523 compa-

1897 557 2036 601 rent.
2074 548 2220 602 ldem
2251 547 2480 601 subinde
2509 548 2743 600 occurrit
2789 545 2843 598 in
2887 544 3123 598 decursu
3165 545 3380 617 dialogi,
3416 559 3474 600 ut

1897 640 2068 694 cuivis
2105 639 2302 708 legenti
2348 639 2638 692 observare
2676 635 2820 688 licet.
2847 635 3046 688 Verum
3086 634 3332 704 quisquis
3359 649 3474 689 rem

1899 741 2147 786 accurate
2177 729 2543 800 perpenderit,
2558 727 2713 782 facile
2743 742 2956 781 mecum
2975 727 3326 791 existimabit,
3346 723 3476 780 Am-

1897 824 2139 879 brosium
2170 823 2269 876 ista
2299 823 2365 876 de
2392 836 2492 875 suo
2521 819 2812 882 addidisse,
2839 827 2899 872 ut
2941 819 3010 872 ad
3049 818 3341 889 dialogum,
3383 817 3476 888 qui

1899 916 2063 970 nimis
2094 916 2326 984 abrupto
2353 913 2574 967 exordio
2606 910 2954 981 procedebat,
2996 910 3140 964 viam
3183 910 3425 979 aperiret
3461 929 3474 963 :

1901 1005 2153 1074 idemque
2187 1004 2506 1074 prazstitisse
2540 1002 2597 1055 in
2637 1000 2779 1055 serie
2821 998 3044 1068 dialogi,
3089 999 3262 1054 sicubi
3315 997 3482 1052 nimis

1902 1097 2081 1151 hiulca
2126 1095 2412 1152 videbatur
2463 1093 2658 1147 oratio.
2693 1090 2828 1157 Quis
2851 1089 2996 1143 enim
3027 1089 3127 1143 sibi
3156 1091 3483 1158 persuadeat

1902 1189 2102 1243 Zosimi
2158 1187 2432 1258 pontificis
2473 1185 2693 1240 maximi
2731 1182 3069 1252 temporibus
3097 1181 3326 1236 Romam
3367 1181 3482 1251 pri-

1902 1297 2054 1336 mum
2079 1281 2297 1335 venisse
2344 1279 2518 1333 nostri
2552 1277 2874 1346 scriptorem
2907 1273 3124 1344 dialogi,
3155 1275 3250 1344 qui
3281 1273 3336 1327 in
3364 1274 3486 1344 ipso

1903 1371 2348 1428 animadverterit
2386 1368 2732 1423 Theodorum
2763 1365 3052 1420 diaconum
3103 1364 3172 1418 ab
3221 1363 3487 1434 episcopo

1904 1478 2165 1535 quaarere,
2199 1477 2268 1516 an
2299 1461 2537 1516 Joannes
2575 1466 2823 1512 mortuus
2849 1455 2947 1520 sit;
2985 1455 3313 1524 respondere
3353 1468 3486 1508 vero

1904 1557 2220 1626 episcopum
2251 1572 2264 1608 :
2296 1551 2461 1616 Vixit,
2489 1549 2614 1619 quia
2637 1557 2886 1603 mortuus
2916 1557 3018 1601 est.
3045 1544 3187 1600 Sane
3202 1546 3486 1614 haudqua-

1904 1661 2067 1714 quam
2111 1641 2407 1700 verisimile
2447 1649 2548 1704 est,
2574 1637 2917 1693 celeberrimi
2962 1635 3230 1706 pontificis
3277 1635 3485 1691 obitum

1904 1747 2012 1792 tam
2042 1736 2132 1792 diu
2167 1736 2336 1790 latere
2361 1731 2603 1803 potuisse
2632 1729 3278 1792 ThcodorumJiomanm
3293 1727 3487 1782 Eccle-

1907 1829 1999 1883 siae
2028 1828 2334 1888 diaconum,
2355 1824 2440 1878 cui
2460 1823 2563 1876 alia
2582 1823 2838 1893 pleraque
2849 1822 2914 1876 de
2931 1820 3316 1891 Chrysostomo
3335 1833 3486 1871 com-

1905 1925 2057 1986 perta
2084 1923 2257 1968 erant.
2289 1912 2530 1976 Accedit,
2561 1911 2728 1980 quod,
2761 1926 2884 1964 cum
2928 1909 3166 1980 episcopi
3206 1908 3276 1962 ab
3322 1906 3488 1961 luno-

1906 2006 2088 2060 centio
2115 2019 2253 2073 papa
2287 2001 2814 2070 Constantinopolim
2848 2000 3090 2063 missi,in
3126 2000 3322 2053 itinere
3347 1999 3490 2054 male

1907 2096 2112 2165 accepti
2131 2093 2377 2159 fuissent,
2409 2109 2534 2148 eum
2556 2092 2788 2147 maxime
2820 2090 3110 2146 sollicitum
3142 2090 3490 2145 reddere'de-

1907 2187 2109 2242 bebant
2136 2202 2222 2240 res
2236 2186 2560 2241 Orientales.
2589 2185 2758 2238 Porro
2780 2199 2809 2237 a
2835 2193 3007 2237 morte
3019 2182 3244 2238 Joannis
3263 2181 3331 2236 ad
3350 2195 3490 2251 pon-

1908 2278 2170 2333 tiﬁcatum
2199 2277 2398 2331 Zosimi
2434 2276 2561 2330 anni
2597 2276 2787 2330 decem
2815 2275 2986 2343 elapsi
3031 2283 3203 2328 erant.
3233 2272 3287 2327 Si
3325 2289 3488 2343 argu-

1909 2379 2154 2424 mentum
2185 2367 2626 2438 chrouologicum
2675 2366 2917 2435 pressius
2955 2380 3146 2435 urgere
3184 2380 3273 2419 me
3316 2365 3484 2426 sinas,

1911 2462 2111 2530 rogabo
2151 2470 2223 2524 te,
2257 2468 2318 2513 ut
2348 2459 2535 2513 oculos
2577 2457 2833 2526 coniicias
2865 2450 2925 2510 in'
2953 2456 3067 2511 hzec
3097 2456 3260 2509 verba
3303 2455 3488 2509 Theo-

1909 2550 2050 2616 dori,
2085 2565 2205 2619 quas
2227 2549 2328 2604 sub
2355 2548 2516 2602 finem
2545 2547 2740 2617 dialogi
2763 2546 2935 2600 nostri
2965 2545 3152 2600 Graece
3191 2547 3487 2616 leguntur:

1911 2641 2107 2710 Scopus
2140 2643 2238 2694 iste
2268 2641 2522 2694 Romanae
2553 2639 2799 2694 Ecclesiae
2820 2648 2917 2704 est,
2956 2654 3225 2708 nunquam
3253 2653 3492 2691 commu-

1913 2735 2090 2786 nicare
2136 2731 2489 2787 Orientalibus
2544 2733 2816 2800 episcopis,
2863 2731 3157 2799 praesertim
3194 2729 3489 2798 Theophila.

1911 2825 2014 2894 Qui
2040 2828 2156 2882 haec
2189 2827 2354 2882 verba
2378 2827 2527 2896 legit,
2565 2841 2745 2880 nonne
2773 2825 2955 2880 statim
2998 2824 3367 2895 Theophilum
3408 2825 3495 2879 vi-

1911 2935 2041 2974 vum
2063 2920 2243 2974 adhuc
2272 2929 2327 2974 et
2356 2919 2656 2989 spirantem
2685 2918 2830 2972 videt
2859 2932 2925 2972 eo
2950 2925 3216 2986 tempore,
3243 2931 3350 2986 quo
3379 2916 3497 2971 haec

1912 3015 2076 3069 verba
2113 3012 2420 3083 proferebat
2465 3009 2824 3065 Theodorus?
2873 3009 3242 3080 Theophilum
3284 3018 3492 3074 autem,

1912 3104 2340 3159 Alexandrinum
2388 3101 2722 3172 episcopum,
2747 3116 2892 3155 anno
2915 3101 3019 3155 412
3052 3110 3328 3156 mortuum
3353 3115 3495 3162 esse,

1914 3195 2056 3264 apud
2081 3208 2272 3248 omnes
2297 3201 2532 3247 constat.
2561 3191 2718 3258 Quod
2744 3191 2854 3246 dixi
2881 3191 2949 3245 de
2982 3191 3248 3261 prooemio
3280 3189 3493 3260 dialogi,

1914 3288 2140 3356 aliisque
2167 3301 2265 3355 per
2299 3283 2649 3340 Ambrosium
2686 3283 3028 3353 interpolatis
3055 3282 3211 3347 locis,
3244 3281 3298 3336 id
3332 3281 3496 3336 etiam

1915 3378 2181 3433 affirmare
2219 3376 2395 3432 ausim
2440 3375 2508 3429 de
2543 3374 2855 3429 nominibus
2901 3372 3136 3444 propriis
3169 3387 3380 3438 eorum,
3405 3371 3498 3442 qui

1917 3470 2056 3525 inter
2081 3483 2140 3524 se
2162 3469 2447 3537 loquentes
2473 3466 2611 3521 inibi
2639 3465 2996 3520 inducuntur.
3026 3463 3163 3518 Nam
3187 3464 3280 3534 qui
3297 3463 3352 3517 in
3383 3478 3502 3517 ver-

1916 3563 2067 3618 sione
2096 3559 2454 3616 Ambrosiana
2483 3559 2742 3615 dicuntur
2771 3557 3042 3612 Palladius
3071 3566 3127 3612 et
3156 3557 3497 3620 Theodorus,

1916 3655 1971 3710 in
2003 3655 2189 3711 Graeco
2227 3654 2415 3710 codice
2443 3652 2688 3708 Medieeo
2713 3649 3004 3721 episcopus
3017 3649 3348 3704 etdiaconus
3363 3648 3499 3704 sim-

1916 3749 2122 3819 pliciter
2151 3748 2522 3818 appellantur:
2557 3745 2720 3814 idque
2761 3744 2831 3798 ab
2875 3742 3173 3813 interprete
3208 3739 3499 3797 Ambrosio

1915 3847 2102 3892 contra
2134 3836 2294 3891 fidem
2335 3833 2712 3902 manuscripti,
2744 3839 2803 3885 ut
2833 3829 3022 3886 lectori
3055 3829 3386 3893 consuleret,
3414 3827 3497 3882 fa—

1915 3936 2063 3982 ctum
2091 3925 2259 3980 fuisse
2282 3924 2464 3978 nullus
2488 3922 2696 3980 dubito.
2739 3919 2882 3974 Sane
2914 3919 3171 3974 omnibus
3200 3918 3497 3973 contestari

1915 4029 2027 4069 non
2077 4029 2264 4069 verear
2307 4011 2608 4066 Mediceum
2666 4009 2912 4063 codicem
2954 4007 3225 4077 integrum
3277 4020 3419 4070 esse,
3444 4015 3500 4060 et

1915 4105 2057 4160 bona
2093 4105 2216 4167 fide,
2242 4104 2320 4158 uti
2347 4103 2492 4172 jacet
2524 4101 2580 4155 in
2619 4101 2928 4170 archetypo,
2959 4113 2989 4150 a
3012 4112 3101 4151 me
3131 4103 3493 4166 repraesenta-

1919 4202 2056 4247 tum.
2085 4191 2142 4247 Si
2169 4193 2292 4261 quis
2321 4200 2569 4262 reponat,
2596 4191 2736 4245 hanc
2761 4188 3066 4244 versionem
3084 4186 3292 4252 Roma,
3321 4195 3380 4242 ut
3403 4201 3498 4241 su-

1917 4284 2102 4356 perius
2120 4282 2395 4347 notabam,
2415 4282 2730 4336 adornatam
2749 4295 2870 4335 esse
2896 4280 2964 4334 ab
2990 4277 3296 4343 Ambrosio,
3319 4292 3498 4348 neque

1919 4393 1950 4432 a
1981 4391 2112 4429 vero
2157 4374 2395 4428 alienum
2444 4373 2641 4434 videri,
2666 4388 2791 4427 eum
2844 4372 3079 4441 quodam
3126 4369 3499 4443 manuscripto

1919 4467 2136 4531 codice,
2169 4465 2264 4535 qui
2293 4463 2483 4518 Romae
2514 4471 2629 4516 tum
2661 4471 2918 4526 exstaret,
2952 4475 3114 4516 usum
3153 4461 3358 4516 fuisse:
3409 4476 3500 4515 re-

1922 4559 2221 4631 spondebo,
2252 4554 2518 4626 probabili
2547 4567 2700 4622 asque
2729 4561 3049 4624 argumento
3065 4552 3166 4607 dici
3182 4567 3343 4621 posse
3368 4551 3499 4604 Am-

1919 4650 2158 4706 brosium
2189 4655 2282 4701 aut
2324 4643 2527 4699 codicis
2551 4641 2848 4696 Florentini
2877 4657 2973 4696 seu
2996 4641 3220 4697 Medieei
3246 4641 3398 4712 prius
3411 4641 3501 4695 ha-

1922 4743 2108 4798 buisse
2141 4739 2371 4810 c0piam,
2413 4744 2508 4790 aut
2549 4733 2790 4790 codicem
2847 4733 3025 4803 ipsum
3074 4732 3263 4788 Romae
3304 4731 3500 4788 Cosmo

1922 4833 2113 4903 Magno
2149 4843 2514 4900 comparasse,
2550 4827 2604 4881 in
2636 4827 2792 4896 cujus
2831 4826 3214 4882 bibliothecam
3258 4825 3499 4881 codicem

1923 4925 2062 4979 facta
2093 4921 2342 4976 versione
2374 4919 2731 4975 transtulerit.
2761 4917 3041 4974 Ambrosii
3077 4919 3224 4973 enim
3262 4917 3408 4972 curis
3435 4931 3502 4972 ac

1923 5012 2214 5086 diligentia:
2249 5012 2651 5066 institutionem
2687 5009 2942 5064 Medicese
2970 5009 3318 5064 Bibliotheca:
3343 5023 3500 5064 acce-

1923 5112 2070 5174 ptam
2106 5101 2295 5157 referri
2326 5103 2543 5164 debere,
2575 5115 2758 5165 nemo,
2813 5101 2907 5170 qui
2939 5101 3060 5168 eius
3102 5100 3268 5155 vitam
3299 5108 3351 5154 et
3383 5099 3500 5169 epi-

1925 5197 2087 5252 stolas
2111 5196 2314 5267 legerit,
2352 5192 2686 5248 difiitebitur.
2716 5191 2842 5248 Haec
2867 5193 2936 5246 de
2971 5192 3156 5248 codice
3191 5193 3336 5248 dicta
3365 5207 3502 5247 sun-

1926 5295 1981 5340 to
2015 5305 2027 5341 :
2062 5302 2211 5340 nunc
2233 5285 2300 5340 de
2333 5292 2556 5338 auctore
2587 5281 2780 5351 dialogi
2818 5281 3120 5336 videamus.

2005 5487 2024 5518 ε
2064 5465 2316 5536 Dialogus
2344 5465 2411 5519 de
2437 5463 2559 5518 Vita
2574 5463 2800 5518 Joannis
2827 5461 3198 5534 Chrysostomi
3223 5462 3366 5518 inter
3380 5461 3500 5532 epi-

1925 5574 2149 5628 scopum
2181 5567 2236 5611 et
2264 5556 2609 5610 Theodorum
2635 5553 2892 5610 Romana:
2924 5553 3183 5609 Ecclesia
3211 5555 3497 5610 diaconum

1924 5651 2143 5707 habitus
2169 5658 2252 5702 est
2278 5647 2482 5709 Romze,
2503 5662 2684 5701 coram
2719 5645 2904 5699 multis
2928 5654 2980 5699 et
3011 5660 3108 5714 per
3142 5645 3325 5713 plures
3351 5639 3492 5693 dies.

1926 5742 2086 5798 Hunc
2116 5740 2430 5810 episcopum
2457 5747 2708 5793 vocatum
2739 5735 2904 5792 fuisse
2926 5735 3240 5792 Palladium.
3271 5739 3326 5786 et
3353 5740 3496 5797 pra:-
