4038 6154
562 303 664 346 κον

564 406 733 460 fuisse
761 403 1014 459 Ecclesiae
1051 402 1532 470 Helenopolitanaa,
1577 404 1738 458 ﬁdem
1782 404 1985 458 faciunt
2018 404 2135 457 haec

563 492 702 550 tituli
721 494 900 558 verba,
925 493 1176 564 Dialogus
1192 493 1428 546 Palladii
1447 495 1672 562 episcopi
1690 494 2134 564 Helenopolitani,

563 590 750 644 eadem
773 588 826 640 in
851 586 955 640 line
977 587 1142 640 libelli
1161 587 1410 656 repetita.
1435 586 1593 656 Apud
1617 587 1878 641 Savilium
1904 589 2135 642 habetur

562 679 819 734 elenchus
843 690 1155 743 auctorum,
1184 680 1274 749 qui
1305 679 1512 750 aliquid
1549 680 1617 734 de
1648 679 1858 734 Joanne
1896 680 2132 752 Chryso-

562 779 736 826 stomo
769 771 1123 841 scripserunt.
1159 770 1286 826 Fuit
1315 781 1497 826 autem
1528 781 1814 842 excerptus
1843 773 2042 827 Patavii
2065 789 2130 826 ex

561 863 748 918 codice
781 865 1152 918 vetustissimo
1186 864 1466 919 Michaelis
1510 865 1792 934 Sophiani,
1822 874 1878 920 et
1901 864 2132 936 praeﬁgi-

451 1002 462 1016 .
559 966 650 1011 tur
676 959 819 1027 apud
870 958 1118 1012 eumdem
1163 958 1420 1012 Savilium
1450 958 1586 1013 Vita:
1607 957 1662 1012 S.
1695 959 1920 1013 Joannis
1953 959 2130 1029 Chry-

561 1047 806 1110 sostomi,
835 1047 1048 1117 scriptae
1086 1048 1154 1102 ab
1184 1056 1406 1102 auctore
1439 1049 1673 1117 quodam
1711 1063 2003 1119 anonymo,
2039 1048 2131 1118 qui

563 1154 622 1192 se
663 1154 783 1192 eam
826 1139 1182 1192 concinnasse
1209 1139 1340 1193 dicit
1366 1155 1432 1194 ex
1474 1140 1728 1194 omnibus
1767 1139 1858 1209 qui
1900 1140 1955 1193 in
1987 1140 2132 1193 dicto

564 1228 792 1283 elcncho
824 1229 1174 1283 nominantur
1207 1231 1579 1300 scriptoribus.
1616 1231 1726 1285 Hos
1761 1232 1902 1285 inter
1947 1229 2132 1286 Graece

563 1320 756 1391 legitur
780 1320 1057 1374 Palladius
1099 1323 1365 1391 cpiscopus
1407 1322 1796 1392 Helenopoleos.
1848 1323 2128 1393 Georgius,

561 1412 958 1467 Alexandrinus
1001 1415 1326 1483 patriarcha,
1367 1416 1457 1484 qui
1487 1417 1653 1470 multa
1685 1433 1747 1470 ex
1781 1417 1884 1471 hoc
1923 1417 2132 1487 dialogo

562 1504 616 1557 in
642 1503 816 1558 Vitam
846 1505 1068 1560 Joannis
1096 1506 1461 1578 Chrysostomi
1492 1525 1523 1562 a
1556 1525 1614 1564 se
1645 1510 1900 1579 scriptam
1949 1521 2130 1564 trans-

564 1592 720 1654 tulit,
769 1607 832 1646 ea
870 1594 1051 1648 omnia
1096 1605 1316 1664 accepta
1355 1595 1520 1650 refert
1559 1597 1792 1651 Palladio
1826 1598 2081 1667 episcopo
2118 1614 2131 1623 ’

560 1697 682 1752 quae
715 1684 904 1738 eadem
938 1686 1119 1740 omnia
1145 1686 1197 1739 in
1223 1687 1326 1742 hoc
1352 1687 1563 1758 dialogo
1598 1689 1796 1758 scripta
1818 1690 2073 1758 leguntur
2101 1707 2114 1744 :

562 1772 815 1837 Qua'dam
832 1792 1005 1829 eorum
1025 1793 1089 1829 ea:
1106 1776 1314 1848 dialogo
1333 1778 1568 1831 Palladii
1589 1780 1812 1848 episcopi
1833 1797 1950 1833 cum
1972 1781 2134 1837 Theo-

560 1866 710 1931 doro,
749 1865 994 1921 Romana:
1022 1867 1264 1922 Ecclesia:
1294 1870 1535 1933 diacono,
1554 1871 1844 1924 hausimus.
1872 1871 1968 1924 Ille
1997 1881 2131 1924 tem-

560 1957 770 2022 poribus
803 1959 914 2011 istis
953 1959 1079 2012 via'it
1113 1958 1580 2029 Constantinopoli,
1614 1972 1661 2015 et
1701 1965 1937 2033 interfuit
1965 1965 2134 2017 omni-

559 2050 652 2099 bus
681 2061 796 2112 qua:
817 2056 936 2099 acta
960 2057 1080 2100 sunt
1105 2063 1124 2100 :
1150 2058 1328 2115 postea
1357 2065 1474 2103 vero
1502 2050 1627 2103 urbe
1645 2060 1803 2120 atque
1832 2053 2133 2121 episcopatu

557 2153 651 2190 suo
680 2138 916 2202 decessit,
949 2139 1282 2192 abominatus
1312 2141 1726 2194 communionem
1762 2159 1880 2196 cum
1932 2143 2017 2204 iis,
2042 2144 2130 2212 qui

557 2229 782 2282 insidias
820 2239 1129 2283 struxerant
1153 2231 1400 2284 adversus
1427 2232 1636 2285 beatum
1672 2232 1946 2297 Joannem,
1975 2244 2132 2304 atque

559 2331 740 2374 contra
783 2321 974 2390 ipsum,
1001 2323 1106 2375 imo
1131 2333 1309 2376 contra
1339 2341 1435 2378 sua
1477 2327 1654 2393 capita
1678 2328 1964 2380 sententias
1996 2329 2131 2381 tule-

541 2421 702 2480 Arant,
755 2410 900 2464 nulla
957 2428 1216 2466 canonum
1269 2414 1448 2467 habita
1498 2416 1719 2469 ratione.
1766 2416 2011 2480 Photius,
2037 2419 2130 2486 qui

559 2503 702 2557 hanc
747 2503 921 2557 sancti
961 2502 1186 2557 Joannis
1213 2503 1499 2574 aGeorgio
1551 2505 1902 2574 compositam
1953 2506 2132 2561 Vitam

560 2593 706 2663 legit,
729 2603 784 2646 et
813 2609 876 2646 ex
910 2608 973 2646 ca
1003 2594 1246 2662 quaedam
1276 2595 1328 2647 in
1359 2609 1455 2649 sua
1495 2595 1816 2650 Bibliotheca
1858 2598 2016 2652 nobis
2047 2613 2130 2654 re-

559 2681 738 2752 liquit,
765 2683 880 2738 lucc
910 2683 1096 2738 Grtcce
1119 2684 1282 2739 habet
1313 2702 1326 2738 :
1356 2684 1530 2756 Refert
1572 2687 1816 2758 quaedam
1850 2705 1914 2742 ea:
1940 2688 2129 2742 Palla-

559 2773 681 2828 dio:
708 2773 982 2828 Palladius
1018 2773 1102 2829 ille
1153 2777 1420 2845 cpiscopus
1470 2777 1589 2848 fuit,
1637 2789 1683 2830 et
1727 2779 1925 2849 dialogi
1960 2781 2130 2849 forma

558 2865 773 2932 pulchre
795 2876 842 2918 ct
868 2867 1097 2920 studiose
1124 2884 1203 2920 res
1225 2866 1576 2938 Chrysostomi
1600 2871 1926 2939 conscripsit.
1949 2869 2131 2925 Theo-

559 2957 745 3022 dorus,
789 2956 1172 3012 'l'rimithuulis
1200 2959 1252 3012 in
1279 2957 1456 3031 Cypro
1488 2958 1662 3014 insula
1693 2961 2001 3031 episcopus,
2039 2961 2131 3029 qui

559 3046 744 3122 Graece
773 3049 986 3118 scripsit
1015 3050 1284 3104 homiliam
1310 3051 1384 3106 De
1402 3051 1509 3105 vita
1533 3062 1580 3105 et
1609 3052 1810 3118 exsilio,
1845 3069 2046 3106 necnon
2068 3053 2131 3106 de

560 3139 984 3194 tribulationibus
1013 3141 1300 3196 beatissimi
1327 3143 1549 3197 Joannis
1578 3141 1930 3214 Chrysostomi
1955 3146 2131 3198 archi-

559 3230 784 3299 episcopi
805 3230 1392 3301 Constantinopolitani,
1419 3236 1486 3290 de
1504 3237 1672 3290 nostri
1695 3246 1916 3291 auctore
1933 3235 2130 3307 dialogi

557 3319 674 3374 hrec
693 3321 855 3377 habet
880 3322 1128 3377 :Disscrit
1159 3325 1221 3378 de
1239 3324 1443 3380 Joaime
1471 3336 1518 3381 et
1537 3328 1601 3380 de
1621 3327 1860 3382 omnibus
1883 3346 1998 3398 quw
2031 3328 2130 3399 ipsi

556 3409 886 3474 acciderunt,
902 3427 1018 3463 cum
1035 3411 1526 3485 Thcodoro,magnte
1543 3416 1680 3470 urbis
1697 3417 1876 3472 Roma:
1887 3421 2127 3485 diacono,

559 3499 638 3552 vir
653 3501 867 3569 quidam
881 3504 1218 3568 venerandus,
1245 3504 1519 3559 Palladius
1535 3509 1762 3562 nomine.
1785 3509 1882 3563 Ille
1900 3512 2126 3575 primunt

559 3589 749 3643 multos
775 3607 939 3645 annos
961 3609 1190 3647 cremant
1207 3595 1444 3662 incoluit,
1463 3598 1649 3652 deinde
1683 3602 1753 3652 ad
1769 3601 2131 3671 episcopatum

556 3680 613 3733 in
649 3681 893 3753 Bithynia
925 3696 1192 3752 promotus
1231 3689 1350 3758 fuit,
1384 3699 1432 3742 ct
1457 3686 1665 3759 scripsit
1695 3693 1911 3747 virtutes
1945 3693 2132 3748 multo-

557 3788 676 3824 rum
709 3771 949 3826 Patrum.
974 3774 1120 3828 Idem
1156 3777 1265 3845 ipse
1310 3782 1711 3835 communicavit
1751 3799 1868 3836 cum
1903 3783 2126 3851 Joanne,

561 3873 610 3915 et
660 3863 713 3916 in
767 3865 983 3920 obscura
1048 3869 1364 3924 domuncula
1411 3873 1650 3926 undecim
1706 3891 1905 3929 menses
1949 3876 2122 3930 latuit.

557 3953 638 4009 Ex
691 3955 774 4011 his
821 3957 1068 4030 colligere
1119 3960 1242 4017 licet
1270 3963 1604 4034 cpiscOpum,
1639 3975 1917 4022 auctorem
1967 3968 2127 4037 hujus

558 4046 790 4118 dialogi,
842 4052 1177 4107 nominatum
1255 4053 1425 4109 fuisse
1485 4055 1776 4110 Palladium
1834 4074 1864 4112 a
1899 4058 2128 4131 Georgio

557 4139 923 4196 Alexandrino
951 4151 1115 4212 atque
1143 4159 1174 4197 a
1202 4144 1416 4199 Photio.
1443 4145 1604 4200 Addit
1640 4147 1975 4214 Theodorus,
2004 4150 2127 4204 Tri-

559 4231 848 4286 mithuntis
876 4233 1184 4301 episcopus,
1213 4251 1336 4290 eum
1368 4237 1419 4290 in
1445 4237 1688 4308 Bithynia
1708 4240 1966 4296 donatum
2009 4242 2128 4311 epi-

559 4329 806 4389 scopatu.
837 4319 995 4378 Solus
1021 4324 1208 4378 utulus
1259 4325 1462 4382 codicis
1495 4327 1663 4384 (irasci
1716 4329 1931 4402 dialogi,
1963 4340 2018 4384 et
2053 4331 2130 4384 in-

559 4407 770 4464 diculus
793 4411 882 4480 qui
917 4423 1095 4468 exstat
1131 4414 1270 4485 apud
1312 4414 1593 4484 Savilium,
1634 4419 1781 4475 hunc
1813 4421 2126 4490 episcopum

559 4500 727 4556 fuisse
780 4502 1284 4576 llelenopolitanum
1328 4517 1612 4564 testantur.

629 4663 743 4718 lloe
760 4680 922 4733 porro
943 4667 1477 4725 auimadvertcmlum
1497 4681 1600 4736 est,
1628 4672 1681 4725 in
1698 4671 1885 4726 codice
1902 4671 2097 4726 Floren
2109 4703 2126 4712 -

558 4754 790 4822 tino(cst
822 4765 1002 4809 autem
1020 4768 1398 4812 sescentorum
1421 4759 1709 4828 annorum)
1740 4759 1925 4816 Graece
1957 4759 2127 4814 ascri-

556 4852 710 4912 ptum
742 4842 928 4896 haberi
953 4843 1006 4895 in
1024 4846 1283 4914 margine,
1301 4848 1355 4900 in
1369 4849 1488 4903 aliis
1505 4851 1770 4916 scribitur,
1788 4851 2072 4920 Asponum,
2097 4868 2127 4907 e

555 4940 779 5003 regione
808 4933 953 4986 vocis
975 4932 1372 5001 llelcnopoleos:
1402 4954 1521 5006 qua:
1542 4941 1745 4994 notatio
1765 4943 1968 4996 indicat
1983 4944 2128 4998 hunc

559 5024 735 5094 ipsum
758 5023 1395 5094 Palladium,quidicitur
1427 5029 1928 5098 Helenopolitanus,
1963 5035 2126 5089 etiam

557 5114 762 5168 dictum
812 5114 978 5170 fuisse
1017 5117 1084 5170 ab
1117 5117 1237 5171 aliis
1263 5118 1575 5188 episcopum
1608 5120 2002 5190 Asponensem.
2030 5127 2128 5182 His

559 5206 842 5275 astipulari
880 5209 1093 5263 videtur
1128 5209 1397 5277 Socrates,
1427 5213 1517 5282 qui
1559 5214 1697 5270 libro
1726 5219 1973 5288 septimo,
2005 5236 2122 5290 cap.

555 5297 627 5352 26
658 5300 907 5353 Historia:
929 5301 1320 5368 ‘ecclesiasticw,
1358 5303 1412 5358 in
1447 5306 1691 5378 catalogo
1726 5310 2122 5381 episcoporum,

557 5389 648 5458 qui
666 5389 736 5443 ab
753 5406 860 5445 uno
882 5393 1194 5464 episcopatu
1209 5397 1275 5450 ad
1301 5398 1464 5454 alium
1495 5401 1737 5456 translati
1758 5401 2002 5470 fuerunt,
2019 5405 2122 5458 ait:

557 5480 835 5538 Palladius
861 5485 927 5538 ab
955 5484 1257 5555 Helenopoli
1280 5489 1545 5558 Asponam
1567 5493 1855 5548 translatus
1891 5505 1996 5548 est:
2018 5496 2130 5549 Ale-

555 5576 758 5631 ttonder
773 5577 836 5630 ab
849 5575 1150 5646 Helenopoli
1166 5582 1328 5634 Adria
1336 5599 1424 5636 nos
1442 5586 1669 5638 transiit.
1690 5585 2034 5655 Hclenopolis
2047 5599 2126 5642 est

558 5667 613 5721 in
647 5669 911 5741 Bithynia,
943 5669 1173 5739 Asponia
1210 5690 1338 5730 vero
1365 5675 1417 5728 in
1443 5676 1643 5730 Galatia
1676 5677 1868 5746 prima,
1890 5678 1990 5733 sub
2010 5678 2123 5732 Au-

1414 286 1529 342 ΕΜ.
1572 286 1822 343 BlGOTll
1861 284 2129 341 ΡΒᾹΞἘΑἿ

2272 285 2344 339 ΙΝ
2384 286 2796 349 PALLADIUM.
3083 285 3086 289 ’
3151 314 3369 350 κοιλῇ...

3697 319 3831 359 παι

2238 417 2362 472 cyra
2394 407 2700 474 metropoli.
2737 407 2865 460 Mihi
2905 415 3083 462 autem
3107 408 3396 465 admodum
3435 414 3716 482 probabile
3741 421 3830 472 vi-

2238 492 2415 557 detur,
2441 505 2717 551 auctorem
2762 497 2924 568 hujus
2961 497 3154 572 dialogi
3185 520 3384 560 nomen
3431 521 3590 561 suum
3633 510 3824 567 dedita

2240 592 2402 646 opera
2431 580 2744 648 reticuisse,
2773 601 2950 655 neque
2979 589 3293 659 ascripsisse
3319 593 3480 649 fronti
3509 599 3826 666 operis,aut

2240 671 2565 727 narrationis
2581 678 2793 744 corpori
2817 677 3111 735 inseruisse
3135 700 3147 733 :
3176 683 3279 737 hoc
3308 685 3480 740 solum
3509 688 3578 742 de
3603 705 3664 744 se
3686 693 3821 748 sciri

2241 761 2430 827 voluit,
2446 765 2590 832 quod
2605 767 2891 836 episcopus
2913 769 3074 825 fuerit
3095 787 3300 842 magnae
3327 775 3645 842 civitatis,et
3669 783 3821 850 quod

2240 850 2383 905 lauta
2408 862 2570 923 atque
2589 857 2808 926 opipara
2833 861 3078 916 convivia
3095 863 3380 932 aliquando
3403 867 3744 937 instruxerit,
3763 885 3819 928 nt

2240 942 2355 1010 ipse
2387 943 2586 999 fatetur
2609 947 2662 1000 in
2696 947 2970 1021 Apologia,
2999 969 3159 1022 quam
3191 956 3423 1025 scripsit,
3449 975 3548 1013 cur
3574 961 3822 1020 Joannes

2239 1041 2424 1088 noster
2452 1037 2600 1092 solus
2630 1041 2958 1097 comederet.
2983 1044 3293 1111 ,Diaconum
3328 1057 3514 1104 contra
3556 1053 3642 1106 bis
3667 1063 3822 1110 terve

2239 1125 2417 1194 ipsum
2436 1127 2782 1184 Theodorum
2799 1133 3052 1188 vocitavit
3071 1152 3084 1200 ;
3108 1137 3328 1192 Palladii
3355 1155 3554 1194 nomen
3570 1142 3819 1199 additum

2238 1217 2433 1272 deinde
2465 1218 2558 1272 luit
2585 1239 2599 1286 ;
2622 1237 2684 1276 ac
2716 1225 3212 1282 tandemPalladius
3228 1229 3295 1282 ab
3317 1229 3587 1299 aliquibus
3606 1234 3818 1302 episco-

2238 1321 2339 1375 pus
2371 1307 2871 1378 Helenopolitanus,
2909 1314 2976 1367 ab
3005 1315 3123 1369 aliis
3152 1317 3438 1387 episcopus
3473 1321 3818 1389 Asponensis

2238 1399 2572 1466 nominatur,
2605 1403 2672 1456 ab
2707 1404 2827 1458 aliis
2855 1415 3038 1459 autem
3072 1409 3310 1463 creditus
3337 1418 3421 1464 est
3447 1413 3738 1483 episcopus
3763 1416 3818 1469 in

2237 1486 2515 1558 Bithynia,
2543 1499 2598 1544 et
2627 1492 2768 1546 idem
2791 1504 2978 1548 auctor
2994 1497 3240 1552 Historia:
3269 1502 3547 1554 eremitica:
3571 1505 3644 1557 ad
3666 1505 3819 1558 Lau-

2235 1595 2372 1643 sum,
2410 1596 2528 1648 quae
2559 1585 2717 1655 vulgo
2746 1587 3009 1641 Lausiaca
3037 1589 3255 1643 dicitur.
3289 1588 3407 1654 Qua
3451 1592 3506 1645 in
3538 1596 3817 1650 sententia

2237 1669 2403 1725 fuisse
2417 1671 2780 1740 Theodorum,
2803 1676 3283 1734 Trimithuntinum
3301 1683 3636 1753 episcopum,
3660 1699 3816 1743 certo

2237 1762 2520 1819 allirmabit
2548 1767 2638 1836 qui
2673 1768 3038 1825 observaverit
3064 1773 3252 1828 eadem
3280 1775 3348 1829 de
3390 1785 3612 1832 auctore
3650 1780 3817 1850 hujus

2236 1856 2427 1926 dialogi
2462 1857 2726 1922 scribere,
2757 1876 2876 1929 quae
2923 1863 2990 1916 de
3033 1878 3090 1917 se
3137 1865 3323 1920 scribit
3354 1876 3542 1923 auctor
3567 1869 3819 1927 Historia:

2237 1945 2510 2000 Lausiaca:
2529 1964 2546 2000 :
2568 1948 2767 2003 Relicta
2798 1951 3108 2019 Palwstina,
3141 1958 3323 2024 repetii
3349 1956 3656 2029 Bithyniam
3685 1973 3734 2016 et
3761 1965 3820 2018 in

2237 2053 2320 2101 ea,
2343 2055 2444 2091 non
2473 2056 2679 2108 possum
2697 2044 2865 2098 dicere
2894 2047 3150 2114 quomodo
3179 2049 3232 2100 id
3263 2051 3461 2120 factum
3479 2054 3564 2116 sit,
3585 2055 3695 2108 sive
3717 2057 3820 2109 ho-

2238 2126 2439 2179 minum
2472 2130 2676 2191 studiis,
2698 2131 2804 2184 sive
2832 2130 2924 2184 Dei
2947 2133 3209 2202 beneﬁcio.
3227 2135 3366 2189 solus
3395 2137 3449 2190 id
3481 2139 3622 2191 novit
3648 2139 3816 2206 Deus,

2235 2217 2421 2288 dignus
2453 2220 2660 2274 habitus
2683 2238 2800 2276 sum
2825 2225 3152 2278 ordinatione
3174 2243 3290 2297 qua:
3323 2229 3453 2283 vires
3486 2247 3629 2284 meas
3654 2248 3816 2300 supe-

2236 2319 2340 2372 rat,
2360 2320 2408 2362 et
2437 2313 2697 2381 particeps
2726 2315 2804 2384 fui
2829 2318 3198 2383 persecutionis
3227 2319 3364 2372 beati
3390 2319 3630 2384 Joannis,
3654 2335 3816 2394 atque

2238 2400 2472 2454 undecim
2496 2419 2692 2457 menses
2719 2405 2772 2456 in
2792 2405 3009 2459 obscura
3031 2407 3161 2460 cella
3182 2407 3332 2462 latui.
3347 2407 3610 2480 Agnoscis
3637 2414 3816 2468 Palla-

2235 2490 2403 2557 dium,
2443 2493 2951 2565 Helenopolitanum
2977 2500 3312 2570 episcopum,
3339 2504 3431 2572 qui
3483 2513 3607 2574 post
3650 2507 3815 2578 Euly-

2236 2582 2378 2637 sium
2403 2594 2459 2638 et
2484 2586 2814 2642 Demetrium
2839 2591 3145 2661 episcopos,
3164 2592 3388 2646 Romam
3404 2595 3606 2651 missus
3627 2596 3814 2654 foitad

2235 2670 2611 2728 Innocentium
2663 2692 2890 2747 papam;
2918 2681 3118 2750 quique
3150 2690 3336 2750 postea
3392 2685 3653 2740 remissus
3687 2703 3815 2742 cum

2235 2762 2445 2818 Latinis
2473 2766 2745 2836 episcopis
2773 2769 2980 2824 litteras
2993 2771 3218 2827 Honorii
3247 2773 3590 2844 imperatoris
3615 2780 3684 2832 ad
3704 2779 3814 2832 Ar-

2234 2854 2446 2908 cadium
2491 2855 2860 2915 deferentibus
2878 2902 2891 2925 ,
2923 2862 2979 2915 in
3008 2879 3280 2919 carcerem
3310 2868 3592 2936 conjectus
3615 2880 3718 2937 est,
3750 2888 3814 2930 ut

2233 2945 2551 3012 perhibetur
2589 2948 2644 3002 in
2673 2950 2903 3022 dialogo.
2938 2953 2995 3007 Si
3037 2955 3110 3008 ita
3142 2972 3200 3011 se
3229 2974 3315 3014 res
3345 2961 3587 3028 haberet,
3617 2965 3813 3021 dicen-

2234 3033 2361 3086 dum
2383 3045 2548 3101 esset,
2579 3039 2828 3094 eumdem
2856 3056 2975 3097 esse
3004 3043 3613 3114 Palladium,auctorem
3649 3055 3814 3125 hujus

2234 3122 2449 3194 dialogi,
2463 3140 2526 3179 ac
2545 3126 2842 3184 Palladium
2858 3133 2947 3202 qui
2966 3133 3190 3190 Romam
3215 3154 3245 3192 a
3267 3137 3474 3195 Joanne
3494 3122 3813 3200 Constanti-

2235 3216 2549 3284 nopolitano
2586 3221 2786 3276 missus
2812 3223 2932 3287 fuit,
2963 3235 3019 3279 et
3041 3228 3134 3296 qui
3164 3229 3457 3285 Historiam
3483 3237 3810 3291 eremiticam

2235 3305 2304 3358 ad
2334 3305 2565 3361 Lausum
2596 3311 2808 3380 scripsit
2835 3331 2847 3365 :
2879 3315 3022 3382 quod
3065 3316 3224 3371 simul
3260 3329 3403 3375 stare
3445 3323 3672 3380 omnino
3700 3341 3811 3381 non

2233 3405 2427 3465 potest.
2445 3399 2576 3454 Nam
2595 3412 2784 3458 auctor
2799 3405 2961 3474 hujus
2975 3408 3188 3481 dialogi,
3204 3412 3574 3483 cujuscunque
3591 3417 3810 3472 tandem

2233 3487 2465 3542 civitatis
2497 3491 2786 3563 cpiscOpus
2816 3495 2998 3563 fuerit,
3014 3500 3288 3570 aliquanto
3315 3512 3438 3573 post
3477 3514 3725 3576 tempore
3748 3524 3810 3564 se

2233 3578 2470 3645 primum
2490 3581 2718 3637 Romam
2749 3588 2964 3643 venisse
2983 3591 3079 3653 ait,
3097 3607 3258 3660 quam
3276 3595 3805 3661 veneratPalladius,

2233 3668 2520 3740 episcopus
2535 3673 3042 3746 llelenopolitanus;
3060 3697 3220 3751 quem
3238 3691 3482 3754 tempore
3506 3687 3808 3744 Innocentii

2231 3757 2456 3815 Romam
2479 3765 2712 3832 venisse,
2727 3767 2842 3837 ipse
2865 3771 3071 3838 scribit,
3097 3784 3385 3842 antequam
3399 3777 3696 3834 haberetur
3720 3781 3812 3835 hic

2233 3851 2490 3923 dialogus.
2511 3854 2777 3912 Praeterea
2806 3874 2930 3914 eum
2956 3862 3135 3918 adhuc
3161 3866 3304 3935 apud
3330 3867 3634 3941 Blemmyas
3664 3872 3807 3928 deti-

2231 3945 2347 3998 neri
2371 3946 2557 4001 scribit
2586 3965 2651 4003 eo
2674 3950 2790 4021 ipso
2813 3961 3074 4022 tempore,
3105 3973 3213 4026 quo
3242 3958 3383 4015 hanc
3397 3959 3632 4029 διάλεξιν
3656 3963 3808 4018 insti-

2234 4031 2420 4086 tuebat
2447 4048 2570 4088 cum
2599 4035 2884 4094 Theodoro
2919 4061 2932 4095 :
2963 4057 3082 4112 qua:
3107 4045 3248 4101 inter
3271 4062 3330 4102 se
3357 4051 3634 4106 conciliari
3655 4053 3806 4109 nullo

2231 4125 2392 4180 modo
2431 4137 2679 4198 possunt.
2717 4129 2944 4186 Demum
2977 4134 3210 4190 Historia
3241 4138 3505 4194 Lausiaca
3554 4143 3687 4198 mihi
3722 4145 3807 4197 vi-

2231 4215 2390 4270 detur
2414 4218 2613 4288 scripta
2642 4220 2785 4276 circa
2809 4237 3013 4278 annum
3028 4226 3124 4279 421
3151 4242 3290 4296 :quo
3314 4243 3458 4284 anno
3484 4239 3678 4288 auctor
3699 4234 3806 4288 hu-

2227 4307 2316 4376 jus
2336 4308 2573 4364 historitc
2601 4321 2789 4367 natum
2815 4329 2874 4368 se
2903 4330 3022 4371 esse
3052 4333 3224 4373 annos
3251 4321 3635 4394 quinquaginta
3671 4333 3801 4390 tres,

2231 4405 2325 4450 eta
2339 4397 2524 4469 viginti
2539 4402 2698 4456 annis
2716 4403 2767 4457 in
2799 4404 3045 4477 Bithynia
3070 4409 3384 4480 episcopum
3410 4428 3528 4468 esse
3551 4422 3802 4471 testatur.

2228 4489 2347 4543 Jam
2383 4491 2427 4544 si
2461 4493 2715 4549 detrahas
2751 4511 2816 4550 ex
2862 4501 3017 4554 annis
3046 4500 3144 4555 421
3177 4517 3349 4558 annos
3372 4508 3800 4574 quatuordecim,

2230 4596 2373 4633 anno
2419 4582 2541 4647 407,
2577 4599 2684 4652 quo
2715 4597 2960 4643 mortuus
3006 4599 3089 4645 est
3117 4591 3556 4663 Chrysostomus,
3595 4613 3802 4653 annum

2233 4680 2360 4726 tunc
2387 4673 2578 4744 agebat
2607 4675 2873 4734 Palladius
2903 4681 3236 4752 trigesimum
3268 4687 3677 4758 nonum.lgitur
3703 4706 3800 4744 vc-

2229 4763 2452 4819 risimile
2485 4775 2568 4820 est
2611 4782 2677 4821 ex
2727 4772 2976 4838 superius
3015 4772 3216 4840 allatis,
3254 4776 3523 4848 dialogum
3556 4780 3798 4834 habitum

2230 4852 2396 4908 fuisse
2416 4856 2575 4924 paulo
2601 4868 2723 4925 post
2748 4869 2975 4915 mortem
2992 4861 3215 4919 Joannis
3240 4865 3624 4936 Chrysostomi,
3655 4872 3797 4924 circa

2230 4959 2430 4999 annum
2476 4949 2601 5012 408,
2647 4966 2755 5017 quo
2801 4967 2944 5005 anno
2992 4953 3278 5021 Palladius,
3315 4967 3501 5029 auctor
3548 4960 3798 5019 Historia:

2234 5037 2524 5103 Lausiacaz,
2540 5050 2699 5094 natus
2730 5052 2840 5096 erat
2873 5059 3044 5100 annos
3073 5048 3606 5120 quadragintazquod
3631 5055 3798 5108 omni-

2229 5141 2300 5180 no
2345 5129 2808 5186 aniihadversione
2859 5133 3081 5204 dignum
3129 5147 3276 5205 puto,
3309 5139 3434 5208 quia
3483 5139 3800 5198 Theodorus

2229 5233 2371 5286 szepe
2400 5221 2687 5288 compellat
2715 5223 3009 5294 episcopum
3050 5237 3326 5283 auctorem
3356 5229 3592 5300 dialogi,
3631 5233 3796 5288 veluti

2229 5325 2436 5377 senem,
2456 5327 2687 5384 eumque
2711 5331 2809 5386 per
2823 5331 2987 5371 canos
3003 5319 3123 5387 ejus
3145 5319 3374 5389 adjurat,
3394 5330 3453 5376 ut
3479 5339 3667 5380 verum
3693 5322 3796 5394 ipsi

2229 5412 2410 5458 narret
2442 5423 2453 5456 :
2483 5421 2602 5476 qua:
2632 5407 2972 5476 compellatio
3007 5410 3198 5465 cadere
3227 5411 3312 5465 vix
3341 5421 3518 5482 potest
3545 5414 3600 5468 in
3619 5413 3796 5468 virum

2229 5511 2493 5551 annorum
2527 5499 2894 5569 quadraginta.

2299 5586 2351 5640 Si
2417 5590 2740 5644 sententiam
2804 5591 2904 5644 hac
2968 5594 3033 5646 de
3091 5608 3148 5646 re
3216 5610 3389 5650 meam
3451 5594 3798 5663 interponere

2229 5679 2316 5735 hic
2352 5682 2556 5749 liceret,
2597 5681 2726 5738 illud
2775 5693 2983 5738 tantum
3022 5684 3088 5741 dc
3113 5699 3333 5741 auctore
3375 5686 3533 5755 hujus
3579 5684 3796 5757 dialogi,
