4038 6154
277 309 418 349 ‘CVII

285 422 426 493 quod
479 420 593 488 ipse
662 417 730 475 de
794 431 856 472 se
911 417 1076 478 dixit.
1131 416 1589 486 pronuntiandum
1650 434 1852 476 cense-

279 530 398 570 rem
417 529 434 566 :
450 514 620 582 ipsum
636 510 842 565 scilicet
862 524 1073 580 magna:
1087 508 1317 563 civitatis
1335 509 1650 579 episcopum
1666 510 1850 577 fuisse,

278 606 444 664 sicuti
483 603 738 674 Georgius
763 601 1160 657 Alexandrinus
1177 609 1230 655 et
1249 600 1474 656 Photius
1499 603 1850 672 scripserunt.

276 698 336 754 ὁὶ
359 714 488 753 vero
513 695 779 749 Palladius
799 693 1060 748 dicendus
1085 700 1169 747 est
1196 689 1483 763 episcopus
1506 693 1854 765 Helenopoli-

276 799 454 850 tanus,
483 786 772 840 dicendum
802 799 1015 854 quoque
1047 783 1180 838 mihi
1213 785 1507 849 videretur,
1526 795 1592 840 ex
1619 785 1858 842 Heleno-

274 875 380 943 poli
413 864 731 929 translatum
756 874 924 928 fuisse
951 872 1242 943 Asponam,
1261 884 1422 944 atque
1454 875 1507 929 in
1537 877 1656 945 ejus
1673 877 1850 931 locum

268 964 561 1019 suﬂ'ectum
589 979 709 1018 esse
726 964 1018 1018 Palladium
1039 965 1286 1026 alterum,
1301 965 1393 1035 qui
1412 966 1638 1020 Romam
1656 969 1852 1022 missus

269 1055 435 1109 fuerit
458 1070 488 1108 a
509 1054 719 1109 Joanne
738 1056 806 1110 ad
836 1072 1028 1126 papam
1056 1057 1430 1111 Innocentium
1453 1057 1633 1125 :isque
1660 1067 1852 1112 auctor

268 1146 378 1200 erit
411 1143 662 1200 Historia:
699 1145 994 1210 Lamiam,
1027 1157 1081 1201 et
1107 1141 1402 1216 discipulus
1433 1147 1662 1217 Evagrii.
1685 1146 1850 1202 Porro

268 1237 567 1291 Palladium
585 1251 651 1290 ex
675 1235 993 1307 Helenopoli
1023 1236 1341 1291 translatum
1370 1237 1667 1306 Asponam,
1688 1239 1853 1293 tradit

266 1324 552 1392 Socrates;
583 1335 862 1382 auctorem
889 1343 1019 1394 vero
1042 1328 1234 1398 dialogi
1261 1327 1575 1397 episcopatu
1595 1327 1843 1394 cessisse,

267 1432 333 1471 ex
362 1416 578 1489 Georgii
607 1419 788 1474 verbis
808 1419 1058 1488 superius
1087 1419 1269 1474 relatis
1294 1419 1596 1474 coniicitur.
1618 1420 1730 1475 Hac
1760 1435 1847 1474 ra-

267 1509 420 1563 tione
450 1510 535 1563 via
566 1511 912 1579 prmeluditur
941 1512 1125 1567 multis
1153 1511 1487 1581 ambagibus,
1520 1526 1654 1580 quas
1691 1509 1848 1564 aliter

266 1601 500 1654 evadere
529 1601 712 1656 nullus
757 1602 952 1671 possit.
986 1601 1040 1657 Si
1082 1602 1211 1671 quid
1240 1609 1422 1656 tamen
1451 1601 1645 1656 rationi
1682 1610 1845 1671 atque

269 1691 544 1745 historicas
571 1691 781 1746 veritati
806 1692 975 1762 magis
1002 1699 1430 1747 consentaneum
1462 1694 1584 1762 quis
1604 1694 1847 1749 attulerit

265 1780 324 1833 in
360 1779 620 1842 medium,
637 1780 944 1836 nullatenus
969 1781 1566 1853 repugnabozquinimo
1585 1781 1849 1851 quidquid

265 1869 403 1923 illud
422 1870 545 1934 erit,
567 1871 825 1925 ambabus
852 1871 995 1926 ulnis
1016 1872 1157 1928 ultro
1180 1872 1462 1943 excipiam.
1497 1871 1604 1926 Sed
1626 1872 1754 1926 dum
1779 1873 1847 1927 de

262 1959 536 2029 scriptore
568 1962 727 2032 hujus
766 1963 958 2018 dialoui
1014 1964 1187 2020 fusius
1233 1965 1474 2022 edissero
1497 2005 1511 2030 ,
1543 1980 1684 2034 pene
1713 1965 1846 2019 mihi

566 5747 845 5807 ΡΑτιιοι..
887 5747 1011 5809 Gtt.
1051 5746 1305 5810 XLVII.

1276 288 1384 342 ΕΜ.
1429 283 1676 342 BlGOTIl
1715 286 2084 345 PREFATIO
2104 287 2169 343 IN
2193 287 2610 344 PALLADIUM.

3363 318 3528 360 ιονιη

1955 400 2227 464 exciderat
2260 411 2400 481 loqui
2428 413 2496 466 de
2522 409 2835 479 Theodoro;
2866 427 3026 483 quem
3057 415 3219 487 aliqui
3248 427 3522 473 auctorem

1957 499 2247 568 perhibent
2275 500 2438 569 hujus
2461 501 2675 572 dialogi,
2698 503 2792 558 sed
2819 503 2918 558 levi
2949 518 3170 572 prorsus
3192 517 3531 577 argumento.

1957 588 2294 652 Theodorus,
2324 587 2594 661 inquiunt,
2618 595 2947 664 compellans
2977 596 3316 667 episcopum,
3345 615 3405 655 se
3427 601 3529 654 ali-

1955 681 2170 749 quando
2191 679 2325 736 forte
2345 682 2412 736 de
2428 683 2591 737 rebus
2608 686 2779 739 sancti
2804 685 3173 758 Chrysostomi
3204 691 3532 760 scripturum

1955 772 2048 827 ait.
2063 772 2196 838 Quis
2210 771 2614 844 dialogistarum
2641 790 2846 830 morem
2869 793 2979 832 non
2996 779 3396 848 animadvertit,
3416 781 3530 852 qui,

1955 872 2015 919 ut
2040 866 2128 918 vel
2180 866 2402 919 minima
2431 881 2657 935 qumque
2698 869 2765 922 ab
2818 868 3202 927 interlocutore
3261 874 3530 944 expiscari

1953 956 2184 1026 possint,
2216 957 2393 1012 varias
2421 957 2728 1012 sciscitandi
2759 960 2998 1015 rationes
3021 963 3528 1031 comminiscuntur,

1953 1056 2114 1116 atque
2141 1049 2280 1102 hanc
2309 1048 2364 1102 in
2391 1050 2710 1119 primis,aut
2739 1051 2868 1106 alias
2891 1052 3235 1119 similes?Qui
3268 1056 3408 1110 hanc
3434 1070 3531 1111 su-

1955 1134 2254 1207 spicionem
2307 1137 2466 1208 primi
2503 1140 2867 1209 protulerunt,
2896 1157 3238 1212 nequaquam
3280 1147 3530 1202 attendev

1952 1241 2100 1296 runt,
2115 1231 2327 1300 opinor,
2347 1232 2526 1286 omnia
2563 1232 2968 1298 ineohtnrentia,
2988 1251 3107 1304 quae
3138 1237 3299 1291 modo
3322 1239 3528 1304 notavi,

1951 1340 1979 1377 a
1998 1323 2236 1379 Palladio
2266 1340 2376 1379 non
2407 1325 2694 1395 depellere,
2716 1327 2801 1380 cui
2831 1335 3008 1381 tamen
3038 1328 3116 1383 rei
3138 1330 3408 1400 praeipue
3435 1346 3530 1385 ca-

1951 1415 2184 1469 vendum
2215 1414 2336 1469 fuit.
2359 1415 2566 1469 Deinde
2595 1415 2795 1470 faciant
2814 1416 2946 1470 mihi
2977 1417 3126 1482 satis,
3150 1417 3194 1472 si
3224 1420 3448 1488 possint,
3474 1429 3531 1476 et

1949 1505 2215 1573 querenti
2272 1505 2664 1574 respondeant,
2696 1522 2864 1576 quare
2893 1507 3231 1574 Theodorus,
3268 1510 3532 1566 Romanae

1949 1589 2204 1649 Ecclesia!
2232 1595 2512 1660 diaconus,
2545 1595 2734 1650 Latine
2757 1611 2868 1651 non
2889 1597 3167 1667 scripserit
3191 1615 3204 1651 :
3231 1607 3325 1654 aut
3347 1600 3392 1654 si
3421 1600 3532 1654 La-

1948 1686 2061 1741 tine
2098 1687 2334 1756 scripsit,
2367 1697 2429 1742 ut
2472 1704 2584 1744 non
2623 1689 2829 1743 nemini
2865 1690 3044 1744 visum
3075 1700 3179 1757 est,
3213 1708 3383 1762 quare
3423 1694 3530 1752 hoc

1945 1790 2082 1842 opus
2105 1776 2385 1846 hucusque
2404 1776 2612 1832 Latinis
2635 1778 2860 1833 auribus
2886 1779 3190 1835 inauditum
3218 1781 3405 1836 fuerit.
3419 1781 3525 1837 Sed

1944 1866 2106 1922 missa
2137 1868 2238 1922 ista
2262 1867 2544 1933 faciamus.
2579 1885 2701 1939 quae
2727 1869 2876 1926 omni
2903 1870 3114 1929 ratione
3139 1881 3301 1943 atque
3323 1872 3526 1942 proba-

1945 1956 2039 2012 bili
2073 1958 2386 2028 conjectura
2417 1969 2620 2013 carent.
2660 1978 2678 2010 ι
