4038 6154
405 383 508 393 ___
1152 384 1189 392 __
1253 365 1595 386 ..__—————_.'--
1623 369 1738 378 -.η-
2839 364 2943 376 ...-
2964 371 3003 377 ν
3108 371 3472 384 ’,Μ

318 406 337 415 7-
804 385 1140 397 ...ηρ-..-
1384 409 1421 414 Μ
1459 413 1488 421 .-
1750 404 1777 409 -“
1826 404 2039 409 ..Ἁγ-μνγν
2096 403 2109 408 _
2142 404 2147 405 γ
2182 402 2267 407 Ῠλν,
2294 402 2325 406 ,,
2388 400 2673 409 _,__.____-
2698 402 2751 405 ν-νγ
2808 402 2855 407 ντί
2910 402 2922 405 ἡ
3166 401 3479 411 ην.-

264 422 279 429 _
340 424 347 427 ν
405 422 414 427 _
674 419 711 423 ,Ὗ
734 419 763 424 ἡ,
793 419 801 425 ,
840 413 1173 423 ὡγ,-,--‹--γ
1226 411 1249 417 ἢ
1321 415 1348 421 --
1514 408 1527 415 "

826 613 1726 730 DIALOGUS

1900 607 2905 724 IISTOBIGUS

1266 826 1346 882 PA
1357 826 1604 891 LLADII,
1649 824 1948 882 EPISCOPI
1990 821 2482 885 llELENOPOLlS,

903 987 1068 1051 CUM
1111 983 1566 1059 THEODORO,
1609 984 2016 1046 ECCLESIIE
2061 982 2425 1047 ROMANIE
2468 979 2863 1052 DIACONO,

361 1153 440 1192 υΒ
489 1151 635 1191 νιτι
682 1148 760 1189 ΕΤ
802 1144 1316 1188 εοκνειιελτιοκε
1359 1144 1548 1188 ERAT!
1593 1144 1793 1188 JOANN

1900 1142 2352 1197 CHRYSOSTOMI,
2400 1142 2680 1185 ειιιεεοιοι
2723 1141 2919 1186 CONST
2927 1141 3070 1184 ΔΙΤῙ
3079 1140 3362 1189 80901118.

1643 1343 2060 1392 εθιοοιθιρθκδ

295 1525 432 1578 CAP.
466 1540 502 1578 ι.
531 1552 599 1562 -—-
624 1521 772 1576 Dona
794 1521 911 1587 Dei,
935 1523 1039 1576 alia
1060 1523 1279 1593 quidem
1305 1534 1456 1589 sunt,
1477 1532 1536 1578 ut
1563 1523 1802 1590 videtur,

228 1617 550 1672 communia
565 1623 621 1670 et
641 1614 899 1681 indivisa,
929 1616 1133 1684 optime
1151 1614 1321 1670 frater
1340 1615 1667 1674 Theodore:
1699 1618 1804 1672 alia

229 1725 360 1766 vero
394 1707 709 1764 communia
749 1716 804 1761 et
833 1706 1027 1763 divisa.
1064 1707 1269 1762 Horum
1303 1709 1464 1762 tertia
1495 1719 1654 1771 sunt,
1686 1725 1806 1779 quae

225 1817 414 1870 neque
434 1799 767 1862 communia,
790 1813 964 1867 neque
989 1798 1164 1853 divisa
1183 1814 1276 1854 seu
1297 1799 1549 1864 indivisa,
1569 1801 1660 1856 sed
1682 1817 1808 1870 pro-

227 1895 377 1963 pria,
403 1893 532 1946 data
565 1888 863 1947 secundum
891 1890 1216 1958 praecipuam
1252 1893 1484 1958 gratiam
1517 1892 1585 1945 iis
1606 1893 1806 1962 quibus

227 1987 355 2040 data
392 1992 542 2041 sunt.
581 1983 869 2040 Ducentos.
912 1982 1046 2052 Age,
1071 1983 1161 2037 dic
1184 1983 1344 2038 nobis
1371 1984 1804 2054 uniuscujusque

225 2076 446 2147 generis
467 2074 749 2142 ordinem;
769 2075 1129 2144 probabiliter
1151 2076 1298 2130 enim
1321 2074 1582 2145 praelatus
1598 2090 1679 2130 es.
1705 2076 1799 2128 Ειι.

227 2166 357 2232 Quae
391 2175 589 2220 natura
616 2166 761 2220 bona
800 2177 958 2230 sunt,
990 2166 1112 2221 sine
1138 2165 1342 2236 quibus
1374 2166 1484 2222 vita
1537 2164 1802 2237 (molesta)

227 2257 394 2325 impia
415 2264 522 2320 est,
546 2257 862 2310 communia
905 2268 960 2310 et.
985 2256 1242 2313 indivisa.
1277 2256 1434 2310 Dutc.
1484 2255 1796 2322 Quomodo,

227 2345 429 2401 Pater?
453 2347 540 2400 Ep.
565 2347 750 2402 Primo
771 2349 990 2417 quidem
1023 2347 1165 2403 Deus
1196 2349 1436 2404 universi
1461 2363 1586 2402 cum
1618 2349 1806 2418 unige-

226 2440 343 2492 nito
361 2438 532 2506 ipsius
556 2436 696 2490 Filio
711 2436 982 2506 etSpiritu
1003 2447 1197 2493 sancto
1219 2439 1529 2492 communis
1545 2447 1629 2494 est
1648 2447 1702 2492 et
1723 2439 1805 2491 in-

221 2528 435 2584 divisus
463 2548 474 2582 :
498 2527 796 2598 unicuique
811 2528 954 2582 enim
978 2528 1125 2592 licet,
1145 2528 1238 2597 qui
1269 2529 1523 2593 voluerit,
1551 2529 1674 2583 sine
1693 2528 1804 2582 ullo

223 2618 442 2686 negotio
459 2619 639 2686 ipsum
657 2625 828 2671 totum
842 2617 1304 2687 contemplatione
1316 2619 1627 2688 complecti.
1644 2619 1803 2673 Dein-

224 2705 291 2761 de
323 2717 448 2776 post
480 2707 652 2759 Deum
692 2706 895 2763 divinas
925 2709 1240 2779 Scriptura,
1269 2713 1323 2763 et
1350 2707 1805 2777 supermundanae

225 2799 478 2852 virtutes.
511 2798 776 2854 Praeterea
801 2800 1024 2863 omium,
1050 2800 1156 2867 sol,
1185 2800 1312 2856 luna
1341 2808 1396 2854 et
1420 2801 1599 2856 omnis
1626 2810 1804 2856 astro-

224 2905 345 2944 rum
371 2889 598 2952 cborus.
622 2897 676 2945 et
699 2891 815 2960 ipse
839 2905 952 2956 aer,
977 2891 1292 2946 communia
1315 2901 1444 2947 sunt
1469 2900 1521 2946 et
1545 2892 1798 2956 indivisa,

225 2991 413 3052 utpote
429 2983 620 3037 omnia
629 2983 896 3038 omnium.
918 2983 1063 3040 Intra
1083 2984 1198 3039 haec
1213 2985 1371 3041 nobis
1383 2986 1648 3042 consistat
1663 2986 1803 3039 indi-

227 3076 473 3130 visorum
486 3090 679 3145 genus.
696 3073 826 3130 Erat
842 3076 1005 3130 etiam
1018 3076 1310 3146 aliquando
1322 3085 1470 3132 terra
1496 3075 1803 3131 communis

225 3173 276 3220 et
294 3165 528 3219 indivisa
550 3164 714 3219 simul
738 3179 861 3218 eum
884 3181 1150 3235 aquarum
1173 3165 1427 3222 liuentis:
1454 3182 1518 3222 ex
1543 3181 1654 3236 quo
1676 3182 1803 3222 vero

225 3252 472 3309 avaritia:
492 3252 659 3307 ardor
675 3253 1103 3322 voluptariorum
1129 3265 1336 3312 mentes
1348 3257 1658 3326 occupavit,
1680 3271 1800 3324 gra-

222 3342 373 3397 viora
391 3352 554 3398 term
568 3350 622 3398 et
641 3357 796 3414 aquae
815 3345 1085 3400 elementa
1097 3346 1274 3400 divisa
1298 3355 1447 3402 sunt.
1464 3346 1616 3402 Duc.
1642 3347 1801 3402 Clara

221 3432 513 3488 admodum
541 3442 691 3496 sunt,
714 3448 834 3501 qua:
849 3433 1062 3487 dixisti:
1084 3434 1349 3489 rationem
1373 3442 1555 3490 autem
1575 3434 1800 3490 secundi

214 3523 424 3592 generis
453 3521 745 3575 divisorum
786 3519 1038 3589 adimple.
1072 3520 1166 3574 Er.
1195 3517 1427 3574 Necesse
1455 3527 1537 3572 est
1572 3533 1678 3572 non
1706 3532 1794 3574 re-

219 3612 384 3680 linqui
430 3611 801 3681 imperfectum
851 3612 1148 3681 argumenti
1197 3617 1526 3665 contextum.
1591 3611 1795 3665 Aurum

218 3704 372 3773 igitur
394 3713 452 3758 et
470 3714 748 3766 argentum
771 3711 822 3757 et
837 3703 1010 3756 omnis
1031 3701 1291 3756 metallica
1311 3709 1520 3769 natura,
1540 3710 1794 3770 praeterea

218 3793 430 3862 lignaria
449 3794 721 3854 materies,
745 3801 800 3847 et
823 3803 877 3846 ut
908 3807 1014 3846 uno
1040 3793 1204 3847 verbo
1227 3792 1422 3857 dicam,
1445 3806 1795 3863 quaecumque

217 3882 386 3936 Inedia
417 3892 562 3948 sunt,
593 3883 898 3938 communia
945 3882 1160 3952 quidem
1183 3894 1326 3948 sunt,
1368 3883 1461 3937 sed
1494 3892 1669 3937 tamen
1714 3882 1794 3936 di-

218 3973 318 4026 visa
349 3991 363 4027 :
394 3988 569 4044 neque
593 3973 736 4027 cnim
761 3973 949 4038 cuivis,
978 3982 1034 4026 ut
1064 3974 1162 4042 ipsi
1194 3973 1342 4038 libet,
1368 3981 1475 4028 tota
1503 3973 1713 4040 penitus
1739 3973 1790 4026 in

215 4071 476 4133 potestate
502 4072 645 4119 sunt.
678 4063 826 4118 Duc.
870 4061 1101 4118 Evidens
1137 4062 1314 4117 adhuc
1357 4071 1413 4117 et
1463 4061 1550 4116 hic
1589 4076 1788 4117 sermo.

211 4151 310 4207 Sed
337 4152 528 4210 dubito
557 4167 623 4207 ne
643 4152 784 4207 circa
813 4153 950 4208 tertii
982 4153 1244 4208 donorum
1281 4153 1672 4224 praecipuorum
1700 4169 1790 4224 ge-

209 4244 354 4298 neris
375 4242 889 4297 demonstrationem
934 4243 1172 4310 delieias,
1219 4243 1307 4314 qui
1340 4244 1650 4313 promiseris
1705 4259 1792 4299 os-

207 4334 455 4397 tendere,
486 4333 627 4404 quod
654 4333 830 4403 aliqua
858 4335 964 4388 sint
992 4351 1110 4404 qua:
1139 4351 1309 4405 neque
1341 4337 1642 4391 communia
1665 4346 1790 4390 sunt

205 4438 381 4494 neque
401 4423 593 4489 divisa,
622 4424 715 4478 sed
750 4426 959 4494 propria
985 4426 1275 4480 secundum
1319 4427 1648 4497 privilegium
1698 4443 1790 4480 eo-

202 4529 320 4570 rum
343 4515 434 4584 qui
462 4514 607 4585 digni
626 4513 901 4571 l‘ueriuteo
928 4532 1169 4570 munere.
1199 4517 1449 4586 Imposito
1478 4528 1653 4572 autem
1684 4519 1788 4572 line

202 4605 441 4661 sermoni
463 4603 606 4670 huic,
637 4605 872 4660 edissere
899 4605 1053 4660 nobis
1081 4607 1222 4662 unde
1247 4609 1457 4674 venisti,
1484 4617 1538 4662 et
1565 4622 1628 4663 ea
1651 4623 1786 4678 quo-

201 4711 315 4750 rum
338 4695 620 4750 veritatem
638 4697 773 4750 scire
795 4695 1177 4751 desideramus.
1204 4696 1298 4750 Ep.
1321 4697 1376 4753 Si
1398 4698 1450 4752 in
1469 4712 1553 4752 me
1572 4697 1785 4766 quidem

204 4785 252 4839 id
278 4787 446 4840 situm
474 4794 577 4852 est,
606 4793 662 4840 et
687 4785 730 4839 si
761 4801 946 4840 eorum
995 4803 1114 4858 qua:
1162 4787 1300 4842 scire
1342 4802 1489 4854 aves,
1543 4787 1784 4841 notitiam

203 4876 398 4942 habeo,
447 4892 553 4942 non
581 4875 907 4945 detrectabo,
950 4892 1049 4934 nec
1091 4877 1377 4948 quidquam
1420 4877 1781 4933 abscondam:

199 4969 439 5026 debitum
467 4970 715 5041 promissi
755 4971 1040 5036 sermonis,
1086 4979 1142 5025 ut
1178 4972 1390 5040 opinor,
1439 4985 1537 5041 pro
1585 4970 1785 5027 viribus

199 5062 496 5115 exsolvam.
531 5061 898 5132 Virginitatem
952 5063 1109 5132 igitur
1137 5071 1193 5117 et
1243 5071 1491 5118 caeteram
1530 5065 1784 5118 castimo-

199 5153 336 5205 niam
359 5150 585 5205 indivisa
605 5153 841 5222 reperies
874 5171 886 5206 :
921 5167 1023 5207 non
1052 5154 1192 5208 enim
1215 5162 1339 5208 sunt
1365 5170 1395 5209 e
1416 5169 1608 5226 genere
1636 5169 1783 5211 com-

196 5243 436 5297 munium
463 5251 555 5296 aut
586 5242 950 5310 dividuorum,
1003 5245 1252 5316 quoniam
1303 5261 1409 5300 non
1461 5247 1782 5317 quicumque

201 5333 321 5397 vult,
354 5333 518 5387 etiam
542 5333 897 5404 virginitatem
922 5346 1118 5402 servat,
1165 5337 1259 5392 sed
1285 5338 1372 5408 qui
1401 5347 1576 5407 potest
1602 5357 1614 5392 :
1657 5355 1779 5393 nam

197 5424 410 5492 plurimi
436 5440 629 5481 eorum
659 5427 750 5497 qui
786 5428 1126 5484 matrimonio
1157 5430 1326 5500 juncti
1373 5441 1514 5496 sunt,
1560 5433 1782 5502 cupiunt

197 5513 286 5583 ipsi
314 5516 561 5586 quidem,
588 5517 684 5572 sed
713 5533 819 5573 non
843 5531 1215 5589 assequuntur,
1234 5522 1353 5592 quia
1375 5522 1619 5591 conjugio
1645 5539 1779 5593 pra:-

196 5610 439 5680 occupati
469 5619 618 5666 sunt.
651 5609 1112 5676 Quemadmodum
1141 5613 1193 5668 in
1223 5613 1513 5686 Olympieis
1533 5615 1777 5668 certami-

193 5697 341 5754 nibus
372 5715 554 5769 przecu
581 5708 737 5755 vocat
779 5703 867 5771 qui
903 5714 1108 5758 certare
1151 5705 1296 5768 velit,
1337 5715 1556 5759 coronat
1601 5713 1776 5759 autem

190 5803 304 5844 eum
326 5792 422 5862 qui
455 5792 668 5857 vicerit,
698 5809 709 5845 :
741 5792 815 5844 sic
839 5791 890 5846 et
915 5793 964 5846 in
1001 5796 1264 5860 castitate,
1291 5806 1347 5847 ut
1383 5795 1508 5849 dicit
1543 5795 1776 5867 Evange-

1929 1527 2077 1580 lium.
2109 1526 2242 1580 Cum
2260 1526 2402 1579 enim
2423 1525 2609 1579 Petrus
2627 1523 2900 1580 Servatori
2930 1526 3290 1595 respondisset
3323 1545 3335 1580 :
3362 1527 3423 1582 Si
3448 1545 3511 1583 eo

1920 1627 1991 1668 cst
2012 1632 2168 1670 causa
2192 1616 2286 1669 viri
2301 1632 2416 1668 cum
2439 1631 2614 1681 uxore,
2640 1632 2741 1668 non
2793 1615 3001 1685 expedit
3044 1630 3256 1671 uxorem
3317 1609 3507 1663 ducere

1923 1707 2132 1777 (Matth.
2166 1708 2253 1764 l9.
2282 1709 2369 1762 10.
2420 1709 2480 1762 Η
2511 1707 2529 1777 )
2565 1707 2672 1762 :ad
2703 1722 2822 1778 quze
2867 1707 3006 1762 dixit
3041 1705 3294 1762 Servator
3325 1727 3340 1764 :
3384 1708 3503 1763 Non

1917 1802 2142 1854 omnium
2167 1811 2241 1854 est
2267 1816 2448 1870 capere
2472 1800 2674 1853 verbum
2717 1799 2831 1866 hoc,
2861 1800 2948 1853 sed
2976 1800 3156 1870 quibus
3182 1801 3360 1854 datum
3408 1815 3499 1855 est.

1917 1891 2080 1946 Vides
2101 1891 2240 1962 quod
2259 1906 2364 1945 non
2395 1892 2662 1955 omnibus,
2692 1890 2786 1945 sed
2807 1891 2997 1960 quibus
3012 1890 3195 1945 datum
3217 1894 3332 1946 est?
3349 1892 3499 1946 huc.

1917 1982 2170 2035 Putabam
2223 1997 2363 2051 aegre
2404 1982 2782 2050 expediturum
2829 1991 2881 2034 te
2929 1996 3049 2049 qua:
3090 1983 3197 2036 sint
3236 1990 3500 2051 praecipua

1912 2071 2074 2137 dona,
2109 2071 2202 2126 sed
2224 2071 2462 2141 profecto
2483 2082 2534 2126 et
2566 2071 2773 2125 fortiter
2797 2080 2850 2125 et
2875 2071 3164 2140 Scriptura:
3193 2075 3500 2128 testimonio

1915 2165 2068 2218 nobis
2099 2165 2430 2234 persuasisti.
2461 2164 2552 2218 Er.
2583 2163 2638 2217 Si
2659 2164 2770 2218 lucc
2801 2163 3078 2233 perspicua
3109 2164 3200 2219 tibi
3232 2173 3388 2230 sunt,
3412 2182 3498 2220 re-

1913 2255 2069 2324 liquis
2088 2256 2406 2310 testimoniis
2433 2255 2703 2309 exornabo
2727 2269 3055 2320 sermonem,
3087 2263 3146 2309 ut
3181 2257 3270 2325 qui
3321 2268 3498 2311 mente

1910 2345 2062 2415 pravi
2086 2355 2231 2412 sunt,
2257 2345 2342 2399 his
2362 2346 2622 2416 persuasi,
2651 2345 2896 2399 desinant
2919 2361 3126 2417 rapere,
3158 2362 3276 2416 quae
3305 2362 3507 2417 capere

1911 2450 2016 2490 non
2049 2445 2361 2506 potuerunt.
2387 2436 2518 2490 Nam
2551 2435 2851 2491 invenimus
2893 2436 3252 2492 sacerdotium
3280 2454 3492 2507 quoque

1910 2528 1964 2583 in
1984 2527 2178 2584 divinis
2202 2528 2490 2597 Scripturis
2520 2543 2692 2597 neque
2717 2543 3002 2582 commune
3029 2543 3148 2583 esse
3174 2544 3345 2598 neque
3361 2531 3495 2584 divi-

1906 2619 2094 2685 duum,
2140 2619 2234 2674 sed
2265 2620 2476 2673 illorum
2509 2618 2783 2688 proprium
2805 2618 2894 2687 qui
2925 2632 2992 2673 eo
3017 2617 3162 2686 digni
3191 2629 3332 2686 sunt,
3357 2621 3495 2673 sicut

1907 2711 2160 2766 admonet
2210 2710 2463 2766 Hebaeos
2491 2710 2713 2764 excelsa:
2755 2709 2844 2764 ille
2897 2709 3092 2764 mentis
3133 2709 3349 2776 Paulus,
3404 2710 3489 2763 di-

1904 2817 2033 2857 cens
2059 2817 2071 2854 :
2095 2799 2216 2854 Non
2239 2801 2379 2854 enim
2402 2801 2488 2871 qui
2513 2800 2608 2853 sibi
2632 2799 2814 2867 accipit
2834 2799 3094 2863 honorem,
3127 2799 3218 2852 sed
3234 2800 3323 2869 qui
3346 2813 3494 2852 voca.

1904 2901 1989 2945 tur
2007 2908 2039 2944 a
2064 2889 2172 2945 Deo
2190 2889 2373 2960 (Hebr.
2401 2891 2453 2945 5.
2488 2891 2565 2959 4).
2601 2892 2688 2948 Sic
2733 2899 2780 2942 et
2806 2889 2999 2956 Aaron,
3032 2889 3124 2955 ait,
3152 2906 3252 2944 non
3272 2891 3493 2960 seipsum

1902 2983 2148 3051 gloriatus
2178 2993 2250 3036 est
2271 2997 2377 3036 esse
2400 2981 2708 3052 pontiﬁcem.
2733 2979 2864 3034 Nam
2893 2995 3012 3034 cum
3033 2991 3283 3036 sescenta
3312 2991 3493 3038 essent

1902 3069 2068 3128 millia
2091 3072 2390 3139 hominum,
2423 3081 2476 3125 et
2499 3070 2650 3125 multi
2676 3086 2740 3125 ex
2763 3071 2866 3124 illis
2886 3070 3061 3125 zelum
3093 3071 3181 3125 Dei
3207 3071 3487 3135 haberent,

1902 3178 2040 3218 unus
2059 3163 2365 3219 declaratus
2405 3171 2487 3216 est
2527 3162 2727 3225 Aaron,
2757 3174 2914 3231 quem
2945 3176 2975 3215 a
3020 3163 3128 3216 Deo
3157 3173 3489 3233 assumptum

1901 3253 2064 3308 fuisse
2089 3251 2420 3321 pontificem,
2453 3251 2766 3306 miraculum
2797 3251 2979 3320 virgat,
3010 3266 3128 3320 quae
3165 3267 3328 3306 nuces
3365 3267 3489 3321 pro.

1900 3341 2071 3408 duxit,
2094 3339 2416 3394 multitudini
2468 3339 2732 3408 persuasit
2764 3337 2949 3409 (Num.
2984 3341 3072 3393 17.
3101 3339 3194 3409 8).
3241 3340 3489 3409 Plerique

1901 3448 2029 3487 vero
2056 3432 2320 3486 bonorum
2351 3431 2589 3486 omnium
2615 3430 2804 3500 ignari,
2857 3444 3007 3484 vana:
3046 3431 3229 3500 gloria:
3272 3433 3488 3486 stimulo

1902 3523 2010 3590 icti,
2031 3521 2386 3576 sacerdotium
2412 3521 2551 3575 inter
2587 3521 2889 3575 communia
2911 3531 2964 3574 ct
3005 3520 3173 3575 divisa
3205 3537 3325 3578 esse
3370 3527 3486 3593 opio

1901 3612 2030 3678 nati,
2061 3627 2089 3665 a
2118 3613 2422 3681 semetipsis
2447 3612 2626 3677 electi,
2661 3627 2773 3666 rem
2802 3611 2947 3666 illam
2980 3612 3236 3677 involant,
3266 3613 3484 3684 dignum

1898 3719 2009 3758 su:e
2036 3704 2266 3758 vesania:
2298 3703 2458 3757 linem
2480 3703 2643 3767 nacti,
2675 3701 2801 3756 dum
2836 3700 3004 3770 ipsam
3038 3718 3325 3774 synagoga:
3371 3721 3484 3759 sua:

1899 3806 2094 3851 terram
2128 3797 2444 3851 temeritatis
2483 3804 2674 3851 testem
2727 3795 2942 3851 faciunt.
2987 3795 3192 3851 Dathan
3240 3798 3382 3852 enim
3429 3809 3486 3858 et

1900 3889 2099 3944 Abiron
2151 3888 2337 3960 (Num.
2394 3888 2479 3943 16.
2534 3886 2628 3958 52)
2673 3903 2793 3944 cum
2843 3889 3125 3944 sacerdotii
3170 3890 3480 3960 dignitatem

1898 3981 2213 4036 meretriciis
2258 3978 2572 4048 quibusdam
2611 3979 2780 4034 oculis
2839 3981 3293 4049 concupivissent,
3351 3999 3474 4039 cum

1895 4073 2146 4126 omnibus
2173 4073 2525 4127 sectatoribus
2552 4073 2663 4126 suis
2718 4081 2856 4125 terra
2903 4071 3139 4140 absorpti
3189 4074 3478 4142 perierunt,

1895 4178 2214 4234 synagogam
2269 4177 2418 4216 suam
2482 4162 2658 4217 sortiti
2728 4163 3092 4232 extemporale
3149 4165 3477 4234 sepulcrum.

1898 4254 2022 4308 Post
2053 4252 2152 4307 hos
2171 4253 2300 4320 Oza,
2333 4254 2671 4322 superiorum
2702 4253 3006 4319 immemor,
3038 4255 3226 4310 eadem
3275 4259 3476 4328 cupidi-

1896 4351 2002 4397 tate
2031 4342 2304 4412 abreptus,
2328 4359 2441 4397 rem
2463 4358 2582 4396 eam
2610 4344 2884 4413 expetivit.
2913 4343 3047 4399 Cum
3071 4347 3214 4400 enim
3245 4349 3475 4418 quadam

1892 4435 1978 4490 die
2017 4449 2138 4488 arca
2187 4435 2238 4488 in
2271 4435 2509 4504 plaustro
2535 4434 2820 4488 veheretur
2847 4435 2925 4504 (2.
2951 4434 3079 4506 Reg.
3112 4438 3164 4491 ϐ.
3214 4439 3304 4509 6),
3338 4440 3477 4498 forte

1895 4527 2087 4582 accidit
2115 4535 2172 4580 ut
2199 4526 2288 4595 qui
2317 4540 2432 4579 eam
2462 4524 2705 4580 trahebat
2751 4525 2969 4589 vitulus,
3011 4540 3317 4581 succussam
3369 4532 3481 4582 dis-

1894 4617 2148 4672 turbaret.
2179 4614 2285 4671 Oza
2314 4614 2472 4684 igitur
2501 4615 2590 4682 qui
2612 4613 2952 4682 sequebatur,
2976 4628 3136 4668 manu
3164 4616 3472 4684 appreheuo

1891 4709 1988 4773 dit,
2021 4723 2126 4762 non
2151 4721 2338 4778 passus
2367 4719 2487 4759 eam
2548 4702 2807 4758 subverti.
2838 4702 2906 4758 Ut
2931 4711 3109 4758 autem
3136 4704 3268 4760 vidit
3311 4707 3474 4774 Deus,

1893 4797 2049 4867 idque
2090 4797 2188 4864 ipsi
2231 4809 2337 4849 non
2381 4793 2597 4864 placuit,
2648 4792 2902 4863 quoniam
2956 4807 3023 4850 ex
3075 4808 3141 4849 eo
3173 4798 3471 4853 temerariis

1891 4885 2219 4942 consuetudo
2253 4885 2481 4940 oriretur
2529 4887 2683 4939 Area:
2734 4884 3128 4940 attrectandaa:
3172 4888 3463 4956 prohibuit,

1890 4977 1996 5034 Oza
2017 4979 2079 5033 ad
2107 4987 2332 5034 mortem
2360 4993 2527 5048 usque
2556 4992 2832 5047 percusso,
2860 4973 3060 5035 docens
3087 4990 3332 5050 posteros
3351 4985 3470 5038 asi-

1890 5070 2005 5124 mili
2027 5070 2328 5125 temeritate
2356 5069 2636 5124 desistere.
2668 5069 2747 5124 Ac
2771 5069 2982 5124 tandem
3007 5070 3165 5142 longo
3191 5071 3473 5142 interiecto

1892 5173 2150 5233 tempore,
2180 5170 2300 5230 post
2341 5160 2536 5216 Christi
2586 5160 2895 5228 adventum,
2951 5163 3133 5217 Simon
3182 5163 3361 5234 Magos
3403 5168 3473 5222 de

1889 5267 2024 5322 pago
2046 5251 2301 5319 Getthon,
2330 5251 2675 5306 adversorum
2688 5252 2897 5306 veritati
2926 5251 3232 5322 dogmatum
3253 5255 3470 5322 artifex,

1887 5342 2034 5397 vafer
2058 5341 2147 5396 ille
2177 5342 2228 5396 in
2253 5342 2610 5411 improbitate,
2638 5342 2973 5410 superiorum
3003 5357 3188 5410 pirnas
3241 5345 3468 5414 veritus,

1887 5443 2001 5487 arte
2033 5440 2225 5487 tractat
2251 5433 2462 5487 scelus:
2494 5445 2561 5486 ne
2589 5429 2782 5486 similia
2818 5430 2864 5485 si
2891 5432 3135 5497 sevisset,
3177 5434 3327 5502 paria
3357 5449 3469 5493 tne-

1889 5532 2044 5578 teret.
2096 5522 2257 5594 Igitur
2277 5520 2432 5576 ovina
2483 5521 2622 5591 pelle
2669 5519 2848 5590 lupum
2907 5528 3109 5592 tegens,
3163 5521 3358 5578 blande
3402 5527 3466 5577 ad

1885 5613 2158 5684 apostolos
2182 5612 2387 5667 accedit
2417 5611 2549 5683 (Act.
2582 5611 2685 5681 8),
2729 5624 2850 5666 cum
2879 5612 3056 5667 aureis
3103 5616 3355 5678 nummis,
3413 5627 3467 5667 ut

1888 5718 1954 5759 ne
1980 5717 2170 5774 rapere
2185 5702 2457 5758 videretur
2481 5700 2623 5773 quod
2645 5701 2874 5774 pessime
2887 5702 3136 5758 studebat
3158 5715 3376 5758 emere:
3401 5717 3462 5757 ea

1889 5795 2073 5850 dicens
2120 5809 2238 5864 quae
2269 5801 2322 5848 et
2348 5795 2522 5864 ipsum
2551 5801 2605 5849 et
2633 5805 2820 5848 omnes
2846 5793 2938 5862 qui
2985 5807 3109 5847 eum
3167 5790 3463 5862 imitantur,
