4038 6154
474 388 575 435 τι-

476 494 614 563 loqui
643 491 816 545 decet.
849 478 1104 547 Accipite,
1134 467 1323 538 inquit,
1352 457 1631 534 pecuniam
1663 450 1839 507 istam,
1870 450 1924 495 et
1953 440 2050 493 da.

1310 556 1339 563 ⁵·
1421 553 1431 563 ³
1498 549 1529 563 λ’
1640 553 1687 563 η·
1748 537 1825 563 -..Ξ
1866 543 2050 563 nun...“

477 537 684 642 lcllllllll
715 580 1027 650 potestatem
1070 570 1264 618 vestra:
1286 549 1583 625 dignitatis,
1638 553 1694 597 ut
1744 537 1829 592 cui
1866 543 2056 587 manus

479 632 795 749 imposuci‘o,
843 660 1069 733 accipiat
1106 652 1362 726 Spiritum
1403 649 1676 700 sanetum.
1723 632 1847 690 Erat
1897 637 2059 696 porro

483 730 776 839 baptizatus
798 762 852 814 in
882 730 1099 812 nomine
1128 747 1274 804 Jesu.
1307 739 1403 798 Cui
1427 730 1703 839 respondit
1729 732 1897 829 cretus
1909 731 2056 839 ipo-

479 808 736 914 stillet-um
767 869 781 905 :
818 851 999 920 Apage
1048 841 1141 902 sis,
1176 834 1412 896 ohomo,
1443 824 1611 898 gratia
1661 816 1755 874 Dei
1806 808 1963 866 vendi
2000 819 2060 859 se

482 966 584 1004 non
615 945 761 1000 sittil.
788 907 1002 994 Etcuvm
1033 932 1173 987 fures
1194 926 1279 980 bis
1306 915 1645 978 sermonibus
1690 907 2060 1004 pulsareiper-

483 1048 651 1111 geret,
680 1036 856 1090 denuo
877 1029 1128 1084 dixerunt
1156 1037 1168 1073 :
1195 1015 1333 1084 Quid
1361 1011 1517 1075 emis,
1543 1002 1683 1077 quod
1733 997 1897 1069 gratis
1917 992 2065 1047 inve-

489 1095 625 1196 nies,
641 1095 701 1183 Isi
729 1125 889 1195 digne
913 1114 1144 1174 vixeris?
1166 1111 1236 1169 Ut
1258 1118 1437 1163 autem
1462 1103 1586 1156 vita:
1609 1095 1819 1152 labores
1840 1096 2065 1187 et

493 1176 625 1196 ...--,
658 1176 701 1183 __
734 1176 834 1195 ma,

493 1224 562 1277 tis
588 1235 700 1277 sua:
726 1212 1007 1286 segnitiem
1038 1217 1198 1275 atque
1226 1200 1482 1255 incertum
1513 1191 1590 1246 rei
1618 1195 1864 1242 eventum
1891 1176 2068 1233 consi-

491 1310 717 1375 deravit,
749 1269 960 1361 rtirsum
990 1314 1020 1356 θ
1039 1292 1249 1352 sacculo
1275 1301 1460 1343 aurum
1482 1278 1723 1354 protulit,
1766 1274 1868 1327 hac
1892 1269 2071 1375 illece:

1800 1373 1808 1375 -
2002 1355 2020 1375 .

495 1404 589 1462 bra
611 1350 912 1457 Setivatoris
937 1384 1228 1463 discipulos
1258 1380 1616 1435 inescaturum
1638 1382 1696 1421 se
1724 1373 1938 1434 putans.
1992 1350 2071 1408 Ad

977 1446 1194 1546 ille'qui
1247 1459 1653 1537 comprehendit
1707 1454 1978 1559 sapieptes
2021 1446 2072 1499 iu

495 1583 689 1640 astutia
737 1542 996 1648 ipsorum,
1027 1584 1122 1640 per
1160 1580 1222 1619 os
1268 1559 1408 1616 Petri
1450 1557 1703 1623 loquutus
1734 1555 1815 1600 est
1845 1542 2073 1597 dicens:

505 1674 729 1729 Pecunia
780 1680 870 1723 tua
901 1678 1062 1720 tecum
1089 1659 1153 1714 sit
1208 1658 1259 1709 in
1302 1648 1650 1723 perditionem,
1701 1636 1939 1709 quoniam
1982 1630 2073 1681 do-

504 1717 746 1822 num—'5;
781 1717 1080 1815 edi—stimain
1131 1717 1342 1820 pecunia
1382 1735 1624 1812 possideri
1670 1732 1808 1802 (Act.
1850 1724 1902 1781 8.
1946 1717 2078 1787 20).

500 1857 594 1912 Cui
626 1839 1224 1923 impasuitptenitentia:
1252 1829 1570 1892 remedium,
1611 1829 1919 1893 praeparans
1960 1826 2081 1866 eum

902 1902 1039 1996 lnge,
1081 1924 1256 1990 inquit
1287 1934 1304 1989 ι
1330 1917 1465 1969 Ibid.
1493 1911 1565 1964 22
1584 1920 1631 1963 et
1655 1908 1782 1975 9.5),
1824 1902 2065 1971 pceniten-

509 1986 639 2086 tiam
661 2070 675 2093 ,
702 2001 871 2080 siitibi
901 1986 1208 2073 dimittatur
1238 1986 1487 2077 cogitatio
1522 2001 1697 2057 cordis
1737 1995 1834 2048 tui.
1870 1991 1932 2045 In
1962 1986 2083 2058 felle

509 2126 649 2181 enim
672 2113 1049 2178 amaritudinis
1076 2119 1123 2164 et
1148 2102 1361 2163 uinculo
1384 2094 1679 2167 iniquitatis
1703 2088 1852 2145 uideo
1881 2098 1994 2139 esse
2016 2093 2082 2134 te.

521 2217 640 2274 Non
668 2214 812 2279 enim
853 2208 966 2273 vult
1000 2201 1282 2259 interitum
1302 2190 1613 2265 peccatoris
1638 2189 1850 2238 amator
1875 2177 2086 2230 anima-

522 2325 646 2366 rum
677 2272 821 2371 Deus
845 2297 1058 2368 (Iz‘sech.
1082 2294 1165 2348 18.
1189 2264 1720 2353 32?.Demonstratis
1744 2287 1840 2335 pro
1863 2266 2004 2371 virili
2027 2264 2093 2317 iis

513 2363 758 2445 omnibus
789 2350 906 2456 qua:
951 2380 1213 2441 dixeram,
1264 2386 1297 2427 ο
1328 2366 1501 2438 magni
1535 2359 1763 2418 nominis
1789 2350 2092 2415 Theodore,

515 2494 571 2537 et
600 2479 971 2552 mysteriorum
1001 2468 1236 2525 veritatis
1279 2462 1539 2522 minister,
1587 2451 1710 2508 audi
1751 2453 1859 2519 jam
1905 2460 2023 2516 qua:
2064 2457 2095 2496 a

1443 2547 1479 2552 __
1541 2544 1554 2552 .
1682 2540 1693 2552 ,
1925 2531 2068 2552 δη)

520 2531 676 2631 nobis
697 2570 835 2623 scire
867 2557 1224 2638 prtrOptabas.
1260 2557 1409 2610 Dntc.
1442 2544 1589 2606 Unde
1632 2540 1694 2595 ad
1727 2552 1824 2594 nos
1850 2547 1987 2589 nunc
2005 2531 2100 2585 ad-

516 2666 703 2721 venis?
728 2662 900 2716 Ense.
927 2656 1006 2711 Ab
1026 2653 1243 2709 Oriente
1267 2645 1469 2704 scilicet
1499 2658 1511 2694 :
1545 2651 1683 2692 nunc
1711 2631 1849 2687 enim
1871 2627 2096 2700 primum

517 2759 739 2815 Romam
797 2751 968 2806 video.
1036 2746 1186 2801 Dtac.
1240 2740 1492 2808 Quaenam
1552 2743 1601 2785 te
1659 2723 1888 2782 maxime
1940 2731 2098 2774 causa

517 2847 769 2905 adduxit?
837 2844 1012 2900 Ertsc.
1049 2838 1246 2896 Unicus
1276 2830 1422 2903 pacis
1477 2833 1668 2880 vestrm
1717 2832 1890 2874 amor.
1945 2813 2096 2868 Duc.

520 2944 707 2999 Aliane
737 2939 896 3011 igitur
924 2953 951 2987 a
978 2942 1156 2988 vestra
1187 2900 1305 2983 esti!
1328 2924 1423 2978 Er.
1454 2918 1568 2974 Non
1614 2914 1712 2978 alia
1740 2907 1971 2981 quidem,
2005 2900 2099 2957 sed

522 3035 680 3103 plane
707 2999 917 3091 eadem,
936 3036 1100 3094 quant
1120 3034 1150 3074 e
1171 3015 1301 3073 ca-lo
1322 3013 1572 3069 Servator
1588 3003 1752 3067 dedit,
1775 2999 1958 3054 dicens
1974 3006 2103 3062 apo-

1507 3097 1554 3103 --
1742 3094 1756 3103 .
1781 3093 1794 3103 .
1862 3088 1950 3103 η-.
2034 3088 2051 3103 .
2088 3083 2101 3103 .

528 3083 681 3180 stolis
715 3083 979 3176 iiPace'm-
1006 3127 1167 3167 meam
1220 3107 1286 3161 do
1328 3103 1464 3159 vobis
1498 3097 1678 3170 (Joan.
1735 3093 1817 3148 14.
1861 3088 1975 3159 9.7).
2023 3083 2102 3139 Ad

524 3215 770 3270 ﬁrmioris
799 3218 975 3264 autem
1001 3203 1187 3275 gratia:
1212 3193 1674 3254 conﬁrmationem
1708 3185 1898 3240 iterum
1931 3177 2059 3233 dixit
2087 3193 2099 3228 :

528 3307 712 3363 Pacem
736 3318 896 3357 meam
921 3288 1152 3366 relinquo
1181 3291 1351 3346 vobis:
1386 3290 1484 3340 hoc
1513 3280 1725 3353 quidem
1775 3273 1994 3330 verbum
2040 3269 2104 3322 do

523 3397 591 3452 ad
619 3411 678 3450 se
702 3393 964 3451 referens;
988 3384 1115 3441 illud
1136 3391 1322 3438 autem
1341 3376 1565 3446 relinquo
1586 3370 1651 3426 ad
1671 3367 1923 3437 Spiritum
1952 3374 2106 3418 sanc-

528 3498 660 3550 tum,
688 3494 743 3537 ιιι
768 3482 820 3535 in
864 3478 1062 3547 Spiritu
1088 3489 1191 3544 .per
1217 3470 1488 3527 Christum
1534 3459 1894 3533 cognitionem
1933 3449 2107 3506 Patris

526 3575 772 3645 gentibus
799 3569 1115 3627 revelarcnt.
1150 3562 1348 3617 Verum
1379 3555 1533 3612 sicuti
1563 3554 1617 3607 in
1647 3545 1895 3604 resolutis
1937 3555 2107 3597 mem-

531 3667 640 3721 bris
714 3664 904 3717 anima:
944 3654 1284 3727 operationes
1328 3646 1393 3700 ad
1461 3643 1701 3697 saniores
1747 3634 2107 3691 membrorum

534 3768 710 3829 partes
724 3724 1039 3811 recurrunt:
1074 3747 1143 3799 ita
1166 3742 1372 3813 patitur
1392 3736 1572 3792 infelix
1589 3730 1820 3786 Orientis
1852 3724 2107 3781 Ecclesia.

534 3848 802 3905 liesolutis
823 3843 964 3898 enim
1002 3839 1119 3908 ejus
1145 3832 1419 3896 membris,
1453 3841 1626 3894 neque
1654 3823 1723 3878 ob
1750 3820 1951 3890 pulsam
1982 3830 2110 3871 con-

531 3938 764 3995 cordiam
790 3932 967 3988 munia
992 3943 1087 3983 sua
1135 3921 1353 3993 exsequi
1398 3913 1720 3977 valentibus,
1768 3909 2006 3977 plerique
2044 3901 2110 3957 de

533 4027 793 4100 expeditis
822 4033 877 4080 et
901 4022 1016 4093 ejus
1044 4016 1313 4074 desiderio
1337 4009 1603 4071 accensis,
1630 4001 1845 4071 exsules
1885 4013 1914 4050 a
1944 3995 2111 4067 patria

536 4137 798 4185 erramus,
838 4117 926 4187 qui
969 4114 1085 4168 sine
1130 4105 1365 4180 periculo
1407 4112 1463 4157 et
1515 4094 1798 4165 tranquille
1840 4090 2111 4145 alumnam

539 4221 776 4268 nostram
803 4204 1037 4261 incolere
1064 4215 1171 4255 non
1204 4196 1469 4267 possimus
1486 4189 1556 4244 ob
1586 4191 1831 4240 amorem
1852 4178 2111 4239 veritatis,

540 4304 708 4369 siquo
734 4295 893 4353 modo
922 4305 1138 4367 paucos,
1169 4287 1256 4357 qui
1285 4271 1459 4338 adhuc
1503 4283 1807 4348 supersunt,
1836 4272 1958 4327 vitm
2000 4269 2115 4323 dies

540 4393 832 4453 secundum
872 4358 1213 4455 Evangelium
1257 4375 1395 4448 apud
1415 4388 1524 4441 ,vos
1570 4371 1826 4425 vivamus.
1858 4365 2008 4419 Duc.
2038 4356 2115 4413 Ad

543 4506 672 4558 nos,
699 4481 1021 4544 venerabilis
1050 4479 1228 4542 Pater,
1278 4488 1307 4527 a
1337 4470 1513 4526 divina
1542 4460 1893 4538 providentia,
1938 4467 1992 4510 ut
2039 4451 2120 4506 vi-

543 4586 665 4645 deo,
696 4580 889 4635 missus
912 4589 972 4628 es
997 4590 1010 4626 :
1041 4570 1279 4624 dolorem
1302 4562 1444 4619 enim
1476 4571 1623 4615 tuum
1650 4553 1847 4609 nostris
1881 4547 2119 4602 anxieta-

547 4677 686 4728 tibus
704 4675 1121 4727 consentaneum
1148 4658 1380 4716 invenio.
1404 4651 1578 4708 Credo
1608 4656 1783 4702 autcnt
1817 4653 1869 4696 te
1891 4653 2010 4692 t-Ssc
2054 4652 2120 4690 ex

546 4763 762 4820 Joannis
781 4748 1352 4821 Constantinopolitani
1378 4741 1669 4799 consortio.
1699 4736 1876 4789 Eetsc.
1909 4730 1994 4784 Sic
2017 4735 2117 4788 est,

548 4869 603 4910 ut
632 4848 1000 4909 dixisti.Duc.
1028 4844 1176 4912 Rogo
1206 4850 1263 4893 ut
1294 4839 1401 4892 Deo
1423 4843 1557 4888 teste
1578 4843 1766 4890 narres
1806 4824 1958 4880 nobis
1997 4833 2122 4874 vere

546 4962 608 5001 ea
637 4957 757 5014 qua:
793 4934 1096 5006 singillatim
1167 4930 1307 4984 scire
1338 4923 1492 4979 avide
1542 4921 1831 4989 cupimus;
1900 4913 1967 4969 de
2022 4913 2126 4968 isto

548 5004 757 5095 certus,
801 5004 942 5100 quod
972 5025 1015 5079 si
1042 5020 1167 5091 quid
1196 5024 1388 5087 praeter
1414 5012 1693 5066 veritatem
1735 5007 1889 5061 nobis
1920 5004 2127 5061 nuutia-

550 5127 710 5190 veris,
743 5095 906 5181 Deum
937 5114 1159 5187 habebis,
1176 5107 1515 5181 quaesitorem
1537 5100 1858 5171 etjudicem;
1889 5095 2129 5168 argueris

552 5232 764 5293 quoque
778 5232 807 5269 a
821 5212 985 5279 nobis
999 5208 1089 5281 qui
1112 5205 1268 5261 aliter
1287 5195 1649 5268 acceperimus
1669 5210 1682 5245 :
1710 5207 1815 5247 non
1834 5191 1974 5245 enim
1994 5203 2129 5243 unus

557 5285 651 5368 aut
673 5285 829 5373 alter,
863 5312 956 5360 aut
978 5313 1108 5369 tres,
1129 5307 1221 5354 aut
1242 5294 1448 5357 decem,
1502 5297 1596 5344 aut
1628 5285 2009 5357 cujuscumque
2034 5299 2130 5354 ge-

562 5402 704 5459 neris
718 5399 1034 5456 hominesea
1054 5408 1172 5465 quae
1191 5380 1652 5454 Constantinopoli
1673 5379 1964 5450 contigere,
1978 5376 2133 5432 nobis

561 5501 928 5557 tlellztt’l'al'tlttl,
955 5486 1048 5545 sed
1075 5486 1276 5557 plures,
1307 5488 1360 5534 et
1382 5493 1447 5533 ex
1475 5475 1582 5531 illis
1609 5473 1697 5530 alii
1727 5468 2009 5545 episcopi,
2045 5465 2134 5522 alii

559 5584 854 5660 presbyteri
876 5591 1032 5648 atque
1055 5592 1119 5632 ex
1137 5572 1324 5629 ordine
1335 5567 1740 5635 monachorum.
1770 5559 1920 5629 Quod
1952 5559 1994 5613 si
2018 5571 2139 5613 nos-

560 5649 863 5742 sem-qua:
878 5676 945 5728 ad
973 5667 1262 5731 Ecclesium
1293 5660 1585 5716 Romanam
1616 5658 1990 5726 pervenerunt.
2021 5649 2136 5702 bre-

562 5771 695 5829 viter
716 5778 1012 5837 exportant.
1042 5749 1497 5821 l'ri'tnusoutnium
1525 5747 1591 5802 ad
1613 5760 1710 5801 nos
1738 5743 1878 5799 venit
1905 5741 2135 5798 Alexan-

1734 320 2051 385 ιιειιιέιωι
2090 314 2431 375 υιιιωθυε
3720 289 3760 341 ει

2164 433 2349 487 drinus
2371 430 2539 483 lector
2562 441 2683 482 cum
2705 417 2986 492 Theophili
3011 415 3169 487 Papa:
3224 416 3411 477 literis,
3458 417 3512 466 in
3559 414 3758 481 quibus

2164 520 2431 578 relerebat
2460 532 2517 572 se
2536 515 2848 585 deposuisse
2868 511 3146 566 Joannem.
3166 505 3371 574 Quibus
3393 502 3568 568 lectis,
3612 502 3745 555 bea-

2166 628 2250 672 tus
2279 628 2409 687 papa
2442 608 2786 666 Innocentius
2816 618 3000 676 parum
3029 599 3214 661 abfuit,
3246 595 3372 666 quitt
3396 593 3759 648 temeritatem

2167 685 2447 777 Theophili
2474 712 2634 771 atque
2662 697 2964 767 superbiam
2996 690 3359 747 condemnatis
3401 685 3750 742 exhorresce-

2169 809 2273 862 ret,
2302 795 2445 867 quod
2468 803 2522 849 et
2551 793 2696 847 solus
2716 787 3039 856 scripsisset,
3064 798 3162 838 nec
3186 781 3384 834 claram
3411 779 3526 848 ejus
3555 777 3633 831 rei
3661 792 3764 830 no-

2179 890 2345 945 titiam
2374 888 2626 947 misisset,
2654 891 2746 935 aut
2770 895 2886 943 cur,
2918 886 3008 930 aut
3037 875 3227 944 quibus
3273 869 3564 938 assumptis
3589 868 3762 922 sociis

2175 982 2435 1039 Joannem
2459 975 2812 1045 deposuisset.
2843 971 2924 1026 Ad
2952 968 3068 1024 lucc
3087 966 3280 1021 dubius
3296 962 3459 1016 animi
3485 960 3763 1023 manebat,

2175 1073 2471 1129 rescribere
2499 1068 2687 1123 nolens
2708 1065 2776 1120 ob
2808 1061 2881 1119 rei
2908 1069 3070 1130 gesta:
3098 1056 3389 1111 levitatem.
3420 1051 3625 1106 Interea
3654 1049 3770 1104 Eu-

2175 1166 2354 1222 scbius
2371 1160 2585 1234 quidam
2606 1149 3213 1224 Constantinopolitana:
3269 1146 3524 1201 Ecclesia:
3576 1144 3768 1199 diaco-

2178 1273 2299 1324 nus,
2329 1255 2419 1327 qni
2472 1264 2596 1307 tunc
2638 1251 2826 1304 Romze
2874 1254 2991 1301 erat
3041 1238 3524 1297 ecclesiasticarum
3583 1249 3771 1289 rerum

2178 1324 2362 1411 causa,
2385 1346 2514 1399 adiit
2545 1358 2732 1413 papam
2763 1334 3156 1399 Innocentium,
3186 1340 3240 1387 et
3262 1327 3532 1397 supplices
3557 1324 3774 1380 libellos

2179 1439 2342 1498 (ludit,
2373 1436 2624 1505 adjurans
2649 1446 2769 1486 cum
2802 1438 2858 1483 ιιι
2888 1425 3155 1482 modicum
3185 1419 3441 1489 temporis
3491 1426 3775 1485 exspecta-

2182 1540 2295 1583 ret:
2330 1525 2443 1581 fore
2463 1521 2603 1578 enim
2630 1530 2687 1575 ut
2708 1518 2855 1574 brevi
2879 1515 3165 1571 factionem
3196 1510 3510 1581 patefactam
3539 1506 3773 1562 videret.

2186 1620 2398 1675 Interim
2432 1623 2553 1687 post
2579 1612 2814 1668 triduum
2837 1608 3170 1663 advenerunt
3199 1609 3429 1673 quatuor
3454 1598 3691 1668 episcopi
3741 1612 3783 1650 ο

2185 1710 2424 1782 partibus
2454 1704 2694 1770 Joannis,
2723 1700 2819 1755 viri
2849 1695 3106 1767 religiosi,
3153 1691 3489 1762 Pansophius
3525 1688 3775 1750 Pisidiar,

2192 1780 2398 1870 l‘appns
2415 1796 2609 1870 Syriw,
2633 1792 2934 1848 Demetrius
2949 1786 3170 1843 Galatia
3199 1781 3470 1845 secundas,
3501 1780 3783 1849 Eugenius

2192 1890 2453 1963 Phrygiae,
2483 1886 2572 1957 qui
2603 1895 2711 1940 tres
2741 1880 2995 1951 epistolas
3036 1872 3408 1935 reddiderunt,
3452 1885 3610 1924 unam
3660 1873 3787 1937 qui-

2190 1960 2313 2037 dem
2335 1960 2556 2036 Joannis
2579 1973 2837 2046 episcopi,
2869 1970 3089 2023 alterum
3111 1962 3458 2037 quadraginta
3496 1960 3787 2030 episetqm-

2193 2088 2309 2127 rum
2329 2071 2396 2125 dc
2420 2065 2796 2124 communione
2835 2059 3077 2122 Joannis,
3112 2055 3324 2111 tertiam
3351 2066 3482 2108 vero
3512 2048 3659 2105 cier:
3681 2048 3793 2102 ,Ιιηο

2193 2165 2347 2219 atiuis
2375 2180 2387 2215 :
2421 2172 2609 2215 onmes
2639 2157 2777 2211 inter
2792 2168 2851 2209 se
2875 2142 3295 2210 consentientes,
3326 2153 3381 2199 et
3407 2144 3790 2212 imperitorum

2194 2251 2543 2327 quorumdam
2568 2247 2849 2303 tumultum
2876 2241 3260 2312 signiﬁcantes.
3290 2236 3425 2292 Erat
3464 2244 3643 2289 autem
3687 2231 3787 2284 Ju-

2196 2346 2351 2401 annis
2375 2340 2615 2415 epistola:
2640 2338 2761 2395 talis
2790 2342 3109 2391 contextus:

2200 2487 2325 2542 ω.
2353 2497 2518 2538 ιι.-‹
2546 2482 2761 2536 Domino
2790 2494 2896 2531 meo
2924 2472 3192 2530 uenerabili
3220 2481 3268 2525 ct
3290 2468 3605 2524 sanctissimo
3648 2462 3779 2531 Εμέ-

2332 2594 2484 2648 scopo
2508 2577 2823 2632 lssocea'rto
2846 2568 3082 2626 Joannes
3105 2567 3158 2621 in
3183 2561 3403 2619 Domino
3423 2561 3658 2616 salutem.

2254 2707 2459 2764 «Etiam
2472 2702 2793 2762 anteliteras
2833 2692 3262 2765 nostrasopinor
3282 2690 3532 2760 pietatem
3556 2695 3795 2741 vestram

2203 2797 2490 2857 audivisse,
2516 2791 2643 2865 quid
2674 2791 2760 2846 hic
2783 2802 2912 2845 ausa
2941 2785 3009 2841 sit
3044 2782 3314 2852 iniquitas.
3356 2778 3614 2834 Malorum
3648 2774 3801 2829 enim

2206 2885 2512 2959 magnitudo
2559 2883 2756 2938 nullam
2799 2879 2910 2933 fere
2948 2876 3094 2931 orbis
3132 2880 3338 2944 partem
3379 2867 3628 2938 reliquit,
3674 2879 3799 2934 quae

2207 2982 2345 3037 hanc
2369 2977 2614 3032 acerbam
2643 2970 2952 3041 tragoediam
2976 2982 3081 3022 non
3108 2964 3367 3027 audierit;
3399 2959 3492 3017 sed
3522 2968 3798 3029 gestorum

2207 3073 2346 3128 fama
2376 3082 2541 3138 usque
2566 3065 2631 3119 ad
2665 3056 2796 3118 lines
2819 3069 2974 3116 teme
2996 3057 3219 3128 perlata,
3247 3052 3471 3124 plurima
3498 3050 3696 3118 ubique
3719 3048 3801 3101 la-

2210 3173 2383 3219 menta
2412 3169 2466 3214 et
2490 3157 2717 3228 ejulatus
2744 3149 3052 3209 commovit.
3076 3146 3272 3201 Verum
3295 3141 3547 3212 quoniam
3576 3155 3683 3193 non
3711 3150 3803 3190 so-

2211 3257 2317 3310 lum
2341 3253 2594 3324 plangere
2622 3248 2796 3309 decet,
2825 3242 2921 3298 sed
2946 3251 3002 3297 et
3029 3237 3338 3301 emendare,
3378 3245 3432 3288 et
3465 3232 3650 3286 videre
3691 3243 3802 3298 quo

2210 3357 2365 3419 pacto
2390 3343 2698 3417 gravissima
2731 3339 2818 3392 illa
2850 3334 3104 3391 Ecclesia:
3125 3340 3416 3398 tempestas
3440 3325 3679 3385 sedetur,
3702 3337 3803 3376 ne-

2211 3438 2501 3496 cessarium
2547 3449 2667 3489 esse
2712 3431 2990 3494 duximus,
3036 3423 3283 3480 dominos
3321 3432 3470 3475 meos
3511 3416 3802 3470 admodum

2212 3527 2542 3587 venerabiles
2567 3536 2620 3582 et
2648 3521 3075 3593 religiosissimos
3112 3516 3391 3585 episcopos
3437 3508 3760 3564 Demetrium
3781 3548 3801 3571 ,

2213 3620 2594 3690 Pansopltiu'tn,
2617 3618 2854 3684 l'appum
2885 3624 2937 3667 et
2961 3610 3250 3680 Eugenium
3279 3604 3500 3665 hortari,
3534 3612 3591 3655 ιιι
3619 3599 3804 3656 Eccle-

2214 3714 2322 3768 sias
2354 3725 2477 3766 suas
2519 3709 2898 3776 relinquerent,
2930 3711 2984 3756 ct
3010 3709 3156 3754 tanto
3186 3712 3244 3752 se
3285 3694 3471 3764 pelago
3495 3692 3803 3747 committe-

2216 3813 2356 3865 rent,
2386 3810 2442 3856 et
2478 3801 2690 3869 longam
2729 3795 2939 3851 obirent
2985 3786 3486 3861 peregrinationem,
3528 3791 3582 3836 et
3618 3781 3684 3835 ad
3717 3796 3809 3832 νο-
3862 3828 3867 3837 ,

2216 3905 2381 3952 stram
2437 3891 2713 3949 caritatem
2763 3890 3121 3946 recurrerent,
3172 3889 3329 3947 atque
3371 3873 3620 3929 omnibus
3660 3872 3808 3926 clare

2216 3985 2472 4059 expositis
2531 3979 2985 4052 promptissimum
3051 3970 3348 4029 remedium
3409 3976 3807 4037 compararent.

2218 4056 2349 4136 Cu—m
2377 4076 2568 4149 quibus
2590 4068 3030 4128 lionorat'issimos
3059 4064 3284 4120 dilectos
3303 4060 3555 4115 diaconos
3582 4056 3807 4112 Paulum

2219 4182 2275 4228 et
2302 4172 2584 4243 (Syriacum
2611 4165 2872 4221 misimus.
2901 4161 2967 4215 Et
2986 4158 3060 4214 illi
3082 4155 3318 4239 quidem,
3347 4161 3405 4207 ut
3430 4152 3482 4206 in
3506 4151 3677 4205 forma
3700 4150 3825 4217 cpi-

2221 4264 2392 4326 stolas,
2412 4277 2529 4331 qua:
2547 4259 2631 4313 hic
2649 4264 2795 4329 gesta
2817 4262 2943 4308 sunt
2967 4261 3195 4307 vestram
3217 4238 3490 4303 caritatem
3514 4242 3810 4297 docebunt.

2222 4352 2547 4422 Theophilus
2570 4350 2711 4406 enim
2734 4341 3106 4402 Alexandrina:
3134 4337 3385 4394 Ecclesia:
3409 4334 3661 4398 antistes,
3691 4345 3810 4384 eum

2223 4462 2252 4500 a
2282 4443 2597 4515 quihusdam
2624 4437 2764 4508 apud
2795 4435 3089 4506 piissimum
3123 4431 3500 4499 Imperatorem
3530 4421 3813 4477 insimula-

2227 4547 2388 4593 retur,
2423 4534 2604 4603 jussus
2625 4531 2772 4584 solus
2809 4527 3011 4589 venire,
3040 4523 3259 4579 collecta
3286 4516 3625 4574 multitudine
3648 4513 3816 4584 Egy-

2227 4629 2458 4698 ptiorum
2502 4639 2608 4678 non
2655 4635 2940 4692 paucorum
2976 4613 3186 4670 advenit
3219 4630 3232 4666 :
3263 4626 3329 4665 eo
3370 4608 3518 4663 velut
3558 4605 3819 4677 prreludia

2227 4720 2498 4775 declarare
2526 4714 2730 4777 volens,
2774 4727 2834 4768 se
2879 4711 2943 4765 ad
2994 4708 3189 4763 bellum
3240 4713 3296 4760 et
3340 4702 3577 4777 praelium
3608 4700 3813 4754 venire.

2232 4813 2431 4869 Deinde
2469 4824 2714 4880 magnam
2753 4816 2806 4862 et
2847 4804 2937 4859 Dei
2964 4811 3230 4857 amantem
3266 4792 3600 4852 Constantini
3628 4790 3818 4844 urbem

2232 4907 2521 4976 ingressus,
2551 4901 2828 4956 ecclesiam
2856 4912 2960 4950 non
2984 4893 3114 4947 adiit
3133 4891 3281 4961 juxta
3312 4901 3515 4941 morem
3557 4882 3817 4936 hactenus

2233 4999 2600 5058 observatum,
2648 5005 2820 5061 neque
2869 4987 3141 5042 nobiseum
3193 4992 3508 5052 congressus
3558 4984 3674 5040 est,
3722 4986 3820 5026 nec

2236 5090 2520 5163 participes
2551 5102 2648 5141 nos
2672 5082 2934 5140 sermonis
2959 5078 3100 5141 fecit,
3135 5092 3237 5131 non
3271 5086 3505 5149 precum,
3533 5085 3643 5122 non
3672 5082 3820 5121 com-

2240 5182 2538 5246 munionis;
2570 5178 2662 5233 sed
2692 5189 2938 5247 egressus
2967 5187 2997 5227 e
3027 5169 3176 5234 navi,
3206 5177 3256 5222 et
3285 5161 3606 5219 vestibulum
3643 5157 3820 5214 eccle-

2238 5278 2332 5333 sire
2379 5283 2806 5347 prmtergressus,
2848 5264 3042 5321 alicubi
3088 5271 3235 5317 extra
3286 5258 3472 5331 urbem
3521 5254 3824 5310 diversatus

2240 5379 2323 5422 est
2351 5339 2447 5421 :vet
2485 5339 2606 5418 cum
2646 5359 2869 5416 multum
2914 5355 3272 5418 hortaremur,
3304 5357 3361 5402 ut
3399 5347 3514 5417 ipse
3558 5352 3614 5399 et
3657 5341 3691 5395 ii
3736 5339 3828 5410 qui

2242 5475 2361 5516 cum
2392 5472 2457 5511 eo
2485 5461 2761 5516 venerant,
2784 5448 2920 5520 apud
2948 5462 3044 5502 nos
3072 5444 3466 5500 diversarentur
3489 5436 3662 5509 (erant
3683 5431 3829 5487 enim

2246 5550 2421 5605 oumia
2446 5554 2647 5617 parata,
2677 5552 2731 5598 et
2758 5539 3051 5596 diversoria
3072 5544 3125 5591 et
3143 5542 3334 5590 cratera
3360 5525 3706 5591 necessaria),
3742 5536 3836 5575 ne—

2246 5660 2348 5714 que
2395 5616 2467 5695 illi
2516 5651 2685 5707 neque
2729 5633 2840 5703 ipse
2885 5626 3167 5701 acquievit.
3213 5624 3340 5681 llatc
3389 5631 3442 5675 ut
3484 5618 3750 5676 vidimus,
3786 5616 3841 5667 in

2256 5735 2481 5791 intui-na
2510 5744 2721 5785 ciamus
2749 5725 3035 5789 anxietate,
3059 5718 3149 5792 qui
3176 5731 3241 5773 ne
3267 5728 3479 5769 causam
3510 5705 3727 5781 quidem
3759 5704 3841 5761 ir.-
