4038 6154
318 279 357 332 9
1318 273 1404 332 DE
1447 277 1600 336 Vl’l'A
1636 279 1694 337 8.
1733 281 1887 340 30A!

1991 286 2010 344 5
2042 288 2530 353 CllR-YSOSTOMI.
3527 327 3590 377 t-ti

321 391 484 456 justas
505 386 642 441 illius
666 379 979 437 oﬂ'eusionis
1004 379 1240 440 invenire
1265 399 1572 456 possemus;
1592 401 1823 450 attamen
1839 395 1910 452 fa-

323 482 533 533 cientes
555 476 608 530 id
632 473 771 544 quod
792 475 1148 544 nosmetipsos
1173 476 1415 544 decebat,
1439 491 1494 536 ct
1509 483 1721 540 assidue
1738 487 1917 556 ipsum

322 569 676 624 adhortantes
713 574 773 620 ut
809 565 1224 635 congrederetur
1263 569 1571 636 nobiscum,
1611 583 1672 628 et
1708 575 1914 634 diceret

326 677 431 728 qua
451 661 518 718 de
537 673 694 717 causa
721 659 900 717 statim
925 658 993 713 ab
1017 658 1166 715 initio
1187 669 1388 716 tantum
1414 663 1620 718 bellum
1634 668 1912 723 accendis-

323 760 426 814 set,
461 760 727 819 tantazque
751 749 951 804 civitati
971 750 1256 806 excitasset
1277 754 1606 812 scandalum.
1629 755 1758 812 Cum
1780 774 1908 815 vero

320 856 497 910 neque
514 841 629 910 ipse
648 854 866 896 causam
887 839 1072 896 dicere
1093 842 1290 907 voluit,
1323 852 1378 898 et
1405 858 1652 916 urgerent
1673 848 1788 917 ejus
1817 865 1907 905 ac-

319 941 618 998 cusatores,
651 946 749 988 nos
775 933 831 990 in
862 931 1168 988 ulteriorem
1207 934 1350 992 urbis
1399 937 1668 1007 regionem
1696 941 1784 995 ubi
1813 941 1907 996 de-

320 1023 502 1092 gebat,
537 1022 804 1091 piissimus
847 1021 1143 1092 imperator
1177 1027 1448 1092 evocavit,
1491 1037 1650 1098 atque
1690 1045 1905 1086 causam

279 1146 282 1147 ν
320 1112 442 1178 ejus
461 1111 622 1179 jussit
640 1110 842 1166 audire.
868 1111 1000 1166 Nam
1023 1121 1083 1170 et
1102 1114 1444 1184 iri-optionem
1458 1126 1514 1176 et
1527 1118 1707 1176 caedes
1724 1131 1778 1176 et
1796 1121 1895 1178 alia

321 1202 602 1256 innumera
631 1199 974 1270 objiciebant.
1005 1203 1110 1262 Sed
1139 1219 1236 1260 nos
1267 1207 1360 1275 qui
1389 1215 1444 1264 et
1477 1208 1623 1279 leges
1657 1219 1860 1279 patrum
1884 1251 1900 1277 ,

318 1303 377 1344 et
399 1292 570 1343 virum
597 1289 802 1346 honore
823 1305 886 1346 ae
906 1294 1200 1348 reverentia
1223 1310 1685 1366 prosequeremur,
1709 1300 1906 1358 haben-

322 1390 410 1434 tes
446 1380 605 1434 etiam
643 1394 807 1450 super
832 1381 930 1436 hac
956 1397 1015 1436 re
1041 1383 1158 1452 ejus
1183 1385 1383 1452 literas,
1409 1388 1520 1443 Non
1542 1399 1790 1459 oportere
1812 1393 1902 1462 ju-

323 1469 463 1524 dicia
490 1478 638 1523 extra
665 1469 860 1524 limites
893 1471 1051 1536 trahi,
1081 1473 1174 1529 sed
1219 1475 1274 1529 in
1316 1476 1444 1545 ipsis
1485 1479 1773 1547 provinciis
1817 1497 1903 1537 res

325 1561 677 1628 provinciales
726 1563 1028 1618 tractandas
1075 1580 1224 1632 esse;
1272 1583 1377 1622 non
1415 1570 1585 1624 solum
1645 1570 1900 1639 judicium

323 1668 435 1705 non
501 1652 728 1709 obiimus
764 1694 780 1720 ,
836 1652 931 1708 sed
991 1653 1452 1713 vehementissime
1522 1661 1897 1718 recusavimus.

322 1740 499 1795 Porro
535 1741 657 1805 ille,
701 1742 847 1811 quasi
887 1757 1007 1799 cum
1046 1745 1311 1813 prioribus
1349 1757 1596 1816 certans,
1627 1760 1778 1806 vocat
1811 1768 1897 1806 ar-

318 1831 692 1886 chidiaconum
742 1848 918 1888 meum
966 1849 1154 1904 magna
1199 1851 1320 1893 cum
1364 1840 1710 1908 auctoritate,
1751 1845 1897 1912 quasi

312 1925 429 1996 jam
482 1924 638 1980 vidua
677 1933 821 1980 esset
861 1925 1099 1982 Ecclesia
1139 1944 1239 1984 nec
1282 1930 1587 2000 episcopum
1635 1932 1894 1989 haberet:

317 2031 419 2083 p--r
450 2015 620 2081 illum,
653 2015 857 2072 clerum
883 2030 1097 2071 omnem
1121 2017 1174 2072 in
1199 2033 1258 2073 se
1285 2021 1576 2075 transtulit.
1615 2022 1898 2079 Subverte-

315 2106 515 2160 bantur
556 2106 828 2174 Ecclesiae,
854 2120 974 2161 cum
1007 2108 1396 2165 abducerentur
1419 2114 1745 2182 singularum
1783 2115 1895 2171 cle-

319 2197 438 2260 rici,
469 2205 525 2252 et
559 2198 976 2254 subornarentur
997 2205 1054 2252 ut
1075 2198 1330 2254 adversus
1359 2215 1455 2255 nos
1479 2202 1685 2258 libellos
1708 2203 1898 2259 darent

315 2298 374 2341 ct
398 2287 465 2341 ad
492 2288 884 2343 accusationem
911 2291 1328 2360 accingerentur.
1363 2292 1454 2347 llis
1479 2294 1640 2359 actis,
1671 2295 1815 2350 misit
1841 2305 1896 2350 et

317 2379 530 2432 meavit
554 2393 654 2434 nos
675 2380 729 2433 in
745 2379 1025 2449 judicium,
1047 2381 1282 2436 nondum
1305 2383 1540 2452 purgatis
1563 2399 1684 2453 quin
1703 2385 1894 2440 adver-

309 2483 409 2522 sus
436 2482 498 2524 se
525 2477 676 2526 erant
704 2469 1012 2525 criminibus
1041 2488 1055 2524 :
1083 2471 1225 2540 quod
1254 2473 1483 2528 maxime
1521 2483 1702 2528 contra
1728 2488 1893 2530 cano-

313 2574 413 2612 nes
438 2568 494 2613 et
515 2569 700 2614 contra
727 2559 872 2630 leges
893 2574 1079 2615 omnes
1096 2572 1228 2617 erat.
1262 2562 1366 2618 Sed
1392 2579 1489 2618 nos
1509 2565 1730 2628 conscii,
1751 2566 1891 2635 quod

312 2664 420 2702 non
449 2647 518 2704 ad
547 2648 780 2718 judicem
807 2650 1012 2704 venturi
1039 2665 1251 2706 eramus
1281 2651 1551 2723 (alioquin
1579 2654 1772 2710 millies
1794 2655 1891 2711 ad-

313 2738 646 2809 fuissemus),
677 2737 773 2794 sed
801 2738 866 2793 ad
892 2741 1160 2794 inimicum
1182 2750 1235 2798 et
1258 2743 1497 2798 hostem:
1526 2743 1578 2798 id
1603 2744 1742 2814 quod
1763 2745 1892 2802 satis

310 2829 588 2884 declarant
633 2844 752 2898 qua:
797 2838 851 2884 ct
891 2830 1035 2900 prius
1081 2839 1136 2885 et
1182 2832 1517 2901 postmodum
1561 2843 1678 2888 acta
1723 2843 1887 2889 sunt:

311 2919 560 2973 misimus
606 2919 672 2973 ad
711 2934 832 2974 eum
876 2921 1176 2991 episcopos,
1221 2922 1543 2976 Demetrium
1584 2923 1888 2993 episcopum

311 3011 602 3065 l‘isinuntis
621 3051 634 3074 ,
670 3010 940 3081 Eulysium
968 3011 1282 3083 episcopum
1303 3014 1572 3083 Apameae,
1611 3014 1890 3084 Luppicia—

309 3115 436 3153 num
463 3100 729 3172 Appiaria:
764 3117 776 3153 :
805 3100 1143 3171 presbyteros
1175 3111 1352 3157 autem
1372 3102 1694 3159 Germanum
1722 3114 1773 3159 et
1793 3105 1888 3160 Se-

309 3205 521 3256 verum,
549 3190 883 3245 convcnieuti
912 3191 1066 3246 nobis
1091 3193 1350 3248 modestia
1379 3194 1790 3264 respondentes,
1825 3209 1887 3250 ac

305 3281 586 3345 dicentes,
628 3295 726 3336 nos
769 3295 872 3336 non
914 3281 1164 3352 defugere
1186 3283 1460 3352 judicium,
1487 3285 1582 3340 sed
1615 3285 1885 3340 inimicum

307 3381 560 3440 apertum
583 3381 741 3441 atque
770 3370 980 3427 hostem.
999 3373 1355 3428 manifestum.
1383 3374 1514 3429 Nam
1535 3375 1624 3445 qui
1651 3374 1883 3430 nondum

305 3463 541 3530 acceptis
571 3461 762 3516 libellis
788 3463 964 3517 statim
1000 3465 1068 3519 ab
1112 3464 1263 3520 initio
1305 3466 1423 3521 talia
1469 3467 1703 3534 fecisset,
1733 3477 1786 3520 et
1819 3467 1885 3522 ab

307 3552 551 3607 Ecclesia
574 3552 808 3622 seipsum
833 3553 1152 3624 abrupisset,
1183 3571 1211 3608 a
1238 3556 1631 3624 communione,
1663 3572 1692 3610 a
1721 3557 1885 3626 preci.-

303 3641 434 3704 bns;
479 3650 818 3696 accusatores
858 3642 1158 3710 instruens,
1201 3645 1401 3698 clerum
1441 3647 1507 3699 ad
1545 3659 1604 3700 se
1647 3645 1878 3712 trahens,

303 3733 572 3789 Ecclesias
592 3732 838 3788 desolans
868 3752 881 3788 :
908 3734 1171 3802 quomodo
1194 3735 1382 3804 dignus
1410 3745 1572 3802 esset,
1602 3736 1692 3805 qui
1723 3738 1774 3790 in
1798 3737 1884 3806 ju-

301 3824 436 3878 dicis
460 3823 709 3878 thronum
751 3823 882 3878 uiliil
923 3825 990 3879 ad
1029 3839 1088 3880 se
1123 3827 1473 3896 pertinentem
1500 3827 1881 3882 adscenderet?

297 3912 415 3967 Non
447 3914 592 3968 enim
626 3922 1041 3969 consentaneum
1079 3930 1217 3981 esse,
1251 3924 1308 3970 ut
1332 3916 1422 3971 ille
1446 3917 1534 3986 qui
1560 3931 1625 3972 ex
1650 3916 1882 3988 Egypto

299 4011 465 4069 esset,
499 4004 560 4057 in»
573 4003 796 4058 Thracia
813 4002 1096 4072 judicaret,
1124 4005 1237 4074 ipse
1257 4005 1568 4062 criminibus
1592 4006 1875 4072 obnoxius,

299 4095 548 4150 inimicus
581 4103 740 4165 atque
778 4094 969 4150 hostis.
999 4095 1390 4152 Verumtamen,
1415 4096 1663 4152 nilliltille
1689 4097 1878 4154 horum

298 4185 584 4247 reveritus,
615 4184 710 4238 sed
753 4199 944 4253 urgens
982 4184 1121 4254 quod
1161 4185 1380 4254 implere
1427 4196 1715 4251 statuerat,
1757 4202 1884 4242 cum-

297 4275 723 4329 declarassemus
757 4283 966 4344 paratos
1010 4288 1108 4328 nos
1147 4291 1267 4330 esse
1301 4275 1506 4332 diluere
1531 4279 1752 4331 crimina
1783 4294 1877 4332 co-

296 4380 410 4420 ram
435 4373 652 4419 centum
677 4371 731 4418 et
749 4363 892 4418 mille
912 4364 1194 4433 episcOpis,
1217 4373 1270 4419 et
1292 4379 1451 4434 puros
1471 4366 1538 4420 ab
1559 4367 1701 4420 omni
1724 4367 1876 4438 culpa

301 4469 400 4510 uos
428 4453 734 4520 ostendere,
765 4463 824 4506 ut
849 4469 1034 4509 revera
1074 4470 1257 4510 sumus
1293 4473 1306 4508 :
1343 4469 1449 4510 non
1495 4457 1613 4509 tulit
1646 4457 1753 4522 ille,
1782 4455 1875 4510 sed

295 4544 450 4598 nobis
476 4542 786 4598 absentibus
809 4552 862 4596 et
885 4542 950 4596 ad
977 4543 1237 4613 synodum
1263 4544 1658 4614 appellantibus
1690 4560 1753 4598 ac
1784 4543 1874 4613 ju-

291 4633 488 4694 dicium
503 4631 860 4700 ﬂagitantibus
879 4670 896 4698 ,
927 4647 1028 4686 nec
1052 4632 1373 4688 auditionem
1410 4633 1748 4702 fugientibus,
1781 4633 1873 4688 sed

293 4723 636 4781 manifestum
661 4724 840 4778 odium
861 4764 876 4788 ,
909 4725 1020 4794 ipse
1045 4733 1380 4778 accusatores
1404 4723 1637 4789 admisit,
1662 4732 1714 4777 et
1739 4738 1872 4794 quos

295 4819 581 4888 ligaveram
622 4817 812 4882 solvit,
843 4825 1000 4885 atque
1021 4816 1088 4870 ab
1109 4815 1231 4881 illis,
1264 4815 1352 4884 qui
1380 4815 1596 4869 crimina
1627 4829 1719 4868 sua
1743 4830 1872 4868 non-

291 4907 415 4962 dum
467 4907 757 4970 exuissent,
809 4905 1017 4961 libellos
1065 4905 1286 4973 accepit,
1333 4913 1387 4958 et
1427 4911 1541 4957 acta
1595 4903 1868 4958 confecit:

290 5012 412 5065 qua:
437 4997 612 5050 omnia
635 5005 688 5051 et
715 5007 896 5051 contra
923 4996 1011 5065 jus
1037 5005 1093 5050 et
1119 5004 1302 5050 contra
1328 5010 1559 5049 canones
1587 5003 1640 5048 et
1664 5009 1869 5047 morem

289 5097 466 5142 erant.
528 5089 593 5143 Et
639 5089 766 5159 quid
813 5089 1001 5143 attinet
1046 5089 1196 5159 plura
1242 5087 1466 5142 dicere?
1515 5103 1619 5142 non
1669 5086 1871 5141 destitit

291 5182 468 5234 omnia
497 5180 671 5235 facere
690 5196 752 5235 ac
780 5181 974 5245 moliri,
1001 5181 1172 5235 donec
1197 5194 1292 5235 nos
1313 5194 1407 5249 per
1423 5180 1527 5234 vim
1549 5195 1611 5234 ac
1633 5181 1866 5251 tyranni-

289 5288 406 5326 eam
437 5271 855 5326 dominationem
899 5287 929 5328 e
966 5272 1177 5327 civitate
1218 5280 1374 5340 atque
1417 5270 1651 5325 Ecclesia
1691 5270 1865 5338 ejecit.

292 5363 455 5431 Igitur
480 5361 806 5432 procedente
825 5361 937 5430 jam
961 5375 1182 5430 vespere
1201 5399 1214 5423 ,
1236 5375 1357 5414 cum
1384 5374 1482 5413 nos
1510 5359 1682 5412 omnis
1703 5373 1869 5428 popu-

292 5452 372 5506 lus
401 5452 772 5517 comitaretur,
806 5460 1004 5510 tractus
1040 5466 1066 5503 a
1101 5449 1324 5505 Curioso
1351 5448 1494 5504 urbis
1521 5463 1616 5516 per
1640 5447 1866 5501 mediam

290 5542 559 5596 civitatem
592 5541 641 5595 vi
664 5540 919 5612 abducar,
947 5547 1002 5595 et
1034 5540 1085 5593 in
1124 5540 1296 5594 navim
1337 5537 1608 5606 conjicior,
1639 5544 1691 5590 et
1712 5545 1867 5590 noctu

292 5633 588 5700 abuavigo,
632 5633 751 5701 quia
793 5631 1049 5701 synodum
1085 5629 1148 5684 ad
1175 5629 1370 5699 justum
1399 5626 1653 5698 judicium
1688 5628 1865 5697 appel-

2012 401 2208 497 iaham.
2238 405 2367 472 Quis
2388 407 2502 466 haec
2525 413 2641 468 sine
2666 413 2932 486 lacrymis,
2959 420 3120 476 etiam
3143 425 3188 479 si
3208 439 3300 480 eor
3318 429 3584 497 lapideum

2013 495 2224 588 habeat,
2254 501 2514 558 audierit?
2539 505 2734 562 Verum
2763 512 2903 580 quia,
2933 515 3068 568 sicut
3109 519 3253 586 prius
3294 495 3400 577 diri
3422 566 3436 588 ,
3481 541 3583 581 non

2012 586 2186 642 solum
2230 590 2504 650 lamentari
2541 609 2766 667 oportet,
2799 603 2894 658 sed
2929 613 2982 658 et
3006 609 3324 676 eruendam;
3356 586 3584 673 obsecro

2011 681 2283 738 caritatem
2315 697 2544 743 vestram
2571 731 2586 753 ,
2631 701 2690 746 ut
2727 705 2974 764 exsurgat
3009 707 3062 753 et
3097 702 3394 770 condoleat,
3425 718 3581 777 atque
3625 731 3633 743 -

2010 771 2187 826 omnia
2217 773 2405 842 faciat,
2437 787 2494 832 ut
2530 781 2665 834 mala
2707 781 2820 838 hunc
2859 787 3066 840 sistam.
3115 790 3294 861 Neque
3323 797 3464 850 enim
3498 771 3582 851 hic

2008 860 2259 929 iniquitas
2295 880 2477 921 eorum
2519 873 2683 934 stetit,
2727 873 2837 928 sed
2863 875 2929 928 ad
2977 879 3149 946 priora
3186 860 3494 950 adjecerunt
3529 903 3579 943 et

2010 951 2129 1006 alia.
2182 953 2465 1025 Postquam
2509 961 2649 1015 enim
2698 963 2963 1031 piissimus
3007 966 3297 1037 Imperator
3329 989 3446 1041 eos,
3488 983 3576 1048 qui

2013 1039 2298 1098 Ecclesiam
2333 1046 2664 1116 impudenter
2688 1062 2844 1122 atque
2876 1055 3072 1124 injuste
3110 1039 3438 1131 invaserant,
3449 1039 3578 1135 ,θέρε

2008 1132 2100 1195 cit,
2127 1144 2180 1188 et
2201 1137 2348 1190 multi
2376 1139 2608 1210 episcOpi
2653 1144 2761 1198 visa
2803 1160 2987 1200 eorum
3030 1149 3366 1217 improbitate
3389 1158 3455 1209 ad
3482 1132 3590 1213 sua.

2009 1220 2296 1292 redierunt,
2315 1225 2567 1296 impetum
2592 1245 2774 1286 eorum
2794 1234 2951 1290 veluti
2970 1236 3268 1294 incendium
3285 1247 3460 1298 omnia
3477 1246 3544 1302 de
3558 1280 3574 1290 -

2007 1324 2229 1378 pascens
2247 1313 2540 1386 fugientes:
2565 1336 2661 1376 nos
2681 1323 2889 1391 quidem
2912 1326 3100 1381 iterant
3132 1329 3182 1382 in
3214 1331 3399 1388 urbem
3419 1343 3577 1403 atque

2005 1401 2058 1455 in
2085 1403 2394 1474 Ecclesiam,
2433 1425 2464 1464 e
2507 1428 2606 1481 qua
2654 1415 2845 1483 injuste
2886 1433 3097 1474 eramus
3129 1422 3304 1491 ejecti,
3343 1401 3574 1484 revocati

2004 1506 2205 1584 sumus,
2233 1496 2600 1557 inducentibus
2617 1505 2994 1578 nosepiscOpis
3019 1511 3248 1582 triginta,
3265 1517 3593 1584 etpiissimo-

2004 1577 2326 1650 lmperatore
2354 1590 2440 1658 qui
2480 1590 2752 1650 Notarium
2781 1596 2846 1651 ad
2873 1577 2924 1653 id
2951 1577 3170 1656 miserat
3197 1619 3211 1656 :
3249 1577 3574 1675 Theophilus

2003 1686 2129 1727 vero
2169 1677 2344 1732 statim
2386 1681 2604 1752 aufugit,
2648 1701 2744 1741 cur
2779 1697 2831 1742 et
2868 1705 2969 1759 qua
2994 1690 3142 1751 dere
3169 1696 3451 1754 nescimus.
3491 1699 3572 1756 lu-

2003 1861 2058 1906 ut
2084 1856 2341 1944 synodum
2366 1872 2582 1931 cogeret
2603 1864 2668 1919 ad
2690 1866 2970 1927 vindictam
2998 1885 3178 1929 eorum
3213 1891 3330 1944 quin
3369 1885 3570 1944 patrata

1999 1951 2168 1996 erant.
2195 1943 2451 2004 Conscius
2474 1965 2601 2020 ergo
2627 1952 2882 2010 factorum
2908 1971 3124 2016 suorum
3155 1943 3495 2031 Theophilus,
3519 1977 3569 2022 et

1999 2032 2464 2100 reprehensionem
2508 2042 2700 2099 veritus
2723 2083 2738 2109 ,
2778 2060 2899 2102 cum
2934 2048 3273 2117 imperatoris
3310 2053 3475 2112 literae
3514 2057 3566 2110 in

2000 2134 2209 2178 omnem
2238 2134 2441 2193 partem
2471 2130 2645 2186 missa
2678 2134 3044 2207 undecumque
3077 2154 3264 2196 onmes
3297 2157 3570 2215 cogerent,

1997 2212 2203 2266 occulte
2223 2215 2394 2270 media
2412 2227 2566 2278 nocte
2591 2221 2642 2276 in
2665 2225 2843 2278 navim
2863 2239 2924 2282 se
2939 2229 3226 2298 conjiciens
3250 2233 3318 2286 ita
3344 2212 3582 2306 aufiigit,_.

1998 2314 2184 2356 omnes
2209 2316 2334 2360 suos
2367 2321 2550 2366 secum
2589 2311 2873 2370 abducens.
2921 2317 3089 2373 Porro
3120 2333 3216 2374 nos
3246 2325 3574 2380 conscientia

1999 2400 2176 2444 nostra
2197 2391 2336 2456 freti,
2359 2411 2530 2466 neque
2558 2400 2634 2454 sic
2653 2401 3154 2462 destitimuseadem
3175 2409 3362 2465 iterum
3379 2428 3568 2484 rogare

1996 2481 2445 2550 religiosissimum
2473 2487 2847 2557 Imperatorem
2877 2512 2890 2549 :
2921 2496 3010 2565 qui
3038 2513 3137 2567 pro
3153 2514 3254 2554 sua
3280 2481 3474 2570 pietate
3501 2507 3564 2559 ad

1995 2585 2115 2625 eum
2143 2573 2318 2629 denuo
2345 2577 2507 2646 misit,
2535 2589 2594 2635 ut
2629 2583 2805 2639 statim
2847 2600 2914 2640 ex
2944 2585 3176 2658 Egypto
3211 2593 3414 2648 veniret
3446 2610 3564 2650 cum

1993 2662 2237 2718 omnibus
2265 2665 2374 2720 suis
2401 2671 2756 2739 consortibus,
2785 2682 2839 2729 et
2864 2676 3121 2732 rationem
3158 2679 3416 2737 factorum
3447 2688 3566 2739 red—

1992 2749 2172 2820 deret,
2205 2769 2376 2825 neque
2413 2756 2659 2817 sufﬁcere
2699 2774 2907 2833 putaret
2933 2766 2998 2822 ad
3027 2767 3386 2827 defensionem
3417 2789 3564 2833 suam

1992 2856 2054 2897 ea
2076 2859 2193 2934 qua:
2221 2854 2326 2901 tam
2354 2848 2549 2918 injuste
2571 2851 2640 2907 ab
2670 2869 2771 2909 una
2796 2865 2944 2926 parte
2967 2859 3119 2916 nobis
3142 2861 3448 2920 absentibus
3475 2881 3563 2934 pa-

1993 2939 2125 2988 trata
2154 2933 2381 3004 fuerant,
2408 2939 2566 2994 etiam
2592 2951 2775 2998 contra
2813 2954 2888 2999 tot
2921 2962 3172 3005 canones.
3224 2951 3314 3007 Ille
3343 2933 3564 3010 verone

1992 3021 2350 3092 lmperatoriis
2391 3028 2608 3098 quidem
2653 3032 2818 3087 literis
2855 3035 3266 3106 obtemperavit,
3295 3040 3390 3097 sed
3419 3042 3561 3100 domi

1991 3113 2201 3177 mansit,
2241 3124 2535 3184 praetexens
2573 3119 2888 3178 seditionem
2929 3126 3106 3194 pepuli
3144 3135 3197 3181 et
3237 3129 3561 3199 intempesti-

1990 3216 2111 3255 vum
2131 3203 2360 3258 studium
2385 3208 2732 3276 quorumdam
2758 3212 2960 3268 scilicet
2983 3214 3070 3284 qui
3094 3216 3140 3269 ei
3170 3215 3433 3283 faverent;
3459 3221 3559 3276 etsi

1987 3300 2115 3346 ante
2142 3292 2236 3347 has
2261 3293 2628 3362 imperatorias
2653 3299 2832 3356 literas
2858 3301 2970 3358 haec
2996 3304 3106 3372 ipsa
3134 3305 3283 3374 plebs
3317 3308 3558 3366 innume-

1988 3381 2062 3434 ris
2085 3395 2204 3436 eum
2233 3384 2482 3440 conviciis
2511 3385 2864 3456 adsperserat.
2895 3389 3092 3447 Verum
3120 3394 3217 3452 ista
3249 3412 3353 3450 nou
3384 3398 3557 3467 inqui-

1986 3470 2184 3536 rimus,
2201 3472 2292 3526 sed
2332 3475 2612 3531 ostendere
2640 3479 2874 3537 volentes
2898 3481 3038 3549 quod
3066 3482 3122 3538 .in
3150 3484 3407 3542 maleficio
3434 3504 3549 3556 pcr-

1984 3564 2257 3628 manserit,
2300 3562 2415 3620 haec
2443 3566 2698 3625 diximus.
2737 3569 2997 3626 Caeterum
3024 3588 3090 3628 ne
3115 3576 3191 3629 sic
3215 3577 3425 3645 quidem
3458 3593 3556 3645 nos

1985 3653 2298 3721 quievimus,
2315 3655 2408 3710 sed
2434 3656 2718 3712 iustitimus
2737 3661 3081 3729 postulantes,
3108 3673 3165 3717 ut
3179 3665 3432 3733 judicium
3463 3668 3556 3722 lia-

1986 3743 2199 3800 berctur
2240 3747 2526 3802 secundum
2558 3749 2877 3820 interrogata
2921 3761 2973 3806 et
3009 3768 3262 3822 responsa
3297 3773 3308 3810 :
3341 3768 3554 3826 paratos

1984 3835 2124 3889 enim
2158 3851 2276 3892 esse
2304 3837 2608 3895 dicebamus
2627 3841 2909 3897 ostendere
2930 3858 3026 3898 nos
3042 3845 3192 3914 culpa
3207 3861 3414 3913 vacare,
3436 3848 3552 3903 illos

1983 3935 2156 3980 autem
2187 3935 2421 3982 extrema
2456 3945 2677 3999 quaeque
2700 3945 2856 3986 ausos
2881 3947 3017 3987 esse.
3049 3933 3146 3989 llic
3169 3937 3309 3990 enim
3341 3952 3554 3992 reman-

1982 4024 2161 4069 serant
2204 4016 2458 4088 Syrorum
2500 4019 2712 4090 quidam
2738 4019 2827 4089 qui
2867 4029 2990 4075 tunc
3015 4021 3325 4090 adfuerant,
3355 4035 3409 4081 et
3448 4043 3548 4080 una

1981 4118 2098 4157 cum
2122 4104 2236 4174 ipso
2260 4109 2434 4162 omnia
2455 4117 2740 4178 patrarunt.
2772 4109 2942 4173 Etiam
2959 4110 3210 4167 adversus
3234 4113 3361 4169 istos
3386 4119 3547 4182 parati

1978 4209 2189 4250 eramus
2227 4197 2477 4265 judicium
2518 4199 2718 4266 subire,
2761 4209 2815 4255 et
2853 4201 3045 4272 saepius
3087 4215 3245 4271 super
3269 4204 3360 4260 illo
3390 4205 3551 4266 inter-

1981 4284 2316 4354 pellavimus,
2347 4298 2594 4358 rogantes
2622 4299 2681 4344 ut
2705 4299 2796 4345 aut
2829 4300 2943 4345 acta
2976 4292 3126 4348 nobis
3163 4293 3431 4360 darentur,
3459 4306 3566 4350 aut;

1981 4373 2138 4426 libelli
2167 4385 2551 4442 accusatorum,
2585 4385 2677 4430 aut
2712 4378 2991 4432 criminum
3021 4395 3186 4448 genus
3211 4384 3545 4439 examinare-

1980 4469 2084 4528 tur,
2116 4470 2206 4516 aut
2247 4463 2344 4531 ipsi
2391 4474 2755 4528 accusatores;
2803 4476 2855 4519 ct
2895 4467 3022 4520 nihil
3070 4468 3254 4521 horum
3300 4471 3546 4537 impetra-

1979 4550 2172 4617 vimus,
2200 4550 2292 4605 sed
2323 4566 2503 4604 rursus
2529 4551 2764 4608 Ecclesia
2801 4553 3002 4620 expulsi
3045 4567 3248 4607 sumus.
3297 4557 3410 4623 Qnu
3455 4574 3545 4626 pa-

1976 4651 2060 4696 cto
2085 4657 2201 4711 qua:
2227 4641 2346 4696 inde
2371 4650 2484 4694 acta
2517 4650 2640 4709 sunt
2667 4641 2917 4711 deinceps
2944 4658 3159 4697 narrare
3189 4660 3398 4712 queam,
3426 4663 3545 4716 qua:

1973 4746 2187 4785 omnem
2232 4739 2483 4800 superant
2531 4729 2874 4800 tragoediam?
2914 4732 3032 4801 quis
3073 4747 3135 4787 ea
3178 4747 3354 4788 sermo
3390 4738 3542 4790 extri-

1977 4817 2157 4872 bebit?
2199 4833 2316 4887 quae
2354 4819 2495 4874 auris
2541 4819 2654 4874 sine
2692 4820 2909 4875 horrore
2936 4821 3191 4891 accipiet?
3227 4822 3359 4878 Cum
3401 4827 3541 4880 enim

1974 4923 2034 4962 ea
2092 4909 2199 4977 ipsa
2227 4949 2239 4972 ,
2295 4909 2431 4964 sicut
2476 4918 2599 4964 ante
2641 4909 2784 4974 dixi,
2834 4911 3242 4968 obtenderemus
3279 4930 3292 4966 :
3329 4925 3545 4984 repente

1975 4999 2250 5054 multitudo
2299 5001 2521 5056 militum
2568 5002 2682 5071 ipso
2725 5017 2913 5072 magno
2956 5003 3208 5070 sabbato,
3251 5003 3317 5059 ad
3356 5021 3545 5076 vespe-

1974 5105 2084 5142 ram
2114 5089 2219 5157 jam
2251 5090 2532 5145 inclinante
2562 5091 2648 5146 die
2667 5134 2681 5159 ,
2712 5092 2762 5146 in
2791 5092 3042 5147 ecclesias
3069 5093 3276 5148 irruens
3295 5135 3310 5160 ,
3341 5096 3542 5150 clerum

1973 5194 2182 5232 omnem
2233 5180 2318 5250 qui
2371 5181 2643 5235 nobiscum
2683 5189 2816 5247 erat,
2853 5181 2902 5234 vi
2950 5181 3241 5250 ejeeerunt,
3281 5192 3336 5237 et
3383 5186 3545 5238 amis

1975 5269 2137 5321 altare
2171 5269 2399 5338 undique
2429 5270 2832 5324 circumsessum
2878 5279 2996 5324 est:
3044 5278 3098 5323 et
3137 5271 3388 5326 mulieres
3425 5288 3542 5339 qua:

1974 5358 2026 5411 iu
2079 5357 2246 5412 sacris
2307 5358 2511 5413 mdibus
2568 5357 2620 5412 id
2681 5359 2932 5428 temporis
2987 5361 3053 5415 ad
3107 5361 3424 5429 baptismum
3485 5377 3544 5414 se

1973 5457 2267 5512 exuerant,
2333 5456 2473 5501 metu
2537 5447 2744 5502 acerba:
2812 5448 2951 5503 illius
3009 5449 3318 5518 irruptionis
3385 5449 3541 5503 nudae

1973 5537 2285 5607 aufugerunt
2309 5553 2322 5600 ;
2355 5545 2472 5607 etim
2502 5553 2568 5592 ne
2592 5553 2707 5591 eam
2734 5539 2946 5606 quidem
2977 5554 3094 5607 qua:
3114 5540 3365 5594 mulieres
3388 5538 3540 5592 .lecet

1972 5637 2172 5681 vestem
2204 5626 2422 5681 induere
2443 5630 2898 5701 permitterentur.
2931 5628 3102 5684 Multa:
3125 5630 3282 5683 etiam
3299 5629 3542 5695 acceptis
