4038 6154
485 334 542 390 ll
1579 340 1584 344 ’
1749 330 2071 388 PALLADII
2108 331 2448 394 DIALOGUS

486 449 799 506 vulneribus
841 447 1282 512 exturbabantur,
1313 454 1368 500 et
1410 447 1672 517 sanguine
1713 448 2069 518 implebantur

485 541 727 611 piscinae,
759 549 815 594 et
840 539 975 594 sacri
1020 537 1204 592 latices
1235 553 1428 593 cruore
1471 539 1848 594 rubescebant.
1888 539 2070 611 Neque

485 630 572 686 hic
593 629 790 684 malum
831 629 1088 689 substitit,
1122 627 1216 684 sed
1259 629 1346 684 ubi
1376 644 1528 685 sacra
1556 638 1708 684 erant
1733 631 1966 701 reposita
1995 633 2070 686 ir.

483 729 790 790 rumpentes
812 761 828 788 ,
860 735 1087 791 quorum
1116 720 1281 790 aliqui
1307 760 1323 785 ,
1357 728 1415 773 ut
1455 721 1816 789 comperimus
1840 762 1857 788 ,
1887 736 1956 776 ne
1984 721 2068 774 ιη.

481 811 614 868 itiati
655 811 869 883 quidem
907 821 1100 878 erant,
1147 820 1202 866 et
1229 811 1477 866 viderunt
1523 812 1699 866 omnia
1754 827 1874 882 quae
1927 812 2068 866 intus

480 910 634 957 erant
665 918 681 957 :
726 911 781 958 et
809 904 1180 958 sanctissimus
1206 903 1402 958 Christi
1443 905 1693 973 sanguis,
1741 913 1799 956 ut
1833 904 1885 958 in
1920 912 2067 958 tanto

481 995 746 1061 tumultu,
788 995 841 1048 in
889 994 1263 1063 praedictorum
1308 1003 1488 1050 vestes
1528 993 1917 1059 effundebatur,
1968 994 2066 1049 fie-

479 1085 715 1155 bantque
740 1085 917 1139 omnia
937 1125 950 1148 ,
977 1093 1032 1138 ut
1082 1100 1136 1138 tn
1181 1083 1458 1139 barbarica
1503 1084 1832 1155 captivitate.
1863 1082 2067 1153 Vulgus

481 1175 535 1230 in
586 1175 930 1232 solitudinem
975 1175 1372 1245 expellebatur,
1408 1184 1463 1232 et
1510 1178 1791 1231 universus
1841 1175 2065 1245 populus

480 1276 632 1322 extra
685 1267 958 1322 civitatem
1008 1266 1281 1337 fugiebat,
1328 1276 1586 1338 erantque
1639 1267 1691 1322 in
1736 1275 1884 1322 tanto
1928 1267 2065 1321 festo

478 1373 662 1414 vacua:
703 1359 912 1428 populis
939 1358 1210 1421 ecclesias,
1241 1367 1294 1412 et
1325 1358 1506 1428 plures
1531 1373 1688 1428 quam
1717 1356 2062 1428 quadraginta

477 1448 752 1519 episcopi,
783 1450 872 1517 qui
900 1447 1178 1502 nobiscum
1213 1447 1676 1503 eommunicabant
1699 1487 1716 1513 ,
1745 1463 1864 1502 cum
1911 1446 2065 1515 plebe

478 1547 680 1594 temere
706 1546 761 1593 et
790 1537 928 1592 nulla
957 1537 1025 1592 de
1053 1551 1212 1592 causa
1234 1537 1584 1608 pellebantur.
1611 1536 1815 1607 Ubique
1832 1537 2063 1590 ululatus

479 1638 534 1684 et
563 1630 793 1694 lamenta
817 1637 870 1682 et
908 1627 1064 1683 fletus
1093 1636 1147 1682 et
1188 1629 1358 1684 fontes
1403 1628 1760 1700 lacrymarum
1793 1642 1887 1696 per
1925 1626 2059 1694 fora,

479 1739 578 1794 per
603 1722 793 1781 domos
818 1763 834 1788 ,
885 1736 982 1791 per
1004 1722 1325 1779 solitudines
1356 1739 1369 1773 :
1414 1731 1468 1775 et
1500 1735 1690 1776 omnes
1717 1720 1944 1776 civitatis
1972 1735 2060 1774 re-

477 1815 665 1885 giones
687 1813 769 1867 his
795 1812 1186 1868 calamitatibus
1216 1813 1592 1882 implebantur.
1623 1811 1753 1865 Nam
1777 1811 1845 1865 ob
1871 1811 2064 1879 iniqui-

478 1905 603 1972 tatis
626 1903 1044 1973 magnitudinem
1086 1917 1191 1956 non
1235 1902 1410 1956 solum
1437 1902 1527 1970 qui
1582 1902 1934 1970 patiebantur,
1967 1899 2060 1955 sed

476 2005 532 2050 et
567 1997 654 2064 qui
687 1996 818 2050 nihil
849 1996 954 2050 tale
985 1994 1342 2064 patiebantur,
1363 1994 1518 2048 nobis
1542 1993 1928 2056 condolebant;
1954 2008 2060 2047 non

479 2085 644 2141 modo
682 2085 942 2141 Catholici
975 2125 990 2150 ,
1021 2084 1114 2139 sed
1143 2094 1192 2139 et
1224 2084 1484 2149 haeretici,
1513 2093 1567 2138 et
1598 2083 1767 2139 Judaei
1807 2093 1860 2139 et
1887 2083 2061 2154 genti-

474 2178 555 2233 les
582 2192 596 2230 :
629 2185 684 2231 ct
709 2177 858 2246 quasi
905 2191 1000 2246 per
1028 2176 1134 2230 vim
1181 2185 1335 2246 capta
1380 2177 1620 2244 civitate,
1646 2177 1718 2230 ita
1748 2176 1800 2230 in
1831 2176 2057 2231 tumultu

473 2283 538 2324 ac
566 2269 962 2339 perturbatione
1011 2279 1066 2324 et
1105 2269 1390 2338 ejulatibus
1437 2269 1614 2323 omnia
1657 2278 1828 2324 erant.
1883 2271 2058 2340 Atque

477 2359 592 2414 haec
607 2359 799 2414 fiebant
818 2367 1008 2428 praeter
1033 2348 1351 2413 sententiam
1369 2359 1755 2429 religiosissimi
1780 2359 2054 2428 principis,

473 2466 596 2510 cum
628 2467 734 2510 nox
763 2451 1072 2521 ingrueret,
1116 2452 1382 2521 episcopis
1431 2452 1547 2509 hmo
1589 2453 2052 2522 comparantibus,

475 2560 612 2615 quos
635 2560 740 2600 non
766 2544 996 2612 pudebat
1025 2543 1465 2612 Campiductores
1496 2553 1796 2613 prazeuntes
1821 2561 1916 2614 pro
1939 2545 2055 2600 dia-

471 2635 621 2690 conis
644 2634 975 2691 habere.Ubi
1003 2649 1134 2689 vero
1159 2634 1332 2689 illuxit
1349 2635 1482 2702 dies,
1513 2637 1686 2692 omnis
1701 2637 1887 2692 civitas
1905 2647 2053 2694 extra

472 2743 653 2783 muros
679 2727 1013 2796 demigravit,
1044 2728 1195 2796 quasi
1223 2743 1350 2782 oves
1389 2727 1668 2798 dispersae,
1692 2729 1884 2784 festum
1913 2730 2052 2784 diem

475 2819 756 2874 celebrans
791 2819 893 2872 sub
935 2818 1218 2873 arboribus
1244 2828 1299 2872 et
1339 2819 1390 2872 in
1433 2819 1673 2874 saltibus.
1701 2820 1781 2874 Ex
1825 2820 1908 2874 his
1933 2821 2055 2875 licet

472 2909 624 2963 vobis
652 2923 713 2963 ea
744 2923 862 2978 quae
893 2917 1177 2962 consecuta
1207 2917 1352 2972 sunt,
1381 2908 1637 2978 deinceps
1660 2918 1912 2979 reputare
1937 2925 2054 2964 om-

473 3001 558 3055 nia
590 3018 604 3054 :
643 3015 784 3065 nam,
817 3008 874 3054 ut
919 3007 1042 3053 ante
1094 2999 1204 3053 dixi"
1227 3041 1241 3065 ,
1274 3015 1394 3069 quae
1438 3008 1556 3054 aeta
1587 3008 1711 3054 sunt
1746 3001 2050 3071 singillatim

471 3091 692 3158 exsequi
721 3089 1050 3159 impossibile
1076 3098 1176 3144 est.
1224 3089 1289 3143 Et
1317 3089 1459 3161 quod
1505 3105 1635 3146 sane
1676 3091 2050 3158 permolestum

469 3190 589 3247 est,
647 3187 723 3234 tot
785 3189 839 3234 et
893 3179 1016 3234 talia
1081 3193 1151 3234 ne
1193 3194 1335 3233 nunc
1370 3179 1585 3249 quidem
1633 3179 1794 3234 finem
1832 3196 2051 3252 accepe-

469 3279 612 3336 runt,
640 3284 703 3324 ac
739 3284 807 3324 ne
843 3283 967 3340 spes
1012 3269 1226 3338 quidem
1257 3269 1362 3323 ulla
1395 3269 1515 3324 finis
1545 3270 1800 3336 faciendi;
1833 3271 1926 3326 sed
1952 3287 2050 3326 au-

465 3370 619 3431 getur
662 3359 713 3413 in
756 3359 870 3413 dies
899 3360 1098 3413 malum
1118 3399 1132 3424 ,
1162 3374 1366 3430 nosque
1398 3359 1663 3432 plerisque
1691 3361 1898 3416 ridiculi
1927 3362 2049 3417 facti

465 3465 652 3506 sumus
678 3467 694 3504 :
717 3451 878 3504 immo
903 3464 1031 3504 vero
1055 3449 1196 3505 ridet
1221 3451 1434 3520 quidem
1457 3466 1636 3518 nemo,
1668 3453 1876 3508 etiamsi
1905 3468 2051 3507 sum-

466 3555 568 3595 ma:
593 3539 664 3593 sit
707 3538 1096 3607 improbitatis;
1138 3540 1320 3608 lugent
1357 3551 1532 3594 autem
1557 3580 1572 3604 ,
1603 3549 1660 3594 ut
1684 3541 1830 3607 dixi,
1862 3556 2048 3597 omnes

465 3631 669 3704 apicem
722 3631 981 3685 malorum
1007 3672 1022 3696 ,
1053 3630 1341 3685 inauditam
1373 3630 1513 3686 hanc
1551 3631 1900 3700 iniquitatem.
1930 3631 2046 3686 Jam

466 3739 593 3779 vero
608 3723 933 3792 reliquarum
961 3722 1320 3777 Ecclesiarum
1352 3722 1780 3792 perturbationes
1805 3724 1922 3793 quis
1939 3724 2050 3778 clo-

464 3816 703 3887 quatur?
745 3814 858 3868 Non
912 3814 1058 3872 cnim
1109 3813 1195 3868 hic
1224 3813 1382 3868 desiit
1428 3814 1529 3868 hoc
1586 3814 1821 3878 malum,
1852 3814 1947 3870 sed
1995 3825 2050 3870 et

466 3924 632 3978 usque
661 3909 713 3961 in
761 3906 1032 3962 Orientem
1064 3906 1324 3976 pervenit.
1357 3904 1490 3959 Nam
1534 3913 1593 3959 ut
1635 3921 1665 3960 a
1709 3906 1881 3974 capite
1907 3905 2047 3961 malo

467 4001 688 4054 humore
711 3997 880 4052 effuso
925 3996 1126 4066 reliqua
1179 3995 1418 4050 membra
1463 4005 1876 4065 corrumpuntur
1917 4015 1930 4049 :
1975 3999 2045 4052 ita

461 4092 664 4148 exortis
703 4090 859 4159 hujus
906 4104 1115 4158 magna:
1145 4089 1376 4142 civitatis
1413 4087 1591 4154 malis,
1620 4089 1763 4143 velut
1790 4105 1853 4144 ex
1878 4089 2042 4155 fonte,

466 4181 732 4235 tumultus
771 4193 1106 4249 quocumque
1145 4178 1229 4231 via
1277 4179 1545 4247 progressi
1584 4189 1704 4233 sunt
1728 4220 1740 4244 ,
1775 4190 1828 4234 et
1868 4181 2044 4236 clerici

464 4271 658 4340 ubique
713 4271 766 4324 in
809 4269 1091 4338 episcopos
1131 4269 1577 4335 insurrexerunt,
1634 4279 1688 4324 et
1737 4272 1913 4340 populi
1957 4274 2042 4327 alii

462 4361 676 4432 quidem
703 4360 911 4415 discissi
961 4369 1125 4426 sunt,
1157 4359 1244 4413 alii
1275 4360 1584 4430 propediem
1627 4361 1956 4428 scindentur,
1990 4373 2046 4418 et

463 4453 661 4522 ubique
690 4452 952 4506 malorum
993 4453 1323 4522 exspectatio
1349 4452 1600 4528 orbisque
1630 4454 1790 4508 totius
1816 4455 2042 4510 subver-

459 4547 560 4602 sio.
606 4545 788 4616 Igitur,
820 4545 1021 4601 domini
1073 4546 1177 4601 mei
1219 4545 1450 4601 maxime
1486 4547 1774 4600 venerandi
1815 4555 1870 4601 et
1911 4548 2042 4600 reli-

459 4639 769 4711 giosissimi,
801 4653 921 4692 cum
964 4636 1079 4694 haec
1123 4637 1193 4692 ita
1233 4651 1293 4690 se
1329 4635 1526 4690 habere
1567 4635 1891 4703 didiceritis,
1924 4651 2040 4691 eam

457 4747 576 4802 qua:
597 4745 691 4785 vos
715 4730 902 4793 decet,
929 4728 1290 4782 fortitudinem
1313 4736 1366 4780 et
1389 4727 1621 4780 studium
1646 4741 1828 4795 quaaso
1864 4736 2043 4781 osten-

457 4822 590 4886 dite,
619 4829 676 4874 ut
706 4826 848 4872 tanta
887 4817 1137 4884 iniquitas
1165 4831 1282 4884 qua:
1328 4815 1596 4871 Ecclesias
1645 4815 1836 4871 invasit
1875 4817 2042 4886 repri-

459 4924 656 4970 malur.
688 4911 745 4966 Si
773 4908 918 4964 enim
948 4908 1034 4961 hic
1062 4923 1180 4961 mos
1209 4906 1509 4972 invaluerit,
1541 4918 1595 4962 et
1634 4908 1676 4962 si
1709 4908 1889 4963 licebit
1925 4909 2040 4962 cui-

456 5006 538 5058 vis
565 5005 617 5056 in
666 5001 868 5058 alienas
918 4997 1174 5051 invadere
1227 4996 1527 5063 provincias
1549 5036 1563 5060 ,
1599 4996 1757 5064 idque
1785 5013 1851 5052 ex
1881 4999 2040 5054 tantis

455 5093 770 5156 intervallis,
789 5100 844 5146 et
859 5090 1054 5160 ejicere
1077 5101 1212 5157 quos
1227 5086 1344 5156 quis
1362 5086 1618 5151 voluerit,
1640 5101 1705 5142 ex
1727 5091 2040 5147 auctoritate

455 5201 550 5242 sua
577 5183 850 5254 quodlibet
876 5178 1118 5250 agendo;
1143 5177 1290 5232 scitis
1330 5177 1508 5231 omnia
1554 5191 1769 5250 pessum
1798 5179 1954 5246 itura,
1983 5190 2042 5238 et

459 5275 778 5346 inexpiabile
821 5273 1020 5328 bellum
1059 5269 1330 5341 quoddam
1360 5269 1542 5324 orbem
1569 5278 1828 5328 terrarum
1858 5272 2036 5329 incur-

452 5383 670 5431 surum,
713 5365 959 5422 omnibus
982 5378 1171 5419 omnes
1220 5363 1557 5433 ejicientibus
1583 5375 1635 5419 et
1662 5365 1895 5423 vicissim
1923 5369 2034 5436 eje—

452 5462 574 5517 etis.
605 5459 682 5513 Ne
709 5457 869 5527 igitur
895 5462 1041 5512 tanta
1070 5453 1312 5509 confusio
1337 5468 1551 5508 omnem
1599 5470 1719 5525 qua:
1765 5456 1864 5510 sub
1906 5457 2040 5515 (mlo

449 5563 532 5609 est
579 5561 774 5606 terram
841 5545 1094 5611 invadat,
1123 5559 1252 5616 rogo
1301 5553 1358 5599 ut
1397 5559 1491 5616 per
1532 5544 1784 5614 epistolas
1825 5545 2035 5602 denun-

450 5642 593 5698 tietis
625 5683 639 5705 ,
671 5655 734 5696 ea
760 5647 1015 5712 quamam
1057 5637 1235 5709 inique
1289 5646 1404 5691 acta
1450 5647 1573 5693 sunt
1614 5640 1682 5692 ab
1712 5650 1816 5690 una
1847 5648 2031 5715 parte,

447 5735 758 5793 absentibus
823 5731 978 5788 nobis
1039 5738 1093 5785 et
1135 5745 1242 5788 non
1295 5729 1684 5791 declinantibus
1725 5730 1979 5799 judicium
2014 5774 2028 5800 ,

3687 361 3776 417 12⁷

2182 453 2384 540 nullum
2429 455 2629 513 habere
2675 458 2858 525 robur,
2893 462 3030 516 sicut
3061 478 3125 518 ex
3177 481 3270 520 sua
3314 478 3497 528 natura
3551 481 3756 540 nullum

2176 539 2366 607 habet;
2397 553 2451 598 et
2473 555 2529 600 ut
2553 548 2797 629 quintalia
2824 553 2940 607 ausi
2970 564 3095 609 sunt
3119 598 3133 621 ,
3167 560 3650 626 ecclesiasticarum
3679 539 3760 628 lt;

2173 644 2297 700 gum
2326 633 2499 701 poenis
2523 637 2893 706 subjiciantur.
2924 641 3032 698 Nos
3060 646 3236 716 igitur,
3265 653 3355 720 qui
3383 669 3482 709 nec
3500 663 3753 729 convicti,

2175 737 2275 776 nec
2300 724 2608 793 reprehensi
2631 744 2833 795 sumus,
2859 747 2957 788 nec
2974 736 3054 790 rei
3083 736 3453 808 demonstrati.
3471 747 3638 806 literis
3653 724 3752 808 ve;

2173 813 2299 866 stris
2324 813 2426 867 frui
2458 815 2600 881 date,
2629 828 2685 874 et
2710 822 2932 878 caritate
2958 825 3133 881 vestra
3159 833 3476 904 ueterisque
3503 845 3720 898 omnibu

2174 910 2234 956 ut
2255 914 2430 961 antea.
2463 907 2518 962 Si
2544 924 2671 965 vero
2695 914 2783 982 qui
2812 914 2931 969 talia
2955 925 3250 986 patrarunt,
3267 925 3429 981 velint
3450 945 3589 987 nunc
3612 950 3753 1004 quo-

2171 1012 2278 1096 que
2301 999 2525 1096 crimina
2555 1004 2791 1072 objicere
2816 1008 2886 1062 ob
2913 1025 3033 1078 qua:
3081 1027 3180 1068 nos
3226 1015 3418 1086 injuste
3444 999 3713 1091 ejecerunt
3731 1071 3750 1096 ,

2169 1088 2309 1143 datis
2328 1091 2488 1146 nobis
2509 1096 2662 1161 actis,
2681 1105 2735 1151 et
2763 1113 2883 1154 cum
2911 1100 3069 1156 libelli
3089 1113 3145 1158 et
3161 1088 3496 1169 accusatores
3527 1088 3751 1186 compa;

2171 1182 2398 1247 ruerint,
2441 1182 2760 1258 incorruptis
2783 1187 3049 1258 iudicibus
3091 1194 3396 1253 sedentibus
3424 1215 3635 1260 causam
3653 1182 3754 1263 di-

2169 1287 2373 1340 cemus,
2405 1282 2461 1330 et
2489 1277 2833 1334 ostendemus
2867 1291 3015 1336 extra
3040 1284 3246 1354 culpam
3278 1303 3374 1343 nos
3401 1306 3520 1348 esse
3560 1311 3750 1355 eorum

2169 1381 2287 1434 qtae
2318 1367 2473 1422 nobis
2497 1369 2840 1439 objiciuntur,
2870 1373 3008 1427 sicut
3037 1376 3192 1443 plane
3220 1392 3423 1439 sumus.
3454 1383 3584 1440 Nam
3625 1404 3751 1458 qua:

2167 1455 2235 1510 ab
2265 1457 2368 1511 illis
2409 1458 2567 1525 facta,
2599 1471 2782 1516 contra
2825 1477 3040 1519 omnem
3081 1477 3205 1521 sunt
3248 1470 3486 1526 ordinem
3515 1515 3529 1540 ,
3559 1455 3750 1534 contra

2167 1562 2354 1603 omnes
2385 1549 2530 1620 leges
2556 1559 2611 1606 et
2638 1567 2870 1609 canones
2895 1557 3283 1614 ecclesiasticos
3308 1580 3321 1615 :
3345 1579 3514 1633 neque
3541 1567 3590 1620 iu
3617 1584 3750 1638 gen-

2170 1639 2340 1692 tilium
2365 1641 2600 1710 judiciis,
2639 1659 2813 1713 neque
2851 1645 2902 1699 in
2950 1647 3227 1704 barbarico
3256 1653 3467 1721 quidem
3498 1657 3747 1715 tribunali

2169 1729 2292 1782 talia
2341 1746 2590 1800 umquam
2628 1742 2743 1787 aeta
2774 1743 2931 1820 sunt;
2981 1738 3142 1792 immo
3169 1755 3298 1796 vero
3324 1758 3497 1813 neque
3531 1746 3748 1820 Scytha:

2169 1835 2344 1892 neque
2385 1821 2644 1878 Sarmatae
2673 1825 2742 1878 ita
2773 1841 3020 1895 umquam
3045 1828 3368 1898 iudicarunt,
3393 1835 3650 1903 judicium
3677 1842 3748 1896 ab

2169 1928 2271 1967 una
2323 1921 2472 1981 parte
2521 1913 2791 1983 ferentes,
2820 1918 3042 1973 absente
3083 1936 3149 1974 eo
3187 1923 3274 1992 qui
3321 1937 3616 1996 accusatur,
3646 1949 3749 1989 nec

2169 2013 2453 2059 recusante
2476 2004 2754 2074 judicium,
2789 2007 2881 2061 sed
2909 2008 3273 2080 bostilitatem,
3298 2029 3518 2074 vocante
3535 2022 3747 2090 judices

2167 2092 2477 2150 innumeros
2503 2138 2518 2162 ,
2548 2106 2698 2150 extra
2727 2098 2935 2168 culpam
2970 2113 3027 2154 se
3065 2117 3184 2158 esse
3229 2105 3458 2175 dicente,
3482 2121 3535 2166 et
3561 2128 3746 2171 coram

2165 2192 2427 2241 terrarum
2456 2188 2586 2243 orbe
2615 2190 2838 2244 crimina
2866 2191 3209 2260 depulsurum
3233 2237 3248 2260 ,
3280 2207 3440 2270 atque
3487 2204 3541 2258 in
3567 2220 3749 2262 omni-

2165 2278 2263 2333 bus
2292 2279 2558 2335 insontem
2605 2282 2838 2351 seipsum
2879 2298 3000 2340 esse
3043 2296 3400 2345 ostensurum.
3427 2292 3549 2350 llrec
3587 2297 3748 2367 igitur

2162 2372 2341 2428 omnia
2369 2381 2708 2442 reputantes,
2743 2390 2771 2428 a
2801 2375 3031 2433 dominis
3065 2381 3196 2435 meis
3221 2384 3470 2452 piissimis
3492 2388 3745 2449 fratribus

2161 2463 2426 2534 episcopis
2461 2478 2581 2518 cum
2612 2463 2811 2534 liquido
2839 2471 3226 2537 compereritis,
3253 2476 3485 2532 studium
3508 2491 3744 2540 vestrum

2161 2567 2345 2621 quaeso
2372 2553 2664 2625 adjungite.
2694 2554 2766 2607 Ita
2815 2571 2921 2611 non
2949 2566 3150 2612 tantum
3192 2562 3258 2617 de
3293 2565 3446 2620 nobis
3471 2568 3605 2626 bene
3630 2587 3747 2629 me-

2161 2643 2428 2708 rebimini,
2466 2646 2560 2700 sed
2612 2654 2664 2702 et
2692 2645 2758 2698 de
2787 2649 3054 2702 communi
3087 2651 3441 2710 Ecclesiarum
3489 2669 3660 2729 statu,
3689 2675 3746 2721 et

2161 2734 2466 2790 mercedem
2497 2753 2528 2792 a
2557 2739 2666 2794 Deo
2695 2739 2968 2806 accipietis
2991 2781 3006 2805 ,
3037 2742 3124 2810 qui
3153 2743 3220 2798 ob
3253 2746 3610 2822 Ecclesiarum
3646 2772 3744 2825 pa-

2158 2839 2274 2879 cem
2303 2828 2481 2882 omnia
2516 2829 2714 2900 jugiter
2747 2833 2891 2889 faett.
2923 2831 3048 2885 Hice
3081 2833 3191 2902 ipsa
3235 2819 3394 2893 etiam
3425 2844 3615 2913 scripta
3646 2819 3746 2903 rest

2158 2915 2228 2968 ad
2246 2915 2528 2973 Venerium
2554 2923 2860 2993 episcopum
2891 2919 3194 2990 Mediolani,
3209 2933 3261 2978 et
3288 2928 3354 2982 ad
3375 2929 3741 2992 Chromatium

2158 3008 2414 3076 Aquileia:
2437 3012 2767 3081 episcopum,
2802 3015 2931 3072 Vale
2954 3012 3007 3067 in
3036 3012 3277 3070 Domino.
3309 3035 3331 3070 ι

2223 3094 2352 3147 Car.
2380 3109 2462 3148 ιιι.
2477 3125 2546 3136 —-
2563 3079 2644 3152 Ad
2661 3079 2773 3153 hac
2788 3098 2978 3156 beatus
3001 3102 3348 3160 Innocentius
3365 3121 3501 3176 papa
3517 3109 3738 3180 utrique

2152 3186 2290 3252 parti
2328 3202 2492 3255 pares
2533 3189 2720 3246 literas
2751 3196 3155 3251 communionis
3200 3198 3373 3261 misit,
3415 3201 3735 3270 improbans

2144 3272 2411 3340 judicium
2443 3281 2586 3349 quod
2618 3297 2648 3335 a
2697 3281 2998 3354 Theophila
3047 3287 3251 3342 factum
3292 3291 3610 3346 videbatur:
3646 3295 3732 3346 di-

2145 3375 2277 3417 cens
2305 3365 2503 3422 debere
2532 3371 2694 3424 aliam
2731 3374 2850 3443 cogi
2891 3373 3168 3445 Synodum
3193 3378 3728 3448 irreprehensibilem

2147 3451 2583 3514 Occidentalium
2606 3474 2660 3517 et
2681 3461 3066 3533 Orientalium,
3085 3469 3316 3539 primum
3335 3470 3551 3540 quidem
3581 3488 3731 3528 sece-

2145 3543 2404 3604 dentibus
2431 3553 2610 3607 abillo
2627 3570 2893 3613 consessu
2918 3560 3130 3624 amicis,
3157 3563 3350 3616 deinde
3370 3571 3424 3617 ct
3449 3563 3728 3619 inimicis:

2142 3651 2172 3690 a
2190 3641 2400 3697 neutris
2419 3645 2586 3709 enim,
2613 3653 2670 3699 ut
2685 3649 3000 3716 plurimum,
3022 3661 3232 3707 rectum
3253 3638 3736 3723 proficisCiturju-~

2141 3727 2368 3784 dicium.
2398 3730 2600 3789 Paucis
2628 3746 2746 3801 post
2771 3739 2962 3794 diebus
2986 3757 3178 3798 rursus
3205 3744 3424 3798 advenit
3449 3745 3736 3815 presbyter

2152 3819 2366 3889 quidam
2419 3820 2700 3902 Theophili
2747 3823 2976 3892 Petrus,
3010 3843 3129 3881 cum
3178 3829 3427 3902 Martyrio
3477 3835 3728 3894 Ecclesia:

2151 3901 2753 3983 Constantinopolitanae
2780 3915 3024 3981 diacono,
3069 3919 3159 3987 qui
3203 3901 3543 3978 reddiderunt
3583 3929 3729 3997 ejus-

2151 4001 2273 4056 dem
2301 4002 2502 4068 literas,
2532 4013 2587 4058 et
2617 4005 2872 4073 quosdam
2900 4016 3138 4062 actorum
3161 4015 3624 4071 commentariolos
3653 4019 3732 4073 vi-

2151 4094 2344 4150 delicet
2369 4137 2384 4161 ,
2434 4097 2487 4150 in
2519 4097 2710 4167 quibus
2739 4098 3021 4153 videbatur
3047 4099 3277 4155 Joannes
3303 4119 3333 4157 a
3381 4106 3588 4176 triginta
3633 4125 3724 4165 sex

2151 4187 2416 4256 episcopis
2466 4188 2884 4254 condemnatus;
2914 4205 3136 4260 quorum
3189 4193 3539 4266 undetriginta
3573 4210 3726 4255 erant

2150 4276 2421 4349 Egyptii,
2475 4288 2679 4348 septem
2738 4295 2868 4336 vero
2915 4283 3136 4336 aliarum
3179 4287 3473 4355 regionum.
3524 4288 3730 4355 Quibus

2150 4369 2282 4422 actis
2333 4370 2578 4437 perlectis
2602 4411 2615 4434 ,
2649 4386 2780 4440 papa
2833 4370 3190 4440 Innocentius,
3220 4392 3338 4430 cum
3370 4381 3723 4448 comperisset

2151 4460 2325 4516 nullas
2351 4477 2540 4530 graves
2571 4478 2691 4518 esse
2715 4465 3079 4520 accusationes
3097 4507 3110 4532 ,
3150 4482 3320 4538 neque
3344 4468 3600 4524 Joannem
3626 4473 3726 4526 ad-

2150 4552 2340 4619 fuisse,
2373 4568 2544 4623 neque
2582 4569 2762 4609 coram
2819 4557 3198 4624 reprehensum
3241 4573 3360 4613 esse
3385 4601 3399 4624 ,
3443 4561 3729 4632 Theophili

2148 4642 2381 4698 farorem
2411 4645 2694 4700 exsibilare
2726 4647 2956 4722 perstitit
2979 4689 2994 4710 ,
3028 4649 3167 4716 quod
3209 4660 3392 4704 contra
3441 4652 3728 4709 absentem

2149 4743 2255 4788 tam
2291 4735 2611 4806 prrecipitem
2641 4745 2693 4790 et
2740 4736 3015 4805 abruptam
3052 4740 3368 4793 sententiam
3413 4738 3714 4797 effudisset.

2151 4825 2390 4879 Dimissis
2421 4826 2578 4895 igitur
2609 4827 2711 4880 illis
2735 4843 2855 4880 eum
2892 4827 3254 4896 increpatoriis
3299 4831 3465 4886 literis
3487 4873 3500 4895 ,
3537 4849 3726 4902 prcca-

2149 4914 2302 4970 batur
2334 4916 2497 4970 Deum
2537 4917 2842 4984 supplicans
2892 4933 3011 4971 cum
3060 4919 3263 4989 jejunio
3295 4962 3308 4985 ,
3343 4930 3399 4974 ut
3444 4923 3725 4981 sedaretur

2147 5005 2360 5074 quidem
2381 5006 2630 5060 Ecclesia:
2655 5006 2939 5072 discordia,
2962 5008 3223 5062 fraternus
3244 5025 3370 5064 vero
3398 5027 3547 5067 amor
3570 5028 3723 5069 com-

2147 5101 2472 5169 pingcrctur.
2501 5099 2624 5152 Erat
2648 5106 2826 5152 autem
2863 5098 3101 5168 epistola:
3130 5108 3282 5154 tenor
3308 5100 3394 5154 hic
3422 5118 3434 5154 :

2222 5206 2242 5239 r
2300 5187 2486 5241 Frater
2534 5188 2866 5257 Thc0pbile,
2921 5203 3019 5243 nos
3077 5189 3288 5258 quidem
3355 5189 3608 5246 habemus
3664 5206 3720 5249 et

2147 5288 2196 5331 te
2224 5287 2277 5332 et
2303 5277 2522 5331 fratrem
2551 5277 2809 5333 Joannem
2841 5278 2995 5333 nobis
3037 5280 3488 5334 communicantes
3517 5324 3531 5346 ,
3561 5294 3618 5336 ut
3671 5284 3722 5338 in

2146 5368 2410 5440 prioribus
2452 5369 2620 5422 literis
2662 5380 2890 5424 mentem
2925 5378 3159 5424 nostram
3206 5371 3539 5426 manifestam
3593 5375 3722 5427 feci-

2145 5476 2283 5525 mus,
2312 5474 2456 5513 acne
2482 5473 2624 5515 nunc
2647 5459 2858 5529 quidem
2888 5459 2957 5514 ab
2984 5474 3049 5514 eo
3071 5461 3343 5530 proposito
3371 5462 3714 5527 desidentes,

2143 5564 2329 5605 rursus
2358 5550 2548 5604 eadem
2599 5549 2692 5602 tibi
2737 5549 3016 5604 scribimus
3043 5588 3060 5615 ,
3091 5558 3144 5603 ct
3189 5551 3628 5621 quotiescumque
3656 5557 3724 5608 ad

2144 5655 2244 5696 nos
2284 5640 2540 5695 miseris:
2572 5638 2712 5710 quod
2758 5640 2856 5694 nisi
2909 5654 3200 5708 congruum
3247 5640 3500 5709 judicium
3529 5643 3719 5698 subsc-

2145 5742 2334 5804 quatur
2362 5733 2412 5786 in
2442 5731 2523 5784 his
2551 5745 2667 5800 qum
2695 5746 2788 5800 per
2818 5729 3096 5785 ludibrium
3121 5740 3264 5801 gesta
3296 5742 3435 5798 sunt,
3471 5732 3582 5787 fieri
3615 5750 3724 5791 non
