  <div class='ocr_page' id='page_1' title='image "/cluster/home/n/w/nwhite01/storage/ocr_20150623/47/mdp.39015012902212/070.png"; bbox 0 0 4038 6154; ppageno 0'>
   <div class='ocr_carea' id='block_1_1' title="bbox 288 345 1891 421">
    <p class='ocr_par' dir='ltr' id='par_1_1' title="bbox 288 347 1891 421">
     <span class='ocr_line' id='line_1_1' title="bbox 288 347 1891 421; baseline -0.01 0"><span class='ocrx_word' id='word_1_1' title='bbox 288 363 359 421; x_wconf 68' lang='grc'><strong>1-3</strong></span> <span class='ocrx_word' id='word_1_2' title='bbox 1355 352 1443 408; x_wconf 83' lang='lat' dir='ltr'><strong><em>DE</em></strong></span> <span class='ocrx_word' id='word_1_3' title='bbox 1482 350 1641 414; x_wconf 64' lang='lat' dir='ltr'><strong>VITA</strong></span> <span class='ocrx_word' id='word_1_4' title='bbox 1679 349 1735 407; x_wconf 82' lang='lat'><strong>6.</strong></span> <span class='ocrx_word' id='word_1_5' title='bbox 1775 347 1891 405; x_wconf 71' lang='grc' dir='ltr'><strong>ιιοΑ</strong></span> 
     </span>
    </p>
   </div>
   <div class='ocr_carea' id='block_1_2' title="bbox 1997 345 3567 421">
    <p class='ocr_par' dir='ltr' id='par_1_2' title="bbox 1997 345 3567 410">
     <span class='ocr_line' id='line_1_2' title="bbox 1997 345 3567 410; baseline 0.003 -5"><span class='ocrx_word' id='word_1_6' title='bbox 1997 345 2051 405; x_wconf 74' lang='grc' dir='ltr'>ιε</span> <span class='ocrx_word' id='word_1_7' title='bbox 2086 346 2579 407; x_wconf 75' lang='lat' dir='ltr'><strong>CHRYSOSTOMI.</strong></span> <span class='ocrx_word' id='word_1_8' title='bbox 2860 384 2871 396; x_wconf 84' lang='lat'><strong>-</strong></span> <span class='ocrx_word' id='word_1_9' title='bbox 3501 354 3567 410; x_wconf 68' lang='grc' dir='ltr'><strong>ιι</strong></span> 
     </span>
    </p>
   </div>
   <div class='ocr_carea' id='block_1_3' title="bbox 291 461 1873 551">
    <p class='ocr_par' dir='ltr' id='par_1_3' title="bbox 291 461 1873 551">
     <span class='ocr_line' id='line_1_3' title="bbox 291 461 1873 551; baseline -0.009 -16"><span class='ocrx_word' id='word_1_10' title='bbox 291 489 476 551; x_wconf 87' lang='lat' dir='ltr'><strong>potest</strong></span> <span class='ocrx_word' id='word_1_11' title='bbox 497 484 557 533; x_wconf 91' lang='lat' dir='ltr'><strong>ut</strong></span> <span class='ocrx_word' id='word_1_12' title='bbox 571 475 698 530; x_wconf 67' lang='lat' dir='ltr'><strong>sine</strong></span> <span class='ocrx_word' id='word_1_13' title='bbox 736 461 954 529; x_wconf 68' lang='lat' dir='ltr'><strong>ratione</strong></span> <span class='ocrx_word' id='word_1_14' title='bbox 972 485 1008 526; x_wconf 84' lang='lat' dir='ltr'><strong>a</strong></span> <span class='ocrx_word' id='word_1_15' title='bbox 1036 468 1254 527; x_wconf 83' lang='lat' dir='ltr'><strong>Joannis</strong></span> <span class='ocrx_word' id='word_1_16' title='bbox 1279 468 1657 525; x_wconf 80' lang='lat' dir='ltr'><strong>communione</strong></span> <span class='ocrx_word' id='word_1_17' title='bbox 1688 464 1873 521; x_wconf 86' lang='lat' dir='ltr'><strong>disce-</strong></span> 
     </span>
    </p>
   </div>
   <div class='ocr_carea' id='block_1_4' title="bbox 294 558 1877 637">
    <p class='ocr_par' dir='ltr' id='par_1_4' title="bbox 294 558 1877 637">
     <span class='ocr_line' id='line_1_4' title="bbox 294 558 1877 637; baseline -0.01 -8"><span class='ocrx_word' id='word_1_18' title='bbox 294 574 513 629; x_wconf 80' lang='lat' dir='ltr'><strong>damus.</strong></span> <span class='ocrx_word' id='word_1_19' title='bbox 540 568 617 624; x_wconf 85' lang='lat' dir='ltr'><strong>Tn</strong></span> <span class='ocrx_word' id='word_1_20' title='bbox 665 563 832 637; x_wconf 85' lang='lat' dir='ltr'><strong>igitur</strong></span> <span class='ocrx_word' id='word_1_21' title='bbox 857 607 875 633; x_wconf 97' lang='lat'><strong>,</strong></span> <span class='ocrx_word' id='word_1_22' title='bbox 917 565 963 619; x_wconf 83' lang='lat' dir='ltr'><strong>si</strong></span> <span class='ocrx_word' id='word_1_23' title='bbox 998 563 1200 634; x_wconf 89' lang='lat' dir='ltr'><strong>judicio</strong></span> <span class='ocrx_word' id='word_1_24' title='bbox 1245 560 1477 617; x_wconf 73' lang='lat' dir='ltr'><strong>conlidi:</strong></span> <span class='ocrx_word' id='word_1_25' title='bbox 1503 599 1523 628; x_wconf 92' lang='lat'><strong>,</strong></span> <span class='ocrx_word' id='word_1_26' title='bbox 1548 560 1678 614; x_wconf 83' lang='lat' dir='ltr'><strong>siste</strong></span> <span class='ocrx_word' id='word_1_27' title='bbox 1727 568 1781 613; x_wconf 88' lang='lat' dir='ltr'><strong>te</strong></span> <span class='ocrx_word' id='word_1_28' title='bbox 1809 558 1877 613; x_wconf 78' lang='lat' dir='ltr'><strong>ad</strong></span> 
     </span>
    </p>
   </div>
   <div class='ocr_carea' id='block_1_5' title="bbox 297 651 1879 734">
    <p class='ocr_par' dir='ltr' id='par_1_5' title="bbox 297 651 1879 734">
     <span class='ocr_line' id='line_1_5' title="bbox 297 651 1879 734; baseline -0.008 -17"><span class='ocrx_word' id='word_1_29' title='bbox 297 660 568 734; x_wconf 80' lang='lat' dir='ltr'><strong>Synodnm</strong></span> <span class='ocrx_word' id='word_1_30' title='bbox 588 698 604 724; x_wconf 90' lang='lat'><strong>,</strong></span> <span class='ocrx_word' id='word_1_31' title='bbox 633 672 754 729; x_wconf 65' lang='lat' dir='ltr'><strong>qua</strong></span> <span class='ocrx_word' id='word_1_32' title='bbox 795 654 1087 712; x_wconf 87' lang='lat' dir='ltr'><strong>secundum</strong></span> <span class='ocrx_word' id='word_1_33' title='bbox 1137 653 1407 709; x_wconf 82' lang='lat' dir='ltr'><strong>Christttm</strong></span> <span class='ocrx_word' id='word_1_34' title='bbox 1438 652 1654 720; x_wconf 86' lang='lat' dir='ltr'><strong>cogitur</strong></span> <span class='ocrx_word' id='word_1_35' title='bbox 1678 668 1693 716; x_wconf 89' lang='lat'><strong>;</strong></span> <span class='ocrx_word' id='word_1_36' title='bbox 1723 659 1778 706; x_wconf 90' lang='lat' dir='ltr'><strong>et</strong></span> <span class='ocrx_word' id='word_1_37' title='bbox 1807 651 1879 705; x_wconf 90' lang='lat' dir='ltr'><strong>ibi</strong></span> 
     </span>
    </p>
   </div>
   <div class='ocr_carea' id='block_1_6' title="bbox 298 741 1880 820">
    <p class='ocr_par' dir='ltr' id='par_1_6' title="bbox 298 741 1880 820">
     <span class='ocr_line' id='line_1_6' title="bbox 298 741 1880 820; baseline -0.005 -15"><span class='ocrx_word' id='word_1_38' title='bbox 298 750 552 820; x_wconf 74' lang='lat' dir='ltr'><strong>espositis</strong></span> <span class='ocrx_word' id='word_1_39' title='bbox 574 745 1034 802; x_wconf 84' lang='lat' dir='ltr'><strong>criminationibus</strong></span> <span class='ocrx_word' id='word_1_40' title='bbox 1062 743 1162 799; x_wconf 87' lang='lat' dir='ltr'><strong>sob</strong></span> <span class='ocrx_word' id='word_1_41' title='bbox 1186 743 1410 799; x_wconf 89' lang='lat' dir='ltr'><strong>testibus</strong></span> <span class='ocrx_word' id='word_1_42' title='bbox 1437 742 1634 798; x_wconf 81' lang='lat' dir='ltr'><strong>Nicaeni</strong></span> <span class='ocrx_word' id='word_1_43' title='bbox 1657 741 1880 798; x_wconf 74' lang='lat' dir='ltr'><strong>Consilii</strong></span> 
     </span>
    </p>
   </div>
   <div class='ocr_carea' id='block_1_7' title="bbox 301 832 1884 908">
    <p class='ocr_par' dir='ltr' id='par_1_7' title="bbox 301 832 1884 908">
     <span class='ocr_line' id='line_1_7' title="bbox 301 832 1884 908; baseline -0.006 -11"><span class='ocrx_word' id='word_1_44' title='bbox 301 839 599 896; x_wconf 84' lang='lat' dir='ltr'><strong>canonibus</strong></span> <span class='ocrx_word' id='word_1_45' title='bbox 630 838 836 908; x_wconf 84' lang='lat' dir='ltr'><strong>(alium</strong></span> <span class='ocrx_word' id='word_1_46' title='bbox 882 835 1026 892; x_wconf 90' lang='lat' dir='ltr'><strong>enim</strong></span> <span class='ocrx_word' id='word_1_47' title='bbox 1075 849 1336 890; x_wconf 86' lang='lat' dir='ltr'><strong>canonem</strong></span> <span class='ocrx_word' id='word_1_48' title='bbox 1365 834 1602 888; x_wconf 78' lang='lat' dir='ltr'><strong>Romana</strong></span> <span class='ocrx_word' id='word_1_49' title='bbox 1647 849 1754 888; x_wconf 89' lang='lat' dir='ltr'><strong>non</strong></span> <span class='ocrx_word' id='word_1_50' title='bbox 1788 832 1884 888; x_wconf 89' lang='lat' dir='ltr'><strong>ad-</strong></span> 
     </span>
    </p>
   </div>
   <div class='ocr_carea' id='block_1_8' title="bbox 297 926 1877 998">
    <p class='ocr_par' dir='ltr' id='par_1_8' title="bbox 297 926 1877 998">
     <span class='ocr_line' id='line_1_8' title="bbox 297 926 1877 998; baseline -0.003 -14"><span class='ocrx_word' id='word_1_51' title='bbox 297 931 463 985; x_wconf 83' lang='lat' dir='ltr'><strong>mittit</strong></span> <span class='ocrx_word' id='word_1_52' title='bbox 484 928 773 997; x_wconf 77' lang='lat' dir='ltr'><strong>Ecclesia),</strong></span> <span class='ocrx_word' id='word_1_53' title='bbox 793 926 1215 998; x_wconf 86' lang='lat' dir='ltr'><strong>irrel&#39;ragabilem</strong></span> <span class='ocrx_word' id='word_1_54' title='bbox 1242 927 1584 983; x_wconf 73' lang='lat' dir='ltr'><strong>securitatem</strong></span> <span class='ocrx_word' id='word_1_55' title='bbox 1603 926 1843 983; x_wconf 79' lang='lat' dir='ltr'><strong>habebis.</strong></span> <span class='ocrx_word' id='word_1_56' title='bbox 1856 946 1877 980; x_wconf 72' lang='grc' dir='ltr'><strong>ι</strong></span> 
     </span>
    </p>
   </div>
   <div class='ocr_carea' id='block_1_9' title="bbox 371 1016 1885 1089">
    <p class='ocr_par' dir='ltr' id='par_1_9' title="bbox 371 1016 1885 1089">
     <span class='ocr_line' id='line_1_9' title="bbox 371 1016 1885 1089; baseline -0.003 -15"><span class='ocrx_word' id='word_1_57' title='bbox 371 1020 582 1074; x_wconf 78' lang='lat' dir='ltr'><strong>Modico</strong></span> <span class='ocrx_word' id='word_1_58' title='bbox 612 1026 733 1089; x_wconf 82' lang='lat' dir='ltr'><strong>post</strong></span> <span class='ocrx_word' id='word_1_59' title='bbox 765 1029 1005 1087; x_wconf 89' lang='lat' dir='ltr'><strong>tempore</strong></span> <span class='ocrx_word' id='word_1_60' title='bbox 1022 1016 1249 1072; x_wconf 83' lang='lat' dir='ltr'><strong>advenit</strong></span> <span class='ocrx_word' id='word_1_61' title='bbox 1297 1017 1578 1088; x_wconf 75' lang='lat' dir='ltr'><strong>presbyter</strong></span> <span class='ocrx_word' id='word_1_62' title='bbox 1616 1016 1885 1073; x_wconf 75' lang='lat' dir='ltr'><strong>Constan-</strong></span> 
     </span>
    </p>
   </div>
   <div class='ocr_carea' id='block_1_10' title="bbox 298 1108 1884 1180">
    <p class='ocr_par' dir='ltr' id='par_1_10' title="bbox 298 1108 1884 1180">
     <span class='ocr_line' id='line_1_10' title="bbox 298 1108 1884 1180; baseline 0 -15"><span class='ocrx_word' id='word_1_63' title='bbox 298 1110 666 1180; x_wconf 71' lang='lat' dir='ltr'><strong>iimpolitana:</strong></span> <span class='ocrx_word' id='word_1_64' title='bbox 707 1109 995 1173; x_wconf 66' lang='lat' dir='ltr'><strong>Ecclesia},</strong></span> <span class='ocrx_word' id='word_1_65' title='bbox 1020 1108 1355 1164; x_wconf 84' lang='lat' dir='ltr'><strong>Theotcenus</strong></span> <span class='ocrx_word' id='word_1_66' title='bbox 1378 1109 1627 1175; x_wconf 70' lang='lat' dir='ltr'><strong>nurnine,</strong></span> <span class='ocrx_word' id='word_1_67' title='bbox 1653 1108 1884 1165; x_wconf 79' lang='lat' dir='ltr'><strong>reddens</strong></span> 
     </span>
    </p>
   </div>
   <div class='ocr_carea' id='block_1_11' title="bbox 300 1200 1883 1273">
    <p class='ocr_par' dir='ltr' id='par_1_11' title="bbox 300 1200 1883 1273">
     <span class='ocr_line' id='line_1_11' title="bbox 300 1200 1883 1273; baseline -0.004 -14"><span class='ocrx_word' id='word_1_68' title='bbox 300 1202 561 1273; x_wconf 84' lang='lat' dir='ltr'><strong>epistulas</strong></span> <span class='ocrx_word' id='word_1_69' title='bbox 589 1200 792 1273; x_wconf 79' lang='lat' dir='ltr'><strong>Synadi</strong></span> <span class='ocrx_word' id='word_1_70' title='bbox 824 1200 1048 1259; x_wconf 80' lang='lat' dir='ltr'><strong>Joatmis</strong></span> <span class='ocrx_word' id='word_1_71' title='bbox 1070 1240 1086 1263; x_wconf 88' lang='lat'><strong>,</strong></span> <span class='ocrx_word' id='word_1_72' title='bbox 1108 1200 1304 1270; x_wconf 53' lang='lat' dir='ltr'><strong>uiginti</strong></span> <span class='ocrx_word' id='word_1_73' title='bbox 1340 1200 1575 1271; x_wconf 79' lang='lat' dir='ltr'><strong>quinque</strong></span> <span class='ocrx_word' id='word_1_74' title='bbox 1598 1200 1883 1269; x_wconf 81' lang='lat' dir='ltr'><strong>episcopo-</strong></span> 
     </span>
    </p>
   </div>
   <div class='ocr_carea' id='block_1_12' title="bbox 303 1290 1882 1362">
    <p class='ocr_par' dir='ltr' id='par_1_12' title="bbox 303 1290 1882 1362">
     <span class='ocr_line' id='line_1_12' title="bbox 303 1290 1882 1362; baseline -0.001 -14"><span class='ocrx_word' id='word_1_75' title='bbox 303 1308 425 1348; x_wconf 88' lang='lat' dir='ltr'><strong>rum</strong></span> <span class='ocrx_word' id='word_1_76' title='bbox 455 1301 550 1348; x_wconf 86' lang='lat' dir='ltr'><strong>aut</strong></span> <span class='ocrx_word' id='word_1_77' title='bbox 572 1292 739 1362; x_wconf 77' lang='lat' dir='ltr'><strong>paulo</strong></span> <span class='ocrx_word' id='word_1_78' title='bbox 788 1291 904 1360; x_wconf 84' lang='lat' dir='ltr'><strong>plus</strong></span> <span class='ocrx_word' id='word_1_79' title='bbox 935 1309 949 1344; x_wconf 90' lang='lat'><strong>:</strong></span> <span class='ocrx_word' id='word_1_80' title='bbox 980 1291 1176 1360; x_wconf 77' lang='lat' dir='ltr'><strong>quibus</strong></span> <span class='ocrx_word' id='word_1_81' title='bbox 1220 1290 1506 1355; x_wconf 79' lang='lat' dir='ltr'><strong>docebunt,</strong></span> <span class='ocrx_word' id='word_1_82' title='bbox 1537 1299 1593 1346; x_wconf 87' lang='lat' dir='ltr'><strong>et</strong></span> <span class='ocrx_word' id='word_1_83' title='bbox 1622 1290 1882 1346; x_wconf 84' lang='lat' dir='ltr'><strong>Joannem</strong></span> 
     </span>
    </p>
   </div>
   <div class='ocr_carea' id='block_1_13' title="bbox 302 1380 1882 1449">
    <p class='ocr_par' dir='ltr' id='par_1_13' title="bbox 302 1380 1882 1449">
     <span class='ocr_line' id='line_1_13' title="bbox 302 1380 1882 1449; baseline 0 -12"><span class='ocrx_word' id='word_1_84' title='bbox 302 1382 525 1438; x_wconf 84' lang='lat' dir='ltr'><strong>militari</strong></span> <span class='ocrx_word' id='word_1_85' title='bbox 551 1396 713 1436; x_wconf 87' lang='lat' dir='ltr'><strong>manu</strong></span> <span class='ocrx_word' id='word_1_86' title='bbox 754 1382 886 1436; x_wconf 84' lang='lat' dir='ltr'><strong>urbe</strong></span> <span class='ocrx_word' id='word_1_87' title='bbox 926 1380 1615 1449; x_wconf 76' lang='lat' dir='ltr'><strong>espulsum,etCucusnm</strong></span> <span class='ocrx_word' id='word_1_88' title='bbox 1645 1381 1697 1435; x_wconf 92' lang='lat' dir='ltr'><strong>in</strong></span> <span class='ocrx_word' id='word_1_89' title='bbox 1737 1382 1882 1437; x_wconf 79' lang='lat' dir='ltr'><strong>exsi-</strong></span> 
     </span>
    </p>
   </div>
   <div class='ocr_carea' id='block_1_14' title="bbox 300 1472 1884 1542">
    <p class='ocr_par' dir='ltr' id='par_1_14' title="bbox 300 1472 1884 1542">
     <span class='ocr_line' id='line_1_14' title="bbox 300 1472 1884 1542; baseline 0.002 -14"><span class='ocrx_word' id='word_1_90' title='bbox 300 1473 432 1529; x_wconf 85' lang='lat' dir='ltr'><strong>lium</strong></span> <span class='ocrx_word' id='word_1_91' title='bbox 457 1488 578 1529; x_wconf 88' lang='lat' dir='ltr'><strong>esse</strong></span> <span class='ocrx_word' id='word_1_92' title='bbox 623 1472 844 1527; x_wconf 78' lang='lat' dir='ltr'><strong>missum</strong></span> <span class='ocrx_word' id='word_1_93' title='bbox 869 1514 882 1535; x_wconf 90' lang='lat'><strong>,</strong></span> <span class='ocrx_word' id='word_1_94' title='bbox 912 1481 1072 1542; x_wconf 87' lang='lat' dir='ltr'><strong>atque</strong></span> <span class='ocrx_word' id='word_1_95' title='bbox 1099 1487 1408 1529; x_wconf 75' lang='lat' dir='ltr'><strong>succensum</strong></span> <span class='ocrx_word' id='word_1_96' title='bbox 1437 1488 1557 1529; x_wconf 84' lang='lat' dir='ltr'><strong>esse</strong></span> <span class='ocrx_word' id='word_1_97' title='bbox 1580 1473 1884 1531; x_wconf 79' lang='lat' dir='ltr'><strong>ecclesiam.</strong></span> 
     </span>
    </p>
   </div>
   <div class='ocr_carea' id='block_1_15' title="bbox 303 1561 1885 1621">
    <p class='ocr_par' dir='ltr' id='par_1_15' title="bbox 303 1561 1885 1621">
     <span class='ocr_line' id='line_1_15' title="bbox 303 1561 1885 1621; baseline 0.001 -4"><span class='ocrx_word' id='word_1_98' title='bbox 303 1563 585 1618; x_wconf 76' lang='lat' dir='ltr'><strong>Cuietism</strong></span> <span class='ocrx_word' id='word_1_99' title='bbox 616 1561 766 1620; x_wconf 81' lang='lat' dir='ltr'><strong>dedit</strong></span> <span class='ocrx_word' id='word_1_100' title='bbox 809 1561 1672 1621; x_wconf 80' lang='lat' dir='ltr'><strong>lnnocentiuscommtmieatorias</strong></span> <span class='ocrx_word' id='word_1_101' title='bbox 1698 1562 1885 1619; x_wconf 75' lang='lat' dir='ltr'><strong>literas</strong></span> 
     </span>
    </p>
   </div>
   <div class='ocr_carea' id='block_1_16' title="bbox 302 1655 1882 1725">
    <p class='ocr_par' dir='ltr' id='par_1_16' title="bbox 302 1655 1882 1725">
     <span class='ocr_line' id='line_1_16' title="bbox 302 1655 1882 1725; baseline 0 -14"><span class='ocrx_word' id='word_1_102' title='bbox 302 1664 361 1711; x_wconf 83' lang='lat' dir='ltr'><strong>et</strong></span> <span class='ocrx_word' id='word_1_103' title='bbox 384 1655 450 1709; x_wconf 86' lang='lat' dir='ltr'><strong>ad</strong></span> <span class='ocrx_word' id='word_1_104' title='bbox 476 1655 738 1713; x_wconf 78' lang='lat' dir='ltr'><strong>Joannem</strong></span> <span class='ocrx_word' id='word_1_105' title='bbox 768 1656 1077 1725; x_wconf 82' lang='lat' dir='ltr'><strong>episcopum</strong></span> <span class='ocrx_word' id='word_1_106' title='bbox 1097 1665 1152 1710; x_wconf 91' lang='lat' dir='ltr'><strong>et</strong></span> <span class='ocrx_word' id='word_1_107' title='bbox 1189 1656 1254 1710; x_wconf 87' lang='lat' dir='ltr'><strong>ad</strong></span> <span class='ocrx_word' id='word_1_108' title='bbox 1279 1672 1468 1711; x_wconf 76' lang='lat' dir='ltr'><strong>euntes</strong></span> <span class='ocrx_word' id='word_1_109' title='bbox 1494 1657 1545 1711; x_wconf 85' lang='lat' dir='ltr'><strong>ei</strong></span> <span class='ocrx_word' id='word_1_110' title='bbox 1578 1656 1882 1713; x_wconf 65' lang='lat' dir='ltr'><strong>communi-</strong></span> 
     </span>
    </p>
   </div>
   <div class='ocr_carea' id='block_1_17' title="bbox 302 1743 1887 1816">
    <p class='ocr_par' dir='ltr' id='par_1_17' title="bbox 302 1743 1887 1816">
     <span class='ocr_line' id='line_1_17' title="bbox 302 1743 1887 1816; baseline 0.001 -16"><span class='ocrx_word' id='word_1_111' title='bbox 302 1752 491 1800; x_wconf 83' lang='lat' dir='ltr'><strong>cantes</strong></span> <span class='ocrx_word' id='word_1_112' title='bbox 507 1744 792 1814; x_wconf 76' lang='lat' dir='ltr'><strong>episcopos</strong></span> <span class='ocrx_word' id='word_1_113' title='bbox 811 1786 826 1809; x_wconf 91' lang='lat'><strong>,</strong></span> <span class='ocrx_word' id='word_1_114' title='bbox 852 1743 1078 1802; x_wconf 71' lang='lat' dir='ltr'><strong>hortans</strong></span> <span class='ocrx_word' id='word_1_115' title='bbox 1098 1760 1222 1801; x_wconf 82' lang='lat' dir='ltr'><strong>cum</strong></span> <span class='ocrx_word' id='word_1_116' title='bbox 1256 1745 1509 1816; x_wconf 80' lang='lat' dir='ltr'><strong>laerymis</strong></span> <span class='ocrx_word' id='word_1_117' title='bbox 1535 1755 1592 1803; x_wconf 89' lang='lat' dir='ltr'><strong>ttt</strong></span> <span class='ocrx_word' id='word_1_118' title='bbox 1612 1745 1887 1815; x_wconf 48' lang='lat' dir='ltr'><strong>patienter</strong></span> 
     </span>
    </p>
   </div>
   <div class='ocr_carea' id='block_1_18' title="bbox 304 1836 1885 1908">
    <p class='ocr_par' dir='ltr' id='par_1_18' title="bbox 304 1836 1885 1908">
     <span class='ocr_line' id='line_1_18' title="bbox 304 1836 1885 1908; baseline 0.001 -17"><span class='ocrx_word' id='word_1_119' title='bbox 304 1838 515 1904; x_wconf 81' lang='lat' dir='ltr'><strong>lerant,</strong></span> <span class='ocrx_word' id='word_1_120' title='bbox 538 1852 656 1899; x_wconf 86' lang='lat' dir='ltr'><strong>cum</strong></span> <span class='ocrx_word' id='word_1_121' title='bbox 681 1851 836 1907; x_wconf 86' lang='lat' dir='ltr'><strong>apem</strong></span> <span class='ocrx_word' id='word_1_122' title='bbox 877 1836 1018 1895; x_wconf 83' lang='lat' dir='ltr'><strong>ferre</strong></span> <span class='ocrx_word' id='word_1_123' title='bbox 1036 1853 1148 1893; x_wconf 83' lang='lat' dir='ltr'><strong>non</strong></span> <span class='ocrx_word' id='word_1_124' title='bbox 1177 1847 1376 1907; x_wconf 89' lang='lat' dir='ltr'><strong>posset,</strong></span> <span class='ocrx_word' id='word_1_125' title='bbox 1400 1853 1466 1893; x_wconf 91' lang='lat' dir='ltr'><strong>eo</strong></span> <span class='ocrx_word' id='word_1_126' title='bbox 1494 1837 1644 1908; x_wconf 85' lang='lat' dir='ltr'><strong>.quod</strong></span> <span class='ocrx_word' id='word_1_127' title='bbox 1664 1836 1739 1892; x_wconf 77' lang='lat' dir='ltr'><strong>ad</strong></span> <span class='ocrx_word' id='word_1_128' title='bbox 1765 1853 1885 1892; x_wconf 86' lang='lat' dir='ltr'><strong>ma-</strong></span> 
     </span>
    </p>
   </div>
   <div class='ocr_carea' id='block_1_19' title="bbox 304 1926 1887 1999">
    <p class='ocr_par' dir='ltr' id='par_1_19' title="bbox 304 1926 1887 1999">
     <span class='ocr_line' id='line_1_19' title="bbox 304 1926 1887 1999; baseline 0.002 -19"><span class='ocrx_word' id='word_1_129' title='bbox 304 1927 418 1980; x_wconf 86' lang='lat' dir='ltr'><strong>lum</strong></span> <span class='ocrx_word' id='word_1_130' title='bbox 451 1935 690 1996; x_wconf 82' lang='lat' dir='ltr'><strong>potentes</strong></span> <span class='ocrx_word' id='word_1_131' title='bbox 731 1926 958 1997; x_wconf 76' lang='lat' dir='ltr'><strong>quidam</strong></span> <span class='ocrx_word' id='word_1_132' title='bbox 1017 1928 1313 1985; x_wconf 83' lang='lat' dir='ltr'><strong>obstarent.</strong></span> <span class='ocrx_word' id='word_1_133' title='bbox 1364 1928 1529 1985; x_wconf 85' lang='lat' dir='ltr'><strong>Paulo</strong></span> <span class='ocrx_word' id='word_1_134' title='bbox 1578 1937 1701 1999; x_wconf 88' lang='lat' dir='ltr'><strong>post</strong></span> <span class='ocrx_word' id='word_1_135' title='bbox 1738 1929 1887 1985; x_wconf 70' lang='lat' dir='ltr'><strong>s&#39;enit</strong></span> 
     </span>
    </p>
   </div>
   <div class='ocr_carea' id='block_1_20' title="bbox 303 2017 1888 2089">
    <p class='ocr_par' dir='ltr' id='par_1_20' title="bbox 303 2017 1888 2089">
     <span class='ocr_line' id='line_1_20' title="bbox 303 2017 1888 2089; baseline 0.001 -16"><span class='ocrx_word' id='word_1_136' title='bbox 303 2017 597 2073; x_wconf 85' lang='lat' dir='ltr'><strong>homuncio</strong></span> <span class='ocrx_word' id='word_1_137' title='bbox 633 2017 848 2086; x_wconf 86' lang='lat' dir='ltr'><strong>quidam</strong></span> <span class='ocrx_word' id='word_1_138' title='bbox 872 2059 888 2084; x_wconf 92' lang='lat'><strong>,</strong></span> <span class='ocrx_word' id='word_1_139' title='bbox 917 2018 1035 2077; x_wconf 76' lang='lat' dir='ltr'><strong>visu</strong></span> <span class='ocrx_word' id='word_1_140' title='bbox 1060 2017 1334 2084; x_wconf 80' lang='lat' dir='ltr'><strong>deformis,</strong></span> <span class='ocrx_word' id='word_1_141' title='bbox 1363 2028 1420 2074; x_wconf 90' lang='lat' dir='ltr'><strong>et</strong></span> <span class='ocrx_word' id='word_1_142' title='bbox 1447 2019 1536 2089; x_wconf 88' lang='lat' dir='ltr'><strong>qui</strong></span> <span class='ocrx_word' id='word_1_143' title='bbox 1564 2018 1888 2075; x_wconf 58' lang='lat' dir='ltr'><strong>.dil&#39;llcilein.</strong></span> 
     </span>
    </p>
   </div>
   <div class='ocr_carea' id='block_1_21' title="bbox 303 2109 1887 2183">
    <p class='ocr_par' dir='ltr' id='par_1_21' title="bbox 303 2109 1887 2183">
     <span class='ocr_line' id='line_1_21' title="bbox 303 2109 1887 2183; baseline 0.002 -20"><span class='ocrx_word' id='word_1_144' title='bbox 303 2109 470 2178; x_wconf 59' lang='lat' dir='ltr'><strong>telligi</strong></span> <span class='ocrx_word' id='word_1_145' title='bbox 503 2119 701 2177; x_wconf 78' lang='lat' dir='ltr'><strong>posset,</strong></span> <span class='ocrx_word' id='word_1_146' title='bbox 729 2109 986 2165; x_wconf 85' lang='lat' dir='ltr'><strong>Paternus</strong></span> <span class='ocrx_word' id='word_1_147' title='bbox 1015 2110 1251 2174; x_wconf 84' lang='lat' dir='ltr'><strong>nomine,</strong></span> <span class='ocrx_word' id='word_1_148' title='bbox 1275 2110 1639 2183; x_wconf 81' lang='lat' dir='ltr'><strong>presbyterum</strong></span> <span class='ocrx_word' id='word_1_149' title='bbox 1664 2127 1724 2166; x_wconf 89' lang='lat' dir='ltr'><strong>se</strong></span> <span class='ocrx_word' id='word_1_150' title='bbox 1739 2113 1887 2167; x_wconf 51' lang='grc' dir='ltr'><strong>ἐϐοη-</strong></span> 
     </span>
    </p>
   </div>
   <div class='ocr_carea' id='block_1_22' title="bbox 301 2201 1888 2274">
    <p class='ocr_par' dir='ltr' id='par_1_22' title="bbox 301 2201 1888 2274">
     <span class='ocr_line' id='line_1_22' title="bbox 301 2201 1888 2274; baseline 0.004 -21"><span class='ocrx_word' id='word_1_151' title='bbox 301 2201 790 2270; x_wconf 75' lang='lat' dir='ltr'><strong>statuitmpulitnnm</strong></span> <span class='ocrx_word' id='word_1_152' title='bbox 832 2203 1084 2258; x_wconf 72' lang='lat' dir='ltr'><strong>Ecclesia:</strong></span> <span class='ocrx_word' id='word_1_153' title='bbox 1121 2202 1349 2258; x_wconf 87' lang='lat' dir='ltr'><strong>(licens:</strong></span> <span class='ocrx_word' id='word_1_154' title='bbox 1384 2205 1485 2273; x_wconf 90' lang='lat' dir='ltr'><strong>.qui</strong></span> <span class='ocrx_word' id='word_1_155' title='bbox 1524 2214 1581 2260; x_wconf 84' lang='lat' dir='ltr'><strong>et</strong></span> <span class='ocrx_word' id='word_1_156' title='bbox 1604 2205 1719 2274; x_wconf 80' lang='lat' dir='ltr'><strong>ipse</strong></span> <span class='ocrx_word' id='word_1_157' title='bbox 1746 2214 1888 2261; x_wconf 86' lang='lat' dir='ltr'><strong>totus</strong></span> 
     </span>
    </p>
   </div>
   <div class='ocr_carea' id='block_1_23' title="bbox 301 2291 1887 2367">
    <p class='ocr_par' dir='ltr' id='par_1_23' title="bbox 301 2291 1887 2367">
     <span class='ocr_line' id='line_1_23' title="bbox 301 2291 1887 2367; baseline 0.003 -19"><span class='ocrx_word' id='word_1_158' title='bbox 301 2291 557 2348; x_wconf 81' lang='lat' dir='ltr'><strong>elleratus</strong></span> <span class='ocrx_word' id='word_1_159' title='bbox 581 2332 597 2358; x_wconf 92' lang='lat'><strong>,</strong></span> <span class='ocrx_word' id='word_1_160' title='bbox 641 2292 945 2351; x_wconf 85' lang='lat' dir='ltr'><strong>inimicitias</strong></span> <span class='ocrx_word' id='word_1_161' title='bbox 981 2294 1240 2350; x_wconf 79' lang='lat' dir='ltr'><strong>adversus</strong></span> <span class='ocrx_word' id='word_1_162' title='bbox 1283 2294 1544 2350; x_wconf 84' lang='lat' dir='ltr'><strong>Joannem</strong></span> <span class='ocrx_word' id='word_1_163' title='bbox 1588 2297 1736 2352; x_wconf 81' lang='lat' dir='ltr'><strong>vultu</strong></span> <span class='ocrx_word' id='word_1_164' title='bbox 1772 2298 1887 2367; x_wconf 89' lang='lat' dir='ltr'><strong>ipso</strong></span> 
     </span>
    </p>
   </div>
   <div class='ocr_carea' id='block_1_24' title="bbox 303 2381 1888 2456">
    <p class='ocr_par' dir='ltr' id='par_1_24' title="bbox 303 2381 1888 2456">
     <span class='ocr_line' id='line_1_24' title="bbox 303 2381 1888 2456; baseline 0.004 -19"><span class='ocrx_word' id='word_1_165' title='bbox 303 2381 536 2452; x_wconf 83' lang='lat' dir='ltr'><strong>prodens</strong></span> <span class='ocrx_word' id='word_1_166' title='bbox 562 2423 577 2444; x_wconf 86' lang='lat'><strong>.</strong></span> <span class='ocrx_word' id='word_1_167' title='bbox 616 2384 908 2455; x_wconf 72' lang='lat' dir='ltr'><strong>multisque</strong></span> <span class='ocrx_word' id='word_1_168' title='bbox 971 2401 1094 2441; x_wconf 84' lang='lat' dir='ltr'><strong>eum</strong></span> <span class='ocrx_word' id='word_1_169' title='bbox 1138 2387 1356 2456; x_wconf 78' lang='lat' dir='ltr'><strong>probris</strong></span> <span class='ocrx_word' id='word_1_170' title='bbox 1402 2387 1677 2454; x_wconf 85' lang='lat' dir='ltr'><strong>lacerans,</strong></span> <span class='ocrx_word' id='word_1_171' title='bbox 1706 2390 1888 2445; x_wconf 83' lang='lat' dir='ltr'><strong>literas</strong></span> 
     </span>
    </p>
   </div>
   <div class='ocr_carea' id='block_1_25' title="bbox 305 2475 1886 2545">
    <p class='ocr_par' dir='ltr' id='par_1_25' title="bbox 305 2475 1886 2545">
     <span class='ocr_line' id='line_1_25' title="bbox 305 2475 1886 2545; baseline 0.005 -19"><span class='ocrx_word' id='word_1_172' title='bbox 305 2487 598 2542; x_wconf 82' lang='lat' dir='ltr'><strong>paucorum</strong></span> <span class='ocrx_word' id='word_1_173' title='bbox 617 2475 1004 2544; x_wconf 61' lang='lat' dir='ltr'><strong>«episcoporum</strong></span> <span class='ocrx_word' id='word_1_174' title='bbox 1034 2476 1265 2532; x_wconf 84' lang='lat' dir='ltr'><strong>reddidit</strong></span> <span class='ocrx_word' id='word_1_175' title='bbox 1290 2518 1304 2541; x_wconf 91' lang='lat'><strong>,</strong></span> <span class='ocrx_word' id='word_1_176' title='bbox 1342 2477 1541 2545; x_wconf 81' lang='lat' dir='ltr'><strong>Aeacii,</strong></span> <span class='ocrx_word' id='word_1_177' title='bbox 1571 2479 1741 2543; x_wconf 81' lang='lat' dir='ltr'><strong>Pauli,</strong></span> <span class='ocrx_word' id='word_1_178' title='bbox 1773 2482 1886 2534; x_wconf 79' lang='lat' dir='ltr'><strong>An-</strong></span> 
     </span>
    </p>
   </div>
   <div class='ocr_carea' id='block_1_26' title="bbox 302 2563 1883 2639">
    <p class='ocr_par' dir='ltr' id='par_1_26' title="bbox 302 2563 1883 2639">
     <span class='ocr_line' id='line_1_26' title="bbox 302 2563 1883 2639; baseline 0.006 -23"><span class='ocrx_word' id='word_1_179' title='bbox 302 2563 467 2618; x_wconf 89' lang='lat' dir='ltr'><strong>tiochi</strong></span> <span class='ocrx_word' id='word_1_180' title='bbox 497 2604 513 2623; x_wconf 84' lang='lat'><strong>.</strong></span> <span class='ocrx_word' id='word_1_181' title='bbox 547 2564 734 2635; x_wconf 66' lang='lat' dir='ltr'><strong>.Gynini</strong></span> <span class='ocrx_word' id='word_1_182' title='bbox 760 2605 777 2631; x_wconf 92' lang='lat'><strong>,</strong></span> <span class='ocrx_word' id='word_1_183' title='bbox 814 2564 1094 2623; x_wconf 72' lang='lat' dir='ltr'><strong>:Serocinni</strong></span> <span class='ocrx_word' id='word_1_184' title='bbox 1134 2575 1189 2622; x_wconf 84' lang='lat' dir='ltr'><strong>et</strong></span> <span class='ocrx_word' id='word_1_185' title='bbox 1231 2568 1454 2623; x_wconf 78' lang='lat' dir='ltr'><strong>aliorum</strong></span> <span class='ocrx_word' id='word_1_186' title='bbox 1489 2570 1837 2639; x_wconf 83' lang='lat' dir='ltr'><strong>quorumdam</strong></span> <span class='ocrx_word' id='word_1_187' title='bbox 1869 2588 1883 2625; x_wconf 90' lang='lat'><strong>:</strong></span> 
     </span>
    </p>
   </div>
   <div class='ocr_carea' id='block_1_27' title="bbox 304 2653 1885 2730">
    <p class='ocr_par' dir='ltr' id='par_1_27' title="bbox 304 2653 1885 2730">
     <span class='ocr_line' id='line_1_27' title="bbox 304 2653 1885 2730; baseline 0.007 -23"><span class='ocrx_word' id='word_1_188' title='bbox 304 2655 361 2708; x_wconf 88' lang='lat' dir='ltr'><strong>in</strong></span> <span class='ocrx_word' id='word_1_189' title='bbox 387 2653 581 2724; x_wconf 78' lang='lat' dir='ltr'><strong>quibus</strong></span> <span class='ocrx_word' id='word_1_190' title='bbox 615 2656 1074 2712; x_wconf 86' lang='lat' dir='ltr'><strong>calumniahantur</strong></span> <span class='ocrx_word' id='word_1_191' title='bbox 1100 2658 1358 2713; x_wconf 73' lang='lat' dir='ltr'><strong>Joannem</strong></span> <span class='ocrx_word' id='word_1_192' title='bbox 1377 2701 1392 2725; x_wconf 96' lang='lat'><strong>,</strong></span> <span class='ocrx_word' id='word_1_193' title='bbox 1424 2661 1575 2730; x_wconf 86' lang='lat' dir='ltr'><strong>quasi</strong></span> <span class='ocrx_word' id='word_1_194' title='bbox 1604 2663 1885 2718; x_wconf 76' lang='lat' dir='ltr'><strong>ecclesiam</strong></span> 
     </span>
    </p>
   </div>
   <div class='ocr_carea' id='block_1_28' title="bbox 304 2744 1887 2822">
    <p class='ocr_par' dir='ltr' id='par_1_28' title="bbox 304 2744 1887 2822">
     <span class='ocr_line' id='line_1_28' title="bbox 304 2744 1887 2822; baseline 0.006 -22"><span class='ocrx_word' id='word_1_195' title='bbox 304 2744 654 2801; x_wconf 79' lang='lat' dir='ltr'><strong>incendisset.</strong></span> <span class='ocrx_word' id='word_1_196' title='bbox 694 2746 825 2807; x_wconf 64' lang='lat' dir='ltr'><strong>Tam</strong></span> <span class='ocrx_word' id='word_1_197' title='bbox 868 2747 1005 2802; x_wconf 65' lang='lat' dir='ltr'><strong>falsa</strong></span> <span class='ocrx_word' id='word_1_198' title='bbox 1038 2750 1192 2805; x_wconf 87' lang='lat' dir='ltr'><strong>nobis</strong></span> <span class='ocrx_word' id='word_1_199' title='bbox 1219 2752 1392 2806; x_wconf 81' lang='lat' dir='ltr'><strong>oratio</strong></span> <span class='ocrx_word' id='word_1_200' title='bbox 1431 2753 1711 2822; x_wconf 73' lang='lat' dir='ltr'><strong>apparuit,</strong></span> <span class='ocrx_word' id='word_1_201' title='bbox 1737 2764 1795 2809; x_wconf 84' lang='lat' dir='ltr'><strong>ut</strong></span> <span class='ocrx_word' id='word_1_202' title='bbox 1822 2771 1887 2810; x_wconf 86' lang='lat' dir='ltr'><strong>ne</strong></span> 
     </span>
    </p>
   </div>
   <div class='ocr_carea' id='block_1_29' title="bbox 303 2837 1883 2916">
    <p class='ocr_par' dir='ltr' id='par_1_29' title="bbox 303 2837 1883 2916">
     <span class='ocr_line' id='line_1_29' title="bbox 303 2837 1883 2916; baseline 0.009 -24"><span class='ocrx_word' id='word_1_203' title='bbox 303 2837 544 2893; x_wconf 76' lang='lat' dir='ltr'><strong>Joannes</strong></span> <span class='ocrx_word' id='word_1_204' title='bbox 590 2839 805 2908; x_wconf 85' lang='lat' dir='ltr'><strong>quidem</strong></span> <span class='ocrx_word' id='word_1_205' title='bbox 844 2840 905 2893; x_wconf 88' lang='lat' dir='ltr'><strong>in</strong></span> <span class='ocrx_word' id='word_1_206' title='bbox 930 2841 1128 2895; x_wconf 82' lang='lat' dir='ltr'><strong>celebri</strong></span> <span class='ocrx_word' id='word_1_207' title='bbox 1157 2843 1376 2913; x_wconf 84' lang='lat' dir='ltr'><strong>Synodo</strong></span> <span class='ocrx_word' id='word_1_208' title='bbox 1392 2843 1552 2916; x_wconf 84' lang='lat' dir='ltr'><strong>hujus</strong></span> <span class='ocrx_word' id='word_1_209' title='bbox 1593 2846 1675 2900; x_wconf 87' lang='lat' dir='ltr'><strong>rei</strong></span> <span class='ocrx_word' id='word_1_210' title='bbox 1701 2846 1883 2905; x_wconf 75' lang='lat' dir='ltr'><strong>delen-</strong></span> 
     </span>
    </p>
   </div>
   <div class='ocr_carea' id='block_1_30' title="bbox 303 2927 1887 3010">
    <p class='ocr_par' dir='ltr' id='par_1_30' title="bbox 303 2927 1887 3010">
     <span class='ocr_line' id='line_1_30' title="bbox 303 2927 1887 3010; baseline 0.006 -27"><span class='ocrx_word' id='word_1_211' title='bbox 303 2927 515 2983; x_wconf 81' lang='lat' dir='ltr'><strong>sionem</strong></span> <span class='ocrx_word' id='word_1_212' title='bbox 535 2929 785 2988; x_wconf 79' lang='lat' dir='ltr'><strong>,attulerit</strong></span> <span class='ocrx_word' id='word_1_213' title='bbox 812 2946 825 2982; x_wconf 87' lang='lat'><strong>:</strong></span> <span class='ocrx_word' id='word_1_214' title='bbox 858 2944 1017 2999; x_wconf 88' lang='lat' dir='ltr'><strong>quem</strong></span> <span class='ocrx_word' id='word_1_215' title='bbox 1053 2945 1318 3002; x_wconf 80' lang='lat' dir='ltr'><strong>usqueeo</strong></span> <span class='ocrx_word' id='word_1_216' title='bbox 1338 2931 1587 3002; x_wconf 78' lang='lat' dir='ltr'><strong>despexit</strong></span> <span class='ocrx_word' id='word_1_217' title='bbox 1634 2955 1769 3010; x_wconf 85' lang='lat' dir='ltr'><strong>papa</strong></span> <span class='ocrx_word' id='word_1_218' title='bbox 1796 2941 1887 2995; x_wconf 88' lang='lat' dir='ltr'><strong>ln-</strong></span> 
     </span>
    </p>
   </div>
   <div class='ocr_carea' id='block_1_31' title="bbox 306 3017 1885 3091">
    <p class='ocr_par' dir='ltr' id='par_1_31' title="bbox 306 3017 1885 3091">
     <span class='ocr_line' id='line_1_31' title="bbox 306 3017 1885 3091; baseline 0.006 -21"><span class='ocrx_word' id='word_1_219' title='bbox 306 3017 629 3081; x_wconf 75' lang='lat' dir='ltr'><strong>nacentius,</strong></span> <span class='ocrx_word' id='word_1_220' title='bbox 673 3026 733 3073; x_wconf 90' lang='lat' dir='ltr'><strong>ut</strong></span> <span class='ocrx_word' id='word_1_221' title='bbox 772 3018 1111 3088; x_wconf 83' lang='lat' dir='ltr'><strong>respondere</strong></span> <span class='ocrx_word' id='word_1_222' title='bbox 1154 3020 1399 3091; x_wconf 86' lang='lat' dir='ltr'><strong>dignatus</strong></span> <span class='ocrx_word' id='word_1_223' title='bbox 1430 3039 1545 3077; x_wconf 80' lang='lat' dir='ltr'><strong>non</strong></span> <span class='ocrx_word' id='word_1_224' title='bbox 1593 3028 1683 3084; x_wconf 82' lang='lat' dir='ltr'><strong>sit.</strong></span> <span class='ocrx_word' id='word_1_225' title='bbox 1709 3030 1885 3085; x_wconf 76' lang='grc' dir='ltr'><strong>Ειηεε.</strong></span> 
     </span>
    </p>
   </div>
   <div class='ocr_carea' id='block_1_32' title="bbox 306 3105 1887 3192">
    <p class='ocr_par' dir='ltr' id='par_1_32' title="bbox 306 3105 1887 3192">
     <span class='ocr_line' id='line_1_32' title="bbox 306 3105 1887 3192; baseline 0.013 -34"><span class='ocrx_word' id='word_1_226' title='bbox 306 3105 539 3175; x_wconf 73' lang='lat' dir='ltr'><strong>Dignane</strong></span> <span class='ocrx_word' id='word_1_227' title='bbox 562 3108 735 3177; x_wconf 64' lang='lat' dir='ltr'><strong>igitur</strong></span> <span class='ocrx_word' id='word_1_228' title='bbox 784 3123 941 3163; x_wconf 81' lang='lat' dir='ltr'><strong>aures</strong></span> <span class='ocrx_word' id='word_1_229' title='bbox 969 3110 1106 3164; x_wconf 77' lang='lat' dir='ltr'><strong>mihi</strong></span> <span class='ocrx_word' id='word_1_230' title='bbox 1136 3112 1381 3179; x_wconf 76' lang='lat' dir='ltr'><strong>praebere</strong></span> <span class='ocrx_word' id='word_1_231' title='bbox 1407 3154 1429 3187; x_wconf 81' lang='lat'><strong>,</strong></span> <span class='ocrx_word' id='word_1_232' title='bbox 1462 3130 1530 3175; x_wconf 90' lang='lat' dir='ltr'><strong>.ut</strong></span> <span class='ocrx_word' id='word_1_233' title='bbox 1556 3120 1653 3175; x_wconf 87' lang='lat' dir='ltr'><strong>tibi</strong></span> <span class='ocrx_word' id='word_1_234' title='bbox 1683 3120 1887 3192; x_wconf 84' lang='lat' dir='ltr'><strong>singula</strong></span> 
     </span>
    </p>
   </div>
   <div class='ocr_carea' id='block_1_33' title="bbox 306 3199 1891 3277">
    <p class='ocr_par' dir='ltr' id='par_1_33' title="bbox 306 3199 1891 3277">
     <span class='ocr_line' id='line_1_33' title="bbox 306 3199 1891 3277; baseline 0.003 -26"><span class='ocrx_word' id='word_1_235' title='bbox 306 3213 576 3265; x_wconf 76' lang='lat' dir='ltr'><strong>exponam</strong></span> <span class='ocrx_word' id='word_1_236' title='bbox 607 3199 800 3253; x_wconf 36' lang='lat' dir='ltr'><strong>:rvalde</strong></span> <span class='ocrx_word' id='word_1_237' title='bbox 830 3201 995 3264; x_wconf 82' lang='lat' dir='ltr'><strong>enirn,</strong></span> <span class='ocrx_word' id='word_1_238' title='bbox 1018 3209 1086 3255; x_wconf 72' lang='lat' dir='ltr'><strong>ut</strong></span> <span class='ocrx_word' id='word_1_239' title='bbox 1109 3201 1186 3254; x_wconf 85' lang='lat' dir='ltr'><strong>ait</strong></span> <span class='ocrx_word' id='word_1_240' title='bbox 1207 3203 1358 3261; x_wconf 68' lang='lat' dir='ltr'><strong>Elius</strong></span> <span class='ocrx_word' id='word_1_241' title='bbox 1380 3210 1449 3266; x_wconf 85' lang='lat' dir='ltr'><strong>ad</strong></span> <span class='ocrx_word' id='word_1_242' title='bbox 1470 3208 1574 3267; x_wconf 82' lang='lat' dir='ltr'><strong>Job</strong></span> <span class='ocrx_word' id='word_1_243' title='bbox 1596 3252 1612 3277; x_wconf 94' lang='lat'><strong>,</strong></span> <span class='ocrx_word' id='word_1_244' title='bbox 1636 3210 1891 3267; x_wconf 74' lang='lat' dir='ltr'><strong>Constrin.</strong></span> 
     </span>
    </p>
   </div>
   <div class='ocr_carea' id='block_1_34' title="bbox 312 3302 1897 3379">
    <p class='ocr_par' dir='ltr' id='par_1_34' title="bbox 312 3302 1897 3379">
     <span class='ocr_line' id='line_1_34' title="bbox 312 3302 1897 3379; baseline 0.001 -25"><span class='ocrx_word' id='word_1_245' title='bbox 312 3302 390 3372; x_wconf 68' lang='lat' dir='ltr'><strong>git</strong></span> <span class='ocrx_word' id='word_1_246' title='bbox 436 3320 516 3356; x_wconf 77' lang='lat' dir='ltr'><strong>me</strong></span> <span class='ocrx_word' id='word_1_247' title='bbox 558 3306 766 3374; x_wconf 73' lang='lat' dir='ltr'><strong>spiritus</strong></span> <span class='ocrx_word' id='word_1_248' title='bbox 808 3309 995 3362; x_wconf 70' lang='lat' dir='ltr'><strong>vermis</strong></span> <span class='ocrx_word' id='word_1_249' title='bbox 1039 3306 1156 3379; x_wconf 70' lang='lat' dir='ltr'><strong>(Job</strong></span> <span class='ocrx_word' id='word_1_250' title='bbox 1201 3305 1289 3360; x_wconf 72' lang='grc'><strong>59..</strong></span> <span class='ocrx_word' id='word_1_251' title='bbox 1343 3303 1478 3376; x_wconf 86' lang='lat' dir='ltr'><strong>l8):</strong></span> <span class='ocrx_word' id='word_1_252' title='bbox 1531 3310 1768 3357; x_wconf 72' lang='lat' dir='ltr'><strong>ventrem</strong></span> <span class='ocrx_word' id='word_1_253' title='bbox 1818 3302 1897 3356; x_wconf 82' lang='lat' dir='ltr'><strong>in-</strong></span> 
     </span>
    </p>
   </div>
   <div class='ocr_carea' id='block_1_35' title="bbox 312 3392 1897 3465">
    <p class='ocr_par' dir='ltr' id='par_1_35' title="bbox 312 3392 1897 3465">
     <span class='ocr_line' id='line_1_35' title="bbox 312 3392 1897 3465; baseline 0.003 -21"><span class='ocrx_word' id='word_1_254' title='bbox 312 3406 487 3447; x_wconf 67' lang='lat' dir='ltr'><strong>niveus</strong></span> <span class='ocrx_word' id='word_1_255' title='bbox 537 3406 781 3452; x_wconf 80' lang='lat' dir='ltr'><strong>mentem</strong></span> <span class='ocrx_word' id='word_1_256' title='bbox 826 3398 1162 3453; x_wconf 87' lang='lat' dir='ltr'><strong>sermonibus</strong></span> <span class='ocrx_word' id='word_1_257' title='bbox 1220 3396 1447 3465; x_wconf 90' lang='lat' dir='ltr'><strong>plenam.</strong></span> <span class='ocrx_word' id='word_1_258' title='bbox 1490 3394 1636 3447; x_wconf 77' lang='lat' dir='ltr'><strong>Duc.</strong></span> <span class='ocrx_word' id='word_1_259' title='bbox 1670 3392 1897 3448; x_wconf 76' lang='lat' dir='ltr'><strong>Necesse</strong></span> 
     </span>
    </p>
   </div>
   <div class='ocr_carea' id='block_1_36' title="bbox 310 3485 1890 3555">
    <p class='ocr_par' dir='ltr' id='par_1_36' title="bbox 310 3485 1890 3555">
     <span class='ocr_line' id='line_1_36' title="bbox 310 3485 1890 3555; baseline 0.002 -17"><span class='ocrx_word' id='word_1_260' title='bbox 310 3494 398 3538; x_wconf 88' lang='lat' dir='ltr'><strong>est</strong></span> <span class='ocrx_word' id='word_1_261' title='bbox 419 3500 542 3548; x_wconf 86' lang='lat' dir='ltr'><strong>me,</strong></span> <span class='ocrx_word' id='word_1_262' title='bbox 569 3486 770 3553; x_wconf 82' lang='lat' dir='ltr'><strong>optime</strong></span> <span class='ocrx_word' id='word_1_263' title='bbox 799 3492 963 3547; x_wconf 85' lang='lat' dir='ltr'><strong>Pater</strong></span> <span class='ocrx_word' id='word_1_264' title='bbox 989 3528 1004 3551; x_wconf 95' lang='lat'><strong>,</strong></span> <span class='ocrx_word' id='word_1_265' title='bbox 1049 3495 1238 3541; x_wconf 79' lang='lat' dir='ltr'><strong>exacte</strong></span> <span class='ocrx_word' id='word_1_266' title='bbox 1276 3485 1495 3555; x_wconf 81' lang='lat' dir='ltr'><strong>explere</strong></span> <span class='ocrx_word' id='word_1_267' title='bbox 1531 3487 1890 3542; x_wconf 85' lang='lat' dir='ltr'><strong>narrationem</strong></span> 
     </span>
    </p>
   </div>
   <div class='ocr_carea' id='block_1_37' title="bbox 311 3576 1894 3646">
    <p class='ocr_par' dir='ltr' id='par_1_37' title="bbox 311 3576 1894 3646">
     <span class='ocr_line' id='line_1_37' title="bbox 311 3576 1894 3646; baseline 0.003 -19"><span class='ocrx_word' id='word_1_268' title='bbox 311 3588 506 3627; x_wconf 85' lang='lat' dir='ltr'><strong>eorum</strong></span> <span class='ocrx_word' id='word_1_269' title='bbox 533 3615 549 3640; x_wconf 94' lang='lat'><strong>,</strong></span> <span class='ocrx_word' id='word_1_270' title='bbox 577 3590 697 3644; x_wconf 64' lang='lat' dir='ltr'><strong>qua:</strong></span> <span class='ocrx_word' id='word_1_271' title='bbox 734 3576 814 3630; x_wconf 18' lang='lat' dir='ltr'><strong>and</strong></span> <span class='ocrx_word' id='word_1_272' title='bbox 859 3576 1100 3631; x_wconf 83' lang='lat' dir='ltr'><strong>notitiam</strong></span> <span class='ocrx_word' id='word_1_273' title='bbox 1148 3586 1385 3631; x_wconf 86' lang='lat' dir='ltr'><strong>nostram</strong></span> <span class='ocrx_word' id='word_1_274' title='bbox 1419 3586 1807 3646; x_wconf 74' lang='lat' dir='ltr'><strong>pervenerunt,</strong></span> <span class='ocrx_word' id='word_1_275' title='bbox 1838 3586 1894 3632; x_wconf 92' lang='lat' dir='ltr'><strong>ut</strong></span> 
     </span>
    </p>
   </div>
   <div class='ocr_carea' id='block_1_38' title="bbox 311 3664 1893 3739">
    <p class='ocr_par' dir='ltr' id='par_1_38' title="bbox 311 3664 1893 3739">
     <span class='ocr_line' id='line_1_38' title="bbox 311 3664 1893 3739; baseline 0.004 -22"><span class='ocrx_word' id='word_1_276' title='bbox 311 3664 396 3718; x_wconf 84' lang='lat' dir='ltr'><strong>sic</strong></span> <span class='ocrx_word' id='word_1_277' title='bbox 414 3666 703 3734; x_wconf 80' lang='lat' dir='ltr'><strong>aggrediar</strong></span> <span class='ocrx_word' id='word_1_278' title='bbox 746 3666 1176 3738; x_wconf 75' lang='lat' dir='ltr'><strong>interrogarc&#39;te.</strong></span> <span class='ocrx_word' id='word_1_279' title='bbox 1209 3668 1418 3722; x_wconf 83' lang='lat' dir='ltr'><strong>Rursus</strong></span> <span class='ocrx_word' id='word_1_280' title='bbox 1461 3669 1620 3739; x_wconf 90' lang='lat' dir='ltr'><strong>igitur</strong></span> <span class='ocrx_word' id='word_1_281' title='bbox 1646 3677 1767 3739; x_wconf 89' lang='lat' dir='ltr'><strong>post</strong></span> <span class='ocrx_word' id='word_1_282' title='bbox 1791 3671 1893 3724; x_wconf 89' lang='lat' dir='ltr'><strong>ali-</strong></span> 
     </span>
    </p>
   </div>
   <div class='ocr_carea' id='block_1_39' title="bbox 311 3755 1895 3832">
    <p class='ocr_par' dir='ltr' id='par_1_39' title="bbox 311 3755 1895 3832">
     <span class='ocr_line' id='line_1_39' title="bbox 311 3755 1895 3832; baseline 0.006 -27"><span class='ocrx_word' id='word_1_283' title='bbox 311 3762 447 3821; x_wconf 86' lang='lat' dir='ltr'><strong>quot</strong></span> <span class='ocrx_word' id='word_1_284' title='bbox 472 3756 585 3809; x_wconf 88' lang='lat' dir='ltr'><strong>dies</strong></span> <span class='ocrx_word' id='word_1_285' title='bbox 609 3755 776 3810; x_wconf 80' lang='lat' dir='ltr'><strong>adfuit</strong></span> <span class='ocrx_word' id='word_1_286' title='bbox 811 3757 1181 3830; x_wconf 87' lang='lat' dir='ltr'><strong>Synnadorum</strong></span> <span class='ocrx_word' id='word_1_287' title='bbox 1221 3760 1503 3828; x_wconf 88' lang='lat' dir='ltr'><strong>episcopus</strong></span> <span class='ocrx_word' id='word_1_288' title='bbox 1527 3760 1799 3832; x_wconf 87' lang='lat' dir='ltr'><strong>Cyriacus,</strong></span> <span class='ocrx_word' id='word_1_289' title='bbox 1817 3761 1895 3815; x_wconf 82' lang='grc' dir='ltr'><strong>Ἰἰ-</strong></span> 
     </span>
    </p>
   </div>
   <div class='ocr_carea' id='block_1_40' title="bbox 314 3847 1896 3922">
    <p class='ocr_par' dir='ltr' id='par_1_40' title="bbox 314 3847 1896 3922">
     <span class='ocr_line' id='line_1_40' title="bbox 314 3847 1896 3922; baseline 0.006 -25"><span class='ocrx_word' id='word_1_290' title='bbox 314 3854 462 3899; x_wconf 88' lang='lat' dir='ltr'><strong>teras</strong></span> <span class='ocrx_word' id='word_1_291' title='bbox 491 3847 705 3915; x_wconf 72' lang='lat' dir='ltr'><strong>quidem</strong></span> <span class='ocrx_word' id='word_1_292' title='bbox 749 3848 921 3902; x_wconf 86' lang='lat' dir='ltr'><strong>nullas</strong></span> <span class='ocrx_word' id='word_1_293' title='bbox 963 3849 1165 3904; x_wconf 87' lang='lat' dir='ltr'><strong>habens</strong></span> <span class='ocrx_word' id='word_1_294' title='bbox 1196 3891 1210 3915; x_wconf 91' lang='lat'><strong>,</strong></span> <span class='ocrx_word' id='word_1_295' title='bbox 1241 3852 1465 3906; x_wconf 89' lang='lat' dir='ltr'><strong>idoneus</strong></span> <span class='ocrx_word' id='word_1_296' title='bbox 1501 3867 1630 3906; x_wconf 80' lang='lat' dir='ltr'><strong>vero</strong></span> <span class='ocrx_word' id='word_1_297' title='bbox 1668 3852 1735 3906; x_wconf 90' lang='lat' dir='ltr'><strong>ad</strong></span> <span class='ocrx_word' id='word_1_298' title='bbox 1774 3863 1896 3922; x_wconf 89' lang='lat' dir='ltr'><strong>apte</strong></span> 
     </span>
    </p>
   </div>
   <div class='ocr_carea' id='block_1_41' title="bbox 314 3938 1897 4015">
    <p class='ocr_par' dir='ltr' id='par_1_41' title="bbox 314 3938 1897 4015">
     <span class='ocr_line' id='line_1_41' title="bbox 314 3938 1897 4015; baseline 0.006 -24"><span class='ocrx_word' id='word_1_299' title='bbox 314 3947 371 3991; x_wconf 90' lang='lat' dir='ltr'><strong>et</strong></span> <span class='ocrx_word' id='word_1_300' title='bbox 394 3938 658 3994; x_wconf 87' lang='lat' dir='ltr'><strong>concinne</strong></span> <span class='ocrx_word' id='word_1_301' title='bbox 701 3942 1023 3997; x_wconf 84' lang='lat' dir='ltr'><strong>narrandum</strong></span> <span class='ocrx_word' id='word_1_302' title='bbox 1061 3962 1073 3997; x_wconf 93' lang='lat'><strong>:</strong></span> <span class='ocrx_word' id='word_1_303' title='bbox 1110 3944 1202 4014; x_wconf 85' lang='lat' dir='ltr'><strong>qui</strong></span> <span class='ocrx_word' id='word_1_304' title='bbox 1246 3944 1456 3999; x_wconf 86' lang='lat' dir='ltr'><strong>dicebat</strong></span> <span class='ocrx_word' id='word_1_305' title='bbox 1496 3944 1693 4015; x_wconf 81' lang='lat' dir='ltr'><strong>fugisse</strong></span> <span class='ocrx_word' id='word_1_306' title='bbox 1733 3960 1791 4001; x_wconf 91' lang='lat' dir='ltr'><strong>sc</strong></span> <span class='ocrx_word' id='word_1_307' title='bbox 1827 3946 1897 4000; x_wconf 87' lang='lat' dir='ltr'><strong>ob</strong></span> 
     </span>
    </p>
   </div>
   <div class='ocr_carea' id='block_1_42' title="bbox 317 4026 1899 4105">
    <p class='ocr_par' dir='ltr' id='par_1_42' title="bbox 317 4026 1899 4105">
     <span class='ocr_line' id='line_1_42' title="bbox 317 4026 1899 4105; baseline 0.005 -25"><span class='ocrx_word' id='word_1_308' title='bbox 317 4026 613 4097; x_wconf 86' lang='lat' dir='ltr'><strong>lmperialis</strong></span> <span class='ocrx_word' id='word_1_309' title='bbox 645 4031 803 4085; x_wconf 84' lang='lat' dir='ltr'><strong>edicti</strong></span> <span class='ocrx_word' id='word_1_310' title='bbox 829 4034 1313 4100; x_wconf 90' lang='lat' dir='ltr'><strong>comminationem,</strong></span> <span class='ocrx_word' id='word_1_311' title='bbox 1343 4035 1484 4105; x_wconf 89' lang='lat' dir='ltr'><strong>quod</strong></span> <span class='ocrx_word' id='word_1_312' title='bbox 1506 4035 1584 4089; x_wconf 91' lang='lat' dir='ltr'><strong>sic</strong></span> <span class='ocrx_word' id='word_1_313' title='bbox 1610 4035 1803 4090; x_wconf 89' lang='lat' dir='ltr'><strong>habet:</strong></span> <span class='ocrx_word' id='word_1_314' title='bbox 1836 4035 1899 4090; x_wconf 90' lang='lat' dir='ltr'><strong>Si</strong></span> 
     </span>
    </p>
   </div>
   <div class='ocr_carea' id='block_1_43' title="bbox 314 4117 1897 4195">
    <p class='ocr_par' dir='ltr' id='par_1_43' title="bbox 314 4117 1897 4195">
     <span class='ocr_line' id='line_1_43' title="bbox 314 4117 1897 4195; baseline 0.006 -27"><span class='ocrx_word' id='word_1_315' title='bbox 314 4117 431 4184; x_wconf 79' lang='lat' dir='ltr'><strong>quis</strong></span> <span class='ocrx_word' id='word_1_316' title='bbox 448 4134 553 4172; x_wconf 82' lang='lat' dir='ltr'><strong>non</strong></span> <span class='ocrx_word' id='word_1_317' title='bbox 584 4122 912 4175; x_wconf 81' lang='lat' dir='ltr'><strong>comnmnicat</strong></span> <span class='ocrx_word' id='word_1_318' title='bbox 936 4122 1219 4194; x_wconf 69' lang='lat' dir='ltr'><strong>Tamphilo</strong></span> <span class='ocrx_word' id='word_1_319' title='bbox 1241 4165 1257 4189; x_wconf 93' lang='lat'><strong>,</strong></span> <span class='ocrx_word' id='word_1_320' title='bbox 1278 4124 1487 4178; x_wconf 79' lang='lat' dir='ltr'><strong>Arsacia</strong></span> <span class='ocrx_word' id='word_1_321' title='bbox 1511 4134 1557 4178; x_wconf 85' lang='lat' dir='ltr'><strong>et</strong></span> <span class='ocrx_word' id='word_1_322' title='bbox 1582 4124 1897 4195; x_wconf 78' lang='lat' dir='ltr'><strong>Porphyria,</strong></span> 
     </span>
    </p>
   </div>
   <div class='ocr_carea' id='block_1_44' title="bbox 316 4208 1899 4281">
    <p class='ocr_par' dir='ltr' id='par_1_44' title="bbox 316 4208 1899 4281">
     <span class='ocr_line' id='line_1_44' title="bbox 316 4208 1899 4281; baseline 0.006 -22"><span class='ocrx_word' id='word_1_323' title='bbox 316 4208 404 4261; x_wconf 71' lang='lat' dir='ltr'><strong>ille</strong></span> <span class='ocrx_word' id='word_1_324' title='bbox 440 4209 643 4277; x_wconf 80' lang='lat' dir='ltr'><strong>quidem</strong></span> <span class='ocrx_word' id='word_1_325' title='bbox 661 4212 949 4281; x_wconf 76' lang='lat' dir='ltr'><strong>episcopatu</strong></span> <span class='ocrx_word' id='word_1_326' title='bbox 975 4224 1244 4279; x_wconf 79' lang='lat' dir='ltr'><strong>arceatur;</strong></span> <span class='ocrx_word' id='word_1_327' title='bbox 1275 4216 1426 4270; x_wconf 84' lang='lat' dir='ltr'><strong>simul</strong></span> <span class='ocrx_word' id='word_1_328' title='bbox 1446 4217 1594 4270; x_wconf 86' lang='lat' dir='ltr'><strong>etiam</strong></span> <span class='ocrx_word' id='word_1_329' title='bbox 1635 4216 1832 4270; x_wconf 84' lang='lat' dir='ltr'><strong>amittat</strong></span> <span class='ocrx_word' id='word_1_330' title='bbox 1855 4216 1899 4270; x_wconf 94' lang='lat' dir='ltr'><strong>si</strong></span> 
     </span>
    </p>
   </div>
   <div class='ocr_carea' id='block_1_45' title="bbox 315 4302 1900 4377">
    <p class='ocr_par' dir='ltr' id='par_1_45' title="bbox 315 4302 1900 4377">
     <span class='ocr_line' id='line_1_45' title="bbox 315 4302 1900 4377; baseline 0.007 -26"><span class='ocrx_word' id='word_1_331' title='bbox 315 4317 469 4368; x_wconf 72' lang='lat' dir='ltr'><strong>quam</strong></span> <span class='ocrx_word' id='word_1_332' title='bbox 496 4302 632 4356; x_wconf 73' lang='lat' dir='ltr'><strong>uisus</strong></span> <span class='ocrx_word' id='word_1_333' title='bbox 677 4305 829 4375; x_wconf 76' lang='lat' dir='ltr'><strong>fuerit</strong></span> <span class='ocrx_word' id='word_1_334' title='bbox 858 4306 1041 4360; x_wconf 81' lang='lat' dir='ltr'><strong>habere</strong></span> <span class='ocrx_word' id='word_1_335' title='bbox 1065 4306 1396 4362; x_wconf 82' lang='lat' dir='ltr'><strong>substantiam</strong></span> <span class='ocrx_word' id='word_1_336' title='bbox 1442 4309 1772 4377; x_wconf 78' lang='lat' dir='ltr'><strong>pecuniarum</strong></span> <span class='ocrx_word' id='word_1_337' title='bbox 1811 4318 1900 4362; x_wconf 85' lang='lat' dir='ltr'><strong>aut</strong></span> 
     </span>
    </p>
   </div>
   <div class='ocr_carea' id='block_1_46' title="bbox 320 4394 1899 4473">
    <p class='ocr_par' dir='ltr' id='par_1_46' title="bbox 320 4394 1899 4473">
     <span class='ocr_line' id='line_1_46' title="bbox 320 4394 1899 4473; baseline 0.007 -27"><span class='ocrx_word' id='word_1_338' title='bbox 320 4394 646 4461; x_wconf 56' lang='lat' dir='ltr'><strong>mediam».</strong></span> <span class='ocrx_word' id='word_1_339' title='bbox 673 4396 798 4451; x_wconf 83' lang='lat' dir='ltr'><strong>Post</strong></span> <span class='ocrx_word' id='word_1_340' title='bbox 825 4397 1102 4473; x_wconf 79' lang='lat' dir='ltr'><strong>Cyriacum</strong></span> <span class='ocrx_word' id='word_1_341' title='bbox 1146 4400 1360 4456; x_wconf 82' lang='lat' dir='ltr'><strong>advenit</strong></span> <span class='ocrx_word' id='word_1_342' title='bbox 1392 4402 1659 4473; x_wconf 85' lang='lat' dir='ltr'><strong>Eulysius,</strong></span> <span class='ocrx_word' id='word_1_343' title='bbox 1687 4402 1899 4471; x_wconf 89' lang='lat' dir='ltr'><strong>episco-</strong></span> 
     </span>
    </p>
   </div>
   <div class='ocr_carea' id='block_1_47' title="bbox 320 4488 1898 4563">
    <p class='ocr_par' dir='ltr' id='par_1_47' title="bbox 320 4488 1898 4563">
     <span class='ocr_line' id='line_1_47' title="bbox 320 4488 1898 4563; baseline 0.007 -27"><span class='ocrx_word' id='word_1_344' title='bbox 320 4500 421 4554; x_wconf 86' lang='lat' dir='ltr'><strong>pus</strong></span> <span class='ocrx_word' id='word_1_345' title='bbox 462 4488 714 4552; x_wconf 69' lang='lat' dir='ltr'><strong>Apamete</strong></span> <span class='ocrx_word' id='word_1_346' title='bbox 762 4488 1022 4560; x_wconf 60' lang='lat' dir='ltr'><strong>Bithynia!</strong></span> <span class='ocrx_word' id='word_1_347' title='bbox 1053 4530 1069 4556; x_wconf 93' lang='lat'><strong>,</strong></span> <span class='ocrx_word' id='word_1_348' title='bbox 1100 4491 1328 4546; x_wconf 87' lang='lat' dir='ltr'><strong>reddens</strong></span> <span class='ocrx_word' id='word_1_349' title='bbox 1381 4491 1561 4548; x_wconf 87' lang='lat' dir='ltr'><strong>literas</strong></span> <span class='ocrx_word' id='word_1_350' title='bbox 1594 4491 1898 4563; x_wconf 87' lang='lat' dir='ltr'><strong>quindecim</strong></span> 
     </span>
    </p>
   </div>
   <div class='ocr_carea' id='block_1_48' title="bbox 317 4576 1902 4654">
    <p class='ocr_par' dir='ltr' id='par_1_48' title="bbox 317 4576 1902 4654">
     <span class='ocr_line' id='line_1_48' title="bbox 317 4576 1902 4654; baseline 0.009 -27"><span class='ocrx_word' id='word_1_351' title='bbox 317 4576 695 4645; x_wconf 83' lang='lat' dir='ltr'><strong>episcoporum</strong></span> <span class='ocrx_word' id='word_1_352' title='bbox 751 4594 782 4634; x_wconf 91' lang='lat' dir='ltr'><strong>e</strong></span> <span class='ocrx_word' id='word_1_353' title='bbox 834 4582 1037 4652; x_wconf 85' lang='lat' dir='ltr'><strong>synodo</strong></span> <span class='ocrx_word' id='word_1_354' title='bbox 1085 4581 1345 4649; x_wconf 81' lang='lat' dir='ltr'><strong>Joannis,</strong></span> <span class='ocrx_word' id='word_1_355' title='bbox 1394 4595 1449 4640; x_wconf 87' lang='lat' dir='ltr'><strong>et</strong></span> <span class='ocrx_word' id='word_1_356' title='bbox 1499 4586 1683 4654; x_wconf 88' lang='lat' dir='ltr'><strong>optimi</strong></span> <span class='ocrx_word' id='word_1_357' title='bbox 1756 4587 1902 4642; x_wconf 89' lang='lat' dir='ltr'><strong>senis</strong></span> 
     </span>
    </p>
   </div>
   <div class='ocr_carea' id='block_1_49' title="bbox 320 4667 1900 4745">
    <p class='ocr_par' dir='ltr' id='par_1_49' title="bbox 320 4667 1900 4745">
     <span class='ocr_line' id='line_1_49' title="bbox 320 4667 1900 4745; baseline 0.006 -25"><span class='ocrx_word' id='word_1_358' title='bbox 320 4667 529 4737; x_wconf 70' lang='lat' dir='ltr'><strong>Anysii,</strong></span> <span class='ocrx_word' id='word_1_359' title='bbox 559 4667 967 4727; x_wconf 79' lang='lat' dir='ltr'><strong>Tliessalouices</strong></span> <span class='ocrx_word' id='word_1_360' title='bbox 1004 4673 1284 4744; x_wconf 83' lang='lat' dir='ltr'><strong>episcOpi;</strong></span> <span class='ocrx_word' id='word_1_361' title='bbox 1331 4675 1381 4729; x_wconf 90' lang='lat' dir='ltr'><strong>in</strong></span> <span class='ocrx_word' id='word_1_362' title='bbox 1426 4676 1618 4745; x_wconf 85' lang='lat' dir='ltr'><strong>quibus</strong></span> <span class='ocrx_word' id='word_1_363' title='bbox 1657 4687 1712 4731; x_wconf 90' lang='lat' dir='ltr'><strong>et</strong></span> <span class='ocrx_word' id='word_1_364' title='bbox 1755 4677 1900 4744; x_wconf 88' lang='lat' dir='ltr'><strong>prio—</strong></span> 
     </span>
    </p>
   </div>
   <div class='ocr_carea' id='block_1_50' title="bbox 321 4762 1901 4836">
    <p class='ocr_par' dir='ltr' id='par_1_50' title="bbox 321 4762 1901 4836">
     <span class='ocr_line' id='line_1_50' title="bbox 321 4762 1901 4836; baseline 0.005 -25"><span class='ocrx_word' id='word_1_365' title='bbox 321 4772 433 4811; x_wconf 82' lang='lat' dir='ltr'><strong>rem</strong></span> <span class='ocrx_word' id='word_1_366' title='bbox 467 4767 521 4812; x_wconf 93' lang='lat' dir='ltr'><strong>et</strong></span> <span class='ocrx_word' id='word_1_367' title='bbox 551 4770 867 4827; x_wconf 67' lang='lat' dir='ltr'><strong>prmsentem</strong></span> <span class='ocrx_word' id='word_1_368' title='bbox 911 4762 1074 4817; x_wconf 88' lang='lat' dir='ltr'><strong>totius</strong></span> <span class='ocrx_word' id='word_1_369' title='bbox 1115 4764 1602 4835; x_wconf 83' lang='lat' dir='ltr'><strong>ConstantinOpolis</strong></span> <span class='ocrx_word' id='word_1_370' title='bbox 1644 4765 1901 4836; x_wconf 58' lang='lat' dir='ltr'><strong>direptio.</strong></span> 
     </span>
    </p>
   </div>
   <div class='ocr_carea' id='block_1_51' title="bbox 323 4850 1904 4927">
    <p class='ocr_par' dir='ltr' id='par_1_51' title="bbox 323 4850 1904 4927">
     <span class='ocr_line' id='line_1_51' title="bbox 323 4850 1904 4927; baseline 0.007 -25"><span class='ocrx_word' id='word_1_371' title='bbox 323 4863 443 4904; x_wconf 89' lang='lat' dir='ltr'><strong>nem</strong></span> <span class='ocrx_word' id='word_1_372' title='bbox 470 4850 874 4918; x_wconf 80' lang='lat' dir='ltr'><strong>perscribebant</strong></span> <span class='ocrx_word' id='word_1_373' title='bbox 896 4869 910 4905; x_wconf 91' lang='lat'><strong>:</strong></span> <span class='ocrx_word' id='word_1_374' title='bbox 930 4854 1161 4925; x_wconf 81' lang='lat' dir='ltr'><strong>Anysius</strong></span> <span class='ocrx_word' id='word_1_375' title='bbox 1175 4871 1302 4910; x_wconf 80' lang='lat' dir='ltr'><strong>vero</strong></span> <span class='ocrx_word' id='word_1_376' title='bbox 1317 4856 1605 4925; x_wconf 89' lang='lat' dir='ltr'><strong>scribebat,</strong></span> <span class='ocrx_word' id='word_1_377' title='bbox 1626 4872 1685 4912; x_wconf 90' lang='lat' dir='ltr'><strong>se</strong></span> <span class='ocrx_word' id='word_1_378' title='bbox 1702 4856 1904 4927; x_wconf 89' lang='lat' dir='ltr'><strong>judicio</strong></span> 
     </span>
    </p>
   </div>
   <div class='ocr_carea' id='block_1_52' title="bbox 324 4938 1902 5020">
    <p class='ocr_par' dir='ltr' id='par_1_52' title="bbox 324 4938 1902 5020">
     <span class='ocr_line' id='line_1_52' title="bbox 324 4938 1902 5020; baseline 0.006 -26"><span class='ocrx_word' id='word_1_379' title='bbox 324 4938 577 4994; x_wconf 76' lang='lat' dir='ltr'><strong>llotnanze</strong></span> <span class='ocrx_word' id='word_1_380' title='bbox 602 4940 862 4997; x_wconf 69' lang='lat' dir='ltr'><strong>Ecclesia:</strong></span> <span class='ocrx_word' id='word_1_381' title='bbox 887 4946 1226 5015; x_wconf 84' lang='lat' dir='ltr'><strong>acquiescere</strong></span> <span class='ocrx_word' id='word_1_382' title='bbox 1257 4965 1268 5000; x_wconf 95' lang='lat'>:</span> <span class='ocrx_word' id='word_1_383' title='bbox 1311 4947 1424 5015; x_wconf 87' lang='lat' dir='ltr'><strong>ipse</strong></span> <span class='ocrx_word' id='word_1_384' title='bbox 1453 4948 1702 5020; x_wconf 79' lang='lat' dir='ltr'><strong>Eulysius</strong></span> <span class='ocrx_word' id='word_1_385' title='bbox 1725 4950 1902 5004; x_wconf 82' lang='lat' dir='ltr'><strong>omnia</strong></span> 
     </span>
    </p>
   </div>
   <div class='ocr_carea' id='block_1_53' title="bbox 323 5030 1901 5109">
    <p class='ocr_par' dir='ltr' id='par_1_53' title="bbox 323 5030 1901 5109">
     <span class='ocr_line' id='line_1_53' title="bbox 323 5030 1901 5109; baseline 0.009 -26"><span class='ocrx_word' id='word_1_386' title='bbox 323 5030 547 5102; x_wconf 79' lang='lat' dir='ltr'><strong>Cyriaco</strong></span> <span class='ocrx_word' id='word_1_387' title='bbox 574 5044 930 5093; x_wconf 83' lang='lat' dir='ltr'><strong>consentanea</strong></span> <span class='ocrx_word' id='word_1_388' title='bbox 965 5040 1216 5093; x_wconf 82' lang='lat' dir='ltr'><strong>narravit.</strong></span> <span class='ocrx_word' id='word_1_389' title='bbox 1244 5039 1436 5109; x_wconf 81' lang='lat' dir='ltr'><strong>Elapso</strong></span> <span class='ocrx_word' id='word_1_390' title='bbox 1462 5055 1646 5096; x_wconf 90' lang='lat' dir='ltr'><strong>mense</strong></span> <span class='ocrx_word' id='word_1_391' title='bbox 1670 5083 1684 5105; x_wconf 92' lang='lat'><strong>,</strong></span> <span class='ocrx_word' id='word_1_392' title='bbox 1718 5056 1901 5097; x_wconf 88' lang='lat' dir='ltr'><strong>acces-</strong></span> 
     </span>
    </p>
   </div>
   <div class='ocr_carea' id='block_1_54' title="bbox 324 5123 1899 5205">
    <p class='ocr_par' dir='ltr' id='par_1_54' title="bbox 324 5123 1899 5205">
     <span class='ocr_line' id='line_1_54' title="bbox 324 5123 1899 5205; baseline 0.01 -31"><span class='ocrx_word' id='word_1_393' title='bbox 324 5123 393 5175; x_wconf 85' lang='lat' dir='ltr'><strong>sit</strong></span> <span class='ocrx_word' id='word_1_394' title='bbox 423 5123 711 5195; x_wconf 88' lang='lat' dir='ltr'><strong>Palladius,</strong></span> <span class='ocrx_word' id='word_1_395' title='bbox 742 5130 1025 5202; x_wconf 89' lang='lat' dir='ltr'><strong>episcopus</strong></span> <span class='ocrx_word' id='word_1_396' title='bbox 1058 5131 1401 5203; x_wconf 83' lang='lat' dir='ltr'><strong>Helenopolis</strong></span> <span class='ocrx_word' id='word_1_397' title='bbox 1422 5173 1436 5198; x_wconf 92' lang='lat'><strong>,</strong></span> <span class='ocrx_word' id='word_1_398' title='bbox 1462 5133 1663 5205; x_wconf 87' lang='lat' dir='ltr'><strong>absque</strong></span> <span class='ocrx_word' id='word_1_399' title='bbox 1689 5135 1859 5189; x_wconf 90' lang='lat' dir='ltr'><strong>literis</strong></span> <span class='ocrx_word' id='word_1_400' title='bbox 1885 5152 1899 5189; x_wconf 88' lang='lat'><strong>:</strong></span> 
     </span>
    </p>
   </div>
   <div class='ocr_carea' id='block_1_55' title="bbox 322 5215 1901 5293">
    <p class='ocr_par' dir='ltr' id='par_1_55' title="bbox 322 5215 1901 5293">
     <span class='ocr_line' id='line_1_55' title="bbox 322 5215 1901 5293; baseline 0.008 -26"><span class='ocrx_word' id='word_1_401' title='bbox 322 5215 412 5283; x_wconf 90' lang='lat' dir='ltr'><strong>qui</strong></span> <span class='ocrx_word' id='word_1_402' title='bbox 441 5226 496 5272; x_wconf 86' lang='lat' dir='ltr'><strong>et</strong></span> <span class='ocrx_word' id='word_1_403' title='bbox 522 5219 634 5287; x_wconf 87' lang='lat' dir='ltr'><strong>ipse</strong></span> <span class='ocrx_word' id='word_1_404' title='bbox 660 5219 858 5291; x_wconf 79' lang='lat' dir='ltr'><strong>fugisse</strong></span> <span class='ocrx_word' id='word_1_405' title='bbox 887 5236 948 5277; x_wconf 86' lang='lat' dir='ltr'><strong>se</strong></span> <span class='ocrx_word' id='word_1_406' title='bbox 975 5224 1380 5293; x_wconf 79' lang='lat' dir='ltr'><strong>magistratuum</strong></span> <span class='ocrx_word' id='word_1_407' title='bbox 1412 5224 1642 5281; x_wconf 79' lang='lat' dir='ltr'><strong>furorem</strong></span> <span class='ocrx_word' id='word_1_408' title='bbox 1669 5225 1901 5292; x_wconf 88' lang='lat' dir='ltr'><strong>dicebat,</strong></span> 
     </span>
    </p>
   </div>
   <div class='ocr_carea' id='block_1_56' title="bbox 322 5307 1907 5382">
    <p class='ocr_par' dir='ltr' id='par_1_56' title="bbox 322 5307 1907 5382">
     <span class='ocr_line' id='line_1_56' title="bbox 322 5307 1907 5382; baseline 0.008 -23"><span class='ocrx_word' id='word_1_409' title='bbox 322 5314 375 5360; x_wconf 86' lang='lat' dir='ltr'><strong>et</strong></span> <span class='ocrx_word' id='word_1_410' title='bbox 403 5307 558 5362; x_wconf 90' lang='lat' dir='ltr'><strong>nobis</strong></span> <span class='ocrx_word' id='word_1_411' title='bbox 584 5311 763 5365; x_wconf 88' lang='lat' dir='ltr'><strong>omnia</strong></span> <span class='ocrx_word' id='word_1_412' title='bbox 789 5314 1096 5382; x_wconf 82' lang='lat' dir='ltr'><strong>expressius</strong></span> <span class='ocrx_word' id='word_1_413' title='bbox 1116 5316 1442 5381; x_wconf 87' lang='lat' dir='ltr'><strong>declaravit;</strong></span> <span class='ocrx_word' id='word_1_414' title='bbox 1473 5318 1767 5373; x_wconf 90' lang='lat' dir='ltr'><strong>ostendens</strong></span> <span class='ocrx_word' id='word_1_415' title='bbox 1793 5319 1907 5373; x_wconf 86' lang='lat' dir='ltr'><strong>edi-</strong></span> 
     </span>
    </p>
   </div>
   <div class='ocr_carea' id='block_1_57' title="bbox 321 5399 1902 5480">
    <p class='ocr_par' dir='ltr' id='par_1_57' title="bbox 321 5399 1902 5480">
     <span class='ocr_line' id='line_1_57' title="bbox 321 5399 1902 5480; baseline 0.01 -30"><span class='ocrx_word' id='word_1_416' title='bbox 321 5399 390 5451; x_wconf 85' lang='lat' dir='ltr'><strong>cti</strong></span> <span class='ocrx_word' id='word_1_417' title='bbox 413 5402 739 5469; x_wconf 76' lang='lat' dir='ltr'><strong>exemplum,</strong></span> <span class='ocrx_word' id='word_1_418' title='bbox 768 5404 909 5473; x_wconf 89' lang='lat' dir='ltr'><strong>quod</strong></span> <span class='ocrx_word' id='word_1_419' title='bbox 936 5407 1018 5461; x_wconf 89' lang='lat' dir='ltr'><strong>sic</strong></span> <span class='ocrx_word' id='word_1_420' title='bbox 1045 5405 1206 5465; x_wconf 85' lang='lat' dir='ltr'><strong>habet</strong></span> <span class='ocrx_word' id='word_1_421' title='bbox 1232 5424 1244 5460; x_wconf 88' lang='lat'><strong>:</strong></span> <span class='ocrx_word' id='word_1_422' title='bbox 1279 5408 1589 5480; x_wconf 83' lang='lat' dir='ltr'><strong>Quicumque</strong></span> <span class='ocrx_word' id='word_1_423' title='bbox 1622 5410 1902 5465; x_wconf 74' lang='lat' dir='ltr'><strong>occultare-</strong></span> 
     </span>
    </p>
   </div>
   <div class='ocr_carea' id='block_1_58' title="bbox 321 5488 1905 5571">
    <p class='ocr_par' dir='ltr' id='par_1_58' title="bbox 321 5488 1905 5571">
     <span class='ocr_line' id='line_1_58' title="bbox 321 5488 1905 5571; baseline 0.011 -31"><span class='ocrx_word' id='word_1_424' title='bbox 321 5488 387 5540; x_wconf 86' lang='lat' dir='ltr'><strong>rit</strong></span> <span class='ocrx_word' id='word_1_425' title='bbox 402 5490 698 5560; x_wconf 82' lang='lat' dir='ltr'><strong>episcopum</strong></span> <span class='ocrx_word' id='word_1_426' title='bbox 743 5503 835 5547; x_wconf 86' lang='lat' dir='ltr'><strong>aut</strong></span> <span class='ocrx_word' id='word_1_427' title='bbox 873 5495 1149 5562; x_wconf 77' lang='lat' dir='ltr'><strong>clericum,</strong></span> <span class='ocrx_word' id='word_1_428' title='bbox 1178 5509 1267 5551; x_wconf 85' lang='lat' dir='ltr'><strong>aut</strong></span> <span class='ocrx_word' id='word_1_429' title='bbox 1323 5500 1527 5554; x_wconf 86' lang='lat' dir='ltr'><strong>omnino</strong></span> <span class='ocrx_word' id='word_1_430' title='bbox 1559 5504 1808 5571; x_wconf 72' lang='lat' dir='ltr'><strong>exceperit</strong></span> <span class='ocrx_word' id='word_1_431' title='bbox 1853 5504 1905 5557; x_wconf 86' lang='lat' dir='ltr'><strong>in</strong></span> 
     </span>
    </p>
   </div>
   <div class='ocr_carea' id='block_1_59' title="bbox 322 5578 1907 5658">
    <p class='ocr_par' dir='ltr' id='par_1_59' title="bbox 322 5578 1907 5658">
     <span class='ocr_line' id='line_1_59' title="bbox 322 5578 1907 5658; baseline 0.011 -27"><span class='ocrx_word' id='word_1_432' title='bbox 322 5579 531 5634; x_wconf 74' lang='lat' dir='ltr'><strong>domum</strong></span> <span class='ocrx_word' id='word_1_433' title='bbox 554 5598 701 5636; x_wconf 85' lang='lat' dir='ltr'><strong>suam</strong></span> <span class='ocrx_word' id='word_1_434' title='bbox 729 5584 947 5654; x_wconf 84' lang='lat' dir='ltr'><strong>aliquem</strong></span> <span class='ocrx_word' id='word_1_435' title='bbox 998 5588 1082 5657; x_wconf 81' lang='lat' dir='ltr'><strong>qui</strong></span> <span class='ocrx_word' id='word_1_436' title='bbox 1124 5578 1454 5643; x_wconf 81' lang='lat' dir='ltr'><strong>communicet</strong></span> <span class='ocrx_word' id='word_1_437' title='bbox 1486 5589 1702 5658; x_wconf 72' lang='lat' dir='ltr'><strong>Joanni,</strong></span> <span class='ocrx_word' id='word_1_438' title='bbox 1731 5592 1907 5648; x_wconf 84' lang='lat' dir='ltr'><strong>domus</strong></span> 
     </span>
    </p>
   </div>
   <div class='ocr_carea' id='block_1_60' title="bbox 293 5672 1904 5749">
    <p class='ocr_par' dir='ltr' id='par_1_60' title="bbox 293 5672 1904 5749">
     <span class='ocr_line' id='line_1_60' title="bbox 293 5672 1904 5749; baseline 0.011 -26"><span class='ocrx_word' id='word_1_439' title='bbox 293 5673 437 5740; x_wconf 63' lang='lat' dir='ltr'><strong>‘ejus</strong></span> <span class='ocrx_word' id='word_1_440' title='bbox 477 5672 780 5742; x_wconf 74' lang='lat' dir='ltr'><strong>publicator.</strong></span> <span class='ocrx_word' id='word_1_441' title='bbox 811 5677 936 5733; x_wconf 86' lang='lat' dir='ltr'><strong>Post</strong></span> <span class='ocrx_word' id='word_1_442' title='bbox 962 5679 1279 5749; x_wconf 84' lang='lat' dir='ltr'><strong>Palladium,</strong></span> <span class='ocrx_word' id='word_1_443' title='bbox 1302 5682 1567 5739; x_wconf 76' lang='lat' dir='ltr'><strong>advenere</strong></span> <span class='ocrx_word' id='word_1_444' title='bbox 1607 5684 1904 5741; x_wconf 77' lang='lat' dir='ltr'><strong>Germanus</strong></span> 
     </span>
    </p>
   </div>
   <div class='ocr_carea' id='block_1_61' title="bbox 331 5764 1900 5845">
    <p class='ocr_par' dir='ltr' id='par_1_61' title="bbox 331 5764 1900 5845">
     <span class='ocr_line' id='line_1_61' title="bbox 331 5764 1900 5845; baseline 0.011 -29"><span class='ocrx_word' id='word_1_445' title='bbox 331 5764 612 5825; x_wconf 59' lang='lat' dir='ltr'><strong>presbyter</strong></span> <span class='ocrx_word' id='word_1_446' title='bbox 636 5778 888 5823; x_wconf 79' lang='lat' dir='ltr'><strong>una‘cum</strong></span> <span class='ocrx_word' id='word_1_447' title='bbox 907 5767 1159 5828; x_wconf 86' lang='lat' dir='ltr'><strong>Cassiano</strong></span> <span class='ocrx_word' id='word_1_448' title='bbox 1186 5772 1429 5843; x_wconf 82' lang='lat' dir='ltr'><strong>diacono,</strong></span> <span class='ocrx_word' id='word_1_449' title='bbox 1454 5775 1544 5841; x_wconf 84' lang='lat' dir='ltr'><strong>qui</strong></span> <span class='ocrx_word' id='word_1_450' title='bbox 1561 5786 1710 5832; x_wconf 77' lang='lat' dir='ltr'><strong>erant</strong></span> <span class='ocrx_word' id='word_1_451' title='bbox 1726 5793 1755 5832; x_wconf 91' lang='lat' dir='ltr'><strong>e</strong></span> <span class='ocrx_word' id='word_1_452' title='bbox 1775 5793 1900 5845; x_wconf 82' lang='lat' dir='ltr'><strong>par-</strong></span> 
     </span>
    </p>
   </div>
   <div class='ocr_carea' id='block_1_62' title="bbox 1987 464 3570 536">
    <p class='ocr_par' dir='ltr' id='par_1_62' title="bbox 1987 464 3570 536">
     <span class='ocr_line' id='line_1_62' title="bbox 1987 464 3570 536; baseline 0.002 -16"><span class='ocrx_word' id='word_1_453' title='bbox 1987 467 2127 523; x_wconf 83' lang='lat' dir='ltr'><strong>tibus</strong></span> <span class='ocrx_word' id='word_1_454' title='bbox 2138 466 2379 534; x_wconf 84' lang='lat' dir='ltr'><strong>Joannis,</strong></span> <span class='ocrx_word' id='word_1_455' title='bbox 2399 467 2499 522; x_wconf 74' lang='lat' dir='ltr'><strong>viri</strong></span> <span class='ocrx_word' id='word_1_456' title='bbox 2524 465 2783 536; x_wconf 72' lang='lat' dir='ltr'><strong>religiosi,</strong></span> <span class='ocrx_word' id='word_1_457' title='bbox 2805 464 2986 520; x_wconf 82' lang='lat' dir='ltr'><strong>literas</strong></span> <span class='ocrx_word' id='word_1_458' title='bbox 3007 465 3172 521; x_wconf 72' lang='lat' dir='ltr'><strong>totius</strong></span> <span class='ocrx_word' id='word_1_459' title='bbox 3193 466 3320 522; x_wconf 79' lang='lat' dir='ltr'><strong>cieri</strong></span> <span class='ocrx_word' id='word_1_460' title='bbox 3344 465 3570 523; x_wconf 77' lang='lat' dir='ltr'><strong>Joannis</strong></span> 
     </span>
    </p>
   </div>
   <div class='ocr_carea' id='block_1_63' title="bbox 1985 557 3568 628">
    <p class='ocr_par' dir='ltr' id='par_1_63' title="bbox 1985 557 3568 628">
     <span class='ocr_line' id='line_1_63' title="bbox 1985 557 3568 628; baseline -0.003 -14"><span class='ocrx_word' id='word_1_461' title='bbox 1985 559 2310 614; x_wconf 81' lang='lat' dir='ltr'><strong>reddentes:</strong></span> <span class='ocrx_word' id='word_1_462' title='bbox 2340 559 2533 628; x_wconf 89' lang='lat' dir='ltr'><strong>quibus</strong></span> <span class='ocrx_word' id='word_1_463' title='bbox 2579 557 2820 612; x_wconf 83' lang='lat' dir='ltr'><strong>scribunt</strong></span> <span class='ocrx_word' id='word_1_464' title='bbox 2860 557 3150 612; x_wconf 78' lang='lat' dir='ltr'><strong>Ecclesium</strong></span> <span class='ocrx_word' id='word_1_465' title='bbox 3198 558 3433 628; x_wconf 82' lang='lat' dir='ltr'><strong>ipsortun</strong></span> <span class='ocrx_word' id='word_1_466' title='bbox 3464 561 3568 610; x_wconf 68' lang='lat' dir='ltr'><strong>vim</strong></span> 
     </span>
    </p>
   </div>
   <div class='ocr_carea' id='block_1_64' title="bbox 1986 648 3571 720">
    <p class='ocr_par' dir='ltr' id='par_1_64' title="bbox 1986 648 3571 720">
     <span class='ocr_line' id='line_1_64' title="bbox 1986 648 3571 720; baseline -0.004 -16"><span class='ocrx_word' id='word_1_467' title='bbox 1986 657 2147 718; x_wconf 82' lang='lat' dir='ltr'><strong>atque</strong></span> <span class='ocrx_word' id='word_1_468' title='bbox 2174 649 2509 720; x_wconf 79' lang='lat' dir='ltr'><strong>tyrannidem</strong></span> <span class='ocrx_word' id='word_1_469' title='bbox 2536 662 2845 718; x_wconf 81' lang='lat' dir='ltr'><strong>perpessam</strong></span> <span class='ocrx_word' id='word_1_470' title='bbox 2872 662 3013 709; x_wconf 82' lang='lat' dir='ltr'><strong>esse.</strong></span> <span class='ocrx_word' id='word_1_471' title='bbox 3051 648 3290 718; x_wconf 71' lang='lat' dir='ltr'><strong>ipsortun</strong></span> <span class='ocrx_word' id='word_1_472' title='bbox 3315 649 3571 719; x_wconf 80' lang='lat' dir='ltr'><strong>episcOpo</strong></span> 
     </span>
    </p>
   </div>
   <div class='ocr_carea' id='block_1_65' title="bbox 1988 740 3569 810">
    <p class='ocr_par' dir='ltr' id='par_1_65' title="bbox 1988 740 3569 810">
     <span class='ocr_line' id='line_1_65' title="bbox 1988 740 3569 810; baseline -0.001 -15"><span class='ocrx_word' id='word_1_473' title='bbox 1988 741 2203 796; x_wconf 87' lang='lat' dir='ltr'><strong>militari</strong></span> <span class='ocrx_word' id='word_1_474' title='bbox 2233 756 2394 795; x_wconf 87' lang='lat' dir='ltr'><strong>manu</strong></span> <span class='ocrx_word' id='word_1_475' title='bbox 2419 741 2614 810; x_wconf 84' lang='lat' dir='ltr'><strong>ejecta,</strong></span> <span class='ocrx_word' id='word_1_476' title='bbox 2645 749 2807 810; x_wconf 81' lang='lat' dir='ltr'><strong>atque</strong></span> <span class='ocrx_word' id='word_1_477' title='bbox 2849 741 2900 793; x_wconf 89' lang='lat' dir='ltr'><strong>in</strong></span> <span class='ocrx_word' id='word_1_478' title='bbox 2946 740 3191 795; x_wconf 72' lang='lat' dir='ltr'><strong>exsilium</strong></span> <span class='ocrx_word' id='word_1_479' title='bbox 3220 749 3340 795; x_wconf 86' lang='lat' dir='ltr'><strong>acto</strong></span> <span class='ocrx_word' id='word_1_480' title='bbox 3361 755 3458 809; x_wconf 88' lang='lat' dir='ltr'><strong>per</strong></span> <span class='ocrx_word' id='word_1_481' title='bbox 3487 740 3569 794; x_wconf 80' lang='lat' dir='ltr'><strong>fa-</strong></span> 
     </span>
    </p>
   </div>
   <div class='ocr_carea' id='block_1_66' title="bbox 1986 829 3569 899">
    <p class='ocr_par' dir='ltr' id='par_1_66' title="bbox 1986 829 3569 899">
     <span class='ocr_line' id='line_1_66' title="bbox 1986 829 3569 899; baseline -0.001 -15"><span class='ocrx_word' id='word_1_482' title='bbox 1986 831 2219 886; x_wconf 85' lang='lat' dir='ltr'><strong>ctionem</strong></span> <span class='ocrx_word' id='word_1_483' title='bbox 2250 832 2450 896; x_wconf 74' lang='lat' dir='ltr'><strong>Acacii,</strong></span> <span class='ocrx_word' id='word_1_484' title='bbox 2484 831 2688 887; x_wconf 63' lang='lat' dir='ltr'><strong>Beroea:</strong></span> <span class='ocrx_word' id='word_1_485' title='bbox 2712 829 2948 899; x_wconf 83' lang='lat' dir='ltr'><strong>episcopi</strong></span> <span class='ocrx_word' id='word_1_486' title='bbox 2979 870 2995 892; x_wconf 91' lang='lat'><strong>,</strong></span> <span class='ocrx_word' id='word_1_487' title='bbox 3028 829 3307 899; x_wconf 73' lang='lat' dir='ltr'><strong>&#39;l‘beOphili</strong></span> <span class='ocrx_word' id='word_1_488' title='bbox 3338 830 3569 885; x_wconf 77' lang='lat' dir='ltr'><strong>Alexan-</strong></span> 
     </span>
    </p>
   </div>
   <div class='ocr_carea' id='block_1_67' title="bbox 1987 921 3573 990">
    <p class='ocr_par' dir='ltr' id='par_1_67' title="bbox 1987 921 3573 990">
     <span class='ocr_line' id='line_1_67' title="bbox 1987 921 3573 990; baseline -0.001 -15"><span class='ocrx_word' id='word_1_489' title='bbox 1987 921 2140 987; x_wconf 67' lang='lat' dir='ltr'><strong>driae,</strong></span> <span class='ocrx_word' id='word_1_490' title='bbox 2190 922 2438 977; x_wconf 81' lang='lat' dir='ltr'><strong>Antiochi</strong></span> <span class='ocrx_word' id='word_1_491' title='bbox 2492 921 2871 990; x_wconf 82' lang='lat' dir='ltr'><strong>Ptolemaidos,</strong></span> <span class='ocrx_word' id='word_1_492' title='bbox 2907 935 2961 977; x_wconf 89' lang='lat' dir='ltr'><strong>et</strong></span> <span class='ocrx_word' id='word_1_493' title='bbox 3004 922 3287 977; x_wconf 74' lang='lat' dir='ltr'><strong>.Severiani</strong></span> <span class='ocrx_word' id='word_1_494' title='bbox 3340 921 3573 978; x_wconf 84' lang='lat' dir='ltr'><strong>Gabalo-</strong></span> 
     </span>
    </p>
   </div>
   <div class='ocr_carea' id='block_1_68' title="bbox 1986 1014 3565 1083">
    <p class='ocr_par' dir='ltr' id='par_1_68' title="bbox 1986 1014 3565 1083">
     <span class='ocr_line' id='line_1_68' title="bbox 1986 1014 3565 1083; baseline 0.001 -15"><span class='ocrx_word' id='word_1_495' title='bbox 1986 1030 2129 1068; x_wconf 87' lang='lat' dir='ltr'><strong>rum.</strong></span> <span class='ocrx_word' id='word_1_496' title='bbox 2180 1014 2383 1070; x_wconf 84' lang='lat' dir='ltr'><strong>Interea</strong></span> <span class='ocrx_word' id='word_1_497' title='bbox 2430 1014 3565 1083; x_wconf 50' lang='lat' dir='ltr'><strong>brericulumprmdictiGcrmanuset.Cas—</strong></span> 
     </span>
    </p>
   </div>
   <div class='ocr_carea' id='block_1_69' title="bbox 1988 1107 3573 1178">
    <p class='ocr_par' dir='ltr' id='par_1_69' title="bbox 1988 1107 3573 1178">
     <span class='ocr_line' id='line_1_69' title="bbox 1988 1107 3573 1178; baseline 0.001 -16"><span class='ocrx_word' id='word_1_498' title='bbox 1988 1107 2170 1162; x_wconf 77' lang='lat' dir='ltr'><strong>uiantis</strong></span> <span class='ocrx_word' id='word_1_499' title='bbox 2212 1108 2604 1173; x_wconf 85' lang='lat' dir='ltr'><strong>ostenderunt,</strong></span> <span class='ocrx_word' id='word_1_500' title='bbox 2648 1122 2754 1178; x_wconf 91' lang='lat' dir='ltr'><strong>quo</strong></span> <span class='ocrx_word' id='word_1_501' title='bbox 2784 1108 3016 1177; x_wconf 60' lang='lat' dir='ltr'><strong>pretiosa</strong></span> <span class='ocrx_word' id='word_1_502' title='bbox 3069 1123 3191 1163; x_wconf 76' lang='lat' dir='ltr'><strong>vasa</strong></span> <span class='ocrx_word' id='word_1_503' title='bbox 3244 1109 3573 1163; x_wconf 65' lang='lat' dir='ltr'><strong>tradiderant</strong></span> 
     </span>
    </p>
   </div>
   <div class='ocr_carea' id='block_1_70' title="bbox 1988 1199 3573 1272">
    <p class='ocr_par' dir='ltr' id='par_1_70' title="bbox 1988 1199 3573 1272">
     <span class='ocr_line' id='line_1_70' title="bbox 1988 1199 3573 1272; baseline 0.001 -17"><span class='ocrx_word' id='word_1_504' title='bbox 1988 1214 2169 1255; x_wconf 87' lang='lat' dir='ltr'><strong>coram</strong></span> <span class='ocrx_word' id='word_1_505' title='bbox 2192 1199 2481 1269; x_wconf 86' lang='lat' dir='ltr'><strong>jndicibus,</strong></span> <span class='ocrx_word' id='word_1_506' title='bbox 2496 1200 2685 1255; x_wconf 89' lang='lat' dir='ltr'><strong>Studia</strong></span> <span class='ocrx_word' id='word_1_507' title='bbox 2703 1199 2958 1270; x_wconf 69' lang='lat' dir='ltr'><strong>praelecto</strong></span> <span class='ocrx_word' id='word_1_508' title='bbox 2971 1199 3150 1263; x_wconf 86' lang='lat' dir='ltr'><strong>Urbis,</strong></span> <span class='ocrx_word' id='word_1_509' title='bbox 3166 1209 3221 1255; x_wconf 83' lang='lat' dir='ltr'><strong>et</strong></span> <span class='ocrx_word' id='word_1_510' title='bbox 3243 1202 3573 1272; x_wconf 81' lang='lat' dir='ltr'><strong>Eutychiano</strong></span> 
     </span>
    </p>
   </div>
   <div class='ocr_carea' id='block_1_71' title="bbox 1988 1291 3570 1360">
    <p class='ocr_par' dir='ltr' id='par_1_71' title="bbox 1988 1291 3570 1360">
     <span class='ocr_line' id='line_1_71' title="bbox 1988 1291 3570 1360; baseline 0.001 -13"><span class='ocrx_word' id='word_1_511' title='bbox 1988 1291 2243 1359; x_wconf 75' lang='lat' dir='ltr'><strong>prazl&#39;ecto</strong></span> <span class='ocrx_word' id='word_1_512' title='bbox 2287 1291 2555 1360; x_wconf 57' lang='lat' dir='ltr'><strong>Praeterii,</strong></span> <span class='ocrx_word' id='word_1_513' title='bbox 2585 1301 2641 1348; x_wconf 93' lang='lat' dir='ltr'><strong>et</strong></span> <span class='ocrx_word' id='word_1_514' title='bbox 2666 1291 2875 1349; x_wconf 85' lang='lat' dir='ltr'><strong>Joanne</strong></span> <span class='ocrx_word' id='word_1_515' title='bbox 2914 1292 3111 1349; x_wconf 86' lang='lat' dir='ltr'><strong>comite</strong></span> <span class='ocrx_word' id='word_1_516' title='bbox 3151 1292 3570 1357; x_wconf 81' lang='lat' dir='ltr'><strong>thesaurortnu,</strong></span> 
     </span>
    </p>
   </div>
   <div class='ocr_carea' id='block_1_72' title="bbox 1989 1383 3572 1454">
    <p class='ocr_par' dir='ltr' id='par_1_72' title="bbox 1989 1383 3572 1454">
     <span class='ocr_line' id='line_1_72' title="bbox 1989 1383 3572 1454; baseline 0.001 -15"><span class='ocrx_word' id='word_1_517' title='bbox 1989 1392 2044 1439; x_wconf 89' lang='lat' dir='ltr'><strong>ot</strong></span> <span class='ocrx_word' id='word_1_518' title='bbox 2086 1383 2367 1439; x_wconf 83' lang='lat' dir='ltr'><strong>Eustathio</strong></span> <span class='ocrx_word' id='word_1_519' title='bbox 2388 1394 2665 1454; x_wconf 74' lang='lat' dir='ltr'><strong>quzestore</strong></span> <span class='ocrx_word' id='word_1_520' title='bbox 2695 1423 2712 1451; x_wconf 89' lang='lat'><strong>,</strong></span> <span class='ocrx_word' id='word_1_521' title='bbox 2762 1400 2827 1440; x_wconf 80' lang='lat' dir='ltr'><strong>ac</strong></span> <span class='ocrx_word' id='word_1_522' title='bbox 2864 1384 3139 1440; x_wconf 81' lang='lat' dir='ltr'><strong>tabulariis</strong></span> <span class='ocrx_word' id='word_1_523' title='bbox 3167 1424 3183 1450; x_wconf 88' lang='lat'><strong>,</strong></span> <span class='ocrx_word' id='word_1_524' title='bbox 3230 1386 3280 1439; x_wconf 91' lang='lat' dir='ltr'><strong>in</strong></span> <span class='ocrx_word' id='word_1_525' title='bbox 3310 1400 3464 1449; x_wconf 83' lang='lat' dir='ltr'><strong>auro,</strong></span> <span class='ocrx_word' id='word_1_526' title='bbox 3487 1401 3572 1441; x_wconf 85' lang='lat' dir='ltr'><strong>ar-</strong></span> 
     </span>
    </p>
   </div>
   <div class='ocr_carea' id='block_1_73' title="bbox 1986 1473 3572 1547">
    <p class='ocr_par' dir='ltr' id='par_1_73' title="bbox 1986 1473 3572 1547">
     <span class='ocr_line' id='line_1_73' title="bbox 1986 1473 3572 1547; baseline 0.001 -18"><span class='ocrx_word' id='word_1_527' title='bbox 1986 1483 2151 1544; x_wconf 83' lang='lat' dir='ltr'><strong>gento</strong></span> <span class='ocrx_word' id='word_1_528' title='bbox 2174 1484 2231 1529; x_wconf 91' lang='lat' dir='ltr'><strong>et</strong></span> <span class='ocrx_word' id='word_1_529' title='bbox 2250 1474 2512 1540; x_wconf 68' lang='lat' dir='ltr'><strong>restibus,</strong></span> <span class='ocrx_word' id='word_1_530' title='bbox 2541 1475 2862 1531; x_wconf 76' lang='lat' dir='ltr'><strong>calumniam</strong></span> <span class='ocrx_word' id='word_1_531' title='bbox 2889 1490 2923 1530; x_wconf 86' lang='lat' dir='ltr'><strong>a</strong></span> <span class='ocrx_word' id='word_1_532' title='bbox 2944 1473 3157 1530; x_wconf 86' lang='lat' dir='ltr'><strong>Joanne</strong></span> <span class='ocrx_word' id='word_1_533' title='bbox 3180 1476 3434 1547; x_wconf 75' lang='lat' dir='ltr'><strong>episcOpo</strong></span> <span class='ocrx_word' id='word_1_534' title='bbox 3472 1477 3572 1530; x_wconf 83' lang='lat' dir='ltr'><strong>de-</strong></span> 
     </span>
    </p>
   </div>
   <div class='ocr_carea' id='block_1_74' title="bbox 1991 1566 3575 1636">
    <p class='ocr_par' dir='ltr' id='par_1_74' title="bbox 1991 1566 3575 1636">
     <span class='ocr_line' id='line_1_74' title="bbox 1991 1566 3575 1636; baseline 0.001 -16"><span class='ocrx_word' id='word_1_535' title='bbox 1991 1566 2271 1636; x_wconf 87' lang='lat' dir='ltr'><strong>pellentes.</strong></span> <span class='ocrx_word' id='word_1_536' title='bbox 2323 1566 2453 1622; x_wconf 88' lang='lat' dir='ltr'><strong>Post</strong></span> <span class='ocrx_word' id='word_1_537' title='bbox 2500 1567 2624 1622; x_wconf 90' lang='lat' dir='ltr'><strong>illos</strong></span> <span class='ocrx_word' id='word_1_538' title='bbox 2665 1567 2845 1622; x_wconf 90' lang='lat' dir='ltr'><strong>denuo</strong></span> <span class='ocrx_word' id='word_1_539' title='bbox 2884 1569 3030 1622; x_wconf 77' lang='lat' dir='ltr'><strong>venit</strong></span> <span class='ocrx_word' id='word_1_540' title='bbox 3062 1568 3396 1632; x_wconf 78' lang='lat' dir='ltr'><strong>Demetrius,</strong></span> <span class='ocrx_word' id='word_1_541' title='bbox 3442 1568 3575 1622; x_wconf 82' lang='lat' dir='ltr'><strong>Pisi-</strong></span> 
     </span>
    </p>
   </div>
   <div class='ocr_carea' id='block_1_75' title="bbox 1988 1659 3575 1732">
    <p class='ocr_par' dir='ltr' id='par_1_75' title="bbox 1988 1659 3575 1732">
     <span class='ocr_line' id='line_1_75' title="bbox 1988 1659 3575 1732; baseline 0.003 -19"><span class='ocrx_word' id='word_1_542' title='bbox 1988 1659 2169 1714; x_wconf 88' lang='lat' dir='ltr'><strong>nuntis</strong></span> <span class='ocrx_word' id='word_1_543' title='bbox 2184 1660 2488 1731; x_wconf 85' lang='lat' dir='ltr'><strong>episcopus,</strong></span> <span class='ocrx_word' id='word_1_544' title='bbox 2503 1660 2596 1730; x_wconf 91' lang='lat' dir='ltr'><strong>qui</strong></span> <span class='ocrx_word' id='word_1_545' title='bbox 2615 1659 2886 1716; x_wconf 72' lang='lat' dir='ltr'><strong>Orientem</strong></span> <span class='ocrx_word' id='word_1_546' title='bbox 2904 1670 3259 1732; x_wconf 85' lang='lat' dir='ltr'><strong>percurrerat,</strong></span> <span class='ocrx_word' id='word_1_547' title='bbox 3272 1662 3575 1732; x_wconf 63' lang='lat' dir='ltr'><strong>praedicans</strong></span> 
     </span>
    </p>
   </div>
   <div class='ocr_carea' id='block_1_76' title="bbox 1989 1750 3570 1824">
    <p class='ocr_par' dir='ltr' id='par_1_76' title="bbox 1989 1750 3570 1824">
     <span class='ocr_line' id='line_1_76' title="bbox 1989 1750 3570 1824; baseline 0.002 -19"><span class='ocrx_word' id='word_1_548' title='bbox 1989 1750 2352 1806; x_wconf 79' lang='lat' dir='ltr'><strong>Romanorum</strong></span> <span class='ocrx_word' id='word_1_549' title='bbox 2396 1752 2829 1807; x_wconf 87' lang='lat' dir='ltr'><strong>communionem</strong></span> <span class='ocrx_word' id='word_1_550' title='bbox 2864 1768 2995 1808; x_wconf 86' lang='lat' dir='ltr'><strong>cum</strong></span> <span class='ocrx_word' id='word_1_551' title='bbox 3042 1753 3246 1807; x_wconf 88' lang='lat' dir='ltr'><strong>Joanne</strong></span> <span class='ocrx_word' id='word_1_552' title='bbox 3273 1755 3527 1824; x_wconf 81' lang='lat' dir='ltr'><strong>episcopo</strong></span> <span class='ocrx_word' id='word_1_553' title='bbox 3554 1797 3570 1818; x_wconf 95' lang='lat'><strong>,</strong></span> 
     </span>
    </p>
   </div>
   <div class='ocr_carea' id='block_1_77' title="bbox 1988 1845 3575 1917">
    <p class='ocr_par' dir='ltr' id='par_1_77' title="bbox 1988 1845 3575 1917">
     <span class='ocr_line' id='line_1_77' title="bbox 1988 1845 3575 1917; baseline 0.001 -19"><span class='ocrx_word' id='word_1_554' title='bbox 1988 1845 2220 1899; x_wconf 83' lang='lat' dir='ltr'><strong>ostensis</strong></span> <span class='ocrx_word' id='word_1_555' title='bbox 2246 1860 2395 1914; x_wconf 77' lang='lat' dir='ltr'><strong>papa:</strong></span> <span class='ocrx_word' id='word_1_556' title='bbox 2418 1845 2715 1899; x_wconf 86' lang='lat' dir='ltr'><strong>Innocentii</strong></span> <span class='ocrx_word' id='word_1_557' title='bbox 2753 1846 2941 1909; x_wconf 85' lang='lat' dir='ltr'><strong>litoris,</strong></span> <span class='ocrx_word' id='word_1_558' title='bbox 2970 1845 3200 1901; x_wconf 79' lang='lat' dir='ltr'><strong>aﬂ&#39;crens</strong></span> <span class='ocrx_word' id='word_1_559' title='bbox 3229 1846 3481 1917; x_wconf 85' lang='lat' dir='ltr'><strong>epistolas</strong></span> <span class='ocrx_word' id='word_1_560' title='bbox 3506 1846 3575 1899; x_wconf 88' lang='lat' dir='ltr'><strong>ab</strong></span> 
     </span>
    </p>
   </div>
   <div class='ocr_carea' id='block_1_78' title="bbox 1989 1933 3571 2006">
    <p class='ocr_par' dir='ltr' id='par_1_78' title="bbox 1989 1933 3571 2006">
     <span class='ocr_line' id='line_1_78' title="bbox 1989 1933 3571 2006; baseline 0.001 -18"><span class='ocrx_word' id='word_1_561' title='bbox 1989 1934 2253 2006; x_wconf 87' lang='lat' dir='ltr'><strong>episcopis</strong></span> <span class='ocrx_word' id='word_1_562' title='bbox 2281 1933 2452 1990; x_wconf 79' lang='lat' dir='ltr'><strong>Cariae</strong></span> <span class='ocrx_word' id='word_1_563' title='bbox 2477 1977 2491 2000; x_wconf 93' lang='lat'><strong>,</strong></span> <span class='ocrx_word' id='word_1_564' title='bbox 2522 1936 2716 2004; x_wconf 90' lang='lat' dir='ltr'><strong>quibus</strong></span> <span class='ocrx_word' id='word_1_565' title='bbox 2774 1936 2846 1990; x_wconf 83' lang='lat' dir='ltr'><strong>illi</strong></span> <span class='ocrx_word' id='word_1_566' title='bbox 2877 1936 3098 1990; x_wconf 86' lang='lat' dir='ltr'><strong>Joannis</strong></span> <span class='ocrx_word' id='word_1_567' title='bbox 3140 1936 3571 1990; x_wconf 85' lang='lat' dir='ltr'><strong>communionem</strong></span> 
     </span>
    </p>
   </div>
   <div class='ocr_carea' id='block_1_79' title="bbox 1991 2025 3570 2095">
    <p class='ocr_par' dir='ltr' id='par_1_79' title="bbox 1991 2025 3570 2095">
     <span class='ocr_line' id='line_1_79' title="bbox 1991 2025 3570 2095; baseline -0.002 -16"><span class='ocrx_word' id='word_1_568' title='bbox 1991 2025 2443 2093; x_wconf 80' lang='lat' dir='ltr'><strong>complectuntur,</strong></span> <span class='ocrx_word' id='word_1_569' title='bbox 2478 2034 2640 2095; x_wconf 79' lang='lat' dir='ltr'><strong>atque</strong></span> <span class='ocrx_word' id='word_1_570' title='bbox 2664 2025 2796 2083; x_wconf 86' lang='lat' dir='ltr'><strong>alias</strong></span> <span class='ocrx_word' id='word_1_571' title='bbox 2823 2041 2852 2079; x_wconf 89' lang='lat' dir='ltr'><strong>a</strong></span> <span class='ocrx_word' id='word_1_572' title='bbox 2902 2025 3230 2095; x_wconf 67' lang='lat' dir='ltr'><strong>presbyteris</strong></span> <span class='ocrx_word' id='word_1_573' title='bbox 3255 2026 3570 2088; x_wconf 71' lang='lat' dir='ltr'><strong>Antiochiae,</strong></span> 
     </span>
    </p>
   </div>
   <div class='ocr_carea' id='block_1_80' title="bbox 1991 2115 3571 2186">
    <p class='ocr_par' dir='ltr' id='par_1_80' title="bbox 1991 2115 3571 2186">
     <span class='ocr_line' id='line_1_80' title="bbox 1991 2115 3571 2186; baseline -0.001 -16"><span class='ocrx_word' id='word_1_574' title='bbox 1991 2115 2187 2186; x_wconf 86' lang='lat' dir='ltr'><strong>quibus</strong></span> <span class='ocrx_word' id='word_1_575' title='bbox 2218 2115 2579 2169; x_wconf 82' lang='lat' dir='ltr'><strong>Romanorum</strong></span> <span class='ocrx_word' id='word_1_576' title='bbox 2600 2115 2939 2183; x_wconf 86' lang='lat' dir='ltr'><strong>disciplinam</strong></span> <span class='ocrx_word' id='word_1_577' title='bbox 2962 2126 3279 2184; x_wconf 76' lang='lat' dir='ltr'><strong>somniatur,</strong></span> <span class='ocrx_word' id='word_1_578' title='bbox 3302 2124 3357 2169; x_wconf 81' lang='lat' dir='ltr'><strong>et</strong></span> <span class='ocrx_word' id='word_1_579' title='bbox 3385 2115 3571 2185; x_wconf 78' lang='lat' dir='ltr'><strong>deplo~</strong></span> 
     </span>
    </p>
   </div>
   <div class='ocr_carea' id='block_1_81' title="bbox 1991 2205 3572 2277">
    <p class='ocr_par' dir='ltr' id='par_1_81' title="bbox 1991 2205 3572 2277">
     <span class='ocr_line' id='line_1_81' title="bbox 1991 2205 3572 2277; baseline -0.002 -15"><span class='ocrx_word' id='word_1_580' title='bbox 1991 2215 2113 2262; x_wconf 84' lang='lat' dir='ltr'><strong>rant</strong></span> <span class='ocrx_word' id='word_1_581' title='bbox 2159 2206 2439 2277; x_wconf 84' lang='lat' dir='ltr'><strong>Porphyrii</strong></span> <span class='ocrx_word' id='word_1_582' title='bbox 2483 2205 2875 2261; x_wconf 78' lang='lat' dir='ltr'><strong>ordinationem</strong></span> <span class='ocrx_word' id='word_1_583' title='bbox 2920 2205 3111 2259; x_wconf 82' lang='lat' dir='ltr'><strong>factam</strong></span> <span class='ocrx_word' id='word_1_584' title='bbox 3150 2214 3344 2260; x_wconf 82' lang='lat' dir='ltr'><strong>contra</strong></span> <span class='ocrx_word' id='word_1_585' title='bbox 3393 2206 3486 2271; x_wconf 87' lang='lat' dir='ltr'><strong>jus</strong></span> <span class='ocrx_word' id='word_1_586' title='bbox 3517 2215 3572 2259; x_wconf 87' lang='lat' dir='ltr'><strong>et</strong></span> 
     </span>
    </p>
   </div>
   <div class='ocr_carea' id='block_1_82' title="bbox 1991 2297 3571 2368">
    <p class='ocr_par' dir='ltr' id='par_1_82' title="bbox 1991 2297 3571 2368">
     <span class='ocr_line' id='line_1_82' title="bbox 1991 2297 3571 2368; baseline -0.001 -16"><span class='ocrx_word' id='word_1_587' title='bbox 1991 2299 2089 2353; x_wconf 83' lang='lat' dir='ltr'><strong>las.</strong></span> <span class='ocrx_word' id='word_1_588' title='bbox 2133 2298 2261 2353; x_wconf 82' lang='lat' dir='ltr'><strong>Post</strong></span> <span class='ocrx_word' id='word_1_589' title='bbox 2306 2313 2443 2368; x_wconf 88' lang='lat' dir='ltr'><strong>quos</strong></span> <span class='ocrx_word' id='word_1_590' title='bbox 2488 2298 2851 2355; x_wconf 73' lang='lat' dir='ltr'><strong>onmesronit</strong></span> <span class='ocrx_word' id='word_1_591' title='bbox 2893 2297 3170 2368; x_wconf 80' lang='lat' dir='ltr'><strong>presbyter</strong></span> <span class='ocrx_word' id='word_1_592' title='bbox 3222 2297 3571 2359; x_wconf 77' lang='lat' dir='ltr'><strong>Domitianus,</strong></span> 
     </span>
    </p>
   </div>
   <div class='ocr_carea' id='block_1_83' title="bbox 1991 2387 3575 2458">
    <p class='ocr_par' dir='ltr' id='par_1_83' title="bbox 1991 2387 3575 2458">
     <span class='ocr_line' id='line_1_83' title="bbox 1991 2387 3575 2458; baseline -0.003 -12"><span class='ocrx_word' id='word_1_593' title='bbox 1991 2404 2302 2446; x_wconf 67' lang='lat' dir='ltr'><strong>(acerrumus</strong></span> <span class='ocrx_word' id='word_1_594' title='bbox 2331 2390 2584 2445; x_wconf 67' lang='lat' dir='ltr'><strong>Ecclesiae</strong></span> <span class='ocrx_word' id='word_1_595' title='bbox 2602 2388 3225 2458; x_wconf 12' lang='lat' dir='ltr'><strong>Constantinopolitanae,</strong></span> <span class='ocrx_word' id='word_1_596' title='bbox 3254 2397 3313 2442; x_wconf 85' lang='lat' dir='ltr'><strong>et</strong></span> <span class='ocrx_word' id='word_1_597' title='bbox 3332 2387 3575 2456; x_wconf 79' lang='lat' dir='ltr'><strong>Vallagas</strong></span> 
     </span>
    </p>
   </div>
   <div class='ocr_carea' id='block_1_84' title="bbox 1992 2479 3576 2552">
    <p class='ocr_par' dir='ltr' id='par_1_84' title="bbox 1992 2479 3576 2552">
     <span class='ocr_line' id='line_1_84' title="bbox 1992 2479 3576 2552; baseline -0.004 -17"><span class='ocrx_word' id='word_1_598' title='bbox 1992 2481 2231 2552; x_wconf 86' lang='lat' dir='ltr'><strong>quidam,</strong></span> <span class='ocrx_word' id='word_1_599' title='bbox 2263 2481 2544 2552; x_wconf 73' lang='lat' dir='ltr'><strong>presbyter</strong></span> <span class='ocrx_word' id='word_1_600' title='bbox 2585 2480 2872 2534; x_wconf 75' lang='lat' dir='ltr'><strong>Nisibenus</strong></span> <span class='ocrx_word' id='word_1_601' title='bbox 2899 2521 2913 2541; x_wconf 93' lang='lat'><strong>,</strong></span> <span class='ocrx_word' id='word_1_602' title='bbox 2953 2494 3179 2533; x_wconf 85' lang='lat' dir='ltr'><strong>narrans</strong></span> <span class='ocrx_word' id='word_1_603' title='bbox 3217 2479 3576 2534; x_wconf 73' lang='lat' dir='ltr'><strong>monasterio-</strong></span> 
     </span>
    </p>
   </div>
   <div class='ocr_carea' id='block_1_85' title="bbox 1990 2571 3574 2644">
    <p class='ocr_par' dir='ltr' id='par_1_85' title="bbox 1990 2571 3574 2644">
     <span class='ocr_line' id='line_1_85' title="bbox 1990 2571 3574 2644; baseline -0.004 -15"><span class='ocrx_word' id='word_1_604' title='bbox 1990 2590 2112 2630; x_wconf 82' lang='lat' dir='ltr'><strong>rum</strong></span> <span class='ocrx_word' id='word_1_605' title='bbox 2144 2589 2265 2644; x_wconf 77' lang='lat' dir='ltr'><strong>quze</strong></span> <span class='ocrx_word' id='word_1_606' title='bbox 2318 2582 2446 2629; x_wconf 83' lang='lat' dir='ltr'><strong>sunt</strong></span> <span class='ocrx_word' id='word_1_607' title='bbox 2503 2573 2557 2627; x_wconf 91' lang='lat' dir='ltr'><strong>in</strong></span> <span class='ocrx_word' id='word_1_608' title='bbox 2611 2571 2995 2643; x_wconf 75' lang='lat' dir='ltr'><strong>Mesopotamia</strong></span> <span class='ocrx_word' id='word_1_609' title='bbox 3047 2571 3438 2626; x_wconf 83' lang='lat' dir='ltr'><strong>al‘lliet-ionem:</strong></span> <span class='ocrx_word' id='word_1_610' title='bbox 3487 2575 3574 2639; x_wconf 84' lang='lat' dir='ltr'><strong>qui</strong></span> 
     </span>
    </p>
   </div>
   <div class='ocr_carea' id='block_1_86' title="bbox 1989 2662 3573 2734">
    <p class='ocr_par' dir='ltr' id='par_1_86' title="bbox 1989 2662 3573 2734">
     <span class='ocr_line' id='line_1_86' title="bbox 1989 2662 3573 2734; baseline -0.004 -15"><span class='ocrx_word' id='word_1_611' title='bbox 1989 2666 2152 2720; x_wconf 88' lang='lat' dir='ltr'><strong>etiam</strong></span> <span class='ocrx_word' id='word_1_612' title='bbox 2186 2664 2531 2719; x_wconf 79' lang='lat' dir='ltr'><strong>reddiderunt</strong></span> <span class='ocrx_word' id='word_1_613' title='bbox 2552 2663 2729 2733; x_wconf 85' lang='lat' dir='ltr'><strong>Optati</strong></span> <span class='ocrx_word' id='word_1_614' title='bbox 2758 2662 3030 2734; x_wconf 84' lang='lat' dir='ltr'><strong>cujusdam</strong></span> <span class='ocrx_word' id='word_1_615' title='bbox 3073 2662 3307 2731; x_wconf 76' lang='lat' dir='ltr'><strong>prmfecti</strong></span> <span class='ocrx_word' id='word_1_616' title='bbox 3349 2672 3488 2726; x_wconf 86' lang='lat' dir='ltr'><strong>acta,</strong></span> <span class='ocrx_word' id='word_1_617' title='bbox 3524 2663 3573 2714; x_wconf 87' lang='lat' dir='ltr'><strong>iu</strong></span> 
     </span>
    </p>
   </div>
   <div class='ocr_carea' id='block_1_87' title="bbox 1991 2751 3577 2825">
    <p class='ocr_par' dir='ltr' id='par_1_87' title="bbox 1991 2751 3577 2825">
     <span class='ocr_line' id='line_1_87' title="bbox 1991 2751 3577 2825; baseline -0.002 -16"><span class='ocrx_word' id='word_1_618' title='bbox 1991 2754 2185 2824; x_wconf 86' lang='lat' dir='ltr'><strong>quibus</strong></span> <span class='ocrx_word' id='word_1_619' title='bbox 2214 2754 2453 2811; x_wconf 74' lang='lat' dir='ltr'><strong>honcsue</strong></span> <span class='ocrx_word' id='word_1_620' title='bbox 2489 2753 2740 2810; x_wconf 87' lang='lat' dir='ltr'><strong>mulieres</strong></span> <span class='ocrx_word' id='word_1_621' title='bbox 2772 2768 2845 2809; x_wconf 81' lang='lat' dir='ltr'><strong>ex</strong></span> <span class='ocrx_word' id='word_1_622' title='bbox 2887 2768 3086 2825; x_wconf 79' lang='lat' dir='ltr'><strong>genere</strong></span> <span class='ocrx_word' id='word_1_623' title='bbox 3116 2751 3426 2821; x_wconf 80' lang='lat' dir='ltr'><strong>consulum,</strong></span> <span class='ocrx_word' id='word_1_624' title='bbox 3465 2751 3577 2808; x_wconf 83' lang='lat' dir='ltr'><strong>dia-</strong></span> 
     </span>
    </p>
   </div>
   <div class='ocr_carea' id='block_1_88' title="bbox 1991 2845 3575 2917">
    <p class='ocr_par' dir='ltr' id='par_1_88' title="bbox 1991 2845 3575 2917">
     <span class='ocr_line' id='line_1_88' title="bbox 1991 2845 3575 2917; baseline -0.003 -14"><span class='ocrx_word' id='word_1_625' title='bbox 1991 2849 2217 2903; x_wconf 77' lang='lat' dir='ltr'><strong>eon&#39;issae</strong></span> <span class='ocrx_word' id='word_1_626' title='bbox 2231 2846 2487 2904; x_wconf 65' lang='lat' dir='ltr'><strong>Ecclesiae</strong></span> <span class='ocrx_word' id='word_1_627' title='bbox 2500 2847 3199 2917; x_wconf 63' lang='lat' dir='ltr'><strong>Constantinopolitanacjn</strong></span> <span class='ocrx_word' id='word_1_628' title='bbox 3213 2847 3385 2904; x_wconf 91' lang='lat' dir='ltr'><strong>oculis</strong></span> <span class='ocrx_word' id='word_1_629' title='bbox 3396 2845 3575 2915; x_wconf 80' lang='lat' dir='ltr'><strong>populi</strong></span> 
     </span>
    </p>
   </div>
   <div class='ocr_carea' id='block_1_89' title="bbox 1992 2936 3574 3005">
    <p class='ocr_par' dir='ltr' id='par_1_89' title="bbox 1992 2936 3574 3005">
     <span class='ocr_line' id='line_1_89' title="bbox 1992 2936 3574 3005; baseline -0.002 -13"><span class='ocrx_word' id='word_1_630' title='bbox 1992 2937 2059 2992; x_wconf 86' lang='lat' dir='ltr'><strong>ad</strong></span> <span class='ocrx_word' id='word_1_631' title='bbox 2087 2954 2209 2994; x_wconf 89' lang='lat' dir='ltr'><strong>eum</strong></span> <span class='ocrx_word' id='word_1_632' title='bbox 2239 2939 2528 3005; x_wconf 78' lang='lat' dir='ltr'><strong>ducamur,</strong></span> <span class='ocrx_word' id='word_1_633' title='bbox 2558 2946 2761 2993; x_wconf 77' lang='lat' dir='ltr'><strong>coactae</strong></span> <span class='ocrx_word' id='word_1_634' title='bbox 2787 2945 2880 2991; x_wconf 87' lang='lat' dir='ltr'><strong>aut</strong></span> <span class='ocrx_word' id='word_1_635' title='bbox 2918 2936 3311 2992; x_wconf 77' lang='lat' dir='ltr'><strong>communicare</strong></span> <span class='ocrx_word' id='word_1_636' title='bbox 3337 2936 3574 2998; x_wconf 82' lang='lat' dir='ltr'><strong>Arsacia,</strong></span> 
     </span>
    </p>
   </div>
   <div class='ocr_carea' id='block_1_90' title="bbox 1991 3027 3575 3086">
    <p class='ocr_par' dir='ltr' id='par_1_90' title="bbox 1991 3027 3575 3086">
     <span class='ocr_line' id='line_1_90' title="bbox 1991 3027 3575 3086; baseline -0.002 -3"><span class='ocrx_word' id='word_1_637' title='bbox 1991 3039 2083 3083; x_wconf 74' lang='lat' dir='ltr'><strong>aut</strong></span> <span class='ocrx_word' id='word_1_638' title='bbox 2113 3030 2389 3085; x_wconf 82' lang='lat' dir='ltr'><strong>liscodare</strong></span> <span class='ocrx_word' id='word_1_639' title='bbox 2414 3031 2671 3086; x_wconf 82' lang='lat' dir='ltr'><strong>ducentas</strong></span> <span class='ocrx_word' id='word_1_640' title='bbox 2706 3028 2828 3084; x_wconf 86' lang='lat' dir='ltr'><strong>auri</strong></span> <span class='ocrx_word' id='word_1_641' title='bbox 2861 3029 3044 3085; x_wconf 87' lang='lat' dir='ltr'><strong>libras.</strong></span> <span class='ocrx_word' id='word_1_642' title='bbox 3079 3031 3153 3084; x_wconf 90' lang='lat' dir='ltr'><strong>De</strong></span> <span class='ocrx_word' id='word_1_643' title='bbox 3180 3029 3375 3083; x_wconf 88' lang='lat' dir='ltr'><strong>ascetis</strong></span> <span class='ocrx_word' id='word_1_644' title='bbox 3401 3037 3454 3081; x_wconf 88' lang='lat' dir='ltr'><strong>et</strong></span> <span class='ocrx_word' id='word_1_645' title='bbox 3472 3027 3575 3081; x_wconf 83' lang='lat' dir='ltr'><strong>vir-</strong></span> 
     </span>
    </p>
   </div>
   <div class='ocr_carea' id='block_1_91' title="bbox 1991 3118 3574 3192">
    <p class='ocr_par' dir='ltr' id='par_1_91' title="bbox 1991 3118 3574 3192">
     <span class='ocr_line' id='line_1_91' title="bbox 1991 3118 3574 3192; baseline -0.003 -17"><span class='ocrx_word' id='word_1_646' title='bbox 1991 3122 2202 3191; x_wconf 78' lang='lat' dir='ltr'><strong>ginibus</strong></span> <span class='ocrx_word' id='word_1_647' title='bbox 2228 3121 2355 3192; x_wconf 82' lang='lat' dir='ltr'><strong>quid</strong></span> <span class='ocrx_word' id='word_1_648' title='bbox 2377 3123 2569 3176; x_wconf 74' lang='lat' dir='ltr'><strong>attinet</strong></span> <span class='ocrx_word' id='word_1_649' title='bbox 2606 3120 2824 3175; x_wconf 76' lang='lat' dir='ltr'><strong>dicere?</strong></span> <span class='ocrx_word' id='word_1_650' title='bbox 2850 3122 2941 3190; x_wconf 91' lang='lat' dir='ltr'><strong>qui</strong></span> <span class='ocrx_word' id='word_1_651' title='bbox 2971 3119 3328 3175; x_wconf 83' lang='lat' dir='ltr'><strong>ostendebant</strong></span> <span class='ocrx_word' id='word_1_652' title='bbox 3367 3118 3574 3173; x_wconf 88' lang='lat' dir='ltr'><strong>sulcata</strong></span> 
     </span>
    </p>
   </div>
   <div class='ocr_carea' id='block_1_92' title="bbox 1996 3209 3578 3283">
    <p class='ocr_par' dir='ltr' id='par_1_92' title="bbox 1996 3209 3578 3283">
     <span class='ocr_line' id='line_1_92' title="bbox 1996 3209 3578 3283; baseline -0.004 -15"><span class='ocrx_word' id='word_1_653' title='bbox 1996 3216 2160 3270; x_wconf 86' lang='lat' dir='ltr'><strong>latera</strong></span> <span class='ocrx_word' id='word_1_654' title='bbox 2190 3216 2244 3269; x_wconf 91' lang='lat' dir='ltr'><strong>in</strong></span> <span class='ocrx_word' id='word_1_655' title='bbox 2269 3215 2459 3270; x_wconf 87' lang='lat' dir='ltr'><strong>eculeo</strong></span> <span class='ocrx_word' id='word_1_656' title='bbox 2487 3222 2542 3269; x_wconf 86' lang='lat' dir='ltr'><strong>et</strong></span> <span class='ocrx_word' id='word_1_657' title='bbox 2584 3216 2635 3268; x_wconf 90' lang='lat' dir='ltr'><strong>in</strong></span> <span class='ocrx_word' id='word_1_658' title='bbox 2669 3222 2817 3283; x_wconf 87' lang='lat' dir='ltr'><strong>tergo</strong></span> <span class='ocrx_word' id='word_1_659' title='bbox 2862 3212 3144 3267; x_wconf 83' lang='lat' dir='ltr'><strong>verberum</strong></span> <span class='ocrx_word' id='word_1_660' title='bbox 3191 3219 3366 3265; x_wconf 87' lang='lat' dir='ltr'><strong>notas.</strong></span> <span class='ocrx_word' id='word_1_661' title='bbox 3417 3209 3491 3263; x_wconf 91' lang='lat' dir='ltr'><strong>lta</strong></span> <span class='ocrx_word' id='word_1_662' title='bbox 3520 3216 3578 3262; x_wconf 87' lang='lat' dir='ltr'><strong>ut</strong></span> 
     </span>
    </p>
   </div>
   <div class='ocr_carea' id='block_1_93' title="bbox 1995 3300 3582 3377">
    <p class='ocr_par' dir='ltr' id='par_1_93' title="bbox 1995 3300 3582 3377">
     <span class='ocr_line' id='line_1_93' title="bbox 1995 3300 3582 3377; baseline -0.006 -15"><span class='ocrx_word' id='word_1_663' title='bbox 1995 3324 2100 3362; x_wconf 87' lang='lat' dir='ltr'><strong>non</strong></span> <span class='ocrx_word' id='word_1_664' title='bbox 2141 3307 2371 3377; x_wconf 81' lang='lat' dir='ltr'><strong>amplius</strong></span> <span class='ocrx_word' id='word_1_665' title='bbox 2401 3307 2670 3361; x_wconf 88' lang='lat' dir='ltr'><strong>sustinens</strong></span> <span class='ocrx_word' id='word_1_666' title='bbox 2706 3321 2838 3375; x_wconf 84' lang='lat' dir='ltr'><strong>papa</strong></span> <span class='ocrx_word' id='word_1_667' title='bbox 2879 3303 3238 3363; x_wconf 85' lang='lat' dir='ltr'><strong>Innocentius,</strong></span> <span class='ocrx_word' id='word_1_668' title='bbox 3276 3300 3480 3354; x_wconf 87' lang='lat' dir='ltr'><strong>miserit</strong></span> <span class='ocrx_word' id='word_1_669' title='bbox 3510 3300 3582 3353; x_wconf 75' lang='lat' dir='ltr'><strong>all</strong></span> 
     </span>
    </p>
   </div>
   <div class='ocr_carea' id='block_1_94' title="bbox 1995 3392 3582 3470">
    <p class='ocr_par' dir='ltr' id='par_1_94' title="bbox 1995 3392 3582 3470">
     <span class='ocr_line' id='line_1_94' title="bbox 1995 3392 3582 3470; baseline -0.005 -18"><span class='ocrx_word' id='word_1_670' title='bbox 1995 3400 2139 3470; x_wconf 88' lang='lat' dir='ltr'><strong>pium</strong></span> <span class='ocrx_word' id='word_1_671' title='bbox 2162 3399 2540 3469; x_wconf 84' lang='lat' dir='ltr'><strong>Imperatorem</strong></span> <span class='ocrx_word' id='word_1_672' title='bbox 2564 3397 2875 3462; x_wconf 86' lang='lat' dir='ltr'><strong>llonorium,</strong></span> <span class='ocrx_word' id='word_1_673' title='bbox 2905 3393 3208 3466; x_wconf 84' lang='lat' dir='ltr'><strong>singillatim</strong></span> <span class='ocrx_word' id='word_1_674' title='bbox 3232 3392 3582 3462; x_wconf 37' lang='lat' dir='ltr'><strong>qttid‘l’errcnt</strong></span> 
     </span>
    </p>
   </div>
   <div class='ocr_carea' id='block_1_95' title="bbox 1995 3482 3586 3565">
    <p class='ocr_par' dir='ltr' id='par_1_95' title="bbox 1995 3482 3586 3565">
     <span class='ocr_line' id='line_1_95' title="bbox 1995 3482 3586 3565; baseline -0.007 -20"><span class='ocrx_word' id='word_1_675' title='bbox 1995 3489 2234 3560; x_wconf 78' lang='lat' dir='ltr'><strong>epistola:</strong></span> <span class='ocrx_word' id='word_1_676' title='bbox 2260 3489 2363 3544; x_wconf 75' lang='lat' dir='ltr'><strong>illa:</strong></span> <span class='ocrx_word' id='word_1_677' title='bbox 2391 3489 2734 3565; x_wconf 81' lang='lat' dir='ltr'><strong>subjungcns.</strong></span> <span class='ocrx_word' id='word_1_678' title='bbox 2762 3486 2965 3554; x_wconf 80' lang='lat' dir='ltr'><strong>Quibus</strong></span> <span class='ocrx_word' id='word_1_679' title='bbox 2987 3497 3222 3555; x_wconf 71' lang='lat' dir='ltr'><strong>permora</strong></span> <span class='ocrx_word' id='word_1_680' title='bbox 3248 3483 3366 3553; x_wconf 82' lang='lat' dir='ltr'><strong>ejus</strong></span> <span class='ocrx_word' id='word_1_681' title='bbox 3411 3482 3586 3552; x_wconf 85' lang='lat' dir='ltr'><strong>pietas</strong></span> 
     </span>
    </p>
   </div>
   <div class='ocr_carea' id='block_1_96' title="bbox 1992 3571 3583 3653">
    <p class='ocr_par' dir='ltr' id='par_1_96' title="bbox 1992 3571 3583 3653">
     <span class='ocr_line' id='line_1_96' title="bbox 1992 3571 3583 3653; baseline -0.006 -18"><span class='ocrx_word' id='word_1_682' title='bbox 1992 3580 2145 3651; x_wconf 84' lang='lat' dir='ltr'><strong>jubet</strong></span> <span class='ocrx_word' id='word_1_683' title='bbox 2164 3579 2604 3642; x_wconf 83' lang='lat' dir='ltr'><strong>Occidentalium</strong></span> <span class='ocrx_word' id='word_1_684' title='bbox 2624 3581 2904 3653; x_wconf 81' lang='lat' dir='ltr'><strong>Synod&#39;um</strong></span> <span class='ocrx_word' id='word_1_685' title='bbox 2921 3576 3036 3646; x_wconf 85' lang='lat' dir='ltr'><strong>cogi</strong></span> <span class='ocrx_word' id='word_1_686' title='bbox 3070 3617 3084 3641; x_wconf 91' lang='lat'><strong>,</strong></span> <span class='ocrx_word' id='word_1_687' title='bbox 3123 3585 3323 3630; x_wconf 90' lang='lat' dir='ltr'><strong>etcum</strong></span> <span class='ocrx_word' id='word_1_688' title='bbox 3361 3589 3472 3627; x_wconf 78' lang='lat' dir='ltr'><strong>una</strong></span> <span class='ocrx_word' id='word_1_689' title='bbox 3509 3571 3583 3637; x_wconf 38' lang='lat' dir='ltr'><strong>sis</strong></span> 
     </span>
    </p>
   </div>
   <div class='ocr_carea' id='block_1_97' title="bbox 1999 3665 3579 3734">
    <p class='ocr_par' dir='ltr' id='par_1_97' title="bbox 1999 3665 3579 3734">
     <span class='ocr_line' id='line_1_97' title="bbox 1999 3665 3579 3734; baseline -0.004 -9"><span class='ocrx_word' id='word_1_690' title='bbox 1999 3671 2108 3725; x_wconf 88' lang='lat' dir='ltr'><strong>mul</strong></span> <span class='ocrx_word' id='word_1_691' title='bbox 2134 3670 2453 3725; x_wconf 87' lang='lat' dir='ltr'><strong>sententiam</strong></span> <span class='ocrx_word' id='word_1_692' title='bbox 2475 3668 2726 3723; x_wconf 80' lang='lat' dir='ltr'><strong>tulissent</strong></span> <span class='ocrx_word' id='word_1_693' title='bbox 2748 3708 2764 3732; x_wconf 95' lang='lat'><strong>,</strong></span> <span class='ocrx_word' id='word_1_694' title='bbox 2792 3681 2909 3721; x_wconf 89' lang='lat' dir='ltr'><strong>eam</strong></span> <span class='ocrx_word' id='word_1_695' title='bbox 2938 3665 3002 3720; x_wconf 88' lang='lat' dir='ltr'><strong>ad</strong></span> <span class='ocrx_word' id='word_1_696' title='bbox 3033 3679 3180 3719; x_wconf 89' lang='lat' dir='ltr'><strong>suam</strong></span> <span class='ocrx_word' id='word_1_697' title='bbox 3210 3665 3458 3734; x_wconf 86' lang='lat' dir='ltr'><strong>pietatem</strong></span> <span class='ocrx_word' id='word_1_698' title='bbox 3490 3678 3579 3718; x_wconf 88' lang='lat' dir='ltr'><strong>re-</strong></span> 
     </span>
    </p>
   </div>
   <div class='ocr_carea' id='block_1_98' title="bbox 1996 3756 3584 3836">
    <p class='ocr_par' dir='ltr' id='par_1_98' title="bbox 1996 3756 3584 3836">
     <span class='ocr_line' id='line_1_98' title="bbox 1996 3756 3584 3836; baseline -0.005 -18"><span class='ocrx_word' id='word_1_699' title='bbox 1996 3763 2161 3819; x_wconf 82' lang='lat' dir='ltr'><strong>l&#39;erre.</strong></span> <span class='ocrx_word' id='word_1_700' title='bbox 2189 3762 2291 3831; x_wconf 87' lang='lat' dir='ltr'><strong>Qui</strong></span> <span class='ocrx_word' id='word_1_701' title='bbox 2336 3760 2551 3833; x_wconf 89' lang='lat' dir='ltr'><strong>quidem</strong></span> <span class='ocrx_word' id='word_1_702' title='bbox 2596 3759 2834 3831; x_wconf 88' lang='lat' dir='ltr'><strong>episcopi</strong></span> <span class='ocrx_word' id='word_1_703' title='bbox 2850 3759 3025 3814; x_wconf 67' lang='lat' dir='ltr'><strong>&#39;ltalire</strong></span> <span class='ocrx_word' id='word_1_704' title='bbox 3061 3756 3398 3836; x_wconf 71' lang='lat' dir='ltr'><strong>congregati,</strong></span> <span class='ocrx_word' id='word_1_705' title='bbox 3427 3765 3584 3810; x_wconf 80' lang='lat' dir='ltr'><strong>erant</strong></span> 
     </span>
    </p>
   </div>
   <div class='ocr_carea' id='block_1_99' title="bbox 2000 3847 3585 3925">
    <p class='ocr_par' dir='ltr' id='par_1_99' title="bbox 2000 3847 3585 3925">
     <span class='ocr_line' id='line_1_99' title="bbox 2000 3847 3585 3925; baseline -0.006 -15"><span class='ocrx_word' id='word_1_706' title='bbox 2000 3855 2403 3925; x_wconf 82' lang='lat' dir='ltr'><strong>imperatorem,</strong></span> <span class='ocrx_word' id='word_1_707' title='bbox 2434 3852 2633 3907; x_wconf 88' lang='lat' dir='ltr'><strong>scribat</strong></span> <span class='ocrx_word' id='word_1_708' title='bbox 2680 3849 2832 3904; x_wconf 82' lang='lat' dir='ltr'><strong>fratri</strong></span> <span class='ocrx_word' id='word_1_709' title='bbox 2879 3864 2976 3905; x_wconf 92' lang='lat' dir='ltr'><strong>suo</strong></span> <span class='ocrx_word' id='word_1_710' title='bbox 3014 3857 3068 3903; x_wconf 83' lang='lat' dir='ltr'><strong>et</strong></span> <span class='ocrx_word' id='word_1_711' title='bbox 3106 3848 3342 3904; x_wconf 86' lang='lat' dir='ltr'><strong>causorti</strong></span> <span class='ocrx_word' id='word_1_712' title='bbox 3372 3847 3585 3925; x_wconf 87' lang='lat' dir='ltr'><strong>imperii</strong></span> 
     </span>
    </p>
   </div>
   <div class='ocr_carea' id='block_1_100' title="bbox 2001 3942 3595 4015">
    <p class='ocr_par' dir='ltr' id='par_1_100' title="bbox 2001 3942 3595 4015">
     <span class='ocr_line' id='line_1_100' title="bbox 2001 3942 3595 4015; baseline -0.006 -14"><span class='ocrx_word' id='word_1_713' title='bbox 2001 3947 2250 4013; x_wconf 80' lang='lat' dir='ltr'><strong>Arcadio,</strong></span> <span class='ocrx_word' id='word_1_714' title='bbox 2277 3954 2336 4001; x_wconf 90' lang='lat' dir='ltr'><strong>ut</strong></span> <span class='ocrx_word' id='word_1_715' title='bbox 2359 3945 2543 4015; x_wconf 85' lang='lat' dir='ltr'><strong>jubeat</strong></span> <span class='ocrx_word' id='word_1_716' title='bbox 2567 3943 2965 3998; x_wconf 76' lang='lat' dir='ltr'><strong>Thessalonica:</strong></span> <span class='ocrx_word' id='word_1_717' title='bbox 3000 3942 3277 4012; x_wconf 88' lang='lat' dir='ltr'><strong>Synodum</strong></span> <span class='ocrx_word' id='word_1_718' title='bbox 3312 3942 3446 4007; x_wconf 82' lang='lat' dir='ltr'><strong>ﬁeri,</strong></span> <span class='ocrx_word' id='word_1_719' title='bbox 3476 3956 3595 4013; x_wconf 82' lang='lat' dir='ltr'><strong>quo.</strong></span> 
     </span>
    </p>
   </div>
   <div class='ocr_carea' id='block_1_101' title="bbox 2005 4030 3592 4106">
    <p class='ocr_par' dir='ltr' id='par_1_101' title="bbox 2005 4030 3592 4106">
     <span class='ocr_line' id='line_1_101' title="bbox 2005 4030 3592 4106; baseline -0.006 -16"><span class='ocrx_word' id='word_1_720' title='bbox 2005 4037 2206 4091; x_wconf 60' lang='lat' dir='ltr'><strong>[icilius</strong></span> <span class='ocrx_word' id='word_1_721' title='bbox 2246 4045 2470 4106; x_wconf 89' lang='lat' dir='ltr'><strong>utraque</strong></span> <span class='ocrx_word' id='word_1_722' title='bbox 2495 4049 2618 4105; x_wconf 85' lang='lat' dir='ltr'><strong>pars</strong></span> <span class='ocrx_word' id='word_1_723' title='bbox 2634 4032 2876 4088; x_wconf 87' lang='lat' dir='ltr'><strong>Orientis</strong></span> <span class='ocrx_word' id='word_1_724' title='bbox 2910 4039 2964 4085; x_wconf 88' lang='lat' dir='ltr'><strong>et</strong></span> <span class='ocrx_word' id='word_1_725' title='bbox 2993 4030 3297 4086; x_wconf 87' lang='lat' dir='ltr'><strong>Occidentis</strong></span> <span class='ocrx_word' id='word_1_726' title='bbox 3333 4030 3385 4083; x_wconf 92' lang='lat' dir='ltr'><strong>in</strong></span> <span class='ocrx_word' id='word_1_727' title='bbox 3419 4046 3592 4088; x_wconf 77' lang='lat' dir='ltr'><strong>llllllllt-</strong></span> 
     </span>
    </p>
   </div>
   <div class='ocr_carea' id='block_1_102' title="bbox 2002 4121 3595 4198">
    <p class='ocr_par' dir='ltr' id='par_1_102' title="bbox 2002 4121 3595 4198">
     <span class='ocr_line' id='line_1_102' title="bbox 2002 4121 3595 4198; baseline -0.005 -18"><span class='ocrx_word' id='word_1_728' title='bbox 2002 4142 2284 4182; x_wconf 83' lang='lat' dir='ltr'><strong>accurrere</strong></span> <span class='ocrx_word' id='word_1_729' title='bbox 2333 4125 2543 4198; x_wconf 88' lang='lat' dir='ltr'><strong>possit,</strong></span> <span class='ocrx_word' id='word_1_730' title='bbox 2573 4132 2629 4180; x_wconf 91' lang='lat' dir='ltr'><strong>et</strong></span> <span class='ocrx_word' id='word_1_731' title='bbox 2671 4121 2920 4195; x_wconf 84' lang='lat' dir='ltr'><strong>Synodus</strong></span> <span class='ocrx_word' id='word_1_732' title='bbox 2958 4138 3062 4179; x_wconf 87' lang='lat' dir='ltr'><strong>non</strong></span> <span class='ocrx_word' id='word_1_733' title='bbox 3105 4121 3155 4175; x_wconf 91' lang='lat' dir='ltr'><strong>in</strong></span> <span class='ocrx_word' id='word_1_734' title='bbox 3207 4121 3595 4189; x_wconf 81' lang='lat' dir='ltr'><strong>episcoporum.</strong></span> 
     </span>
    </p>
   </div>
   <div class='ocr_carea' id='block_1_103' title="bbox 2006 4211 3586 4286">
    <p class='ocr_par' dir='ltr' id='par_1_103' title="bbox 2006 4211 3586 4286">
     <span class='ocr_line' id='line_1_103' title="bbox 2006 4211 3586 4286; baseline -0.004 -16"><span class='ocrx_word' id='word_1_735' title='bbox 2006 4232 2246 4282; x_wconf 81' lang='lat' dir='ltr'><strong>numero,</strong></span> <span class='ocrx_word' id='word_1_736' title='bbox 2278 4217 2371 4272; x_wconf 90' lang='lat' dir='ltr'><strong>sed</strong></span> <span class='ocrx_word' id='word_1_737' title='bbox 2391 4218 2442 4270; x_wconf 92' lang='lat' dir='ltr'><strong>in</strong></span> <span class='ocrx_word' id='word_1_738' title='bbox 2472 4215 2705 4286; x_wconf 87' lang='lat' dir='ltr'><strong>pondere</strong></span> <span class='ocrx_word' id='word_1_739' title='bbox 2718 4213 3001 4270; x_wconf 44' lang='lat' dir='ltr'><strong>sententia,</strong></span> <span class='ocrx_word' id='word_1_740' title='bbox 3029 4211 3280 4282; x_wconf 80' lang='lat' dir='ltr'><strong>perfecta,</strong></span> <span class='ocrx_word' id='word_1_741' title='bbox 3306 4222 3511 4264; x_wconf 86' lang='lat' dir='ltr'><strong>certum</strong></span> <span class='ocrx_word' id='word_1_742' title='bbox 3532 4221 3586 4264; x_wconf 89' lang='lat' dir='ltr'><strong>et</strong></span> 
     </span>
    </p>
   </div>
   <div class='ocr_carea' id='block_1_104' title="bbox 2007 4303 3582 4379">
    <p class='ocr_par' dir='ltr' id='par_1_104' title="bbox 2007 4303 3582 4379">
     <span class='ocr_line' id='line_1_104' title="bbox 2007 4303 3582 4379; baseline -0.007 -14"><span class='ocrx_word' id='word_1_743' title='bbox 2007 4310 2355 4365; x_wconf 85' lang='lat' dir='ltr'><strong>indubitatum</strong></span> <span class='ocrx_word' id='word_1_744' title='bbox 2378 4307 3002 4379; x_wconf 84' lang='lat' dir='ltr'><strong>l‘eratjudicium.Qnibus</strong></span> <span class='ocrx_word' id='word_1_745' title='bbox 3018 4320 3239 4363; x_wconf 85' lang='lat' dir='ltr'><strong>accensa</strong></span> <span class='ocrx_word' id='word_1_746' title='bbox 3260 4305 3376 4372; x_wconf 87' lang='lat' dir='ltr'><strong>ejus</strong></span> <span class='ocrx_word' id='word_1_747' title='bbox 3395 4303 3582 4375; x_wconf 82' lang='lat' dir='ltr'><strong>pietas,</strong></span> 
     </span>
    </p>
   </div>
   <div class='ocr_carea' id='block_1_105' title="bbox 2005 4395 3594 4472">
    <p class='ocr_par' dir='ltr' id='par_1_105' title="bbox 2005 4395 3594 4472">
     <span class='ocr_line' id='line_1_105' title="bbox 2005 4395 3594 4472; baseline -0.008 -15"><span class='ocrx_word' id='word_1_748' title='bbox 2005 4403 2260 4472; x_wconf 82' lang='lat' dir='ltr'><strong>episcopo</strong></span> <span class='ocrx_word' id='word_1_749' title='bbox 2286 4401 2498 4470; x_wconf 90' lang='lat' dir='ltr'><strong>quidem</strong></span> <span class='ocrx_word' id='word_1_750' title='bbox 2542 4400 2805 4459; x_wconf 63' lang='lat' dir='ltr'><strong>Romanis</strong></span> <span class='ocrx_word' id='word_1_751' title='bbox 2849 4397 3101 4452; x_wconf 70' lang='lat' dir='ltr'><strong>Ecclesiae</strong></span> <span class='ocrx_word' id='word_1_752' title='bbox 3142 4396 3366 4450; x_wconf 87' lang='lat' dir='ltr'><strong>scribit:</strong></span> <span class='ocrx_word' id='word_1_753' title='bbox 3415 4395 3594 4453; x_wconf 75' lang='lat' dir='ltr'><strong>mittat</strong></span> 
     </span>
    </p>
   </div>
   <div class='ocr_carea' id='block_1_106' title="bbox 2006 4482 3588 4562">
    <p class='ocr_par' dir='ltr' id='par_1_106' title="bbox 2006 4482 3588 4562">
     <span class='ocr_line' id='line_1_106' title="bbox 2006 4482 3588 4562; baseline -0.008 -17"><span class='ocrx_word' id='word_1_754' title='bbox 2006 4492 2238 4562; x_wconf 89' lang='lat' dir='ltr'><strong>quinque</strong></span> <span class='ocrx_word' id='word_1_755' title='bbox 2256 4490 2555 4561; x_wconf 86' lang='lat' dir='ltr'><strong>episcopos,</strong></span> <span class='ocrx_word' id='word_1_756' title='bbox 2600 4488 2937 4557; x_wconf 83' lang='lat' dir='ltr'><strong>presbyteros</strong></span> <span class='ocrx_word' id='word_1_757' title='bbox 2964 4493 3138 4538; x_wconf 85' lang='lat' dir='ltr'><strong>autem</strong></span> <span class='ocrx_word' id='word_1_758' title='bbox 3183 4483 3438 4537; x_wconf 68' lang='lat' dir='ltr'><strong>Romanu:</strong></span> <span class='ocrx_word' id='word_1_759' title='bbox 3476 4482 3588 4534; x_wconf 71' lang='grc' dir='ltr'><strong>Ἐυ-</strong></span> 
     </span>
    </p>
   </div>
   <div class='ocr_carea' id='block_1_107' title="bbox 2007 4572 3598 4643">
    <p class='ocr_par' dir='ltr' id='par_1_107' title="bbox 2007 4572 3598 4643">
     <span class='ocr_line' id='line_1_107' title="bbox 2007 4572 3598 4643; baseline -0.009 -4"><span class='ocrx_word' id='word_1_760' title='bbox 2007 4584 2186 4639; x_wconf 73' lang='lat' dir='ltr'><strong>clesize</strong></span> <span class='ocrx_word' id='word_1_761' title='bbox 2213 4582 2347 4637; x_wconf 89' lang='lat' dir='ltr'><strong>duos</strong></span> <span class='ocrx_word' id='word_1_762' title='bbox 2398 4590 2454 4636; x_wconf 90' lang='lat' dir='ltr'><strong>et</strong></span> <span class='ocrx_word' id='word_1_763' title='bbox 2479 4579 2761 4634; x_wconf 82' lang='lat' dir='ltr'><strong>diaconum</strong></span> <span class='ocrx_word' id='word_1_764' title='bbox 2791 4592 2973 4639; x_wconf 89' lang='lat' dir='ltr'><strong>unum,</strong></span> <span class='ocrx_word' id='word_1_765' title='bbox 3007 4574 3095 4643; x_wconf 91' lang='lat' dir='ltr'><strong>qui</strong></span> <span class='ocrx_word' id='word_1_766' title='bbox 3125 4572 3298 4628; x_wconf 72' lang='lat' dir='ltr'><strong>ferant</strong></span> <span class='ocrx_word' id='word_1_767' title='bbox 3322 4588 3471 4626; x_wconf 86' lang='lat' dir='ltr'><strong>suam</strong></span> <span class='ocrx_word' id='word_1_768' title='bbox 3520 4572 3598 4625; x_wconf 64' lang='lat' dir='ltr'><strong>ad»</strong></span> 
     </span>
    </p>
   </div>
   <div class='ocr_carea' id='block_1_108' title="bbox 2007 4663 3605 4741">
    <p class='ocr_par' dir='ltr' id='par_1_108' title="bbox 2007 4663 3605 4741">
     <span class='ocr_line' id='line_1_108' title="bbox 2007 4663 3605 4741; baseline -0.009 -12"><span class='ocrx_word' id='word_1_769' title='bbox 2007 4676 2225 4729; x_wconf 75' lang='lat' dir='ltr'><strong>fratrem</strong></span> <span class='ocrx_word' id='word_1_770' title='bbox 2265 4688 2419 4729; x_wconf 90' lang='lat' dir='ltr'><strong>suum</strong></span> <span class='ocrx_word' id='word_1_771' title='bbox 2464 4669 2764 4741; x_wconf 84' lang='lat' dir='ltr'><strong>epistolam,</strong></span> <span class='ocrx_word' id='word_1_772' title='bbox 2795 4667 2948 4736; x_wconf 88' lang='lat' dir='ltr'><strong>cujus</strong></span> <span class='ocrx_word' id='word_1_773' title='bbox 2977 4665 3092 4719; x_wconf 77' lang='lat' dir='ltr'><strong>lucc</strong></span> <span class='ocrx_word' id='word_1_774' title='bbox 3141 4663 3399 4718; x_wconf 81' lang='lat' dir='ltr'><strong>sententia</strong></span> <span class='ocrx_word' id='word_1_775' title='bbox 3448 4671 3605 4731; x_wconf 52' lang='lat' dir='ltr'><strong>erat;</strong></span> 
     </span>
    </p>
   </div>
   <div class='ocr_carea' id='block_1_109' title="bbox 2087 4756 3599 4834">
    <p class='ocr_par' dir='ltr' id='par_1_109' title="bbox 2087 4756 3599 4834">
     <span class='ocr_line' id='line_1_109' title="bbox 2087 4756 3599 4834; baseline -0.007 -16"><span class='ocrx_word' id='word_1_776' title='bbox 2087 4786 2104 4818; x_wconf 73' lang='grc' dir='ltr'><strong>ι</strong></span> <span class='ocrx_word' id='word_1_777' title='bbox 2128 4765 2308 4820; x_wconf 81' lang='lat' dir='ltr'><strong>Tertio</strong></span> <span class='ocrx_word' id='word_1_778' title='bbox 2319 4763 2427 4834; x_wconf 88' lang='lat' dir='ltr'><strong>jam</strong></span> <span class='ocrx_word' id='word_1_779' title='bbox 2457 4760 2632 4817; x_wconf 88' lang='lat' dir='ltr'><strong>scribo</strong></span> <span class='ocrx_word' id='word_1_780' title='bbox 2648 4759 2712 4816; x_wconf 91' lang='lat' dir='ltr'><strong>ad</strong></span> <span class='ocrx_word' id='word_1_781' title='bbox 2730 4756 3187 4814; x_wconf 86' lang='lat' dir='ltr'><strong>mansuetudinem</strong></span> <span class='ocrx_word' id='word_1_782' title='bbox 3215 4763 3377 4823; x_wconf 87' lang='lat' dir='ltr'><strong>tuam,</strong></span> <span class='ocrx_word' id='word_1_783' title='bbox 3390 4769 3599 4823; x_wconf 79' lang='lat' dir='ltr'><strong>rogans</strong></span> 
     </span>
    </p>
   </div>
   <div class='ocr_carea' id='block_1_110' title="bbox 2010 4848 3601 4928">
    <p class='ocr_par' dir='ltr' id='par_1_110' title="bbox 2010 4848 3601 4928">
     <span class='ocr_line' id='line_1_110' title="bbox 2010 4848 3601 4928; baseline -0.008 -16"><span class='ocrx_word' id='word_1_784' title='bbox 2010 4867 2067 4913; x_wconf 91' lang='lat' dir='ltr'><strong>nt</strong></span> <span class='ocrx_word' id='word_1_785' title='bbox 2089 4874 2207 4928; x_wconf 66' lang='lat' dir='ltr'><strong>qua:</strong></span> <span class='ocrx_word' id='word_1_786' title='bbox 2230 4873 2297 4912; x_wconf 81' lang='lat' dir='ltr'><strong>ex</strong></span> <span class='ocrx_word' id='word_1_787' title='bbox 2320 4862 2597 4926; x_wconf 88' lang='lat' dir='ltr'><strong>compacto</strong></span> <span class='ocrx_word' id='word_1_788' title='bbox 2624 4861 2807 4909; x_wconf 91' lang='lat' dir='ltr'><strong>contra</strong></span> <span class='ocrx_word' id='word_1_789' title='bbox 2821 4850 3078 4909; x_wconf 80' lang='lat' dir='ltr'><strong>Joannem</strong></span> <span class='ocrx_word' id='word_1_790' title='bbox 3098 4848 3413 4923; x_wconf 74' lang='lat' dir='ltr'><strong>episcopum</strong></span> <span class='ocrx_word' id='word_1_791' title='bbox 3444 4855 3601 4916; x_wconf 70' lang='lat' dir='ltr'><strong>gesta</strong></span> 
     </span>
    </p>
   </div>
   <div class='ocr_carea' id='block_1_111' title="bbox 2010 4938 3603 5021">
    <p class='ocr_par' dir='ltr' id='par_1_111' title="bbox 2010 4938 3603 5021">
     <span class='ocr_line' id='line_1_111' title="bbox 2010 4938 3603 5021; baseline -0.006 -16"><span class='ocrx_word' id='word_1_792' title='bbox 2010 4958 2134 5005; x_wconf 90' lang='lat' dir='ltr'><strong>sunt</strong></span> <span class='ocrx_word' id='word_1_793' title='bbox 2156 4991 2172 5016; x_wconf 92' lang='lat'><strong>,</strong></span> <span class='ocrx_word' id='word_1_794' title='bbox 2203 4949 2554 5004; x_wconf 89' lang='lat' dir='ltr'><strong>emendentur</strong></span> <span class='ocrx_word' id='word_1_795' title='bbox 2587 4964 2598 5000; x_wconf 94' lang='lat'>:</span> <span class='ocrx_word' id='word_1_796' title='bbox 2632 4955 2687 5003; x_wconf 89' lang='lat' dir='ltr'><strong>et</strong></span> <span class='ocrx_word' id='word_1_797' title='bbox 2713 4953 2769 5000; x_wconf 89' lang='lat' dir='ltr'><strong>ut</strong></span> <span class='ocrx_word' id='word_1_798' title='bbox 2798 4943 3005 5000; x_wconf 83' lang='lat' dir='ltr'><strong>videtur</strong></span> <span class='ocrx_word' id='word_1_799' title='bbox 3034 4939 3269 5005; x_wconf 80' lang='lat' dir='ltr'><strong>nondum</strong></span> <span class='ocrx_word' id='word_1_800' title='bbox 3292 4938 3603 5021; x_wconf 68' lang='lat' dir='ltr'><strong>perfectum.</strong></span> 
     </span>
    </p>
   </div>
   <div class='ocr_carea' id='block_1_112' title="bbox 2010 5032 3593 5108">
    <p class='ocr_par' dir='ltr' id='par_1_112' title="bbox 2010 5032 3593 5108">
     <span class='ocr_line' id='line_1_112' title="bbox 2010 5032 3593 5108; baseline -0.009 -10"><span class='ocrx_word' id='word_1_801' title='bbox 2010 5050 2112 5098; x_wconf 85' lang='lat' dir='ltr'><strong>est.</strong></span> <span class='ocrx_word' id='word_1_802' title='bbox 2143 5040 2317 5108; x_wconf 85' lang='lat' dir='ltr'><strong>Quare</strong></span> <span class='ocrx_word' id='word_1_803' title='bbox 2342 5038 2518 5094; x_wconf 86' lang='lat' dir='ltr'><strong>denuo</strong></span> <span class='ocrx_word' id='word_1_804' title='bbox 2542 5037 2730 5107; x_wconf 87' lang='lat' dir='ltr'><strong>scripsi</strong></span> <span class='ocrx_word' id='word_1_805' title='bbox 2774 5050 2868 5105; x_wconf 90' lang='lat' dir='ltr'><strong>per</strong></span> <span class='ocrx_word' id='word_1_806' title='bbox 2896 5033 3058 5089; x_wconf 90' lang='lat' dir='ltr'><strong>hosce</strong></span> <span class='ocrx_word' id='word_1_807' title='bbox 3082 5032 3360 5102; x_wconf 87' lang='lat' dir='ltr'><strong>episc0pos</strong></span> <span class='ocrx_word' id='word_1_808' title='bbox 3388 5039 3441 5093; x_wconf 88' lang='lat' dir='ltr'><strong>et</strong></span> <span class='ocrx_word' id='word_1_809' title='bbox 3468 5045 3593 5099; x_wconf 82' lang='lat' dir='ltr'><strong>pre-</strong></span> 
     </span>
    </p>
   </div>
   <div class='ocr_carea' id='block_1_113' title="bbox 2013 5124 3593 5207">
    <p class='ocr_par' dir='ltr' id='par_1_113' title="bbox 2013 5124 3593 5207">
     <span class='ocr_line' id='line_1_113' title="bbox 2013 5124 3593 5207; baseline -0.009 -17"><span class='ocrx_word' id='word_1_810' title='bbox 2013 5136 2294 5207; x_wconf 88' lang='lat' dir='ltr'><strong>shyteros,</strong></span> <span class='ocrx_word' id='word_1_811' title='bbox 2341 5134 2564 5188; x_wconf 90' lang='lat' dir='ltr'><strong>multum</strong></span> <span class='ocrx_word' id='word_1_812' title='bbox 2610 5128 2868 5187; x_wconf 87' lang='lat' dir='ltr'><strong>sollicitus</strong></span> <span class='ocrx_word' id='word_1_813' title='bbox 2910 5127 2977 5183; x_wconf 91' lang='lat' dir='ltr'><strong>de</strong></span> <span class='ocrx_word' id='word_1_814' title='bbox 3012 5141 3152 5198; x_wconf 82' lang='lat' dir='ltr'><strong>.pacc</strong></span> <span class='ocrx_word' id='word_1_815' title='bbox 3193 5124 3550 5185; x_wconf 74' lang='lat' dir='ltr'><strong>ecclesiastica</strong></span> <span class='ocrx_word' id='word_1_816' title='bbox 3578 5164 3593 5185; x_wconf 89' lang='lat'><strong>,</strong></span> 
     </span>
    </p>
   </div>
   <div class='ocr_carea' id='block_1_114' title="bbox 2014 5215 3597 5299">
    <p class='ocr_par' dir='ltr' id='par_1_114' title="bbox 2014 5215 3597 5299">
     <span class='ocr_line' id='line_1_114' title="bbox 2014 5215 3597 5299; baseline -0.01 -17"><span class='ocrx_word' id='word_1_817' title='bbox 2014 5244 2109 5299; x_wconf 85' lang='lat' dir='ltr'><strong>per</strong></span> <span class='ocrx_word' id='word_1_818' title='bbox 2149 5241 2307 5297; x_wconf 88' lang='lat' dir='ltr'><strong>quam</strong></span> <span class='ocrx_word' id='word_1_819' title='bbox 2348 5236 2403 5281; x_wconf 88' lang='lat' dir='ltr'><strong>et</strong></span> <span class='ocrx_word' id='word_1_820' title='bbox 2431 5233 2670 5285; x_wconf 86' lang='lat' dir='ltr'><strong>nostrum</strong></span> <span class='ocrx_word' id='word_1_821' title='bbox 2703 5220 2986 5290; x_wconf 87' lang='lat' dir='ltr'><strong>imperium</strong></span> <span class='ocrx_word' id='word_1_822' title='bbox 3023 5233 3205 5288; x_wconf 83' lang='lat' dir='ltr'><strong>pacem</strong></span> <span class='ocrx_word' id='word_1_823' title='bbox 3250 5215 3492 5281; x_wconf 89' lang='lat' dir='ltr'><strong>obtinet,</strong></span> <span class='ocrx_word' id='word_1_824' title='bbox 3541 5223 3597 5271; x_wconf 87' lang='lat' dir='ltr'><strong>ut</strong></span> 
     </span>
    </p>
   </div>
   <div class='ocr_carea' id='block_1_115' title="bbox 2009 5308 3597 5388">
    <p class='ocr_par' dir='ltr' id='par_1_115' title="bbox 2009 5308 3597 5388">
     <span class='ocr_line' id='line_1_115' title="bbox 2009 5308 3597 5388; baseline -0.011 -14"><span class='ocrx_word' id='word_1_825' title='bbox 2009 5319 2196 5388; x_wconf 88' lang='lat' dir='ltr'><strong>jubere</strong></span> <span class='ocrx_word' id='word_1_826' title='bbox 2223 5318 2456 5388; x_wconf 85' lang='lat' dir='ltr'><strong>digneris</strong></span> <span class='ocrx_word' id='word_1_827' title='bbox 2480 5315 2711 5373; x_wconf 89' lang='lat' dir='ltr'><strong>Orientis</strong></span> <span class='ocrx_word' id='word_1_828' title='bbox 2750 5315 3028 5382; x_wconf 87' lang='lat' dir='ltr'><strong>episcopos</strong></span> <span class='ocrx_word' id='word_1_829' title='bbox 3052 5308 3443 5378; x_wconf 69' lang='lat' dir='ltr'><strong>Thessalonica:</strong></span> <span class='ocrx_word' id='word_1_830' title='bbox 3469 5320 3597 5360; x_wconf 79' lang='lat' dir='ltr'><strong>con-</strong></span> 
     </span>
    </p>
   </div>
   <div class='ocr_carea' id='block_1_116' title="bbox 2016 5393 3600 5470">
    <p class='ocr_par' dir='ltr' id='par_1_116' title="bbox 2016 5393 3600 5470">
     <span class='ocr_line' id='line_1_116' title="bbox 2016 5393 3600 5470; baseline -0.011 -9"><span class='ocrx_word' id='word_1_831' title='bbox 2016 5410 2215 5464; x_wconf 79' lang='lat' dir='ltr'><strong>venire.</strong></span> <span class='ocrx_word' id='word_1_832' title='bbox 2245 5409 2452 5464; x_wconf 85' lang='lat' dir='ltr'><strong>Etenim</strong></span> <span class='ocrx_word' id='word_1_833' title='bbox 2476 5404 2779 5462; x_wconf 88' lang='lat' dir='ltr'><strong>Occidentis</strong></span> <span class='ocrx_word' id='word_1_834' title='bbox 2808 5402 2972 5465; x_wconf 88' lang='lat' dir='ltr'><strong>nostri</strong></span> <span class='ocrx_word' id='word_1_835' title='bbox 3004 5399 3259 5470; x_wconf 82' lang='lat' dir='ltr'><strong>episcopi,</strong></span> <span class='ocrx_word' id='word_1_836' title='bbox 3291 5397 3442 5453; x_wconf 86' lang='lat' dir='ltr'><strong>lectis</strong></span> <span class='ocrx_word' id='word_1_837' title='bbox 3469 5393 3600 5447; x_wconf 79' lang='lat' dir='ltr'><strong>viris</strong></span> 
     </span>
    </p>
   </div>
   <div class='ocr_carea' id='block_1_117' title="bbox 2015 5488 3598 5558">
    <p class='ocr_par' dir='ltr' id='par_1_117' title="bbox 2015 5488 3598 5558">
     <span class='ocr_line' id='line_1_117' title="bbox 2015 5488 3598 5558; baseline -0.015 -2"><span class='ocrx_word' id='word_1_838' title='bbox 2015 5502 2270 5558; x_wconf 85' lang='lat' dir='ltr'><strong>adversus</strong></span> <span class='ocrx_word' id='word_1_839' title='bbox 2295 5501 2490 5556; x_wconf 85' lang='lat' dir='ltr'><strong>rnalum</strong></span> <span class='ocrx_word' id='word_1_840' title='bbox 2517 5514 2582 5554; x_wconf 88' lang='lat' dir='ltr'><strong>ac</strong></span> <span class='ocrx_word' id='word_1_841' title='bbox 2607 5495 2938 5552; x_wconf 78' lang='lat' dir='ltr'><strong>mendacium</strong></span> <span class='ocrx_word' id='word_1_842' title='bbox 2969 5490 3309 5556; x_wconf 79' lang='lat' dir='ltr'><strong>ﬁrmissimis,</strong></span> <span class='ocrx_word' id='word_1_843' title='bbox 3340 5488 3598 5543; x_wconf 74' lang='lat' dir='ltr'><strong>miserunt</strong></span> 
     </span>
    </p>
   </div>
   <div class='ocr_carea' id='block_1_118' title="bbox 2016 5573 3595 5663">
    <p class='ocr_par' dir='ltr' id='par_1_118' title="bbox 2016 5573 3595 5663">
     <span class='ocr_line' id='line_1_118' title="bbox 2016 5573 3595 5663; baseline -0.016 -14"><span class='ocrx_word' id='word_1_844' title='bbox 2016 5596 2292 5663; x_wconf 82' lang='lat' dir='ltr'><strong>episcOpos</strong></span> <span class='ocrx_word' id='word_1_845' title='bbox 2320 5592 2572 5663; x_wconf 86' lang='lat' dir='ltr'><strong>quinque,</strong></span> <span class='ocrx_word' id='word_1_846' title='bbox 2614 5587 2955 5660; x_wconf 85' lang='lat' dir='ltr'><strong>presbyteros</strong></span> <span class='ocrx_word' id='word_1_847' title='bbox 2982 5598 3109 5640; x_wconf 84' lang='lat' dir='ltr'><strong>vero</strong></span> <span class='ocrx_word' id='word_1_848' title='bbox 3148 5582 3302 5641; x_wconf 80' lang='lat' dir='ltr'><strong>duos,</strong></span> <span class='ocrx_word' id='word_1_849' title='bbox 3327 5587 3387 5632; x_wconf 87' lang='lat' dir='ltr'><strong>.et</strong></span> <span class='ocrx_word' id='word_1_850' title='bbox 3414 5573 3595 5627; x_wconf 86' lang='lat' dir='ltr'><strong>diaco-</strong></span> 
     </span>
    </p>
   </div>
   <div class='ocr_carea' id='block_1_119' title="bbox 2015 5663 3603 5752">
    <p class='ocr_par' dir='ltr' id='par_1_119' title="bbox 2015 5663 3603 5752">
     <span class='ocr_line' id='line_1_119' title="bbox 2015 5663 3603 5752; baseline -0.016 -14"><span class='ocrx_word' id='word_1_851' title='bbox 2015 5702 2141 5739; x_wconf 89' lang='lat' dir='ltr'><strong>num</strong></span> <span class='ocrx_word' id='word_1_852' title='bbox 2190 5699 2350 5739; x_wconf 88' lang='lat' dir='ltr'><strong>unum</strong></span> <span class='ocrx_word' id='word_1_853' title='bbox 2395 5697 2598 5752; x_wconf 75' lang='lat' dir='ltr'><strong>magna:</strong></span> <span class='ocrx_word' id='word_1_854' title='bbox 2638 5677 2890 5735; x_wconf 68' lang='lat' dir='ltr'><strong>Ecclesia:</strong></span> <span class='ocrx_word' id='word_1_855' title='bbox 2931 5677 3206 5732; x_wconf 77' lang='lat' dir='ltr'><strong>Romamn.</strong></span> <span class='ocrx_word' id='word_1_856' title='bbox 3249 5671 3393 5735; x_wconf 83' lang='lat' dir='ltr'><strong>Quos</strong></span> <span class='ocrx_word' id='word_1_857' title='bbox 3437 5663 3603 5752; x_wconf 69' lang='lat' dir='ltr'><strong>velint</strong></span> 
     </span>
    </p>
   </div>
   <div class='ocr_carea' id='block_1_120' title="bbox 2014 5749 3609 5843">
    <p class='ocr_par' dir='ltr' id='par_1_120' title="bbox 2014 5749 3609 5843">
     <span class='ocr_line' id='line_1_120' title="bbox 2014 5749 3609 5843; baseline -0.014 -9"><span class='ocrx_word' id='word_1_858' title='bbox 2014 5779 2156 5834; x_wconf 81' lang='lat' dir='ltr'><strong>oinni</strong></span> <span class='ocrx_word' id='word_1_859' title='bbox 2203 5776 2405 5831; x_wconf 83' lang='lat' dir='ltr'><strong>honore</strong></span> <span class='ocrx_word' id='word_1_860' title='bbox 2433 5749 2664 5843; x_wconf 74' lang='lat' dir='ltr'><strong>digneris</strong></span> <span class='ocrx_word' id='word_1_861' title='bbox 2695 5785 2709 5825; x_wconf 73' lang='grc' dir='ltr'>ε</span> <span class='ocrx_word' id='word_1_862' title='bbox 2743 5779 2801 5825; x_wconf 83' lang='grc' dir='ltr'><strong>ιιι</strong></span> <span class='ocrx_word' id='word_1_863' title='bbox 2826 5809 2840 5837; x_wconf 83' lang='grc'><strong><em>,</em></strong></span> <span class='ocrx_word' id='word_1_864' title='bbox 2887 5769 2929 5822; x_wconf 91' lang='lat' dir='ltr'><strong>si</strong></span> <span class='ocrx_word' id='word_1_865' title='bbox 2958 5762 3194 5838; x_wconf 87' lang='lat' dir='ltr'><strong>persuasi</strong></span> <span class='ocrx_word' id='word_1_866' title='bbox 3221 5756 3413 5811; x_wconf 75' lang='lat' dir='ltr'><strong>fuerim</strong></span> <span class='ocrx_word' id='word_1_867' title='bbox 3454 5749 3609 5825; x_wconf 67' lang='lat' dir='ltr'><strong>quod:</strong></span> 
     </span>
    </p>
   </div>
  </div>
