4038 6154
478 356 544 411 ts
1505 333 1512 338 ’
1737 341 2048 404 PALLADII
2087 344 2417 406 DIALOGUS
3665 360 3728 421 ιθ

476 466 594 519 iure
617 464 868 533 expulsus
909 462 975 516 sit
1000 460 1229 516 Joannes
1254 503 1266 525 ,
1297 461 1519 515 doceant
1546 478 1628 514 tne
1653 462 1718 513 ab
1745 462 1859 530 ejus
1900 475 2045 513 com-

476 556 733 610 munione
762 553 1010 606 recedere
1040 567 1054 603 :
1084 561 1173 604 aut
1216 552 1259 606 si
1304 552 1635 620 coarguerint
1677 564 1864 620 sponte
1892 552 2044 606 mali-

479 663 610 716 gnos
653 660 770 700 esse
797 643 1024 699 Orientis
1051 643 1328 713 episcopos
1353 686 1367 710 ,
1411 647 1478 698 ab
1503 659 1685 698 eorum
1732 655 1781 697 te
1809 657 2047 697 commu-

479 738 636 789 nione
677 742 934 788 avertant.
981 734 1232 801 Qua-nam
1261 734 1400 788 enim
1430 736 1497 787 sit
1531 734 1941 790 Occidentalium
1980 734 2045 787 de

475 827 677 880 Joanne
701 826 949 894 episcopo
975 824 1235 878 sententia
1259 865 1274 888 ,
1302 840 1366 878 ex
1395 825 1638 878 onmibus
1664 824 1901 893 epistolis
1929 840 2046 893 qua:

475 915 541 968 ad
590 931 674 968 me
715 917 927 982 scripta:
972 924 1094 968 sunt
1137 916 1266 968 duas
1308 915 1549 981 subjunvi
1577 957 1590 978 ,
1642 915 1877 983 ejusdem
1924 930 2044 968 cum

474 1002 681 1058 caneris
713 1004 1010 1065 sententiaz,
1039 1019 1195 1056 uuam
1228 1004 1469 1067 Romani,
1504 1005 1719 1058 alteram
1747 1005 2047 1073 Aquileien-

475 1093 547 1146 sis
562 1093 814 1160 episcopi.
837 1093 1001 1145 Porro
1019 1093 1117 1146 hoc
1132 1103 1253 1145 ante
1278 1094 1451 1146 omnia
1477 1094 1695 1147 obsecro
1713 1094 2042 1147 clementiam

475 1192 659 1247 tuam,
693 1183 1038 1252 Theophilum
1067 1225 1080 1247 ,
1114 1181 1443 1238 Alexandrim
1493 1180 1795 1254 episcopum
1820 1226 1834 1250 ,
1885 1185 2043 1239 etiam

475 1274 744 1339 nolentem
767 1317 782 1340 ,
813 1276 1000 1329 sistere
1020 1275 1205 1343 jubeas
1228 1316 1242 1340 ,
1274 1277 1362 1346 qui
1387 1277 1618 1330 omnium
1648 1277 1904 1331 malorum
1937 1293 2047 1331 ma-

476 1365 618 1419 xime
635 1374 815 1418 auctor
830 1380 948 1419 esse
977 1365 1168 1419 dicitur
1183 1384 1196 1430 ;
1215 1377 1272 1420 ut
1288 1367 1651 1436 episcoporum
1669 1369 1756 1436 qui
1783 1368 2046 1422 adfuerint

474 1454 720 1524 Synodus
744 1455 958 1509 minime
985 1456 1257 1524 impedita,
1284 1457 1685 1511 convenientem
1720 1458 2044 1526 temporibus

477 1545 670 1599 nostris
702 1560 880 1613 pacem
912 1546 1133 1599 sanciat.
1181 1566 1199 1597 ι
1960 1547 1962 1551 ’

545 1634 672 1688 CAP.
722 1650 792 1688 tv.
823 1665 893 1674 —
920 1635 1050 1689 Cum
1099 1637 1253 1705 igitur
1293 1647 1504 1691 sanctus
1546 1637 1827 1701 AEmilins,
1877 1638 2046 1692 Bene-

477 1725 615 1777 venti
642 1725 938 1794 episcopus,
967 1737 1020 1781 et
1045 1728 1328 1797 Cythegius
1353 1739 1404 1782 et
1431 1729 1770 1792 Gaudentius,
1803 1747 1901 1782 tina
1925 1746 2042 1783 eum

481 1814 846 1870 Valentiniano
896 1827 951 1871 et
996 1818 1264 1872 Bonifacio
1313 1819 1671 1888 presbyteris,
1721 1821 2046 1887 accepissent

478 1906 655 1959 literas
695 1906 1031 1975 Imperatoris
1061 1908 1273 1961 IIonorii
1300 1950 1312 1972 ,
1345 1909 1631 1962 Innocentii
1659 1950 1671 1972 ,
1704 1920 1756 1963 et
1794 1909 2042 1963 Italorum

476 1996 861 2064 episcoporum,
893 1996 1185 2050 Chromatii
1215 1997 1584 2065 Aquileiensis,
1615 2007 1665 2051 et
1693 1997 1901 2051 Venerii
1933 1998 2043 2052 Me-

473 2085 798 2138 diolanensis
822 2125 836 2148 ,
874 2096 1030 2154 atque
1059 2086 1283 2139 aliorum
1310 2127 1323 2148 ,
1353 2101 1558 2140 necnon
1587 2088 2041 2140 commonitorium

473 2175 882 2245 Synoditotius
933 2177 1268 2242 Occidentis,
1319 2176 1523 2246 publica
1576 2180 1850 2233 evectioae
1903 2180 2040 2232 Con-

480 2265 870 2332 stantinopolim
899 2266 1115 2334 profecti
1155 2276 1276 2320 sunt
1303 2283 1422 2322 cum
1448 2268 1668 2338 Cyrtaco
1692 2308 1709 2334 ,
1738 2269 2003 2323 Demetrio
2023 2310 2039 2333 ,

476 2354 708 2408 Palladio
735 2365 788 2409 et
822 2355 1037 2426 Eulysio
1064 2358 1344 2426 episcopis.
1373 2358 1839 2413 Commonitorium
1867 2371 2041 2416 autem

475 2443 1093 2509 continebat,Joannem
1134 2447 1384 2514 judicium
1416 2449 1616 2516 ingredi
1660 2463 1764 2503 non
1809 2450 2040 2516 debere,

476 2535 574 2587 nisi
602 2534 698 2603 ipsi
730 2535 870 2603 prius
901 2537 1143 2589 restituta
1179 2537 1361 2590 fuisset
1389 2547 1442 2591 et
1467 2537 1702 2592 Ecclesia
1733 2548 1784 2592 et
1809 2553 2044 2594 comma»

475 2623 562 2674 nio
586 2639 599 2685 ;
630 2632 686 2673 ιιι
712 2623 914 2675 sublata
943 2639 1099 2676 causa
1128 2623 1452 2678 detrectandi
1487 2626 1668 2694 judicii
1691 2667 1710 2692 ,
1734 2642 1826 2680 sua
1856 2637 2044 2696 sponte

473 2725 783 2764 consessum
833 2711 1006 2764 iniret.
1039 2712 1264 2766 Profecti
1307 2713 1464 2784 igitur
1493 2713 2040 2786 Constantinopolim,

475 2809 595 2868 post
639 2810 862 2870 quatuor
891 2817 1103 2856 menses
1150 2805 1458 2872 redierunt,
1491 2817 1763 2862 narrantes
1810 2808 2042 2864 facinora

476 2893 810 2962 Babylonica.
851 2892 981 2948 Cum
1027 2905 1219 2963 praeter
1257 2895 1514 2951 Grmciam
1555 2899 1788 2954 Athenas
1827 2901 2041 2970 naviga-

476 2996 691 3046 remus,
735 2981 933 3036 detenti
980 2999 1162 3039 sumus
1204 2985 1270 3039 ab
1318 2986 1509 3040 infesto
1555 2989 1780 3058 quodam
1833 2991 2041 3046 tribuno

476 3070 720 3134 militum,
739 3073 826 3140 qtti
852 3075 1026 3126 statim
1050 3076 1410 3131 centurionem
1429 3094 1587 3132 unum
1614 3081 1766 3134 nobis
1781 3081 2038 3149 adjunxit,

473 3174 576 3212 non
621 3159 801 3214 SittCitS
843 3177 940 3216 nos
970 3163 1398 3220 Thessalonicam
1444 3168 1714 3224 accedere.
1746 3169 1854 3224 Illic
1898 3173 2038 3226 enim

472 3247 795 3316 pr0positum
841 3251 993 3304 nobis
1037 3262 1150 3306 erat
1188 3255 1367 3309 literas
1411 3257 1634 3324 primum
1678 3258 1805 3314 dare
1841 3261 2040 3331 Anysio

468 3332 736 3405 cpiscOpo.
765 3339 1046 3409 Coujectos
1072 3343 1228 3412 igitur
1252 3359 1349 3398 nos
1371 3386 1386 3410 ,
1413 3346 1596 3414 aiunt,
1629 3348 1682 3401 in
1707 3349 1813 3402 duo
1837 3353 2037 3420 navigia

470 3427 690 3481 dimisit.
709 3429 987 3499 Ingruente
1009 3442 1188 3500 postea
1208 3444 1392 3491 austro
1413 3438 1732 3506 vehementi,
1750 3442 1916 3498 tribus
1935 3443 2038 3498 die-

472 3517 570 3570 bus
583 3517 818 3586 IEgaeum
845 3537 991 3576 mare
1015 3532 1068 3576 et
1092 3523 1220 3578 freta
1248 3528 1362 3581 sine
1381 3529 1500 3582 cibo
1523 3531 1823 3599 trajecitnus
1858 3551 1871 3585 :
1896 3534 2035 3588 circa

470 3605 835 3661 duodecimam
878 3612 1015 3665 tertii
1036 3611 1142 3666 diei
1172 3613 1355 3668 horam
1383 3619 1684 3685 appulimus
1703 3631 1827 3675 ante
1853 3623 2034 3677 urbem

471 3695 666 3763 regiam
679 3695 825 3764 juxta
842 3700 1139 3776 suburbana
1155 3701 1400 3757 Victoris.
1423 3705 1518 3759 Ubi
1539 3711 1726 3762 retenti
1747 3710 1813 3764 ab
1829 3721 2038 3765 exacto-

467 3785 612 3838 ribus
639 3796 902 3855 portuum,
931 3799 1073 3845 retro
1101 3792 1636 3867 discessimus;Cujus
1663 3811 1834 3854 autem
1860 3803 2033 3870 jussu,

468 3875 768 3942 ignoramus
819 3893 834 3931 :
885 3891 939 3932 et
982 3882 1213 3936 conclusi
1263 3901 1444 3939 sumus
1490 3889 1752 3943 maritimo
1800 3891 2035 3948 Thracize

465 3965 702 4030 castello,
723 3967 920 4039 Athyra
947 3971 1106 4038 dicto,
1126 3973 1346 4030 Romani
1371 3978 1580 4045 quidem
1608 3982 1658 4034 in
1687 3997 1784 4035 una
1810 3983 2034 4039 domun-

465 4047 676 4119 cula,'in
709 4058 942 4126 pluribus
967 4078 1092 4118 vero
1121 4065 1209 4134 qui
1235 4081 1353 4120 cum
1386 4068 1605 4139 Cyriaeo
1631 4083 1800 4139 erant,
1823 4076 2032 4146 illiCque

463 4145 676 4208 vexati;
709 4148 778 4200 ita
824 4159 880 4204 ut
918 4167 986 4205 ne
1029 4151 1259 4209 famulus
1286 4157 1494 4225 quidem
1543 4169 1734 4228 przesto
1776 4175 1917 4220 esset
1943 4168 2030 4236 qui

464 4230 808 4289 ministraret.
849 4238 981 4291 Cum
1022 4242 1208 4298 literas
1245 4247 1554 4315 petiissent,
1601 4265 1703 4304 non
1749 4230 2027 4322 dedimus,

463 4318 701 4375 dicentes
722 4339 736 4374 :
755 4325 852 4390 Qui
883 4325 992 4381 ficri
1021 4339 1212 4398 potest,
1242 4341 1296 4386 ut
1324 4335 1410 4404 qui
1438 4337 1591 4406 legati
1619 4354 1819 4406 sumus,
1849 4318 2028 4398 literas

466 4409 799 4477 Imperatoris
823 4425 875 4469 et
889 4417 1257 4488 episcoporum
1280 4424 1375 4493 ipsi
1395 4425 1699 4496 Imperatori
1719 4447 1821 4485 non
1841 4434 2029 4488 redda-

460 4502 762 4556 tnus?Cum
782 4513 958 4562 autem
989 4527 1198 4568 casnon
1229 4515 1355 4571 dare
1385 4521 1808 4589 persisteremus,
1831 4528 2029 4594 primus

461 4594 603 4647 venit
641 4597 704 4649 ad
734 4614 826 4651 nos
857 4600 1113 4658 Patricius
1139 4609 1373 4663 notarius
1399 4651 1412 4675 ,
1442 4611 1631 4668 deinde
1661 4617 1871 4684 quidam
1900 4619 1984 4671 alii
2010 4637 2024 4672 :

466 4694 783 4752 p0streuuun
813 4695 950 4746 venit
975 4697 1185 4764 quidam
1216 4699 1522 4757 Valerianus
1551 4710 1763 4764 nomine
1787 4750 1800 4772 ,
1832 4725 1863 4764 e
1891 4710 2028 4780 Cap-

461 4774 673 4840 padocia
697 4818 711 4842 ,
746 4784 1054 4849 prmpositus
1080 4791 1231 4841 unius
1257 4792 1495 4847 militaris
1523 4799 1723 4851 numeri
1748 4839 1763 4861 ,
1796 4809 1847 4853 et
1873 4811 2026 4868 rupto

459 4862 673 4919 Mariani
704 4869 933 4939 episcopi
964 4874 1170 4939 pollice,
1191 4879 1447 4946 signatam
1466 4882 1802 4953 Imperatoris
1829 4893 2026 4960 episto-

459 4955 560 5005 lam
590 4971 708 5008 cum
728 4957 940 5026 reliquis
965 4963 1198 5018 abstulit.
1223 4969 1476 5026 Postridie
1495 4977 1648 5045 igitur
1677 4955 1934 5037 miserunt
1957 4985 2021 5039 ad

460 5059 575 5105 nos,
608 5061 672 5098 an
701 5046 854 5102 aulici
885 5050 1237 5120 Imperatoris,
1270 5075 1336 5114 an
1370 5066 1568 5120 Atticus
1598 5073 1861 5126 nescimus
1889 5075 2023 5143 (ipse

457 5137 596 5191 enim
615 5138 884 5195 dicebatur
902 5145 1148 5202 Ecclesia:
1167 5151 1409 5208 thronum
1438 5158 1712 5231 invasisse)
1736 5180 1747 5214 :
1768 5164 1852 5231 qui
1873 5153 2021 5219 n'ol'is

457 5227 551 5279 tria
585 5228 742 5281 ntillia
775 5236 1147 5292 numismatum
1193 5241 1425 5310 dabant,
1459 5260 1672 5302 orantes
1702 5261 1758 5303 ut
1788 5257 2018 5319 persuasi

456 5316 630 5370 Attico
675 5326 1221 5397 communiearemus,
1253 5345 1303 5388 et
1353 5335 1418 5389 de
1445 5338 1661 5392 Joannis
1700 5342 1894 5406 judicio
1939 5356 2018 5396 ta-

453 5421 714 5460 cerctuus.
740 5411 939 5477 Quibus
965 5432 1068 5471 non
1098 5423 1464 5491 assentientes,
1494 5429 1816 5495 perstitimus
1843 5449 2012 5499 orare,

452 5512 570 5548 eum
619 5499 745 5553 nihil
775 5504 1043 5568 pacificum
1072 5523 1412 5580 peragi-retur
1434 5555 1447 5576 ,
1479 5527 1534 5568 ut
1559 5517 1671 5571 sine
1699 5520 1928 5586 periculo
1953 5521 2012 5578 ad

453 5600 659 5646 nostras
690 5593 950 5650 Ecclesias
986 5601 1276 5656 rediremus
1302 5645 1316 5670 ,
1348 5609 1456 5661 visa
1487 5610 1572 5662 tali
1616 5610 2012 5668 inhumanitate.

455 5679 676 5746 Idipsunt
728 5686 880 5739 variis
931 5692 1336 5750 revelatiouihus
1383 5698 1625 5754 Servator
1677 5705 1812 5758 Deus
1862 5706 2010 5754 nobis

2157 460 2478 528 declaravit,
2528 464 2659 519 adeo
2703 473 2758 520 ut
2802 459 2981 522 sancti
3015 471 3173 524 etiam
3213 469 3461 530 Emmelil
3505 475 3729 535 diacono

2153 549 2333 614 Paulo,
2367 554 2482 606 viro
2510 555 2788 610 mitissimo
2814 567 2866 611 et
2899 558 3168 626 prudenti,
3194 562 3243 615 in
3282 565 3399 617 navi
3429 571 3730 636 apparuerit

2153 639 2336 696 beatus
2361 645 2552 701 Paulus
2575 649 2863 716 apostolus,
2885 651 3067 706 dicens
3091 653 3188 722 ipsi
3223 671 3236 707 :
3281 654 3455 710 Videte
3475 660 3728 726 quomodo

2151 731 2447 788 nmbuletis:
2469 751 2568 789 non
2595 747 2646 790 ut
2673 739 2978 808 insipientes,
3007 744 3096 795 sed
3123 753 3177 796 ut
3206 747 3475 815 sapientes,
3508 751 3727 806 videntes

2150 825 2284 891 quod
2311 826 2416 879 dies
2445 829 2565 880 mali
2589 839 2703 882 sunt
2731 835 2746 898 (
2771 830 2960 900 Ephes.
2989 834 3042 888 5.
3073 835 3159 890 15.
3210 837 3315 906 16)
3351 855 3362 890 :
3397 839 3726 908 significante

2151 916 2357 969 somnio
2399 917 2594 971 variam
2642 920 2848 975 illorum
2895 921 3132 978 fraudem
3159 966 3173 989 ,
3214 941 3436 996 eamque
3476 930 3630 984 donis
3676 941 3729 988 et

2152 1002 2418 1058 blanditiis
2461 1006 2526 1060 ad
2555 1008 2952 1066 adulterandam
2995 1014 3292 1070 veritatem.
3340 1016 3543 1073 lnstans
3571 1021 3729 1088 igitur

2151 1093 2288 1147 idem
2336 1096 2447 1163 ipse
2490 1098 2728 1153 tribunus
2765 1101 3068 1157 Valerianus
3092 1146 3106 1170 ,
3148 1106 3374 1175 conjecit
3403 1123 3499 1162 nos
3529 1110 3579 1164 in
3624 1111 3726 1168 de-

2152 1185 2420 1240 terrimam
2460 1203 2646 1243 navem
2671 1231 2687 1257 ,
2719 1193 2963 1248 mercede
2986 1235 3001 1260 ,
3030 1205 3088 1248 ut
3115 1211 3296 1251 rumor
3321 1199 3393 1252 ait
3416 1241 3431 1265 ,
3474 1203 3726 1257 nauclero

2149 1271 2269 1326 data
2317 1285 2372 1327 ttt
2413 1277 2656 1344 perderet
2685 1281 2961 1350 episcopos
3004 1286 3308 1354 navigantes
3334 1328 3347 1351 ,
3379 1303 3497 1341 cum
3541 1291 3727 1359 viginti

2151 1364 2401 1420 militibus
2428 1369 2690 1423 variorum
2719 1371 3014 1426 officiorum
3049 1391 3062 1427 :
3095 1383 3148 1428 et
3181 1376 3356 1429 statim
3387 1392 3481 1431 nos
3509 1381 3727 1451 Athyris

2148 1455 2365 1522 expulit.
2387 1455 2517 1509 Cutn
2550 1460 2941 1528 navigassemus
2971 1462 3140 1517 stadia
3169 1465 3412 1533 plurima,
3431 1477 3484 1521 et
3505 1469 3723 1538 jamjam

2150 1543 2366 1611 perituri
2410 1559 2684 1613 essemus,
2733 1551 3032 1618 appulimus
3072 1552 3460 1622 Lampsacum;
3503 1568 3557 1612 et
3599 1559 3728 1615 inde

2149 1647 2346 1693 mutata
2393 1656 2526 1696 nave
2569 1644 2825 1699 vicesimo
2866 1645 2954 1700 die
2999 1648 3346 1717 applicuimus
3397 1651 3722 1722 llydruntem

2149 1727 2421 1782 Calabria}.
2451 1730 2631 1801 Neque
2655 1733 2877 1802 amplius
2903 1737 3055 1790 nobis
3081 1737 3258 1793 dicere
3284 1748 3586 1808 potuerunt,
3616 1757 3725 1811 quo

2150 1817 2200 1870 in
2232 1827 2370 1872 statu
2398 1830 2542 1876 esset
2584 1821 2766 1877 beatus
2795 1823 3026 1880 Joannes
3066 1828 3346 1896 episcopus
3371 1871 3385 1893 ,
3419 1845 3590 1899 neque
3632 1834 3723 1886 ubi

2147 1907 2253 1961 sint
2278 1909 2572 1966 Demetri-us
2597 1953 2610 1978 ,
2637 1912 2890 1983 Cyriacus
2913 1956 2928 1982 ,
2959 1917 3202 1988 Eulysius
3227 1961 3240 1982 ,
3273 1929 3427 1988 atque
3459 1922 3723 1977 Palladius

2147 1998 2417 2068 episcopi,
2460 2002 2548 2069 qui
2591 2017 2710 2057 cum
2759 2007 2954 2059 nostris
2999 2008 3262 2076 episcopis
3305 2009 3459 2079 legati
3502 2012 3720 2080 profecti

2148 2097 2318 2142 erant.
2351 2089 2523 2146 Ense.
2552 2093 2662 2162 Age
2683 2093 2792 2162 jam
2817 2137 2831 2161 ,
2863 2112 2899 2150 ο
2925 2098 3284 2153 sacratissime
3303 2140 3317 2164 ,
3348 2100 3563 2156 adverte
3591 2103 3724 2158 mihi

2147 2177 2400 2243 animum,
2419 2181 2698 2237 attendens
2725 2183 2786 2236 iis
2811 2200 2927 2253 quae
2952 2185 3096 2240 clare
3116 2187 3376 2254 dicentur,
3395 2200 3446 2243 et
3471 2191 3721 2262 deinceps

2150 2266 2240 2320 tibi
2293 2268 2574 2325 declarabo
2630 2274 2868 2341 publicos
2924 2278 3080 2331 totius
3139 2280 3407 2349 tragoedia:
3461 2284 3720 2353 satyricos

2148 2357 2442 2426 tumultus,
2493 2361 2631 2416 unde
2669 2361 2808 2418 hanc
2850 2367 3208 2420 temulentiam
3253 2372 3431 2424 exorsi
3475 2375 3617 2436 sint,
3666 2385 3720 2429 et

2147 2461 2419 2517 quousque
2444 2465 2681 2506 cessasse
2707 2454 2800 2506 visi
2831 2455 2955 2518 sint,
2987 2457 3207 2511 necdum
3237 2467 3412 2514 tamen
3443 2461 3716 2516 desierint.

2147 2535 2390 2590 Omnium
2419 2540 2698 2605 malorum,
2727 2551 2784 2596 ut
2807 2544 2924 2613 quis
2946 2545 3156 2611 dixerit,
3189 2545 3305 2601 fons
3326 2557 3381 2602 et
3406 2551 3719 2618 principium

2146 2623 2241 2679 Dei
2287 2641 2411 2680 osor
2439 2628 2646 2683 diemon
2673 2672 2689 2696 ,
2719 2646 2930 2701 semper
2974 2635 3228 2689 insidians
3257 2647 3311 2691 ut
3359 2639 3508 2707 lupus
3551 2644 3718 2695 ratio-

2147 2713 2407 2768 nabilibus
2433 2716 2625 2772 Christi
2665 2721 2910 2788 gregibus
2933 2761 2948 2787 ,
2977 2723 3177 2790 peritos
3202 2740 3440 2795 quosque
3482 2741 3719 2796 pastores

2148 2805 2304 2858 variis
2348 2806 2501 2860 malis
2543 2811 2793 2871 atrociter
2835 2811 3130 2874 infestans,
3172 2815 3308 2869 sicut
3345 2815 3716 2887 Egyptiorutn

2147 2910 2240 2950 rex
2255 2900 2514 2954 masculos
2530 2899 2854 2968 Judaeorum,
2873 2903 3073 2959 fucatos
3091 2922 3214 2961 vero
3229 2918 3281 2962 et
3302 2908 3463 2963 falsos
3483 2922 3719 2980 pastores

2147 2993 2472 3044 terrenarum
2501 2991 2827 3061 voluptatum
2859 2995 3076 3050 fallaciis
3100 3000 3366 3067 saginans.
3399 3002 3563 3058 Porro
3591 3019 3716 3072 pes-

2143 3075 2261 3130 simi
2307 3075 2469 3146 fontis
2491 3079 2646 3150 hujus
2688 3083 2898 3138 canales
2923 3124 2938 3147 ,
2966 3095 3025 3139 ut
3050 3089 3222 3142 omnis
3266 3099 3524 3146 terrarum
3568 3095 3718 3150 orbis

2145 3169 2328 3231 novit,
2384 3178 2506 3222 sunt
2558 3172 2818 3236 Aeacius,
2873 3177 3221 3243 Antioehius,
3282 3179 3607 3250 Theophilus
3659 3195 3717 3240 et

2143 3256 2492 3326 Severianus;
2523 3263 2609 3330 qui
2638 3274 2892 3318 vocantur
2918 3267 3131 3334 quidem
3171 3270 3221 3323 id
3252 3272 3390 3339 quod
3421 3287 3525 3326 non
3549 3285 3676 3328 sunt
3697 3319 3713 3340 ,

2141 3358 2264 3402 sunt
2292 3365 2416 3403 vero
2440 3352 2577 3420 quod
2617 3353 2719 3407 dici
2763 3370 2822 3409 se
2851 3371 2954 3410 non
2986 3357 3157 3412 ferunt
3191 3377 3203 3411 :
3235 3375 3302 3413 ex
3326 3361 3510 3416 ordine
3536 3373 3714 3419 autem

2141 3437 2453 3493 clericorum
2512 3443 2803 3513 presbyteri
2856 3445 3002 3510 duo,
3060 3455 3115 3501 et
3168 3447 3372 3505 diaconi
3429 3452 3663 3520 quinque
3697 3496 3711 3518 ,

2143 3529 2328 3595 partim
2359 3529 2568 3598 quidem
2613 3546 2680 3586 ex
2726 3534 2968 3602 impuro,
3000 3536 3192 3604 partim
3237 3552 3300 3592 ex
3349 3540 3712 3595 maleficormn

2143 3634 2360 3672 numero
2387 3623 2686 3691 congregati
2722 3642 2733 3674 :
2768 3639 2864 3678 nec
2890 3640 3015 3679 vero
3051 3627 3162 3681 scio
3198 3642 3263 3681 an
3293 3636 3458 3682 tutum
3487 3631 3554 3684 sit
3583 3632 3714 3686 tales

2141 3711 2476 3781 presbyteros
2525 3723 2616 3766 aut
2659 3713 2908 3770 diaconos
2954 3731 3145 3771 vocare
3195 3735 3208 3770 :
3259 3733 3325 3772 ex
3375 3719 3713 3786 Imperatoris

2138 3810 2311 3854 autem
2328 3802 2446 3857 aula
2463 3801 2567 3856 duo
2583 3811 2671 3856 aut
2689 3815 2794 3857 tres
2810 3805 3140 3859 solummodo
3157 3805 3322 3870 fuere,
3341 3809 3428 3876 qui
3446 3808 3714 3878 Theophi-

2140 3888 2244 3941 Iutn
2275 3890 2610 3958 roborarunt,
2640 3894 2850 3947 militari
2880 3895 3124 3963 prmsidio
3149 3913 3301 3966 opem
3331 3898 3403 3952 illi
3436 3899 3665 3954 ferentes
3689 3918 3707 3955 :

2137 3994 2167 4033 e
2195 3980 2498 4034 mulieribus
2523 3992 2713 4052 praster
2739 3985 2851 4038 illas
2876 4001 2992 4054 quae
3017 3988 3171 4056 vulgo
3200 3997 3338 4043 nota:
3367 3999 3488 4043 sunt
3513 4030 3528 4054 ,
3559 4000 3668 4045 tres
3691 4035 3707 4057 ,

2139 4070 2306 4125 vidua:
2347 4073 2557 4141 quidem
2584 4115 2599 4140 ,
2646 4075 2738 4129 sed
2781 4091 2809 4130 a
2853 4078 2979 4130 viris
3025 4078 3212 4134 divites
3257 4080 3443 4144 factae,
3491 4085 3708 4139 multam

2135 4175 2201 4214 ex
2232 4162 2428 4230 rapinis
2473 4165 2747 4233 pecuniam
2793 4168 3124 4235 possidentes
3153 4169 3205 4222 in
3255 4171 3480 4238 propriae
3522 4173 3710 4228 salutis

2138 4254 2460 4320 perniciem;
2494 4257 2808 4311 tumultuum
2838 4269 2892 4312 et
2929 4260 3244 4314 seditionum
3287 4265 3658 4320 commotrices
3691 4284 3706 4318 :

2136 4342 2298 4397 Marsa
2319 4343 2551 4399 Promoti
2580 4363 2738 4414 uxor,
2751 4348 3010 4404 Castricia
3029 4351 3320 4419 Saturnini,
3339 4364 3392 4406 et
3409 4355 3710 4426 Eugrapltia

2134 4434 2372 4498 quacdam
2415 4449 2790 4506 usquequaque
2820 4438 3015 4494 furiosa
3049 4458 3061 4492 :
3095 4441 3296 4511 reliqua
3325 4451 3499 4496 autem
3543 4445 3710 4513 pudet

2133 4524 2330 4581 dicere.
2360 4525 2620 4582 Cteterum
2661 4530 2741 4583 ha:
2782 4540 2940 4599 atque
2979 4533 3090 4595 illi,
3125 4532 3274 4587 tardo
3314 4534 3476 4588 corde
3506 4535 3557 4588 in
3602 4536 3707 4591 fide

2132 4630 2250 4669 cum
2275 4616 2399 4681 sint,
2419 4617 2561 4670 velut
2585 4616 2810 4682 phalanx
2844 4622 3016 4674 furore
3042 4621 3207 4686 ebria,
3229 4621 3280 4675 in
3302 4638 3461 4676 unam
3489 4637 3708 4687 senten—
3779 4677 3784 4682 .

2134 4705 2256 4758 tiam
2283 4705 2405 4760 odio
2431 4705 2684 4760 doctrinae
2705 4708 2937 4775 adunati,
2965 4710 3105 4763 exitii
3135 4718 3421 4765 torrentem
3449 4713 3706 4772 adversus
3779 4713 3787 4721 ’

2136 4796 2384 4850 Ecclesia:
2414 4811 2593 4865 pacem
2624 4799 2970 4853 concitarunt.
2995 4800 3295 4856 Duc.Velis
3313 4801 3499 4870 igitur,
3527 4799 3701 4868 Pater,

2131 4899 2182 4941 et
2230 4887 2452 4942 libenter
2478 4889 2607 4943 velis
2648 4904 2826 4944 coram
2859 4890 2968 4944 Deo
3014 4891 3170 4944 nobis
3209 4891 3388 4946 dicere
3413 4934 3426 4954 ,
3465 4895 3604 4946 unde
3654 4905 3702 4948 ct

2133 4977 2338 5029 illorum
2392 4976 2648 5032 adversus
2697 4978 2954 5033 Joannem
3005 4981 3226 5047 odium,
3273 4991 3327 5036 et
3375 4997 3492 5053 qua:
3548 4982 3704 5036 fuerit

2128 5066 2347 5120 Joannis
2373 5067 2603 5136 episc0pi
2638 5069 2922 5137 pertinacia
2955 5079 3127 5126 tantas
3151 5082 3438 5141 potestates
3465 5073 3658 5127 lzmlere
3683 5091 3699 5126 :

2127 5156 2284 5208 simul
2325 5155 2534 5210 declara
2580 5159 2729 5212 nobis
2760 5159 2900 5213 unde
2929 5161 3086 5214 vitam
3118 5177 3339 5216 exorsus
3378 5163 3446 5216 sit
3469 5205 3482 5227 ,
3513 5173 3566 5217 et
3595 5180 3699 5234 quo

2130 5254 2280 5312 pacto
2323 5246 2385 5298 ad
2415 5243 2895 5316 Constantinopolis
2925 5251 3282 5318 episcopatum
3328 5252 3395 5305 sit
3439 5263 3652 5306 evectus
3678 5295 3694 5318 ,

2127 5349 2179 5392 et
2205 5350 2401 5408 quanto
2430 5350 2663 5409 tempore
2691 5357 2812 5395 eum
2857 5344 3124 5412 tenuerit,
3153 5352 3206 5397 et
3243 5344 3328 5412 qui
3357 5345 3547 5398 fuerint
3567 5346 3697 5413 ejus

2128 5446 2321 5494 mores,
2351 5441 2400 5484 et
2427 5433 2544 5501 quis
2573 5433 2687 5501 ejus
2720 5434 2840 5486 vita:
2873 5434 3010 5500 finis,
3041 5435 3298 5505 siquidem
3326 5447 3565 5492 mortuus
3590 5448 3697 5500 est,

2131 5533 2180 5574 ut
2229 5523 2490 5576 audimus.
2547 5525 2654 5577 Etsi
2713 5540 2805 5594 per
2857 5540 3042 5581 omnes
3102 5527 3330 5581 maxime
3383 5538 3694 5598 pervagatur

2125 5616 2374 5669 mirabilis
2402 5624 2453 5669 et
2497 5627 2675 5670 sancta
2717 5617 2812 5671 viri
2843 5618 2984 5672 illius
3028 5619 3202 5684 fama;
3235 5628 3408 5676 tamen
3441 5624 3730 5680 consuevi.

2125 5723 2229 5753 non
2274 5707 2405 5760 adeo
2449 5708 2596 5761 facile
2639 5711 2935 5765 rumoribus
2975 5710 3232 5777 Credere,
3280 5712 3579 5780 priusquam
3625 5713 3694 5766 ab
