4038 6154
329 246 393 301 (ὅ
1328 240 1415 294 οε
1459 238 1621 295 νιΤΑ
1660 238 1718 292 S.
1757 235 1926 291 JOAN

2030 238 2050 291 5
2088 237 2609 298 CHRYSOSTOMI.
3529 238 3599 295 I6

329 365 556 430 σθέντις
607 362 802 434 ὅτιπερ
867 361 1089 425 δικαίως
1147 360 1476 432 ἐκϐέϐληται
1533 365 1563 416 δ
1617 362 1916 427 ἐπίσκοπος

342 447 619 519 Ἰωάννης,
649 443 904 511 διδάξωσί
937 460 1004 513 με
1038 445 1344 513 ἀποστῆναι
1386 446 1487 516 τῆς
1526 443 1693 500 αὐτοῦ
1721 463 1913 499 κοινω-

333 532 458 593 νίας
478 546 491 558 ’
515 530 549 599 ἢ
572 526 886 597 ἐλέγξαντες
902 525 1358 589 ἐθελοκακοῦντας
1368 526 1495 590 τοὺς
1513 528 1613 598 τῆς
1628 529 1916 599 ’Δνατολῆς

336 612 684 673 ἐπισκόπους,
720 607 1106 680 ἀποστρέψωσί
1142 624 1201 660 σε
1246 609 1345 679 τῆς
1389 609 1567 663 αὑτῶν
1607 611 1913 675 κοινωνίας.

337 697 470 748 Τίνα
520 696 626 765 γάρ
686 694 838 746 ἐστιν
887 693 923 746 ἃ
982 691 1238 763 φρονοῦσι
1292 692 1419 765 περί
1467 693 1560 746 τοῦ
1619 696 1916 749 ἐπισκόπου

346 779 594 833 Ἰωάννου
622 778 672 831 οἱ
721 776 958 837 Δυτικοί,
993 779 1058 829 ἐκ
1097 776 1287 830 πασῶν
1334 776 1441 830 τῶν
1484 777 1780 831 ἐπιστολῶν
1814 777 1920 833 τῶν

339 862 480 932 πρός
511 878 579 930 με
602 858 917 932 γραφεισῶν
951 858 1193 922 ὑπέταξα
1216 857 1329 921 δύο,
1359 859 1783 931 ἰσοδυναμούσας
1802 864 1921 927 ταῖς

335 945 562 1007 πάσαις,
581 943 679 1013 τὴν
699 940 985 1011 ἐπιστολὴν
1000 939 1094 993 τοῦ
1126 939 1341 1011 Ῥώμης
1360 941 1453 994 καί
1480 940 1575 994 τοῦ
1610 943 1916 1015 Ἀκυληίας.

337 1025 513 1080 Τοῦτο
538 1026 596 1078 δὲ
634 1022 938 1093 παρακαλῶ
987 1023 1087 1093 τήν
1134 1023 1230 1093 σὴν
1275 1025 1591 1096 ἡμερότητα
1643 1026 1749 1098 πρὸ
1787 1028 1920 1081 πάν-

338 1125 468 1176 των,
508 1109 605 1163 καὶ
631 1108 831 1162 ἄκοντα
871 1107 960 1160 τδν
996 1106 1401 1178 Ἀλεξανδρείας
1444 1108 1699 1178 Θεόφιλον
1738 1128 1918 1181 παρα-

336 1191 533 1263 στῆναι
564 1191 874 1253 δικαίωσον,
899 1189 966 1242 δι’
992 1189 1051 1243 ὃν
1097 1189 1331 1260 μάλιστα
1363 1190 1582 1260 λέγεται
1611 1191 1828 1246 ᾶπαντα
1852 1193 1920 1247 τὰ

334 1276 485 1330 κακά
502 1274 859 1345 γεγενῆσθαιο
883 1273 972 1326 ἵνα
1003 1274 1083 1336 εἰς
1120 1273 1288 1345 μηδὲν
1328 1275 1362 1345 ἡ
1400 1274 1508 1327 τῶν
1539 1274 1920 1347 παραγενομέ-

334 1376 445 1412 νων
471 1356 787 1411 ὲπισκόπων
809 1354 1195 1426 ἐμποδισθεῖσα
1218 1354 1453 1420 σύνοδος,
1478 1355 1575 1428 τὴν
1602 1357 1921 1427 πρέπουσαν

337 1445 454 1504 τοῖς
484 1442 693 1511 καιροῖς
725 1437 882 1510 ήμῶν
915 1439 1139 1509 εἰρήνην
1180 1437 1475 1512 βραϐεύσῃ.
1503 1459 1522 1490 ι

413 1523 569 1577 ΚΕΦ.
601 1520 676 1576 Δ⁰.
704 1551 776 1561 -
804 1519 1071 1582 Λαϐόντες
1096 1520 1382 1591 τοιγαροῦν
1410 1521 1459 1573 οἰ
1494 1521 1622 1590 περὶ
1654 1520 1745 1574 τὸν
1768 1520 1921 1591 ἀγιον

338 1606 639 1659 ἐπίσκοπον
684 1602 929 1672 Αἰμίλιον
987 1601 1306 1656 Βενεϐενδοῦ
1356 1602 1451 1655 καί
1498 1603 1775 1673 Κυθήγιον
1826 1604 1921 1656 καὶ

335 1686 657 1742 Γαυδέντιον
701 1688 799 1738 σίιν
849 1683 1273 1756 Οὑαλεντινιανῷ
1318 1684 1413 1737 καὶ
1467 1683 1771 1755 Βονιφατίῳ
1808 1686 1923 1749 τοῖς

338 1768 733 1841 πρεσϐυτέροις
772 1767 840 1821 τά
873 1769 1174 1840 γράμματα
1202 1765 1297 1820 τοῦ
1349 1783 1410 1819 τε
1452 1767 1798 1821 Ἰννοκεντίου
1827 1768 1923 1822 καὶ

336 1852 453 1907 τῶν
496 1851 706 1906 Ἰταλῶν
735 1851 1071 1916 ἐπισκόπων,
1113 1849 1442 1920 Χρωματίου
1482 1848 1797 1920 Ἀκυληίας,
1827 1851 1922 1905 καὶ

338 1937 469 1989 Βενε
477 1937 592 2005 ρίου
608 1934 967 1998 Μεδιολάνων,
986 1934 1079 1986 καὶ
1102 1932 1209 1986 τῶν
1231 1931 1454 1998 λοιπῶν,
1482 1932 1574 1986 καὶ
1592 1934 1925 2005 ὑπομνηστι-

333 2020 437 2075 κδν
463 2020 562 2091 τῆς
588 2018 806 2073 συνόδου
828 2017 1007 2090 πάσης
1028 2015 1262 2080 Δύσεως,
1283 2015 1561 2086 δημοσίοις
1588 2017 1923 2088 συνθήμασιν

336 2103 727 2174 ἀπεστάλησαν
748 2104 827 2166 εἰς
845 2101 943 2173 τὴν
964 2098 1532 2156 Κωνσταντινούπολιν
1552 2100 1649 2153 σὺν
1669 2103 1781 2164 τοῖς
1798 2102 1925 2172 περὶ

338 2188 618 2260 κυριακὸν
662 2187 755 2240 καὶ
796 2186 1107 2257 Δημήτριον
1140 2184 1234 2237 καὶ
1291 2183 1591 2237 Παλλάδιον
1624 2185 1719 2238 καὶ
1757 2183 1927 2238 Εὑλύ-

339 2287 458 2326 σιον
492 2269 616 2332 τοὺς
650 2269 1003 2332 ἐπισκόπους.
1039 2264 1168 2338 Εἶχε
1200 2266 1256 2319 δέ
1282 2266 1341 2318 τὸ
1383 2266 1814 2338 ὑπομνηστικὺν,
1851 2267 1925 2340 μὴ

341 2356 450 2408 ϊεῖν
483 2352 740 2409 εἰσελθεῖν
780 2351 1031 2421 Ἰωάννην
1080 2352 1160 2412 εἰς
1191 2349 1392 2420 κρίσιν,
1424 2348 1518 2401 ἐὰν
1556 2348 1630 2420 μὴ
1665 2350 1925 2421 πρότερον

336 2435 766 2507 ἀποκατασταθῇ
797 2434 946 2506 αὑτῷ
974 2434 1008 2505 ή
1043 2450 1101 2487 τε
1140 2432 1435 2503 Ἐκκλησία
1458 2434 1553 2485 καὶ
1580 2434 1614 2502 ἡ
1645 2435 1924 2496 κοινωνία,

341 2518 411 2577 ἵν’
434 2524 514 2585 είς
542 2521 708 2594 μηδὲν
733 2520 872 2590 ἔχων
908 2516 1317 2589 ὑπερτίθεσθαι,
1348 2514 1671 2584 αὐθαίρετος
1710 2516 1926 2590 εἰσέλθῃ

338 2606 421 2670 είς
449 2605 511 2658 τὸ
537 2604 832 2675 συνέδριον.
866 2599 1215 2663 Ἀπελθόντες
1235 2594 1327 2651 οῦν
1354 2599 1435 2662 εἰς
1463 2599 1563 2669 τὴν
1588 2599 1928 2652 Κωνσταντι-

338 2686 614 2748 νούπολιν,
648 2685 992 2756 ὑπέστρεψαν
1018 2681 1157 2754 μετά
1181 2682 1453 2754 τέσσαρας
1484 2682 1679 2754 μῆνας,
1706 2682 1926 2754 διηγού·

342 2789 497 2842 μενοι
551 2769 887 2857 Βαϐυλώνιαᾲ
902 2768 1218 2857 πράγματα,
1253 2767 1333 2857 ὅτι
1368 2766 1797 2857 ἰξατεσχέθημεν
1824 2784 1927 2857 πα-

344 2854 669 2926 ραπλέοντες
687 2852 787 2923 τήν
814 2850 1039 2906 Ἐλλάδα
1067 2850 1328 2922 Ἀθήναζε
1359 2849 1462 2902 ὑπὸ
1481 2849 1762 2921 χιλῖάρχου
1782 2850 1927 2915 τινὸς

339 2939 632 3009 δυστήνου,
664 2936 723 3000 ὃς
752 2935 981 3005 ἐξαυτῆς
1012 2932 1330 2999 συνέζευξεν
1355 2934 1488 3005 ἡμῖν
1518 2933 1927 3006 ἑκατοντάρχην

340 3020 461 3083 ἕνα,
502 3021 578 3092 μὴ
609 3019 969 3090 συγχωρήσας
1004 3019 1134 3088 ἡμῖν
1180 3015 1517 3086 παραϐαλεῖν
1554 3017 1620 3087 τῇ
1655 3014 1926 3070 Θεσσαλο-

342 3105 471 3176 νίκῃ
494 3120 507 3133 ⁸
538 3105 654 3156 ἐκεῖ
682 3103 792 3172 γάρ
818 3100 996 3153 αὐτῶν
1015 3095 1083 3171 ἦν
1118 3101 1145 3152 ὁ
1168 3099 1369 3162 σκοπὸς
1394 3099 1609 3171 πρῶτον
1631 3099 1925 3154 ἀποδοῦναι

341 3191 413 3245 τά
446 3189 749 3262 γράμματα
790 3185 1019 3256 Ἀνυσίῳ
1056 3183 1134 3255 τῷ
1176 3182 1481 3252 ἐπισκὸπῳ.
1525 3182 1807 3253 Ἐμϐαλὼν
1833 3178 1926 3237 οῦν

340 3275 515 3347 ἡμᾶς,
548 3273 733 3345 φησὶν,
776 3274 856 3335 εἰς
898 3270 991 3324 δύο
1041 3268 1222 3330 πλοῖα,
1278 3265 1603 3337 ἐξέπεμψεν.
1650 3266 1925 3335 Ἐπιγενο-

346 3356 510 3428 μένου
530 3356 589 3409 δὲ
628 3354 802 3426 βιαίου
837 3354 1008 3415 νότου,
1041 3351 1216 3406 ἄσιτοι
1245 3349 1334 3403 διὰ
1357 3348 1525 3419 τριῶν
1559 3349 1781 3420 ήμερῶν
1814 3350 1927 3404 δια-

344 3438 680 3500 πλεύσαντες
702 3436 762 3489 τὸ
778 3436 915 3488 κατά
935 3434 1025 3488 τὸν
1044 3433 1263 3502 Αἰγῶνα
1285 3430 1521 3499 πέλαγος
1542 3430 1717 3484 καίτά
1742 3431 1923 3494 στενὰ,

344 3519 656 3590 δωδεκάτην
702 3517 850 3590 ὤραν
887 3520 953 3588 τῇ
1000 3517 1156 3588 τρίτῃ
1190 3513 1515 3586 ὡρμίσαμεν
1558 3513 1663 3584 πρὸ
1701 3515 1796 3590 τῆς
1830 3515 1926 3568 πό-

347 3601 484 3667 λεως
514 3589 876 3674 πλησίοντῶν
905 3600 1164 3666 Βίκτορος
1201 3596 1539 3666 προαστείων
1559 3612 1572 3626 ·
1605 3598 1663 3649 ἐν
1689 3589 1733 3663 ᾧ
1758 3613 1927 3649 κατα-

349 3686 633 3757 σχεθέντες
668 3685 819 3755 τόπῳ
842 3684 947 3736 ὑπὸ
980 3682 1089 3735 τῶν
1130 3682 1260 3743 τοὺς
1292 3679 1519 3749 λιμένας
1554 3679 1924 3750 πραττόντων,

345 3768 668 3840 ἀπήλθομεν
694 3770 776 3831 εἰς
813 3766 881 3819 τά
912 3765 1116 3819 ὀπίσω⁹
1156 3765 1302 3828 τίνος
1352 3762 1411 3817 δὲ
1446 3761 1802 3827 κελεύσαντος
1828 3765 1928 3818 οὑκ

346 3853 597 3923 ἐγνωμεν
611 3869 625 3883 ⁸
643 3852 737 3905 καὶ
754 3848 1199 3919 συγκλεισθέντες
1216 3849 1296 3909 είς
1316 3845 1573 3917 φρούριον
1588 3848 1691 3917 τῆς
1706 3847 1930 3919 Θρᾴκης

348 3936 818 4007 παραθαλάσσιον,
880 3930 1114 4002 Ἀθύραν
1174 3927 1543 3998 καλούμενον,
1607 3929 1815 3984 ἐκεῖθέν
1868 3947 1928 3986 τε

349 4016 803 4089 στρεϐλωθέντες,
832 4016 880 4069 οἰ
913 4014 1010 4085 μὲν
1049 4013 1310 4082 Ῥωμαῖοι
1337 4012 1395 4064 ἐν
1428 4010 1656 4082 οἰκίσκῳ
1696 4013 1797 4078 ἐνὶ,
1834 4013 1930 4067 καὶ

347 4102 408 4154 ἐν
435 4100 715 4172 διαφόροις
743 4101 793 4154 οί
825 4096 952 4169 περὶ
975 4095 1272 4166 κυριακὸν,
1298 4094 1375 4157 ὡς
1410 4093 1546 4164 μηδὲ
1584 4094 1748 4148 παῖδα
1785 4094 1929 4166 ἔχειν

349 4185 431 4248 εἰς
466 4182 796 4255 ὑπηρεσίαν·
834 4181 929 4234 καὶ
970 4178 1360 4249 ἀπαιτούμενοι
1404 4177 1472 4230 τὰ
1510 4176 1837 4248 γράμματα,
1867 4179 1927 4233 ού

347 4265 684 4336 δεδώκαμεν,
714 4265 978 4327 εἰπόντες,
1002 4264 1084 4317 ὅτι
1114 4262 1236 4325 Πῶς
1268 4255 1379 4313 οἷόν
1422 4261 1481 4313 τέ
1514 4260 1632 4314 ἐστι
1661 4261 1931 4331 πρεσϐευ-

348 4351 451 4413 τάς
490 4351 639 4420 ήμᾶς
690 4348 846 4409 ὄντας
878 4347 954 4417 μὴ
997 4344 1145 4416 αὐτῷ
1178 4344 1255 4414 τῷ
1300 4343 1513 4413 βασιλεῖ
1553 4343 1831 4398 ἐπιδοῦναι
1864 4346 1932 4399 τά

348 4433 445 4488 τοῦ
490 4432 752 4502 βασιλέως
784 4429 1088 4501 γράμματα
1140 4428 1234 4481 καί
1281 4426 1391 4479 τῶν
1442 4426 1797 4493 ἐπισκόπων;
1841 4429 1929 4491 Ὧς

348 4513 446 4570 οῦν
473 4515 741 4586 ἐμένομεν
785 4513 860 4585 μή
887 4510 1142 4575 διδόντες,
1176 4507 1392 4581 πρώτου
1445 4507 1692 4573 ἐλθόντος
1729 4510 1933 4581 Πατρι-

349 4599 471 4652 κίου
503 4596 755 4667 νοταρίου
785 4595 919 4666 πρὸς
954 4595 1120 4665 ἡμᾶς,
1168 4592 1360 4646 ἔπειτά
1398 4609 1559 4645 τινων
1591 4590 1812 4660 ἐτέρων,
1851 4610 1932 4646 τεο

348 4681 600 4735 λευταῖον
629 4675 760 4751 ἦλθέ
795 4695 879 4742 τις
927 4675 1307 4749 ἀφηγούμενος
1337 4674 1455 4736 ἐνὸς
1485 4671 1739 4745 ἀριθμοῦ,
1769 4674 1934 4728 Οὐαλ.

349 4762 598 4835 λεριανὸς
630 4762 876 4829 ὀνόματι,
920 4757 1313 4827 Καππαδόκης,
1351 4758 1446 4809 καὶ
1481 4754 1684 4817 κλάσας
1723 4754 1813 4808 τὸν
1840 4757 1934 4811 ἀν-

353 4845 566 4917 τίχειρα
615 4842 708 4897 τοῦ
761 4841 1060 4896 ἐπισκόπου
1080 4836 1364 4911 Μαριανοῦ
1389 4850 1439 4900 α,
1473 4836 1691 4907 ἀφεῖλεν
1730 4837 1933 4917 ἐσφρα-

354 4915 623 4999 γισμένην
645 4925 745 4997 τὴν
781 4924 1070 4995 ἐπιστολὴν
1098 4922 1191 4978 τοῦ
1229 4921 1492 4993 βασιλέως
1526 4919 1627 4973 σὺν
1664 4921 1785 4984 ταῖς
1822 4915 1934 4973 λοί-

357 5015 480 5075 παῖς
507 5008 835 5071 ἐπιστολαῖς.
874 5006 1295 5077 Ἐπιγενομένης
1312 5000 1406 5059 οῦν
1424 5003 1682 5075 δευτέρας
1696 5005 1728 5074 ή
1739 5003 1803 5073 μέ
1810 5020 1931 5075 ρας,

355 5094 678 5162 ἀπέστειλαν
736 5092 872 5162 πρὸς
914 5091 1081 5161 ἡμᾶς,
1130 5088 1239 5142 εἴτε
1286 5090 1336 5142 οἰ
1378 5088 1480 5157 τῆς
1520 5088 1615 5140 τοῦ
1670 5086 1934 5157 βασιλέως

354 5175 546 5246 αὐλῆς,
576 5159 690 5230 εἴτε
727 5159 1236 5246 οίπερίηἊττικὸν,
1276 5169 1575 5241 ἀγνοοῦμεν
1613 5168 1799 5239 (αὐτὸς
1825 5169 1933 5240 γάρ

354 5260 575 5329 ἐλέγετο
601 5257 1074 5329 ἐπιπεπηδηκέναι
1105 5254 1186 5325 τῷ
1212 5254 1388 5325 θρόνῳ
1426 5256 1527 5325 τῆς
1561 5253 1932 5322 Ἐκκλησίας),

355 5343 685 5406 ἐπιδιδόντες
741 5343 876 5413 ἡμῖν
926 5339 1239 5410 νομίσματα
1295 5336 1604 5409 τρισχίλια,
1657 5333 1935 5402 ἀξιοῦντες

355 5425 677 5487 πεισθέντας
706 5421 1208 5495 ήμάςικοινωνῆσαι
1238 5418 1317 5490 τῷ
1356 5418 1607 5489 Ἀττικῷ,
1650 5434 1935 5488 παρασιω-

357 5512 642 5583 πήσαντας
669 5508 767 5579 τήν
827 5507 1074 5561 Ἰωάννου
1119 5504 1296 5574 δίκην.
1334 5501 1427 5566 Οἷς
1476 5502 1551 5573 μὴ
1598 5501 1932 5563 πεισθέντες,

354 5593 626 5664 ἐμένομεν
671 5590 1116 5662 προσευχόμενοι,
1159 5589 1294 5657 πρὸς
1342 5587 1403 5640 τὸ
1452 5584 1617 5655 μηδὲν
1664 5582 1936 5654 εἰρηνικὸν

360 5677 575 5741 δνύειν,
631 5672 929 5736 ἀκ.νδύνως
989 5670 1312 5726 καταλαϐεῖν
1359 5669 1514 5741 ἡμῶν
1561 5668 1657 5731 τὰς
1719 5665 1937 5720 Ἰὶκκλτι·

424 5796 450 5825 ⁸
474 5794 659 5858 Georg.
688 5791 920 5851 Μαρίων.

2023 365 2172 428 σίας,
2227 367 2324 436 τὴν
2375 364 2630 436 τοιαύτην
2679 364 2911 437 ὁρῶντες
2970 363 3375 434 ἀνημερότητα.
3426 362 3597 418 Τοῦτο

2024 447 2237 504 καὶτοῦ
2263 448 2513 519 Σωτῆρος
2550 446 2687 501 Θεοῦ
2725 447 3000 519 διαφόροις
3049 445 3455 515 άποκαλύψεσιν
3497 446 3597 500 αὑ-

2022 532 2148 595 τοὺς
2178 532 2532 600 φωτίσαντος,
2562 532 2637 595 ὼς
2670 531 2765 587 καὶ
2792 531 2870 602 τῷ
2895 531 3127 600 διακόνῳ
3148 529 3241 584 τοῦ
3273 529 3431 597 ἁγίου
3471 529 3600 600 Ἐμ-

2028 613 2210 684 μελίου
2245 614 2460 685 Παύλῳ,
2502 614 2655 684 ἀνδρὶ
2692 616 2988 685 πραῦτάτῳ
3010 614 3104 667 καὶ
3138 613 3395 685 σώφρονι,
3425 612 3599 683 ὀφθῆ-

2024 713 2114 750 ναι
2146 698 2203 750 ἐν
2234 697 2310 767 τῷ
2337 697 2507 767 πλοίῳ
2534 696 2626 750 τὸν
2660 698 2934 769 μακάριον
2959 696 3167 752 Παῦλον
3186 695 3277 749 τὸν
3300 696 3599 750 ἀπόστολον

2024 777 2249 845 λέγοντα
2285 777 2464 849 αὐτῷ’
2503 778 2764 833 Βλέπετε
2796 778 2921 844 πῶς
2968 778 3338 845 περιπατεῖτε
3360 797 3375 811 ’
3398 776 3486 848 μὴ
3517 779 3601 847 ὡς

2024 858 2264 929 ἄσοφοι,
2289 860 2517 925 ἀλλ’ὡς
2537 861 2739 930 σοφοί,
2756 860 2997 927 εἰδότες,
3021 862 3108 914 ὅτι
3127 865 3186 915 αἱ
3204 861 3603 931 ήμέραιζστονη·

2017 944 2122 1011 ραι
2149 945 2307 997 εἰσιν
2328 961 2341 974 ’
2373 943 2739 1013 αἰνιττομένου
2770 944 2862 997 τοῦ
2890 944 3099 1015 ὀνείρου
3132 944 3228 1015 τὴν
3263 945 3600 1016 πολύτροπον

2010 1025 2201 1095 ,αὐτῶν
2234 1026 2470 1095 ἀπάτην.
2524 1027 2623 1095 τήν
2669 1042 2730 1078 τε
2773 1024 2859 1079 διὰ
2904 1025 3089 1097 δώρων
3142 1027 3237 1079 καὶ
3286 1027 3595 1093 κολακείας,

2011 1096 2125 1179 ,ἐπί
2155 1106 2532 1183 παραχαράξει
2568 1108 2666 1177 τῆς
2699 1096 2991 1177 ἀληθείας,
3019 1108 3277 1171 Ἐπιστὰς
3315 1105 3406 1164 οῦν
3444 1114 3473 1163 ὁ
3503 1111 3600 1164 αὑ-

2024 1190 2137 1257 τὸς,
2171 1191 2354 1260 φησὶν,
2390 1190 2779 1261 Οὑαλλεριανὺς
2810 1191 3143 1262 ὁ.χιλίαρχος
3176 1192 3421 1245 ἐνέϐαλεν
3451 1194 3600 1265 ἡμᾶς

2026 1273 2106 1336 εἰς
2139 1272 2469 1343 σαθρότατον
2505 1273 2707 1339 πλοῖον,
2746 1273 2821 1336 ὠς
2862 1273 3193 1344 ἐθρυλλεῖτο,
3223 1273 3345 1337 δοὺς
3384 1273 3482 1344 τὴν
3522 1292 3604 1328 τι·

2028 1354 2134 1426 μὴν
2169 1354 2248 1426 τῷ
2283 1356 2572 1428 ναυκλήρῳ
2609 1358 2920 1411 ἐπισκόπων
2941 1358 3040 1428 τῆς
3070 1357 3341 1420 ἀπωλείας
3376 1356 3485 1411 τῶν
3511 1358 3605 1429 ἐμο

2026 1438 2317 1502 πλεόντων,
2353 1438 2469 1510 ἅμα
2512 1439 2685 1492 εἴκοσι
2732 1439 3091 1510 στρατιώταις
3136 1440 3202 1492 ἐκ
3240 1440 3446 1504 τάξεων
3494 1439 3603 1493 διαο

2027 1522 2229 1594 φόρων,
2251 1524 2588 1594 παραχρῆμα
2601 1522 2826 1588 ἐξέωσεν
2842 1522 2950 1578 τῶν
2966 1523 3225 1595 Ἀθύρων.
3242 1523 3604 1579 Διαπλεύσαν-

2025 1622 2116 1670 τες
2147 1602 2239 1660 οῦν
2260 1608 2477 1671 ἱκανοὺς
2510 1608 2778 1672 σταδίους,
2805 1608 2899 1661 καὶ
2925 1608 3210 1678 μέλλοντες
3247 1607 3601 1673 ἀπόλλυσθαι,

2028 1690 2493 1761 προσωρμίσαμεν
2548 1694 2618 1762 τῇ
2683 1690 3005 1762 Λαμψάκῳ*
3046 1688 3301 1744 κάκεῖθεν
3344 1689 3606 1760 ἀμείψαν⁸

2026 1788 2117 1835 τες
2145 1771 2242 1843 τὴν
2267 1772 2489 1837 ὁλκάδα,
2516 1771 2868 1844 κατήχθημεν
2888 1776 2955 1843 τῇ
2984 1773 3203 1843 εἰκοστῇ
3231 1774 3287 1825 ἐν
3326 1772 3605 1845 Ὑδροῦντι

2028 1854 2125 1925 τῆς
2152 1854 2489 1926 Καλαϐρίας.
2528 1854 2723 1909 Οὐκέτι
2750 1855 2808 1931 δέ
2840 1855 2968 1925 ἡμῖν
2995 1849 3152 1927 εὖρον
3180 1856 3356 1908 εἰπεῖν
3379 1857 3437 1909 ἐν
3463 1857 3603 1910 τίσιν

2028 1938 2057 1990 δ
2083 1937 2351 2007 μακάριος
2372 1937 2669 2000 ἐπίσκοπος
2700 1937 2973 2006 Ἰωάννης,
3000 1937 3032 2006 ἢ
3060 1937 3162 1990 ποῦ
3189 1937 3283 1991 νῦν
3309 1939 3359 1991 οἱ
3385 1941 3605 1992 ἐπίσκο-

2019 2036 2119 2082 ,ποι
2143 2022 2190 2072 οί
2219 2019 2346 2091 περί
2383 2021 2692 2091 Δημήτριον
2740 2020 2834 2073 καὶ
2887 2021 3166 2089 Κυριακδν
3203 2021 3300 2073 καὶ
3342 2021 3604 2075 Εὑλύσιον

2031 2103 2122 2156 καί
2168 2093 2464 2159 Παλλάδιον
2514 2105 2611 2156 σὺν
2652 2104 2766 2167 τοῖς
2800 2102 3095 2174 ήμετέροις
3145 2103 3464 2168 ἐπισκόποις
3506 2105 3603 2175 τὴν

2032 2184 2322 2257 πρεσϐείαν
2352 2185 2711 2256 στειλάμενοι.
2742 2186 2800 2237 '0
2835 2185 3082 2238 'EﬂIZK.
3112 2183 3282 2255 Δεῦρο
3309 2184 3370 2255 δὴ
3395 2185 3602 2248 λοιπὸν,

2035 2268 2311 2339 ἱερώτατε,
2340 2269 2577 2338 ὑπόσχου
2619 2285 2708 2337 μοι
2758 2267 2848 2320 τὸν
2897 2266 3041 2331 νοῦν,
3091 2268 3369 2339 προσέχων
3418 2267 3606 2337 σαφῶς

2030 2354 2140 2415 τοῖς
2172 2350 2501 2421 λεγομένοις,
2550 2350 2644 2404 καὶ
2705 2349 2938 2421 καθεξῆς
2982 2366 3065 2402 σοι
3115 2350 3371 2420 γνωρίσω
3424 2351 3604 2421 πάσης

2031 2435 2333 2505 τραγῳδίας
2361 2435 2486 2495 τοὺς
2522 2435 2579 2485 ὲν
2609 2433 2757 2504 μέσῳ
2779 2433 3106 2503 σατυρικοὺς
3129 2431 3411 2502 θορύϐους,
3441 2432 3605 2486 πόθεν

2031 2534 2090 2570 τε
2105 2519 2203 2588 τῆς
2215 2517 2383 2586 μέθης
2400 2514 2654 2585 ήρξαντο,
2675 2515 2769 2567 καὶ
2783 2514 2943 2584 μέχρι
2958 2515 3101 2577 τίνος
3112 2514 3293 2581 ἔδοξαν
3311 2515 3602 2580 παύεσθαι,

2031 2601 2243 2654 οὐδέπω
2274 2600 2331 2653 δὲ
2364 2600 2689 2653 πέπαυνται.
2730 2597 2792 2650 Ἥ
2831 2598 2930 2667 μὲν
2967 2597 3221 2651 ἀπάντων
3264 2598 3371 2650 τῶν
3398 2599 3602 2667 κακῶν,

2032 2682 2107 2746 ὡς
2137 2682 2202 2736 ἂν
2250 2680 2396 2734 είποι
2427 2698 2531 2745 τις,
2585 2679 2799 2751 πηγὴῆ
2836 2666 3001 2750 νάρχή
3055 2682 3201 2733 ἐστιν
3238 2682 3266 2733 ό
3316 2666 3606 2750 μισόκαλος

2032 2763 2258 2835 δαίμων,
2288 2764 2374 2818 ἀεὶ⁴
2402 2764 2776 2834 ἀντιπράττων
2804 2762 2879 2826 ὼς
2911 2762 3072 2826 λύκος
3094 2765 3215 2824 ταῖς
3244 2762 3336 2818 τοῦ
3370 2763 3605 2833 Χριστοῦ

2031 2846 2273 2915 λογικαῖς
2310 2847 2552 2915 ἀγέλαις,
2602 2845 2994 2915 λυμαινόμενος
3048 2844 3145 2913 μὲν
3200 2845 3434 2913 ἀφειδῶς
3480 2848 3608 2911 τοὺς

2024 2926 2329 3001 ¹ἐμπείρους
2377 2930 2485 2982 τῶν
2521 2924 2869 2996 ἁγελοκόμων
2912 2927 2940 2966 ιι
2983 2927 3177 2981 πάθεσι
3217 2929 3603 3000 πολυτρόποις,

2033 3012 2334 3082 καθάπερὸ
2364 3010 2615 3081 βασιλεὺς
2641 3010 2747 3064 τῶν
2766 3010 3075 3078 Αἰγυπτίων
3100 3012 3225 3073 τοὺς
3240 3010 3473 3083 ἄρρενας
3496 3010 3607 3064 τῶν

2046 3093 2331 3157 Ἰουδαίων,
2366 3095 2629 3148 λιπαίνων
2661 3093 2717 3145 δέ
2755 3096 2875 3156 ταῖς
2928 3094 3169 3156 ἀπάταις
3221 3095 3331 3148 τῶν
3379 3095 3471 3148 ἐπὶ
3508 3096 3607 3167 τῆς

2032 3180 2135 3249 γῆς
2178 3178 2379 3249 ήδονῶν
2428 3176 2555 3240 τοῦς
2602 3175 2842 3244 φένακας
2885 3175 2992 3228 τῶν
3036 3175 3495 3246 ψευδοποιμένων.
3544 3178 3607 3232 υἰ

2032 3261 2088 3314 δὲ
2123 3260 2258 3329 μετά
2283 3259 2454 3313 ταῦτα
2493 3258 2590 3328 τῆς
2629 3258 2870 3327 πονηράς
2898 3256 3081 3329 πηγῆς
3113 3257 3310 3327 ὀχετοὶ,
3350 3259 3427 3322 ὼς
3462 3259 3608 3324 ἄπας

2032 3347 2060 3398 ό
2104 3344 2382 3416 περίγειος
2437 3341 2724 3394 ἐπίσταται
2778 3337 2950 3408 χῶρος
3026 3341 3163 3392 είσὶν
3206 3340 3460 3403 Ἀκάκιος
3512 3342 3608 3396 καὶ

2046 3427 2312 3497 Ἀντίοχος
2337 3425 2431 3479 καὶ
2457 3422 2715 3492 Θεόφιλος
2742 3422 2836 3475 καὶ
2864 3422 3210 3493 Σευηριανὸς,
3249 3425 3298 3476 οί
3326 3422 3608 3493 λεγόμενοι

2037 3513 2134 3581 μὲν
2159 3510 2189 3564 δ
2226 3513 2302 3580 μή
2328 3509 2487 3570 εἰσὶν,
2516 3507 2667 3570 ὄντες
2698 3505 2756 3558 δέ
2796 3504 2824 3557 ὃ
2868 3503 3125 3573 λέγεσθαι
3152 3505 3252 3558 οῦκ
3290 3505 3605 3576 ἀνέχονταιο

2032 3593 2126 3647 τοῦ
2152 3592 2207 3647 δὲ
2235 3592 2512 3661 τάγματος
2545 3587 2653 3641 τῶν
2674 3586 2948 3656 κληρικῶν
2973 3586 3331 3658 πρεσϐύτεροι
3357 3587 3468 3651 δύο,
3495 3588 3605 3643 διά-

2034 3694 2177 3731 κονοι
2204 3674 2261 3728 δὲ
2294 3673 2475 3735 πέντε,
2513 3672 2562 3724 οί
2595 3671 2693 3740 μέν
2737 3668 2796 3733 ἐξ
2839 3668 3175 3739 ἀκαθάρτου,
3216 3670 3266 3722 οί
3308 3669 3365 3722 δέ
3404 3672 3469 3725 ἐκ
3505 3688 3608 3725 κα-

2034 3741 2533 3832 κωτικοῦάριθμοῦ
2577 3754 2965 3824 συναγόμενοι·
3002 3753 3101 3804 οὑκ
3130 3752 3250 3807 οἶδα
3288 3752 3345 3806 δὲ
3379 3754 3427 3806 εἰ
3454 3755 3609 3809 ἀκίν-

2033 3845 2184 3900 δυνον
2205 3845 2331 3906 τοὺς
2344 3840 2617 3902 τοιούτους
2637 3838 2815 3903 λέγειν
2836 3853 2938 3906 πρε
2948 3834 3287 3906 σϐυτέρουςή
3309 3836 3607 3903 διακόνουςο

2034 3930 2135 4000 τῆς
2164 3929 2219 3982 δέ
2243 3926 2337 3979 τοῦ
2372 3922 2635 3995 βασιλέως
2666 3922 2836 3992 αὐλῆς
2865 3919 2957 3972 δύο
2989 3919 3021 3990 ἢ
3054 3922 3204 3988 τρεῖς
3224 3922 3399 3990 μόνοι,
3427 3922 3478 3976 ο⁶ἰ
3517 3923 3613 3976 καί

2036 4013 2342 4083 ἐνεύρωσαν
2373 4009 2497 4071 τοῖδς
2518 4003 2647 4078 περὶ
2668 4002 2946 4072 Θεόφιλον,
2978 4004 3342 4073 στρατιωτικῇ
3382 4002 3611 4075 βοηθείᾳ

2037 4088 2630 4162 συνεπαγωνιζὸμενοιο
2664 4084 2936 4155 γυναικῶν
2968 4083 3025 4136 δὲ
3057 4083 3194 4155 πρὸς
3218 4086 3339 4147 ταῖς
3378 4085 3611 4155 φημιζο-

2039 4179 2225 4248 μέναις
2258 4177 2425 4245 τρεῖς,
2460 4172 2625 4243 χῆραι
2658 4169 2778 4239 μὲν.
2817 4165 3203 4238 ἀνδρόπλουτοι
3246 4166 3324 4229 δέ,
3372 4168 3459 4220 ἐπ’
3495 4167 3612 4221 ὀλέ-

2037 4259 2150 4330 θρῳ
2180 4260 2279 4328 τῆς
2306 4254 2515 4311 ἑαυτῶν
2552 4251 2826 4324 σωτηρίας
2860 4248 2928 4303 τά
2966 4249 3025 4317 ἐξ
3061 4250 3317 4321 ἁρπαγῆς
3354 4251 3611 4322 χρήματα

2036 4341 2391 4411 κεκτημέναι,
2440 4335 2825 4407 ταραξάνδριαι
2866 4334 2959 4386 καὶ
3008 4331 3411 4399 άνασείστριαιο
3458 4333 3613 4403 Μάρ-

2039 4439 2105 4476 σα
2143 4420 2421 4489 Προμότου
2467 4418 2625 4485 γυνὴ,
2677 4413 2772 4466 καὶ
2817 4413 3133 4489 Καστρικία
3268 4411 3611 4489 Σατορνίνου,

2037 4501 2131 4567 καὶ
2162 4486 2469 4567 Ε’ύγραφία,
2497 4490 2821 4567 ἀμφιμανής
2858 4504 2973 4567 τις·
2997 4486 3069 4540 τά
3094 4486 3339 4567 δέᾼλοιπά
3361 4486 3615 4567 αἰδοῦμαι

2039 4563 2132 4633 καὶ
2163 4563 2558 4645 λέγεινζΑὗται
2583 4569 2675 4623 καὶ
2698 4563 2843 4622 οὗτοι
2866 4564 3254 4645 νωθροκάρδιοι
3278 4563 3432 4645 ὄντες
3461 4566 3518 4616 ἐν
3546 4568 3614 4637 τῇ

2039 4641 2246 4719 πίστει,
2262 4651 2514 4722 καθάπερ
2554 4645 2765 4718 φάλαγξ
2806 4643 3120 4722 οἰνομανὴς,
3168 4642 3248 4707 είς
3299 4641 3429 4710 μίαν
3493 4659 3618 4695 συν.

2020 4739 2322 4811 ,αχθέντεςο
2354 4721 2825 4811 μισοδιδασκαλίας
2870 4721 3144 4811 γνώμη-ν,-
3177 4724 3475 4811 χειμειρρρν
3522 4726 3620 4793 ἀπ,

2038 4801 2232 4880 ωλείας
2264 4801 2405 4868 κατὰ
2429 4810 2529 4880 τῆς
2560 4802 3017 4875 ἐκκλησιαπικῆς
3031 4802 3254 4874 εἰρήνης
3272 4801 3616 4873 εἰργάσαντο.

2022 4938 2027 4943 η
2050 4900 2109 4953 '0
2130 4895 2308 4951 AIAK.
2334 4889 2634 4959 Τοιγαροῦν
2657 4883 3060 4958 πωθυμήῦητι,
3080 4882 3282 4954 Πάτερ,
3299 4882 3390 4936 ἐπὶ
3414 4900 3621 4955 μαρτυ-

2044 4976 2262 5050 ροῦντος
2316 4971 2409 5025 τοῦ
2464 4968 2598 5022 Θεοῦ
2653 4967 2827 5050 εἰπεῖν
2871 4965 3038 5050 ,ἡμῖνδ
3100 4960 3268 5050 πόθεν
3312 4979 3374 5050 τε
3409 4963 3623 5050 ,τούτων

2038 5039 2101 5111 τὸ
2128 5053 2265 5126 πρὸς
2290 5050 2450 5106 αὑτὸν
2482 5051 2657 5119 μῖσος,
2704 5045 2799 5100 καὶ
2830 5043 2913 5126 τίς
2946 5039 3260 5126 φιλονεικία
3283 5039 3376 5126 τοῦ
3407 5041 3625 5126 ἐπισκό-

2041 5152 2141 5190 που
2176 5118 2429 5186 ’Ἰωάννου
2455 5118 2695 5196 λυπῆσαι
2720 5120 2988 5183 τοσαύτας
3015 5118 3171 5182 ἀξίας
3190 5136 3202 5150 ⁸
3236 5118 3370 5189 ὁμοῦ
3402 5119 3459 5172 δὲ
3487 5122 3626 5186 γνώ-

2025 5214 2190 5283 ’ρισον
2220 5213 2370 5281 ἡμῖν,
2408 5205 2570 5260 πόθεν
2592 5220 2653 5283 τε
2689 5200 2894 5283 ἦρξατο
2919 5196 3016 5251 τοῦ
3043 5196 3625 5283 ,βίουηκαὶμπῶς-ήχθη

2024 5275 2122 5357 ¹εἰς
2140 5275 2767 5346 Κώνσταντινουπόλεως
2794 5276 3233 5357 ἐπισκοπὴν,καὶ
3265 5275 3430 5329 πόσον
3459 5278 3625 5347 ἐκρά-

2041 5350 2176 5440 τη-σε
2202 5368 2416 5441 χρόνον,
2455 5364 2553 5417 καὶ
2597 5360 2781 5441 ὁποῖον
2814 5355 2877 5410 τὸ
2908 5354 3100 5441 τούτου
3124 5350 3298 5441 ἦθος,
3335 5358 3431 5441 καὶ
3454 5358 3546 5441 ’τίς
3591 5359 3625 5427 ή

2041 5433 2137 5504 τοῦ
2172 5433 2288 5519 βιόυ
2322 5443 2641 5519 κατάλυσις,
2670 5437 2724 5519 εί
2744 5454 2806 5519 γε
2834 5433 3184 5519 κεκοίμηται,
3209 5434 3294 5519 ἐῢς
3333 5435 3623 5519 ἀκυρομεν,
3714 5492 3725 5497 _

2046 5527 2108 5580 Εἰ
2139 5509 2231 5579 καὶ
2274 5520 2586 5591 ταμάλιστα
2616 5514 2703 5567 διὰ
2736 5510 3168 5591 πάντωνῗτρέχει
3207 5509 3486 5591 θαυμασία
3532 5511 3628 5563 καί

2046 5606 2299 5675 ἐνάρετος
2331 5585 2518 5670 μνήμη
2550 5607 2572 5635 ο
2600 5593 2694 5647 τοῦ
2720 5591 2929 5661 ἀνδρὸς,
2955 5588 3069 5641 ἀλλ’
3105 5589 3255 5659 ὅμως
3284 5585 3511 5655 σύνηθές
3537 5604 3627 5659 μοι

2106 5725 2135 5765 ἱ
2167 5724 2247 5771 Ms.
2278 5725 2395 5784 Reg.
2427 5718 2800 5782 ἁγελαιοκὸμων.

2115 5790 2136 5816 ⁶
2165 5784 2327 5835 Malim
2350 5783 2519 5842 {cgere
2554 5783 2683 5839 οήιιη
2707 5790 2818 5826 cum
2843 5793 2848 5798 ν
