  <div class='ocr_page' id='page_1' title='image "/cluster/home/n/w/nwhite01/storage/ocr_20150623/47/mdp.39015012902212/074.png"; bbox 0 0 4038 6154; ppageno 0'>
   <div class='ocr_carea' id='block_1_1' title="bbox 290 279 3585 347">
    <p class='ocr_par' dir='ltr' id='par_1_1' title="bbox 290 279 3585 347">
     <span class='ocr_line' id='line_1_1' title="bbox 290 279 3585 347; baseline -0.006 -1"><span class='ocrx_word' id='word_1_1' title='bbox 290 291 355 347; x_wconf 82' lang='grc' dir='ltr'><strong><em>Π</em></strong></span> <span class='ocrx_word' id='word_1_2' title='bbox 1323 286 1410 340; x_wconf 80' lang='lat' dir='ltr'><strong>DE</strong></span> <span class='ocrx_word' id='word_1_3' title='bbox 1454 284 1609 339; x_wconf 69' lang='lat' dir='ltr'><strong>VITA</strong></span> <span class='ocrx_word' id='word_1_4' title='bbox 1649 284 1709 336; x_wconf 84' lang='lat' dir='ltr'><strong>S.</strong></span> <span class='ocrx_word' id='word_1_5' title='bbox 1752 279 2032 336; x_wconf 64' lang='lat' dir='ltr'><strong>JOANXIS</strong></span> <span class='ocrx_word' id='word_1_6' title='bbox 2068 279 2568 335; x_wconf 72' lang='lat' dir='ltr'><strong>CIIRYSOSTOMI.</strong></span> <span class='ocrx_word' id='word_1_7' title='bbox 3520 285 3585 339; x_wconf 66' lang='lat'><strong>13</strong></span> 
     </span>
    </p>
   </div>
   <div class='ocr_carea' id='block_1_2' title="bbox 282 396 1874 473">
    <p class='ocr_par' dir='ltr' id='par_1_2' title="bbox 282 396 1874 473">
     <span class='ocr_line' id='line_1_2' title="bbox 282 396 1874 473; baseline -0.008 -14"><span class='ocrx_word' id='word_1_8' title='bbox 282 402 595 459; x_wconf 88' lang='lat' dir='ltr'><strong>hominibus</strong></span> <span class='ocrx_word' id='word_1_9' title='bbox 622 402 710 473; x_wconf 91' lang='lat' dir='ltr'><strong>qui</strong></span> <span class='ocrx_word' id='word_1_10' title='bbox 744 402 1046 471; x_wconf 85' lang='lat' dir='ltr'><strong>vituperare</strong></span> <span class='ocrx_word' id='word_1_11' title='bbox 1070 408 1122 453; x_wconf 92' lang='lat' dir='ltr'><strong>et</strong></span> <span class='ocrx_word' id='word_1_12' title='bbox 1162 396 1377 451; x_wconf 87' lang='lat' dir='ltr'><strong>laudare</strong></span> <span class='ocrx_word' id='word_1_13' title='bbox 1409 406 1551 452; x_wconf 76' lang='lat' dir='ltr'><strong>recte</strong></span> <span class='ocrx_word' id='word_1_14' title='bbox 1577 402 1874 460; x_wconf 88' lang='lat' dir='ltr'><strong>noverunt,</strong></span> 
     </span>
    </p>
   </div>
   <div class='ocr_carea' id='block_1_3' title="bbox 282 485 1876 564">
    <p class='ocr_par' dir='ltr' id='par_1_3' title="bbox 282 485 1876 564">
     <span class='ocr_line' id='line_1_3' title="bbox 282 485 1876 564; baseline -0.006 -17"><span class='ocrx_word' id='word_1_15' title='bbox 282 510 399 548; x_wconf 86' lang='lat' dir='ltr'><strong>rem</strong></span> <span class='ocrx_word' id='word_1_16' title='bbox 448 491 648 564; x_wconf 87' lang='lat' dir='ltr'><strong>liquido</strong></span> <span class='ocrx_word' id='word_1_17' title='bbox 690 489 1054 560; x_wconf 80' lang='lat' dir='ltr'><strong>cognoverim.</strong></span> <span class='ocrx_word' id='word_1_18' title='bbox 1103 489 1276 542; x_wconf 78' lang='lat' dir='ltr'><strong>EPISC.</strong></span> <span class='ocrx_word' id='word_1_19' title='bbox 1323 486 1504 540; x_wconf 88' lang='lat' dir='ltr'><strong>Laudo</strong></span> <span class='ocrx_word' id='word_1_20' title='bbox 1550 485 1876 556; x_wconf 71' lang='lat' dir='ltr'><strong>diligentiam</strong></span> 
     </span>
    </p>
   </div>
   <div class='ocr_carea' id='block_1_4' title="bbox 285 576 1879 649">
    <p class='ocr_par' dir='ltr' id='par_1_4' title="bbox 285 576 1879 649">
     <span class='ocr_line' id='line_1_4' title="bbox 285 576 1879 649; baseline -0.006 -10"><span class='ocrx_word' id='word_1_21' title='bbox 285 594 477 649; x_wconf 87' lang='lat' dir='ltr'><strong>tuam,</strong></span> <span class='ocrx_word' id='word_1_22' title='bbox 532 580 924 636; x_wconf 75' lang='lat' dir='ltr'><strong>distinctionem</strong></span> <span class='ocrx_word' id='word_1_23' title='bbox 979 594 1108 634; x_wconf 73' lang='lat' dir='ltr'><strong>vero</strong></span> <span class='ocrx_word' id='word_1_24' title='bbox 1162 594 1266 632; x_wconf 89' lang='lat' dir='ltr'><strong>non</strong></span> <span class='ocrx_word' id='word_1_25' title='bbox 1320 577 1582 642; x_wconf 78' lang='lat' dir='ltr'><strong>admitto,</strong></span> <span class='ocrx_word' id='word_1_26' title='bbox 1641 576 1879 631; x_wconf 67' lang='lat' dir='ltr'><strong>veritatis</strong></span> 
     </span>
    </p>
   </div>
   <div class='ocr_carea' id='block_1_5' title="bbox 283 666 1878 736">
    <p class='ocr_par' dir='ltr' id='par_1_5' title="bbox 283 666 1878 736">
     <span class='ocr_line' id='line_1_5' title="bbox 283 666 1878 736; baseline -0.004 -9"><span class='ocrx_word' id='word_1_27' title='bbox 283 675 651 727; x_wconf 87' lang='lat' dir='ltr'><strong>amantissime</strong></span> <span class='ocrx_word' id='word_1_28' title='bbox 694 680 748 726; x_wconf 90' lang='lat' dir='ltr'><strong>et</strong></span> <span class='ocrx_word' id='word_1_29' title='bbox 799 671 905 725; x_wconf 90' lang='lat' dir='ltr'><strong>Deo</strong></span> <span class='ocrx_word' id='word_1_30' title='bbox 950 685 1074 725; x_wconf 90' lang='lat' dir='ltr'><strong>care</strong></span> <span class='ocrx_word' id='word_1_31' title='bbox 1121 669 1201 723; x_wconf 83' lang='lat' dir='ltr'><strong>vir</strong></span> <span class='ocrx_word' id='word_1_32' title='bbox 1244 667 1547 723; x_wconf 81' lang='lat' dir='ltr'><strong>Theodore.</strong></span> <span class='ocrx_word' id='word_1_33' title='bbox 1584 667 1714 722; x_wconf 85' lang='lat' dir='ltr'><strong>Nam</strong></span> <span class='ocrx_word' id='word_1_34' title='bbox 1766 666 1878 736; x_wconf 89' lang='lat' dir='ltr'><strong>ipsa</strong></span> 
     </span>
    </p>
   </div>
   <div class='ocr_carea' id='block_1_6' title="bbox 284 756 1879 830">
    <p class='ocr_par' dir='ltr' id='par_1_6' title="bbox 284 756 1879 830">
     <span class='ocr_line' id='line_1_6' title="bbox 284 756 1879 830; baseline -0.006 -11"><span class='ocrx_word' id='word_1_35' title='bbox 284 764 506 819; x_wconf 91' lang='lat' dir='ltr'><strong>canities</strong></span> <span class='ocrx_word' id='word_1_36' title='bbox 530 773 585 816; x_wconf 90' lang='lat' dir='ltr'><strong>ct</strong></span> <span class='ocrx_word' id='word_1_37' title='bbox 614 756 848 830; x_wconf 80' lang='lat' dir='ltr'><strong>dignitas</strong></span> <span class='ocrx_word' id='word_1_38' title='bbox 877 769 1085 819; x_wconf 75' lang='lat' dir='ltr'><strong>nostra.</strong></span> <span class='ocrx_word' id='word_1_39' title='bbox 1113 769 1169 812; x_wconf 92' lang='lat' dir='ltr'><strong>ut</strong></span> <span class='ocrx_word' id='word_1_40' title='bbox 1197 757 1265 813; x_wconf 90' lang='lat' dir='ltr'><strong>de</strong></span> <span class='ocrx_word' id='word_1_41' title='bbox 1291 773 1377 812; x_wconf 93' lang='lat' dir='ltr'><strong>me</strong></span> <span class='ocrx_word' id='word_1_42' title='bbox 1407 759 1521 828; x_wconf 89' lang='lat' dir='ltr'><strong>ipso</strong></span> <span class='ocrx_word' id='word_1_43' title='bbox 1549 758 1755 826; x_wconf 87' lang='lat' dir='ltr'><strong>loquar,</strong></span> <span class='ocrx_word' id='word_1_44' title='bbox 1787 756 1879 811; x_wconf 86' lang='lat' dir='ltr'><strong>tibi</strong></span> 
     </span>
    </p>
   </div>
   <div class='ocr_carea' id='block_1_7' title="bbox 280 846 1875 917">
    <p class='ocr_par' dir='ltr' id='par_1_7' title="bbox 280 846 1875 917">
     <span class='ocr_line' id='line_1_7' title="bbox 280 846 1875 917; baseline -0.006 -8"><span class='ocrx_word' id='word_1_45' title='bbox 280 854 529 909; x_wconf 82' lang='lat' dir='ltr'><strong>sufﬁcere</strong></span> <span class='ocrx_word' id='word_1_46' title='bbox 546 850 833 913; x_wconf 75' lang='lat' dir='ltr'><strong>debebant,</strong></span> <span class='ocrx_word' id='word_1_47' title='bbox 854 858 911 903; x_wconf 92' lang='lat' dir='ltr'><strong>ut</strong></span> <span class='ocrx_word' id='word_1_48' title='bbox 927 865 1050 903; x_wconf 86' lang='lat' dir='ltr'><strong>vera</strong></span> <span class='ocrx_word' id='word_1_49' title='bbox 1079 864 1200 903; x_wconf 87' lang='lat' dir='ltr'><strong>esse</strong></span> <span class='ocrx_word' id='word_1_50' title='bbox 1225 846 1476 903; x_wconf 82' lang='lat' dir='ltr'><strong>crederes</strong></span> <span class='ocrx_word' id='word_1_51' title='bbox 1493 864 1609 917; x_wconf 82' lang='lat' dir='ltr'><strong>qua:</strong></span> <span class='ocrx_word' id='word_1_52' title='bbox 1626 846 1875 901; x_wconf 83' lang='lat' dir='ltr'><strong>dicimus.</strong></span> 
     </span>
    </p>
   </div>
   <div class='ocr_carea' id='block_1_8' title="bbox 280 935 1877 1008">
    <p class='ocr_par' dir='ltr' id='par_1_8' title="bbox 280 935 1877 1008">
     <span class='ocr_line' id='line_1_8' title="bbox 280 935 1877 1008; baseline -0.004 -12"><span class='ocrx_word' id='word_1_53' title='bbox 280 942 544 1008; x_wconf 74' lang='lat' dir='ltr'><strong>Quoniam</strong></span> <span class='ocrx_word' id='word_1_54' title='bbox 565 954 696 994; x_wconf 85' lang='lat' dir='ltr'><strong>vero</strong></span> <span class='ocrx_word' id='word_1_55' title='bbox 713 939 767 993; x_wconf 89' lang='lat' dir='ltr'><strong>id</strong></span> <span class='ocrx_word' id='word_1_56' title='bbox 785 954 888 993; x_wconf 92' lang='lat' dir='ltr'><strong>non</strong></span> <span class='ocrx_word' id='word_1_57' title='bbox 916 938 1107 1002; x_wconf 90' lang='lat' dir='ltr'><strong>fecisti,</strong></span> <span class='ocrx_word' id='word_1_58' title='bbox 1127 947 1180 991; x_wconf 90' lang='lat' dir='ltr'><strong>et</strong></span> <span class='ocrx_word' id='word_1_59' title='bbox 1198 938 1278 991; x_wconf 90' lang='lat' dir='ltr'><strong>bis</strong></span> <span class='ocrx_word' id='word_1_60' title='bbox 1304 953 1388 990; x_wconf 86' lang='lat' dir='ltr'><strong>me</strong></span> <span class='ocrx_word' id='word_1_61' title='bbox 1405 936 1514 1006; x_wconf 87' lang='lat' dir='ltr'><strong>jam</strong></span> <span class='ocrx_word' id='word_1_62' title='bbox 1540 935 1877 1005; x_wconf 85' lang='lat' dir='ltr'><strong>adjudicimn</strong></span> 
     </span>
    </p>
   </div>
   <div class='ocr_carea' id='block_1_9' title="bbox 284 1026 1876 1101">
    <p class='ocr_par' dir='ltr' id='par_1_9' title="bbox 284 1026 1876 1101">
     <span class='ocr_line' id='line_1_9' title="bbox 284 1026 1876 1101; baseline -0.006 -14"><span class='ocrx_word' id='word_1_63' title='bbox 284 1031 376 1089; x_wconf 77' lang='lat' dir='ltr'><strong>Dei</strong></span> <span class='ocrx_word' id='word_1_64' title='bbox 419 1046 623 1094; x_wconf 85' lang='lat' dir='ltr'><strong>vocas;</strong></span> <span class='ocrx_word' id='word_1_65' title='bbox 660 1039 780 1101; x_wconf 90' lang='lat' dir='ltr'><strong>post</strong></span> <span class='ocrx_word' id='word_1_66' title='bbox 821 1029 920 1083; x_wconf 87' lang='lat' dir='ltr'><strong>hac</strong></span> <span class='ocrx_word' id='word_1_67' title='bbox 965 1027 1155 1083; x_wconf 84' lang='lat' dir='ltr'><strong>saltem</strong></span> <span class='ocrx_word' id='word_1_68' title='bbox 1188 1028 1387 1081; x_wconf 86' lang='lat' dir='ltr'><strong>omisso</strong></span> <span class='ocrx_word' id='word_1_69' title='bbox 1427 1026 1573 1080; x_wconf 87' lang='lat' dir='ltr'><strong>onmi</strong></span> <span class='ocrx_word' id='word_1_70' title='bbox 1620 1032 1876 1094; x_wconf 56' lang='lat' dir='ltr'><strong>praetextu</strong></span> 
     </span>
    </p>
   </div>
   <div class='ocr_carea' id='block_1_10' title="bbox 284 1117 1874 1183">
    <p class='ocr_par' dir='ltr' id='par_1_10' title="bbox 284 1117 1874 1183">
     <span class='ocr_line' id='line_1_10' title="bbox 284 1117 1874 1183; baseline -0.006 -5"><span class='ocrx_word' id='word_1_71' title='bbox 284 1139 442 1178; x_wconf 73' lang='lat' dir='ltr'><strong>aures</strong></span> <span class='ocrx_word' id='word_1_72' title='bbox 468 1122 599 1177; x_wconf 88' lang='lat' dir='ltr'><strong>mihi</strong></span> <span class='ocrx_word' id='word_1_73' title='bbox 628 1119 996 1183; x_wconf 86' lang='lat' dir='ltr'><strong>accommoda,</strong></span> <span class='ocrx_word' id='word_1_74' title='bbox 1017 1135 1084 1173; x_wconf 88' lang='lat' dir='ltr'><strong>ne</strong></span> <span class='ocrx_word' id='word_1_75' title='bbox 1116 1120 1166 1173; x_wconf 90' lang='lat' dir='ltr'><strong>in</strong></span> <span class='ocrx_word' id='word_1_76' title='bbox 1185 1135 1377 1174; x_wconf 88' lang='lat' dir='ltr'><strong>vanum</strong></span> <span class='ocrx_word' id='word_1_77' title='bbox 1410 1117 1658 1172; x_wconf 89' lang='lat' dir='ltr'><strong>decurrat</strong></span> <span class='ocrx_word' id='word_1_78' title='bbox 1683 1118 1874 1172; x_wconf 90' lang='lat' dir='ltr'><strong>oratio.</strong></span> 
     </span>
    </p>
   </div>
   <div class='ocr_carea' id='block_1_11' title="bbox 282 1208 1878 1284">
    <p class='ocr_par' dir='ltr' id='par_1_11' title="bbox 282 1208 1878 1284">
     <span class='ocr_line' id='line_1_11' title="bbox 282 1208 1878 1284; baseline -0.005 -15"><span class='ocrx_word' id='word_1_79' title='bbox 282 1215 407 1269; x_wconf 79' lang='lat' dir='ltr'><strong>Scio</strong></span> <span class='ocrx_word' id='word_1_80' title='bbox 435 1214 580 1270; x_wconf 91' lang='lat' dir='ltr'><strong>enim</strong></span> <span class='ocrx_word' id='word_1_81' title='bbox 609 1229 730 1284; x_wconf 73' lang='lat' dir='ltr'><strong>qua:</strong></span> <span class='ocrx_word' id='word_1_82' title='bbox 774 1211 827 1266; x_wconf 90' lang='lat' dir='ltr'><strong>in</strong></span> <span class='ocrx_word' id='word_1_83' title='bbox 856 1212 974 1282; x_wconf 87' lang='lat' dir='ltr'><strong>lege</strong></span> <span class='ocrx_word' id='word_1_84' title='bbox 1018 1211 1195 1266; x_wconf 86' lang='lat' dir='ltr'><strong>divina</strong></span> <span class='ocrx_word' id='word_1_85' title='bbox 1243 1215 1442 1280; x_wconf 87' lang='lat' dir='ltr'><strong>scripta</strong></span> <span class='ocrx_word' id='word_1_86' title='bbox 1489 1220 1612 1264; x_wconf 82' lang='lat' dir='ltr'><strong>Sunt</strong></span> <span class='ocrx_word' id='word_1_87' title='bbox 1643 1227 1657 1264; x_wconf 85' lang='lat'><strong>:</strong></span> <span class='ocrx_word' id='word_1_88' title='bbox 1693 1208 1878 1263; x_wconf 77' lang='lat' dir='ltr'><strong>Perdet</strong></span> 
     </span>
    </p>
   </div>
   <div class='ocr_carea' id='block_1_12' title="bbox 285 1300 1875 1373">
    <p class='ocr_par' dir='ltr' id='par_1_12' title="bbox 285 1300 1875 1373">
     <span class='ocr_line' id='line_1_12' title="bbox 285 1300 1875 1373; baseline -0.003 -13"><span class='ocrx_word' id='word_1_89' title='bbox 285 1305 426 1360; x_wconf 83' lang='lat' dir='ltr'><strong>Deus</strong></span> <span class='ocrx_word' id='word_1_90' title='bbox 464 1321 640 1359; x_wconf 85' lang='lat' dir='ltr'><strong>omnes</strong></span> <span class='ocrx_word' id='word_1_91' title='bbox 663 1304 750 1373; x_wconf 84' lang='lat' dir='ltr'><strong>qui</strong></span> <span class='ocrx_word' id='word_1_92' title='bbox 788 1305 1058 1373; x_wconf 84' lang='lat' dir='ltr'><strong>loquuntur</strong></span> <span class='ocrx_word' id='word_1_93' title='bbox 1102 1302 1415 1356; x_wconf 79' lang='lat' dir='ltr'><strong>mendacium</strong></span> <span class='ocrx_word' id='word_1_94' title='bbox 1459 1302 1477 1373; x_wconf 87' lang='lat'>(</span> <span class='ocrx_word' id='word_1_95' title='bbox 1504 1300 1646 1355; x_wconf 82' lang='lat' dir='ltr'><strong>I’sal.</strong></span> <span class='ocrx_word' id='word_1_96' title='bbox 1677 1301 1730 1357; x_wconf 88' lang='grc'><strong>5.</strong></span> <span class='ocrx_word' id='word_1_97' title='bbox 1763 1301 1875 1371; x_wconf 82' lang='lat'><strong>7);</strong></span> 
     </span>
    </p>
   </div>
   <div class='ocr_carea' id='block_1_13' title="bbox 284 1390 1878 1466">
    <p class='ocr_par' dir='ltr' id='par_1_13' title="bbox 284 1390 1878 1466">
     <span class='ocr_line' id='line_1_13' title="bbox 284 1390 1878 1466; baseline -0.005 -15"><span class='ocrx_word' id='word_1_98' title='bbox 284 1407 340 1451; x_wconf 88' lang='lat' dir='ltr'><strong>ct</strong></span> <span class='ocrx_word' id='word_1_99' title='bbox 363 1395 505 1466; x_wconf 81' lang='lat' dir='ltr'><strong>apud</strong></span> <span class='ocrx_word' id='word_1_100' title='bbox 532 1394 830 1464; x_wconf 83' lang='lat' dir='ltr'><strong>apostolum</strong></span> <span class='ocrx_word' id='word_1_101' title='bbox 856 1392 1114 1447; x_wconf 81' lang='lat' dir='ltr'><strong>Joannem</strong></span> <span class='ocrx_word' id='word_1_102' title='bbox 1140 1433 1156 1459; x_wconf 88' lang='lat'><strong>,</strong></span> <span class='ocrx_word' id='word_1_103' title='bbox 1191 1392 1292 1460; x_wconf 87' lang='lat' dir='ltr'><strong>Qui</strong></span> <span class='ocrx_word' id='word_1_104' title='bbox 1316 1392 1539 1457; x_wconf 81' lang='lat' dir='ltr'><strong>loquitur</strong></span> <span class='ocrx_word' id='word_1_105' title='bbox 1564 1390 1878 1445; x_wconf 81' lang='lat' dir='ltr'><strong>mendacium</strong></span> 
     </span>
    </p>
   </div>
   <div class='ocr_carea' id='block_1_14' title="bbox 286 1482 1874 1557">
    <p class='ocr_par' dir='ltr' id='par_1_14' title="bbox 286 1482 1874 1557">
     <span class='ocr_line' id='line_1_14' title="bbox 286 1482 1874 1557; baseline -0.003 -16"><span class='ocrx_word' id='word_1_106' title='bbox 286 1498 485 1542; x_wconf 83' lang='lat' dir='ltr'><strong>nonest</strong></span> <span class='ocrx_word' id='word_1_107' title='bbox 507 1503 569 1541; x_wconf 80' lang='lat' dir='ltr'><strong>ea:</strong></span> <span class='ocrx_word' id='word_1_108' title='bbox 597 1484 705 1541; x_wconf 88' lang='lat' dir='ltr'><strong>Deo</strong></span> <span class='ocrx_word' id='word_1_109' title='bbox 731 1485 909 1557; x_wconf 81' lang='lat' dir='ltr'><strong>(Joan.</strong></span> <span class='ocrx_word' id='word_1_110' title='bbox 930 1485 984 1540; x_wconf 92' lang='lat'><strong>8.</strong></span> <span class='ocrx_word' id='word_1_111' title='bbox 1019 1482 1138 1556; x_wconf 64' lang='lat'><strong>54);</strong></span> <span class='ocrx_word' id='word_1_112' title='bbox 1165 1493 1217 1540; x_wconf 91' lang='lat' dir='ltr'><strong>et</strong></span> <span class='ocrx_word' id='word_1_113' title='bbox 1234 1499 1418 1540; x_wconf 86' lang='lat' dir='ltr'><strong>rursus</strong></span> <span class='ocrx_word' id='word_1_114' title='bbox 1441 1484 1580 1553; x_wconf 78' lang='lat' dir='ltr'><strong>apud</strong></span> <span class='ocrx_word' id='word_1_115' title='bbox 1602 1483 1874 1546; x_wconf 89' lang='lat' dir='ltr'><strong>Davidem,</strong></span> 
     </span>
    </p>
   </div>
   <div class='ocr_carea' id='block_1_15' title="bbox 288 1572 1874 1646">
    <p class='ocr_par' dir='ltr' id='par_1_15' title="bbox 288 1572 1874 1646">
     <span class='ocr_line' id='line_1_15' title="bbox 288 1572 1874 1646; baseline -0.002 -16"><span class='ocrx_word' id='word_1_116' title='bbox 288 1576 544 1643; x_wconf 72' lang='lat' dir='ltr'><strong>Quoniam</strong></span> <span class='ocrx_word' id='word_1_117' title='bbox 585 1576 892 1629; x_wconf 80' lang='lat' dir='ltr'><strong>obstructum</strong></span> <span class='ocrx_word' id='word_1_118' title='bbox 934 1584 1006 1628; x_wconf 86' lang='lat' dir='ltr'><strong>est</strong></span> <span class='ocrx_word' id='word_1_119' title='bbox 1035 1590 1090 1629; x_wconf 80' lang='lat' dir='ltr'><strong>os</strong></span> <span class='ocrx_word' id='word_1_120' title='bbox 1121 1575 1429 1645; x_wconf 83' lang='lat' dir='ltr'><strong>loquentium</strong></span> <span class='ocrx_word' id='word_1_121' title='bbox 1466 1575 1641 1645; x_wconf 83' lang='lat' dir='ltr'><strong>iniqua</strong></span> <span class='ocrx_word' id='word_1_122' title='bbox 1685 1572 1874 1646; x_wconf 83' lang='lat' dir='ltr'><strong>(Psal.</strong></span> 
     </span>
    </p>
   </div>
   <div class='ocr_carea' id='block_1_16' title="bbox 282 1664 1875 1737">
    <p class='ocr_par' dir='ltr' id='par_1_16' title="bbox 282 1664 1875 1737">
     <span class='ocr_line' id='line_1_16' title="bbox 282 1664 1875 1737; baseline -0.003 -14"><span class='ocrx_word' id='word_1_123' title='bbox 282 1665 377 1723; x_wconf 69' lang='lat'><strong>62.</strong></span> <span class='ocrx_word' id='word_1_124' title='bbox 412 1666 540 1737; x_wconf 75' lang='grc'><strong>12).</strong></span> <span class='ocrx_word' id='word_1_125' title='bbox 574 1667 779 1722; x_wconf 80' lang='lat' dir='ltr'><strong>Revera</strong></span> <span class='ocrx_word' id='word_1_126' title='bbox 819 1666 961 1721; x_wconf 88' lang='lat' dir='ltr'><strong>enim</strong></span> <span class='ocrx_word' id='word_1_127' title='bbox 1006 1665 1184 1735; x_wconf 84' lang='lat' dir='ltr'><strong>inique</strong></span> <span class='ocrx_word' id='word_1_128' title='bbox 1226 1667 1332 1735; x_wconf 81' lang='lat' dir='ltr'><strong>agit</strong></span> <span class='ocrx_word' id='word_1_129' title='bbox 1360 1666 1449 1736; x_wconf 89' lang='lat' dir='ltr'><strong>qui</strong></span> <span class='ocrx_word' id='word_1_130' title='bbox 1479 1664 1610 1721; x_wconf 88' lang='lat' dir='ltr'><strong>fallit</strong></span> <span class='ocrx_word' id='word_1_131' title='bbox 1644 1680 1766 1721; x_wconf 86' lang='lat' dir='ltr'><strong>eum</strong></span> <span class='ocrx_word' id='word_1_132' title='bbox 1792 1664 1875 1719; x_wconf 91' lang='lat' dir='ltr'><strong>cui</strong></span> 
     </span>
    </p>
   </div>
   <div class='ocr_carea' id='block_1_17' title="bbox 282 1757 1871 1830">
    <p class='ocr_par' dir='ltr' id='par_1_17' title="bbox 282 1757 1871 1830">
     <span class='ocr_line' id='line_1_17' title="bbox 282 1757 1871 1830; baseline -0.005 -16"><span class='ocrx_word' id='word_1_133' title='bbox 282 1759 602 1830; x_wconf 86' lang='lat' dir='ltr'><strong>persuadet;</strong></span> <span class='ocrx_word' id='word_1_134' title='bbox 630 1768 683 1812; x_wconf 89' lang='lat' dir='ltr'><strong>et</strong></span> <span class='ocrx_word' id='word_1_135' title='bbox 711 1759 796 1828; x_wconf 90' lang='lat' dir='ltr'><strong>qui</strong></span> <span class='ocrx_word' id='word_1_136' title='bbox 823 1757 995 1812; x_wconf 89' lang='lat' dir='ltr'><strong>credit</strong></span> <span class='ocrx_word' id='word_1_137' title='bbox 1023 1757 1319 1822; x_wconf 84' lang='lat' dir='ltr'><strong>mentienti,</strong></span> <span class='ocrx_word' id='word_1_138' title='bbox 1352 1757 1512 1812; x_wconf 89' lang='lat' dir='ltr'><strong>etiam</strong></span> <span class='ocrx_word' id='word_1_139' title='bbox 1544 1758 1721 1826; x_wconf 87' lang='lat' dir='ltr'><strong>inique</strong></span> <span class='ocrx_word' id='word_1_140' title='bbox 1745 1758 1871 1826; x_wconf 85' lang='lat' dir='ltr'><strong>agit,</strong></span> 
     </span>
    </p>
   </div>
   <div class='ocr_carea' id='block_1_18' title="bbox 281 1845 1872 1918">
    <p class='ocr_par' dir='ltr' id='par_1_18' title="bbox 281 1845 1872 1918">
     <span class='ocr_line' id='line_1_18' title="bbox 281 1845 1872 1918; baseline -0.001 -16"><span class='ocrx_word' id='word_1_141' title='bbox 281 1849 416 1903; x_wconf 88' lang='lat' dir='ltr'><strong>dum</strong></span> <span class='ocrx_word' id='word_1_142' title='bbox 437 1849 587 1904; x_wconf 78' lang='lat' dir='ltr'><strong>facile</strong></span> <span class='ocrx_word' id='word_1_143' title='bbox 603 1847 785 1903; x_wconf 87' lang='lat' dir='ltr'><strong>credit.</strong></span> <span class='ocrx_word' id='word_1_144' title='bbox 804 1845 937 1901; x_wconf 89' lang='lat' dir='ltr'><strong>Cum</strong></span> <span class='ocrx_word' id='word_1_145' title='bbox 964 1847 1122 1917; x_wconf 79' lang='lat' dir='ltr'><strong>igitur</strong></span> <span class='ocrx_word' id='word_1_146' title='bbox 1136 1849 1414 1918; x_wconf 70' lang='lat' dir='ltr'><strong>aequaliter</strong></span> <span class='ocrx_word' id='word_1_147' title='bbox 1432 1858 1651 1917; x_wconf 88' lang='lat' dir='ltr'><strong>uterque</strong></span> <span class='ocrx_word' id='word_1_148' title='bbox 1668 1855 1872 1916; x_wconf 83' lang='lat' dir='ltr'><strong>peccet,</strong></span> 
     </span>
    </p>
   </div>
   <div class='ocr_carea' id='block_1_19' title="bbox 283 1937 1875 2010">
    <p class='ocr_par' dir='ltr' id='par_1_19' title="bbox 283 1937 1875 2010">
     <span class='ocr_line' id='line_1_19' title="bbox 283 1937 1875 2010; baseline -0.002 -16"><span class='ocrx_word' id='word_1_149' title='bbox 283 1951 479 1996; x_wconf 87' lang='lat' dir='ltr'><strong>neuter</strong></span> <span class='ocrx_word' id='word_1_150' title='bbox 506 1949 744 1996; x_wconf 87' lang='lat' dir='ltr'><strong>nostrum</strong></span> <span class='ocrx_word' id='word_1_151' title='bbox 787 1940 980 2010; x_wconf 81' lang='lat' dir='ltr'><strong>injuria</strong></span> <span class='ocrx_word' id='word_1_152' title='bbox 1009 1938 1207 1994; x_wconf 71' lang='lat' dir='ltr'><strong>officiat</strong></span> <span class='ocrx_word' id='word_1_153' title='bbox 1248 1939 1568 2008; x_wconf 83' lang='lat' dir='ltr'><strong>proximum.</strong></span> <span class='ocrx_word' id='word_1_154' title='bbox 1598 1939 1692 1994; x_wconf 82' lang='lat' dir='ltr'><strong>Est</strong></span> <span class='ocrx_word' id='word_1_155' title='bbox 1733 1937 1875 1993; x_wconf 89' lang='lat' dir='ltr'><strong>enim</strong></span> 
     </span>
    </p>
   </div>
   <div class='ocr_carea' id='block_1_20' title="bbox 281 2029 1878 2101">
    <p class='ocr_par' dir='ltr' id='par_1_20' title="bbox 281 2029 1878 2101">
     <span class='ocr_line' id='line_1_20' title="bbox 281 2029 1878 2101; baseline -0.001 -16"><span class='ocrx_word' id='word_1_156' title='bbox 281 2032 401 2086; x_wconf 70' lang='lat' dir='ltr'><strong>lucc</strong></span> <span class='ocrx_word' id='word_1_157' title='bbox 446 2032 615 2087; x_wconf 91' lang='lat' dir='ltr'><strong>virtus</strong></span> <span class='ocrx_word' id='word_1_158' title='bbox 640 2072 654 2097; x_wconf 95' lang='lat'><strong>,</strong></span> <span class='ocrx_word' id='word_1_159' title='bbox 685 2031 911 2086; x_wconf 86' lang='lat' dir='ltr'><strong>dicentis</strong></span> <span class='ocrx_word' id='word_1_160' title='bbox 957 2029 1172 2100; x_wconf 77' lang='lat' dir='ltr'><strong>quidem</strong></span> <span class='ocrx_word' id='word_1_161' title='bbox 1207 2045 1332 2085; x_wconf 87' lang='lat' dir='ltr'><strong>vera</strong></span> <span class='ocrx_word' id='word_1_162' title='bbox 1376 2029 1558 2101; x_wconf 88' lang='lat' dir='ltr'><strong>loqui,</strong></span> <span class='ocrx_word' id='word_1_163' title='bbox 1591 2030 1706 2099; x_wconf 86' lang='lat' dir='ltr'><strong>ejus</strong></span> <span class='ocrx_word' id='word_1_164' title='bbox 1751 2044 1878 2084; x_wconf 86' lang='lat' dir='ltr'><strong>vero</strong></span> 
     </span>
    </p>
   </div>
   <div class='ocr_carea' id='block_1_21' title="bbox 280 2119 1876 2193">
    <p class='ocr_par' dir='ltr' id='par_1_21' title="bbox 280 2119 1876 2193">
     <span class='ocr_line' id='line_1_21' title="bbox 280 2119 1876 2193; baseline -0.001 -19"><span class='ocrx_word' id='word_1_165' title='bbox 280 2125 377 2193; x_wconf 89' lang='lat' dir='ltr'><strong>qui</strong></span> <span class='ocrx_word' id='word_1_166' title='bbox 419 2123 606 2188; x_wconf 82' lang='lat' dir='ltr'><strong>audit,</strong></span> <span class='ocrx_word' id='word_1_167' title='bbox 658 2122 834 2192; x_wconf 88' lang='lat' dir='ltr'><strong>iniqua</strong></span> <span class='ocrx_word' id='word_1_168' title='bbox 883 2121 1193 2190; x_wconf 85' lang='lat' dir='ltr'><strong>dijudicare.</strong></span> <span class='ocrx_word' id='word_1_169' title='bbox 1245 2120 1433 2175; x_wconf 79' lang='lat' dir='ltr'><strong>Estole</strong></span> <span class='ocrx_word' id='word_1_170' title='bbox 1479 2119 1660 2184; x_wconf 81' lang='lat' dir='ltr'><strong>enim,</strong></span> <span class='ocrx_word' id='word_1_171' title='bbox 1708 2120 1876 2188; x_wconf 86' lang='lat' dir='ltr'><strong>inquit</strong></span> 
     </span>
    </p>
   </div>
   <div class='ocr_carea' id='block_1_22' title="bbox 281 2211 1871 2285">
    <p class='ocr_par' dir='ltr' id='par_1_22' title="bbox 281 2211 1871 2285">
     <span class='ocr_line' id='line_1_22' title="bbox 281 2211 1871 2285; baseline -0.004 -15"><span class='ocrx_word' id='word_1_172' title='bbox 281 2214 579 2285; x_wconf 78' lang='lat' dir='ltr'><strong>Scriptura,</strong></span> <span class='ocrx_word' id='word_1_173' title='bbox 605 2215 757 2284; x_wconf 82' lang='lat' dir='ltr'><strong>probi</strong></span> <span class='ocrx_word' id='word_1_174' title='bbox 776 2214 1065 2283; x_wconf 73' lang='lat' dir='ltr'><strong>trapezitae,</strong></span> <span class='ocrx_word' id='word_1_175' title='bbox 1084 2212 1271 2267; x_wconf 87' lang='lat' dir='ltr'><strong>falsum</strong></span> <span class='ocrx_word' id='word_1_176' title='bbox 1290 2228 1319 2266; x_wconf 90' lang='lat' dir='ltr'><strong>a</strong></span> <span class='ocrx_word' id='word_1_177' title='bbox 1342 2211 1507 2282; x_wconf 80' lang='lat' dir='ltr'><strong>probo</strong></span> <span class='ocrx_word' id='word_1_178' title='bbox 1536 2211 1834 2280; x_wconf 82' lang='lat' dir='ltr'><strong>rejicicntes</strong></span> <span class='ocrx_word' id='word_1_179' title='bbox 1858 2227 1871 2263; x_wconf 90' lang='lat'><strong>:</strong></span> 
     </span>
    </p>
   </div>
   <div class='ocr_carea' id='block_1_23' title="bbox 280 2302 1873 2375">
    <p class='ocr_par' dir='ltr' id='par_1_23' title="bbox 280 2302 1873 2375">
     <span class='ocr_line' id='line_1_23' title="bbox 280 2302 1873 2375; baseline -0.002 -15"><span class='ocrx_word' id='word_1_180' title='bbox 280 2320 393 2360; x_wconf 85' lang='lat' dir='ltr'><strong>non</strong></span> <span class='ocrx_word' id='word_1_181' title='bbox 441 2317 497 2359; x_wconf 93' lang='grc' dir='ltr'><strong>ιιι</strong></span> <span class='ocrx_word' id='word_1_182' title='bbox 527 2304 719 2360; x_wconf 90' lang='lat' dir='ltr'><strong>tinnitu</strong></span> <span class='ocrx_word' id='word_1_183' title='bbox 748 2305 1084 2375; x_wconf 82' lang='lat' dir='ltr'><strong>explorantes</strong></span> <span class='ocrx_word' id='word_1_184' title='bbox 1110 2304 1341 2359; x_wconf 89' lang='lat' dir='ltr'><strong>sonitum</strong></span> <span class='ocrx_word' id='word_1_185' title='bbox 1385 2304 1708 2372; x_wconf 79' lang='lat' dir='ltr'><strong>accipiamus</strong></span> <span class='ocrx_word' id='word_1_186' title='bbox 1731 2343 1748 2369; x_wconf 94' lang='lat'><strong>,</strong></span> <span class='ocrx_word' id='word_1_187' title='bbox 1780 2302 1873 2357; x_wconf 90' lang='lat' dir='ltr'><strong>sed</strong></span> 
     </span>
    </p>
   </div>
   <div class='ocr_carea' id='block_1_24' title="bbox 280 2396 1874 2453">
    <p class='ocr_par' dir='ltr' id='par_1_24' title="bbox 280 2396 1874 2453">
     <span class='ocr_line' id='line_1_24' title="bbox 280 2396 1874 2453; baseline -0.001 -2"><span class='ocrx_word' id='word_1_188' title='bbox 280 2407 342 2451; x_wconf 89' lang='lat' dir='ltr'><strong>ut</strong></span> <span class='ocrx_word' id='word_1_189' title='bbox 372 2398 422 2451; x_wconf 90' lang='lat' dir='ltr'><strong>in</strong></span> <span class='ocrx_word' id='word_1_190' title='bbox 456 2397 545 2451; x_wconf 91' lang='lat' dir='ltr'><strong>Dei</strong></span> <span class='ocrx_word' id='word_1_191' title='bbox 593 2398 786 2453; x_wconf 87' lang='lat' dir='ltr'><strong>timore</strong></span> <span class='ocrx_word' id='word_1_192' title='bbox 827 2412 950 2452; x_wconf 89' lang='lat' dir='ltr'><strong>cum</strong></span> <span class='ocrx_word' id='word_1_193' title='bbox 980 2405 1125 2453; x_wconf 88' lang='lat' dir='ltr'><strong>recta</strong></span> <span class='ocrx_word' id='word_1_194' title='bbox 1151 2397 1477 2452; x_wconf 83' lang='lat' dir='ltr'><strong>conscientia</strong></span> <span class='ocrx_word' id='word_1_195' title='bbox 1517 2398 1694 2450; x_wconf 88' lang='lat' dir='ltr'><strong>omnia</strong></span> <span class='ocrx_word' id='word_1_196' title='bbox 1735 2396 1874 2451; x_wconf 90' lang='lat' dir='ltr'><strong>dicta</strong></span> 
     </span>
    </p>
   </div>
   <div class='ocr_carea' id='block_1_25' title="bbox 278 2487 1871 2558">
    <p class='ocr_par' dir='ltr' id='par_1_25' title="bbox 278 2487 1871 2558">
     <span class='ocr_line' id='line_1_25' title="bbox 278 2487 1871 2558; baseline 0 -17"><span class='ocrx_word' id='word_1_197' title='bbox 278 2498 375 2542; x_wconf 86' lang='lat' dir='ltr'><strong>aut</strong></span> <span class='ocrx_word' id='word_1_198' title='bbox 392 2488 586 2556; x_wconf 87' lang='lat' dir='ltr'><strong>scripta</strong></span> <span class='ocrx_word' id='word_1_199' title='bbox 609 2487 988 2557; x_wconf 81' lang='lat' dir='ltr'><strong>ponderantes,</strong></span> <span class='ocrx_word' id='word_1_200' title='bbox 1004 2503 1186 2543; x_wconf 81' lang='lat' dir='ltr'><strong>rerum</strong></span> <span class='ocrx_word' id='word_1_201' title='bbox 1203 2487 1482 2544; x_wconf 83' lang='lat' dir='ltr'><strong>veritatem</strong></span> <span class='ocrx_word' id='word_1_202' title='bbox 1502 2488 1871 2558; x_wconf 84' lang='lat' dir='ltr'><strong>suscipiamus.</strong></span> 
     </span>
    </p>
   </div>
   <div class='ocr_carea' id='block_1_26' title="bbox 278 2577 1878 2648">
    <p class='ocr_par' dir='ltr' id='par_1_26' title="bbox 278 2577 1878 2648">
     <span class='ocr_line' id='line_1_26' title="bbox 278 2577 1878 2648; baseline 0.001 -17"><span class='ocrx_word' id='word_1_203' title='bbox 278 2578 508 2631; x_wconf 79' lang='lat' dir='ltr'><strong>Aurimn</strong></span> <span class='ocrx_word' id='word_1_204' title='bbox 533 2587 585 2631; x_wconf 89' lang='lat' dir='ltr'><strong>et</strong></span> <span class='ocrx_word' id='word_1_205' title='bbox 612 2578 804 2647; x_wconf 58' lang='lat' dir='ltr'><strong>lingua“:</strong></span> <span class='ocrx_word' id='word_1_206' title='bbox 829 2593 1077 2648; x_wconf 86' lang='lat' dir='ltr'><strong>magnum</strong></span> <span class='ocrx_word' id='word_1_207' title='bbox 1109 2577 1407 2648; x_wconf 87' lang='lat' dir='ltr'><strong>periculum</strong></span> <span class='ocrx_word' id='word_1_208' title='bbox 1432 2587 1518 2634; x_wconf 89' lang='lat' dir='ltr'><strong>est</strong></span> <span class='ocrx_word' id='word_1_209' title='bbox 1548 2596 1561 2631; x_wconf 89' lang='lat'><strong>:</strong></span> <span class='ocrx_word' id='word_1_210' title='bbox 1594 2578 1714 2633; x_wconf 90' lang='lat' dir='ltr'><strong>ideo</strong></span> <span class='ocrx_word' id='word_1_211' title='bbox 1739 2579 1878 2648; x_wconf 85' lang='lat' dir='ltr'><strong>opti-</strong></span> 
     </span>
    </p>
   </div>
   <div class='ocr_carea' id='block_1_27' title="bbox 279 2668 1877 2740">
    <p class='ocr_par' dir='ltr' id='par_1_27' title="bbox 279 2668 1877 2740">
     <span class='ocr_line' id='line_1_27' title="bbox 279 2668 1877 2740; baseline 0.001 -17"><span class='ocrx_word' id='word_1_212' title='bbox 279 2684 404 2724; x_wconf 89' lang='lat' dir='ltr'><strong>mus</strong></span> <span class='ocrx_word' id='word_1_213' title='bbox 450 2684 631 2723; x_wconf 84' lang='lat' dir='ltr'><strong>rerum</strong></span> <span class='ocrx_word' id='word_1_214' title='bbox 680 2668 870 2724; x_wconf 81' lang='lat' dir='ltr'><strong>artifex</strong></span> <span class='ocrx_word' id='word_1_215' title='bbox 924 2669 1060 2724; x_wconf 86' lang='lat' dir='ltr'><strong>Deus</strong></span> <span class='ocrx_word' id='word_1_216' title='bbox 1107 2669 1335 2740; x_wconf 76' lang='lat' dir='ltr'><strong>linguam</strong></span> <span class='ocrx_word' id='word_1_217' title='bbox 1383 2685 1414 2722; x_wconf 89' lang='lat' dir='ltr'><strong>a</strong></span> <span class='ocrx_word' id='word_1_218' title='bbox 1460 2668 1670 2724; x_wconf 85' lang='lat' dir='ltr'><strong>duobus</strong></span> <span class='ocrx_word' id='word_1_219' title='bbox 1717 2669 1877 2724; x_wconf 87' lang='lat' dir='ltr'><strong>labris</strong></span> 
     </span>
    </p>
   </div>
   <div class='ocr_carea' id='block_1_28' title="bbox 281 2757 1874 2828">
    <p class='ocr_par' dir='ltr' id='par_1_28' title="bbox 281 2757 1874 2828">
     <span class='ocr_line' id='line_1_28' title="bbox 281 2757 1874 2828; baseline 0.003 -16"><span class='ocrx_word' id='word_1_220' title='bbox 281 2759 511 2815; x_wconf 84' lang='lat' dir='ltr'><strong>interius</strong></span> <span class='ocrx_word' id='word_1_221' title='bbox 537 2758 642 2813; x_wconf 78' lang='lat' dir='ltr'><strong>fixo</strong></span> <span class='ocrx_word' id='word_1_222' title='bbox 666 2758 900 2814; x_wconf 85' lang='lat' dir='ltr'><strong>dentium</strong></span> <span class='ocrx_word' id='word_1_223' title='bbox 927 2768 1079 2828; x_wconf 85' lang='lat' dir='ltr'><strong>septo</strong></span> <span class='ocrx_word' id='word_1_224' title='bbox 1104 2757 1359 2815; x_wconf 81' lang='lat' dir='ltr'><strong>custodiri</strong></span> <span class='ocrx_word' id='word_1_225' title='bbox 1383 2761 1586 2825; x_wconf 87' lang='lat' dir='ltr'><strong>statuit,</strong></span> <span class='ocrx_word' id='word_1_226' title='bbox 1620 2769 1678 2816; x_wconf 91' lang='lat' dir='ltr'><strong>ut</strong></span> <span class='ocrx_word' id='word_1_227' title='bbox 1707 2770 1874 2816; x_wconf 90' lang='lat' dir='ltr'><strong>tutum</strong></span> 
     </span>
    </p>
   </div>
   <div class='ocr_carea' id='block_1_29' title="bbox 281 2847 1874 2919">
    <p class='ocr_par' dir='ltr' id='par_1_29' title="bbox 281 2847 1874 2919">
     <span class='ocr_line' id='line_1_29' title="bbox 281 2847 1874 2919; baseline 0.003 -18"><span class='ocrx_word' id='word_1_228' title='bbox 281 2849 413 2902; x_wconf 92' lang='lat' dir='ltr'><strong>illud</strong></span> <span class='ocrx_word' id='word_1_229' title='bbox 448 2847 753 2918; x_wconf 57' lang='lat' dir='ltr'><strong>praesidiun:</strong></span> <span class='ocrx_word' id='word_1_230' title='bbox 784 2849 900 2919; x_wconf 88' lang='lat' dir='ltr'><strong>ejus</strong></span> <span class='ocrx_word' id='word_1_231' title='bbox 926 2848 1228 2905; x_wconf 84' lang='lat' dir='ltr'><strong>facilitatem</strong></span> <span class='ocrx_word' id='word_1_232' title='bbox 1259 2860 1549 2915; x_wconf 83' lang='lat' dir='ltr'><strong>coerceret,</strong></span> <span class='ocrx_word' id='word_1_233' title='bbox 1581 2850 1874 2907; x_wconf 87' lang='lat' dir='ltr'><strong>secundum</strong></span> 
     </span>
    </p>
   </div>
   <div class='ocr_carea' id='block_1_30' title="bbox 280 2940 1876 3010">
    <p class='ocr_par' dir='ltr' id='par_1_30' title="bbox 280 2940 1876 3010">
     <span class='ocr_line' id='line_1_30' title="bbox 280 2940 1876 3010; baseline 0.001 -15"><span class='ocrx_word' id='word_1_234' title='bbox 280 2941 336 2995; x_wconf 88' lang='lat' dir='ltr'><strong>id</strong></span> <span class='ocrx_word' id='word_1_235' title='bbox 363 2940 505 3010; x_wconf 88' lang='lat' dir='ltr'><strong>quod</strong></span> <span class='ocrx_word' id='word_1_236' title='bbox 533 2942 790 3010; x_wconf 76' lang='lat' dir='ltr'><strong>scripturn</strong></span> <span class='ocrx_word' id='word_1_237' title='bbox 820 2950 905 2998; x_wconf 84' lang='lat' dir='ltr'><strong>est</strong></span> <span class='ocrx_word' id='word_1_238' title='bbox 935 2958 947 2994; x_wconf 89' lang='lat'>:</span> <span class='ocrx_word' id='word_1_239' title='bbox 978 2940 1126 2996; x_wconf 84' lang='lat' dir='ltr'><strong>Pone</strong></span> <span class='ocrx_word' id='word_1_240' title='bbox 1148 2981 1164 3006; x_wconf 90' lang='lat'><strong>,</strong></span> <span class='ocrx_word' id='word_1_241' title='bbox 1196 2941 1411 2996; x_wconf 84' lang='lat' dir='ltr'><strong>Domine</strong></span> <span class='ocrx_word' id='word_1_242' title='bbox 1433 2983 1448 3007; x_wconf 92' lang='lat'><strong>,</strong></span> <span class='ocrx_word' id='word_1_243' title='bbox 1493 2943 1775 2997; x_wconf 74' lang='lat' dir='ltr'><strong>custodiam</strong></span> <span class='ocrx_word' id='word_1_244' title='bbox 1799 2943 1876 2997; x_wconf 79' lang='lat' dir='ltr'><strong>ori</strong></span> 
     </span>
    </p>
   </div>
   <div class='ocr_carea' id='block_1_31' title="bbox 280 3031 1872 3103">
    <p class='ocr_par' dir='ltr' id='par_1_31' title="bbox 280 3031 1872 3103">
     <span class='ocr_line' id='line_1_31' title="bbox 280 3031 1872 3103; baseline 0.001 -18"><span class='ocrx_word' id='word_1_245' title='bbox 280 3048 433 3099; x_wconf 84' lang='lat' dir='ltr'><strong>meo,</strong></span> <span class='ocrx_word' id='word_1_246' title='bbox 462 3041 507 3086; x_wconf 84' lang='lat' dir='ltr'><strong>et</strong></span> <span class='ocrx_word' id='word_1_247' title='bbox 533 3032 720 3086; x_wconf 82' lang='lat' dir='ltr'><strong>ostium</strong></span> <span class='ocrx_word' id='word_1_248' title='bbox 754 3031 1048 3087; x_wconf 83' lang='lat' dir='ltr'><strong>munitionis</strong></span> <span class='ocrx_word' id='word_1_249' title='bbox 1071 3032 1205 3085; x_wconf 79' lang='lat' dir='ltr'><strong>circa</strong></span> <span class='ocrx_word' id='word_1_250' title='bbox 1231 3032 1365 3085; x_wconf 78' lang='lat' dir='ltr'><strong>labia</strong></span> <span class='ocrx_word' id='word_1_251' title='bbox 1392 3049 1504 3087; x_wconf 74' lang='lat' dir='ltr'><strong>mea</strong></span> <span class='ocrx_word' id='word_1_252' title='bbox 1529 3034 1546 3103; x_wconf 95' lang='lat'><strong>(</strong></span> <span class='ocrx_word' id='word_1_253' title='bbox 1575 3032 1719 3088; x_wconf 85' lang='lat' dir='ltr'><strong>Psat.</strong></span> <span class='ocrx_word' id='word_1_254' title='bbox 1754 3033 1872 3090; x_wconf 74' lang='lat' dir='ltr'><strong>MD.</strong></span> 
     </span>
    </p>
   </div>
   <div class='ocr_carea' id='block_1_32' title="bbox 279 3123 1875 3194">
    <p class='ocr_par' dir='ltr' id='par_1_32' title="bbox 279 3123 1875 3194">
     <span class='ocr_line' id='line_1_32' title="bbox 279 3123 1875 3194; baseline -0.002 -13"><span class='ocrx_word' id='word_1_255' title='bbox 279 3125 316 3181; x_wconf 79' lang='lat'><strong>&#39;5</strong></span> <span class='ocrx_word' id='word_1_256' title='bbox 342 3125 403 3193; x_wconf 59' lang='lat'><strong>).,</strong></span> <span class='ocrx_word' id='word_1_257' title='bbox 461 3132 518 3180; x_wconf 85' lang='lat' dir='ltr'><strong>ut</strong></span> <span class='ocrx_word' id='word_1_258' title='bbox 556 3139 662 3177; x_wconf 87' lang='lat' dir='ltr'><strong>non</strong></span> <span class='ocrx_word' id='word_1_259' title='bbox 692 3123 997 3192; x_wconf 79' lang='lat' dir='ltr'><strong>delinquant</strong></span> <span class='ocrx_word' id='word_1_260' title='bbox 1031 3124 1084 3178; x_wconf 93' lang='lat' dir='ltr'><strong>in</strong></span> <span class='ocrx_word' id='word_1_261' title='bbox 1127 3124 1300 3194; x_wconf 77' lang='lat' dir='ltr'><strong>lingua</strong></span> <span class='ocrx_word' id='word_1_262' title='bbox 1333 3139 1470 3179; x_wconf 89' lang='lat' dir='ltr'><strong>mea.</strong></span> <span class='ocrx_word' id='word_1_263' title='bbox 1500 3126 1721 3179; x_wconf 85' lang='lat' dir='ltr'><strong>Aurium</strong></span> <span class='ocrx_word' id='word_1_264' title='bbox 1749 3141 1875 3183; x_wconf 89' lang='lat' dir='ltr'><strong>vero</strong></span> 
     </span>
    </p>
   </div>
   <div class='ocr_carea' id='block_1_33' title="bbox 280 3211 1874 3284">
    <p class='ocr_par' dir='ltr' id='par_1_33' title="bbox 280 3211 1874 3284">
     <span class='ocr_line' id='line_1_33' title="bbox 280 3211 1874 3284; baseline 0.002 -19"><span class='ocrx_word' id='word_1_265' title='bbox 280 3214 527 3267; x_wconf 80' lang='lat' dir='ltr'><strong>fnrmnen</strong></span> <span class='ocrx_word' id='word_1_266' title='bbox 562 3212 796 3267; x_wconf 78' lang='lat' dir='ltr'><strong>ﬂexuoso</strong></span> <span class='ocrx_word' id='word_1_267' title='bbox 824 3213 1073 3279; x_wconf 88' lang='lat' dir='ltr'><strong>tornavit,</strong></span> <span class='ocrx_word' id='word_1_268' title='bbox 1104 3211 1267 3282; x_wconf 86' lang='lat' dir='ltr'><strong>ﬁgura</strong></span> <span class='ocrx_word' id='word_1_269' title='bbox 1292 3213 1407 3283; x_wconf 88' lang='lat' dir='ltr'><strong>ipsa</strong></span> <span class='ocrx_word' id='word_1_270' title='bbox 1436 3214 1739 3284; x_wconf 82' lang='lat' dir='ltr'><strong>significans</strong></span> <span class='ocrx_word' id='word_1_271' title='bbox 1769 3229 1874 3269; x_wconf 90' lang='lat' dir='ltr'><strong>non</strong></span> 
     </span>
    </p>
   </div>
   <div class='ocr_carea' id='block_1_34' title="bbox 278 3300 1877 3373">
    <p class='ocr_par' dir='ltr' id='par_1_34' title="bbox 278 3300 1877 3373">
     <span class='ocr_line' id='line_1_34' title="bbox 278 3300 1877 3373; baseline 0.003 -17"><span class='ocrx_word' id='word_1_272' title='bbox 278 3304 389 3356; x_wconf 83' lang='lat' dir='ltr'><strong>cito</strong></span> <span class='ocrx_word' id='word_1_273' title='bbox 438 3300 828 3359; x_wconf 87' lang='lat' dir='ltr'><strong>admittendum</strong></span> <span class='ocrx_word' id='word_1_274' title='bbox 877 3316 999 3361; x_wconf 89' lang='lat' dir='ltr'><strong>esse</strong></span> <span class='ocrx_word' id='word_1_275' title='bbox 1046 3317 1347 3359; x_wconf 81' lang='lat' dir='ltr'><strong>sermonem</strong></span> <span class='ocrx_word' id='word_1_276' title='bbox 1373 3343 1390 3373; x_wconf 91' lang='lat'><strong>,</strong></span> <span class='ocrx_word' id='word_1_277' title='bbox 1424 3313 1481 3359; x_wconf 89' lang='lat' dir='ltr'><strong>ut</strong></span> <span class='ocrx_word' id='word_1_278' title='bbox 1524 3304 1649 3361; x_wconf 85' lang='lat' dir='ltr'><strong>dum</strong></span> <span class='ocrx_word' id='word_1_279' title='bbox 1681 3304 1877 3360; x_wconf 81' lang='lat' dir='ltr'><strong>diutius</strong></span> 
     </span>
    </p>
   </div>
   <div class='ocr_carea' id='block_1_35' title="bbox 280 3391 1876 3456">
    <p class='ocr_par' dir='ltr' id='par_1_35' title="bbox 280 3391 1876 3456">
     <span class='ocr_line' id='line_1_35' title="bbox 280 3391 1876 3456; baseline 0.004 -13"><span class='ocrx_word' id='word_1_280' title='bbox 280 3391 554 3456; x_wconf 72' lang='lat' dir='ltr'><strong>volvitur,</strong></span> <span class='ocrx_word' id='word_1_281' title='bbox 602 3391 867 3448; x_wconf 65' lang='lat' dir='ltr'><strong>mendacii</strong></span> <span class='ocrx_word' id='word_1_282' title='bbox 912 3393 1190 3449; x_wconf 83' lang='lat' dir='ltr'><strong>materiam</strong></span> <span class='ocrx_word' id='word_1_283' title='bbox 1221 3408 1341 3449; x_wconf 90' lang='lat' dir='ltr'><strong>cum</strong></span> <span class='ocrx_word' id='word_1_284' title='bbox 1386 3394 1602 3451; x_wconf 80' lang='lat' dir='ltr'><strong>malitia:</strong></span> <span class='ocrx_word' id='word_1_285' title='bbox 1631 3396 1876 3453; x_wconf 72' lang='lat' dir='ltr'><strong>sordibus</strong></span> 
     </span>
    </p>
   </div>
   <div class='ocr_carea' id='block_1_36' title="bbox 280 3473 1873 3556">
    <p class='ocr_par' dir='ltr' id='par_1_36' title="bbox 280 3473 1873 3556">
     <span class='ocr_line' id='line_1_36' title="bbox 280 3473 1873 3556; baseline 0.003 -19"><span class='ocrx_word' id='word_1_286' title='bbox 280 3473 475 3537; x_wconf 81' lang='lat' dir='ltr'><strong>leviter</strong></span> <span class='ocrx_word' id='word_1_287' title='bbox 504 3483 802 3537; x_wconf 71' lang='lat' dir='ltr'><strong>insinuatus</strong></span> <span class='ocrx_word' id='word_1_288' title='bbox 844 3482 913 3541; x_wconf 84' lang='lat' dir='ltr'><strong>ad</strong></span> <span class='ocrx_word' id='word_1_289' title='bbox 947 3485 1156 3539; x_wconf 83' lang='lat' dir='ltr'><strong>aurium</strong></span> <span class='ocrx_word' id='word_1_290' title='bbox 1185 3483 1386 3539; x_wconf 86' lang='lat' dir='ltr'><strong>aditum</strong></span> <span class='ocrx_word' id='word_1_291' title='bbox 1432 3484 1712 3556; x_wconf 86' lang='lat' dir='ltr'><strong>relinquat.</strong></span> <span class='ocrx_word' id='word_1_292' title='bbox 1760 3486 1873 3541; x_wconf 85' lang='lat' dir='ltr'><strong>Non</strong></span> 
     </span>
    </p>
   </div>
   <div class='ocr_carea' id='block_1_37' title="bbox 275 3570 1878 3631">
    <p class='ocr_par' dir='ltr' id='par_1_37' title="bbox 275 3570 1878 3631">
     <span class='ocr_line' id='line_1_37' title="bbox 275 3570 1878 3631; baseline 0.001 -3"><span class='ocrx_word' id='word_1_293' title='bbox 275 3572 459 3628; x_wconf 81' lang='lat' dir='ltr'><strong>solum</strong></span> <span class='ocrx_word' id='word_1_294' title='bbox 503 3581 682 3626; x_wconf 84' lang='lat' dir='ltr'><strong>autem</strong></span> <span class='ocrx_word' id='word_1_295' title='bbox 728 3570 916 3629; x_wconf 84' lang='lat' dir='ltr'><strong>horum</strong></span> <span class='ocrx_word' id='word_1_296' title='bbox 963 3573 1441 3631; x_wconf 79' lang='lat' dir='ltr'><strong>insuumentorum</strong></span> <span class='ocrx_word' id='word_1_297' title='bbox 1481 3589 1662 3631; x_wconf 89' lang='lat' dir='ltr'><strong>curam</strong></span> <span class='ocrx_word' id='word_1_298' title='bbox 1695 3576 1878 3630; x_wconf 83' lang='lat' dir='ltr'><strong>bahnit</strong></span> 
     </span>
    </p>
   </div>
   <div class='ocr_carea' id='block_1_38' title="bbox 281 3661 1877 3736">
    <p class='ocr_par' dir='ltr' id='par_1_38' title="bbox 281 3661 1877 3736">
     <span class='ocr_line' id='line_1_38' title="bbox 281 3661 1877 3736; baseline 0.002 -20"><span class='ocrx_word' id='word_1_299' title='bbox 281 3663 450 3728; x_wconf 88' lang='lat' dir='ltr'><strong>Deus,</strong></span> <span class='ocrx_word' id='word_1_300' title='bbox 482 3663 633 3732; x_wconf 86' lang='lat' dir='ltr'><strong>quasi</strong></span> <span class='ocrx_word' id='word_1_301' title='bbox 667 3661 780 3716; x_wconf 87' lang='lat' dir='ltr'><strong>sola</strong></span> <span class='ocrx_word' id='word_1_302' title='bbox 809 3671 1112 3732; x_wconf 88' lang='lat' dir='ltr'><strong>pcccarent,</strong></span> <span class='ocrx_word' id='word_1_303' title='bbox 1143 3663 1239 3721; x_wconf 88' lang='lat' dir='ltr'><strong>sed</strong></span> <span class='ocrx_word' id='word_1_304' title='bbox 1264 3673 1317 3719; x_wconf 91' lang='lat' dir='ltr'><strong>et</strong></span> <span class='ocrx_word' id='word_1_305' title='bbox 1358 3664 1631 3719; x_wconf 89' lang='lat' dir='ltr'><strong>oculorum</strong></span> <span class='ocrx_word' id='word_1_306' title='bbox 1666 3665 1877 3736; x_wconf 85' lang='lat' dir='ltr'><strong>pupillis</strong></span> 
     </span>
    </p>
   </div>
   <div class='ocr_carea' id='block_1_39' title="bbox 281 3751 1877 3825">
    <p class='ocr_par' dir='ltr' id='par_1_39' title="bbox 281 3751 1877 3825">
     <span class='ocr_line' id='line_1_39' title="bbox 281 3751 1877 3825; baseline 0.003 -20"><span class='ocrx_word' id='word_1_307' title='bbox 281 3752 450 3806; x_wconf 84' lang='lat' dir='ltr'><strong>veluti</strong></span> <span class='ocrx_word' id='word_1_308' title='bbox 500 3753 748 3806; x_wconf 89' lang='lat' dir='ltr'><strong>fenestris</strong></span> <span class='ocrx_word' id='word_1_309' title='bbox 798 3751 1061 3809; x_wconf 80' lang='lat' dir='ltr'><strong>velamina</strong></span> <span class='ocrx_word' id='word_1_310' title='bbox 1107 3755 1390 3823; x_wconf 76' lang='lat' dir='ltr'><strong>apposuit,</strong></span> <span class='ocrx_word' id='word_1_311' title='bbox 1422 3769 1492 3813; x_wconf 87' lang='lat' dir='ltr'><strong>ne</strong></span> <span class='ocrx_word' id='word_1_312' title='bbox 1538 3754 1877 3825; x_wconf 66' lang='lat' dir='ltr'><strong>impudicitia:</strong></span> 
     </span>
    </p>
   </div>
   <div class='ocr_carea' id='block_1_40' title="bbox 284 3841 1873 3912">
    <p class='ocr_par' dir='ltr' id='par_1_40' title="bbox 284 3841 1873 3912">
     <span class='ocr_line' id='line_1_40' title="bbox 284 3841 1873 3912; baseline 0.003 -17"><span class='ocrx_word' id='word_1_313' title='bbox 284 3852 516 3896; x_wconf 88' lang='lat' dir='ltr'><strong>mortem</strong></span> <span class='ocrx_word' id='word_1_314' title='bbox 546 3841 865 3907; x_wconf 89' lang='lat' dir='ltr'><strong>admittant,</strong></span> <span class='ocrx_word' id='word_1_315' title='bbox 897 3856 1055 3910; x_wconf 88' lang='lat' dir='ltr'><strong>quam</strong></span> <span class='ocrx_word' id='word_1_316' title='bbox 1095 3843 1352 3912; x_wconf 85' lang='lat' dir='ltr'><strong>propheta</strong></span> <span class='ocrx_word' id='word_1_317' title='bbox 1395 3852 1618 3901; x_wconf 85' lang='lat' dir='ltr'><strong>testatur</strong></span> <span class='ocrx_word' id='word_1_318' title='bbox 1646 3845 1828 3900; x_wconf 83' lang='lat' dir='ltr'><strong>dicens</strong></span> <span class='ocrx_word' id='word_1_319' title='bbox 1861 3863 1873 3899; x_wconf 89' lang='lat'><strong>:</strong></span> 
     </span>
    </p>
   </div>
   <div class='ocr_carea' id='block_1_41' title="bbox 287 3930 1878 4006">
    <p class='ocr_par' dir='ltr' id='par_1_41' title="bbox 287 3930 1878 4006">
     <span class='ocr_line' id='line_1_41' title="bbox 287 3930 1878 4006; baseline 0.005 -22"><span class='ocrx_word' id='word_1_320' title='bbox 287 3930 435 3985; x_wconf 78' lang='lat' dir='ltr'><strong>Mars</strong></span> <span class='ocrx_word' id='word_1_321' title='bbox 477 3932 702 3984; x_wconf 72' lang='lat' dir='ltr'><strong>ascendit</strong></span> <span class='ocrx_word' id='word_1_322' title='bbox 726 3948 819 3996; x_wconf 83' lang='lat' dir='ltr'><strong>per</strong></span> <span class='ocrx_word' id='word_1_323' title='bbox 845 3931 1090 4001; x_wconf 77' lang='lat' dir='ltr'><strong>fenestras</strong></span> <span class='ocrx_word' id='word_1_324' title='bbox 1120 3930 1262 4005; x_wconf 85' lang='lat' dir='ltr'><strong>(Jer.</strong></span> <span class='ocrx_word' id='word_1_325' title='bbox 1294 3933 1348 3989; x_wconf 88' lang='lat'><strong>9.</strong></span> <span class='ocrx_word' id='word_1_326' title='bbox 1379 3935 1442 3988; x_wconf 64' lang='grc' dir='ltr'>ει</span> <span class='ocrx_word' id='word_1_327' title='bbox 1465 3934 1506 4006; x_wconf 88' lang='grc'><strong>).</strong></span> <span class='ocrx_word' id='word_1_328' title='bbox 1541 3936 1691 3991; x_wconf 71' lang='lat' dir='ltr'><strong>Duc.</strong></span> <span class='ocrx_word' id='word_1_329' title='bbox 1716 3938 1768 3993; x_wconf 87' lang='lat' dir='ltr'><strong>Si</strong></span> <span class='ocrx_word' id='word_1_330' title='bbox 1811 3938 1878 3992; x_wconf 87' lang='lat' dir='ltr'><strong>de</strong></span> 
     </span>
    </p>
   </div>
   <div class='ocr_carea' id='block_1_42' title="bbox 284 4021 1872 4095">
    <p class='ocr_par' dir='ltr' id='par_1_42' title="bbox 284 4021 1872 4095">
     <span class='ocr_line' id='line_1_42' title="bbox 284 4021 1872 4095; baseline 0.006 -23"><span class='ocrx_word' id='word_1_331' title='bbox 284 4021 489 4091; x_wconf 79' lang='lat' dir='ltr'><strong>vulgari</strong></span> <span class='ocrx_word' id='word_1_332' title='bbox 539 4036 603 4076; x_wconf 90' lang='lat' dir='ltr'><strong>ac</strong></span> <span class='ocrx_word' id='word_1_333' title='bbox 648 4021 777 4075; x_wconf 83' lang='lat' dir='ltr'><strong>levis</strong></span> <span class='ocrx_word' id='word_1_334' title='bbox 825 4022 1078 4076; x_wconf 84' lang='lat' dir='ltr'><strong>momenti</strong></span> <span class='ocrx_word' id='word_1_335' title='bbox 1123 4024 1335 4093; x_wconf 80' lang='lat' dir='ltr'><strong>negetio</strong></span> <span class='ocrx_word' id='word_1_336' title='bbox 1383 4024 1654 4095; x_wconf 85' lang='lat' dir='ltr'><strong>inquisitio</strong></span> <span class='ocrx_word' id='word_1_337' title='bbox 1696 4036 1872 4090; x_wconf 86' lang='lat' dir='ltr'><strong>esset,</strong></span> 
     </span>
    </p>
   </div>
   <div class='ocr_carea' id='block_1_43' title="bbox 282 4108 1879 4185">
    <p class='ocr_par' dir='ltr' id='par_1_43' title="bbox 282 4108 1879 4185">
     <span class='ocr_line' id='line_1_43' title="bbox 282 4108 1879 4185; baseline 0.005 -19"><span class='ocrx_word' id='word_1_338' title='bbox 282 4111 653 4167; x_wconf 87' lang='lat' dir='ltr'><strong>sacratissime</strong></span> <span class='ocrx_word' id='word_1_339' title='bbox 689 4108 879 4177; x_wconf 84' lang='lat' dir='ltr'><strong>Pater,</strong></span> <span class='ocrx_word' id='word_1_340' title='bbox 925 4111 1192 4171; x_wconf 87' lang='lat' dir='ltr'><strong>sufficeret</strong></span> <span class='ocrx_word' id='word_1_341' title='bbox 1232 4112 1515 4182; x_wconf 82' lang='lat' dir='ltr'><strong>adspectus</strong></span> <span class='ocrx_word' id='word_1_342' title='bbox 1559 4115 1632 4170; x_wconf 92' lang='lat' dir='ltr'><strong>tui</strong></span> <span class='ocrx_word' id='word_1_343' title='bbox 1674 4119 1879 4185; x_wconf 83' lang='lat' dir='ltr'><strong>species</strong></span> 
     </span>
    </p>
   </div>
   <div class='ocr_carea' id='block_1_44' title="bbox 282 4201 1875 4276">
    <p class='ocr_par' dir='ltr' id='par_1_44' title="bbox 282 4201 1875 4276">
     <span class='ocr_line' id='line_1_44' title="bbox 282 4201 1875 4276; baseline 0.004 -20"><span class='ocrx_word' id='word_1_344' title='bbox 282 4202 353 4256; x_wconf 87' lang='lat' dir='ltr'><strong>ad</strong></span> <span class='ocrx_word' id='word_1_345' title='bbox 387 4201 685 4257; x_wconf 88' lang='lat' dir='ltr'><strong>faciendam</strong></span> <span class='ocrx_word' id='word_1_346' title='bbox 732 4202 909 4255; x_wconf 81' lang='lat' dir='ltr'><strong>verbis</strong></span> <span class='ocrx_word' id='word_1_347' title='bbox 956 4205 1058 4257; x_wconf 89' lang='lat' dir='ltr'><strong>tuis</strong></span> <span class='ocrx_word' id='word_1_348' title='bbox 1101 4203 1260 4260; x_wconf 83' lang='lat' dir='ltr'><strong>fidem</strong></span> <span class='ocrx_word' id='word_1_349' title='bbox 1293 4218 1306 4258; x_wconf 90' lang='lat'><em>:</em></span> <span class='ocrx_word' id='word_1_350' title='bbox 1340 4205 1433 4263; x_wconf 87' lang='lat' dir='ltr'><strong>sed</strong></span> <span class='ocrx_word' id='word_1_351' title='bbox 1463 4206 1713 4276; x_wconf 89' lang='lat' dir='ltr'><strong>quoniam</strong></span> <span class='ocrx_word' id='word_1_352' title='bbox 1756 4225 1875 4267; x_wconf 87' lang='lat' dir='ltr'><strong>cum</strong></span> 
     </span>
    </p>
   </div>
   <div class='ocr_carea' id='block_1_45' title="bbox 283 4292 1877 4369">
    <p class='ocr_par' dir='ltr' id='par_1_45' title="bbox 283 4292 1877 4369">
     <span class='ocr_line' id='line_1_45' title="bbox 283 4292 1877 4369; baseline 0.004 -22"><span class='ocrx_word' id='word_1_353' title='bbox 283 4292 354 4347; x_wconf 88' lang='lat' dir='ltr'><strong>de</strong></span> <span class='ocrx_word' id='word_1_354' title='bbox 384 4293 608 4348; x_wconf 87' lang='lat' dir='ltr'><strong>veritate</strong></span> <span class='ocrx_word' id='word_1_355' title='bbox 652 4292 975 4365; x_wconf 76' lang='lat' dir='ltr'><strong>inquiritur,</strong></span> <span class='ocrx_word' id='word_1_356' title='bbox 1004 4310 1107 4349; x_wconf 92' lang='lat' dir='ltr'><strong>non</strong></span> <span class='ocrx_word' id='word_1_357' title='bbox 1154 4296 1430 4358; x_wconf 83' lang='lat' dir='ltr'><strong>minimam</strong></span> <span class='ocrx_word' id='word_1_358' title='bbox 1479 4313 1622 4355; x_wconf 81' lang='lat' dir='ltr'><strong>nunc</strong></span> <span class='ocrx_word' id='word_1_359' title='bbox 1663 4299 1877 4369; x_wconf 85' lang='lat' dir='ltr'><strong>quidem</strong></span> 
     </span>
    </p>
   </div>
   <div class='ocr_carea' id='block_1_46' title="bbox 286 4381 1877 4456">
    <p class='ocr_par' dir='ltr' id='par_1_46' title="bbox 286 4381 1877 4456">
     <span class='ocr_line' id='line_1_46' title="bbox 286 4381 1877 4456; baseline 0.004 -18"><span class='ocrx_word' id='word_1_360' title='bbox 286 4382 759 4452; x_wconf 84' lang='lat' dir='ltr'><strong>reprehensionem</strong></span> <span class='ocrx_word' id='word_1_361' title='bbox 789 4381 965 4452; x_wconf 76' lang='lat' dir='ltr'><strong>affert,</strong></span> <span class='ocrx_word' id='word_1_362' title='bbox 994 4396 1175 4455; x_wconf 87' lang='lat' dir='ltr'><strong>postea</strong></span> <span class='ocrx_word' id='word_1_363' title='bbox 1206 4402 1331 4443; x_wconf 88' lang='lat' dir='ltr'><strong>vero</strong></span> <span class='ocrx_word' id='word_1_364' title='bbox 1357 4387 1877 4456; x_wconf 82' lang='lat' dir='ltr'><strong>condemnationem,</strong></span> 
     </span>
    </p>
   </div>
   <div class='ocr_carea' id='block_1_47' title="bbox 281 4474 1880 4548">
    <p class='ocr_par' dir='ltr' id='par_1_47' title="bbox 281 4474 1880 4548">
     <span class='ocr_line' id='line_1_47' title="bbox 281 4474 1880 4548; baseline 0.004 -20"><span class='ocrx_word' id='word_1_365' title='bbox 281 4474 664 4529; x_wconf 83' lang='lat' dir='ltr'><strong>assistentibus</strong></span> <span class='ocrx_word' id='word_1_366' title='bbox 679 4475 836 4530; x_wconf 91' lang='lat' dir='ltr'><strong>simul</strong></span> <span class='ocrx_word' id='word_1_367' title='bbox 855 4476 1180 4547; x_wconf 88' lang='lat' dir='ltr'><strong>principibus</strong></span> <span class='ocrx_word' id='word_1_368' title='bbox 1197 4487 1245 4533; x_wconf 89' lang='lat' dir='ltr'><strong>et</strong></span> <span class='ocrx_word' id='word_1_369' title='bbox 1282 4481 1490 4548; x_wconf 84' lang='lat' dir='ltr'><strong>pOpulis</strong></span> <span class='ocrx_word' id='word_1_370' title='bbox 1506 4489 1628 4538; x_wconf 85' lang='lat' dir='ltr'><strong>ante</strong></span> <span class='ocrx_word' id='word_1_371' title='bbox 1648 4490 1880 4536; x_wconf 86' lang='lat' dir='ltr'><strong>tremen—</strong></span> 
     </span>
    </p>
   </div>
   <div class='ocr_carea' id='block_1_48' title="bbox 282 4566 1879 4641">
    <p class='ocr_par' dir='ltr' id='par_1_48' title="bbox 282 4566 1879 4641">
     <span class='ocr_line' id='line_1_48' title="bbox 282 4566 1879 4641; baseline 0.005 -20"><span class='ocrx_word' id='word_1_372' title='bbox 282 4566 412 4621; x_wconf 90' lang='lat' dir='ltr'><strong>dum</strong></span> <span class='ocrx_word' id='word_1_373' title='bbox 445 4567 678 4623; x_wconf 89' lang='lat' dir='ltr'><strong>tribunal</strong></span> <span class='ocrx_word' id='word_1_374' title='bbox 708 4585 722 4621; x_wconf 89' lang='lat'><strong>:</strong></span> <span class='ocrx_word' id='word_1_375' title='bbox 757 4568 969 4641; x_wconf 86' lang='lat' dir='ltr'><strong>ignosce</strong></span> <span class='ocrx_word' id='word_1_376' title='bbox 1009 4570 1140 4624; x_wconf 88' lang='lat' dir='ltr'><strong>mihi</strong></span> <span class='ocrx_word' id='word_1_377' title='bbox 1164 4612 1179 4634; x_wconf 92' lang='lat'><strong>,</strong></span> <span class='ocrx_word' id='word_1_378' title='bbox 1210 4572 1411 4641; x_wconf 87' lang='lat' dir='ltr'><strong>optime</strong></span> <span class='ocrx_word' id='word_1_379' title='bbox 1436 4613 1451 4639; x_wconf 94' lang='lat'><strong>,</strong></span> <span class='ocrx_word' id='word_1_380' title='bbox 1484 4588 1582 4631; x_wconf 85' lang='lat' dir='ltr'><strong>nec</strong></span> <span class='ocrx_word' id='word_1_381' title='bbox 1611 4572 1740 4626; x_wconf 87' lang='lat' dir='ltr'><strong>mibi</strong></span> <span class='ocrx_word' id='word_1_382' title='bbox 1784 4589 1879 4629; x_wconf 85' lang='lat' dir='ltr'><strong>ca-</strong></span> 
     </span>
    </p>
   </div>
   <div class='ocr_carea' id='block_1_49' title="bbox 285 4659 1882 4731">
    <p class='ocr_par' dir='ltr' id='par_1_49' title="bbox 285 4659 1882 4731">
     <span class='ocr_line' id='line_1_49' title="bbox 285 4659 1882 4731; baseline 0.002 -17"><span class='ocrx_word' id='word_1_383' title='bbox 285 4675 384 4715; x_wconf 90' lang='lat' dir='ltr'><strong>nos</strong></span> <span class='ocrx_word' id='word_1_384' title='bbox 410 4660 635 4730; x_wconf 90' lang='lat' dir='ltr'><strong>capillos</strong></span> <span class='ocrx_word' id='word_1_385' title='bbox 660 4668 822 4719; x_wconf 78' lang='lat' dir='ltr'><strong>testes</strong></span> <span class='ocrx_word' id='word_1_386' title='bbox 848 4659 1028 4731; x_wconf 89' lang='lat' dir='ltr'><strong>profer</strong></span> <span class='ocrx_word' id='word_1_387' title='bbox 1060 4679 1073 4714; x_wconf 88' lang='lat'>:</span> <span class='ocrx_word' id='word_1_388' title='bbox 1107 4673 1404 4719; x_wconf 88' lang='lat' dir='ltr'><strong>senuerunt</strong></span> <span class='ocrx_word' id='word_1_389' title='bbox 1427 4663 1569 4719; x_wconf 86' lang='lat' dir='ltr'><strong>enim</strong></span> <span class='ocrx_word' id='word_1_390' title='bbox 1596 4665 1754 4721; x_wconf 86' lang='lat' dir='ltr'><strong>etiam</strong></span> <span class='ocrx_word' id='word_1_391' title='bbox 1783 4666 1882 4717; x_wconf 78' lang='lat' dir='ltr'><strong>itu-</strong></span> 
     </span>
    </p>
   </div>
   <div class='ocr_carea' id='block_1_50' title="bbox 243 4749 1876 4830">
    <p class='ocr_par' dir='ltr' id='par_1_50' title="bbox 243 4749 1876 4830">
     <span class='ocr_line' id='line_1_50' title="bbox 243 4749 1876 4830; baseline 0.002 -27"><span class='ocrx_word' id='word_1_392' title='bbox 243 4749 439 4830; x_wconf 40' lang='lat' dir='ltr'><strong>‘probi</strong></span> <span class='ocrx_word' id='word_1_393' title='bbox 480 4749 574 4820; x_wconf 89' lang='lat' dir='ltr'><strong>qui</strong></span> <span class='ocrx_word' id='word_1_394' title='bbox 621 4766 730 4804; x_wconf 91' lang='lat' dir='ltr'><strong>non</strong></span> <span class='ocrx_word' id='word_1_395' title='bbox 773 4751 1005 4811; x_wconf 85' lang='lat' dir='ltr'><strong>animam</strong></span> <span class='ocrx_word' id='word_1_396' title='bbox 1035 4752 1317 4811; x_wconf 78' lang='lat' dir='ltr'><strong>virtutibus</strong></span> <span class='ocrx_word' id='word_1_397' title='bbox 1360 4769 1548 4809; x_wconf 89' lang='lat' dir='ltr'><strong>canam</strong></span> <span class='ocrx_word' id='word_1_398' title='bbox 1597 4754 1836 4810; x_wconf 80' lang='lat' dir='ltr'><strong>iecerunt</strong></span> <span class='ocrx_word' id='word_1_399' title='bbox 1861 4796 1876 4819; x_wconf 93' lang='lat'><strong>,</strong></span> 
     </span>
    </p>
   </div>
   <div class='ocr_carea' id='block_1_51' title="bbox 283 4840 1875 4915">
    <p class='ocr_par' dir='ltr' id='par_1_51' title="bbox 283 4840 1875 4915">
     <span class='ocr_line' id='line_1_51' title="bbox 283 4840 1875 4915; baseline 0.001 -19"><span class='ocrx_word' id='word_1_400' title='bbox 283 4840 378 4896; x_wconf 87' lang='lat' dir='ltr'><strong>sed</strong></span> <span class='ocrx_word' id='word_1_401' title='bbox 407 4854 637 4909; x_wconf 83' lang='lat' dir='ltr'><strong>corpora</strong></span> <span class='ocrx_word' id='word_1_402' title='bbox 681 4842 939 4911; x_wconf 87' lang='lat' dir='ltr'><strong>temporis</strong></span> <span class='ocrx_word' id='word_1_403' title='bbox 965 4842 1317 4901; x_wconf 84' lang='lat' dir='ltr'><strong>diuturnitate</strong></span> <span class='ocrx_word' id='word_1_404' title='bbox 1357 4844 1504 4915; x_wconf 87' lang='lat' dir='ltr'><strong>rugis</strong></span> <span class='ocrx_word' id='word_1_405' title='bbox 1546 4854 1831 4903; x_wconf 81' lang='lat' dir='ltr'><strong>exararunt</strong></span> <span class='ocrx_word' id='word_1_406' title='bbox 1861 4861 1875 4898; x_wconf 92' lang='lat'><strong>:</strong></span> 
     </span>
    </p>
   </div>
   <div class='ocr_carea' id='block_1_52' title="bbox 282 4931 1879 5005">
    <p class='ocr_par' dir='ltr' id='par_1_52' title="bbox 282 4931 1879 5005">
     <span class='ocr_line' id='line_1_52' title="bbox 282 4931 1879 5005; baseline 0.004 -21"><span class='ocrx_word' id='word_1_407' title='bbox 282 4932 474 5001; x_wconf 84' lang='lat' dir='ltr'><strong>quales</strong></span> <span class='ocrx_word' id='word_1_408' title='bbox 520 4940 677 4994; x_wconf 81' lang='lat' dir='ltr'><strong>erant</strong></span> <span class='ocrx_word' id='word_1_409' title='bbox 724 4932 776 4986; x_wconf 91' lang='lat' dir='ltr'><strong>in</strong></span> <span class='ocrx_word' id='word_1_410' title='bbox 821 4931 1091 5005; x_wconf 85' lang='lat' dir='ltr'><strong>Babylone</strong></span> <span class='ocrx_word' id='word_1_411' title='bbox 1141 4933 1255 4987; x_wconf 80' lang='lat' dir='ltr'><strong>falsi</strong></span> <span class='ocrx_word' id='word_1_412' title='bbox 1301 4948 1496 5001; x_wconf 70' lang='lat' dir='ltr'><strong>senes,</strong></span> <span class='ocrx_word' id='word_1_413' title='bbox 1540 4943 1595 4989; x_wconf 90' lang='lat' dir='ltr'><strong>et</strong></span> <span class='ocrx_word' id='word_1_414' title='bbox 1634 4935 1688 4995; x_wconf 86' lang='lat' dir='ltr'><strong>in</strong></span> <span class='ocrx_word' id='word_1_415' title='bbox 1726 4934 1879 4991; x_wconf 85' lang='lat' dir='ltr'><strong>Jere-</strong></span> 
     </span>
    </p>
   </div>
   <div class='ocr_carea' id='block_1_53' title="bbox 284 5021 1876 5097">
    <p class='ocr_par' dir='ltr' id='par_1_53' title="bbox 284 5021 1876 5097">
     <span class='ocr_line' id='line_1_53' title="bbox 284 5021 1876 5097; baseline 0.003 -23"><span class='ocrx_word' id='word_1_416' title='bbox 284 5021 392 5081; x_wconf 78' lang='lat' dir='ltr'><strong>mia</strong></span> <span class='ocrx_word' id='word_1_417' title='bbox 426 5021 679 5097; x_wconf 81' lang='lat' dir='ltr'><strong>Ephraim</strong></span> <span class='ocrx_word' id='word_1_418' title='bbox 705 5063 722 5089; x_wconf 94' lang='lat'><strong>,</strong></span> <span class='ocrx_word' id='word_1_419' title='bbox 751 5021 818 5077; x_wconf 87' lang='lat' dir='ltr'><strong>de</strong></span> <span class='ocrx_word' id='word_1_420' title='bbox 842 5038 950 5094; x_wconf 90' lang='lat' dir='ltr'><strong>quo</strong></span> <span class='ocrx_word' id='word_1_421' title='bbox 978 5024 1308 5094; x_wconf 81' lang='lat' dir='ltr'><strong>exprobrans</strong></span> <span class='ocrx_word' id='word_1_422' title='bbox 1335 5024 1606 5095; x_wconf 84' lang='lat' dir='ltr'><strong>Scriptura</strong></span> <span class='ocrx_word' id='word_1_423' title='bbox 1636 5025 1832 5089; x_wconf 87' lang='lat' dir='ltr'><strong>clamat</strong></span> <span class='ocrx_word' id='word_1_424' title='bbox 1861 5042 1876 5079; x_wconf 91' lang='lat'><strong>:</strong></span> 
     </span>
    </p>
   </div>
   <div class='ocr_carea' id='block_1_54' title="bbox 244 5109 1881 5186">
    <p class='ocr_par' dir='ltr' id='par_1_54' title="bbox 244 5109 1881 5186">
     <span class='ocr_line' id='line_1_54' title="bbox 244 5109 1881 5186; baseline 0.005 -22"><span class='ocrx_word' id='word_1_425' title='bbox 244 5135 248 5143; x_wconf 74' lang='grc' dir='ltr'><strong>ι</strong></span> <span class='ocrx_word' id='word_1_426' title='bbox 284 5109 543 5180; x_wconf 77' lang='lat' dir='ltr'><strong>prraim</strong></span> <span class='ocrx_word' id='word_1_427' title='bbox 586 5113 819 5173; x_wconf 80' lang='lat' dir='ltr'><strong>columba</strong></span> <span class='ocrx_word' id='word_1_428' title='bbox 856 5114 1121 5186; x_wconf 76' lang='lat' dir='ltr'><strong>insipiens,</strong></span> <span class='ocrx_word' id='word_1_429' title='bbox 1153 5132 1254 5174; x_wconf 81' lang='lat' dir='ltr'><strong>non</strong></span> <span class='ocrx_word' id='word_1_430' title='bbox 1293 5116 1478 5171; x_wconf 80' lang='lat' dir='ltr'><strong>habens</strong></span> <span class='ocrx_word' id='word_1_431' title='bbox 1516 5133 1602 5171; x_wconf 88' lang='lat' dir='ltr'><strong>cor</strong></span> <span class='ocrx_word' id='word_1_432' title='bbox 1624 5133 1643 5171; x_wconf 91' lang='lat'><strong><em>:</em></strong></span> <span class='ocrx_word' id='word_1_433' title='bbox 1675 5119 1881 5175; x_wconf 76' lang='lat' dir='ltr'><strong>canities</strong></span> 
     </span>
    </p>
   </div>
   <div class='ocr_carea' id='block_1_55' title="bbox 281 5201 1875 5279">
    <p class='ocr_par' dir='ltr' id='par_1_55' title="bbox 281 5201 1875 5279">
     <span class='ocr_line' id='line_1_55' title="bbox 281 5201 1875 5279; baseline 0.006 -27"><span class='ocrx_word' id='word_1_434' title='bbox 281 5201 386 5264; x_wconf 86' lang='lat' dir='ltr'><strong>ipsi</strong></span> <span class='ocrx_word' id='word_1_435' title='bbox 410 5201 630 5271; x_wconf 80' lang='lat' dir='ltr'><strong>advenit,</strong></span> <span class='ocrx_word' id='word_1_436' title='bbox 663 5202 773 5273; x_wconf 84' lang='lat' dir='ltr'><strong>ipse</strong></span> <span class='ocrx_word' id='word_1_437' title='bbox 809 5220 925 5258; x_wconf 73' lang='lat' dir='ltr'><strong>vero</strong></span> <span class='ocrx_word' id='word_1_438' title='bbox 962 5221 1063 5259; x_wconf 84' lang='lat' dir='ltr'><strong>non</strong></span> <span class='ocrx_word' id='word_1_439' title='bbox 1105 5207 1335 5279; x_wconf 82' lang='lat' dir='ltr'><strong>cognorit</strong></span> <span class='ocrx_word' id='word_1_440' title='bbox 1378 5206 1531 5278; x_wconf 85' lang='lat' dir='ltr'><strong>(Osee</strong></span> <span class='ocrx_word' id='word_1_441' title='bbox 1570 5208 1621 5261; x_wconf 82' lang='lat'><strong>7.</strong></span> <span class='ocrx_word' id='word_1_442' title='bbox 1662 5209 1744 5262; x_wconf 81' lang='lat' dir='ltr'><strong>ll.</strong></span> <span class='ocrx_word' id='word_1_443' title='bbox 1795 5208 1875 5278; x_wconf 85' lang='lat'><strong>9).</strong></span> 
     </span>
    </p>
   </div>
   <div class='ocr_carea' id='block_1_56' title="bbox 283 5291 1881 5370">
    <p class='ocr_par' dir='ltr' id='par_1_56' title="bbox 283 5291 1881 5370">
     <span class='ocr_line' id='line_1_56' title="bbox 283 5291 1881 5370; baseline 0.006 -25"><span class='ocrx_word' id='word_1_444' title='bbox 283 5291 484 5347; x_wconf 89' lang='lat' dir='ltr'><strong>lterum</strong></span> <span class='ocrx_word' id='word_1_445' title='bbox 512 5308 642 5349; x_wconf 89' lang='lat' dir='ltr'><strong>vero</strong></span> <span class='ocrx_word' id='word_1_446' title='bbox 665 5295 909 5366; x_wconf 83' lang='lat' dir='ltr'><strong>asperius</strong></span> <span class='ocrx_word' id='word_1_447' title='bbox 934 5296 1100 5352; x_wconf 84' lang='lat' dir='ltr'><strong>dixit:</strong></span> <span class='ocrx_word' id='word_1_448' title='bbox 1131 5294 1321 5361; x_wconf 67' lang='lat' dir='ltr'><strong>Factus</strong></span> <span class='ocrx_word' id='word_1_449' title='bbox 1344 5308 1415 5359; x_wconf 84' lang='lat' dir='ltr'><strong>est</strong></span> <span class='ocrx_word' id='word_1_450' title='bbox 1447 5298 1694 5366; x_wconf 77' lang='lat' dir='ltr'><strong>Epitraim</strong></span> <span class='ocrx_word' id='word_1_451' title='bbox 1732 5302 1881 5370; x_wconf 74' lang='lat' dir='ltr'><strong>panis</strong></span> 
     </span>
    </p>
   </div>
   <div class='ocr_carea' id='block_1_57' title="bbox 281 5384 1879 5457">
    <p class='ocr_par' dir='ltr' id='par_1_57' title="bbox 281 5384 1879 5457">
     <span class='ocr_line' id='line_1_57' title="bbox 281 5384 1879 5457; baseline 0.006 -20"><span class='ocrx_word' id='word_1_452' title='bbox 281 5384 673 5449; x_wconf 83' lang='lat' dir='ltr'><strong>subcinericius,</strong></span> <span class='ocrx_word' id='word_1_453' title='bbox 717 5387 804 5455; x_wconf 83' lang='lat' dir='ltr'><strong>qui</strong></span> <span class='ocrx_word' id='word_1_454' title='bbox 832 5402 933 5440; x_wconf 87' lang='lat' dir='ltr'><strong>non</strong></span> <span class='ocrx_word' id='word_1_455' title='bbox 954 5388 1281 5457; x_wconf 80' lang='lat' dir='ltr'><strong>convertitur,</strong></span> <span class='ocrx_word' id='word_1_456' title='bbox 1311 5397 1357 5449; x_wconf 82' lang='lat' dir='ltr'><strong>et</strong></span> <span class='ocrx_word' id='word_1_457' title='bbox 1380 5389 1532 5453; x_wconf 72' lang='lat' dir='ltr'><strong>alieni</strong></span> <span class='ocrx_word' id='word_1_458' title='bbox 1557 5394 1879 5451; x_wconf 77' lang='lat' dir='ltr'><strong>comederunt</strong></span> 
     </span>
    </p>
   </div>
   <div class='ocr_carea' id='block_1_58' title="bbox 281 5473 1878 5551">
    <p class='ocr_par' dir='ltr' id='par_1_58' title="bbox 281 5473 1878 5551">
     <span class='ocr_line' id='line_1_58' title="bbox 281 5473 1878 5551; baseline 0.007 -26"><span class='ocrx_word' id='word_1_459' title='bbox 281 5473 433 5535; x_wconf 74' lang='lat' dir='ltr'><strong>robur</strong></span> <span class='ocrx_word' id='word_1_460' title='bbox 462 5478 578 5548; x_wconf 82' lang='lat' dir='ltr'><strong>ejus</strong></span> <span class='ocrx_word' id='word_1_461' title='bbox 597 5473 765 5548; x_wconf 77' lang='lat' dir='ltr'><strong>(Ibid.</strong></span> <span class='ocrx_word' id='word_1_462' title='bbox 788 5491 841 5529; x_wconf 92' lang='lat' dir='ltr'><strong>v.</strong></span> <span class='ocrx_word' id='word_1_463' title='bbox 864 5476 918 5537; x_wconf 87' lang='lat'><strong>8.</strong></span> <span class='ocrx_word' id='word_1_464' title='bbox 934 5475 1017 5542; x_wconf 89' lang='lat'><strong>9).</strong></span> <span class='ocrx_word' id='word_1_465' title='bbox 1040 5477 1177 5541; x_wconf 75' lang='lat' dir='ltr'><strong>illud</strong></span> <span class='ocrx_word' id='word_1_466' title='bbox 1203 5494 1415 5551; x_wconf 87' lang='lat' dir='ltr'><strong>quoque</strong></span> <span class='ocrx_word' id='word_1_467' title='bbox 1434 5479 1647 5548; x_wconf 84' lang='lat' dir='ltr'><strong>addam,</strong></span> <span class='ocrx_word' id='word_1_468' title='bbox 1671 5483 1878 5543; x_wconf 78' lang='lat' dir='ltr'><strong>etiarnsi</strong></span> 
     </span>
    </p>
   </div>
   <div class='ocr_carea' id='block_1_59' title="bbox 281 5566 1878 5644">
    <p class='ocr_par' dir='ltr' id='par_1_59' title="bbox 281 5566 1878 5644">
     <span class='ocr_line' id='line_1_59' title="bbox 281 5566 1878 5644; baseline 0.005 -24"><span class='ocrx_word' id='word_1_469' title='bbox 281 5581 459 5622; x_wconf 84' lang='lat' dir='ltr'><strong>sermo</strong></span> <span class='ocrx_word' id='word_1_470' title='bbox 493 5566 590 5622; x_wconf 86' lang='lat' dir='ltr'><strong>liat</strong></span> <span class='ocrx_word' id='word_1_471' title='bbox 628 5566 875 5641; x_wconf 85' lang='lat' dir='ltr'><strong>longior:</strong></span> <span class='ocrx_word' id='word_1_472' title='bbox 914 5569 1034 5640; x_wconf 90' lang='lat' dir='ltr'><strong>quis</strong></span> <span class='ocrx_word' id='word_1_473' title='bbox 1062 5572 1230 5641; x_wconf 79' lang='lat' dir='ltr'><strong>magis</strong></span> <span class='ocrx_word' id='word_1_474' title='bbox 1267 5585 1455 5639; x_wconf 86' lang='lat' dir='ltr'><strong>canus,</strong></span> <span class='ocrx_word' id='word_1_475' title='bbox 1497 5582 1592 5628; x_wconf 92' lang='lat' dir='ltr'><strong>aut</strong></span> <span class='ocrx_word' id='word_1_476' title='bbox 1617 5574 1734 5644; x_wconf 87' lang='lat' dir='ltr'><strong>quis</strong></span> <span class='ocrx_word' id='word_1_477' title='bbox 1765 5574 1878 5633; x_wconf 73' lang='lat' dir='ltr'><strong>visu</strong></span> 
     </span>
    </p>
   </div>
   <div class='ocr_carea' id='block_1_60' title="bbox 283 5657 1877 5733">
    <p class='ocr_par' dir='ltr' id='par_1_60' title="bbox 283 5657 1877 5733">
     <span class='ocr_line' id='line_1_60' title="bbox 283 5657 1877 5733; baseline 0.004 -20"><span class='ocrx_word' id='word_1_478' title='bbox 283 5660 584 5717; x_wconf 79' lang='lat' dir='ltr'><strong>modestior</strong></span> <span class='ocrx_word' id='word_1_479' title='bbox 610 5660 804 5723; x_wconf 82' lang='lat' dir='ltr'><strong>Acacio</strong></span> <span class='ocrx_word' id='word_1_480' title='bbox 824 5657 1121 5733; x_wconf 55' lang='lat' dir='ltr'><strong>Hennensi,</strong></span> <span class='ocrx_word' id='word_1_481' title='bbox 1147 5677 1306 5731; x_wconf 78' lang='lat' dir='ltr'><strong>quem</strong></span> <span class='ocrx_word' id='word_1_482' title='bbox 1330 5676 1424 5720; x_wconf 87' lang='lat' dir='ltr'><strong>vos</strong></span> <span class='ocrx_word' id='word_1_483' title='bbox 1450 5678 1591 5727; x_wconf 86' lang='lat' dir='ltr'><strong>nunc</strong></span> <span class='ocrx_word' id='word_1_484' title='bbox 1614 5666 1877 5725; x_wconf 84' lang='lat' dir='ltr'><strong>accusatis</strong></span> 
     </span>
    </p>
   </div>
   <div class='ocr_carea' id='block_1_61' title="bbox 1989 391 3582 464">
    <p class='ocr_par' dir='ltr' id='par_1_61' title="bbox 1989 391 3582 464">
     <span class='ocr_line' id='line_1_61' title="bbox 1989 391 3582 464; baseline 0.004 -19"><span class='ocrx_word' id='word_1_485' title='bbox 1989 401 2045 446; x_wconf 92' lang='lat' dir='ltr'><strong>ut</strong></span> <span class='ocrx_word' id='word_1_486' title='bbox 2070 391 2348 447; x_wconf 86' lang='lat' dir='ltr'><strong>seditionis</strong></span> <span class='ocrx_word' id='word_1_487' title='bbox 2376 402 2668 457; x_wconf 84' lang='lat' dir='ltr'><strong>auctorem,</strong></span> <span class='ocrx_word' id='word_1_488' title='bbox 2691 400 2744 447; x_wconf 90' lang='lat' dir='ltr'><strong>et</strong></span> <span class='ocrx_word' id='word_1_489' title='bbox 2768 392 2949 448; x_wconf 88' lang='lat' dir='ltr'><strong>delicti</strong></span> <span class='ocrx_word' id='word_1_490' title='bbox 2975 409 3161 448; x_wconf 89' lang='lat' dir='ltr'><strong>eorum</strong></span> <span class='ocrx_word' id='word_1_491' title='bbox 3178 393 3367 448; x_wconf 80' lang='lat' dir='ltr'><strong>ducem</strong></span> <span class='ocrx_word' id='word_1_492' title='bbox 3388 396 3477 464; x_wconf 79' lang='lat' dir='ltr'><strong>qui</strong></span> <span class='ocrx_word' id='word_1_493' title='bbox 3497 412 3582 451; x_wconf 83' lang='lat' dir='ltr'><strong>res</strong></span> 
     </span>
    </p>
   </div>
   <div class='ocr_carea' id='block_1_62' title="bbox 1989 483 3581 555">
    <p class='ocr_par' dir='ltr' id='par_1_62' title="bbox 1989 483 3581 555">
     <span class='ocr_line' id='line_1_62' title="bbox 1989 483 3581 555; baseline 0.006 -21"><span class='ocrx_word' id='word_1_494' title='bbox 1989 496 2152 536; x_wconf 82' lang='lat' dir='ltr'><strong>novas</strong></span> <span class='ocrx_word' id='word_1_495' title='bbox 2180 483 2517 538; x_wconf 77' lang='lat' dir='ltr'><strong>excitarunt?</strong></span> <span class='ocrx_word' id='word_1_496' title='bbox 2558 483 2709 552; x_wconf 86' lang='lat' dir='ltr'><strong>cujus</strong></span> <span class='ocrx_word' id='word_1_497' title='bbox 2747 484 2827 538; x_wconf 84' lang='lat' dir='ltr'><strong>vel</strong></span> <span class='ocrx_word' id='word_1_498' title='bbox 2870 500 3031 539; x_wconf 87' lang='lat' dir='ltr'><strong>nares</strong></span> <span class='ocrx_word' id='word_1_499' title='bbox 3075 486 3204 555; x_wconf 79' lang='lat' dir='ltr'><strong>ipsa:</strong></span> <span class='ocrx_word' id='word_1_500' title='bbox 3232 501 3395 541; x_wconf 80' lang='lat' dir='ltr'><strong>canos</strong></span> <span class='ocrx_word' id='word_1_501' title='bbox 3427 486 3581 543; x_wconf 85' lang='lat' dir='ltr'><strong>habe-</strong></span> 
     </span>
    </p>
   </div>
   <div class='ocr_carea' id='block_1_63' title="bbox 1988 571 3575 642">
    <p class='ocr_par' dir='ltr' id='par_1_63' title="bbox 1988 571 3575 642">
     <span class='ocr_line' id='line_1_63' title="bbox 1988 571 3575 642; baseline 0.004 -17"><span class='ocrx_word' id='word_1_502' title='bbox 1988 571 2113 626; x_wconf 89' lang='lat' dir='ltr'><strong>bant</strong></span> <span class='ocrx_word' id='word_1_503' title='bbox 2138 573 2272 640; x_wconf 91' lang='lat' dir='ltr'><strong>pilos</strong></span> <span class='ocrx_word' id='word_1_504' title='bbox 2301 573 2659 642; x_wconf 83' lang='lat' dir='ltr'><strong>longissimos,</strong></span> <span class='ocrx_word' id='word_1_505' title='bbox 2690 590 2812 628; x_wconf 91' lang='lat' dir='ltr'><strong>cum</strong></span> <span class='ocrx_word' id='word_1_506' title='bbox 2851 575 3071 629; x_wconf 77' lang='lat' dir='ltr'><strong>Romam</strong></span> <span class='ocrx_word' id='word_1_507' title='bbox 3097 577 3241 631; x_wconf 84' lang='lat' dir='ltr'><strong>venit</strong></span> <span class='ocrx_word' id='word_1_508' title='bbox 3280 576 3459 633; x_wconf 85' lang='lat' dir='ltr'><strong>ferens</strong></span> <span class='ocrx_word' id='word_1_509' title='bbox 3483 593 3575 632; x_wconf 83' lang='lat' dir='ltr'><strong>or-</strong></span> 
     </span>
    </p>
   </div>
   <div class='ocr_carea' id='block_1_64' title="bbox 1986 662 3581 736">
    <p class='ocr_par' dir='ltr' id='par_1_64' title="bbox 1986 662 3581 736">
     <span class='ocr_line' id='line_1_64' title="bbox 1986 662 3581 736; baseline 0.007 -21"><span class='ocrx_word' id='word_1_510' title='bbox 1986 662 2273 718; x_wconf 91' lang='lat' dir='ltr'><strong>dinationis</strong></span> <span class='ocrx_word' id='word_1_511' title='bbox 2317 663 2540 720; x_wconf 84' lang='lat' dir='ltr'><strong>Joannis</strong></span> <span class='ocrx_word' id='word_1_512' title='bbox 2580 665 2817 736; x_wconf 80' lang='lat' dir='ltr'><strong>episcopi</strong></span> <span class='ocrx_word' id='word_1_513' title='bbox 2856 667 3150 721; x_wconf 73' lang='lat' dir='ltr'><strong>decretura.</strong></span> <span class='ocrx_word' id='word_1_514' title='bbox 3209 668 3384 723; x_wconf 72' lang='lat' dir='ltr'><strong>Ense.</strong></span> <span class='ocrx_word' id='word_1_515' title='bbox 3430 669 3581 726; x_wconf 84' lang='lat' dir='ltr'><strong>Nunc</strong></span> 
     </span>
    </p>
   </div>
   <div class='ocr_carea' id='block_1_65' title="bbox 1985 753 3582 826">
    <p class='ocr_par' dir='ltr' id='par_1_65' title="bbox 1985 753 3582 826">
     <span class='ocr_line' id='line_1_65' title="bbox 1985 753 3582 826; baseline 0.004 -18"><span class='ocrx_word' id='word_1_516' title='bbox 1985 753 2130 808; x_wconf 89' lang='lat' dir='ltr'><strong>clare</strong></span> <span class='ocrx_word' id='word_1_517' title='bbox 2161 755 2282 808; x_wconf 90' lang='lat' dir='ltr'><strong>novi</strong></span> <span class='ocrx_word' id='word_1_518' title='bbox 2308 764 2357 809; x_wconf 85' lang='lat' dir='ltr'><strong>te</strong></span> <span class='ocrx_word' id='word_1_519' title='bbox 2385 756 2605 824; x_wconf 83' lang='lat' dir='ltr'><strong>probum</strong></span> <span class='ocrx_word' id='word_1_520' title='bbox 2635 771 2754 811; x_wconf 88' lang='lat' dir='ltr'><strong>esse</strong></span> <span class='ocrx_word' id='word_1_521' title='bbox 2784 758 3111 824; x_wconf 80' lang='lat' dir='ltr'><strong>trapezitam,</strong></span> <span class='ocrx_word' id='word_1_522' title='bbox 3145 758 3232 826; x_wconf 90' lang='lat' dir='ltr'><strong>qui</strong></span> <span class='ocrx_word' id='word_1_523' title='bbox 3264 774 3371 812; x_wconf 90' lang='lat' dir='ltr'><strong>non</strong></span> <span class='ocrx_word' id='word_1_524' title='bbox 3392 759 3582 815; x_wconf 73' lang='lat' dir='ltr'><strong>credas</strong></span> 
     </span>
    </p>
   </div>
   <div class='ocr_carea' id='block_1_66' title="bbox 1989 845 3589 919">
    <p class='ocr_par' dir='ltr' id='par_1_66' title="bbox 1989 845 3589 919">
     <span class='ocr_line' id='line_1_66' title="bbox 1989 845 3589 919; baseline 0.004 -20"><span class='ocrx_word' id='word_1_525' title='bbox 1989 845 2217 914; x_wconf 87' lang='lat' dir='ltr'><strong>pelliceo</strong></span> <span class='ocrx_word' id='word_1_526' title='bbox 2249 847 2614 911; x_wconf 86' lang='lat' dir='ltr'><strong>tabernaculo,</strong></span> <span class='ocrx_word' id='word_1_527' title='bbox 2639 846 2734 901; x_wconf 78' lang='lat' dir='ltr'><strong>sed</strong></span> <span class='ocrx_word' id='word_1_528' title='bbox 2762 848 3041 902; x_wconf 79' lang='lat' dir='ltr'><strong>scientiam</strong></span> <span class='ocrx_word' id='word_1_529' title='bbox 3066 848 3184 919; x_wconf 81' lang='lat' dir='ltr'><strong>ejus</strong></span> <span class='ocrx_word' id='word_1_530' title='bbox 3201 850 3291 918; x_wconf 87' lang='lat' dir='ltr'><strong>qui</strong></span> <span class='ocrx_word' id='word_1_531' title='bbox 3321 847 3589 905; x_wconf 67' lang='lat' dir='ltr'><strong>inhabitat</strong></span> 
     </span>
    </p>
   </div>
   <div class='ocr_carea' id='block_1_67' title="bbox 1988 936 3579 1010">
    <p class='ocr_par' dir='ltr' id='par_1_67' title="bbox 1988 936 3579 1010">
     <span class='ocr_line' id='line_1_67' title="bbox 1988 936 3579 1010; baseline 0.004 -21"><span class='ocrx_word' id='word_1_532' title='bbox 1988 936 2243 1009; x_wconf 88' lang='lat' dir='ltr'><strong>inquiras.</strong></span> <span class='ocrx_word' id='word_1_533' title='bbox 2298 937 2508 991; x_wconf 86' lang='lat' dir='ltr'><strong>Etenim</strong></span> <span class='ocrx_word' id='word_1_534' title='bbox 2535 947 2589 991; x_wconf 89' lang='lat' dir='ltr'><strong>et</strong></span> <span class='ocrx_word' id='word_1_535' title='bbox 2614 936 2987 1009; x_wconf 66' lang='lat' dir='ltr'><strong>ALgyptiorum</strong></span> <span class='ocrx_word' id='word_1_536' title='bbox 3016 940 3211 1007; x_wconf 78' lang='lat' dir='ltr'><strong>templa</strong></span> <span class='ocrx_word' id='word_1_537' title='bbox 3250 940 3579 1010; x_wconf 69' lang='lat' dir='ltr'><strong>mnplissitna</strong></span> 
     </span>
    </p>
   </div>
   <div class='ocr_carea' id='block_1_68' title="bbox 1984 1028 3579 1099">
    <p class='ocr_par' dir='ltr' id='par_1_68' title="bbox 1984 1028 3579 1099">
     <span class='ocr_line' id='line_1_68' title="bbox 1984 1028 3579 1099; baseline 0.003 -18"><span class='ocrx_word' id='word_1_538' title='bbox 1984 1041 2104 1081; x_wconf 89' lang='lat' dir='ltr'><strong>cum</strong></span> <span class='ocrx_word' id='word_1_539' title='bbox 2135 1028 2260 1090; x_wconf 83' lang='lat' dir='ltr'><strong>sint,</strong></span> <span class='ocrx_word' id='word_1_540' title='bbox 2292 1038 2345 1083; x_wconf 89' lang='lat' dir='ltr'><strong>et</strong></span> <span class='ocrx_word' id='word_1_541' title='bbox 2377 1029 2611 1099; x_wconf 83' lang='lat' dir='ltr'><strong>lapidum</strong></span> <span class='ocrx_word' id='word_1_542' title='bbox 2646 1030 2825 1098; x_wconf 85' lang='lat' dir='ltr'><strong>specie</strong></span> <span class='ocrx_word' id='word_1_543' title='bbox 2854 1045 2915 1085; x_wconf 89' lang='lat' dir='ltr'><strong>se</strong></span> <span class='ocrx_word' id='word_1_544' title='bbox 2939 1030 3163 1099; x_wconf 76' lang='lat' dir='ltr'><strong>jactent,</strong></span> <span class='ocrx_word' id='word_1_545' title='bbox 3207 1030 3353 1086; x_wconf 81' lang='lat' dir='ltr'><strong>intus</strong></span> <span class='ocrx_word' id='word_1_546' title='bbox 3395 1033 3579 1087; x_wconf 88' lang='lat' dir='ltr'><strong>simias</strong></span> 
     </span>
    </p>
   </div>
   <div class='ocr_carea' id='block_1_69' title="bbox 1987 1117 3579 1191">
    <p class='ocr_par' dir='ltr' id='par_1_69' title="bbox 1987 1117 3579 1191">
     <span class='ocr_line' id='line_1_69' title="bbox 1987 1117 3579 1191; baseline 0.005 -21"><span class='ocrx_word' id='word_1_547' title='bbox 1987 1117 2184 1172; x_wconf 80' lang='lat' dir='ltr'><strong>habent</strong></span> <span class='ocrx_word' id='word_1_548' title='bbox 2216 1129 2270 1172; x_wconf 88' lang='lat' dir='ltr'><strong>et</strong></span> <span class='ocrx_word' id='word_1_549' title='bbox 2312 1119 2424 1173; x_wconf 86' lang='lat' dir='ltr'><strong>ibes</strong></span> <span class='ocrx_word' id='word_1_550' title='bbox 2460 1128 2516 1175; x_wconf 91' lang='lat' dir='ltr'><strong>ct</strong></span> <span class='ocrx_word' id='word_1_551' title='bbox 2548 1134 2708 1173; x_wconf 80' lang='lat' dir='ltr'><strong>canes</strong></span> <span class='ocrx_word' id='word_1_552' title='bbox 2735 1134 2833 1191; x_wconf 86' lang='lat' dir='ltr'><strong>pro</strong></span> <span class='ocrx_word' id='word_1_553' title='bbox 2860 1119 2985 1174; x_wconf 81' lang='lat' dir='ltr'><strong>diis.</strong></span> <span class='ocrx_word' id='word_1_554' title='bbox 3025 1119 3295 1177; x_wconf 64' lang='lat' dir='ltr'><strong>Caeterum</strong></span> <span class='ocrx_word' id='word_1_555' title='bbox 3322 1124 3579 1179; x_wconf 88' lang='lat' dir='ltr'><strong>Dominus</strong></span> 
     </span>
    </p>
   </div>
   <div class='ocr_carea' id='block_1_70' title="bbox 1985 1209 3579 1278">
    <p class='ocr_par' dir='ltr' id='par_1_70' title="bbox 1985 1209 3579 1278">
     <span class='ocr_line' id='line_1_70' title="bbox 1985 1209 3579 1278; baseline 0.004 -17"><span class='ocrx_word' id='word_1_556' title='bbox 1985 1218 2167 1261; x_wconf 82' lang='lat' dir='ltr'><strong>noster</strong></span> <span class='ocrx_word' id='word_1_557' title='bbox 2226 1218 2280 1263; x_wconf 87' lang='lat' dir='ltr'><strong>et</strong></span> <span class='ocrx_word' id='word_1_558' title='bbox 2332 1209 2469 1262; x_wconf 87' lang='lat' dir='ltr'><strong>Deus</strong></span> <span class='ocrx_word' id='word_1_559' title='bbox 2522 1209 2746 1278; x_wconf 86' lang='lat' dir='ltr'><strong>loquens</strong></span> <span class='ocrx_word' id='word_1_560' title='bbox 2808 1210 3042 1266; x_wconf 83' lang='lat' dir='ltr'><strong>Samueli</strong></span> <span class='ocrx_word' id='word_1_561' title='bbox 3088 1212 3156 1266; x_wconf 83' lang='lat' dir='ltr'><strong>de</strong></span> <span class='ocrx_word' id='word_1_562' title='bbox 3202 1212 3579 1269; x_wconf 88' lang='lat' dir='ltr'><strong>constituendo</strong></span> 
     </span>
    </p>
   </div>
   <div class='ocr_carea' id='block_1_71' title="bbox 1985 1296 3578 1368">
    <p class='ocr_par' dir='ltr' id='par_1_71' title="bbox 1985 1296 3578 1368">
     <span class='ocr_line' id='line_1_71' title="bbox 1985 1296 3578 1368; baseline 0.004 -17"><span class='ocrx_word' id='word_1_563' title='bbox 1985 1296 2120 1351; x_wconf 89' lang='lat' dir='ltr'><strong>duce</strong></span> <span class='ocrx_word' id='word_1_564' title='bbox 2166 1296 2403 1366; x_wconf 88' lang='lat' dir='ltr'><strong>lsraelis,</strong></span> <span class='ocrx_word' id='word_1_565' title='bbox 2449 1299 2694 1368; x_wconf 72' lang='lat' dir='ltr'><strong>prmcipit</strong></span> <span class='ocrx_word' id='word_1_566' title='bbox 2745 1315 2814 1357; x_wconf 86' lang='lat' dir='ltr'><strong>ne</strong></span> <span class='ocrx_word' id='word_1_567' title='bbox 2880 1302 3185 1357; x_wconf 85' lang='lat' dir='ltr'><strong>consideret</strong></span> <span class='ocrx_word' id='word_1_568' title='bbox 3242 1304 3478 1359; x_wconf 89' lang='lat' dir='ltr'><strong>habitum</strong></span> <span class='ocrx_word' id='word_1_569' title='bbox 3522 1316 3578 1359; x_wconf 91' lang='lat' dir='ltr'><strong>et</strong></span> 
     </span>
    </p>
   </div>
   <div class='ocr_carea' id='block_1_72' title="bbox 1985 1384 3578 1458">
    <p class='ocr_par' dir='ltr' id='par_1_72' title="bbox 1985 1384 3578 1458">
     <span class='ocr_line' id='line_1_72' title="bbox 1985 1384 3578 1458; baseline 0.006 -19"><span class='ocrx_word' id='word_1_570' title='bbox 1985 1384 2294 1456; x_wconf 86' lang='lat' dir='ltr'><strong>ﬁgmentum</strong></span> <span class='ocrx_word' id='word_1_571' title='bbox 2339 1387 2465 1442; x_wconf 89' lang='lat' dir='ltr'><strong>lutei</strong></span> <span class='ocrx_word' id='word_1_572' title='bbox 2511 1392 2779 1458; x_wconf 85' lang='lat' dir='ltr'><strong>corporis,</strong></span> <span class='ocrx_word' id='word_1_573' title='bbox 2822 1391 3006 1447; x_wconf 88' lang='lat' dir='ltr'><strong>dicens</strong></span> <span class='ocrx_word' id='word_1_574' title='bbox 3041 1409 3054 1445; x_wconf 92' lang='lat'><strong>:</strong></span> <span class='ocrx_word' id='word_1_575' title='bbox 3102 1390 3221 1447; x_wconf 84' lang='lat' dir='ltr'><strong>Non</strong></span> <span class='ocrx_word' id='word_1_576' title='bbox 3259 1393 3389 1451; x_wconf 80' lang='lat' dir='ltr'><strong>sicut</strong></span> <span class='ocrx_word' id='word_1_577' title='bbox 3427 1395 3578 1448; x_wconf 78' lang='lat' dir='ltr'><strong>homo</strong></span> 
     </span>
    </p>
   </div>
   <div class='ocr_carea' id='block_1_73' title="bbox 1984 1476 3578 1554">
    <p class='ocr_par' dir='ltr' id='par_1_73' title="bbox 1984 1476 3578 1554">
     <span class='ocr_line' id='line_1_73' title="bbox 1984 1476 3578 1554; baseline 0.007 -25"><span class='ocrx_word' id='word_1_578' title='bbox 1984 1477 2166 1530; x_wconf 80' lang='lat' dir='ltr'><strong>videbit</strong></span> <span class='ocrx_word' id='word_1_579' title='bbox 2189 1476 2330 1532; x_wconf 77' lang='lat' dir='ltr'><strong>Dens</strong></span> <span class='ocrx_word' id='word_1_580' title='bbox 2355 1495 2374 1532; x_wconf 91' lang='lat'><strong><em>:</em></strong></span> <span class='ocrx_word' id='word_1_581' title='bbox 2401 1480 2550 1533; x_wconf 78' lang='lat' dir='ltr'><strong>homo</strong></span> <span class='ocrx_word' id='word_1_582' title='bbox 2580 1483 2711 1535; x_wconf 84' lang='lat' dir='ltr'><strong>enim</strong></span> <span class='ocrx_word' id='word_1_583' title='bbox 2737 1483 2791 1537; x_wconf 88' lang='lat' dir='ltr'><strong>in</strong></span> <span class='ocrx_word' id='word_1_584' title='bbox 2825 1485 3029 1554; x_wconf 79' lang='lat' dir='ltr'><strong>faciem,</strong></span> <span class='ocrx_word' id='word_1_585' title='bbox 3057 1483 3192 1539; x_wconf 81' lang='lat' dir='ltr'><strong>Dens</strong></span> <span class='ocrx_word' id='word_1_586' title='bbox 3211 1494 3387 1540; x_wconf 73' lang='lat' dir='ltr'><strong>autem</strong></span> <span class='ocrx_word' id='word_1_587' title='bbox 3409 1487 3461 1539; x_wconf 83' lang='lat' dir='ltr'><strong>in</strong></span> <span class='ocrx_word' id='word_1_588' title='bbox 3490 1503 3578 1540; x_wconf 83' lang='lat' dir='ltr'><strong>cor</strong></span> 
     </span>
    </p>
   </div>
   <div class='ocr_carea' id='block_1_74' title="bbox 1984 1562 3580 1643">
    <p class='ocr_par' dir='ltr' id='par_1_74' title="bbox 1984 1562 3580 1643">
     <span class='ocr_line' id='line_1_74' title="bbox 1984 1562 3580 1643; baseline 0.009 -24"><span class='ocrx_word' id='word_1_589' title='bbox 1984 1565 2051 1638; x_wconf 86' lang='lat' dir='ltr'><strong>(ll</strong></span> <span class='ocrx_word' id='word_1_590' title='bbox 2080 1565 2209 1639; x_wconf 75' lang='lat' dir='ltr'><strong>Reg.</strong></span> <span class='ocrx_word' id='word_1_591' title='bbox 2258 1569 2345 1625; x_wconf 83' lang='lat' dir='ltr'><strong>l6.</strong></span> <span class='ocrx_word' id='word_1_592' title='bbox 2398 1572 2474 1641; x_wconf 85' lang='lat'><strong>7).</strong></span> <span class='ocrx_word' id='word_1_593' title='bbox 2520 1574 2695 1638; x_wconf 83' lang='lat' dir='ltr'><strong>Quare</strong></span> <span class='ocrx_word' id='word_1_594' title='bbox 2745 1574 2834 1643; x_wconf 91' lang='lat' dir='ltr'><strong>qui</strong></span> <span class='ocrx_word' id='word_1_595' title='bbox 2885 1574 2938 1628; x_wconf 90' lang='lat' dir='ltr'><strong>in</strong></span> <span class='ocrx_word' id='word_1_596' title='bbox 2992 1575 3143 1630; x_wconf 87' lang='lat' dir='ltr'><strong>omni</strong></span> <span class='ocrx_word' id='word_1_597' title='bbox 3197 1593 3255 1631; x_wconf 88' lang='lat' dir='ltr'><strong>re</strong></span> <span class='ocrx_word' id='word_1_598' title='bbox 3305 1562 3580 1633; x_wconf 77' lang='lat' dir='ltr'><strong>imitantur</strong></span> 
     </span>
    </p>
   </div>
   <div class='ocr_carea' id='block_1_75' title="bbox 1985 1658 3580 1733">
    <p class='ocr_par' dir='ltr' id='par_1_75' title="bbox 1985 1658 3580 1733">
     <span class='ocr_line' id='line_1_75' title="bbox 1985 1658 3580 1733; baseline 0.006 -19"><span class='ocrx_word' id='word_1_599' title='bbox 1985 1658 2173 1726; x_wconf 88' lang='lat' dir='ltr'><strong>Deum,</strong></span> <span class='ocrx_word' id='word_1_600' title='bbox 2205 1662 2461 1717; x_wconf 86' lang='lat' dir='ltr'><strong>interiora</strong></span> <span class='ocrx_word' id='word_1_601' title='bbox 2493 1675 2921 1733; x_wconf 85' lang='lat' dir='ltr'><strong>perscrutantur.</strong></span> <span class='ocrx_word' id='word_1_602' title='bbox 2951 1666 3103 1722; x_wconf 87' lang='lat' dir='ltr'><strong>Unde</strong></span> <span class='ocrx_word' id='word_1_603' title='bbox 3125 1684 3207 1724; x_wconf 86' lang='lat' dir='ltr'><strong>me</strong></span> <span class='ocrx_word' id='word_1_604' title='bbox 3233 1669 3325 1724; x_wconf 88' lang='lat' dir='ltr'><strong>tibi</strong></span> <span class='ocrx_word' id='word_1_605' title='bbox 3352 1669 3580 1724; x_wconf 81' lang='lat' dir='ltr'><strong>libenter</strong></span> 
     </span>
    </p>
   </div>
   <div class='ocr_carea' id='block_1_76' title="bbox 1982 1754 3578 1828">
    <p class='ocr_par' dir='ltr' id='par_1_76' title="bbox 1982 1754 3578 1828">
     <span class='ocr_line' id='line_1_76' title="bbox 1982 1754 3578 1828; baseline 0.004 -22"><span class='ocrx_word' id='word_1_606' title='bbox 1982 1754 2254 1821; x_wconf 86' lang='lat' dir='ltr'><strong>permitto,</strong></span> <span class='ocrx_word' id='word_1_607' title='bbox 2296 1756 2383 1823; x_wconf 88' lang='lat' dir='ltr'><strong>qui</strong></span> <span class='ocrx_word' id='word_1_608' title='bbox 2414 1755 2668 1810; x_wconf 87' lang='lat' dir='ltr'><strong>trutinam</strong></span> <span class='ocrx_word' id='word_1_609' title='bbox 2701 1766 2844 1811; x_wconf 87' lang='lat' dir='ltr'><strong>tuam</strong></span> <span class='ocrx_word' id='word_1_610' title='bbox 2876 1758 2926 1812; x_wconf 93' lang='lat' dir='ltr'><strong>in</strong></span> <span class='ocrx_word' id='word_1_611' title='bbox 2973 1767 3217 1815; x_wconf 84' lang='lat' dir='ltr'><strong>neutram</strong></span> <span class='ocrx_word' id='word_1_612' title='bbox 3258 1770 3466 1828; x_wconf 84' lang='lat' dir='ltr'><strong>partem</strong></span> <span class='ocrx_word' id='word_1_613' title='bbox 3498 1763 3578 1813; x_wconf 88' lang='lat' dir='ltr'><strong>in-</strong></span> 
     </span>
    </p>
   </div>
   <div class='ocr_carea' id='block_1_77' title="bbox 1981 1843 3572 1920">
    <p class='ocr_par' dir='ltr' id='par_1_77' title="bbox 1981 1843 3572 1920">
     <span class='ocr_line' id='line_1_77' title="bbox 1981 1843 3572 1920; baseline 0.004 -24"><span class='ocrx_word' id='word_1_614' title='bbox 1981 1843 2179 1898; x_wconf 83' lang='lat' dir='ltr'><strong>clinare</strong></span> <span class='ocrx_word' id='word_1_615' title='bbox 2203 1845 2614 1914; x_wconf 80' lang='lat' dir='ltr'><strong>exploraverim.</strong></span> <span class='ocrx_word' id='word_1_616' title='bbox 2663 1846 2940 1920; x_wconf 85' lang='lat' dir='ltr'><strong>Babylonii</strong></span> <span class='ocrx_word' id='word_1_617' title='bbox 2969 1863 3120 1912; x_wconf 88' lang='lat' dir='ltr'><strong>vero,</strong></span> <span class='ocrx_word' id='word_1_618' title='bbox 3166 1864 3325 1906; x_wconf 87' lang='lat' dir='ltr'><strong>senes</strong></span> <span class='ocrx_word' id='word_1_619' title='bbox 3356 1850 3572 1919; x_wconf 76' lang='lat' dir='ltr'><strong>quidem</strong></span> 
     </span>
    </p>
   </div>
   <div class='ocr_carea' id='block_1_78' title="bbox 1981 1935 3570 2008">
    <p class='ocr_par' dir='ltr' id='par_1_78' title="bbox 1981 1935 3570 2008">
     <span class='ocr_line' id='line_1_78' title="bbox 1981 1935 3570 2008; baseline 0.005 -22"><span class='ocrx_word' id='word_1_620' title='bbox 1981 1946 2228 2001; x_wconf 83' lang='lat' dir='ltr'><strong>corpore,</strong></span> <span class='ocrx_word' id='word_1_621' title='bbox 2243 1935 2423 1988; x_wconf 91' lang='lat' dir='ltr'><strong>animo</strong></span> <span class='ocrx_word' id='word_1_622' title='bbox 2444 1944 2622 1990; x_wconf 88' lang='lat' dir='ltr'><strong>autem</strong></span> <span class='ocrx_word' id='word_1_623' title='bbox 2641 1937 2710 1991; x_wconf 92' lang='lat' dir='ltr'><strong>ob</strong></span> <span class='ocrx_word' id='word_1_624' title='bbox 2724 1947 2993 2008; x_wconf 88' lang='lat' dir='ltr'><strong>stuporem</strong></span> <span class='ocrx_word' id='word_1_625' title='bbox 3018 1940 3303 1995; x_wconf 88' lang='lat' dir='ltr'><strong>admodum</strong></span> <span class='ocrx_word' id='word_1_626' title='bbox 3321 1940 3570 2005; x_wconf 71' lang='lat' dir='ltr'><strong>infantes,</strong></span> 
     </span>
    </p>
   </div>
   <div class='ocr_carea' id='block_1_79' title="bbox 1980 2024 3571 2100">
    <p class='ocr_par' dir='ltr' id='par_1_79' title="bbox 1980 2024 3571 2100">
     <span class='ocr_line' id='line_1_79' title="bbox 1980 2024 3571 2100; baseline 0.004 -21"><span class='ocrx_word' id='word_1_627' title='bbox 1980 2024 2025 2079; x_wconf 88' lang='lat' dir='ltr'><strong>si</strong></span> <span class='ocrx_word' id='word_1_628' title='bbox 2045 2033 2375 2079; x_wconf 86' lang='lat' dir='ltr'><strong>mortuorum</strong></span> <span class='ocrx_word' id='word_1_629' title='bbox 2399 2028 2777 2085; x_wconf 86' lang='lat' dir='ltr'><strong>resurrectioni</strong></span> <span class='ocrx_word' id='word_1_630' title='bbox 2795 2028 3170 2096; x_wconf 85' lang='lat' dir='ltr'><strong>credidissent,</strong></span> <span class='ocrx_word' id='word_1_631' title='bbox 3195 2031 3340 2098; x_wconf 87' lang='lat' dir='ltr'><strong>prius</strong></span> <span class='ocrx_word' id='word_1_632' title='bbox 3354 2032 3571 2100; x_wconf 80' lang='lat' dir='ltr'><strong>quidem</strong></span> 
     </span>
    </p>
   </div>
   <div class='ocr_carea' id='block_1_80' title="bbox 1982 2113 3574 2187">
    <p class='ocr_par' dir='ltr' id='par_1_80' title="bbox 1982 2113 3574 2187">
     <span class='ocr_line' id='line_1_80' title="bbox 1982 2113 3574 2187; baseline 0.002 -19"><span class='ocrx_word' id='word_1_633' title='bbox 1982 2113 2291 2171; x_wconf 82' lang='lat' dir='ltr'><strong>habuissent</strong></span> <span class='ocrx_word' id='word_1_634' title='bbox 2335 2131 2520 2171; x_wconf 86' lang='lat' dir='ltr'><strong>sanam</strong></span> <span class='ocrx_word' id='word_1_635' title='bbox 2550 2118 2889 2186; x_wconf 72' lang='lat' dir='ltr'><strong>sapientiora,</strong></span> <span class='ocrx_word' id='word_1_636' title='bbox 2933 2133 3033 2174; x_wconf 88' lang='lat' dir='ltr'><strong>nec</strong></span> <span class='ocrx_word' id='word_1_637' title='bbox 3074 2118 3433 2187; x_wconf 85' lang='lat' dir='ltr'><strong>deperiissent</strong></span> <span class='ocrx_word' id='word_1_638' title='bbox 3469 2122 3574 2175; x_wconf 78' lang='lat' dir='ltr'><strong>Su-</strong></span> 
     </span>
    </p>
   </div>
   <div class='ocr_carea' id='block_1_81' title="bbox 1981 2207 3572 2276">
    <p class='ocr_par' dir='ltr' id='par_1_81' title="bbox 1981 2207 3572 2276">
     <span class='ocr_line' id='line_1_81' title="bbox 1981 2207 3572 2276; baseline 0.001 -14"><span class='ocrx_word' id='word_1_639' title='bbox 1981 2221 2201 2262; x_wconf 86' lang='lat' dir='ltr'><strong>sannam</strong></span> <span class='ocrx_word' id='word_1_640' title='bbox 2254 2207 2475 2264; x_wconf 88' lang='lat' dir='ltr'><strong>alterius</strong></span> <span class='ocrx_word' id='word_1_641' title='bbox 2508 2224 2728 2265; x_wconf 77' lang='lat' dir='ltr'><strong>uxorem</strong></span> <span class='ocrx_word' id='word_1_642' title='bbox 2764 2226 2777 2262; x_wconf 90' lang='lat'><strong>:</strong></span> <span class='ocrx_word' id='word_1_643' title='bbox 2813 2209 3041 2276; x_wconf 86' lang='lat' dir='ltr'><strong>deinde,</strong></span> <span class='ocrx_word' id='word_1_644' title='bbox 3091 2211 3136 2267; x_wconf 89' lang='lat' dir='ltr'><strong>si</strong></span> <span class='ocrx_word' id='word_1_645' title='bbox 3184 2211 3273 2266; x_wconf 86' lang='lat' dir='ltr'><strong>Dei</strong></span> <span class='ocrx_word' id='word_1_646' title='bbox 3325 2212 3572 2266; x_wconf 69' lang='lat' dir='ltr'><strong>timor-tun</strong></span> 
     </span>
    </p>
   </div>
   <div class='ocr_carea' id='block_1_82' title="bbox 1983 2299 3573 2373">
    <p class='ocr_par' dir='ltr' id='par_1_82' title="bbox 1983 2299 3573 2373">
     <span class='ocr_line' id='line_1_82' title="bbox 1983 2299 3573 2373; baseline 0.002 -20"><span class='ocrx_word' id='word_1_647' title='bbox 1983 2299 2325 2364; x_wconf 88' lang='lat' dir='ltr'><strong>habuissent,</strong></span> <span class='ocrx_word' id='word_1_648' title='bbox 2373 2299 2721 2371; x_wconf 73' lang='lat' dir='ltr'><strong>impudicitia:</strong></span> <span class='ocrx_word' id='word_1_649' title='bbox 2776 2317 2891 2357; x_wconf 65' lang='lat' dir='ltr'><strong>sure</strong></span> <span class='ocrx_word' id='word_1_650' title='bbox 2927 2318 3213 2373; x_wconf 83' lang='lat' dir='ltr'><strong>numquam</strong></span> <span class='ocrx_word' id='word_1_651' title='bbox 3253 2303 3573 2358; x_wconf 82' lang='lat' dir='ltr'><strong>calumniam</strong></span> 
     </span>
    </p>
   </div>
   <div class='ocr_carea' id='block_1_83' title="bbox 1979 2389 3574 2463">
    <p class='ocr_par' dir='ltr' id='par_1_83' title="bbox 1979 2389 3574 2463">
     <span class='ocr_line' id='line_1_83' title="bbox 1979 2389 3574 2463; baseline 0.004 -22"><span class='ocrx_word' id='word_1_652' title='bbox 1979 2389 2365 2459; x_wconf 79' lang='lat' dir='ltr'><strong>adjunxissent.</strong></span> <span class='ocrx_word' id='word_1_653' title='bbox 2399 2389 2634 2448; x_wconf 76' lang='lat' dir='ltr'><strong>infamia:</strong></span> <span class='ocrx_word' id='word_1_654' title='bbox 2663 2392 2714 2447; x_wconf 92' lang='lat' dir='ltr'><strong>in</strong></span> <span class='ocrx_word' id='word_1_655' title='bbox 2744 2406 2873 2449; x_wconf 83' lang='lat' dir='ltr'><strong>sene</strong></span> <span class='ocrx_word' id='word_1_656' title='bbox 2904 2390 3160 2451; x_wconf 76' lang='lat' dir='ltr'><strong>fhdicimn</strong></span> <span class='ocrx_word' id='word_1_657' title='bbox 3191 2402 3290 2458; x_wconf 84' lang='lat' dir='ltr'><strong>est,</strong></span> <span class='ocrx_word' id='word_1_658' title='bbox 3324 2393 3574 2463; x_wconf 78' lang='lat' dir='ltr'><strong>juvenilis</strong></span> 
     </span>
    </p>
   </div>
   <div class='ocr_carea' id='block_1_84' title="bbox 1983 2479 2483 2551">
    <p class='ocr_par' dir='ltr' id='par_1_84' title="bbox 1983 2479 2483 2551">
     <span class='ocr_line' id='line_1_84' title="bbox 1983 2479 2483 2551; baseline 0.004 -20"><span class='ocrx_word' id='word_1_659' title='bbox 1983 2479 2165 2534; x_wconf 66' lang='lat' dir='ltr'><strong>formae</strong></span> <span class='ocrx_word' id='word_1_660' title='bbox 2191 2481 2483 2551; x_wconf 86' lang='lat' dir='ltr'><strong>corruptio.</strong></span> 
     </span>
    </p>
   </div>
   <div class='ocr_carea' id='block_1_85' title="bbox 2051 2570 3572 2643">
    <p class='ocr_par' dir='ltr' id='par_1_85' title="bbox 2051 2570 3572 2643">
     <span class='ocr_line' id='line_1_85' title="bbox 2051 2570 3572 2643; baseline 0.004 -17"><span class='ocrx_word' id='word_1_661' title='bbox 2051 2570 2177 2626; x_wconf 72' lang='lat' dir='ltr'><strong>CAP.</strong></span> <span class='ocrx_word' id='word_1_662' title='bbox 2198 2586 2248 2625; x_wconf 91' lang='lat' dir='ltr'><strong>v.</strong></span> <span class='ocrx_word' id='word_1_663' title='bbox 2265 2601 2336 2613; x_wconf 92' lang='lat'><strong>——</strong></span> <span class='ocrx_word' id='word_1_664' title='bbox 2348 2571 2583 2627; x_wconf 80' lang='lat' dir='ltr'><strong>Joannes</strong></span> <span class='ocrx_word' id='word_1_665' title='bbox 2601 2572 2688 2629; x_wconf 88' lang='lat' dir='ltr'><strong>ille</strong></span> <span class='ocrx_word' id='word_1_666' title='bbox 2703 2587 2901 2643; x_wconf 86' lang='lat' dir='ltr'><strong>genere</strong></span> <span class='ocrx_word' id='word_1_667' title='bbox 2912 2573 3128 2643; x_wconf 84' lang='lat' dir='ltr'><strong>quidem</strong></span> <span class='ocrx_word' id='word_1_668' title='bbox 3145 2584 3260 2629; x_wconf 87' lang='lat' dir='ltr'><strong>erat</strong></span> <span class='ocrx_word' id='word_1_669' title='bbox 3277 2576 3538 2632; x_wconf 87' lang='lat' dir='ltr'><strong>Antioche</strong></span> <span class='ocrx_word' id='word_1_670' title='bbox 3552 2606 3572 2616; x_wconf 93' lang='lat'><strong>-</strong></span> 
     </span>
    </p>
   </div>
   <div class='ocr_carea' id='block_1_86' title="bbox 1981 2660 3573 2735">
    <p class='ocr_par' dir='ltr' id='par_1_86' title="bbox 1981 2660 3573 2735">
     <span class='ocr_line' id='line_1_86' title="bbox 1981 2660 3573 2735; baseline 0.003 -20"><span class='ocrx_word' id='word_1_671' title='bbox 1981 2676 2082 2715; x_wconf 84' lang='lat' dir='ltr'><strong>nus</strong></span> <span class='ocrx_word' id='word_1_672' title='bbox 2113 2660 2378 2732; x_wconf 88' lang='lat' dir='ltr'><strong>(mortuus</strong></span> <span class='ocrx_word' id='word_1_673' title='bbox 2403 2663 2546 2718; x_wconf 91' lang='lat' dir='ltr'><strong>enim</strong></span> <span class='ocrx_word' id='word_1_674' title='bbox 2573 2662 2699 2734; x_wconf 89' lang='lat' dir='ltr'><strong>est),</strong></span> <span class='ocrx_word' id='word_1_675' title='bbox 2731 2673 2889 2718; x_wconf 89' lang='lat' dir='ltr'><strong>natus</strong></span> <span class='ocrx_word' id='word_1_676' title='bbox 2910 2678 2944 2718; x_wconf 89' lang='lat' dir='ltr'><strong>e</strong></span> <span class='ocrx_word' id='word_1_677' title='bbox 2964 2664 3292 2733; x_wconf 88' lang='lat' dir='ltr'><strong>parentibus,</strong></span> <span class='ocrx_word' id='word_1_678' title='bbox 3310 2667 3398 2735; x_wconf 91' lang='lat' dir='ltr'><strong>qui</strong></span> <span class='ocrx_word' id='word_1_679' title='bbox 3421 2668 3573 2720; x_wconf 85' lang='lat' dir='ltr'><strong>nobi-</strong></span> 
     </span>
    </p>
   </div>
   <div class='ocr_carea' id='block_1_87' title="bbox 1981 2753 3571 2827">
    <p class='ocr_par' dir='ltr' id='par_1_87' title="bbox 1981 2753 3571 2827">
     <span class='ocr_line' id='line_1_87' title="bbox 1981 2753 3571 2827; baseline 0.002 -20"><span class='ocrx_word' id='word_1_680' title='bbox 1981 2753 2103 2807; x_wconf 89' lang='lat' dir='ltr'><strong>liter</strong></span> <span class='ocrx_word' id='word_1_681' title='bbox 2119 2754 2367 2809; x_wconf 83' lang='lat' dir='ltr'><strong>vixerunt</strong></span> <span class='ocrx_word' id='word_1_682' title='bbox 2385 2754 2436 2808; x_wconf 92' lang='lat' dir='ltr'><strong>in</strong></span> <span class='ocrx_word' id='word_1_683' title='bbox 2454 2753 2631 2811; x_wconf 83' lang='lat' dir='ltr'><strong>officio</strong></span> <span class='ocrx_word' id='word_1_684' title='bbox 2646 2754 2884 2827; x_wconf 81' lang='lat' dir='ltr'><strong>magistri</strong></span> <span class='ocrx_word' id='word_1_685' title='bbox 2906 2755 3133 2809; x_wconf 89' lang='lat' dir='ltr'><strong>militum</strong></span> <span class='ocrx_word' id='word_1_686' title='bbox 3154 2755 3344 2827; x_wconf 66' lang='lat' dir='ltr'><strong>Syriae,</strong></span> <span class='ocrx_word' id='word_1_687' title='bbox 3362 2757 3499 2827; x_wconf 88' lang='lat' dir='ltr'><strong>patri</strong></span> <span class='ocrx_word' id='word_1_688' title='bbox 3522 2759 3571 2812; x_wconf 89' lang='lat' dir='ltr'><strong>in</strong></span> 
     </span>
    </p>
   </div>
   <div class='ocr_carea' id='block_1_88' title="bbox 1981 2843 3575 2916">
    <p class='ocr_par' dir='ltr' id='par_1_88' title="bbox 1981 2843 3575 2916">
     <span class='ocr_line' id='line_1_88' title="bbox 1981 2843 3575 2916; baseline 0.002 -18"><span class='ocrx_word' id='word_1_689' title='bbox 1981 2845 2150 2898; x_wconf 88' lang='lat' dir='ltr'><strong>lucem</strong></span> <span class='ocrx_word' id='word_1_690' title='bbox 2175 2845 2350 2899; x_wconf 87' lang='lat' dir='ltr'><strong>editus</strong></span> <span class='ocrx_word' id='word_1_691' title='bbox 2387 2855 2511 2916; x_wconf 88' lang='lat' dir='ltr'><strong>post</strong></span> <span class='ocrx_word' id='word_1_692' title='bbox 2530 2859 2795 2901; x_wconf 88' lang='lat' dir='ltr'><strong>sororem.</strong></span> <span class='ocrx_word' id='word_1_693' title='bbox 2827 2843 2961 2900; x_wconf 88' lang='lat' dir='ltr'><strong>Cum</strong></span> <span class='ocrx_word' id='word_1_694' title='bbox 2987 2857 3167 2901; x_wconf 88' lang='lat' dir='ltr'><strong>autem</strong></span> <span class='ocrx_word' id='word_1_695' title='bbox 3192 2855 3337 2904; x_wconf 87' lang='lat' dir='ltr'><strong>esset</strong></span> <span class='ocrx_word' id='word_1_696' title='bbox 3362 2848 3575 2916; x_wconf 78' lang='lat' dir='ltr'><strong>ingenio</strong></span> 
     </span>
    </p>
   </div>
   <div class='ocr_carea' id='block_1_89' title="bbox 1978 2934 3569 2999">
    <p class='ocr_par' dir='ltr' id='par_1_89' title="bbox 1978 2934 3569 2999">
     <span class='ocr_line' id='line_1_89' title="bbox 1978 2934 3569 2999; baseline 0.001 -9"><span class='ocrx_word' id='word_1_697' title='bbox 1978 2935 2280 2999; x_wconf 86' lang='lat' dir='ltr'><strong>solertiori,</strong></span> <span class='ocrx_word' id='word_1_698' title='bbox 2312 2950 2434 2991; x_wconf 87' lang='lat' dir='ltr'><strong>sese</strong></span> <span class='ocrx_word' id='word_1_699' title='bbox 2459 2935 2512 2990; x_wconf 91' lang='lat' dir='ltr'><strong>in</strong></span> <span class='ocrx_word' id='word_1_700' title='bbox 2557 2934 2830 2991; x_wconf 87' lang='lat' dir='ltr'><strong>literarum</strong></span> <span class='ocrx_word' id='word_1_701' title='bbox 2862 2935 3041 2992; x_wconf 91' lang='lat' dir='ltr'><strong>studio</strong></span> <span class='ocrx_word' id='word_1_702' title='bbox 3086 2937 3333 2993; x_wconf 79' lang='lat' dir='ltr'><strong>exercuit</strong></span> <span class='ocrx_word' id='word_1_703' title='bbox 3381 2939 3447 2991; x_wconf 88' lang='lat' dir='ltr'><strong>ad</strong></span> <span class='ocrx_word' id='word_1_704' title='bbox 3478 2953 3569 2992; x_wconf 89' lang='lat' dir='ltr'><strong>sa-</strong></span> 
     </span>
    </p>
   </div>
   <div class='ocr_carea' id='block_1_90' title="bbox 1979 3023 3573 3096">
    <p class='ocr_par' dir='ltr' id='par_1_90' title="bbox 1979 3023 3573 3096">
     <span class='ocr_line' id='line_1_90' title="bbox 1979 3023 3573 3096; baseline 0.001 -14"><span class='ocrx_word' id='word_1_705' title='bbox 1979 3041 2193 3082; x_wconf 89' lang='lat' dir='ltr'><strong>crarum</strong></span> <span class='ocrx_word' id='word_1_706' title='bbox 2249 3025 2653 3096; x_wconf 88' lang='lat' dir='ltr'><strong>Scripturarum</strong></span> <span class='ocrx_word' id='word_1_707' title='bbox 2699 3028 3079 3085; x_wconf 85' lang='lat' dir='ltr'><strong>ministerium.</strong></span> <span class='ocrx_word' id='word_1_708' title='bbox 3112 3023 3245 3087; x_wconf 42' lang='lat' dir='ltr'><strong>lli’nc</strong></span> <span class='ocrx_word' id='word_1_709' title='bbox 3291 3029 3475 3087; x_wconf 79' lang='lat' dir='ltr'><strong>decem</strong></span> <span class='ocrx_word' id='word_1_710' title='bbox 3517 3038 3573 3083; x_wconf 77' lang='lat' dir='ltr'><strong>et</strong></span> 
     </span>
    </p>
   </div>
   <div class='ocr_carea' id='block_1_91' title="bbox 1980 3117 3568 3190">
    <p class='ocr_par' dir='ltr' id='par_1_91' title="bbox 1980 3117 3568 3190">
     <span class='ocr_line' id='line_1_91' title="bbox 1980 3117 3568 3190; baseline 0.001 -17"><span class='ocrx_word' id='word_1_711' title='bbox 1980 3127 2103 3173; x_wconf 90' lang='lat' dir='ltr'><strong>octo</strong></span> <span class='ocrx_word' id='word_1_712' title='bbox 2128 3131 2298 3179; x_wconf 89' lang='lat' dir='ltr'><strong>annos</strong></span> <span class='ocrx_word' id='word_1_713' title='bbox 2325 3126 2511 3182; x_wconf 85' lang='lat' dir='ltr'><strong>natus,</strong></span> <span class='ocrx_word' id='word_1_714' title='bbox 2557 3132 2589 3172; x_wconf 92' lang='lat' dir='ltr'><strong>a</strong></span> <span class='ocrx_word' id='word_1_715' title='bbox 2629 3117 2906 3187; x_wconf 67' lang='lat' dir='ltr'><strong>sophistas,</strong></span> <span class='ocrx_word' id='word_1_716' title='bbox 2937 3118 3026 3188; x_wconf 85' lang='lat' dir='ltr'><strong>qui</strong></span> <span class='ocrx_word' id='word_1_717' title='bbox 3054 3120 3276 3175; x_wconf 87' lang='lat' dir='ltr'><strong>voculas</strong></span> <span class='ocrx_word' id='word_1_718' title='bbox 3313 3130 3568 3190; x_wconf 75' lang='lat' dir='ltr'><strong>captant,</strong></span> 
     </span>
    </p>
   </div>
   <div class='ocr_carea' id='block_1_92' title="bbox 1981 3206 3570 3280">
    <p class='ocr_par' dir='ltr' id='par_1_92' title="bbox 1981 3206 3570 3280">
     <span class='ocr_line' id='line_1_92' title="bbox 1981 3206 3570 3280; baseline 0.001 -19"><span class='ocrx_word' id='word_1_719' title='bbox 1981 3206 2203 3263; x_wconf 82' lang='lat' dir='ltr'><strong>descivit</strong></span> <span class='ocrx_word' id='word_1_720' title='bbox 2235 3225 2249 3261; x_wconf 90' lang='lat'><strong>:</strong></span> <span class='ocrx_word' id='word_1_721' title='bbox 2279 3208 2366 3263; x_wconf 90' lang='lat' dir='ltr'><strong>ubi</strong></span> <span class='ocrx_word' id='word_1_722' title='bbox 2417 3224 2545 3263; x_wconf 85' lang='lat' dir='ltr'><strong>vero</strong></span> <span class='ocrx_word' id='word_1_723' title='bbox 2592 3217 2772 3264; x_wconf 85' lang='lat' dir='ltr'><strong>mente</strong></span> <span class='ocrx_word' id='word_1_724' title='bbox 2800 3208 2937 3263; x_wconf 85' lang='lat' dir='ltr'><strong>virili</strong></span> <span class='ocrx_word' id='word_1_725' title='bbox 2969 3207 3104 3273; x_wconf 85' lang='lat' dir='ltr'><strong>fuit,</strong></span> <span class='ocrx_word' id='word_1_726' title='bbox 3151 3224 3339 3269; x_wconf 85' lang='lat' dir='ltr'><strong>amore</strong></span> <span class='ocrx_word' id='word_1_727' title='bbox 3381 3221 3570 3280; x_wconf 80' lang='lat' dir='ltr'><strong>captus</strong></span> 
     </span>
    </p>
   </div>
   <div class='ocr_carea' id='block_1_93' title="bbox 1985 3297 3557 3368">
    <p class='ocr_par' dir='ltr' id='par_1_93' title="bbox 1985 3297 3557 3368">
     <span class='ocr_line' id='line_1_93' title="bbox 1985 3297 3557 3368; baseline -0.001 -15"><span class='ocrx_word' id='word_1_728' title='bbox 1985 3305 2070 3353; x_wconf 82' lang='lat' dir='ltr'><strong>est</strong></span> <span class='ocrx_word' id='word_1_729' title='bbox 2108 3311 2379 3353; x_wconf 81' lang='lat' dir='ltr'><strong>sacrarum</strong></span> <span class='ocrx_word' id='word_1_730' title='bbox 2418 3297 2738 3355; x_wconf 85' lang='lat' dir='ltr'><strong>Literarum.</strong></span> <span class='ocrx_word' id='word_1_731' title='bbox 2768 3298 3001 3353; x_wconf 77' lang='lat' dir='ltr'><strong>Praeerat</strong></span> <span class='ocrx_word' id='word_1_732' title='bbox 3025 3306 3150 3355; x_wconf 80' lang='lat' dir='ltr'><strong>tunc</strong></span> <span class='ocrx_word' id='word_1_733' title='bbox 3181 3301 3437 3368; x_wconf 86' lang='lat' dir='ltr'><strong>temporis</strong></span> <span class='ocrx_word' id='word_1_734' title='bbox 3457 3304 3557 3353; x_wconf 79' lang='lat' dir='ltr'><strong>An-</strong></span> 
     </span>
    </p>
   </div>
   <div class='ocr_carea' id='block_1_94' title="bbox 1983 3386 3564 3460">
    <p class='ocr_par' dir='ltr' id='par_1_94' title="bbox 1983 3386 3564 3460">
     <span class='ocr_line' id='line_1_94' title="bbox 1983 3386 3564 3460; baseline 0.003 -18"><span class='ocrx_word' id='word_1_735' title='bbox 1983 3386 2243 3444; x_wconf 71' lang='lat' dir='ltr'><strong>tiocheam</strong></span> <span class='ocrx_word' id='word_1_736' title='bbox 2271 3388 2524 3444; x_wconf 78' lang='lat' dir='ltr'><strong>Ecclesia:</strong></span> <span class='ocrx_word' id='word_1_737' title='bbox 2549 3388 2737 3444; x_wconf 86' lang='lat' dir='ltr'><strong>beatus</strong></span> <span class='ocrx_word' id='word_1_738' title='bbox 2760 3389 3002 3445; x_wconf 80' lang='lat' dir='ltr'><strong>Meletius</strong></span> <span class='ocrx_word' id='word_1_739' title='bbox 3028 3388 3334 3451; x_wconf 75' lang='lat' dir='ltr'><strong>Confessor.</strong></span> <span class='ocrx_word' id='word_1_740' title='bbox 3367 3406 3564 3460; x_wconf 84' lang='lat' dir='ltr'><strong>genere</strong></span> 
     </span>
    </p>
   </div>
   <div class='ocr_carea' id='block_1_95' title="bbox 1987 3477 3568 3549">
    <p class='ocr_par' dir='ltr' id='par_1_95' title="bbox 1987 3477 3568 3549">
     <span class='ocr_line' id='line_1_95' title="bbox 1987 3477 3568 3549; baseline 0.001 -16"><span class='ocrx_word' id='word_1_741' title='bbox 1987 3477 2279 3533; x_wconf 84' lang='lat' dir='ltr'><strong>Armenius</strong></span> <span class='ocrx_word' id='word_1_742' title='bbox 2314 3496 2329 3532; x_wconf 88' lang='lat'><strong>:</strong></span> <span class='ocrx_word' id='word_1_743' title='bbox 2359 3478 2451 3548; x_wconf 85' lang='lat' dir='ltr'><strong>qui</strong></span> <span class='ocrx_word' id='word_1_744' title='bbox 2479 3479 2914 3535; x_wconf 83' lang='lat' dir='ltr'><strong>animadvertens</strong></span> <span class='ocrx_word' id='word_1_745' title='bbox 2929 3479 3139 3549; x_wconf 79' lang='lat' dir='ltr'><strong>juvenis</strong></span> <span class='ocrx_word' id='word_1_746' title='bbox 3161 3480 3305 3535; x_wconf 89' lang='lat' dir='ltr'><strong>illius</strong></span> <span class='ocrx_word' id='word_1_747' title='bbox 3336 3480 3461 3535; x_wconf 83' lang='lat' dir='ltr'><strong>felix</strong></span> <span class='ocrx_word' id='word_1_748' title='bbox 3487 3482 3568 3535; x_wconf 86' lang='lat' dir='ltr'><strong>in-</strong></span> 
     </span>
    </p>
   </div>
   <div class='ocr_carea' id='block_1_96' title="bbox 1979 3570 3571 3641">
    <p class='ocr_par' dir='ltr' id='par_1_96' title="bbox 1979 3570 3571 3641">
     <span class='ocr_line' id='line_1_96' title="bbox 1979 3570 3571 3641; baseline 0.003 -17"><span class='ocrx_word' id='word_1_749' title='bbox 1979 3570 2227 3641; x_wconf 82' lang='lat' dir='ltr'><strong>genium,</strong></span> <span class='ocrx_word' id='word_1_750' title='bbox 2263 3578 2317 3624; x_wconf 88' lang='lat' dir='ltr'><strong>et</strong></span> <span class='ocrx_word' id='word_1_751' title='bbox 2345 3570 2745 3639; x_wconf 87' lang='lat' dir='ltr'><strong>pulchritudine</strong></span> <span class='ocrx_word' id='word_1_752' title='bbox 2776 3572 2971 3627; x_wconf 88' lang='lat' dir='ltr'><strong>mentis</strong></span> <span class='ocrx_word' id='word_1_753' title='bbox 3017 3572 3160 3629; x_wconf 85' lang='lat' dir='ltr'><strong>illius</strong></span> <span class='ocrx_word' id='word_1_754' title='bbox 3200 3582 3418 3641; x_wconf 84' lang='lat' dir='ltr'><strong>captus,</strong></span> <span class='ocrx_word' id='word_1_755' title='bbox 3448 3589 3571 3641; x_wconf 78' lang='lat' dir='ltr'><strong>prr-</strong></span> 
     </span>
    </p>
   </div>
   <div class='ocr_carea' id='block_1_97' title="bbox 1983 3659 3572 3732">
    <p class='ocr_par' dir='ltr' id='par_1_97' title="bbox 1983 3659 3572 3732">
     <span class='ocr_line' id='line_1_97' title="bbox 1983 3659 3572 3732; baseline 0.003 -19"><span class='ocrx_word' id='word_1_756' title='bbox 1983 3659 2229 3717; x_wconf 87' lang='lat' dir='ltr'><strong>mittcbat</strong></span> <span class='ocrx_word' id='word_1_757' title='bbox 2257 3660 2307 3714; x_wconf 91' lang='lat' dir='ltr'><strong>ci</strong></span> <span class='ocrx_word' id='word_1_758' title='bbox 2339 3670 2397 3715; x_wconf 89' lang='lat' dir='ltr'><strong>ut</strong></span> <span class='ocrx_word' id='word_1_759' title='bbox 2429 3675 2614 3715; x_wconf 87' lang='lat' dir='ltr'><strong>secum</strong></span> <span class='ocrx_word' id='word_1_760' title='bbox 2640 3662 2854 3717; x_wconf 87' lang='lat' dir='ltr'><strong>assidue</strong></span> <span class='ocrx_word' id='word_1_761' title='bbox 2880 3675 3206 3728; x_wconf 81' lang='lat' dir='ltr'><strong>versaretur,</strong></span> <span class='ocrx_word' id='word_1_762' title='bbox 3238 3663 3438 3723; x_wconf 85' lang='lat' dir='ltr'><strong>lumine</strong></span> <span class='ocrx_word' id='word_1_763' title='bbox 3459 3679 3572 3732; x_wconf 84' lang='lat' dir='ltr'><strong>pro-</strong></span> 
     </span>
    </p>
   </div>
   <div class='ocr_carea' id='block_1_98' title="bbox 1981 3749 3571 3823">
    <p class='ocr_par' dir='ltr' id='par_1_98' title="bbox 1981 3749 3571 3823">
     <span class='ocr_line' id='line_1_98' title="bbox 1981 3749 3571 3823; baseline 0.004 -19"><span class='ocrx_word' id='word_1_764' title='bbox 1981 3749 2200 3820; x_wconf 88' lang='lat' dir='ltr'><strong>phetico</strong></span> <span class='ocrx_word' id='word_1_765' title='bbox 2229 3751 2526 3820; x_wconf 68' lang='lat' dir='ltr'><strong>praevidens</strong></span> <span class='ocrx_word' id='word_1_766' title='bbox 2548 3752 2760 3823; x_wconf 87' lang='lat' dir='ltr'><strong>juvenis</strong></span> <span class='ocrx_word' id='word_1_767' title='bbox 2793 3753 2933 3808; x_wconf 89' lang='lat' dir='ltr'><strong>illius</strong></span> <span class='ocrx_word' id='word_1_768' title='bbox 2961 3769 3292 3809; x_wconf 73' lang='lat' dir='ltr'><strong>successum.</strong></span> <span class='ocrx_word' id='word_1_769' title='bbox 3323 3753 3455 3810; x_wconf 91' lang='lat' dir='ltr'><strong>Cum</strong></span> <span class='ocrx_word' id='word_1_770' title='bbox 3479 3770 3571 3810; x_wconf 81' lang='lat' dir='ltr'><strong>ve-</strong></span> 
     </span>
    </p>
   </div>
   <div class='ocr_carea' id='block_1_99' title="bbox 1984 3841 3569 3912">
    <p class='ocr_par' dir='ltr' id='par_1_99' title="bbox 1984 3841 3569 3912">
     <span class='ocr_line' id='line_1_99' title="bbox 1984 3841 3569 3912; baseline 0.002 -18"><span class='ocrx_word' id='word_1_771' title='bbox 1984 3855 2045 3895; x_wconf 91' lang='lat' dir='ltr'><strong>ro</strong></span> <span class='ocrx_word' id='word_1_772' title='bbox 2074 3849 2183 3896; x_wconf 86' lang='lat' dir='ltr'><strong>tres</strong></span> <span class='ocrx_word' id='word_1_773' title='bbox 2207 3855 2377 3901; x_wconf 89' lang='lat' dir='ltr'><strong>annos</strong></span> <span class='ocrx_word' id='word_1_774' title='bbox 2398 3841 2610 3903; x_wconf 85' lang='lat' dir='ltr'><strong>assidue</strong></span> <span class='ocrx_word' id='word_1_775' title='bbox 2638 3842 2777 3912; x_wconf 81' lang='lat' dir='ltr'><strong>apud</strong></span> <span class='ocrx_word' id='word_1_776' title='bbox 2808 3858 2930 3897; x_wconf 87' lang='lat' dir='ltr'><strong>eum</strong></span> <span class='ocrx_word' id='word_1_777' title='bbox 2957 3845 3245 3901; x_wconf 83' lang='lat' dir='ltr'><strong>mansisset</strong></span> <span class='ocrx_word' id='word_1_778' title='bbox 3265 3886 3281 3910; x_wconf 90' lang='lat'><strong>,</strong></span> <span class='ocrx_word' id='word_1_779' title='bbox 3310 3859 3467 3905; x_wconf 82' lang='lat' dir='ltr'><strong>sacro</strong></span> <span class='ocrx_word' id='word_1_780' title='bbox 3498 3850 3569 3905; x_wconf 59' lang='lat' dir='ltr'><strong>ta.</strong></span> 
     </span>
    </p>
   </div>
   <div class='ocr_carea' id='block_1_100' title="bbox 1984 3931 3565 4004">
    <p class='ocr_par' dir='ltr' id='par_1_100' title="bbox 1984 3931 3565 4004">
     <span class='ocr_line' id='line_1_100' title="bbox 1984 3931 3565 4004; baseline 0.005 -22"><span class='ocrx_word' id='word_1_781' title='bbox 1984 3945 2145 3986; x_wconf 88' lang='lat' dir='ltr'><strong>vacro</strong></span> <span class='ocrx_word' id='word_1_782' title='bbox 2177 3931 2246 3991; x_wconf 85' lang='lat' dir='ltr'><strong>ab</strong></span> <span class='ocrx_word' id='word_1_783' title='bbox 2274 3931 2465 3993; x_wconf 89' lang='lat' dir='ltr'><strong>eodem</strong></span> <span class='ocrx_word' id='word_1_784' title='bbox 2491 3932 2728 3993; x_wconf 84' lang='lat' dir='ltr'><strong>initiatus</strong></span> <span class='ocrx_word' id='word_1_785' title='bbox 2751 3975 2767 4000; x_wconf 89' lang='lat'><strong>,</strong></span> <span class='ocrx_word' id='word_1_786' title='bbox 2797 3934 2965 3989; x_wconf 85' lang='lat' dir='ltr'><strong>lector</strong></span> <span class='ocrx_word' id='word_1_787' title='bbox 2993 3946 3356 4004; x_wconf 85' lang='lat' dir='ltr'><strong>promovetur.</strong></span> <span class='ocrx_word' id='word_1_788' title='bbox 3377 3936 3565 3995; x_wconf 76' lang='lat' dir='ltr'><strong>Verum</strong></span> 
     </span>
    </p>
   </div>
   <div class='ocr_carea' id='block_1_101' title="bbox 1984 4022 3565 4093">
    <p class='ocr_par' dir='ltr' id='par_1_101' title="bbox 1984 4022 3565 4093">
     <span class='ocr_line' id='line_1_101' title="bbox 1984 4022 3565 4093; baseline 0.004 -17"><span class='ocrx_word' id='word_1_789' title='bbox 1984 4022 2291 4093; x_wconf 75' lang='lat' dir='ltr'><strong>impellente</strong></span> <span class='ocrx_word' id='word_1_790' title='bbox 2316 4038 2439 4085; x_wconf 83' lang='lat' dir='ltr'><strong>eum</strong></span> <span class='ocrx_word' id='word_1_791' title='bbox 2469 4024 2650 4081; x_wconf 85' lang='lat' dir='ltr'><strong>animo</strong></span> <span class='ocrx_word' id='word_1_792' title='bbox 2674 4067 2690 4090; x_wconf 89' lang='lat'><strong>,</strong></span> <span class='ocrx_word' id='word_1_793' title='bbox 2720 4035 2774 4078; x_wconf 84' lang='lat' dir='ltr'><strong>ut</strong></span> <span class='ocrx_word' id='word_1_794' title='bbox 2801 4033 3085 4083; x_wconf 86' lang='lat' dir='ltr'><strong>contentus</strong></span> <span class='ocrx_word' id='word_1_795' title='bbox 3105 4041 3212 4081; x_wconf 88' lang='lat' dir='ltr'><strong>non</strong></span> <span class='ocrx_word' id='word_1_796' title='bbox 3235 4034 3354 4083; x_wconf 79' lang='lat' dir='ltr'><strong>erat</strong></span> <span class='ocrx_word' id='word_1_797' title='bbox 3375 4027 3565 4081; x_wconf 68' lang='lat' dir='ltr'><strong>cis-ita-</strong></span> 
     </span>
    </p>
   </div>
   <div class='ocr_carea' id='block_1_102' title="bbox 1985 4115 3564 4186">
    <p class='ocr_par' dir='ltr' id='par_1_102' title="bbox 1985 4115 3564 4186">
     <span class='ocr_line' id='line_1_102' title="bbox 1985 4115 3564 4186; baseline 0.001 -17"><span class='ocrx_word' id='word_1_798' title='bbox 1985 4115 2050 4170; x_wconf 89' lang='lat' dir='ltr'><strong>tis</strong></span> <span class='ocrx_word' id='word_1_799' title='bbox 2095 4115 2406 4184; x_wconf 81' lang='lat' dir='ltr'><strong>laboribus,</strong></span> <span class='ocrx_word' id='word_1_800' title='bbox 2455 4117 2507 4171; x_wconf 93' lang='lat' dir='ltr'><strong>in</strong></span> <span class='ocrx_word' id='word_1_801' title='bbox 2550 4118 2746 4177; x_wconf 84' lang='lat' dir='ltr'><strong>ardore</strong></span> <span class='ocrx_word' id='word_1_802' title='bbox 2787 4117 3117 4186; x_wconf 81' lang='lat' dir='ltr'><strong>juventutis,</strong></span> <span class='ocrx_word' id='word_1_803' title='bbox 3164 4118 3375 4177; x_wconf 82' lang='lat' dir='ltr'><strong>tametsi</strong></span> <span class='ocrx_word' id='word_1_804' title='bbox 3417 4133 3564 4178; x_wconf 78' lang='lat' dir='ltr'><strong>meus</strong></span> 
     </span>
    </p>
   </div>
   <div class='ocr_carea' id='block_1_103' title="bbox 1981 4208 3560 4281">
    <p class='ocr_par' dir='ltr' id='par_1_103' title="bbox 1981 4208 3560 4281">
     <span class='ocr_line' id='line_1_103' title="bbox 1981 4208 3560 4281; baseline 0.002 -20"><span class='ocrx_word' id='word_1_805' title='bbox 1981 4221 2109 4261; x_wconf 89' lang='lat' dir='ltr'><strong>sana</strong></span> <span class='ocrx_word' id='word_1_806' title='bbox 2137 4218 2280 4262; x_wconf 88' lang='lat' dir='ltr'><strong>esset</strong></span> <span class='ocrx_word' id='word_1_807' title='bbox 2308 4249 2323 4274; x_wconf 89' lang='lat'><strong>,</strong></span> <span class='ocrx_word' id='word_1_808' title='bbox 2355 4208 2420 4263; x_wconf 88' lang='lat' dir='ltr'><strong>ad</strong></span> <span class='ocrx_word' id='word_1_809' title='bbox 2455 4208 2661 4267; x_wconf 84' lang='lat' dir='ltr'><strong>vicinos</strong></span> <span class='ocrx_word' id='word_1_810' title='bbox 2691 4218 2899 4270; x_wconf 88' lang='lat' dir='ltr'><strong>montes</strong></span> <span class='ocrx_word' id='word_1_811' title='bbox 2925 4209 3054 4267; x_wconf 88' lang='lat' dir='ltr'><strong>adit.</strong></span> <span class='ocrx_word' id='word_1_812' title='bbox 3088 4210 3182 4267; x_wconf 89' lang='lat' dir='ltr'><strong>llic</strong></span> <span class='ocrx_word' id='word_1_813' title='bbox 3219 4224 3341 4266; x_wconf 91' lang='lat' dir='ltr'><strong>cum</strong></span> <span class='ocrx_word' id='word_1_814' title='bbox 3377 4211 3428 4265; x_wconf 81' lang='lat' dir='ltr'><strong>in</strong></span> <span class='ocrx_word' id='word_1_815' title='bbox 3460 4211 3560 4281; x_wconf 78' lang='lat' dir='ltr'><strong>Sy-</strong></span> 
     </span>
    </p>
   </div>
   <div class='ocr_carea' id='block_1_104' title="bbox 1990 4297 3565 4366">
    <p class='ocr_par' dir='ltr' id='par_1_104' title="bbox 1990 4297 3565 4366">
     <span class='ocr_line' id='line_1_104' title="bbox 1990 4297 3565 4366; baseline 0.002 -16"><span class='ocrx_word' id='word_1_816' title='bbox 1990 4311 2109 4350; x_wconf 92' lang='lat' dir='ltr'><strong>rum</strong></span> <span class='ocrx_word' id='word_1_817' title='bbox 2160 4297 2444 4366; x_wconf 86' lang='lat' dir='ltr'><strong>quemdam</strong></span> <span class='ocrx_word' id='word_1_818' title='bbox 2497 4299 2772 4355; x_wconf 82' lang='lat' dir='ltr'><strong>incidisset</strong></span> <span class='ocrx_word' id='word_1_819' title='bbox 2828 4299 3182 4361; x_wconf 68' lang='lat' dir='ltr'><strong>severissima:</strong></span> <span class='ocrx_word' id='word_1_820' title='bbox 3228 4302 3565 4357; x_wconf 56' lang='lat' dir='ltr'><strong>continentia</strong></span> 
     </span>
    </p>
   </div>
   <div class='ocr_carea' id='block_1_105' title="bbox 1982 4385 3565 4457">
    <p class='ocr_par' dir='ltr' id='par_1_105' title="bbox 1982 4385 3565 4457">
     <span class='ocr_line' id='line_1_105' title="bbox 1982 4385 3565 4457; baseline 0.003 -18"><span class='ocrx_word' id='word_1_821' title='bbox 1982 4401 2166 4447; x_wconf 87' lang='lat' dir='ltr'><strong>senem</strong></span> <span class='ocrx_word' id='word_1_822' title='bbox 2196 4429 2210 4452; x_wconf 89' lang='lat'><strong>,</strong></span> <span class='ocrx_word' id='word_1_823' title='bbox 2256 4385 2473 4443; x_wconf 90' lang='lat' dir='ltr'><strong>duriora</strong></span> <span class='ocrx_word' id='word_1_824' title='bbox 2506 4387 2628 4443; x_wconf 82' lang='lat' dir='ltr'><strong>vitae</strong></span> <span class='ocrx_word' id='word_1_825' title='bbox 2675 4388 2793 4457; x_wconf 87' lang='lat' dir='ltr'><strong>ejus</strong></span> <span class='ocrx_word' id='word_1_826' title='bbox 2845 4390 3084 4445; x_wconf 86' lang='lat' dir='ltr'><strong>instituta</strong></span> <span class='ocrx_word' id='word_1_827' title='bbox 3131 4390 3368 4455; x_wconf 73' lang='lat' dir='ltr'><strong>imitatur</strong></span> <span class='ocrx_word' id='word_1_828' title='bbox 3412 4406 3565 4453; x_wconf 85' lang='lat' dir='ltr'><strong>amns</strong></span> 
     </span>
    </p>
   </div>
   <div class='ocr_carea' id='block_1_106' title="bbox 1982 4478 3563 4549">
    <p class='ocr_par' dir='ltr' id='par_1_106' title="bbox 1982 4478 3563 4549">
     <span class='ocr_line' id='line_1_106' title="bbox 1982 4478 3563 4549; baseline 0.003 -22"><span class='ocrx_word' id='word_1_829' title='bbox 1982 4485 2229 4548; x_wconf 87' lang='lat' dir='ltr'><strong>quatuor,</strong></span> <span class='ocrx_word' id='word_1_830' title='bbox 2279 4491 2414 4545; x_wconf 88' lang='lat' dir='ltr'><strong>quos</strong></span> <span class='ocrx_word' id='word_1_831' title='bbox 2459 4478 2600 4549; x_wconf 89' lang='lat' dir='ltr'><strong>apud</strong></span> <span class='ocrx_word' id='word_1_832' title='bbox 2650 4479 2821 4548; x_wconf 84' lang='lat' dir='ltr'><strong>ipsum</strong></span> <span class='ocrx_word' id='word_1_833' title='bbox 2850 4520 2866 4546; x_wconf 89' lang='lat'><strong>,</strong></span> <span class='ocrx_word' id='word_1_834' title='bbox 2916 4479 3124 4538; x_wconf 60' lang='lat' dir='ltr'><strong>luctans</strong></span> <span class='ocrx_word' id='word_1_835' title='bbox 3163 4495 3285 4543; x_wconf 85' lang='lat' dir='ltr'><strong>cum</strong></span> <span class='ocrx_word' id='word_1_836' title='bbox 3326 4483 3563 4549; x_wconf 78' lang='lat' dir='ltr'><strong>volupta-</strong></span> 
     </span>
    </p>
   </div>
   <div class='ocr_carea' id='block_1_107' title="bbox 1986 4569 3568 4639">
    <p class='ocr_par' dir='ltr' id='par_1_107' title="bbox 1986 4569 3568 4639">
     <span class='ocr_line' id='line_1_107' title="bbox 1986 4569 3568 4639; baseline 0.002 -16"><span class='ocrx_word' id='word_1_837' title='bbox 1986 4579 2094 4623; x_wconf 91' lang='lat' dir='ltr'><strong>tum</strong></span> <span class='ocrx_word' id='word_1_838' title='bbox 2125 4569 2405 4632; x_wconf 89' lang='lat' dir='ltr'><strong>cautibus,</strong></span> <span class='ocrx_word' id='word_1_839' title='bbox 2458 4569 2674 4639; x_wconf 74' lang='lat' dir='ltr'><strong>exegit:</strong></span> <span class='ocrx_word' id='word_1_840' title='bbox 2705 4583 2839 4637; x_wconf 86' lang='lat' dir='ltr'><strong>quas</strong></span> <span class='ocrx_word' id='word_1_841' title='bbox 2879 4569 2968 4624; x_wconf 92' lang='lat' dir='ltr'><strong>ubi</strong></span> <span class='ocrx_word' id='word_1_842' title='bbox 3021 4569 3264 4632; x_wconf 83' lang='lat' dir='ltr'><strong>facilius.</strong></span> <span class='ocrx_word' id='word_1_843' title='bbox 3312 4586 3418 4626; x_wconf 88' lang='lat' dir='ltr'><strong>non</strong></span> <span class='ocrx_word' id='word_1_844' title='bbox 3462 4582 3568 4627; x_wconf 85' lang='lat' dir='ltr'><strong>tam</strong></span> 
     </span>
    </p>
   </div>
   <div class='ocr_carea' id='block_1_108' title="bbox 1984 4659 3563 4730">
    <p class='ocr_par' dir='ltr' id='par_1_108' title="bbox 1984 4659 3563 4730">
     <span class='ocr_line' id='line_1_108' title="bbox 1984 4659 3563 4730; baseline 0.002 -17"><span class='ocrx_word' id='word_1_845' title='bbox 1984 4660 2164 4715; x_wconf 88' lang='lat' dir='ltr'><strong>labore</strong></span> <span class='ocrx_word' id='word_1_846' title='bbox 2190 4675 2350 4729; x_wconf 88' lang='lat' dir='ltr'><strong>quam</strong></span> <span class='ocrx_word' id='word_1_847' title='bbox 2383 4659 2604 4721; x_wconf 82' lang='lat' dir='ltr'><strong>ratione,</strong></span> <span class='ocrx_word' id='word_1_848' title='bbox 2634 4659 2903 4728; x_wconf 75' lang='lat' dir='ltr'><strong>superavit</strong></span> <span class='ocrx_word' id='word_1_849' title='bbox 2927 4700 2943 4725; x_wconf 89' lang='lat'><strong>,</strong></span> <span class='ocrx_word' id='word_1_850' title='bbox 2977 4668 3086 4717; x_wconf 82' lang='lat' dir='ltr'><strong>tum</strong></span> <span class='ocrx_word' id='word_1_851' title='bbox 3114 4661 3338 4715; x_wconf 85' lang='lat' dir='ltr'><strong>secessit</strong></span> <span class='ocrx_word' id='word_1_852' title='bbox 3367 4663 3418 4715; x_wconf 90' lang='lat' dir='ltr'><strong>in</strong></span> <span class='ocrx_word' id='word_1_853' title='bbox 3446 4674 3563 4730; x_wconf 48' lang='lat' dir='ltr'><strong>spe.</strong></span> 
     </span>
    </p>
   </div>
   <div class='ocr_carea' id='block_1_109' title="bbox 1984 4749 3545 4819">
    <p class='ocr_par' dir='ltr' id='par_1_109' title="bbox 1984 4749 3545 4819">
     <span class='ocr_line' id='line_1_109' title="bbox 1984 4749 3545 4819; baseline 0.002 -14"><span class='ocrx_word' id='word_1_854' title='bbox 1984 4750 2195 4811; x_wconf 84' lang='lat' dir='ltr'><strong>luncam</strong></span> <span class='ocrx_word' id='word_1_855' title='bbox 2221 4751 2369 4807; x_wconf 91' lang='lat' dir='ltr'><strong>solus</strong></span> <span class='ocrx_word' id='word_1_856' title='bbox 2391 4792 2406 4817; x_wconf 93' lang='lat'><strong>,</strong></span> <span class='ocrx_word' id='word_1_857' title='bbox 2434 4749 2754 4809; x_wconf 84' lang='lat' dir='ltr'><strong>delitescere</strong></span> <span class='ocrx_word' id='word_1_858' title='bbox 2774 4753 3015 4819; x_wconf 75' lang='lat' dir='ltr'><strong>cupit-ns.</strong></span> <span class='ocrx_word' id='word_1_859' title='bbox 3043 4749 3155 4806; x_wconf 84' lang='lat' dir='ltr'><strong>Illic</strong></span> <span class='ocrx_word' id='word_1_860' title='bbox 3196 4767 3368 4811; x_wconf 87' lang='lat' dir='ltr'><strong>annos</strong></span> <span class='ocrx_word' id='word_1_861' title='bbox 3398 4770 3545 4815; x_wconf 84' lang='lat' dir='ltr'><strong>mora</strong></span> 
     </span>
    </p>
   </div>
   <div class='ocr_carea' id='block_1_110' title="bbox 1986 4841 3569 4921">
    <p class='ocr_par' dir='ltr' id='par_1_110' title="bbox 1986 4841 3569 4921">
     <span class='ocr_line' id='line_1_110' title="bbox 1986 4841 3569 4921; baseline 0.001 -24"><span class='ocrx_word' id='word_1_862' title='bbox 1986 4851 2070 4898; x_wconf 91' lang='lat' dir='ltr'><strong>tus</strong></span> <span class='ocrx_word' id='word_1_863' title='bbox 2097 4853 2180 4896; x_wconf 88' lang='lat' dir='ltr'><strong>est</strong></span> <span class='ocrx_word' id='word_1_864' title='bbox 2203 4842 2337 4897; x_wconf 90' lang='lat' dir='ltr'><strong>duos</strong></span> <span class='ocrx_word' id='word_1_865' title='bbox 2360 4883 2375 4906; x_wconf 88' lang='lat'><strong>,</strong></span> <span class='ocrx_word' id='word_1_866' title='bbox 2399 4842 2592 4921; x_wconf 70' lang='lat' dir='ltr'><strong>quibus</strong></span> <span class='ocrx_word' id='word_1_867' title='bbox 2621 4842 2881 4905; x_wconf 83' lang='lat' dir='ltr'><strong>insomnis</strong></span> <span class='ocrx_word' id='word_1_868' title='bbox 2908 4850 2964 4897; x_wconf 87' lang='lat' dir='ltr'><strong>ut</strong></span> <span class='ocrx_word' id='word_1_869' title='bbox 2993 4841 3274 4911; x_wconf 84' lang='lat' dir='ltr'><strong>plurimum</strong></span> <span class='ocrx_word' id='word_1_870' title='bbox 3305 4845 3535 4913; x_wconf 69' lang='lat' dir='ltr'><strong>perstitit</strong></span> <span class='ocrx_word' id='word_1_871' title='bbox 3553 4886 3569 4911; x_wconf 90' lang='lat'><strong>,</strong></span> 
     </span>
    </p>
   </div>
   <div class='ocr_carea' id='block_1_111' title="bbox 1983 4931 3569 5005">
    <p class='ocr_par' dir='ltr' id='par_1_111' title="bbox 1983 4931 3569 5005">
     <span class='ocr_line' id='line_1_111' title="bbox 1983 4931 3569 5005; baseline 0.002 -20"><span class='ocrx_word' id='word_1_872' title='bbox 1983 4931 2182 4988; x_wconf 79' lang='lat' dir='ltr'><strong>Christi</strong></span> <span class='ocrx_word' id='word_1_873' title='bbox 2236 4941 2651 4999; x_wconf 83' lang='lat' dir='ltr'><strong>testamentum,</strong></span> <span class='ocrx_word' id='word_1_874' title='bbox 2695 4948 2803 5003; x_wconf 87' lang='lat' dir='ltr'><strong>quo</strong></span> <span class='ocrx_word' id='word_1_875' title='bbox 2846 4933 3198 5005; x_wconf 76' lang='lat' dir='ltr'><strong>ignorantiam</strong></span> <span class='ocrx_word' id='word_1_876' title='bbox 3245 4935 3569 5004; x_wconf 74' lang='lat' dir='ltr'><strong>expelleret,</strong></span> 
     </span>
    </p>
   </div>
   <div class='ocr_carea' id='block_1_112' title="bbox 1985 5022 3573 5091">
    <p class='ocr_par' dir='ltr' id='par_1_112' title="bbox 1985 5022 3573 5091">
     <span class='ocr_line' id='line_1_112' title="bbox 1985 5022 3573 5091; baseline 0.003 -15"><span class='ocrx_word' id='word_1_877' title='bbox 1985 5023 2287 5089; x_wconf 84' lang='lat' dir='ltr'><strong>addiscens.</strong></span> <span class='ocrx_word' id='word_1_878' title='bbox 2331 5022 2463 5081; x_wconf 88' lang='lat' dir='ltr'><strong>Cum</strong></span> <span class='ocrx_word' id='word_1_879' title='bbox 2514 5024 2754 5080; x_wconf 85' lang='lat' dir='ltr'><strong>totoillo</strong></span> <span class='ocrx_word' id='word_1_880' title='bbox 2789 5025 3003 5087; x_wconf 86' lang='lat' dir='ltr'><strong>biennio</strong></span> <span class='ocrx_word' id='word_1_881' title='bbox 3049 5040 3149 5081; x_wconf 84' lang='lat' dir='ltr'><strong>nec</strong></span> <span class='ocrx_word' id='word_1_882' title='bbox 3181 5025 3445 5091; x_wconf 74' lang='lat' dir='ltr'><strong>interdiu,</strong></span> <span class='ocrx_word' id='word_1_883' title='bbox 3476 5041 3573 5081; x_wconf 84' lang='lat' dir='ltr'><strong>nec</strong></span> 
     </span>
    </p>
   </div>
   <div class='ocr_carea' id='block_1_113' title="bbox 1984 5115 3571 5189">
    <p class='ocr_par' dir='ltr' id='par_1_113' title="bbox 1984 5115 3571 5189">
     <span class='ocr_line' id='line_1_113' title="bbox 1984 5115 3571 5189; baseline -0.002 -18"><span class='ocrx_word' id='word_1_884' title='bbox 1984 5125 2145 5172; x_wconf 91' lang='lat' dir='ltr'><strong>noctu</strong></span> <span class='ocrx_word' id='word_1_885' title='bbox 2165 5117 2506 5177; x_wconf 85' lang='lat' dir='ltr'><strong>decubuissct</strong></span> <span class='ocrx_word' id='word_1_886' title='bbox 2539 5133 2551 5169; x_wconf 93' lang='lat'><strong>:</strong></span> <span class='ocrx_word' id='word_1_887' title='bbox 2581 5117 2824 5189; x_wconf 80' lang='lat' dir='ltr'><strong>proxima</strong></span> <span class='ocrx_word' id='word_1_888' title='bbox 2850 5116 3020 5181; x_wconf 84' lang='lat' dir='ltr'><strong>ventri</strong></span> <span class='ocrx_word' id='word_1_889' title='bbox 3051 5115 3100 5171; x_wconf 90' lang='lat' dir='ltr'><strong>ei</strong></span> <span class='ocrx_word' id='word_1_890' title='bbox 3129 5125 3252 5179; x_wconf 81' lang='lat' dir='ltr'><strong>sunt</strong></span> <span class='ocrx_word' id='word_1_891' title='bbox 3288 5127 3529 5173; x_wconf 85' lang='lat' dir='ltr'><strong>emortua</strong></span> <span class='ocrx_word' id='word_1_892' title='bbox 3557 5161 3571 5180; x_wconf 88' lang='grc'><em>,</em></span> 
     </span>
    </p>
   </div>
   <div class='ocr_carea' id='block_1_114' title="bbox 1984 5205 3572 5278">
    <p class='ocr_par' dir='ltr' id='par_1_114' title="bbox 1984 5205 3572 5278">
     <span class='ocr_line' id='line_1_114' title="bbox 1984 5205 3572 5278; baseline -0.001 -16"><span class='ocrx_word' id='word_1_893' title='bbox 1984 5206 2393 5278; x_wconf 82' lang='lat' dir='ltr'><strong>lumborumque</strong></span> <span class='ocrx_word' id='word_1_894' title='bbox 2418 5208 2559 5265; x_wconf 83' lang='lat' dir='ltr'><strong>vires</strong></span> <span class='ocrx_word' id='word_1_895' title='bbox 2591 5223 2699 5278; x_wconf 64' lang='lat' dir='ltr'><strong>pra:</strong></span> <span class='ocrx_word' id='word_1_896' title='bbox 2742 5206 2939 5278; x_wconf 85' lang='lat' dir='ltr'><strong>frigore</strong></span> <span class='ocrx_word' id='word_1_897' title='bbox 2967 5205 3280 5277; x_wconf 67' lang='lat' dir='ltr'><strong>proﬂigatae.</strong></span> <span class='ocrx_word' id='word_1_898' title='bbox 3313 5206 3447 5266; x_wconf 88' lang='lat' dir='ltr'><strong>Cum</strong></span> <span class='ocrx_word' id='word_1_899' title='bbox 3479 5223 3572 5260; x_wconf 83' lang='lat' dir='ltr'><strong>au-</strong></span> 
     </span>
    </p>
   </div>
   <div class='ocr_carea' id='block_1_115' title="bbox 1986 5295 3570 5369">
    <p class='ocr_par' dir='ltr' id='par_1_115' title="bbox 1986 5295 3570 5369">
     <span class='ocr_line' id='line_1_115' title="bbox 1986 5295 3570 5369; baseline -0.004 -14"><span class='ocrx_word' id='word_1_900' title='bbox 1986 5308 2093 5355; x_wconf 91' lang='lat' dir='ltr'><strong>tem</strong></span> <span class='ocrx_word' id='word_1_901' title='bbox 2114 5298 2216 5354; x_wconf 88' lang='lat' dir='ltr'><strong>sibi</strong></span> <span class='ocrx_word' id='word_1_902' title='bbox 2238 5314 2393 5369; x_wconf 83' lang='lat' dir='ltr'><strong>opem</strong></span> <span class='ocrx_word' id='word_1_903' title='bbox 2415 5297 2554 5355; x_wconf 87' lang='lat' dir='ltr'><strong>ferre</strong></span> <span class='ocrx_word' id='word_1_904' title='bbox 2576 5313 2679 5357; x_wconf 80' lang='lat' dir='ltr'><strong>tum</strong></span> <span class='ocrx_word' id='word_1_905' title='bbox 2703 5307 2882 5366; x_wconf 84' lang='lat' dir='ltr'><strong>posset</strong></span> <span class='ocrx_word' id='word_1_906' title='bbox 2902 5337 2917 5360; x_wconf 90' lang='lat'><strong>,</strong></span> <span class='ocrx_word' id='word_1_907' title='bbox 2942 5311 3127 5361; x_wconf 77' lang='lat' dir='ltr'><strong>rursus</strong></span> <span class='ocrx_word' id='word_1_908' title='bbox 3156 5295 3570 5361; x_wconf 66' lang='lat' dir='ltr'><strong>ecclesiasticum:</strong></span> 
     </span>
    </p>
   </div>
   <div class='ocr_carea' id='block_1_116' title="bbox 1985 5388 3573 5462">
    <p class='ocr_par' dir='ltr' id='par_1_116' title="bbox 1985 5388 3573 5462">
     <span class='ocr_line' id='line_1_116' title="bbox 1985 5388 3573 5462; baseline -0.008 -9"><span class='ocrx_word' id='word_1_909' title='bbox 1985 5399 2197 5461; x_wconf 75' lang='lat' dir='ltr'><strong>portum</strong></span> <span class='ocrx_word' id='word_1_910' title='bbox 2251 5388 2622 5462; x_wconf 74' lang='lat' dir='ltr'><strong>apprehendit.</strong></span> <span class='ocrx_word' id='word_1_911' title='bbox 2671 5389 2844 5460; x_wconf 76' lang='lat' dir='ltr'><strong>Atque</strong></span> <span class='ocrx_word' id='word_1_912' title='bbox 2891 5388 2942 5449; x_wconf 81' lang='lat' dir='ltr'><strong>id</strong></span> <span class='ocrx_word' id='word_1_913' title='bbox 2987 5389 3183 5454; x_wconf 71' lang='lat' dir='ltr'><strong>divina;</strong></span> <span class='ocrx_word' id='word_1_914' title='bbox 3225 5388 3573 5457; x_wconf 69' lang='lat' dir='ltr'><strong>providentur:</strong></span> 
     </span>
    </p>
   </div>
   <div class='ocr_carea' id='block_1_117' title="bbox 1984 5480 3581 5554">
    <p class='ocr_par' dir='ltr' id='par_1_117' title="bbox 1984 5480 3581 5554">
     <span class='ocr_line' id='line_1_117' title="bbox 1984 5480 3581 5554; baseline -0.006 -15"><span class='ocrx_word' id='word_1_915' title='bbox 1984 5498 2118 5553; x_wconf 83' lang='lat' dir='ltr'><strong>Opus</strong></span> <span class='ocrx_word' id='word_1_916' title='bbox 2149 5483 2246 5547; x_wconf 79' lang='lat' dir='ltr'><strong>fuit</strong></span> <span class='ocrx_word' id='word_1_917' title='bbox 2266 5524 2281 5551; x_wconf 90' lang='lat'><strong>,</strong></span> <span class='ocrx_word' id='word_1_918' title='bbox 2311 5500 2429 5554; x_wconf 75' lang='lat' dir='ltr'><strong>qua:</strong></span> <span class='ocrx_word' id='word_1_919' title='bbox 2456 5483 2522 5545; x_wconf 89' lang='lat' dir='ltr'><strong>ad</strong></span> <span class='ocrx_word' id='word_1_920' title='bbox 2546 5482 2825 5541; x_wconf 74' lang='lat' dir='ltr'><strong>utilitatem</strong></span> <span class='ocrx_word' id='word_1_921' title='bbox 2862 5480 3117 5543; x_wconf 82' lang='lat' dir='ltr'><strong>Ecclesiae</strong></span> <span class='ocrx_word' id='word_1_922' title='bbox 3146 5494 3268 5537; x_wconf 79' lang='lat' dir='ltr'><strong>etim</strong></span> <span class='ocrx_word' id='word_1_923' title='bbox 3298 5496 3396 5551; x_wconf 77' lang='lat' dir='ltr'><strong>per</strong></span> <span class='ocrx_word' id='word_1_924' title='bbox 3423 5480 3581 5532; x_wconf 83' lang='lat' dir='ltr'><strong>imir-</strong></span> 
     </span>
    </p>
   </div>
   <div class='ocr_carea' id='block_1_118' title="bbox 1984 5569 3567 5638">
    <p class='ocr_par' dir='ltr' id='par_1_118' title="bbox 1984 5569 3567 5638">
     <span class='ocr_line' id='line_1_118' title="bbox 1984 5569 3567 5638; baseline -0.011 -7"><span class='ocrx_word' id='word_1_925' title='bbox 1984 5576 2226 5638; x_wconf 75' lang='lat' dir='ltr'><strong>mitatem</strong></span> <span class='ocrx_word' id='word_1_926' title='bbox 2273 5591 2302 5628; x_wconf 88' lang='lat' dir='ltr'><strong>a</strong></span> <span class='ocrx_word' id='word_1_927' title='bbox 2364 5574 2674 5633; x_wconf 69' lang='lat' dir='ltr'><strong>numasticae</strong></span> <span class='ocrx_word' id='word_1_928' title='bbox 2722 5571 2849 5631; x_wconf 74' lang='lat' dir='ltr'><strong>vita:</strong></span> <span class='ocrx_word' id='word_1_929' title='bbox 2895 5569 3171 5635; x_wconf 77' lang='lat' dir='ltr'><strong>laboribus</strong></span> <span class='ocrx_word' id='word_1_930' title='bbox 3219 5569 3483 5635; x_wconf 73' lang='lat' dir='ltr'><strong>retraxit:</strong></span> <span class='ocrx_word' id='word_1_931' title='bbox 3514 5574 3567 5615; x_wconf 88' lang='lat' dir='ltr'><strong>ut</strong></span> 
     </span>
    </p>
   </div>
   <div class='ocr_carea' id='block_1_119' title="bbox 1987 5656 3570 5737">
    <p class='ocr_par' dir='ltr' id='par_1_119' title="bbox 1987 5656 3570 5737">
     <span class='ocr_line' id='line_1_119' title="bbox 1987 5656 3570 5737; baseline -0.013 -8"><span class='ocrx_word' id='word_1_932' title='bbox 1987 5669 2305 5731; x_wconf 76' lang='lat' dir='ltr'><strong>necessitate</strong></span> <span class='ocrx_word' id='word_1_933' title='bbox 2327 5667 2610 5733; x_wconf 74' lang='lat' dir='ltr'><strong>inmeditus</strong></span> <span class='ocrx_word' id='word_1_934' title='bbox 2628 5706 2645 5733; x_wconf 87' lang='lat'><strong>,</strong></span> <span class='ocrx_word' id='word_1_935' title='bbox 2682 5680 2712 5720; x_wconf 86' lang='lat' dir='ltr'><strong>a</strong></span> <span class='ocrx_word' id='word_1_936' title='bbox 2741 5663 3008 5737; x_wconf 77' lang='lat' dir='ltr'><strong>speluncis</strong></span> <span class='ocrx_word' id='word_1_937' title='bbox 3041 5662 3376 5716; x_wconf 81' lang='lat' dir='ltr'><strong>avelleretur.</strong></span> <span class='ocrx_word' id='word_1_938' title='bbox 3406 5656 3532 5709; x_wconf 75' lang='lat' dir='ltr'><strong>lude</strong></span> <span class='ocrx_word' id='word_1_939' title='bbox 3555 5694 3570 5714; x_wconf 65' lang='grc' dir='ltr'><strong>ι</strong></span> 
     </span>
    </p>
   </div>
  </div>
