4038 6154
494 279 554 332 l9
1755 283 1835 336 PA
1845 283 1970 337 [ΛΑ
1983 283 2065 338 Dll
2109 284 2443 340 DIALOGUS
3701 287 3780 341 20

493 399 771 458 postquam
795 390 943 444 altari
970 405 1138 443 annos
1163 392 1398 460 quinque
1426 393 1781 447 ministrasset
1807 433 1821 457 ,
1851 409 1878 446 a
1909 393 2074 448 Mele-

495 483 566 534 tio
593 480 850 534 diaconus
880 479 1175 534 ordinatur.
1223 479 1488 535 Caeterum
1517 523 1530 547 ,
1579 495 1699 536 cum
1741 483 1859 551 ejus
1885 483 1949 536 ad
1980 483 2080 538 do-

494 570 719 624 cendum
753 569 971 622 facultas
1012 569 1121 638 jam
1175 571 1588 637 inclaresceret,
1639 581 1692 626 et
1736 574 1962 642 populus
2011 589 2080 628 ex

497 662 674 714 szcculi
706 659 1066 715 amaritudine
1101 661 1440 718 dulcesceret
1469 663 1586 732 ejus
1629 665 2033 719 conversatione
2066 682 2079 718 :

496 767 523 804 a
570 751 820 806 Flaviano
869 751 1119 821 episcopo
1166 755 1446 822 presbyter
1499 754 1797 812 ordinatur.
1846 756 2084 826 Cumque

498 842 778 896 duodecim
823 857 992 896 annos
1032 843 1083 896 in
1128 842 1367 898 Ecclesia
1432 845 1727 900 Antiochia:
1763 845 2080 909 cﬁ‘ulsisset,

497 943 680 986 exacta
703 933 821 986 vita:
843 947 1024 986 norma
1043 933 1245 986 clerum
1264 934 1678 990 Antiochensem
1703 935 1958 989 illustrat:
1990 935 2086 990 hos

499 1025 774 1092 sapientiae
801 1026 912 1079 sale
937 1025 1217 1091 condiens,
1238 1026 1335 1081 hos
1356 1027 1591 1081 doctrina
1617 1029 1942 1090 illuminans,
1967 1029 2086 1083 illos

506 1116 738 1184 Spiritus
769 1117 936 1171 sancti
959 1117 1202 1172 laticihus
1225 1118 1470 1188 irrigans.
1500 1120 1632 1173 Dum
1657 1120 1770 1173 ιιωο
1795 1119 1859 1173 ad
1893 1119 2087 1173 Christi

509 1207 744 1260 ﬁdelium
776 1207 1212 1276 gubernationem
1242 1211 1438 1278 optime
1467 1210 1545 1264 sic
1578 1209 1897 1276 succedunt,
1928 1211 2089 1263 mori-

511 1309 597 1352 tur
623 1299 810 1352 bcatus
835 1299 1112 1354 Nectarius
1135 1342 1149 1366 ,
1183 1301 1464 1370 episcopus
1487 1301 2088 1368 Constantinopolitante

510 1388 786 1442 Ecclesia}.
820 1389 971 1443 Tunc
1000 1400 1322 1444 concurrunt
1367 1392 1579 1460 quidam
1609 1392 1696 1460 qui
1747 1406 1849 1444 non
1881 1405 2089 1459 qum-rc-

506 1479 730 1542 bantur,
755 1480 1049 1534 ambientes
1073 1481 1437 1549 episcopatum
1457 1523 1470 1544 ,
1503 1482 1598 1534 viri
1628 1481 1841 1550 quidam
1872 1481 2090 1535 minime

515 1569 650 1633 viri,
682 1571 980 1640 presbyteri
1012 1571 1225 1638 quidem
1261 1571 1538 1641 dignitate,
1569 1574 1660 1625 sed
1686 1571 1983 1626 sacerdotio
2012 1573 2092 1626 in-

505 1661 650 1729 digni
685 1662 801 1715 :alii
831 1664 1138 1732 prtetorium
1170 1664 1448 1734 fatigantes
1474 1706 1488 1730 ,
1531 1665 1618 1717 alii
1665 1663 1818 1717 donis
1852 1679 2088 1718 corrum-

510 1761 716 1819 pentes,
737 1753 823 1805 alii
847 1769 974 1806 vero
996 1753 1060 1807 ad
1085 1753 1254 1822 plebis
1281 1755 1439 1808 etiam
1463 1769 1633 1823 genua
1659 1755 2086 1824 procumbentes.

513 1841 684 1910 Super
711 1841 792 1894 his
809 1856 1176 1898 commovetur
1197 1844 1613 1898 orthodoxornm
1641 1845 1886 1914 populus,
1917 1844 2093 1914 Impe-

515 1942 745 1985 ratorem
786 1933 1111 1998 sollicitans,
1170 1934 1451 1988 sacerdotii
1505 1935 1730 2003 peritum
1795 1936 2091 2004 requirens.

510 2023 782 2075 Summam
823 2031 997 2076 autem
1036 2040 1217 2078 rerum
1253 2025 1464 2080 tenebat
1487 2025 1771 2095 Eutmpius
1793 2027 2090 2092 eunuchus,

512 2114 845 2181 praepositus
878 2115 1012 2168 sacri
1068 2116 1320 2169 cubiculi.
1382 2115 1516 2171 Cum
1573 2116 1834 2172 Joannem
1884 2127 2095 2187 Optaret

466 2219 468 2224 λ
512 2219 821 2273 ιιι-ευῃοηρτῡ
857 2206 1055 2260 civitati
1085 2207 1241 2278 (ejus
1270 2208 1411 2263 enim
1449 2210 1618 2263 virtus
1659 2220 1779 2263 nota
1806 2210 1854 2264 ei
1901 2209 2090 2274 fuerat,

509 2308 628 2347 cum
651 2294 985 2364 Imperatoris
999 2299 1204 2367 negotia
1224 2299 1392 2367 ipsum
1412 2297 1476 2352 ad
1503 2299 1808 2354 interiorem
1832 2301 2092 2356 orientem

511 2384 890 2455 abduxissent)
917 2427 930 2448 ,
963 2387 1126 2442 eflicit
1157 2389 1271 2458 ipse
1297 2399 1356 2443 ut
1382 2390 1674 2459 Imperator
1693 2391 1877 2445 literas
1898 2391 2096 2446 scribat

508 2476 574 2528 ad
617 2478 862 2532 comitem
892 2477 1155 2546 Orientis,
1189 2489 1247 2534 ut
1280 2481 1400 2535 sine
1437 2483 1683 2550 strepitu,
1725 2483 1857 2536 nihil
1881 2493 2096 2537 contur-

512 2569 643 2621 bans
686 2570 1020 2624 Antiochiam
1046 2613 1058 2635 ,
1093 2570 1353 2625 Joannem
1387 2572 1673 2626 emitteret.
1708 2575 1754 2627 Is
1781 2574 1957 2628 statim
2008 2591 2096 2630 ae-

513 2661 680 2726 ceptis
730 2661 928 2724 literis,
981 2661 1224 2715 hortatur
1272 2662 1479 2730 ipsum,
1529 2673 1583 2716 nt
1631 2674 1776 2718 extra
1828 2665 2092 2720 civitatem

516 2765 685 2818 usque
729 2750 798 2804 ad
826 2751 1106 2822 Martyria,
1145 2754 1294 2820 juxta
1333 2763 1537 2823 portam
1579 2755 1967 2810 Romancnsem
2011 2757 2094 2811 di-

513 2850 675 2903 ctam,
701 2841 854 2895 sistat
880 2857 938 2895 se
970 2860 982 2894 :
1011 2852 1062 2896 et
1092 2843 1315 2912 publica:
1345 2845 1526 2899 rheda:
1557 2845 1884 2914 impositum,
1924 2863 2093 2902 eunu-

515 2931 618 2984 cho
668 2919 741 2984 ad
796 2931 847 2986 id
900 2932 1064 2987 misso
1114 2949 1234 2988 cum
1281 2935 1446 2989 milite
1495 2936 1726 3006 Magistri
1779 2938 1958 2992 tradit.
2009 2940 2096 2993 Sic

517 3021 778 3076 adductus
832 3022 1110 3077 ordinatur
1161 3025 1443 3095 episc0pus
1493 3027 2094 3097 Constantinopolitan:c

518 3112 791 3166 Ecclesim.
821 3101 904 3168 Ab
942 3113 1092 3169 initio
1141 3115 1300 3185 igitur
1324 3117 1671 3186 Theophilus,
1706 3119 2095 3174 Alexandrinus

513 3203 825 3272 cpisc0pus,
861 3219 978 3258 cum
1015 3205 1080 3259 ad
1116 3205 1233 3273 ejus
1257 3207 1642 3262 ordinationem
1673 3211 1931 3274 venisset,
1966 3211 2096 3266 irre-

515 3293 924 3362 prehcnsibilem
955 3293 1070 3364 ejus
1113 3295 1362 3365 loquendi
1391 3297 1688 3352 libertatem
1721 3298 1906 3353 videns
1926 3340 1940 3365 ,
1982 3299 2095 3369 ejus

516 3383 848 3438 ordinatione
877 3387 1210 3440 exanimatus
1239 3398 1339 3442 est.
1390 3389 1549 3444 Vafcr
1576 3389 1717 3444 enim
1746 3398 1827 3444 est
1876 3405 1944 3444 ex
1977 3391 2094 3460 ipso

515 3473 765 3542 adspectu
821 3493 832 3527 :
886 3476 1150 3528 occultum
1195 3479 1333 3530 enim
1379 3480 1634 3550 cujusque
1684 3479 1914 3533 hominis
1961 3494 2092 3533 con—

515 3564 688 3618 silium
766 3575 817 3618 ct
879 3576 1110 3621 mentem
1167 3568 1501 3638 dignoscere.
1562 3573 1716 3625 Duc.
1786 3572 2086 3640 Exspecta,

511 3657 708 3725 Pater,
751 3668 808 3710 ιιι
858 3673 1019 3726 pauca
1067 3674 1351 3728 opponam.
1396 3660 1570 3716 Ertsc.
1601 3661 1734 3727 Quid
1780 3661 1881 3716 hoc
1915 3671 2090 3717 autem

520 3747 747 3801 maxime
767 3759 846 3802 est
862 3750 885 3802 ?
901 3750 1048 3803 Duc.
1071 3749 1123 3804 Si
1148 3751 1268 3804 talis
1289 3762 1369 3805 est
1389 3749 1736 3820 Theophilus,
1756 3761 1812 3805 ut
1831 3752 1895 3805 ad
1920 3753 2088 3806 scium

520 3839 827 3908 adspeetum
875 3842 1068 3895 mentis
1097 3843 1210 3896 acie
1254 3844 1430 3897 omnia
1480 3845 1749 3913 pervideat
1783 3862 1796 3897 :
1827 3845 2092 3913 quomodo

521 3930 809 3998 ignoravit,
857 3933 1087 4001 expulso
1126 3932 1365 3999 Joanne,
1411 3935 1594 3988 orbem
1647 3935 1948 3990 universum
1975 3951 2002 3988 a
2033 3951 2092 3992 se

515 4022 835 4077 turbandum
887 4025 1040 4078 esse?
1069 4025 1246 4081 Episc.
1281 4026 1391 4080 Hoc
1418 4026 1719 4081 mirandum
1749 4042 1852 4081 non
1898 4035 1982 4082 est
2005 4071 2018 4092 ,
2059 4045 2092 4083 ο

513 4115 732 4182 optime.
785 4116 993 4170 Etenim
1030 4117 1300 4172 dmmones
1322 4159 1337 4183 ,
1373 4118 1461 4187 qui
1488 4117 1771 4173 adventum
1797 4119 2091 4175 Servatoris

514 4204 888 4270 declararunt,
917 4207 1228 4275 ignorarunt
1250 4223 1356 4262 uno
1375 4209 1576 4263 Christi
1602 4209 1832 4264 ﬁdelium
1864 4221 2006 4267 statu
2034 4228 2092 4267 se

522 4282 960 4363 :onstringendos
989 4311 1134 4352 esse.
1163 4297 1315 4353 Duc.
1352 4299 1448 4355 Ubi
1474 4309 1649 4356 autem
1672 4302 1971 4359 Servatoris
1999 4305 2092 4358 ad-

531 4392 736 4437 ventum
764 4384 1141 4441 declararunt?
1171 4388 1350 4444 EPISC.
1385 4391 1516 4446 Cum
1562 4392 1899 4449 clamabant:
1933 4394 2094 4448 Nori-

519 4491 628 4528 mus
649 4480 731 4541 te,
761 4477 848 4539 qui
872 4479 940 4531 sis
962 4520 976 4542 ,
1007 4490 1210 4534 sanctus
1240 4480 1332 4534 Dei
1361 4499 1378 4544 ;
1408 4483 1533 4552 quid
1560 4485 1731 4537 veniin
1754 4495 1871 4538 ante
1898 4495 2092 4554 tempus

525 4583 747 4635 .orquere
770 4584 861 4622 nos
883 4568 1091 4638 (Matth.
1120 4572 1174 4626 8.
1205 4571 1348 4643 29)?
1377 4573 1538 4628 Vides
1561 4583 1616 4628 ut
1665 4583 1788 4629 ante
1825 4577 2094 4631 novissent

519 4673 618 4711 Jon
663 4659 832 4713 solum
875 4673 1116 4717 sanctum
1145 4678 1265 4718 eum
1312 4679 1470 4731 esse,
1517 4665 1609 4720 sed
1640 4667 1798 4720 etiam
1839 4666 2090 4736 judicem.

519 4748 652 4815 Quid
681 4765 808 4803 vero
853 4751 1038 4820 loquor
1062 4753 1129 4807 de
1158 4754 1526 4811 daemonibus?
1565 4756 1803 4812 infelices
1847 4761 2096 4815 meretri-

513 4839 648 4894 cula:
675 4855 741 4894 ex
770 4840 1039 4895 oculorum
1072 4851 1210 4897 statu
1231 4853 1406 4899 castos
1428 4848 1566 4902 viros
1593 4847 1913 4917 dignoscunt
1932 4892 1947 4916 ,
1971 4866 2092 4906 eos-

516 4946 618 4998 quc
645 4939 957 4983 aversantur
990 4949 1003 4985 :
1035 4942 1094 4985 ut
1120 4932 1359 4988 inﬁrmus
1384 4937 1568 4990 oculus
1610 4940 1738 4993 solis
1767 4942 1972 4995 radium
1996 4985 2009 5004 .
2041 4952 2096 4997 et

518 5021 692 5073 vultur
720 5031 1062 5091 unguentum.
1099 5023 1248 5079 Unde
1286 5035 1461 5080 autem
1500 5031 1866 5097 peccatoribus
1908 5035 2095 5104 religio

516 5111 896 5166 abominationi
927 5121 1010 5168 est
1029 5157 1042 5181 ,
1075 5115 1121 5168 si
1147 5129 1262 5169 eam
1301 5131 1407 5170 non
1432 5119 1688 5172 nossent?
1712 5119 1800 5176 Sic
1828 5133 1882 5177 et
1923 5124 2096 5179 Theo-

516 5200 692 5266 philus
715 5242 729 5267 ,
761 5218 824 5256 ex
856 5217 960 5272 quo
990 5204 1040 5258 in
1071 5203 1290 5260 Joannis
1314 5206 1568 5277 adspectu
1594 5224 1697 5264 non
1732 5211 1929 5268 invenit
1953 5217 2093 5285 quod

515 5291 682 5346 oculis
703 5294 813 5348 suis
841 5295 1190 5363 responderet
1211 5306 1302 5352 aut
1327 5309 1533 5369 gratum
1564 5311 1731 5368 esset,
1764 5305 2093 5374 conjectura,

515 5398 619 5436 non
658 5395 802 5439 certa
852 5389 1070 5443 scientia
1111 5391 1434 5446 contrarium
1481 5394 1779 5464 suspicatus
1809 5407 1908 5452 est.
1939 5398 2090 5454 Duc.

520 5477 646 5530 Mira
674 5476 890 5544 dixisti,
921 5481 1092 5536 Pater.
1130 5481 1237 5537 Cur
1258 5499 1385 5538 vero
1416 5484 1708 5541 obsistebat
1743 5487 1860 5556 ejus
1880 5487 2093 5542 ordina-

514 5569 684 5624 tioni?
709 5571 882 5628 Ense.
913 5571 1024 5627 Mos
1055 5575 1152 5644 ipsi
1174 5575 1295 5630 talis
1321 5584 1437 5631 erat
1457 5619 1470 5641 ,
1499 5587 1556 5632 ut
1582 5577 1748 5632 bonos
1774 5587 1828 5632 et
1848 5578 2095 5634 cordatos

517 5680 617 5719 non
645 5664 950 5733 ordinaret,
979 5667 1074 5722 nisi
1107 5667 1316 5740 quando
1347 5683 1439 5723 sua
1462 5683 1582 5723 eum
1608 5668 1914 5738 conjectura
1942 5666 2092 5723 fefel-

2193 397 2340 450 lisset
2373 415 2386 451 :
2419 398 2664 465 omnibus
2706 399 2966 466 imperare
3003 399 3184 454 volens
3219 410 3274 453 ut
3315 399 3575 470 stupidis,
3604 402 3781 455 satius

2181 487 2424 555 judicans
2485 488 2854 557 insipientibus
2894 490 3187 559 imperare,
3234 506 3391 560 quam
3436 491 3774 560 sapientibus

2190 593 2396 646 parere.
2431 579 2474 631 Α
2503 579 2700 632 salubri
2747 585 2924 633 tamen
2969 579 3306 650 providentia
3351 581 3535 634 volens
3582 582 3782 636 nolens

2188 677 2469 737 superatus
2497 678 2597 723 est.
2631 669 2719 724 Sic
2749 670 3026 724 ordinatus
3055 669 3287 725 Joannes
3307 713 3322 737 ,
3366 687 3544 726 rerum
3587 688 3780 726 curam

2189 759 2522 829 aggreditur,
2578 776 2672 830 per
2719 761 3032 815 rationalem
3084 763 3312 815 fistulam
3365 778 3492 818 oves
3549 764 3782 833 probare

2189 865 2431 904 exorsus.
2465 850 2607 903 Baro
2635 859 2812 905 autem
2839 851 3096 906 adhibens
3124 853 3282 905 etiam
3311 852 3504 921 pedum
3534 853 3785 924 increpa-

2193 940 2382 1002 tiones,
2408 941 2633 995 intendit
2657 957 2957 997 sermonem
2999 941 3256 998 adversus
3285 942 3459 998 ﬁctam
3486 947 3782 1012 sororiam,

2197 1038 2254 1083 ut
2281 1040 2506 1097 vocant,
2537 1033 2661 1086 vitae
2687 1032 3036 1098 societatem;
3085 1049 3266 1088 revera
3308 1043 3484 1089 autem
3523 1035 3788 1092 adversus

2193 1119 2602 1178 inverecundam
2627 1133 2681 1178 et
2713 1124 3004 1194 improbam
3024 1125 3181 1178 vitam
3203 1141 3322 1180 cum
3346 1127 3658 1182 mulieribus
3681 1130 3789 1184 illis

2192 1225 2310 1279 qua:
2341 1210 2586 1266 dicuitur
2615 1213 3030 1268 subintroductze
3057 1256 3072 1279 ,
3103 1215 3414 1280 ostendens,
3453 1217 3496 1270 si
3519 1219 3783 1274 malorum

2193 1299 2350 1355 detur
2369 1301 2533 1370 Optio,
2553 1302 2801 1357 meliores
2821 1303 2937 1357 istis
2952 1305 3170 1359 lenones
3187 1319 3328 1359 esse.
3353 1305 3431 1359 llli
3452 1308 3595 1360 enim
3618 1307 3776 1378 longe

2192 1406 2223 1444 a
2266 1391 2592 1447 medicorum
2627 1393 2840 1448 ofﬁcina
2881 1393 3216 1462 habitantes,
3261 1395 3400 1464 apud
3425 1411 3484 1452 se
3529 1399 3778 1453 morbum

2195 1478 2425 1546 habent,
2468 1481 2562 1535 sed
2605 1482 2904 1535 volentibus
2935 1498 2948 1533 :
2979 1482 3029 1535 hi
3057 1492 3234 1536 autem
3267 1483 3318 1537 in
3351 1484 3536 1540 salutis
3565 1486 3781 1542 ofﬁcina

2196 1568 2526 1636 habitantes,
2555 1572 2715 1625 etiam
2765 1585 2921 1625 sanos
2950 1571 3227 1640 impellunt
3256 1573 3322 1626 ad
3355 1574 3619 1629 morbum.
3655 1577 3786 1631 Inde

2197 1676 2318 1731 pars
2347 1662 2509 1729 cleri,
2542 1663 2760 1718 minime
2789 1663 3055 1733 religiosa,
3081 1679 3302 1734 qumque
3342 1668 3528 1722 morbo
3565 1669 3656 1721 illo
3695 1679 3778 1723 te-

2198 1751 2456 1816 nebatur,
2506 1763 2770 1807 commota
2823 1763 2925 1808 est.
2986 1754 3114 1808 Post
3161 1756 3420 1824 ejusmodi
3471 1771 3778 1814 sermonem

2197 1842 2499 1912 aggreditur
2543 1844 2849 1913 injustitiam
2872 1886 2887 1910 ,
2917 1845 3198 1900 destruens
3234 1847 3496 1902 malorum
3541 1850 3779 1905 omnium

2198 1933 2534 2000 rnetropolim
2560 1974 2574 1996 ,
2619 1935 2930 1998 avaritiam,
2965 1945 3022 1990 ut
3065 1937 3344 1991 :ediﬁeium
3392 1938 3610 2009 justitia-
3653 1957 3782 1996 con-

2197 2031 2446 2077 strueret.
2491 2023 2603 2078 Hoc
2652 2024 2794 2079 enim
2823 2025 3097 2095 proprium
3138 2035 3220 2081 cst
3261 2029 3559 2095 sapientum
3608 2030 3783 2085 archi-

2200 2121 2457 2168 tectorum
2480 2155 2493 2180 ,
2524 2116 2670 2184 prius
2700 2115 2960 2171 mendacii
2985 2116 3264 2171 aediﬁcium
3292 2117 3594 2186 destruere,
3625 2121 3780 2176 dein-

2198 2206 2264 2260 de
2293 2208 2531 2261 veritatis
2556 2207 2735 2276 jacere
2763 2206 3101 2262 fundamenta
3129 2250 3143 2275 ,
3185 2217 3244 2262 ut
3272 2209 3467 2263 dicitur
3489 2211 3627 2280 apud
3658 2226 3783 2280 pro-

2201 2298 2410 2366 phetam
2438 2316 2450 2350 :
2481 2297 2725 2352 Constitui
2757 2308 2804 2352 te
2831 2314 2981 2368 super
3009 2309 3176 2368 gentes
3202 2309 3248 2353 et
3282 2316 3437 2369 regna
3460 2341 3474 2363 ,
3506 2310 3563 2353 ut
3598 2303 3779 2355 evellas

2199 2400 2244 2441 et
2267 2391 2459 2458 plantas
2482 2431 2494 2454 ,
2524 2399 2577 2442 ut
2603 2389 2832 2444 destruas
2869 2398 2915 2443 et
2941 2391 3215 2458 remdiﬁces
3255 2390 3398 2461 (Jer.
3446 2393 3494 2445 1.
3527 2391 3630 2460 10)
3665 2409 3678 2457 ;
3713 2393 3780 2445 il-

2201 2478 2289 2532 lud
2316 2478 2528 2548 quidem
2550 2521 2564 2545 ,
2593 2489 2651 2533 ut
2695 2479 2958 2548 agricola;
3001 2479 3103 2534 hoc
3131 2489 3308 2534 autem
3338 2489 3394 2533 ut
3437 2479 3779 2535 architectus.

2201 2569 2280 2622 Ex
2314 2585 2378 2623 eo
2407 2584 2588 2622 rursus
2623 2569 2962 2638 perturbatur
2988 2583 3107 2638 pars
3145 2583 3328 2623 eorum
3374 2570 3461 2639 qui
3504 2570 3775 2639 marsupia

2199 2667 2461 2728 spectant.
2495 2659 2621 2713 Post
2643 2659 2757 2712 haec
2793 2673 2974 2713 curam
2997 2659 3170 2712 victus
3213 2675 3398 2713 eorum
3429 2658 3622 2726 habet,
3652 2658 3783 2713 hor-

2202 2757 2318 2802 tans
2346 2763 2439 2802 eos
2470 2758 2527 2802 ut
2555 2749 2791 2802 contenti
2828 2749 2934 2803 sint
2972 2750 3082 2804 suis
3121 2748 3388 2816 obsoniis,
3431 2764 3529 2804 nec
3553 2749 3780 2806 divitum

2200 2839 2414 2893 nidores
2440 2849 2759 2909 sequantur,
2792 2855 2859 2892 ne
2879 2879 2892 2902 ,
2921 2839 3045 2894 dum
3076 2838 3265 2893 ducem
3292 2839 3490 2895 habent
3527 2840 3734 2896 fumum
3758 2884 3777 2909 ,

2201 2931 2624 2999 intemperantia:
2654 2930 2760 3000 igni
2784 2930 3061 2984 tradantur
3084 2972 3098 2996 ,
3125 2929 3457 2984 adulatorum
3495 2940 3547 2986 et
3575 2931 3782 3000 parasi-

2201 3032 2372 3073 torum
2395 3021 2552 3074 vitam
2576 3020 2781 3075 sectati.
2807 3020 2939 3075 llinc
2961 3021 3197 3090 plerique
3215 3035 3247 3075 e
3271 3021 3578 3077 lurconibus
3597 3037 3780 3078 emer-

2199 3127 2322 3180 gere
2349 3113 2636 3181 incipiunt,
2688 3123 2740 3168 et
2787 3114 3103 3183 copulantur
3143 3113 3422 3168 caiumnim
3463 3114 3778 3170 artiﬁcibus.

2199 3203 2326 3257 Post
2352 3203 2465 3257 hare
2489 3204 2752 3259 teconomi
2783 3203 2986 3258 tabulas
3015 3212 3300 3271 scrutatur,
3322 3213 3376 3259 et
3396 3205 3597 3274 reperit
3623 3220 3771 3261 sum-

2189 3303 2309 3358 ptus
2325 3287 2834 3356 Ecclesiaeinutiles;
2851 3303 2904 3350 et
2927 3293 3113 3349 horum
3141 3293 3432 3350 subsidium
3456 3310 3673 3352 cessare
3691 3296 3778 3366 ju-

2201 3383 2306 3437 bet.
2335 3383 2490 3437 Venit
2516 3383 2636 3438 inde
2663 3383 2728 3438 ad
2755 3383 3135 3439 examinandos
3156 3395 3396 3454 sumptus
3418 3385 3654 3455 episcOpi
3674 3427 3690 3451 ,
3722 3394 3775 3441 et

2201 3474 2400 3528 invenit
2427 3475 2762 3529 immodicam
2796 3475 3183 3545 profusionem;
3227 3484 3384 3547 atque
3414 3477 3624 3532 illorum
3652 3493 3779 3549 pro-

2199 3563 2344 3618 fusos
2372 3573 2610 3634 sumptus
2648 3565 2713 3620 ad
2736 3568 3098 3621 nosocomium
3132 3567 3400 3622 transferri
3426 3567 3598 3638 jubet.
3631 3568 3769 3624 Cum

2198 3663 2370 3709 autem
2401 3656 2687 3711 necessitas
2725 3656 3100 3725 invalescerct,
3131 3658 3279 3727 plura
3313 3659 3619 3713 nosocomia
3648 3659 3778 3714 tedi-

2201 3746 2321 3799 ﬁcat
2341 3788 2354 3813 ,
2379 3761 2695 3816 praeponens
2742 3748 3077 3819 presbyteros
3099 3748 3213 3818 pios
3234 3749 3404 3812 duos;
3437 3759 3696 3817 prieterea
3721 3758 3777 3803 et

2199 3836 2433 3891 medicos
2456 3845 2511 3892 et
2529 3851 2728 3908 coquos
2749 3847 2906 3909 atque
2925 3839 3093 3894 bonos
3113 3839 3329 3908 opiﬁces
3372 3854 3402 3894 e
3421 3840 3662 3894 caelibum
3686 3855 3777 3896 or-

2197 3926 2320 3981 dine
2339 3927 2406 3982 ad
2423 3942 2607 3983 eorum
2625 3929 2974 3983 ministerium
3002 3947 3017 3984 :
3040 3937 3095 3983 ut
3115 3927 3453 3984 advenientes
3474 3930 3710 4000 hospites
3725 3940 3780 3985 et

2199 4020 2384 4074 morbo
2409 4021 2636 4090 correpti
2662 4030 2994 4087 curarentur,
3017 4020 3174 4094 idque
3196 4036 3314 4076 etim
3339 4033 3554 4091 propter
3578 4022 3776 4077 bonum

2198 4111 2366 4180 ipsum
2389 4153 2403 4177 ,
2435 4121 2543 4164 tum
2571 4119 2787 4180 propter
2814 4111 3036 4182 gloriam
3058 4110 3373 4166 Servatoris.
3395 4111 3524 4165 Post
3555 4111 3659 4166 hoc
3685 4111 3779 4166 ad-

2198 4213 2352 4258 vocat
2375 4204 2652 4258 viduarum
2683 4204 2924 4260 ordinem
2946 4245 2960 4270 ,
2989 4204 3326 4274 undiquaque
3360 4217 3607 4274 quatrens
3633 4218 3779 4273 qua:-

2200 4311 2319 4348 nam
2371 4295 2509 4349 inter
2549 4309 2639 4349 eas
2666 4309 2770 4349 non
2804 4303 2947 4350 recte
2994 4295 3270 4360 viverent;
3304 4302 3359 4348 et
3381 4293 3426 4347 si
3455 4307 3590 4363 quas
3635 4295 3784 4349 inrc-

2201 4386 2366 4439 nisset
2399 4385 2608 4454 corpori
2633 4385 2872 4450 deditas,
2908 4385 3226 4439 admonebat
3267 4391 3435 4438 utaut
3454 4383 3778 4452 jejunarent,

2199 4476 2524 4530 abstinentes
2552 4491 2579 4528 a
2612 4475 2814 4529 balneis
2853 4485 3008 4546 atque
3054 4475 3334 4545 exquisitis
3376 4473 3660 4538 vestibus;
3689 4483 3780 4528 aut

2176 4570 2439 4637 protinus
2484 4569 2549 4624 ad
2595 4569 2854 4624 secundas
2899 4570 3106 4638 nuptias
3153 4567 3541 4629 concederent,
3580 4581 3650 4620 ne
3695 4567 3779 4619 lex

2202 4661 2410 4715 Domini
2435 4661 2676 4732 injuriam
2704 4670 2989 4730 pateretur.
3028 4659 3230 4714 Deinde
3260 4657 3570 4712 hortabatur
3609 4671 3782 4727 popu-

2202 4753 2278 4807 los
2298 4794 2312 4818 ,
2340 4762 2395 4807 ut
2424 4753 2475 4807 in
2517 4753 2791 4807 nocturnis
2824 4751 3067 4822 precibus
3092 4749 3294 4805 assidui
3329 4755 3546 4812 essent,
3588 4745 3779 4800 horum

2199 4853 2374 4900 autem
2423 4859 2618 4898 uxores
2661 4842 2806 4897 domi
2857 4849 3168 4904 manerent,
3216 4854 3309 4894 eas
3353 4837 3588 4893 interdiu
3627 4849 3782 4892 orare

2201 4934 2490 4989 exhortans
2513 4976 2527 5001 ,
2555 4935 2694 5005 quod
2723 4935 2818 4988 viri
2851 4932 3082 4988 interdiu
3107 4947 3210 4985 non
3237 4935 3504 4984 vacarent.
3529 4926 3656 4980 Htec
3686 4940 3783 4978 au-

2204 5035 2306 5080 tem
2335 5026 2512 5079 omnia
2552 5025 2814 5096 angebant
2845 5024 3252 5094 negligentiores
3292 5037 3323 5076 e
3349 5021 3524 5083 clero,
3565 5025 3780 5072 noctem

2203 5124 2364 5170 totam
2386 5115 2619 5171 dormire
2641 5117 2844 5170 solitos.
2869 5116 2995 5171 Post
3034 5116 3148 5169 hare
3176 5110 3524 5184 apprehendit
3546 5109 3777 5180 gladium

2201 5209 2630 5279 reprehensionis
2658 5209 2916 5264 adversus
2938 5208 3149 5273 divites,
3179 5207 3462 5261 abscessus
3501 5202 3662 5257 animi
3689 5214 3779 5256 co-

2202 5317 2318 5356 rum
2350 5315 2535 5356 secans
2561 5342 2575 5366 ,
2609 5301 2958 5356 humilitatem
2985 5301 3131 5370 ipsos
3157 5299 3386 5354 edocens
3439 5304 3493 5351 et
3534 5309 3655 5350 cum
3687 5293 3781 5345 ho-

2201 5391 2431 5446 minibus
2457 5391 2676 5463 reliquis
2701 5391 2941 5446 modeste
2961 5405 3118 5460 agere
3138 5431 3151 5454 ,
3197 5389 3491 5458 apostolico
3541 5385 3777 5440 sermoni

2201 5498 2404 5537 morem
2434 5498 2622 5552 gerens
2642 5525 2657 5550 ,
2687 5483 2777 5553 qui
2806 5491 2888 5537 est
2915 5481 2981 5535 ad
3007 5479 3343 5535 Timotheum
3371 5475 3657 5532 :Dim'tilms
3683 5474 3784 5526 hu-

2197 5577 2282 5647 jus
2308 5575 2479 5632 seaculi
2507 5576 2753 5647 praecipe,
2777 5591 2875 5628 non
2907 5572 3118 5630 sublime
3151 5586 3346 5639 sapere,
3394 5584 3552 5637 neque
3580 5579 3784 5634 sperare

2205 5671 2256 5724 in
2284 5672 2473 5725 incerto
2518 5670 2804 5724 divitiarum
2833 5668 2882 5740 (ι
2918 5666 3046 5721 Tim.
3080 5663 3132 5719 6.
3183 5665 3308 5735 17).
3347 5658 3478 5716 Cum
3507 5658 3665 5731 igitur
3694 5668 3781 5710 res
