4038 6154
288 171 348 227 ιο
1285 174 1372 228 DE
1415 174 1572 229 VITA
1613 173 1668 229 S.
1708 172 1872 230 JOAN

1976 178 1995 229 5
2034 169 2543 233 (.HRYSOSTOML
3489 167 3564 234 αθ

281 283 456 336 νεῖται
508 278 758 346 διάκονος
793 281 882 334 διὰ
920 281 1010 335 τοῦ
1046 281 1306 336 Μελετίου
1341 324 1356 349 ,
1409 277 1760 356 ὑπηρετήσας
1796 284 1875 353 τῷ

283 364 662 436 θυσιαστηρίῳ
697 365 793 418 δύο
840 365 976 436 πρὸς
1014 367 1127 429 τοῖς
1180 366 1357 437 τρισὶν
1408 365 1605 423 ἔτεσιν.
1632 368 1772 440 Ἤδη
1820 368 1878 421 δὲ

283 449 384 518 τῆς
463 446 848 518 διδασκαλικῆς
909 446 1078 501 αὑτοῦ
1145 449 1347 520 ἀρετῆς
1408 449 1819 524 διαλαμπούσης
1859 492 1877 519 ,

287 533 383 587 καὶ
413 532 524 586 τῶν
549 526 691 586 λαῶν
714 534 780 586 ἐκ
806 532 907 603 τῆς
939 533 1034 586 τοῦ
1060 532 1177 602 βίου
1221 530 1400 605 ἅλμης
1434 534 1877 605 γλυκαινομένων

287 615 459 669 αὑτοῦ
506 618 571 686 τῇ
608 615 888 688 συντυχίᾳ,
926 616 1297 690 πρεσϐύτερος
1348 621 1737 688 χειροτονεῖται
1790 618 1878 673 διά

286 698 589 754 Φλαδιανοῦ
616 698 712 753 τοῦ
745 699 1069 754 ἐπισκόπου.
1112 702 1222 754 Καὶ
1250 700 1561 772 διαπρέψας
1591 702 1713 773 τρὶς
1748 702 1876 755 τέσ-

286 800 428 853 σαρα
452 783 547 853 ἐτη
578 784 638 834 ὲν
687 785 754 852 τῇ
798 783 909 835 τῶν
960 783 1282 854 Ἀντιοχέων
1320 782 1638 854 Ἐκκλησία,
1674 785 1875 839 ἀποσε-

288 865 473 936 μνύνει
503 866 566 919 16
602 867 785 919 ἐκεῖσε
820 868 1082 939 ίερατεῖον
1113 871 1181 938 τῇ
1202 867 1295 920 τοῦ
1327 868 1444 937 βίου
1458 868 1875 940 ἀκριϐείᾳ,τοὺς

289 949 386 1019 μιν
417 947 621 1012 άλίξων
648 952 716 1020 τῇ
751 950 1105 1022 σωφροσύνῃ,
1151 952 1277 1014 τοὺς
1310 950 1368 1002 δὲ
1399 950 1648 1019 φωτίζων
1696 955 1761 1024 τῇ
1792 953 1869 1005 δι-

283 1030 554 1102 δασκαλίᾳ
575 1074 590 1097 ,
620 1033 751 1095 τοὺς
778 1032 835 1086 δὲ
873 1032 1108 1097 ποτίζων
1144 1035 1255 1097 τοῖς
1289 1032 1383 1086 τοῦ
1426 1034 1742 1104 Πνεύματος
1776 1037 1871 1089 νά-

287 1133 475 1185 μασιν.
518 1114 737 1168 Τούτων
788 1115 845 1167 δὲ
897 1114 1072 1180 οὔτως
1123 1116 1619 1187 οὐριοδρομούντων
1672 1120 1737 1190 τῇ
1776 1119 1870 1173 τοῦ

283 1198 527 1272 Χριστοῦ
576 1197 925 1270 κυϐερνήσει,
974 1201 1234 1269 κοιμᾶται
1278 1201 1306 1252 ὀ
1352 1200 1621 1273 μακάριος
1654 1202 1872 1257 Νεκτά-

285 1298 421 1353 ριος,
460 1284 491 1336 6
521 1282 822 1345 ἐπίσκοπος
847 1283 947 1352 τῆς
964 1282 1613 1338 Κωνσταντινουπολιτῶν
1646 1284 1873 1355 Ἐκκλη-

284 1365 431 1428 σίας.
481 1365 763 1419 Ἐντεῦθεν
806 1366 1159 1437 συντρέχουσι
1215 1379 1359 1430 τινες
1393 1367 1503 1419 τῶν
1550 1369 1623 1440 μὴ
1676 1368 1871 1439 ζητου-

286 1450 489 1515 μένων,
523 1447 961 1522 μνηστεύοντεςα
992 1450 1092 1521 τὴν
1130 1450 1441 1521 προεδρίαν,
1486 1450 1679 1521 ἄνδρες
1730 1453 1873 1513 τινὲς

281 1533 388 1586 οὐκ
428 1532 641 1603 ἄνδρες,
679 1532 1045 1605 πρεσόύτεροι
1086 1532 1185 1603 μὲν
1220 1532 1318 1604 τὴν
1347 1533 1535 1598 ἀξίαν,
1566 1533 1774 1598 ἀνάξιοι
1816 1535 1873 1588 δὲ

280 1616 385 1686 τῆς
410 1617 732 1688 ἱερωσύνης,
753 1618 801 1669 οί
822 1617 918 1686 μὲν
942 1615 1600 1688 πραιτωριοκτυποῦντες,
1629 1619 1676 1671 οἰ
1698 1617 1755 1671 δέ
1780 1617 1873 1671 καὶ

279 1699 743 1770 δωροδοκοῦντες,
785 1699 935 1757 ἄλλοι
981 1700 1037 1752 δὲ
1084 1701 1179 1753 καὶ
1226 1701 1351 1763 τοὺς
1395 1700 1602 1770 δήμους
1645 1718 1875 1769 γονυπε-

279 1782 529 1847 τοῦντες.
561 1784 681 1837 Ἐπὶ
695 1782 904 1846 τούτοις
925 1783 1192 1836 κλονεῖται
1222 1783 1250 1834 ό
1272 1782 1400 1844 λαὸς
1421 1781 1530 1835 τῶν
1554 1782 1870 1854 ὀρθοδόξων,

278 1866 626 1920 διαακύλλων
662 1867 752 1920 τὸν
792 1866 1048 1937 βασιλέα,
1083 1863 1359 1935 ἐπιζητῶν
1401 1865 1496 1918 τὸν
1529 1867 1873 1936 ἐπιστήμονα

283 1951 384 2020 τῆς
419 1950 744 2021 ἱερωσύνης.
793 1950 1045 2020 Ἐκράτει
1072 1949 1129 2001 δὲ
1159 1949 1265 2001 τῶν
1300 1948 1644 2019 πραγμάτων
1670 1950 1873 2020 Εὑτρό-

281 2048 408 2096 πιος
431 2036 460 2088 ὀ
494 2035 735 2099 σπάδων,
776 2033 1066 2104 ἁφηγητὴς
1101 2032 1208 2086 τῶν
1240 2031 1534 2102 βασιλικῶν
1577 2032 1869 2088 κοιτώνων.

277 2116 615 2187 Βουλόμενος
653 2115 745 2172 οῦν
774 2119 934 2173 αὑτὸν
960 2117 1300 2189 παραθέσθαι
1326 2119 1392 2188 τῇ
1420 2116 1569 2169 πόλει
1604 2111 1737 2187 (εἶχε
1760 2115 1869 2187 γάρ

279 2203 486 2271 πεῖραν
512 2202 608 2271 τῆς
636 2203 841 2274 ἀρετῆς
880 2201 1148 2264 Ἰωάννου,
1182 2198 1466 2269 βασιλικῆς
1502 2199 1683 2260 αἰτίας
1705 2198 1869 2253 αὑτὸν

276 2286 365 2346 εἰς
420 2284 709 2356 Ἀνατολὴν
738 2286 835 2355 τὴν
860 2284 1143 2355 ἐνδοτέραν
1165 2281 1511 2353 ἀγαγούσης)
1534 2326 1550 2347 ,
1584 2277 1737 2347 οὗτος
1765 2298 1871 2337 παι

278 2367 618 2437 ρασκευάζει
642 2367 735 2421 τὸν
767 2368 989 2438 βασιλέα
1023 2369 1324 2438 γράμματα
1358 2364 1590 2438 χαράξαι
1620 2366 1755 2437 πρὸς
1777 2367 1869 2419 τὸν

277 2450 505 2520 κόμητα
577 2452 946 2521 Ἀντιοχείας,
1028 2450 1269 2522 ἀψοφητί
1337 2450 1718 2516 ἐξαποστεῖλαι
1776 2449 1870 2503 τὸν

289 2532 572 2605 Ἰωάννην,
611 2537 687 2607 μὴ
717 2535 1028 2607 ταράξαντα
1070 2536 1169 2607 τὴν
1208 2532 1542 2604 Ἀντιοχέων.
1586 2536 1680 2597 ’⁸ος
1709 2532 1868 2598 ἐξαυ·

275 2616 385 2685 τῆς
411 2618 710 2689 δεξάμενος
730 2619 794 2673 16
828 2619 1083 2689 γράμμα,
1115 2618 1426 2690 παρακαλεῖ
1443 2617 1605 2671 αὑτὸν
1634 2617 1739 2683 ἔξω
1769 2620 1870 2688 τῆς

277 2700 495 2765 πόλεως
529 2702 782 2770 γενέσθαι
812 2704 976 2772 μέχρι
1013 2702 1122 2756 τῶν
1138 2699 1494 2772 Μαρτυρίων.
1522 2700 1749 2771 πλησίον
1769 2702 1870 2772 τῆς

275 2783 628 2856 καλουμένης
689 2786 1113 2855 Ῥωμανησίας,
1183 2784 1277 2836 καὶ
1329 2784 1653 2847 ἐπιϐιϐάσας
1706 2785 1871 2839 αὑτὸν

272 2864 530 2939 δημοσίῳ
557 2867 746 2939 ρηδίῳ,
772 2867 1207 2937 παραδίδωσιτῷ
1240 2866 1599 2920 ἀποσταλέντι
1630 2865 1873 2940 εὐνούχῳ

274 2953 380 3006 σὺν
414 2951 494 3020 τῷ
525 2952 830 3023 στρατιώτῃ
855 2951 946 3005 τοῦ
981 2952 1304 3023 μαγίστρου.
1334 2950 1520 3015 υῦτως
1548 2950 1734 3022 ἀχθεὶς
1757 2968 1871 3022 χει-

274 3037 583 3105 ροτονεῖται
608 3034 904 3099 ἐπίσκοπος
932 3037 1031 3106 τῆς
1058 3034 1711 3091 Κωνσταντινουπολιτῶν
1748 3036 1874 3089 Ἐκ-

269 3116 536 3187 κλησίας.
585 3117 867 3188 ’Δπαρχῆς
922 3114 1014 3171 οὖν
1064 3121 1092 3172 ὀ
1136 3118 1392 3187 Θεόφιλος
1419 3121 1447 3173 6
1474 3121 1574 3189 τῆς
1623 3119 1874 3184 Ἀλεξαν-

267 3200 455 3271 δρέων
481 3200 807 3265 ἐπίσκοπος,
841 3199 1096 3274 προσχὼν
1121 3196 1288 3255 αὑτοῦ
1313 3205 1380 3273 τῇ
1406 3201 1761 3266 καταστάσει,
1794 3201 1874 3273 τῷ

268 3283 636 3354 ἀνεπιλήπτῳ
671 3286 770 3355 τῆς
816 3272 1164 3355 παρρησίας,
1216 3272 1480 3354 ήψυχώθη
1540 3284 1678 3355 πρὸς
1722 3283 1817 3355 τὴν
1842 3272 1876 3325 δ’

268 3366 637 3436 χειροτονίαν.
669 3367 827 3420 Ἐστι
863 3366 973 3437 γάρ
998 3366 1172 3432 δεινὸς
1197 3367 1262 3420 ἐκ
1287 3367 1385 3437 τῆς
1408 3367 1649 3436 φανερᾶς
1672 3365 1869 3437 ὅψεως·

268 3449 485 3518 ἀφανὲς
513 3449 624 3517 γάρ
651 3448 938 3519 ἀνθρώπου
967 3448 1213 3521 βούλημα
1241 3449 1336 3504 καὶ
1360 3448 1586 3519 γνώμην
1618 3450 1871 3505 συνιδεῖνε

282 3530 348 3584 ὐ
376 3531 564 3584 ΔΙΔΚ.
601 3529 872 3603 Ἐπίσχες,
900 3532 1103 3604 Πάτερ,
1139 3532 1333 3603 μικρὸν
1368 3532 1776 3602 ἀνθυπενέγκω.
1812 3534 1873 3586 '0

282 3614 623 3668 ἘΠΙΣΚ.Τί
642 3615 800 3669 τοῦτο
827 3614 1089 3686 μάλιστα;
1129 3616 1189 3669 '0
1210 3617 1394 3669 AIAK.
1429 3616 1540 3668 Καὶ
1563 3617 1869 3682 εἰτοιοῦτος

274 3694 523 3770 ὑπάρχει
545 3699 575 3749 6
611 3698 892 3768 Θεόφιλος,
920 3699 996 3762 ὠς
1024 3698 1161 3769 πρὸς
1178 3698 1238 3751 16
1266 3698 1485 3770 βλέπειν
1515 3698 1583 3751 δι’
1613 3698 1867 3770 ὀξύτητα,

274 3778 397 3843 πῶς
440 3780 728 3850 ἠγνόησεν,
767 3781 850 3834 ὅτι
888 3782 984 3851 τὴν
1014 3781 1340 3853 οἰκουμένην
1368 3779 1592 3852 ταράξει
1634 3780 1871 3849 ἐξεώσας

273 3863 472 3929 αὑτόν;
517 3863 580 3917 ⁸0
609 3864 854 3917 ἙΠΙΣΚ.
890 3863 1061 3918 Τοῦτο
1084 3864 1144 3916 οὑ
1185 3858 1580 3935 θαυμαστὸν,ὧ
1604 3864 1867 3933 βέλτιστε*

273 3945 374 3999 καὶ¹
414 3946 528 4018 γάρ
563 3947 614 4001 οί
659 3946 916 4016 δαίμονες
957 3946 1325 4018 γνωρίσαντες
1356 3949 1457 4015 τὴν
1489 3947 1586 3999 τοῦ
1618 3946 1870 4017 Σωτῆρος

273 4028 599 4100 ἐπιδημίαν,
619 4030 917 4100 ἠγνόησαν,
951 4031 1034 4083 ὃτι
1064 4031 1144 4082 ἐνὶ
1171 4033 1453 4103 φυσήματι
1472 4030 1587 4084 τῶν
1606 4030 1755 4102 αὑτῷ
1782 4044 1874 4084 πε-

274 4112 654 4166 πιστευκότων
678 4112 1015 4185 δεθήσονται.
1053 4114 1109 4167 Ὀ
1140 4114 1324 4171 ΔΙΔΚ.
1351 4112 1459 4166 Ποῦ
1482 4114 1539 4167 δέ
1569 4114 1874 4187 ἐγνώρισαν

273 4195 376 4265 τὴν
418 4195 516 4248 τοῦ
567 4196 819 4266 Σωτῆρος
862 4197 1202 4267 παρουσίαν;
1255 4196 1312 4250 Ὀ
1370 4198 1619 4252 ἘΠΙΣΚ.
1678 4198 1875 4252 Ἠνίκα

275 4279 478 4332 ἐῦόων·
521 4278 781 4348 Οῑδαμέν
825 4288 896 4335 σε
939 4280 1032 4346 τίς
1058 4276 1132 4345 εἴ,
1182 4283 1215 4333 ὀ
1246 4279 1414 4350 ἅγιος
1439 4279 1545 4334 τοῦ
1590 4279 1742 4334 Θεοῦ
1766 4297 1780 4311 ·
1815 4281 1873 4334 τι

275 4356 464 4430 ἦλθες
515 4361 630 4431 πρὸ
678 4361 886 4431 καιροῦ
917 4362 1258 4429 ,βασανίσαι
1297 4360 1458 4432 ἡμᾶς
1478 4380 1496 4429 ;
1547 4363 1732 4434 Ὁρᾷς,
1789 4364 1877 4417 ὃτι-

282 4444 650 4514 προῄδεισαν,
692 4446 754 4498 οὑ
791 4445 950 4517 μόνον
998 4446 1081 4499 ὅτι
1115 4445 1267 4515 ἅγιός
1307 4448 1475 4511 ἐστιν,
1521 4447 1634 4500 ἀλλ’
1664 4448 1746 4500 ὅτι
1778 4448 1874 4501 καὶ

279 4530 497 4598 κριτής.
543 4527 607 4579 Τί
636 4527 692 4580 δὲ
718 4528 862 4596 λέγω
893 4529 1022 4598 περὶ
1044 4528 1152 4581 τῶν
1179 4529 1480 4599 δαιμόνων;
1508 4531 1567 4582 αἰ
1608 4530 1867 4584 κακοδαί-

282 4627 445 4680 μονες
473 4610 585 4663 τῶν
610 4612 895 4683 ἑταιρίδων
919 4614 984 4666 ἐκ
1014 4612 1115 4683 τῆς
1135 4611 1243 4664 τῶν
1268 4612 1564 4683 ὀφθαλμῶν
1596 4613 1875 4667 καταστά-

282 4710 421 4758 σιως
450 4694 782 4765 γνωρίζουσι
813 4696 940 4759 τοὺς
993 4695 1279 4768 σώφρονας
1324 4696 1546 4768 ἄνδρας,
1583 4698 1679 4752 καὶ
1731 4698 1870 4751 ἀποε-

285 4778 639 4850 στρέφονται,
674 4778 865 4851 ῶσπερ
896 4780 926 4834 6
948 4780 1122 4833 νοσῶν
1152 4778 1431 4849 ὀφθαλμὸς
1457 4779 1557 4851 τὴν
1590 4778 1685 4833 τοῦ
1717 4779 1871 4851 ήλίου

282 4860 501 4933 αῖγλην,
532 4863 629 4916 καὶ
655 4865 683 4917 6
714 4864 826 4932 γὺψ
858 4864 918 4917 16
951 4864 1143 4935 μύρον.
1173 4862 1344 4919 Πόθεν
1371 4862 1429 4917 δὲ
1473 4864 1555 4931 16,
1584 4862 1874 4933 Βδέλυγμα.

285 4945 631 5018 ἁμαρτωλοῖς
654 4946 956 5010 θωσέσεια,
979 4949 1028 5001 εἰ
1047 4948 1121 5018 μὴ
1142 4946 1349 5018 ταύτην
1369 4946 1690 5020 ὲγνώριζον;
1717 4945 1874 5002 Οὕτω

284 5028 382 5081 καί
404 5029 435 5080 6
461 5028 740 5100 Θεόφιλος,
768 5029 831 5096 ἐξ
865 5025 941 5085 ὧν
971 5029 1065 5084 τοῦ
1104 5031 1236 5085 ἰδίου
1269 5030 1552 5102 ὀφθαλμοῦ
1581 5032 1644 5085 16
1665 5030 1871 5085 κατάλ-

283 5108 448 5183 ληλον
484 5111 519 5182 ἦ
548 5114 607 5168 τὸ
636 5112 981 5185 καταθύμιον
1004 5116 1063 5169 ἐν
1090 5117 1156 5186 τῇ
1188 5113 1283 5167 τοῦ
1342 5114 1595 5170 Ἰωάννου
1618 5112 1741 5185 ὄψει
1771 5115 1873 5187 οὑχ

285 5187 467 5267 εὗρεν,
505 5198 883 5270 στοχαστικῶς
912 5197 974 5252 16
1004 5196 1245 5253 ἐναντίον
1269 5197 1635 5266 ὑπετόπασεν,
1666 5198 1729 5252 οὑ
1770 5214 1873 5252 κα-

287 5279 663 5351 ταληπικῶς.
710 5282 769 5337 '0
785 5282 969 5341 ΔΙΔΚ.
1000 5281 1335 5353 Θαυμασίως
1372 5281 1606 5355 εῐρηκας
1626 5323 1641 5347 ,
1669 5283 1873 5353 Πάτερ.

286 5363 433 5433 Πρὸς
465 5365 522 5419 τί
565 5366 626 5420 δὲ
668 5364 1001 5421 ἀντέπιπτεν
1041 5369 1109 5437 τῇ
1156 5366 1494 5438 χειροτονίᾳ;
1529 5366 1589 5419 '0
1623 5365 1875 5422 ἘΠιΣΚη

1986 285 2078 337 καὶ
2114 286 2428 357 ἐχέφρονας,
2473 289 2520 341 εί
2565 289 2638 360 μή
2677 304 2728 342 τι
2770 290 2837 342 ἂν
2878 292 3192 361 ἀστοχήσοι,
3242 289 3566 363 βουλόμενος

1986 367 2238 420 ἁπάντων
2293 368 2515 440 κρατεῖν
2560 370 2636 436 ώς
2683 373 2954 444 ἀνοήτων·
2986 373 3208 443 ἄμεινον
3252 373 3561 445 ἡγούμενος

1982 451 2224 523 ἀνοήτων
2268 457 2510 523 κρατεῖν,
2556 454 2589 525 ῆ
2639 455 2919 526 φρονίμων
2948 456 3187 511 ἀκούειν.
3219 457 3367 527 Πλὴν
3413 459 3565 530 ὅμως

1982 536 2193 587 νικᾶται
2242 536 2345 588 ὑπὸ
2393 538 2491 607 τῆς
2528 539 2797 609 σωτηρίου
2837 540 3103 611 Προνοίας
3158 541 3253 594 καὶ
3299 539 3442 594 ἐκὼν
3472 544 3567 596 καὶ

1981 617 2147 671 ἄκων.
2203 619 2388 683 Οὕτως
2441 622 2838 694 χειροτονηθεὶς
2890 626 2918 676 ὁ
2982 624 3234 695 Ἰωάννης
3262 663 3276 686 ,
3336 623 3563 696 ἄρχεται

1979 700 2078 770 τῆς
2114 700 2243 754 τῶν·
2273 703 2615 774 πραγμάτων
2660 705 2996 774 ἐπιμελείας,
3039 706 3146 759 ἀπὸ
3191 707 3290 776 τῆς
3340 706 3567 780 λογικῆς

1978 783 2283 855 ἀρξάμενος
2350 784 2606 857 σύριγγος
2662 786 2761 856 τῆς
2818 784 2927 840 τῶν
2980 787 3269 860 προϐάτων
3325 790 3562 861 δοκιμαέ·

1981 868 2120 929 σίας.
2203 867 2480 934 Ὀλιγάκις
2541 868 2597 920 δὲ
2644 870 3069 940 καταχρώμενος
3125 871 3218 925 καὶ
3275 875 3341 942 τῇ
3407 872 3564 943 ἑλεγ-
3634 866 3639 871 ’

1978 952 2136 1019 κτικῇ
2198 949 2505 1021 βακτηρία,
2555 952 2861 1004 κατατείνει
2912 954 3065 1021 λόγον
3122 954 3261 1007 κατά
3311 955 3409 1025 τῆς
3444 956 3566 1009 ἐπιι

1978 1033 2216 1086 πλάστου
2243 1034 2626 1103 ἀδελφοζωῖας,
2665 1036 2726 1089 16
2768 1036 2811 1089 δ’
2838 1036 3058 1109 ἀληθὲς,
3093 1038 3235 1092 κατά
3268 1038 3367 1109 τῆς
3398 1040 3565 1111 ἀσχή-

1980 1133 2080 1187 μ·>υ
2117 1117 2425 1181 κακοζωῖας
2468 1118 2594 1188 περὶ
2634 1119 2740 1171 τῶν
2781 1119 3128 1190 καλουμένων
3170 1120 3564 1188 συνεισάκτων,

1976 1199 2296 1263 ἀποδεικνὺς
2361 1202 2417 1253 ἐν
2462 1201 2668 1271 αἱρέσει
2721 1202 2907 1256 κακῶν
2967 1203 3221 1272 ἀμείνους
3261 1198 3397 1256 εἶναι
3439 1205 3564 1267 τοὺς

1976 1285 2397 1354 τιυρνοτρόφδυς.
2442 1284 2667 1336 Ἐκεῖνοι
2699 1285 2795 1354 μὲν
2827 1285 2935 1355 γὰρ
2968 1284 3156 1357 πόρῤω
3185 1286 3279 1339 τοῦ
3326 1286 3563 1359 ἰατρείου

1975 1365 2272 1439 οἰκοῦντες,
2305 1365 2424 1419 καθ’
2454 1366 2679 1429 ἑαυτοὺς
2708 1366 2888 1435 ἔχουσι
2922 1370 3036 1430 τοῖς
3076 1367 3421 1439 βουλομένοις
3465 1369 3565 1439 τὴν

1975 1450 2147 1504 νόσον·
2181 1442 2327 1503 οῦτοι
2356 1450 2413 1503 δὲ
2444 1449 2590 1502 ἔνδον
2627 1449 2722 1502 τοῦ
2760 1450 3119 1522 ἐργαστηρίου
3152 1451 3427 1516 οἰκοῦντες
3464 1454 3562 1521 τῆς

1978 1532 2273 1604 σωτηρίας,
2309 1532 2403 1585 καὶ
2433 1534 2559 1597 τοὺς
2603 1533 2944 1603 ὑγιαίνοντας
2975 1534 3332 1588 ἐκκαλοῦνται
3373 1537 3452 1598 εἰς
3478 1537 3563 1588 νόο

1977 1633 2088 1669 σον.
2131 1614 2405 1669 Ἐντεῦθεν
2439 1615 2676 1669 θλίὸεται
2707 1616 2769 1668 16
2794 1616 3077 1686 ἀφιλόθεον
3115 1618 3279 1689 μέρος
3307 1616 3402 1671 τοῦ
3433 1618 3565 1689 γλή-

1977 1715 2073 1770 ρου
2109 1699 2373 1770 πυρέττον
2401 1697 2462 1750 τὸ
2483 1698 2671 1762 πάθος.
2701 1698 2834 1751 Μετ’
2875 1701 3080 1753 ἐκεῖνον
3102 1700 3192 1752 τὸν
3222 1700 3377 1768 λόγον
3402 1701 3563 1773 ἄρχει

1974 1800 2062 1836 ται
2092 1782 2232 1835 κατά
2257 1782 2357 1852 τῆς
2385 1781 2617 1845 ἀδικίας,
2649 1785 3043 1854 καταστρέφων
3084 1783 3182 1855 τὴν
3231 1784 3563 1856 μητρόπολιν

1977 1864 2087 1916 τῶν
2122 1864 2305 1918 κακῶν
2351 1865 2450 1935 τὴν
2489 1863 2799 1929 πλεονεξίαν
2843 1867 2923 1928 είς
2966 1867 3256 1937 οἰκοδομὴν
3290 1867 3562 1922 δικαιοσύ⁴

1978 1966 2096 2018 νης.
2124 1948 2294 2001 Τοῦτο
2331 1947 2439 2019 γάρ
2468 1948 2596 2001 ἴδιον
2624 1948 2730 2000 τῶν
2759 1948 2937 2016 σοφῶν
2975 1951 3391 2019 ἀρχιτεκτόνων,
3432 1952 3564 2022 πρό⁴

1978 2048 2133 2104 τερον
2169 2030 2542 2102 καταστρέψαι
2578 2031 2677 2102 τὴν
2713 2030 3001 2103 οἰκοδομὴν
3048 2031 3140 2084 τοῦ
3176 2031 3424 2101 ψεύδους,
3460 2030 3562 2086 εἴθ’

1980 2114 2204 2186 ὕστερον
2236 2114 2408 2167 θεῖναι
2437 2115 2527 2168 τὸν
2562 2113 2809 2185 θεμέλιον
2842 2114 2941 2185 τῆς
2982 2114 3262 2185 ἀληθείας.
3302 2115 3376 2179 ὡς
3406 2116 3563 2185 λέγε·-

1978 2214 2067 2253 ται
2096 2199 2245 2271 παρὰ
2267 2199 2342 2269 τῷ
2370 2194 2643 2272 προφήτῃ’
2674 2198 3028 2267 Καθέστηκὰ
3055 2211 3128 2253 σε
3153 2200 3250 2253 ἐπὶ
3281 2199 3427 2269 ἔθνη
3461 2203 3559 2255 καὶ

1972 2284 2314 2348 βασιλείας,
2350 2280 2621 2349 ἐκριζοῦν
2657 2280 2755 2334 καὶ
2785 2283 3236 2350 καταφθυτεύειν,
3264 2283 3360 2337 καὶ
3388 2299 3563 2338 καταο

1979 2366 2271 2420 σκάπτειν
2304 2365 2401 2418 καὶ
2428 2364 2861 2434 ἀνοικοδομεῖν·
2895 2362 2953 2418 16
2990 2366 3087 2436 μὲν
3121 2366 3195 2428 ὡς
3218 2365 3468 2438 γεωργῷ,
3501 2367 3563 2419 16

1977 2450 2034 2502 δὲ
2063 2450 2139 2513 ώς
2160 2449 2445 2519 οἰκοδόμῳ.
2485 2450 2578 2501 Ἐκ
2607 2449 2796 2502 τούτου
2822 2450 3153 2519 ταράσσεται
3184 2451 3347 2503 πάλιν
3371 2452 3431 2504 16
3465 2451 3563 2521 μὲ-

1981 2549 2070 2604 ρος
2121 2531 2227 2585 τῶν
2280 2531 2771 2601 βαλαντιοσκόπων.
2825 2533 2978 2585 Μετὰ
3019 2532 3178 2588 τοῦτο
3221 2535 3561 2605 ἐπιμελεῖται

1977 2614 2154 2669 αὐτῶν
2182 2616 2279 2687 τῆς
2309 2615 2542 2685 διαίτης,
2577 2614 2910 2686 παρακαλῶν
2942 2616 3230 2684 ἀρκεῖσθαι
3259 2620 3369 2679 τοῖς
3411 2617 3562 2682 ἰδίοις

1976 2698 2245 2770 ὀψωνίοις,
2276 2698 2370 2751 καὶ
2405 2697 2478 2769 μὴ
2507 2696 2722 2750 διώκειν
2755 2697 2854 2762 τάς
2886 2698 3110 2763 κνίσσας
3143 2700 3242 2763 τάς
3267 2701 3376 2753 τῶν
3402 2700 3564 2755 πλου-⁵

1979 2782 2129 2845 σίων,
2162 2781 2249 2833 ἵνα
2279 2780 2353 2852 μὴ
2382 2780 2588 2833 καπνὸν
2621 2779 2837 2850 ἔχοντες
2876 2780 2966 2833 16v
2991 2781 3268 2854 δᾳδοῦχον,
3302 2785 3367 2855 τῇ
3404 2783 3565 2853 φλογὶ

1975 2864 2077 2934 τῆς
2106 2862 2400 2927 ἀκολασίας
2442 2863 2806 2933 παραδοθῶσι,
2843 2863 3091 2917 κολάκων
3121 2866 3212 2918 καὶ
3247 2867 3564 2938 παρασίτων

1980 2946 2408 3017 μεταδιώξαντες
2474 2946 2605 3017 βίον.
2685 2945 2966 3001 Ἐντεῦθεν
3051 2947 3437 3019 ἀνορύττονται
3513 2951 3563 3004 οί

1978 3031 2194 3094 πλείους
2229 3030 2336 3082 τῶν
2369 3031 2819 3101 γαστριμάργων,
2860 3030 3299 3103 συγκλωθόμενοι
3327 3031 3440 3097 τοῖς
3472 3050 3563 3087 σου

1977 3116 2190 3182 φισταῖς
2210 3113 2309 3183 τῆς
2337 3114 2688 3184 κατηγορίας.
2720 3112 2873 3165 Μετά
2901 3113 3057 3169 τοῦτο
3078 3114 3330 3187 διερευνᾷ
3357 3116 3423 3175 τά
3449 3116 3568 3188 βρέέ

1975 3196 2069 3249 δια
2098 3195 2192 3248 τοῦ
2235 3193 2542 3265 οἰκονόμου,
2571 3196 2663 3249 καὶ
2697 3196 2941 3267 εὑρίσκει
2968 3196 3231 3267 ἀνάλωμα
3283 3200 3385 3252 οὑκ
3417 3200 3566 3269 ὠφε-

1974 3278 2098 3333 λοῦν
2127 3276 2226 3349 τὴν
2263 3277 2610 3347 Ἐκκλησίαν
2638 3279 2974 3349 προστάσσει
3002 3279 3206 3332 τούτων
3238 3282 3427 3352 ἀργεῖν
3464 3283 3565 3353 τὴν

1973 3362 2311 3433 ἐπικουρίαν.
2353 3360 2612 3432 Ἔρχεται
2653 3362 2735 3424 εἰς
2774 3360 2834 3415 τὸ
2880 3361 3170 3439 μέροςτοῦ
3205 3362 3562 3434 ἀναλώματος

1972 3444 2065 3499 τοῦ
2097 3445 2396 3499 ἐπισκόπου
2427 3454 2449 3483 ε
2472 3487 2486 3509 ,
2518 3446 2613 3498 καὶ
2655 3445 2900 3517 εὑρίσκει
2930 3444 3209 3515 δαψίλειαν
3244 3448 3306 3499 οὑ
3344 3447 3441 3518 τὴν
3469 3465 3563 3502 τυο

1970 3530 2192 3601 χοῦσαν,
2228 3529 2322 3583 καὶ
2363 3528 2577 3583 κελεύει
2635 3528 3023 3600 μετενεχθῆναι
3066 3529 3166 3601 τὴν
3215 3530 3565 3586 πολυτέλειαν

1969 3614 2175 3667 τούτων
2237 3615 2318 3676 εἰς
2373 3613 2432 3666 16
2491 3613 2856 3684 νοσοκομεῖον.
2922 3612 3299 3686 Περισσούσης
3356 3614 3415 3670 δὲ
3463 3617 3562 3686 τῆς

1970 3698 2182 3769 χρείας.
2234 3696 2408 3761 κτίζει
2443 3697 2666 3751 πλείονα
2712 3696 3056 3767 νοσοκομεῖα,
3102 3699 3561 3770 προκαταστήσας

1971 3781 2065 3835 δύο
2092 3780 2198 3834 τῶν
2224 3779 2465 3834 εὐλαϐῶν
2494 3779 2905 3854 πρεσϐυτέρων,
2948 3779 3027 3833 ἔτι
3065 3780 3170 3852 μὴν
3194 3782 3288 3834 καὶ
3323 3782 3559 3853 ἰατροὺς,

1974 3865 2069 3919 καὶ
2122 3865 2435 3937 μαγείρους,
2466 3864 2560 3917 καὶ
2593 3865 2864 3935 χρηστοὺς
2903 3863 3012 3917 τῶν
3050 3865 3279 3936 ἀγάμων
3326 3865 3563 3937 ἐργάτας

1971 3948 2181 4014 τούτοις
2243 3951 2318 4012 εἰς
2369 3947 2688 4020 ὑπηρεσίαν·
2734 3946 2871 4001 ὥστε
2921 3948 3047 4012 τοὺς
3098 3948 3563 4019 ἐπιχωριάζοντας

1976 4031 2160 4097 ξένους
2208 4033 2302 4085 καὶ
2352 4032 2456 4084 ὑπὸ
2482 4031 2637 4085 νόσου
2677 4030 3003 4101 ληφθέντας,
3033 4032 3326 4102 τυγχάνειν
3366 4032 3564 4101 ἐπιμε-

1972 4115 2140 4181 λείας,
2171 4117 2265 4170 καὶ
2295 4116 2361 4170 δι’
2400 4115 2533 4169 αὑτὸ
2569 4115 2631 4168 τὸ
2658 4104 2841 4179 καλδν,
2877 4114 2971 4168 καὶ
3000 4113 3088 4167 δι’ἂι
3121 4116 3219 4185 τὴν
3254 4112 3347 4167 τοῦ
3379 4112 3562 4183 Σωτῆ-

1976 4215 2068 4269 ρος
2105 4198 2283 4264 δόξαν.
2324 4199 2479 4252 Μετά
2506 4197 2667 4252 τοῦτο
2704 4197 3094 4269 προσκαλεῖται
3131 4196 3193 4250 τὸ
3224 4195 3332 4249 τῶν
3374 4195 3563 4267 χηρῶν

1972 4281 2180 4351 τάγμα,
2215 4280 2626 4351 ἐμπερινοστῶν
2661 4283 2724 4334 ἐν
2742 4282 2935 4344 αὐταῖς
2963 4280 3062 4344 τάς
3093 4281 3193 4334 οὑκ
3219 4278 3396 4351 ὀρθῶς
3427 4280 3562 4332 ἀνα-

1975 4362 2367 4435 στρεφομένας,
2396 4362 2491 4415 καὶ
2517 4361 2697 4434 εὑρὼν
2719 4363 3083 4434 φιλοσάρκους
3112 4362 3289 4427 τινάς,
3328 4361 3564 4435 παρῄνες-

1976 4446 2008 4518 ﬂ
2059 4445 2314 4516 νηστείαν
2366 4444 2679 4508 ἀναλαϐεῖν,
2727 4445 3073 4516 ἀπεχομένας
3123 4445 3420 4514 βαλανείων
3468 4445 3561 4498 καὶ

1977 4528 2284 4603 περιέργων
2329 4529 2578 4597 ἱματίων,
2628 4529 2662 4598 ἢ
2707 4528 2899 4582 θᾶττον
2930 4530 3127 4601 χωρεῖν
3179 4528 3271 4579 ἐπὶ
3311 4526 3560 4598 δεύτερον

1975 4615 2172 4686 γάμον,
2205 4614 2291 4668 ἵνα
2316 4613 2389 4685 μὴ
2424 4611 2713 4683 ὑϐρίζηται
2735 4613 2763 4663 ὀ
2784 4611 2946 4682 νόμος
2977 4613 3004 4664 ὁ
3033 4608 3126 4663 τοῦ
3156 4607 3383 4680 Κυρίου.
3406 4611 3560 4663 Μετά

1975 4697 2133 4750 τοῦτο
2174 4695 2476 4766 παρεκάλει
2525 4696 2653 4760 τοὺς
2688 4694 2893 4766 δήμους
2951 4694 3387 4765 προσκαρτερεῖν
3439 4695 3561 4755 ταῖς

1977 4782 2323 4851 νυκτεριναῖς
2353 4770 2670 4855 λιτανείαις,
2700 4778 2799 4842 τὰς
2837 4777 2894 4831 δὲ
2934 4775 3142 4832 τούτων
3176 4779 3441 4845 γυναῖκας
3477 4775 3560 4831 οῖ-

1977 4882 2062 4918 κοι
2090 4864 2290 4936 μένειν,
2317 4866 2375 4917 ἐν
2405 4862 2590 4937 μέρᾳ
2613 4862 3055 4936 προσευχομένας
3089 4859 3445 4934 παρακαλῶν,
3470 4860 3561 4914 δια

1976 4948 2037 5002 16
2086 4948 2162 5020 μὴ
2209 4947 2492 5019 σχολάζειν
2547 4950 2607 5002 ἐν
2631 4948 2816 5020 ἡμέρα
2856 4946 2983 5011 τοὺς
3024 4945 3241 5017 ἄνδρας.
3284 4944 3469 4999 Ταῦτα
3500 4945 3562 4998 δὲ’

1978 5032 2156 5087 πάντα
2188 5032 2375 5087 ἐλύπει
2399 5034 2531 5098 τοὺς·
2553 5031 2815 5103 ἁμελεστέ
2825 5048 2950 5103 ρους
2981 5028 3076 5083 τοῦ
3108 5030 3336 5101 κλήρου,
3357 5028 3559 5083 παννύ-

1977 5135 2093 5191 χιον
2134 5116 2415 5174 καθεύδειν
2468 5114 2923 5187 συνειθισμένους.
2952 5114 3105 5167 Μετά
3153 5113 3310 5169 τοῦτο
3355 5114 3563 5185 ἥπτετο

1976 5201 2072 5255 τοῦ
2101 5200 2418 5272 ὲλεγκτικοῦ
2453 5198 2642 5269 ξίφους
2689 5197 2832 5253 κατὰ
2874 5196 2980 5250 τῶν
3010 5196 3301 5257 πλουσίων.
3347 5197 3559 5267 τέμνων

1977 5284 2045 5340 τά
2081 5284 2183 5356 τῆς
2210 5284 2387 5357 ψυχῆς
2413 5280 2796 5353 ἀποστήματα,
2837 5280 3068 5349 ἀτυφίαν
3113 5280 3310 5343 αὐτοὺς
3352 5279 3560 5333 ἐκδιδάη

1981 5384 2147 5435 σκων,
2189 5364 2710 5439 μετριοφρονοῦντας
2748 5362 2886 5434 πρὸς
2928 5363 3055 5427 τοὺς
3093 5361 3312 5425 λοιποὺς
3350 5360 3561 5431 ἀνθρώ-ε

289 5446 621 5520 Ἕθοςαὺτῷ
642 5448 887 5507 τοιοῦτον
902 5446 1079 5522 ῆν,μὴ
1097 5452 1424 5523 χειροτονεῖν
1454 5450 1580 5513 τοὺς
1605 5450 1877 5522 χρηστοὺς
1980 5467 2134 5514 πους,
2169 5447 2511 5518 ἁποστολικῷ
2540 5444 2858 5517 πειθόμενος
2894 5443 3058 5514 λόγῳ,
3096 5443 3174 5515 τῷ
3216 5443 3354 5516 πρὸς
3388 5442 3557 5523 Τιμά-

346 5585 566 5648 fCodex
594 5586 925 5648 μαστεύοντες,
967 5586 1094 5636 forte
1118 5587 1316 5637 melius.

343 5644 371 5688 δ
390 5647 509 5700 Cod.
529 5644 769 5705 ἠντικότει
787 5647 899 5707 πρὸς
915 5649 1016 5705 τήν.

602 5742 882 5801 ΡΑτιιοι..
931 5740 1047 5801 Gn.
1096 5742 1350 5805 XLVII.

1959 5533 2101 5591 .θεον
2152 5532 2455 5604 φερομένῳ·
2496 5530 2623 5597 Τοῖς
2673 5529 2991 5595 πλουσίοις
3025 5528 3094 5581 ἐν
3134 5526 3217 5595 τῷ
3248 5527 3367 5582 νῦν
3391 5520 3564 5578 αἰῶνι

2049 5644 2072 5674 ⁸
2098 5641 2278 5705 (ἶσοι-ε.
2300 5639 2386 5688 τοῦ
2409 5637 2729 5690 ἐπιεῖσι-σίου».

3140 5727 3185 5787 5
