  <div class='ocr_page' id='page_1' title='image "/cluster/home/n/w/nwhite01/storage/ocr_20150623/47/mdp.39015012902212/077.png"; bbox 0 0 4038 6154; ppageno 0'>
   <div class='ocr_carea' id='block_1_1' title="bbox 465 236 2033 298">
    <p class='ocr_par' dir='ltr' id='par_1_1' title="bbox 465 237 2033 295">
     <span class='ocr_line' id='line_1_1' title="bbox 465 237 2033 295; baseline 0.003 -5"><span class='ocrx_word' id='word_1_1' title='bbox 465 237 524 291; x_wconf 75' lang='grc'>21</span> <span class='ocrx_word' id='word_1_2' title='bbox 1742 238 2033 295; x_wconf 66' lang='lat' dir='ltr'>PALLADI</span> 
     </span>
    </p>
   </div>
   <div class='ocr_carea' id='block_1_2' title="bbox 2145 236 3735 298">
    <p class='ocr_par' dir='ltr' id='par_1_2' title="bbox 2150 236 3735 298">
     <span class='ocr_line' id='line_1_2' title="bbox 2150 236 3735 298; baseline -0.003 -4"><span class='ocrx_word' id='word_1_3' title='bbox 2150 238 2453 298; x_wconf 74' lang='lat' dir='ltr'>IALOGUS</span> <span class='ocrx_word' id='word_1_4' title='bbox 3663 236 3735 289; x_wconf 66' lang='lat'>22</span> 
     </span>
    </p>
   </div>
   <div class='ocr_carea' id='block_1_3' title="bbox 369 352 2038 423">
    <p class='ocr_par' dir='ltr' id='par_1_3' title="bbox 369 352 2038 423">
     <span class='ocr_line' id='line_1_3' title="bbox 369 352 2038 423; baseline 0 -16"><span class='ocrx_word' id='word_1_5' title='bbox 369 406 377 414; x_wconf 85' lang='grc'>,</span> <span class='ocrx_word' id='word_1_6' title='bbox 462 352 841 423; x_wconf 59' lang='grc' dir='ltr'>πτιίίίγγελλε</span> <span class='ocrx_word' id='word_1_7' title='bbox 883 353 962 420; x_wconf 73' lang='grc' dir='ltr'>μὴ</span> <span class='ocrx_word' id='word_1_8' title='bbox 1024 352 1486 421; x_wconf 52' lang='grc' dir='ltr'>ιὀψιι.ἰ()ς;ριηι·εῖιν·,</span> <span class='ocrx_word' id='word_1_9' title='bbox 1527 352 1681 421; x_wconf 77' lang='grc' dir='ltr'>μηδὲ</span> <span class='ocrx_word' id='word_1_10' title='bbox 1722 355 2038 420; x_wconf 66' lang='grc' dir='ltr'>ἠλπικέναι</span> 
     </span>
    </p>
   </div>
   <div class='ocr_carea' id='block_1_4' title="bbox 464 430 2035 508">
    <p class='ocr_par' dir='ltr' id='par_1_4' title="bbox 464 430 2035 508">
     <span class='ocr_line' id='line_1_4' title="bbox 464 430 2035 508; baseline -0.001 -18"><span class='ocrx_word' id='word_1_11' title='bbox 464 439 560 490; x_wconf 75' lang='grc' dir='ltr'>ἐπὶ</span> <span class='ocrx_word' id='word_1_12' title='bbox 589 438 857 491; x_wconf 76' lang='grc' dir='ltr'>πλούτου</span> <span class='ocrx_word' id='word_1_13' title='bbox 885 430 1225 503; x_wconf 71' lang='grc' dir='ltr'>ἀδηλότητι.</span> <span class='ocrx_word' id='word_1_14' title='bbox 1246 435 1461 487; x_wconf 74' lang='grc' dir='ltr'>Ὶῖούτων</span> <span class='ocrx_word' id='word_1_15' title='bbox 1478 431 1568 489; x_wconf 78' lang='grc' dir='ltr'>οὖν</span> <span class='ocrx_word' id='word_1_16' title='bbox 1593 434 1766 499; x_wconf 70' lang='grc' dir='ltr'>οὕτως</span> <span class='ocrx_word' id='word_1_17' title='bbox 1785 437 2035 508; x_wconf 87' lang='grc' dir='ltr'>ἐχόντων,</span> 
     </span>
    </p>
   </div>
   <div class='ocr_carea' id='block_1_5' title="bbox 464 518 2039 592">
    <p class='ocr_par' dir='ltr' id='par_1_5' title="bbox 464 518 2039 592">
     <span class='ocr_line' id='line_1_5' title="bbox 464 518 2039 592; baseline 0 -19"><span class='ocrx_word' id='word_1_18' title='bbox 464 523 558 575; x_wconf 73' lang='grc' dir='ltr'>καὶ</span> <span class='ocrx_word' id='word_1_19' title='bbox 608 521 709 592; x_wconf 89' lang='grc' dir='ltr'>τῆς</span> <span class='ocrx_word' id='word_1_20' title='bbox 752 518 1074 591; x_wconf 84' lang='grc' dir='ltr'>Ἐκκλησίας</span> <span class='ocrx_word' id='word_1_21' title='bbox 1115 518 1383 589; x_wconf 87' lang='grc' dir='ltr'>ὁσημέραι</span> <span class='ocrx_word' id='word_1_22' title='bbox 1433 518 1527 570; x_wconf 73' lang='grc' dir='ltr'>ἐπὶ</span> <span class='ocrx_word' id='word_1_23' title='bbox 1568 518 1627 571; x_wconf 75' lang='grc' dir='ltr'>τὸ</span> <span class='ocrx_word' id='word_1_24' title='bbox 1660 522 1904 590; x_wconf 86' lang='grc' dir='ltr'>κρεῖττον</span> <span class='ocrx_word' id='word_1_25' title='bbox 1944 522 2039 573; x_wconf 89' lang='grc' dir='ltr'>ἀν-</span> 
     </span>
    </p>
   </div>
   <div class='ocr_carea' id='block_1_6' title="bbox 464 601 2040 676">
    <p class='ocr_par' dir='ltr' id='par_1_6' title="bbox 464 601 2040 676">
     <span class='ocr_line' id='line_1_6' title="bbox 464 601 2040 676; baseline -0.001 -18"><span class='ocrx_word' id='word_1_26' title='bbox 464 606 682 676; x_wconf 80' lang='grc' dir='ltr'>θούσης,</span> <span class='ocrx_word' id='word_1_27' title='bbox 725 604 904 673; x_wconf 83' lang='grc' dir='ltr'>πάτης</span> <span class='ocrx_word' id='word_1_28' title='bbox 940 601 1040 674; x_wconf 84' lang='grc' dir='ltr'>τῆς</span> <span class='ocrx_word' id='word_1_29' title='bbox 1082 602 1289 666; x_wconf 84' lang='grc' dir='ltr'>πόλεως</span> <span class='ocrx_word' id='word_1_30' title='bbox 1316 604 1395 666; x_wconf 81' lang='grc' dir='ltr'>εἰς</span> <span class='ocrx_word' id='word_1_31' title='bbox 1428 603 1709 657; x_wconf 78' lang='grc' dir='ltr'>εὐσέϐειαν</span> <span class='ocrx_word' id='word_1_32' title='bbox 1755 622 2040 676; x_wconf 75' lang='grc' dir='ltr'>μεταχρωι</span> 
     </span>
    </p>
   </div>
   <div class='ocr_carea' id='block_1_7' title="bbox 465 680 2039 758">
    <p class='ocr_par' dir='ltr' id='par_1_7' title="bbox 465 680 2039 758">
     <span class='ocr_line' id='line_1_7' title="bbox 465 680 2039 758; baseline -0.001 -19"><span class='ocrx_word' id='word_1_33' title='bbox 465 687 701 755; x_wconf 83' lang='grc' dir='ltr'>σθείσης,</span> <span class='ocrx_word' id='word_1_34' title='bbox 732 684 1055 758; x_wconf 76' lang='grc' dir='ltr'>σωφροσύνῃ</span> <span class='ocrx_word' id='word_1_35' title='bbox 1082 685 1175 738; x_wconf 80' lang='grc' dir='ltr'>καὶ</span> <span class='ocrx_word' id='word_1_36' title='bbox 1203 680 1488 756; x_wconf 74' lang='grc' dir='ltr'>ψαλμῳδία</span> <span class='ocrx_word' id='word_1_37' title='bbox 1514 685 1621 737; x_wconf 90' lang='grc' dir='ltr'>τῶν</span> <span class='ocrx_word' id='word_1_38' title='bbox 1651 684 1840 756; x_wconf 75' lang='grc' dir='ltr'>ψυχῶν</span> <span class='ocrx_word' id='word_1_39' title='bbox 1870 704 2039 755; x_wconf 91' lang='grc' dir='ltr'>γεγα-</span> 
     </span>
    </p>
   </div>
   <div class='ocr_carea' id='block_1_8' title="bbox 462 768 2041 841">
    <p class='ocr_par' dir='ltr' id='par_1_8' title="bbox 462 768 2041 841">
     <span class='ocr_line' id='line_1_8' title="bbox 462 768 2041 841; baseline 0.001 -18"><span class='ocrx_word' id='word_1_40' title='bbox 462 771 735 841; x_wconf 81' lang='grc' dir='ltr'>νωμένων,</span> <span class='ocrx_word' id='word_1_41' title='bbox 801 771 900 822; x_wconf 75' lang='grc' dir='ltr'>οὐκ</span> <span class='ocrx_word' id='word_1_42' title='bbox 951 769 1179 840; x_wconf 76' lang='grc' dir='ltr'>ἦνεγκεν</span> <span class='ocrx_word' id='word_1_43' title='bbox 1242 769 1270 820; x_wconf 88' lang='grc' dir='ltr'><strong>ὀ</strong></span> <span class='ocrx_word' id='word_1_44' title='bbox 1336 768 1626 839; x_wconf 87' lang='grc' dir='ltr'>μισόκαλος</span> <span class='ocrx_word' id='word_1_45' title='bbox 1695 768 1902 840; x_wconf 87' lang='grc' dir='ltr'>δαίμων</span> <span class='ocrx_word' id='word_1_46' title='bbox 1948 773 2041 824; x_wconf 86' lang='grc' dir='ltr'>τὸν</span> 
     </span>
    </p>
   </div>
   <div class='ocr_carea' id='block_1_9' title="bbox 461 850 2040 923">
    <p class='ocr_par' dir='ltr' id='par_1_9' title="bbox 461 850 2040 923">
     <span class='ocr_line' id='line_1_9' title="bbox 461 850 2040 923; baseline 0.001 -19"><span class='ocrx_word' id='word_1_47' title='bbox 461 852 699 922; x_wconf 69' lang='grc' dir='ltr'>δρασμὸν</span> <span class='ocrx_word' id='word_1_48' title='bbox 723 852 830 904; x_wconf 86' lang='grc' dir='ltr'>τῶν</span> <span class='ocrx_word' id='word_1_49' title='bbox 857 852 945 904; x_wconf 80' lang='grc' dir='ltr'>ὑπ’</span> <span class='ocrx_word' id='word_1_50' title='bbox 978 850 1143 904; x_wconf 83' lang='grc' dir='ltr'>αὐτοῦ</span> <span class='ocrx_word' id='word_1_51' title='bbox 1169 851 1577 923; x_wconf 81' lang='grc' dir='ltr'>κρατουμένων,</span> <span class='ocrx_word' id='word_1_52' title='bbox 1613 850 1705 916; x_wconf 79' lang='grc' dir='ltr'>οὓς</span> <span class='ocrx_word' id='word_1_53' title='bbox 1734 851 2040 922; x_wconf 74' lang='grc' dir='ltr'>ἀπέστησεν</span> 
     </span>
    </p>
   </div>
   <div class='ocr_carea' id='block_1_10' title="bbox 461 934 2040 1005">
    <p class='ocr_par' dir='ltr' id='par_1_10' title="bbox 461 934 2040 1005">
     <span class='ocr_line' id='line_1_10' title="bbox 461 934 2040 1005; baseline 0.001 -18"><span class='ocrx_word' id='word_1_54' title='bbox 461 938 489 987; x_wconf 82' lang='lat'>6</span> <span class='ocrx_word' id='word_1_55' title='bbox 509 936 664 1003; x_wconf 85' lang='grc' dir='ltr'>λόγος</span> <span class='ocrx_word' id='word_1_56' title='bbox 690 934 785 987; x_wconf 90' lang='grc' dir='ltr'>τοῦ</span> <span class='ocrx_word' id='word_1_57' title='bbox 818 935 1026 1005; x_wconf 79' lang='grc' dir='ltr'>Κυρίου</span> <span class='ocrx_word' id='word_1_58' title='bbox 1049 935 1136 989; x_wconf 81' lang='grc' dir='ltr'>διά</span> <span class='ocrx_word' id='word_1_59' title='bbox 1162 935 1263 1004; x_wconf 86' lang='grc' dir='ltr'>τῆς</span> <span class='ocrx_word' id='word_1_60' title='bbox 1293 934 1538 987; x_wconf 83' lang='grc' dir='ltr'>Ἰωάννου</span> <span class='ocrx_word' id='word_1_61' title='bbox 1572 935 1933 1000; x_wconf 87' lang='grc' dir='ltr'>διδασκαλίας·</span> <span class='ocrx_word' id='word_1_62' title='bbox 1964 936 2040 1001; x_wconf 86' lang='grc' dir='ltr'>ὡς</span> 
     </span>
    </p>
   </div>
   <div class='ocr_carea' id='block_1_11' title="bbox 461 1016 2039 1088">
    <p class='ocr_par' dir='ltr' id='par_1_11' title="bbox 461 1016 2039 1088">
     <span class='ocr_line' id='line_1_11' title="bbox 461 1016 2039 1088; baseline 0 -17"><span class='ocrx_word' id='word_1_63' title='bbox 461 1020 584 1082; x_wconf 74' lang='grc' dir='ltr'>τοὺς</span> <span class='ocrx_word' id='word_1_64' title='bbox 626 1020 951 1087; x_wconf 84' lang='grc' dir='ltr'>ἱππομανεϊς</span> <span class='ocrx_word' id='word_1_65' title='bbox 998 1019 1091 1071; x_wconf 77' lang='grc' dir='ltr'>καὶ</span> <span class='ocrx_word' id='word_1_66' title='bbox 1129 1016 1563 1086; x_wconf 84' lang='grc' dir='ltr'>θεατροσκόπους</span> <span class='ocrx_word' id='word_1_67' title='bbox 1599 1028 1622 1056; x_wconf 82' lang='grc' dir='ltr'><strong>α</strong></span> <span class='ocrx_word' id='word_1_68' title='bbox 1644 1058 1657 1081; x_wconf 93' lang='grc'>,</span> <span class='ocrx_word' id='word_1_69' title='bbox 1692 1018 2039 1088; x_wconf 79' lang='grc' dir='ltr'>καταλιμπά-</span> 
     </span>
    </p>
   </div>
   <div class='ocr_carea' id='block_1_12' title="bbox 461 1100 2039 1173">
    <p class='ocr_par' dir='ltr' id='par_1_12' title="bbox 461 1100 2039 1173">
     <span class='ocr_line' id='line_1_12' title="bbox 461 1100 2039 1173; baseline 0 -18"><span class='ocrx_word' id='word_1_70' title='bbox 461 1120 650 1166; x_wconf 86' lang='grc' dir='ltr'>νοντας</span> <span class='ocrx_word' id='word_1_71' title='bbox 675 1102 773 1165; x_wconf 70' lang='grc' dir='ltr'>τὰς</span> <span class='ocrx_word' id='word_1_72' title='bbox 793 1101 959 1165; x_wconf 78' lang='grc' dir='ltr'>αὐλάς</span> <span class='ocrx_word' id='word_1_73' title='bbox 997 1100 1090 1154; x_wconf 86' lang='grc' dir='ltr'>τοῦ</span> <span class='ocrx_word' id='word_1_74' title='bbox 1121 1100 1385 1164; x_wconf 84' lang='grc' dir='ltr'>διαϐόλου,</span> <span class='ocrx_word' id='word_1_75' title='bbox 1414 1100 1685 1171; x_wconf 85' lang='grc' dir='ltr'>δρομαίως</span> <span class='ocrx_word' id='word_1_76' title='bbox 1710 1104 1903 1173; x_wconf 82' lang='grc' dir='ltr'>χωρεῖν</span> <span class='ocrx_word' id='word_1_77' title='bbox 1948 1103 2039 1155; x_wconf 72' lang='grc' dir='ltr'>ἐπὶ</span> 
     </span>
    </p>
   </div>
   <div class='ocr_carea' id='block_1_13' title="bbox 460 1183 2036 1256">
    <p class='ocr_par' dir='ltr' id='par_1_13' title="bbox 460 1183 2036 1256">
     <span class='ocr_line' id='line_1_13' title="bbox 460 1183 2036 1256; baseline 0 -19"><span class='ocrx_word' id='word_1_78' title='bbox 460 1185 557 1256; x_wconf 84' lang='grc' dir='ltr'>τὴν</span> <span class='ocrx_word' id='word_1_79' title='bbox 603 1184 842 1255; x_wconf 78' lang='grc' dir='ltr'>μάνδραν</span> <span class='ocrx_word' id='word_1_80' title='bbox 883 1184 971 1238; x_wconf 85' lang='grc' dir='ltr'>τοῦ</span> <span class='ocrx_word' id='word_1_81' title='bbox 1017 1184 1289 1254; x_wconf 80' lang='grc' dir='ltr'>Σωτῆρος,</span> <span class='ocrx_word' id='word_1_82' title='bbox 1326 1183 1487 1255; x_wconf 78' lang='grc' dir='ltr'>ἔρωτι</span> <span class='ocrx_word' id='word_1_83' title='bbox 1529 1183 1630 1252; x_wconf 87' lang='grc' dir='ltr'>τῆς</span> <span class='ocrx_word' id='word_1_84' title='bbox 1660 1184 1916 1255; x_wconf 78' lang='grc' dir='ltr'>σύριγγος</span> <span class='ocrx_word' id='word_1_85' title='bbox 1944 1184 2036 1237; x_wconf 90' lang='grc' dir='ltr'>τοῦ</span> 
     </span>
    </p>
   </div>
   <div class='ocr_carea' id='block_1_14' title="bbox 462 1268 1157 1340">
    <p class='ocr_par' dir='ltr' id='par_1_14' title="bbox 462 1268 1157 1340">
     <span class='ocr_line' id='line_1_14' title="bbox 462 1268 1157 1340; baseline 0.001 -19"><span class='ocrx_word' id='word_1_86' title='bbox 462 1268 860 1340; x_wconf 82' lang='grc' dir='ltr'>φιλοπροϐάτου</span> <span class='ocrx_word' id='word_1_87' title='bbox 886 1268 1157 1338; x_wconf 78' lang='grc' dir='ltr'>ποιμένος.</span> 
     </span>
    </p>
   </div>
   <div class='ocr_carea' id='block_1_15' title="bbox 531 1351 2038 1423">
    <p class='ocr_par' dir='ltr' id='par_1_15' title="bbox 531 1351 2038 1423">
     <span class='ocr_line' id='line_1_15' title="bbox 531 1351 2038 1423; baseline -0.001 -18"><span class='ocrx_word' id='word_1_88' title='bbox 531 1353 688 1407; x_wconf 79' lang='grc' dir='ltr'>ΚΕΦ.</span> <span class='ocrx_word' id='word_1_89' title='bbox 725 1355 814 1420; x_wconf 69' lang='grc' dir='ltr'>ς’.</span> <span class='ocrx_word' id='word_1_90' title='bbox 842 1384 911 1392; x_wconf 92' lang='lat'><strong>—</strong></span> <span class='ocrx_word' id='word_1_91' title='bbox 949 1353 1043 1406; x_wconf 84' lang='grc' dir='ltr'>Ἐκ</span> <span class='ocrx_word' id='word_1_92' title='bbox 1077 1353 1269 1405; x_wconf 86' lang='grc' dir='ltr'>τούτου</span> <span class='ocrx_word' id='word_1_93' title='bbox 1308 1351 1821 1423; x_wconf 81' lang='grc' dir='ltr'>προκαταλαμϐάνει</span> <span class='ocrx_word' id='word_1_94' title='bbox 1847 1352 2038 1420; x_wconf 87' lang='grc' dir='ltr'>φθόνος</span> 
     </span>
    </p>
   </div>
   <div class='ocr_carea' id='block_1_16' title="bbox 459 1434 2037 1506">
    <p class='ocr_par' dir='ltr' id='par_1_16' title="bbox 459 1434 2037 1506">
     <span class='ocr_line' id='line_1_16' title="bbox 459 1434 2037 1506; baseline 0.001 -20"><span class='ocrx_word' id='word_1_95' title='bbox 459 1436 558 1499; x_wconf 82' lang='grc' dir='ltr'>τάς</span> <span class='ocrx_word' id='word_1_96' title='bbox 586 1437 823 1500; x_wconf 75' lang='grc' dir='ltr'>διανοίας</span> <span class='ocrx_word' id='word_1_97' title='bbox 864 1436 971 1488; x_wconf 82' lang='grc' dir='ltr'>τῶν</span> <span class='ocrx_word' id='word_1_98' title='bbox 1013 1434 1297 1505; x_wconf 79' lang='grc' dir='ltr'>μισθωτῶν</span> <span class='ocrx_word' id='word_1_99' title='bbox 1333 1435 1629 1505; x_wconf 83' lang='grc' dir='ltr'>ποιμένων,</span> <span class='ocrx_word' id='word_1_100' title='bbox 1667 1434 2037 1506; x_wconf 80' lang='grc' dir='ltr'>ἐλεγχομένων</span> 
     </span>
    </p>
   </div>
   <div class='ocr_carea' id='block_1_17' title="bbox 460 1517 2032 1592">
    <p class='ocr_par' dir='ltr' id='par_1_17' title="bbox 460 1517 2032 1592">
     <span class='ocr_line' id='line_1_17' title="bbox 460 1517 2032 1592; baseline 0.001 -20"><span class='ocrx_word' id='word_1_101' title='bbox 460 1521 525 1573; x_wconf 91' lang='grc' dir='ltr'>ἐκ</span> <span class='ocrx_word' id='word_1_102' title='bbox 553 1519 645 1573; x_wconf 84' lang='grc' dir='ltr'>τοῦ</span> <span class='ocrx_word' id='word_1_103' title='bbox 677 1519 1044 1591; x_wconf 80' lang='grc' dir='ltr'>παραλλήλου.</span> <span class='ocrx_word' id='word_1_104' title='bbox 1073 1517 1164 1590; x_wconf 82' lang='grc' dir='ltr'>Μὴ</span> <span class='ocrx_word' id='word_1_105' title='bbox 1192 1518 1509 1589; x_wconf 84' lang='grc' dir='ltr'>δυνηθέντες</span> <span class='ocrx_word' id='word_1_106' title='bbox 1541 1518 1597 1571; x_wconf 83' lang='grc' dir='ltr'>δὲ</span> <span class='ocrx_word' id='word_1_107' title='bbox 1626 1518 1787 1572; x_wconf 78' lang='grc' dir='ltr'>αὑτοῦ</span> <span class='ocrx_word' id='word_1_108' title='bbox 1813 1537 2032 1592; x_wconf 85' lang='grc' dir='ltr'>περιγε-</span> 
     </span>
    </p>
   </div>
   <div class='ocr_carea' id='block_1_18' title="bbox 460 1601 2033 1676">
    <p class='ocr_par' dir='ltr' id='par_1_18' title="bbox 460 1601 2033 1676">
     <span class='ocr_line' id='line_1_18' title="bbox 460 1601 2033 1676; baseline 0.001 -20"><span class='ocrx_word' id='word_1_109' title='bbox 460 1602 667 1665; x_wconf 86' lang='grc' dir='ltr'>νέσθαι,</span> <span class='ocrx_word' id='word_1_110' title='bbox 696 1603 783 1656; x_wconf 81' lang='grc' dir='ltr'>διὰ</span> <span class='ocrx_word' id='word_1_111' title='bbox 811 1604 870 1657; x_wconf 75' lang='grc' dir='ltr'>τὸ</span> <span class='ocrx_word' id='word_1_112' title='bbox 903 1603 977 1673; x_wconf 86' lang='grc' dir='ltr'>μὴ</span> <span class='ocrx_word' id='word_1_113' title='bbox 1013 1601 1438 1657; x_wconf 75' lang='grc' dir='ltr'>ἐπικαλέσασθαι</span> <span class='ocrx_word' id='word_1_114' title='bbox 1471 1603 1561 1656; x_wconf 82' lang='grc' dir='ltr'>τὸν</span> <span class='ocrx_word' id='word_1_115' title='bbox 1600 1604 1907 1676; x_wconf 85' lang='grc' dir='ltr'>καταλυτὴν</span> <span class='ocrx_word' id='word_1_116' title='bbox 1940 1604 2033 1657; x_wconf 90' lang='grc' dir='ltr'>τοῦ</span> 
     </span>
    </p>
   </div>
   <div class='ocr_carea' id='block_1_19' title="bbox 462 1684 2033 1757">
    <p class='ocr_par' dir='ltr' id='par_1_19' title="bbox 462 1684 2033 1757">
     <span class='ocr_line' id='line_1_19' title="bbox 462 1684 2033 1757; baseline 0.003 -19"><span class='ocrx_word' id='word_1_117' title='bbox 462 1685 658 1755; x_wconf 80' lang='grc' dir='ltr'>φθόνου</span> <span class='ocrx_word' id='word_1_118' title='bbox 690 1684 936 1757; x_wconf 79' lang='grc' dir='ltr'>Σωτῆρα,</span> <span class='ocrx_word' id='word_1_119' title='bbox 969 1684 1227 1738; x_wconf 81' lang='grc' dir='ltr'>πλέκουσι</span> <span class='ocrx_word' id='word_1_120' title='bbox 1260 1684 1510 1748; x_wconf 71' lang='grc' dir='ltr'>διαϐολὰς</span> <span class='ocrx_word' id='word_1_121' title='bbox 1538 1686 1680 1740; x_wconf 87' lang='grc' dir='ltr'>κατά</span> <span class='ocrx_word' id='word_1_122' title='bbox 1716 1687 1810 1740; x_wconf 89' lang='grc' dir='ltr'>τοῦ</span> <span class='ocrx_word' id='word_1_123' title='bbox 1854 1689 2033 1742; x_wconf 83' lang='grc' dir='ltr'>Ἰωάν-</span> 
     </span>
    </p>
   </div>
   <div class='ocr_carea' id='block_1_20' title="bbox 460 1769 2036 1840">
    <p class='ocr_par' dir='ltr' id='par_1_20' title="bbox 460 1769 2036 1840">
     <span class='ocr_line' id='line_1_20' title="bbox 460 1769 2036 1840; baseline 0.003 -19"><span class='ocrx_word' id='word_1_124' title='bbox 460 1785 575 1835; x_wconf 88' lang='grc' dir='ltr'>νου,</span> <span class='ocrx_word' id='word_1_125' title='bbox 605 1770 1065 1840; x_wconf 88' lang='grc' dir='ltr'>μεταποιήσαντες</span> <span class='ocrx_word' id='word_1_126' title='bbox 1093 1769 1257 1823; x_wconf 80' lang='grc' dir='ltr'>αὐτοῦ</span> <span class='ocrx_word' id='word_1_127' title='bbox 1292 1787 1440 1833; x_wconf 91' lang='grc' dir='ltr'>τινας</span> <span class='ocrx_word' id='word_1_128' title='bbox 1477 1770 1694 1840; x_wconf 79' lang='grc' dir='ltr'>ὁμιλίας</span> <span class='ocrx_word' id='word_1_129' title='bbox 1727 1772 1808 1834; x_wconf 88' lang='grc' dir='ltr'>εἰς</span> <span class='ocrx_word' id='word_1_130' title='bbox 1845 1770 2036 1836; x_wconf 79' lang='grc' dir='ltr'>ὕθλους</span> 
     </span>
    </p>
   </div>
   <div class='ocr_carea' id='block_1_21' title="bbox 462 1854 2034 1926">
    <p class='ocr_par' dir='ltr' id='par_1_21' title="bbox 462 1854 2034 1926">
     <span class='ocr_line' id='line_1_21' title="bbox 462 1854 2034 1926; baseline 0.002 -19"><span class='ocrx_word' id='word_1_131' title='bbox 462 1854 603 1907; x_wconf 87' lang='grc' dir='ltr'>κατά</span> <span class='ocrx_word' id='word_1_132' title='bbox 624 1855 720 1926; x_wconf 90' lang='grc' dir='ltr'>τῆς</span> <span class='ocrx_word' id='word_1_133' title='bbox 748 1854 1083 1925; x_wconf 79' lang='grc' dir='ltr'>βασιλίσσης,</span> <span class='ocrx_word' id='word_1_134' title='bbox 1108 1855 1201 1907; x_wconf 73' lang='grc' dir='ltr'>καὶ</span> <span class='ocrx_word' id='word_1_135' title='bbox 1226 1854 1430 1924; x_wconf 88' lang='grc' dir='ltr'>ἐτέρων</span> <span class='ocrx_word' id='word_1_136' title='bbox 1465 1854 1571 1908; x_wconf 91' lang='grc' dir='ltr'>τῶν</span> <span class='ocrx_word' id='word_1_137' title='bbox 1596 1855 1653 1907; x_wconf 90' lang='grc' dir='ltr'>ἐν</span> <span class='ocrx_word' id='word_1_138' title='bbox 1679 1857 1744 1926; x_wconf 83' lang='grc' dir='ltr'>τῇ</span> <span class='ocrx_word' id='word_1_139' title='bbox 1784 1855 1918 1926; x_wconf 78' lang='grc' dir='ltr'>αὐλῇ</span> <span class='ocrx_word' id='word_1_140' title='bbox 1941 1856 2034 1910; x_wconf 89' lang='grc' dir='ltr'>τοῦ</span> 
     </span>
    </p>
   </div>
   <div class='ocr_carea' id='block_1_22' title="bbox 460 1934 2038 2007">
    <p class='ocr_par' dir='ltr' id='par_1_22' title="bbox 460 1934 2038 2007">
     <span class='ocr_line' id='line_1_22' title="bbox 460 1934 2038 2007; baseline 0 -14"><span class='ocrx_word' id='word_1_141' title='bbox 460 1937 741 2001; x_wconf 83' lang='grc' dir='ltr'>Βασιλέως.</span> <span class='ocrx_word' id='word_1_142' title='bbox 778 1936 981 2007; x_wconf 91' lang='grc' dir='ltr'>Συνέϐη</span> <span class='ocrx_word' id='word_1_143' title='bbox 1035 1937 1091 1990; x_wconf 87' lang='grc' dir='ltr'>δέ</span> <span class='ocrx_word' id='word_1_144' title='bbox 1137 1936 1257 1990; x_wconf 83' lang='grc' dir='ltr'>κατ’</span> <span class='ocrx_word' id='word_1_145' title='bbox 1292 1937 1466 1988; x_wconf 84' lang='grc' dir='ltr'>ἐκεῖνο</span> <span class='ocrx_word' id='word_1_146' title='bbox 1505 1934 1697 2007; x_wconf 77' lang='grc' dir='ltr'>καιροῦ</span> <span class='ocrx_word' id='word_1_147' title='bbox 1742 1939 2038 1994; x_wconf 77' lang='grc' dir='ltr'>ἐπιστάντα</span> 
     </span>
    </p>
   </div>
   <div class='ocr_carea' id='block_1_23' title="bbox 469 2018 2033 2091">
    <p class='ocr_par' dir='ltr' id='par_1_23' title="bbox 469 2018 2033 2091">
     <span class='ocr_line' id='line_1_23' title="bbox 469 2018 2033 2091; baseline 0.001 -17"><span class='ocrx_word' id='word_1_148' title='bbox 469 2021 740 2085; x_wconf 74' lang='grc' dir='ltr'>Ἀκάκιον,</span> <span class='ocrx_word' id='word_1_149' title='bbox 797 2020 886 2073; x_wconf 78' lang='grc' dir='ltr'>τὸν</span> <span class='ocrx_word' id='word_1_150' title='bbox 938 2020 1235 2073; x_wconf 87' lang='grc' dir='ltr'>ἐπίσκοπον</span> <span class='ocrx_word' id='word_1_151' title='bbox 1288 2018 1532 2090; x_wconf 80' lang='grc' dir='ltr'>Βεροίας,</span> <span class='ocrx_word' id='word_1_152' title='bbox 1583 2021 1902 2091; x_wconf 80' lang='grc' dir='ltr'>ἀστοχῆσαι,</span> <span class='ocrx_word' id='word_1_153' title='bbox 1957 2023 2033 2087; x_wconf 85' lang='grc' dir='ltr'>ὡς</span> 
     </span>
    </p>
   </div>
   <div class='ocr_carea' id='block_1_24' title="bbox 455 2100 2029 2177">
    <p class='ocr_par' dir='ltr' id='par_1_24' title="bbox 455 2100 2029 2177">
     <span class='ocr_line' id='line_1_24' title="bbox 455 2100 2029 2177; baseline 0.001 -21"><span class='ocrx_word' id='word_1_154' title='bbox 455 2104 657 2173; x_wconf 76' lang='grc' dir='ltr'>ἔλεγεν,</span> <span class='ocrx_word' id='word_1_155' title='bbox 697 2102 1038 2172; x_wconf 85' lang='grc' dir='ltr'>καταγωγίου</span> <span class='ocrx_word' id='word_1_156' title='bbox 1070 2100 1256 2156; x_wconf 62' lang='grc' dir='ltr'>καλοῦ*</span> <span class='ocrx_word' id='word_1_157' title='bbox 1288 2103 1380 2156; x_wconf 76' lang='grc' dir='ltr'>καὶ</span> <span class='ocrx_word' id='word_1_158' title='bbox 1411 2102 1670 2174; x_wconf 73' lang='grc' dir='ltr'>λυπηθεὶς</span> <span class='ocrx_word' id='word_1_159' title='bbox 1709 2104 1802 2158; x_wconf 69' lang='grc' dir='ltr'>ἐπὶ</span> <span class='ocrx_word' id='word_1_160' title='bbox 1834 2106 2029 2177; x_wconf 80' lang='grc' dir='ltr'>τούτῳ,</span> 
     </span>
    </p>
   </div>
   <div class='ocr_carea' id='block_1_25' title="bbox 456 2184 2034 2259">
    <p class='ocr_par' dir='ltr' id='par_1_25' title="bbox 456 2184 2034 2259">
     <span class='ocr_line' id='line_1_25' title="bbox 456 2184 2034 2259; baseline 0.001 -20"><span class='ocrx_word' id='word_1_161' title='bbox 456 2187 590 2259; x_wconf 78' lang='grc' dir='ltr'>ὀργῇ</span> <span class='ocrx_word' id='word_1_162' title='bbox 629 2186 966 2255; x_wconf 84' lang='grc' dir='ltr'>ὑπετυφοῦτο</span> <span class='ocrx_word' id='word_1_163' title='bbox 1007 2184 1083 2250; x_wconf 84' lang='grc' dir='ltr'>ὡς</span> <span class='ocrx_word' id='word_1_164' title='bbox 1116 2185 1550 2257; x_wconf 78' lang='grc' dir='ltr'>καταφρονηθεὶς</span> <span class='ocrx_word' id='word_1_165' title='bbox 1587 2186 1691 2239; x_wconf 80' lang='grc' dir='ltr'>ὑπὸ</span> <span class='ocrx_word' id='word_1_166' title='bbox 1724 2186 1816 2240; x_wconf 84' lang='grc' dir='ltr'>τοῦ</span> <span class='ocrx_word' id='word_1_167' title='bbox 1852 2188 2034 2242; x_wconf 88' lang='grc' dir='ltr'>Ἰωάν-</span> 
     </span>
    </p>
   </div>
   <div class='ocr_carea' id='block_1_26' title="bbox 457 2268 2033 2343">
    <p class='ocr_par' dir='ltr' id='par_1_26' title="bbox 457 2268 2033 2343">
     <span class='ocr_line' id='line_1_26' title="bbox 457 2268 2033 2343; baseline 0.001 -20"><span class='ocrx_word' id='word_1_168' title='bbox 457 2287 571 2325; x_wconf 87' lang='grc' dir='ltr'>νου.</span> <span class='ocrx_word' id='word_1_169' title='bbox 624 2270 1039 2339; x_wconf 73' lang='grc' dir='ltr'>ῗΑκατασχέτοις</span> <span class='ocrx_word' id='word_1_170' title='bbox 1074 2269 1130 2322; x_wconf 78' lang='grc' dir='ltr'>δὲ</span> <span class='ocrx_word' id='word_1_171' title='bbox 1178 2268 1456 2339; x_wconf 83' lang='grc' dir='ltr'>λογισμοῖς</span> <span class='ocrx_word' id='word_1_172' title='bbox 1496 2268 1768 2340; x_wconf 76' lang='grc' dir='ltr'>ἡττηθεὶς,</span> <span class='ocrx_word' id='word_1_173' title='bbox 1810 2272 2033 2343; x_wconf 75' lang='grc' dir='ltr'>ἐκφέρει</span> 
     </span>
    </p>
   </div>
   <div class='ocr_carea' id='block_1_27' title="bbox 456 2349 2034 2425">
    <p class='ocr_par' dir='ltr' id='par_1_27' title="bbox 456 2349 2034 2425">
     <span class='ocr_line' id='line_1_27' title="bbox 456 2349 2034 2425; baseline 0.001 -18"><span class='ocrx_word' id='word_1_174' title='bbox 456 2354 611 2422; x_wconf 78' lang='grc' dir='ltr'>λόγον</span> <span class='ocrx_word' id='word_1_175' title='bbox 666 2353 856 2422; x_wconf 84' lang='grc' dir='ltr'>ἄλογον</span> <span class='ocrx_word' id='word_1_176' title='bbox 911 2354 977 2406; x_wconf 88' lang='grc' dir='ltr'>ἐκ</span> <span class='ocrx_word' id='word_1_177' title='bbox 1030 2349 1123 2406; x_wconf 89' lang='grc' dir='ltr'>τοῦ</span> <span class='ocrx_word' id='word_1_178' title='bbox 1173 2352 1610 2424; x_wconf 83' lang='grc' dir='ltr'>περισσεύματος</span> <span class='ocrx_word' id='word_1_179' title='bbox 1655 2353 1754 2423; x_wconf 84' lang='grc' dir='ltr'>τῆς</span> <span class='ocrx_word' id='word_1_180' title='bbox 1806 2354 2034 2425; x_wconf 79' lang='grc' dir='ltr'>καρδίας</span> 
     </span>
    </p>
   </div>
   <div class='ocr_carea' id='block_1_28' title="bbox 455 2434 2036 2507">
    <p class='ocr_par' dir='ltr' id='par_1_28' title="bbox 455 2434 2036 2507">
     <span class='ocr_line' id='line_1_28' title="bbox 455 2434 2036 2507; baseline 0.001 -16"><span class='ocrx_word' id='word_1_181' title='bbox 455 2437 602 2501; x_wconf 74' lang='grc' dir='ltr'>ἄξιον</span> <span class='ocrx_word' id='word_1_182' title='bbox 624 2437 721 2507; x_wconf 85' lang='grc' dir='ltr'>τῆς</span> <span class='ocrx_word' id='word_1_183' title='bbox 735 2435 898 2491; x_wconf 80' lang='grc' dir='ltr'>αὑτοῦ</span> <span class='ocrx_word' id='word_1_184' title='bbox 927 2434 1338 2499; x_wconf 67' lang='grc' dir='ltr'>διανοίαςδ,”ἐπί</span> <span class='ocrx_word' id='word_1_185' title='bbox 1363 2453 1523 2488; x_wconf 85' lang='grc' dir='ltr'>τινων</span> <span class='ocrx_word' id='word_1_186' title='bbox 1547 2435 1821 2506; x_wconf 86' lang='grc' dir='ltr'>κληρικῶν</span> <span class='ocrx_word' id='word_1_187' title='bbox 1857 2438 2036 2493; x_wconf 86' lang='grc' dir='ltr'>Ἰωάν-</span> 
     </span>
    </p>
   </div>
   <div class='ocr_carea' id='block_1_29' title="bbox 453 2517 2037 2592">
    <p class='ocr_par' dir='ltr' id='par_1_29' title="bbox 453 2517 2037 2592">
     <span class='ocr_line' id='line_1_29' title="bbox 453 2517 2037 2592; baseline 0.002 -21"><span class='ocrx_word' id='word_1_188' title='bbox 453 2536 547 2572; x_wconf 70' lang='grc' dir='ltr'>¹νου</span> <span class='ocrx_word' id='word_1_189' title='bbox 593 2519 780 2574; x_wconf 82' lang='grc' dir='ltr'>εἰπών·</span> <span class='ocrx_word' id='word_1_190' title='bbox 834 2519 975 2587; x_wconf 82' lang='grc' dir='ltr'>Ἐγὼ</span> <span class='ocrx_word' id='word_1_191' title='bbox 1014 2518 1164 2588; x_wconf 82' lang='grc' dir='ltr'>αὐτῷ</span> <span class='ocrx_word' id='word_1_192' title='bbox 1214 2517 1400 2587; x_wconf 84' lang='grc' dir='ltr'>ἀρτύω</span> <span class='ocrx_word' id='word_1_193' title='bbox 1450 2518 1653 2589; x_wconf 83' lang='grc' dir='ltr'>χύτραν</span> <span class='ocrx_word' id='word_1_194' title='bbox 1675 2529 1723 2573; x_wconf 74' lang='grc' dir='ltr'>ε.</span> <span class='ocrx_word' id='word_1_195' title='bbox 1776 2518 2037 2592; x_wconf 82' lang='grc' dir='ltr'>Ἐξαυτῆς</span> 
     </span>
    </p>
   </div>
   <div class='ocr_carea' id='block_1_30' title="bbox 455 2598 2030 2675">
    <p class='ocr_par' dir='ltr' id='par_1_30' title="bbox 455 2598 2030 2675">
     <span class='ocr_line' id='line_1_30' title="bbox 455 2598 2030 2675; baseline -0.001 -20"><span class='ocrx_word' id='word_1_196' title='bbox 455 2603 821 2671; x_wconf 80' lang='grc' dir='ltr'>συγκλῳσθεὶς</span> <span class='ocrx_word' id='word_1_197' title='bbox 855 2598 1170 2672; x_wconf 83' lang='grc' dir='ltr'>Σευηριανῷ</span> <span class='ocrx_word' id='word_1_198' title='bbox 1199 2600 1291 2653; x_wconf 77' lang='grc' dir='ltr'>καὶ</span> <span class='ocrx_word' id='word_1_199' title='bbox 1324 2600 1599 2671; x_wconf 76' lang='grc' dir='ltr'>Ἀντιὸχῳ,</span> <span class='ocrx_word' id='word_1_200' title='bbox 1643 2601 1731 2654; x_wconf 72' lang='grc' dir='ltr'>καὶ</span> <span class='ocrx_word' id='word_1_201' title='bbox 1777 2602 2030 2675; x_wconf 76' lang='grc' dir='ltr'>Ἰσαακίῳ</span> 
     </span>
    </p>
   </div>
   <div class='ocr_carea' id='block_1_31' title="bbox 454 2682 2031 2757">
    <p class='ocr_par' dir='ltr' id='par_1_31' title="bbox 454 2682 2031 2757">
     <span class='ocr_line' id='line_1_31' title="bbox 454 2682 2031 2757; baseline 0.001 -19"><span class='ocrx_word' id='word_1_202' title='bbox 454 2685 728 2757; x_wconf 82' lang='grc' dir='ltr'>Συρίσκῳ,</span> <span class='ocrx_word' id='word_1_203' title='bbox 761 2682 1179 2755; x_wconf 85' lang='grc' dir='ltr'>περιτρίμματι,</span> <span class='ocrx_word' id='word_1_204' title='bbox 1207 2682 1461 2754; x_wconf 81' lang='grc' dir='ltr'>ἀφηγητῇ</span> <span class='ocrx_word' id='word_1_205' title='bbox 1501 2682 2031 2757; x_wconf 76' lang='grc' dir='ltr'>ψευδομοναζόντων,</span> 
     </span>
    </p>
   </div>
   <div class='ocr_carea' id='block_1_32' title="bbox 454 2765 2034 2837">
    <p class='ocr_par' dir='ltr' id='par_1_32' title="bbox 454 2765 2034 2837">
     <span class='ocr_line' id='line_1_32' title="bbox 454 2765 2034 2837; baseline 0.001 -15"><span class='ocrx_word' id='word_1_206' title='bbox 454 2771 512 2822; x_wconf 91' lang='grc' dir='ltr'>ἐν</span> <span class='ocrx_word' id='word_1_207' title='bbox 537 2768 881 2837; x_wconf 85' lang='grc' dir='ltr'>κακολογίαις</span> <span class='ocrx_word' id='word_1_208' title='bbox 931 2765 1310 2837; x_wconf 86' lang='grc' dir='ltr'>κατατριϐέντι</span> <span class='ocrx_word' id='word_1_209' title='bbox 1358 2768 1590 2820; x_wconf 86' lang='grc' dir='ltr'>πάντοτε</span> <span class='ocrx_word' id='word_1_210' title='bbox 1631 2767 1774 2821; x_wconf 84' lang='grc' dir='ltr'>κατά</span> <span class='ocrx_word' id='word_1_211' title='bbox 1811 2769 2034 2823; x_wconf 88' lang='grc' dir='ltr'>ἐπισκό-</span> 
     </span>
    </p>
   </div>
   <div class='ocr_carea' id='block_1_33' title="bbox 457 2844 2035 2921">
    <p class='ocr_par' dir='ltr' id='par_1_33' title="bbox 457 2844 2035 2921">
     <span class='ocr_line' id='line_1_33' title="bbox 457 2844 2035 2921; baseline 0.001 -16"><span class='ocrx_word' id='word_1_212' title='bbox 457 2870 594 2915; x_wconf 85' lang='grc' dir='ltr'>πων,</span> <span class='ocrx_word' id='word_1_213' title='bbox 665 2852 992 2905; x_wconf 84' lang='grc' dir='ltr'>σκέπτονται</span> <span class='ocrx_word' id='word_1_214' title='bbox 1042 2844 1450 2921; x_wconf 79' lang='grc' dir='ltr'>’θωρακίζεσθαι</span> <span class='ocrx_word' id='word_1_215' title='bbox 1519 2849 1677 2920; x_wconf 81' lang='grc' dir='ltr'>δῆθεν</span> <span class='ocrx_word' id='word_1_216' title='bbox 1744 2851 1840 2919; x_wconf 79' lang='grc' dir='ltr'>μὲν</span> <span class='ocrx_word' id='word_1_217' title='bbox 1896 2854 2035 2907; x_wconf 74' lang='grc' dir='ltr'>κατὰ</span> 
     </span>
    </p>
   </div>
   <div class='ocr_carea' id='block_1_34' title="bbox 467 2932 2032 3008">
    <p class='ocr_par' dir='ltr' id='par_1_34' title="bbox 467 2932 2032 3008">
     <span class='ocr_line' id='line_1_34' title="bbox 467 2932 2032 3008; baseline 0.002 -20"><span class='ocrx_word' id='word_1_218' title='bbox 467 2935 733 2997; x_wconf 79' lang='grc' dir='ltr'>Ἰωάννου,</span> <span class='ocrx_word' id='word_1_219' title='bbox 765 2934 825 2988; x_wconf 84' lang='grc' dir='ltr'>τὸ</span> <span class='ocrx_word' id='word_1_220' title='bbox 860 2934 903 2987; x_wconf 84' lang='grc' dir='ltr'>δ’</span> <span class='ocrx_word' id='word_1_221' title='bbox 933 2932 1153 3004; x_wconf 80' lang='grc' dir='ltr'>ἀληθὲς,</span> <span class='ocrx_word' id='word_1_222' title='bbox 1174 2932 1317 2987; x_wconf 88' lang='grc' dir='ltr'>κατά</span> <span class='ocrx_word' id='word_1_223' title='bbox 1333 2935 1431 3005; x_wconf 90' lang='grc' dir='ltr'>τῆς</span> <span class='ocrx_word' id='word_1_224' title='bbox 1458 2934 1612 3004; x_wconf 85' lang='grc' dir='ltr'>δόξης</span> <span class='ocrx_word' id='word_1_225' title='bbox 1644 2934 1737 2988; x_wconf 84' lang='grc' dir='ltr'>τοῦ</span> <span class='ocrx_word' id='word_1_226' title='bbox 1764 2935 2032 3008; x_wconf 87' lang='grc' dir='ltr'>Σωτῆρος.</span> 
     </span>
    </p>
   </div>
   <div class='ocr_carea' id='block_1_35' title="bbox 467 3012 2033 3088">
    <p class='ocr_par' dir='ltr' id='par_1_35' title="bbox 467 3012 2033 3088">
     <span class='ocr_line' id='line_1_35' title="bbox 467 3012 2033 3088; baseline 0.001 -17"><span class='ocrx_word' id='word_1_227' title='bbox 467 3017 912 3080; x_wconf 88' lang='grc' dir='ltr'>Ἀποστείλαντες</span> <span class='ocrx_word' id='word_1_228' title='bbox 979 3016 1036 3071; x_wconf 88' lang='grc' dir='ltr'>δέ</span> <span class='ocrx_word' id='word_1_229' title='bbox 1099 3012 1313 3087; x_wconf 90' lang='grc' dir='ltr'>πρῶτον</span> <span class='ocrx_word' id='word_1_230' title='bbox 1379 3018 1459 3079; x_wconf 86' lang='grc' dir='ltr'>είς</span> <span class='ocrx_word' id='word_1_231' title='bbox 1527 3017 1625 3088; x_wconf 78' lang='grc' dir='ltr'>τὴν</span> <span class='ocrx_word' id='word_1_232' title='bbox 1697 3018 2033 3088; x_wconf 82' lang='grc' dir='ltr'>Ἀντιοχέων,</span> 
     </span>
    </p>
   </div>
   <div class='ocr_carea' id='block_1_36' title="bbox 456 3098 2036 3172">
    <p class='ocr_par' dir='ltr' id='par_1_36' title="bbox 456 3098 2036 3172">
     <span class='ocr_line' id='line_1_36' title="bbox 456 3098 2036 3172; baseline 0.001 -18"><span class='ocrx_word' id='word_1_233' title='bbox 456 3100 678 3172; x_wconf 79' lang='grc' dir='ltr'>ζητοῦσι</span> <span class='ocrx_word' id='word_1_234' title='bbox 711 3101 959 3172; x_wconf 88' lang='grc' dir='ltr'>νεότητος</span> <span class='ocrx_word' id='word_1_235' title='bbox 984 3098 1148 3154; x_wconf 84' lang='grc' dir='ltr'>αὑτοῦ</span> <span class='ocrx_word' id='word_1_236' title='bbox 1186 3099 1585 3172; x_wconf 84' lang='grc' dir='ltr'>πλημμελείας.</span> <span class='ocrx_word' id='word_1_237' title='bbox 1628 3101 1715 3164; x_wconf 77' lang='grc' dir='ltr'>Ὠς</span> <span class='ocrx_word' id='word_1_238' title='bbox 1743 3100 1800 3154; x_wconf 83' lang='grc' dir='ltr'>δὲ</span> <span class='ocrx_word' id='word_1_239' title='bbox 1841 3101 2036 3166; x_wconf 78' lang='grc' dir='ltr'>ἐξέλι-</span> 
     </span>
    </p>
   </div>
   <div class='ocr_carea' id='block_1_37' title="bbox 457 3180 2034 3257">
    <p class='ocr_par' dir='ltr' id='par_1_37' title="bbox 457 3180 2034 3257">
     <span class='ocr_line' id='line_1_37' title="bbox 457 3180 2034 3257; baseline 0.001 -20"><span class='ocrx_word' id='word_1_240' title='bbox 457 3201 573 3237; x_wconf 74' lang='grc' dir='ltr'>πον</span> <span class='ocrx_word' id='word_1_241' title='bbox 623 3183 1055 3252; x_wconf 64' lang='grc' dir='ltr'>ἐξερευνῶντες</span> <span class='ocrx_word' id='word_1_242' title='bbox 1104 3182 1545 3252; x_wconf 64' lang='grc' dir='ltr'>ἐξερευνήσας,</span> <span class='ocrx_word' id='word_1_243' title='bbox 1605 3185 1696 3238; x_wconf 78' lang='grc' dir='ltr'>καὶ</span> <span class='ocrx_word' id='word_1_244' title='bbox 1741 3185 1837 3255; x_wconf 81' lang='grc' dir='ltr'>οὐχ</span> <span class='ocrx_word' id='word_1_245' title='bbox 1880 3180 2034 3257; x_wconf 75' lang='grc' dir='ltr'>εὗρον</span> 
     </span>
    </p>
   </div>
   <div class='ocr_carea' id='block_1_38' title="bbox 451 3265 2035 3341">
    <p class='ocr_par' dir='ltr' id='par_1_38' title="bbox 451 3265 2035 3341">
     <span class='ocr_line' id='line_1_38' title="bbox 451 3265 2035 3341; baseline 0.002 -21"><span class='ocrx_word' id='word_1_246' title='bbox 451 3267 627 3332; x_wconf 73' lang='grc' dir='ltr'>οὐδὲν,</span> <span class='ocrx_word' id='word_1_247' title='bbox 654 3267 1072 3322; x_wconf 82' lang='grc' dir='ltr'>ἀποστέλλουσιν</span> <span class='ocrx_word' id='word_1_248' title='bbox 1099 3269 1179 3331; x_wconf 88' lang='grc' dir='ltr'>είς</span> <span class='ocrx_word' id='word_1_249' title='bbox 1208 3265 1307 3341; x_wconf 80' lang='grc' dir='ltr'>τὴν</span> <span class='ocrx_word' id='word_1_250' title='bbox 1345 3267 1749 3339; x_wconf 84' lang='grc' dir='ltr'>Ἀλεξάνδρειαν</span> <span class='ocrx_word' id='word_1_251' title='bbox 1774 3267 1909 3340; x_wconf 82' lang='grc' dir='ltr'>πρὸς</span> <span class='ocrx_word' id='word_1_252' title='bbox 1938 3269 2035 3341; x_wconf 86' lang='grc' dir='ltr'>τὴν</span> 
     </span>
    </p>
   </div>
   <div class='ocr_carea' id='block_1_39' title="bbox 452 3351 2034 3424">
    <p class='ocr_par' dir='ltr' id='par_1_39' title="bbox 452 3351 2034 3424">
     <span class='ocr_line' id='line_1_39' title="bbox 452 3351 2034 3424; baseline 0.001 -22"><span class='ocrx_word' id='word_1_253' title='bbox 452 3351 733 3424; x_wconf 85' lang='grc' dir='ltr'>εὐχέρειαν</span> <span class='ocrx_word' id='word_1_254' title='bbox 770 3351 1051 3423; x_wconf 73' lang='grc' dir='ltr'>Θεοφίλου,</span> <span class='ocrx_word' id='word_1_255' title='bbox 1093 3351 1429 3422; x_wconf 83' lang='grc' dir='ltr'>καλουμένου</span> <span class='ocrx_word' id='word_1_256' title='bbox 1463 3351 1797 3421; x_wconf 82' lang='grc' dir='ltr'>Ἀμφαλλάξ,</span> <span class='ocrx_word' id='word_1_257' title='bbox 1825 3351 1894 3404; x_wconf 88' lang='grc' dir='ltr'>τὰ</span> <span class='ocrx_word' id='word_1_258' title='bbox 1921 3370 2034 3405; x_wconf 84' lang='grc' dir='ltr'>τοι·</span> 
     </span>
    </p>
   </div>
   <div class='ocr_carea' id='block_1_40' title="bbox 454 3432 2034 3506">
    <p class='ocr_par' dir='ltr' id='par_1_40' title="bbox 454 3432 2034 3506">
     <span class='ocr_line' id='line_1_40' title="bbox 454 3432 2034 3506; baseline 0.001 -20"><span class='ocrx_word' id='word_1_259' title='bbox 454 3432 590 3488; x_wconf 89' lang='grc' dir='ltr'>αῦτα</span> <span class='ocrx_word' id='word_1_260' title='bbox 627 3433 808 3503; x_wconf 83' lang='grc' dir='ltr'>σοφῶς</span> <span class='ocrx_word' id='word_1_261' title='bbox 857 3433 1381 3506; x_wconf 64' lang='grc' dir='ltr'>ἀρχιτεκτονοῦντος</span> <span class='ocrx_word' id='word_1_262' title='bbox 1416 3434 1493 3498; x_wconf 85' lang='grc' dir='ltr'>ὃς,</span> <span class='ocrx_word' id='word_1_263' title='bbox 1522 3433 1751 3504; x_wconf 81' lang='grc' dir='ltr'>ἐξαυτῆς</span> <span class='ocrx_word' id='word_1_264' title='bbox 1794 3434 2034 3488; x_wconf 87' lang='grc' dir='ltr'>ἀναπτύ-</span> 
     </span>
    </p>
   </div>
   <div class='ocr_carea' id='block_1_41' title="bbox 454 3516 2033 3588">
    <p class='ocr_par' dir='ltr' id='par_1_41' title="bbox 454 3516 2033 3588">
     <span class='ocr_line' id='line_1_41' title="bbox 454 3516 2033 3588; baseline 0 -18"><span class='ocrx_word' id='word_1_265' title='bbox 454 3517 551 3582; x_wconf 84' lang='grc' dir='ltr'>ξας</span> <span class='ocrx_word' id='word_1_266' title='bbox 588 3516 654 3569; x_wconf 74' lang='grc' dir='ltr'>τά</span> <span class='ocrx_word' id='word_1_267' title='bbox 697 3519 796 3588; x_wconf 85' lang='grc' dir='ltr'>τῆς</span> <span class='ocrx_word' id='word_1_268' title='bbox 836 3516 1075 3579; x_wconf 88' lang='grc' dir='ltr'>διανοίας</span> <span class='ocrx_word' id='word_1_269' title='bbox 1112 3516 1274 3570; x_wconf 87' lang='grc' dir='ltr'>αὐτοῦ</span> <span class='ocrx_word' id='word_1_270' title='bbox 1311 3516 1493 3587; x_wconf 84' lang='grc' dir='ltr'>βιϐλία</span> <span class='ocrx_word' id='word_1_271' title='bbox 1540 3517 1677 3586; x_wconf 84' lang='grc' dir='ltr'>μετὰ</span> <span class='ocrx_word' id='word_1_272' title='bbox 1703 3517 1905 3586; x_wconf 87' lang='grc' dir='ltr'>πολλῆς</span> <span class='ocrx_word' id='word_1_273' title='bbox 1933 3518 2033 3588; x_wconf 86' lang='grc' dir='ltr'>τῆς</span> 
     </span>
    </p>
   </div>
   <div class='ocr_carea' id='block_1_42' title="bbox 452 3596 2033 3672">
    <p class='ocr_par' dir='ltr' id='par_1_42' title="bbox 452 3596 2033 3672">
     <span class='ocr_line' id='line_1_42' title="bbox 452 3596 2033 3672; baseline 0.003 -21"><span class='ocrx_word' id='word_1_274' title='bbox 452 3598 751 3671; x_wconf 84' lang='grc' dir='ltr'>λῃστρικῆς</span> <span class='ocrx_word' id='word_1_275' title='bbox 798 3598 1050 3669; x_wconf 81' lang='grc' dir='ltr'>ἡσυχίας,</span> <span class='ocrx_word' id='word_1_276' title='bbox 1102 3596 1308 3667; x_wconf 80' lang='grc' dir='ltr'>ήοεύνα</span> <span class='ocrx_word' id='word_1_277' title='bbox 1363 3597 1541 3669; x_wconf 77' lang='grc' dir='ltr'>ζητῶν</span> <span class='ocrx_word' id='word_1_278' title='bbox 1582 3599 1782 3670; x_wconf 81' lang='grc' dir='ltr'>τρόπον</span> <span class='ocrx_word' id='word_1_279' title='bbox 1821 3602 2033 3672; x_wconf 81' lang='grc' dir='ltr'>προφά-</span> 
     </span>
    </p>
   </div>
   <div class='ocr_carea' id='block_1_43' title="bbox 451 3676 2035 3754">
    <p class='ocr_par' dir='ltr' id='par_1_43' title="bbox 451 3676 2035 3754">
     <span class='ocr_line' id='line_1_43' title="bbox 451 3676 2035 3754; baseline 0.001 -18"><span class='ocrx_word' id='word_1_280' title='bbox 451 3700 590 3747; x_wconf 89' lang='grc' dir='ltr'>σεως</span> <span class='ocrx_word' id='word_1_281' title='bbox 625 3681 726 3736; x_wconf 88' lang='grc' dir='ltr'>κάν</span> <span class='ocrx_word' id='word_1_282' title='bbox 751 3682 850 3754; x_wconf 88' lang='grc' dir='ltr'>τῆς</span> <span class='ocrx_word' id='word_1_283' title='bbox 878 3682 1167 3754; x_wconf 86' lang='grc' dir='ltr'>τυχούσης.</span> <span class='ocrx_word' id='word_1_284' title='bbox 1222 3680 1282 3737; x_wconf 84' lang='grc' dir='ltr'>Ὀ</span> <span class='ocrx_word' id='word_1_285' title='bbox 1312 3682 1496 3734; x_wconf 88' lang='grc' dir='ltr'>ΔΙΛΚ.</span> <span class='ocrx_word' id='word_1_286' title='bbox 1541 3682 1814 3753; x_wconf 87' lang='grc' dir='ltr'>Ἑπίσχες,</span> <span class='ocrx_word' id='word_1_287' title='bbox 1855 3676 1900 3736; x_wconf 82' lang='grc' dir='ltr'>ὧ</span> <span class='ocrx_word' id='word_1_288' title='bbox 1930 3684 2035 3738; x_wconf 88' lang='grc' dir='ltr'>Πά-</span> 
     </span>
    </p>
   </div>
   <div class='ocr_carea' id='block_1_44' title="bbox 448 3763 2032 3837">
    <p class='ocr_par' dir='ltr' id='par_1_44' title="bbox 448 3763 2032 3837">
     <span class='ocr_line' id='line_1_44' title="bbox 448 3763 2032 3837; baseline 0.002 -18"><span class='ocrx_word' id='word_1_289' title='bbox 448 3784 567 3837; x_wconf 81' lang='grc' dir='ltr'>τερ,</span> <span class='ocrx_word' id='word_1_290' title='bbox 602 3765 710 3820; x_wconf 89' lang='grc' dir='ltr'>τῶν</span> <span class='ocrx_word' id='word_1_291' title='bbox 736 3766 911 3833; x_wconf 89' lang='grc' dir='ltr'>λόγων</span> <span class='ocrx_word' id='word_1_292' title='bbox 943 3766 1041 3836; x_wconf 74' lang='grc' dir='ltr'>τὴν</span> <span class='ocrx_word' id='word_1_293' title='bbox 1069 3764 1267 3836; x_wconf 78' lang='grc' dir='ltr'>ῥύμην,</span> <span class='ocrx_word' id='word_1_294' title='bbox 1292 3764 1422 3835; x_wconf 79' lang='grc' dir='ltr'>πρὶν</span> <span class='ocrx_word' id='word_1_295' title='bbox 1453 3763 1801 3836; x_wconf 85' lang='grc' dir='ltr'>ἐπιλήσομαι,</span> <span class='ocrx_word' id='word_1_296' title='bbox 1836 3767 1920 3820; x_wconf 82' lang='grc' dir='ltr'>ἵνα</span> <span class='ocrx_word' id='word_1_297' title='bbox 1953 3786 2032 3823; x_wconf 81' lang='grc' dir='ltr'>σοι</span> 
     </span>
    </p>
   </div>
   <div class='ocr_carea' id='block_1_45' title="bbox 450 3847 2033 3922">
    <p class='ocr_par' dir='ltr' id='par_1_45' title="bbox 450 3847 2033 3922">
     <span class='ocr_line' id='line_1_45' title="bbox 450 3847 2033 3922; baseline 0.003 -20"><span class='ocrx_word' id='word_1_298' title='bbox 450 3848 592 3902; x_wconf 75' lang='grc' dir='ltr'>εἴπω</span> <span class='ocrx_word' id='word_1_299' title='bbox 622 3850 720 3920; x_wconf 86' lang='grc' dir='ltr'>τὴν</span> <span class='ocrx_word' id='word_1_300' title='bbox 742 3848 849 3902; x_wconf 79' lang='grc' dir='ltr'>ἀπὸ</span> <span class='ocrx_word' id='word_1_301' title='bbox 890 3848 1296 3920; x_wconf 83' lang='grc' dir='ltr'>Ἀλεξανδρείας</span> <span class='ocrx_word' id='word_1_302' title='bbox 1317 3847 1582 3902; x_wconf 84' lang='grc' dir='ltr'>διαϐᾶσαν</span> <span class='ocrx_word' id='word_1_303' title='bbox 1605 3849 1742 3920; x_wconf 82' lang='grc' dir='ltr'>πρὸς</span> <span class='ocrx_word' id='word_1_304' title='bbox 1767 3852 1915 3922; x_wconf 78' lang='grc' dir='ltr'>ἡμᾶς</span> <span class='ocrx_word' id='word_1_305' title='bbox 1939 3855 2033 3908; x_wconf 76' lang='grc' dir='ltr'>καὶ</span> 
     </span>
    </p>
   </div>
   <div class='ocr_carea' id='block_1_46' title="bbox 449 3931 2033 4007">
    <p class='ocr_par' dir='ltr' id='par_1_46' title="bbox 449 3931 2033 4007">
     <span class='ocr_line' id='line_1_46' title="bbox 449 3931 2033 4007; baseline 0.003 -21"><span class='ocrx_word' id='word_1_306' title='bbox 449 3931 842 4006; x_wconf 81' lang='grc' dir='ltr'>θρυλληθετσαν</span> <span class='ocrx_word' id='word_1_307' title='bbox 874 3932 1073 3987; x_wconf 90' lang='grc' dir='ltr'>αἰτίαν.</span> <span class='ocrx_word' id='word_1_308' title='bbox 1105 3933 1239 3986; x_wconf 79' lang='grc' dir='ltr'>Φασὶ</span> <span class='ocrx_word' id='word_1_309' title='bbox 1291 3932 1422 4005; x_wconf 79' lang='grc' dir='ltr'>γὰρ,</span> <span class='ocrx_word' id='word_1_310' title='bbox 1471 3933 1555 3986; x_wconf 83' lang='grc' dir='ltr'>ὅτι</span> <span class='ocrx_word' id='word_1_311' title='bbox 1609 3934 2033 4007; x_wconf 86' lang='grc' dir='ltr'>καθαιρεθέντας</span> 
     </span>
    </p>
   </div>
   <div class='ocr_carea' id='block_1_47' title="bbox 448 4015 2031 4088">
    <p class='ocr_par' dir='ltr' id='par_1_47' title="bbox 448 4015 2031 4088">
     <span class='ocr_line' id='line_1_47' title="bbox 448 4015 2031 4088; baseline 0.005 -20"><span class='ocrx_word' id='word_1_312' title='bbox 448 4016 744 4088; x_wconf 81' lang='grc' dir='ltr'>κληρικοὺς</span> <span class='ocrx_word' id='word_1_313' title='bbox 767 4016 871 4070; x_wconf 80' lang='grc' dir='ltr'>ὑπὸ</span> <span class='ocrx_word' id='word_1_314' title='bbox 902 4016 1159 4086; x_wconf 86' lang='grc' dir='ltr'>Θεοφίλου</span> <span class='ocrx_word' id='word_1_315' title='bbox 1189 4015 1405 4082; x_wconf 77' lang='grc' dir='ltr'>ἐδέξατο</span> <span class='ocrx_word' id='word_1_316' title='bbox 1441 4015 1695 4088; x_wconf 75' lang='grc' dir='ltr'>Ἰωάννης</span> <span class='ocrx_word' id='word_1_317' title='bbox 1731 4019 1812 4083; x_wconf 85' lang='grc' dir='ltr'>είς</span> <span class='ocrx_word' id='word_1_318' title='bbox 1840 4037 2031 4076; x_wconf 89' lang='grc' dir='ltr'>κοινω-</span> 
     </span>
    </p>
   </div>
   <div class='ocr_carea' id='block_1_48' title="bbox 449 4100 2032 4174">
    <p class='ocr_par' dir='ltr' id='par_1_48' title="bbox 449 4100 2032 4174">
     <span class='ocr_line' id='line_1_48' title="bbox 449 4100 2032 4174; baseline 0.004 -21"><span class='ocrx_word' id='word_1_319' title='bbox 449 4102 591 4165; x_wconf 89' lang='grc' dir='ltr'>νίαν,</span> <span class='ocrx_word' id='word_1_320' title='bbox 633 4101 882 4174; x_wconf 82' lang='grc' dir='ltr'>λυπήσας</span> <span class='ocrx_word' id='word_1_321' title='bbox 922 4101 1013 4155; x_wconf 86' lang='grc' dir='ltr'>τὸν</span> <span class='ocrx_word' id='word_1_322' title='bbox 1050 4100 1331 4169; x_wconf 83' lang='grc' dir='ltr'>Θεόφιλον,</span> <span class='ocrx_word' id='word_1_323' title='bbox 1364 4101 1501 4171; x_wconf 83' lang='grc' dir='ltr'>ὅπερ</span> <span class='ocrx_word' id='word_1_324' title='bbox 1553 4101 1652 4154; x_wconf 80' lang='grc' dir='ltr'>οὐκ</span> <span class='ocrx_word' id='word_1_325' title='bbox 1685 4101 1810 4155; x_wconf 82' lang='grc' dir='ltr'>ἔδει·</span> <span class='ocrx_word' id='word_1_326' title='bbox 1855 4104 1931 4168; x_wconf 88' lang='grc' dir='ltr'>ὡς</span> <span class='ocrx_word' id='word_1_327' title='bbox 1968 4109 2032 4160; x_wconf 88' lang='grc' dir='ltr'>ἐκ</span> 
     </span>
    </p>
   </div>
   <div class='ocr_carea' id='block_1_49' title="bbox 447 4183 2031 4256">
    <p class='ocr_par' dir='ltr' id='par_1_49' title="bbox 447 4183 2031 4256">
     <span class='ocr_line' id='line_1_49' title="bbox 447 4183 2031 4256; baseline 0.004 -19"><span class='ocrx_word' id='word_1_328' title='bbox 447 4184 640 4238; x_wconf 86' lang='grc' dir='ltr'>τούτου</span> <span class='ocrx_word' id='word_1_329' title='bbox 668 4184 1007 4254; x_wconf 87' lang='grc' dir='ltr'>διενεχθέντα</span> <span class='ocrx_word' id='word_1_330' title='bbox 1043 4183 1205 4238; x_wconf 82' lang='grc' dir='ltr'>αὐτὸν</span> <span class='ocrx_word' id='word_1_331' title='bbox 1248 4187 1497 4256; x_wconf 89' lang='grc' dir='ltr'>χωρῆσαι</span> <span class='ocrx_word' id='word_1_332' title='bbox 1537 4185 1680 4240; x_wconf 85' lang='grc' dir='ltr'>κατὰ</span> <span class='ocrx_word' id='word_1_333' title='bbox 1714 4186 1807 4241; x_wconf 90' lang='grc' dir='ltr'>τοῦ</span> <span class='ocrx_word' id='word_1_334' title='bbox 1854 4189 2031 4244; x_wconf 89' lang='grc' dir='ltr'>Ἰωάν-</span> 
     </span>
    </p>
   </div>
   <div class='ocr_carea' id='block_1_50' title="bbox 449 4265 2030 4345">
    <p class='ocr_par' dir='ltr' id='par_1_50' title="bbox 449 4265 2030 4345">
     <span class='ocr_line' id='line_1_50' title="bbox 449 4265 2030 4345; baseline 0.004 -24"><span class='ocrx_word' id='word_1_335' title='bbox 449 4286 562 4322; x_wconf 91' lang='grc' dir='ltr'>νου.</span> <span class='ocrx_word' id='word_1_336' title='bbox 607 4266 667 4323; x_wconf 84' lang='lat'>&#39;0</span> <span class='ocrx_word' id='word_1_337' title='bbox 706 4268 953 4322; x_wconf 68' lang='lat' dir='ltr'>&#39;EIIIXK.</span> <span class='ocrx_word' id='word_1_338' title='bbox 1005 4267 1195 4339; x_wconf 87' lang='grc' dir='ltr'>Δῶμεν</span> <span class='ocrx_word' id='word_1_339' title='bbox 1226 4267 1399 4340; x_wconf 85' lang='grc' dir='ltr'>ἀληθῆ</span> <span class='ocrx_word' id='word_1_340' title='bbox 1438 4265 1576 4323; x_wconf 80' lang='grc' dir='ltr'>εἶναι</span> <span class='ocrx_word' id='word_1_341' title='bbox 1621 4271 1710 4325; x_wconf 79' lang='grc' dir='ltr'>τὸν</span> <span class='ocrx_word' id='word_1_342' title='bbox 1743 4274 2030 4345; x_wconf 79' lang='grc' dir='ltr'>εἰρημένον</span> 
     </span>
    </p>
   </div>
   <div class='ocr_carea' id='block_1_51' title="bbox 449 4349 2031 4427">
    <p class='ocr_par' dir='ltr' id='par_1_51' title="bbox 449 4349 2031 4427">
     <span class='ocr_line' id='line_1_51' title="bbox 449 4349 2031 4427; baseline 0.005 -22"><span class='ocrx_word' id='word_1_343' title='bbox 449 4350 694 4422; x_wconf 80' lang='grc' dir='ltr'>θρύλλον·</span> <span class='ocrx_word' id='word_1_344' title='bbox 729 4349 820 4405; x_wconf 78' lang='grc' dir='ltr'>καὶ</span> <span class='ocrx_word' id='word_1_345' title='bbox 846 4351 1143 4405; x_wconf 77' lang='grc' dir='ltr'>ἐπισκόπου</span> <span class='ocrx_word' id='word_1_346' title='bbox 1169 4353 1303 4418; x_wconf 74' lang='grc' dir='ltr'>ἐστὶ,</span> <span class='ocrx_word' id='word_1_347' title='bbox 1329 4354 1494 4408; x_wconf 83' lang='grc' dir='ltr'>κακὸν</span> <span class='ocrx_word' id='word_1_348' title='bbox 1528 4355 1708 4409; x_wconf 77' lang='grc' dir='ltr'>ἰᾶσθαι</span> <span class='ocrx_word' id='word_1_349' title='bbox 1731 4357 1915 4427; x_wconf 74' lang='grc' dir='ltr'>κακῶς</span> <span class='ocrx_word' id='word_1_350' title='bbox 1939 4360 2031 4413; x_wconf 66' lang='grc' dir='ltr'>κα)⁵</span> 
     </span>
    </p>
   </div>
   <div class='ocr_carea' id='block_1_52' title="bbox 447 4434 2031 4506">
    <p class='ocr_par' dir='ltr' id='par_1_52' title="bbox 447 4434 2031 4506">
     <span class='ocr_line' id='line_1_52' title="bbox 447 4434 2031 4506; baseline 0.004 -18"><span class='ocrx_word' id='word_1_351' title='bbox 447 4435 551 4488; x_wconf 83' lang='grc' dir='ltr'>ποῦ</span> <span class='ocrx_word' id='word_1_352' title='bbox 578 4435 639 4488; x_wconf 85' lang='grc' dir='ltr'>τὸ</span> <span class='ocrx_word' id='word_1_353' title='bbox 666 4434 1022 4503; x_wconf 81' lang='grc' dir='ltr'>εὐαγγελικδν</span> <span class='ocrx_word' id='word_1_354' title='bbox 1046 4435 1222 4490; x_wconf 79' lang='grc' dir='ltr'>ἐκεῖνο</span> <span class='ocrx_word' id='word_1_355' title='bbox 1243 4436 1304 4490; x_wconf 77' lang='grc' dir='ltr'>τὸ</span> <span class='ocrx_word' id='word_1_356' title='bbox 1333 4436 1509 4504; x_wconf 89' lang='grc' dir='ltr'>λέγον·</span> <span class='ocrx_word' id='word_1_357' title='bbox 1542 4438 1640 4506; x_wconf 82' lang='grc' dir='ltr'>Μὴ</span> <span class='ocrx_word' id='word_1_358' title='bbox 1677 4438 1968 4494; x_wconf 80' lang='grc' dir='ltr'>ἐπιδυέτω</span> <span class='ocrx_word' id='word_1_359' title='bbox 1997 4444 2031 4495; x_wconf 86' lang='grc' dir='ltr'><em>ὁ</em></span> 
     </span>
    </p>
   </div>
   <div class='ocr_carea' id='block_1_53' title="bbox 444 4517 2031 4591">
    <p class='ocr_par' dir='ltr' id='par_1_53' title="bbox 444 4517 2031 4591">
     <span class='ocr_line' id='line_1_53' title="bbox 444 4517 2031 4591; baseline 0.003 -18"><span class='ocrx_word' id='word_1_360' title='bbox 444 4518 620 4588; x_wconf 76' lang='grc' dir='ltr'>ἥλιος</span> <span class='ocrx_word' id='word_1_361' title='bbox 642 4519 739 4573; x_wconf 77' lang='grc' dir='ltr'>ἐπὶ</span> <span class='ocrx_word' id='word_1_362' title='bbox 767 4517 847 4585; x_wconf 83' lang='grc' dir='ltr'>τῷ</span> <span class='ocrx_word' id='word_1_363' title='bbox 870 4520 1257 4591; x_wconf 77' lang='grc' dir='ltr'>παροργισμῷ</span> <span class='ocrx_word' id='word_1_364' title='bbox 1276 4520 1483 4591; x_wconf 82' lang='grc' dir='ltr'>ὐμῶν;</span> <span class='ocrx_word' id='word_1_365' title='bbox 1512 4521 1614 4575; x_wconf 85' lang='grc' dir='ltr'>ποῦ</span> <span class='ocrx_word' id='word_1_366' title='bbox 1642 4522 1699 4576; x_wconf 88' lang='grc' dir='ltr'>δέ</span> <span class='ocrx_word' id='word_1_367' title='bbox 1719 4522 1780 4576; x_wconf 88' lang='grc' dir='ltr'>τὺ</span> <span class='ocrx_word' id='word_1_368' title='bbox 1805 4523 2031 4577; x_wconf 86' lang='grc' dir='ltr'>ἀποστο-</span> 
     </span>
    </p>
   </div>
   <div class='ocr_carea' id='block_1_54' title="bbox 444 4600 2028 4677">
    <p class='ocr_par' dir='ltr' id='par_1_54' title="bbox 444 4600 2028 4677">
     <span class='ocr_line' id='line_1_54' title="bbox 444 4600 2028 4677; baseline 0.001 -21"><span class='ocrx_word' id='word_1_369' title='bbox 444 4602 612 4668; x_wconf 79' lang='grc' dir='ltr'>λικὸν,</span> <span class='ocrx_word' id='word_1_370' title='bbox 637 4603 788 4658; x_wconf 81' lang='grc' dir='ltr'>Νίκα</span> <span class='ocrx_word' id='word_1_371' title='bbox 817 4603 880 4657; x_wconf 85' lang='grc' dir='ltr'>τὸ</span> <span class='ocrx_word' id='word_1_372' title='bbox 905 4604 1095 4659; x_wconf 79' lang='grc' dir='ltr'>κακὸν</span> <span class='ocrx_word' id='word_1_373' title='bbox 1118 4605 1189 4660; x_wconf 78' lang='grc' dir='ltr'>ἐν</span> <span class='ocrx_word' id='word_1_374' title='bbox 1209 4600 1290 4671; x_wconf 85' lang='grc' dir='ltr'>τῷ</span> <span class='ocrx_word' id='word_1_375' title='bbox 1318 4604 1517 4676; x_wconf 85' lang='grc' dir='ltr'>ἀγαθῷ</span> <span class='ocrx_word' id='word_1_376' title='bbox 1528 4621 1547 4669; x_wconf 87' lang='grc'><strong><em>;</em></strong></span> <span class='ocrx_word' id='word_1_377' title='bbox 1578 4603 1681 4658; x_wconf 85' lang='grc' dir='ltr'>ποῦ</span> <span class='ocrx_word' id='word_1_378' title='bbox 1717 4605 1774 4657; x_wconf 83' lang='grc' dir='ltr'>δὲ</span> <span class='ocrx_word' id='word_1_379' title='bbox 1801 4605 1863 4658; x_wconf 87' lang='grc' dir='ltr'>τὸ</span> <span class='ocrx_word' id='word_1_380' title='bbox 1894 4623 2028 4677; x_wconf 90' lang='grc' dir='ltr'>προ-</span> 
     </span>
    </p>
   </div>
   <div class='ocr_carea' id='block_1_55' title="bbox 444 4684 2030 4757">
    <p class='ocr_par' dir='ltr' id='par_1_55' title="bbox 444 4684 2030 4757">
     <span class='ocr_line' id='line_1_55' title="bbox 444 4684 2030 4757; baseline 0.003 -18"><span class='ocrx_word' id='word_1_381' title='bbox 444 4685 695 4757; x_wconf 81' lang='grc' dir='ltr'>φητικὸν,</span> <span class='ocrx_word' id='word_1_382' title='bbox 727 4689 795 4740; x_wconf 77' lang='lat' dir='ltr'>El</span> <span class='ocrx_word' id='word_1_383' title='bbox 831 4684 1226 4742; x_wconf 78' lang='grc' dir='ltr'>ἁνταπέδωκα</span> <span class='ocrx_word' id='word_1_384' title='bbox 1262 4687 1390 4753; x_wconf 81' lang='grc' dir='ltr'>τοῖς</span> <span class='ocrx_word' id='word_1_385' title='bbox 1425 4687 1902 4742; x_wconf 66' lang='grc' dir='ltr'>ἀηαποδιδοῦσῑ</span> <span class='ocrx_word' id='word_1_386' title='bbox 1925 4705 2030 4757; x_wconf 80' lang='grc' dir='ltr'>μοι</span> 
     </span>
    </p>
   </div>
   <div class='ocr_carea' id='block_1_56' title="bbox 442 4764 2030 4841">
    <p class='ocr_par' dir='ltr' id='par_1_56' title="bbox 442 4764 2030 4841">
     <span class='ocr_line' id='line_1_56' title="bbox 442 4764 2030 4841; baseline 0.003 -20"><span class='ocrx_word' id='word_1_387' title='bbox 442 4767 630 4831; x_wconf 77' lang='grc' dir='ltr'>κακᾶς</span> <span class='ocrx_word' id='word_1_388' title='bbox 661 4764 794 4821; x_wconf 83' lang='grc' dir='ltr'>Εἶτα</span> <span class='ocrx_word' id='word_1_389' title='bbox 820 4764 913 4821; x_wconf 80' lang='grc' dir='ltr'>οῦν</span> <span class='ocrx_word' id='word_1_390' title='bbox 940 4765 1008 4840; x_wconf 80' lang='grc' dir='ltr'>ἦν</span> <span class='ocrx_word' id='word_1_391' title='bbox 1036 4769 1463 4841; x_wconf 84' lang='grc' dir='ltr'>φιλονεικότερον</span> <span class='ocrx_word' id='word_1_392' title='bbox 1488 4772 1665 4823; x_wconf 82' lang='grc' dir='ltr'>εἰπεῖν</span> <span class='ocrx_word' id='word_1_393' title='bbox 1697 4768 2030 4839; x_wconf 78' lang='grc' dir='ltr'>ἐγκαλοῦντα</span> 
     </span>
    </p>
   </div>
   <div class='ocr_carea' id='block_1_57' title="bbox 443 4849 2030 4925">
    <p class='ocr_par' dir='ltr' id='par_1_57' title="bbox 443 4849 2030 4925">
     <span class='ocr_line' id='line_1_57' title="bbox 443 4849 2030 4925; baseline 0.003 -22"><span class='ocrx_word' id='word_1_394' title='bbox 443 4851 538 4903; x_wconf 80' lang='grc' dir='ltr'>ἐπὶ</span> <span class='ocrx_word' id='word_1_395' title='bbox 571 4849 818 4904; x_wconf 84' lang='grc' dir='ltr'>εὐλαϐῶν</span> <span class='ocrx_word' id='word_1_396' title='bbox 853 4851 1192 4904; x_wconf 68' lang='grc' dir='ltr'>ἐπισκόπων*</span> <span class='ocrx_word' id='word_1_397' title='bbox 1238 4851 1458 4921; x_wconf 89' lang='grc' dir='ltr'>Ἀδελφέ</span> <span class='ocrx_word' id='word_1_398' title='bbox 1503 4853 1745 4923; x_wconf 85' lang='grc' dir='ltr'>Ἰωάννη,</span> <span class='ocrx_word' id='word_1_399' title='bbox 1783 4852 2030 4925; x_wconf 85' lang='grc' dir='ltr'>παρῆλθέ</span> 
     </span>
    </p>
   </div>
   <div class='ocr_carea' id='block_1_58' title="bbox 444 4933 2031 5009">
    <p class='ocr_par' dir='ltr' id='par_1_58' title="bbox 444 4933 2031 5009">
     <span class='ocr_line' id='line_1_58' title="bbox 444 4933 2031 5009; baseline 0.003 -22"><span class='ocrx_word' id='word_1_400' title='bbox 444 4951 506 4987; x_wconf 87' lang='grc' dir='ltr'>σε</span> <span class='ocrx_word' id='word_1_401' title='bbox 531 4935 871 5003; x_wconf 85' lang='grc' dir='ltr'>πεποιηκότα</span> <span class='ocrx_word' id='word_1_402' title='bbox 894 4934 956 4987; x_wconf 82' lang='grc' dir='ltr'>τὸ</span> <span class='ocrx_word' id='word_1_403' title='bbox 980 4933 1012 5004; x_wconf 84' lang='grc' dir='ltr'>ἢ</span> <span class='ocrx_word' id='word_1_404' title='bbox 1047 4934 1142 4999; x_wconf 88' lang='grc' dir='ltr'>τό;</span> <span class='ocrx_word' id='word_1_405' title='bbox 1166 4933 1374 4987; x_wconf 73' lang='grc' dir='ltr'>καὶτὸν</span> <span class='ocrx_word' id='word_1_406' title='bbox 1411 4935 1663 5006; x_wconf 84' lang='grc' dir='ltr'>Ἰωάννην</span> <span class='ocrx_word' id='word_1_407' title='bbox 1689 4937 2031 5009; x_wconf 86' lang='grc' dir='ltr'>ἀπολογησά-</span> 
     </span>
    </p>
   </div>
   <div class='ocr_carea' id='block_1_59' title="bbox 446 5016 2031 5092">
    <p class='ocr_par' dir='ltr' id='par_1_59' title="bbox 446 5016 2031 5092">
     <span class='ocr_line' id='line_1_59' title="bbox 446 5016 2031 5092; baseline 0.004 -23"><span class='ocrx_word' id='word_1_408' title='bbox 446 5033 628 5087; x_wconf 88' lang='grc' dir='ltr'>μενον,</span> <span class='ocrx_word' id='word_1_409' title='bbox 660 5018 985 5087; x_wconf 76' lang='grc' dir='ltr'>ἠγνοηκέναι</span> <span class='ocrx_word' id='word_1_410' title='bbox 1014 5016 1075 5069; x_wconf 73' lang='grc' dir='ltr'>τδ</span> <span class='ocrx_word' id='word_1_411' title='bbox 1095 5019 1362 5088; x_wconf 82' lang='grc' dir='ltr'>πρᾶγμα;</span> <span class='ocrx_word' id='word_1_412' title='bbox 1396 5017 1455 5069; x_wconf 82' lang='grc' dir='ltr'>ὐ</span> <span class='ocrx_word' id='word_1_413' title='bbox 1486 5019 1667 5070; x_wconf 80' lang='grc' dir='ltr'>ΔΙΑΚ.</span> <span class='ocrx_word' id='word_1_414' title='bbox 1709 5019 1930 5092; x_wconf 72' lang='grc' dir='ltr'>Ἀληθές</span> <span class='ocrx_word' id='word_1_415' title='bbox 1954 5021 2031 5074; x_wconf 80' lang='grc' dir='ltr'>εί-</span> 
     </span>
    </p>
   </div>
   <div class='ocr_carea' id='block_1_60' title="bbox 446 5093 2027 5175">
    <p class='ocr_par' dir='ltr' id='par_1_60' title="bbox 446 5093 2027 5175">
     <span class='ocr_line' id='line_1_60' title="bbox 446 5093 2027 5175; baseline 0.004 -24"><span class='ocrx_word' id='word_1_416' title='bbox 446 5116 644 5171; x_wconf 87' lang='grc' dir='ltr'>ρηκας,</span> <span class='ocrx_word' id='word_1_417' title='bbox 700 5100 754 5153; x_wconf 80' lang='grc' dir='ltr'>εἴ</span> <span class='ocrx_word' id='word_1_418' title='bbox 801 5099 867 5168; x_wconf 87' lang='grc' dir='ltr'>γέ</span> <span class='ocrx_word' id='word_1_419' title='bbox 907 5116 992 5163; x_wconf 89' lang='grc' dir='ltr'>τις</span> <span class='ocrx_word' id='word_1_420' title='bbox 1041 5093 1110 5169; x_wconf 79' lang='grc' dir='ltr'>ἦν</span> <span class='ocrx_word' id='word_1_421' title='bbox 1149 5099 1207 5151; x_wconf 91' lang='grc' dir='ltr'>ἐν</span> <span class='ocrx_word' id='word_1_422' title='bbox 1252 5096 1401 5169; x_wconf 81' lang='grc' dir='ltr'>αὐτῷ</span> <span class='ocrx_word' id='word_1_423' title='bbox 1454 5098 1790 5166; x_wconf 82' lang='grc' dir='ltr'>καλοθέλεια,</span> <span class='ocrx_word' id='word_1_424' title='bbox 1820 5104 1914 5156; x_wconf 69' lang='grc' dir='ltr'>καὶ</span> <span class='ocrx_word' id='word_1_425' title='bbox 1954 5103 2027 5175; x_wconf 85' lang='grc' dir='ltr'>μὴ</span> 
     </span>
    </p>
   </div>
   <div class='ocr_carea' id='block_1_61' title="bbox 443 5179 2029 5256">
    <p class='ocr_par' dir='ltr' id='par_1_61' title="bbox 443 5179 2029 5256">
     <span class='ocr_line' id='line_1_61' title="bbox 443 5179 2029 5256; baseline 0.003 -21"><span class='ocrx_word' id='word_1_426' title='bbox 443 5182 951 5253; x_wconf 80' lang='grc' dir='ltr'>κατεσχηματίζετο</span> <span class='ocrx_word' id='word_1_427' title='bbox 996 5180 1096 5251; x_wconf 83' lang='grc' dir='ltr'>τὴν</span> <span class='ocrx_word' id='word_1_428' title='bbox 1126 5179 1234 5233; x_wconf 90' lang='grc' dir='ltr'>τῶν</span> <span class='ocrx_word' id='word_1_429' title='bbox 1268 5180 1546 5252; x_wconf 90' lang='grc' dir='ltr'>κληρικῶν</span> <span class='ocrx_word' id='word_1_430' title='bbox 1577 5183 1777 5248; x_wconf 88' lang='grc' dir='ltr'>αἰτίαν,</span> <span class='ocrx_word' id='word_1_431' title='bbox 1824 5183 1922 5256; x_wconf 81' lang='grc' dir='ltr'>τὴν</span> <span class='ocrx_word' id='word_1_432' title='bbox 1952 5188 2029 5240; x_wconf 73' lang='lat' dir='ltr'>ol-</span> 
     </span>
    </p>
   </div>
   <div class='ocr_carea' id='block_1_62' title="bbox 441 5265 2026 5339">
    <p class='ocr_par' dir='ltr' id='par_1_62' title="bbox 441 5265 2026 5339">
     <span class='ocr_line' id='line_1_62' title="bbox 441 5265 2026 5339; baseline 0.002 -18"><span class='ocrx_word' id='word_1_433' title='bbox 441 5265 597 5321; x_wconf 87' lang='grc' dir='ltr'>κείαν</span> <span class='ocrx_word' id='word_1_434' title='bbox 618 5265 790 5339; x_wconf 78' lang='grc' dir='ltr'>ὀργὴν</span> <span class='ocrx_word' id='word_1_435' title='bbox 820 5266 1132 5339; x_wconf 80' lang='grc' dir='ltr'>ἐκπληρῶν.</span> <span class='ocrx_word' id='word_1_436' title='bbox 1189 5265 1247 5321; x_wconf 82' lang='grc' dir='ltr'>Ὀ</span> <span class='ocrx_word' id='word_1_437' title='bbox 1296 5265 1546 5321; x_wconf 80' lang='grc' dir='ltr'>ἘΠΙΣΚ.</span> <span class='ocrx_word' id='word_1_438' title='bbox 1598 5266 1682 5339; x_wconf 83' lang='grc' dir='ltr'><strong>Νὴ</strong></span> <span class='ocrx_word' id='word_1_439' title='bbox 1723 5267 1813 5323; x_wconf 79' lang='grc' dir='ltr'>τὸν</span> <span class='ocrx_word' id='word_1_440' title='bbox 1864 5269 2026 5339; x_wconf 81' lang='grc' dir='ltr'>φόϐον</span> 
     </span>
    </p>
   </div>
   <div class='ocr_carea' id='block_1_63' title="bbox 438 5347 2027 5425">
    <p class='ocr_par' dir='ltr' id='par_1_63' title="bbox 438 5347 2027 5425">
     <span class='ocr_line' id='line_1_63' title="bbox 438 5347 2027 5425; baseline 0.004 -24"><span class='ocrx_word' id='word_1_441' title='bbox 438 5350 620 5405; x_wconf 76' lang='grc' dir='ltr'>τοίνυν</span> <span class='ocrx_word' id='word_1_442' title='bbox 659 5348 750 5404; x_wconf 77' lang='grc' dir='ltr'>τὸν</span> <span class='ocrx_word' id='word_1_443' title='bbox 797 5348 892 5404; x_wconf 89' lang='grc' dir='ltr'>τοῦ</span> <span class='ocrx_word' id='word_1_444' title='bbox 928 5347 1086 5415; x_wconf 87' lang='grc' dir='ltr'>Θεοῦ,</span> <span class='ocrx_word' id='word_1_445' title='bbox 1121 5349 1180 5414; x_wconf 82' lang='grc' dir='ltr'>ὃς</span> <span class='ocrx_word' id='word_1_446' title='bbox 1223 5348 1474 5415; x_wconf 84' lang='grc' dir='ltr'>δεσπόζει</span> <span class='ocrx_word' id='word_1_447' title='bbox 1507 5350 1615 5404; x_wconf 82' lang='grc' dir='ltr'>τῶν</span> <span class='ocrx_word' id='word_1_448' title='bbox 1657 5352 1898 5425; x_wconf 86' lang='grc' dir='ltr'>ἀπείρων</span> <span class='ocrx_word' id='word_1_449' title='bbox 1933 5354 2027 5424; x_wconf 88' lang='grc' dir='ltr'>φό-</span> 
     </span>
    </p>
   </div>
   <div class='ocr_carea' id='block_1_64' title="bbox 441 5431 2025 5506">
    <p class='ocr_par' dir='ltr' id='par_1_64' title="bbox 441 5431 2025 5506">
     <span class='ocr_line' id='line_1_64' title="bbox 441 5431 2025 5506; baseline 0.004 -21"><span class='ocrx_word' id='word_1_450' title='bbox 441 5434 570 5497; x_wconf 87' lang='grc' dir='ltr'>ϐων,</span> <span class='ocrx_word' id='word_1_451' title='bbox 618 5434 719 5486; x_wconf 86' lang='grc' dir='ltr'>οὐκ</span> <span class='ocrx_word' id='word_1_452' title='bbox 756 5432 866 5505; x_wconf 87' lang='grc' dir='ltr'>ἐρῶ</span> <span class='ocrx_word' id='word_1_453' title='bbox 921 5450 1004 5487; x_wconf 89' lang='grc' dir='ltr'>σοι</span> <span class='ocrx_word' id='word_1_454' title='bbox 1050 5431 1244 5500; x_wconf 82' lang='grc' dir='ltr'>ἄλλως,</span> <span class='ocrx_word' id='word_1_455' title='bbox 1286 5432 1401 5488; x_wconf 86' lang='grc' dir='ltr'>ἀλλ’</span> <span class='ocrx_word' id='word_1_456' title='bbox 1435 5433 1511 5499; x_wconf 85' lang='grc' dir='ltr'>ὡς</span> <span class='ocrx_word' id='word_1_457' title='bbox 1556 5434 1671 5506; x_wconf 83' lang='grc' dir='ltr'>ἔχει</span> <span class='ocrx_word' id='word_1_458' title='bbox 1713 5435 1927 5506; x_wconf 87' lang='grc' dir='ltr'>φύσεως</span> <span class='ocrx_word' id='word_1_459' title='bbox 1964 5439 2025 5491; x_wconf 84' lang='grc' dir='ltr'>τὸ</span> 
     </span>
    </p>
   </div>
   <div class='ocr_carea' id='block_1_65' title="bbox 501 5546 1755 5611">
    <p class='ocr_par' dir='ltr' id='par_1_65' title="bbox 501 5546 1755 5611">
     <span class='ocr_line' id='line_1_65' title="bbox 501 5546 1755 5611; baseline 0.002 -16"><span class='ocrx_word' id='word_1_460' title='bbox 501 5549 531 5611; x_wconf 60' lang='grc'><strong><em>9</em></strong></span> <span class='ocrx_word' id='word_1_461' title='bbox 553 5546 963 5611; x_wconf 73' lang='grc' dir='ltr'>Θεατροσκόπους.</span> <span class='ocrx_word' id='word_1_462' title='bbox 993 5546 1186 5609; x_wconf 80' lang='lat' dir='ltr'>Legere</span> <span class='ocrx_word' id='word_1_463' title='bbox 1207 5546 1374 5597; x_wconf 87' lang='lat' dir='ltr'>malim</span> <span class='ocrx_word' id='word_1_464' title='bbox 1395 5546 1755 5611; x_wconf 84' lang='grc' dir='ltr'>θεατροκόπους.</span> 
     </span>
    </p>
   </div>
   <div class='ocr_carea' id='block_1_66' title="bbox 498 5606 1780 5682">
    <p class='ocr_par' dir='ltr' id='par_1_66' title="bbox 498 5606 1780 5682">
     <span class='ocr_line' id='line_1_66' title="bbox 498 5606 1780 5682; baseline -0.001 0"><span class='ocrx_word' id='word_1_465' title='bbox 498 5606 1087 5682; x_wconf 61' lang='grc' dir='ltr'>ἒίὲβοτε·παροινίας;..’</span> <span class='ocrx_word' id='word_1_466' title='bbox 1120 5668 1150 5682; x_wconf 65' lang='grc' dir='ltr'>η</span> <span class='ocrx_word' id='word_1_467' title='bbox 1510 5606 1518 5611; x_wconf 78' lang='grc'><em>’</em></span> <span class='ocrx_word' id='word_1_468' title='bbox 1623 5673 1642 5682; x_wconf 90' lang='grc'>-</span> <span class='ocrx_word' id='word_1_469' title='bbox 1715 5670 1725 5682; x_wconf 95' lang='grc'>.</span> <span class='ocrx_word' id='word_1_470' title='bbox 1769 5670 1780 5680; x_wconf 93' lang='grc'>.</span> 
     </span>
    </p>
   </div>
   <div class='ocr_carea' id='block_1_67' title="bbox 500 5668 2020 5737">
    <p class='ocr_par' dir='ltr' id='par_1_67' title="bbox 500 5668 2020 5737">
     <span class='ocr_line' id='line_1_67' title="bbox 500 5668 2020 5737; baseline 0.009 -25"><span class='ocrx_word' id='word_1_471' title='bbox 500 5670 528 5701; x_wconf 71' lang='grc' dir='ltr'>ε</span> <span class='ocrx_word' id='word_1_472' title='bbox 558 5668 747 5737; x_wconf 44' lang='grc' dir='ltr'>’Ἀρςῧω</span> <span class='ocrx_word' id='word_1_473' title='bbox 1008 5668 1091 5721; x_wconf 82' lang='lat' dir='ltr'>Sic</span> <span class='ocrx_word' id='word_1_474' title='bbox 1117 5668 1306 5722; x_wconf 78' lang='lat' dir='ltr'>Gallice</span> <span class='ocrx_word' id='word_1_475' title='bbox 1338 5668 1584 5723; x_wconf 86' lang='lat' dir='ltr'>dicimus:</span> <span class='ocrx_word' id='word_1_476' title='bbox 1608 5673 1671 5721; x_wconf 80' lang='lat' dir='ltr'>Je</span> <span class='ocrx_word' id='word_1_477' title='bbox 1708 5670 1780 5721; x_wconf 79' lang='lat' dir='ltr'>lui</span> <span class='ocrx_word' id='word_1_478' title='bbox 1810 5672 2020 5737; x_wconf 62' lang='grc' dir='ltr'>μέμονε</span> 
     </span>
    </p>
   </div>
   <div class='ocr_carea' id='block_1_68' title="bbox 433 5729 972 5798">
    <p class='ocr_par' dir='ltr' id='par_1_68' title="bbox 433 5729 972 5798">
     <span class='ocr_line' id='line_1_68' title="bbox 433 5729 972 5798; baseline 0.002 -15"><span class='ocrx_word' id='word_1_479' title='bbox 433 5744 499 5783; x_wconf 81' lang='lat' dir='ltr'>un</span> <span class='ocrx_word' id='word_1_480' title='bbox 517 5729 697 5798; x_wconf 73' lang='lat' dir='ltr'>plat&#39;dc</span> <span class='ocrx_word' id='word_1_481' title='bbox 717 5729 800 5785; x_wconf 75' lang='lat' dir='ltr'>ma&#39;</span> <span class='ocrx_word' id='word_1_482' title='bbox 809 5729 972 5798; x_wconf 53' lang='lat' dir='ltr'>Iasion.</span> 
     </span>
    </p>
   </div>
   <div class='ocr_carea' id='block_1_69' title="bbox 2149 341 3730 425">
    <p class='ocr_par' dir='ltr' id='par_1_69' title="bbox 2149 341 3730 425">
     <span class='ocr_line' id='line_1_69' title="bbox 2149 341 3730 425; baseline -0.004 -18"><span class='ocrx_word' id='word_1_483' title='bbox 2149 351 2378 425; x_wconf 72' lang='grc' dir='ltr'>πρᾶγμα</span> <span class='ocrx_word' id='word_1_484' title='bbox 2420 349 2778 421; x_wconf 73' lang='grc' dir='ltr'>περὶτούτων</span> <span class='ocrx_word' id='word_1_485' title='bbox 2815 341 2887 402; x_wconf 76' lang='grc' dir='ltr'>ὧν</span> <span class='ocrx_word' id='word_1_486' title='bbox 2916 346 3144 419; x_wconf 73' lang='grc' dir='ltr'>εἴρηκας</span> <span class='ocrx_word' id='word_1_487' title='bbox 3183 347 3476 418; x_wconf 66' lang='grc' dir='ltr'>κληρικῶν.</span> <span class='ocrx_word' id='word_1_488' title='bbox 3525 349 3730 401; x_wconf 79' lang='grc' dir='ltr'>Ἰσίδω-</span> 
     </span>
    </p>
   </div>
   <div class='ocr_carea' id='block_1_70' title="bbox 2152 429 3731 506">
    <p class='ocr_par' dir='ltr' id='par_1_70' title="bbox 2152 429 3731 506">
     <span class='ocr_line' id='line_1_70' title="bbox 2152 429 3731 506; baseline -0.003 -17"><span class='ocrx_word' id='word_1_489' title='bbox 2152 437 2242 506; x_wconf 90' lang='grc' dir='ltr'>ρός</span> <span class='ocrx_word' id='word_1_490' title='bbox 2264 453 2367 498; x_wconf 89' lang='grc' dir='ltr'>τις,</span> <span class='ocrx_word' id='word_1_491' title='bbox 2403 431 2772 504; x_wconf 89' lang='grc' dir='ltr'>πρεσϐύτερος</span> <span class='ocrx_word' id='word_1_492' title='bbox 2804 432 2884 484; x_wconf 82' lang='grc' dir='ltr'>ἔτι</span> <span class='ocrx_word' id='word_1_493' title='bbox 2913 431 3014 502; x_wconf 89' lang='grc' dir='ltr'>τῆς</span> <span class='ocrx_word' id='word_1_494' title='bbox 3049 432 3144 483; x_wconf 85' lang='grc' dir='ltr'>τοῦ</span> <span class='ocrx_word' id='word_1_495' title='bbox 3184 430 3453 501; x_wconf 67' lang='grc' dir='ltr'>μακαρίου</span> <span class='ocrx_word' id='word_1_496' title='bbox 3500 429 3731 484; x_wconf 83' lang='grc' dir='ltr'>Ἀθανα-</span> 
     </span>
    </p>
   </div>
   <div class='ocr_carea' id='block_1_71' title="bbox 2151 513 3730 587">
    <p class='ocr_par' dir='ltr' id='par_1_71' title="bbox 2151 513 3730 587">
     <span class='ocr_line' id='line_1_71' title="bbox 2151 513 3730 587; baseline -0.003 -16"><span class='ocrx_word' id='word_1_497' title='bbox 2151 519 2265 571; x_wconf 92' lang='grc' dir='ltr'>σίου</span> <span class='ocrx_word' id='word_1_498' title='bbox 2285 516 2378 571; x_wconf 87' lang='grc' dir='ltr'>τοῦ</span> <span class='ocrx_word' id='word_1_499' title='bbox 2411 516 2649 587; x_wconf 87' lang='grc' dir='ltr'>μεγάλου</span> <span class='ocrx_word' id='word_1_500' title='bbox 2672 515 3024 586; x_wconf 88' lang='grc' dir='ltr'>χειροτονίας,</span> <span class='ocrx_word' id='word_1_501' title='bbox 3051 514 3404 583; x_wconf 85' lang='grc' dir='ltr'>ὀγδοηκοστὸν</span> <span class='ocrx_word' id='word_1_502' title='bbox 3434 515 3551 576; x_wconf 85' lang='grc' dir='ltr'>ἐτος</span> <span class='ocrx_word' id='word_1_503' title='bbox 3579 513 3730 581; x_wconf 84' lang='grc' dir='ltr'>ἄγων</span> 
     </span>
    </p>
   </div>
   <div class='ocr_carea' id='block_1_72' title="bbox 2149 596 3732 671">
    <p class='ocr_par' dir='ltr' id='par_1_72' title="bbox 2149 596 3732 671">
     <span class='ocr_line' id='line_1_72' title="bbox 2149 596 3732 671; baseline -0.003 -18"><span class='ocrx_word' id='word_1_504' title='bbox 2149 601 2245 671; x_wconf 83' lang='grc' dir='ltr'>τὴν</span> <span class='ocrx_word' id='word_1_505' title='bbox 2279 599 2494 671; x_wconf 79' lang='grc' dir='ltr'>ἡλικίαν</span> <span class='ocrx_word' id='word_1_506' title='bbox 2529 598 2611 667; x_wconf 86' lang='grc' dir='ltr'>(ὃν</span> <span class='ocrx_word' id='word_1_507' title='bbox 2648 597 2795 651; x_wconf 80' lang='grc' dir='ltr'>ἴσασι</span> <span class='ocrx_word' id='word_1_508' title='bbox 2839 596 3125 666; x_wconf 88' lang='grc' dir='ltr'>Ῥωμαίων</span> <span class='ocrx_word' id='word_1_509' title='bbox 3165 597 3214 648; x_wconf 84' lang='grc' dir='ltr'>οἱ</span> <span class='ocrx_word' id='word_1_510' title='bbox 3256 596 3498 649; x_wconf 83' lang='grc' dir='ltr'>πλεῖστοι</span> <span class='ocrx_word' id='word_1_511' title='bbox 3530 597 3732 667; x_wconf 63' lang='grc' dir='ltr'>ἐγκληη</span> 
     </span>
    </p>
   </div>
   <div class='ocr_carea' id='block_1_73' title="bbox 2151 678 3732 748">
    <p class='ocr_par' dir='ltr' id='par_1_73' title="bbox 2151 678 3732 748">
     <span class='ocr_line' id='line_1_73' title="bbox 2151 678 3732 748; baseline -0.001 -14"><span class='ocrx_word' id='word_1_512' title='bbox 2151 681 2444 736; x_wconf 89' lang='grc' dir='ltr'>σιαστικῶν</span> <span class='ocrx_word' id='word_1_513' title='bbox 2494 682 2680 735; x_wconf 82' lang='grc' dir='ltr'>ἐνεκεν</span> <span class='ocrx_word' id='word_1_514' title='bbox 2725 679 3044 733; x_wconf 86' lang='grc' dir='ltr'>είσϐαλόντα</span> <span class='ocrx_word' id='word_1_515' title='bbox 3091 679 3171 741; x_wconf 90' lang='grc' dir='ltr'>εἰς</span> <span class='ocrx_word' id='word_1_516' title='bbox 3219 679 3413 748; x_wconf 75' lang='grc' dir='ltr'>αὐτὴν,</span> <span class='ocrx_word' id='word_1_517' title='bbox 3453 678 3732 748; x_wconf 86' lang='grc' dir='ltr'>ξενοδόχον</span> 
     </span>
    </p>
   </div>
   <div class='ocr_carea' id='block_1_74' title="bbox 2161 756 3728 836">
    <p class='ocr_par' dir='ltr' id='par_1_74' title="bbox 2161 756 3728 836">
     <span class='ocr_line' id='line_1_74' title="bbox 2161 756 3728 836; baseline -0.003 -18"><span class='ocrx_word' id='word_1_518' title='bbox 2161 765 2565 836; x_wconf 79' lang='grc' dir='ltr'>Ἀλεξανδρείας</span> <span class='ocrx_word' id='word_1_519' title='bbox 2599 763 2745 817; x_wconf 69' lang='grc' dir='ltr'>ὅντα·</span> <span class='ocrx_word' id='word_1_520' title='bbox 2778 756 2935 816; x_wconf 72' lang='grc' dir='ltr'>οἶσθα</span> <span class='ocrx_word' id='word_1_521' title='bbox 2976 761 3033 814; x_wconf 84' lang='grc' dir='ltr'>δέ</span> <span class='ocrx_word' id='word_1_522' title='bbox 3071 762 3164 814; x_wconf 78' lang='grc' dir='ltr'>καὶ</span> <span class='ocrx_word' id='word_1_523' title='bbox 3206 760 3369 824; x_wconf 77' lang='grc' dir='ltr'>αὐτὸς</span> <span class='ocrx_word' id='word_1_524' title='bbox 3405 760 3496 813; x_wconf 76' lang='grc' dir='ltr'>τὸν</span> <span class='ocrx_word' id='word_1_525' title='bbox 3537 761 3728 832; x_wconf 81' lang='grc' dir='ltr'>ἄνδρα,</span> 
     </span>
    </p>
   </div>
   <div class='ocr_carea' id='block_1_75' title="bbox 2150 844 3733 918">
    <p class='ocr_par' dir='ltr' id='par_1_75' title="bbox 2150 844 3733 918">
     <span class='ocr_line' id='line_1_75' title="bbox 2150 844 3733 918; baseline -0.001 -19"><span class='ocrx_word' id='word_1_526' title='bbox 2150 848 2311 918; x_wconf 77' lang='grc' dir='ltr'>ἡνίκα</span> <span class='ocrx_word' id='word_1_527' title='bbox 2359 849 2458 902; x_wconf 81' lang='grc' dir='ltr'>σὺν</span> <span class='ocrx_word' id='word_1_528' title='bbox 2502 846 2742 915; x_wconf 82' lang='grc' dir='ltr'>Ἀκακίῳ</span> <span class='ocrx_word' id='word_1_529' title='bbox 2773 844 2940 897; x_wconf 87' lang='grc' dir='ltr'>ἐλθὼν</span> <span class='ocrx_word' id='word_1_530' title='bbox 2968 844 3068 914; x_wconf 83' lang='grc' dir='ltr'>τὴν</span> <span class='ocrx_word' id='word_1_531' title='bbox 3095 844 3394 899; x_wconf 82' lang='grc' dir='ltr'>Φλαυῖανοῦ</span> <span class='ocrx_word' id='word_1_532' title='bbox 3439 844 3575 916; x_wconf 84' lang='grc' dir='ltr'>πρὸς</span> <span class='ocrx_word' id='word_1_533' title='bbox 3606 844 3733 898; x_wconf 82' lang='grc' dir='ltr'>Θεό-</span> 
     </span>
    </p>
   </div>
   <div class='ocr_carea' id='block_1_76' title="bbox 2150 927 3732 1000">
    <p class='ocr_par' dir='ltr' id='par_1_76' title="bbox 2150 927 3732 1000">
     <span class='ocr_line' id='line_1_76' title="bbox 2150 927 3732 1000; baseline -0.001 -16"><span class='ocrx_word' id='word_1_534' title='bbox 2150 930 2301 1000; x_wconf 86' lang='grc' dir='ltr'>φιλον</span> <span class='ocrx_word' id='word_1_535' title='bbox 2334 929 2618 985; x_wconf 85' lang='grc' dir='ltr'>κοινωνίαν</span> <span class='ocrx_word' id='word_1_536' title='bbox 2653 928 2929 998; x_wconf 88' lang='grc' dir='ltr'>ἐκόμισεν,</span> <span class='ocrx_word' id='word_1_537' title='bbox 2963 928 3167 981; x_wconf 77' lang='grc' dir='ltr'>εἴκοσιν</span> <span class='ocrx_word' id='word_1_538' title='bbox 3211 927 3386 982; x_wconf 78' lang='grc' dir='ltr'>ἔτεσιν</span> <span class='ocrx_word' id='word_1_539' title='bbox 3418 929 3732 999; x_wconf 83' lang='grc' dir='ltr'>ἀπεσχοινι-</span> 
     </span>
    </p>
   </div>
   <div class='ocr_carea' id='block_1_77' title="bbox 2151 1010 3731 1084">
    <p class='ocr_par' dir='ltr' id='par_1_77' title="bbox 2151 1010 3731 1084">
     <span class='ocr_line' id='line_1_77' title="bbox 2151 1010 3731 1084; baseline 0 -18"><span class='ocrx_word' id='word_1_540' title='bbox 2151 1014 2355 1084; x_wconf 86' lang='grc' dir='ltr'>σμένην</span> <span class='ocrx_word' id='word_1_541' title='bbox 2385 1012 2656 1083; x_wconf 85' lang='grc' dir='ltr'>Εὐαγρίου</span> <span class='ocrx_word' id='word_1_542' title='bbox 2689 1011 2873 1064; x_wconf 85' lang='grc' dir='ltr'>ἐνεκεν</span> <span class='ocrx_word' id='word_1_543' title='bbox 2912 1010 3006 1063; x_wconf 89' lang='grc' dir='ltr'>τοῦ</span> <span class='ocrx_word' id='word_1_544' title='bbox 3049 1010 3340 1082; x_wconf 88' lang='grc' dir='ltr'>μακαρίου,</span> <span class='ocrx_word' id='word_1_545' title='bbox 3372 1011 3466 1064; x_wconf 89' lang='grc' dir='ltr'>τοῦ</span> <span class='ocrx_word' id='word_1_546' title='bbox 3501 1012 3731 1077; x_wconf 73' lang='grc' dir='ltr'>πολλοὺς</span> 
     </span>
    </p>
   </div>
   <div class='ocr_carea' id='block_1_78' title="bbox 2149 1094 3729 1166">
    <p class='ocr_par' dir='ltr' id='par_1_78' title="bbox 2149 1094 3729 1166">
     <span class='ocr_line' id='line_1_78' title="bbox 2149 1094 3729 1166; baseline -0.003 -16"><span class='ocrx_word' id='word_1_547' title='bbox 2149 1096 2366 1165; x_wconf 86' lang='grc' dir='ltr'>ἀγῶνας</span> <span class='ocrx_word' id='word_1_548' title='bbox 2425 1094 2837 1165; x_wconf 81' lang='grc' dir='ltr'>ἀγωνισαμένου</span> <span class='ocrx_word' id='word_1_549' title='bbox 2892 1095 2947 1146; x_wconf 90' lang='grc' dir='ltr'>ἐν</span> <span class='ocrx_word' id='word_1_550' title='bbox 2996 1094 3465 1165; x_wconf 84' lang='grc' dir='ltr'>ἐκκλησιαστικοῖς</span> <span class='ocrx_word' id='word_1_551' title='bbox 3500 1095 3729 1166; x_wconf 78' lang='grc' dir='ltr'>πόνοις)ο</span> 
     </span>
    </p>
   </div>
   <div class='ocr_carea' id='block_1_79' title="bbox 2146 1177 3734 1250">
    <p class='ocr_par' dir='ltr' id='par_1_79' title="bbox 2146 1177 3734 1250">
     <span class='ocr_line' id='line_1_79' title="bbox 2146 1177 3734 1250; baseline 0.001 -17"><span class='ocrx_word' id='word_1_552' title='bbox 2146 1179 2320 1249; x_wconf 83' lang='grc' dir='ltr'>τούτῳ</span> <span class='ocrx_word' id='word_1_553' title='bbox 2371 1178 2449 1250; x_wconf 82' lang='grc' dir='ltr'>τῷ</span> <span class='ocrx_word' id='word_1_554' title='bbox 2489 1177 2744 1248; x_wconf 84' lang='grc' dir='ltr'>Ἰσιδώρῳ</span> <span class='ocrx_word' id='word_1_555' title='bbox 2772 1178 2907 1247; x_wconf 87' lang='grc' dir='ltr'>γυνή</span> <span class='ocrx_word' id='word_1_556' title='bbox 2943 1193 3027 1239; x_wconf 90' lang='grc' dir='ltr'>τις</span> <span class='ocrx_word' id='word_1_557' title='bbox 3073 1179 3214 1249; x_wconf 79' lang='grc' dir='ltr'>χήρα</span> <span class='ocrx_word' id='word_1_558' title='bbox 3254 1178 3362 1231; x_wconf 89' lang='grc' dir='ltr'>τῶν</span> <span class='ocrx_word' id='word_1_559' title='bbox 3390 1179 3734 1250; x_wconf 84' lang='grc' dir='ltr'>μεγιστάνων</span> 
     </span>
    </p>
   </div>
   <div class='ocr_carea' id='block_1_80' title="bbox 2147 1259 3732 1336">
    <p class='ocr_par' dir='ltr' id='par_1_80' title="bbox 2147 1259 3732 1336">
     <span class='ocr_line' id='line_1_80' title="bbox 2147 1259 3732 1336; baseline 0.001 -20"><span class='ocrx_word' id='word_1_560' title='bbox 2147 1263 2329 1316; x_wconf 83' lang='grc' dir='ltr'>δίδωσι</span> <span class='ocrx_word' id='word_1_561' title='bbox 2368 1263 2573 1332; x_wconf 87' lang='grc' dir='ltr'>χιλίους</span> <span class='ocrx_word' id='word_1_562' title='bbox 2599 1260 2910 1332; x_wconf 88' lang='grc' dir='ltr'>χρυσίνους,</span> <span class='ocrx_word' id='word_1_563' title='bbox 2950 1259 3235 1331; x_wconf 80' lang='grc' dir='ltr'>ὀρκώσασα</span> <span class='ocrx_word' id='word_1_564' title='bbox 3260 1262 3420 1316; x_wconf 81' lang='grc' dir='ltr'>αὑτὸν</span> <span class='ocrx_word' id='word_1_565' title='bbox 3455 1262 3595 1317; x_wconf 81' lang='grc' dir='ltr'>κατὰ</span> <span class='ocrx_word' id='word_1_566' title='bbox 3630 1266 3732 1336; x_wconf 88' lang='grc' dir='ltr'>τῆς</span> 
     </span>
    </p>
   </div>
   <div class='ocr_carea' id='block_1_81' title="bbox 2146 1344 3734 1417">
    <p class='ocr_par' dir='ltr' id='par_1_81' title="bbox 2146 1344 3734 1417">
     <span class='ocr_line' id='line_1_81' title="bbox 2146 1344 3734 1417; baseline 0 -17"><span class='ocrx_word' id='word_1_567' title='bbox 2146 1346 2242 1400; x_wconf 83' lang='grc' dir='ltr'>τοῦ</span> <span class='ocrx_word' id='word_1_568' title='bbox 2271 1347 2526 1417; x_wconf 85' lang='grc' dir='ltr'>Σωτῆρος</span> <span class='ocrx_word' id='word_1_569' title='bbox 2547 1344 2849 1417; x_wconf 80' lang='grc' dir='ltr'>τραπέζης,</span> <span class='ocrx_word' id='word_1_570' title='bbox 2888 1344 3333 1416; x_wconf 87' lang='grc' dir='ltr'>συναγοράσαντα</span> <span class='ocrx_word' id='word_1_571' title='bbox 3362 1345 3541 1416; x_wconf 47' lang='grc' dir='ltr'>ἀμφιλα</span> <span class='ocrx_word' id='word_1_572' title='bbox 3579 1348 3734 1400; x_wconf 76' lang='grc' dir='ltr'>ἐνδῦ-</span> 
     </span>
    </p>
   </div>
   <div class='ocr_carea' id='block_1_82' title="bbox 2149 1428 3733 1501">
    <p class='ocr_par' dir='ltr' id='par_1_82' title="bbox 2149 1428 3733 1501">
     <span class='ocr_line' id='line_1_82' title="bbox 2149 1428 3733 1501; baseline 0 -17"><span class='ocrx_word' id='word_1_573' title='bbox 2149 1448 2239 1484; x_wconf 87' lang='grc' dir='ltr'>σαι</span> <span class='ocrx_word' id='word_1_574' title='bbox 2267 1431 2365 1493; x_wconf 87' lang='grc' dir='ltr'>τὰς</span> <span class='ocrx_word' id='word_1_575' title='bbox 2398 1429 2746 1500; x_wconf 86' lang='grc' dir='ltr'>πτωχοτέρας</span> <span class='ocrx_word' id='word_1_576' title='bbox 2781 1429 2889 1481; x_wconf 90' lang='grc' dir='ltr'>τῶν</span> <span class='ocrx_word' id='word_1_577' title='bbox 2930 1428 3341 1501; x_wconf 83' lang='grc' dir='ltr'>Ἀλεξανδρέων,</span> <span class='ocrx_word' id='word_1_578' title='bbox 3373 1431 3446 1501; x_wconf 81' lang='grc' dir='ltr'>μὴ</span> <span class='ocrx_word' id='word_1_579' title='bbox 3481 1431 3733 1501; x_wconf 68' lang='grc' dir='ltr'>μεταδόνο</span> 
     </span>
    </p>
   </div>
   <div class='ocr_carea' id='block_1_83' title="bbox 2146 1512 3731 1584">
    <p class='ocr_par' dir='ltr' id='par_1_83' title="bbox 2146 1512 3731 1584">
     <span class='ocr_line' id='line_1_83' title="bbox 2146 1512 3731 1584; baseline 0 -15"><span class='ocrx_word' id='word_1_580' title='bbox 2146 1533 2215 1568; x_wconf 88' lang='grc' dir='ltr'>τα</span> <span class='ocrx_word' id='word_1_581' title='bbox 2249 1513 2503 1583; x_wconf 82' lang='grc' dir='ltr'>γνώσεως</span> <span class='ocrx_word' id='word_1_582' title='bbox 2554 1512 2633 1583; x_wconf 81' lang='grc' dir='ltr'>τῷ</span> <span class='ocrx_word' id='word_1_583' title='bbox 2675 1512 2938 1583; x_wconf 79' lang='grc' dir='ltr'>Θεοφίλῳ,</span> <span class='ocrx_word' id='word_1_584' title='bbox 2986 1512 3072 1566; x_wconf 77' lang='grc' dir='ltr'>ἵνα</span> <span class='ocrx_word' id='word_1_585' title='bbox 3102 1513 3174 1584; x_wconf 78' lang='grc' dir='ltr'>μὴ</span> <span class='ocrx_word' id='word_1_586' title='bbox 3214 1512 3394 1567; x_wconf 82' lang='grc' dir='ltr'>λαϐὼν</span> <span class='ocrx_word' id='word_1_587' title='bbox 3426 1514 3585 1578; x_wconf 82' lang='grc' dir='ltr'>αὐτὰ,</span> <span class='ocrx_word' id='word_1_588' title='bbox 3615 1518 3731 1581; x_wconf 87' lang='grc' dir='ltr'>τοῖς</span> 
     </span>
    </p>
   </div>
   <div class='ocr_carea' id='block_1_84' title="bbox 2146 1594 3733 1670">
    <p class='ocr_par' dir='ltr' id='par_1_84' title="bbox 2146 1594 3733 1670">
     <span class='ocr_line' id='line_1_84' title="bbox 2146 1594 3733 1670; baseline 0.001 -18"><span class='ocrx_word' id='word_1_589' title='bbox 2146 1599 2315 1662; x_wconf 86' lang='grc' dir='ltr'>λίθοις</span> <span class='ocrx_word' id='word_1_590' title='bbox 2339 1594 2755 1669; x_wconf 80' lang='grc' dir='ltr'>προσαναλώσῃ·</span> <span class='ocrx_word' id='word_1_591' title='bbox 2784 1595 3070 1667; x_wconf 87' lang='grc' dir='ltr'>λιθομανία</span> <span class='ocrx_word' id='word_1_592' title='bbox 3090 1598 3197 1665; x_wconf 84' lang='grc' dir='ltr'>γάρ</span> <span class='ocrx_word' id='word_1_593' title='bbox 3223 1615 3308 1661; x_wconf 91' lang='grc' dir='ltr'>τις</span> <span class='ocrx_word' id='word_1_594' title='bbox 3328 1598 3489 1652; x_wconf 80' lang='grc' dir='ltr'>αὐτὸν</span> <span class='ocrx_word' id='word_1_595' title='bbox 3509 1599 3733 1670; x_wconf 80' lang='grc' dir='ltr'>Φαραῶ-</span> 
     </span>
    </p>
   </div>
   <div class='ocr_carea' id='block_1_85' title="bbox 2147 1676 3725 1755">
    <p class='ocr_par' dir='ltr' id='par_1_85' title="bbox 2147 1676 3725 1755">
     <span class='ocr_line' id='line_1_85' title="bbox 2147 1676 3725 1755; baseline 0.001 -21"><span class='ocrx_word' id='word_1_596' title='bbox 2147 1700 2257 1745; x_wconf 89' lang='grc' dir='ltr'>νιος</span> <span class='ocrx_word' id='word_1_597' title='bbox 2298 1681 2408 1751; x_wconf 75' lang='grc' dir='ltr'>ἔχει</span> <span class='ocrx_word' id='word_1_598' title='bbox 2457 1681 2537 1743; x_wconf 86' lang='grc' dir='ltr'>είς</span> <span class='ocrx_word' id='word_1_599' title='bbox 2590 1680 3016 1750; x_wconf 81' lang='grc' dir='ltr'>οἰκοδομήματα,</span> <span class='ocrx_word' id='word_1_600' title='bbox 3070 1676 3145 1736; x_wconf 85' lang='grc' dir='ltr'>ὧν</span> <span class='ocrx_word' id='word_1_601' title='bbox 3177 1681 3427 1752; x_wconf 86' lang='grc' dir='ltr'>οὐδαμῶς</span> <span class='ocrx_word' id='word_1_602' title='bbox 3469 1683 3660 1755; x_wconf 78' lang='grc' dir='ltr'>χρῄζεί</span> <span class='ocrx_word' id='word_1_603' title='bbox 3691 1687 3725 1754; x_wconf 90' lang='grc' dir='ltr'><strong>ἡ</strong></span> 
     </span>
    </p>
   </div>
   <div class='ocr_carea' id='block_1_86' title="bbox 2160 1762 3725 1836">
    <p class='ocr_par' dir='ltr' id='par_1_86' title="bbox 2160 1762 3725 1836">
     <span class='ocr_line' id='line_1_86' title="bbox 2160 1762 3725 1836; baseline 0.001 -18"><span class='ocrx_word' id='word_1_604' title='bbox 2160 1763 2472 1833; x_wconf 88' lang='grc' dir='ltr'>Ἐκκλησία.</span> <span class='ocrx_word' id='word_1_605' title='bbox 2516 1762 2625 1814; x_wconf 74' lang='grc' dir='ltr'>Καὶ</span> <span class='ocrx_word' id='word_1_606' title='bbox 2648 1765 2716 1815; x_wconf 73' lang='grc' dir='ltr'>τὰ</span> <span class='ocrx_word' id='word_1_607' title='bbox 2754 1762 2854 1831; x_wconf 81' lang='grc' dir='ltr'>μὲν</span> <span class='ocrx_word' id='word_1_608' title='bbox 2879 1762 3102 1815; x_wconf 87' lang='grc' dir='ltr'>τοιαῦτα</span> <span class='ocrx_word' id='word_1_609' title='bbox 3143 1767 3200 1816; x_wconf 93' lang='grc' dir='ltr'>ἐν</span> <span class='ocrx_word' id='word_1_610' title='bbox 3237 1764 3474 1836; x_wconf 80' lang='grc' dir='ltr'>δευτέρῳ</span> <span class='ocrx_word' id='word_1_611' title='bbox 3504 1767 3725 1819; x_wconf 74' lang='grc' dir='ltr'>κείσθωο</span> 
     </span>
    </p>
   </div>
   <div class='ocr_carea' id='block_1_87' title="bbox 2146 1844 3728 1917">
    <p class='ocr_par' dir='ltr' id='par_1_87' title="bbox 2146 1844 3728 1917">
     <span class='ocr_line' id='line_1_87' title="bbox 2146 1844 3728 1917; baseline 0.001 -17"><span class='ocrx_word' id='word_1_612' title='bbox 2146 1848 2207 1900; x_wconf 86' lang='grc' dir='ltr'>τὸ</span> <span class='ocrx_word' id='word_1_613' title='bbox 2240 1847 2296 1902; x_wconf 89' lang='grc' dir='ltr'>δέ</span> <span class='ocrx_word' id='word_1_614' title='bbox 2324 1848 2648 1914; x_wconf 86' lang='grc' dir='ltr'>κατεπεῖγον</span> <span class='ocrx_word' id='word_1_615' title='bbox 2679 1849 2807 1916; x_wconf 65' lang='grc' dir='ltr'>περὶ</span> <span class='ocrx_word' id='word_1_616' title='bbox 2831 1844 2925 1898; x_wconf 90' lang='grc' dir='ltr'>τοῦ</span> <span class='ocrx_word' id='word_1_617' title='bbox 2955 1845 3226 1917; x_wconf 79' lang='grc' dir='ltr'>Ἰσιδώρου</span> <span class='ocrx_word' id='word_1_618' title='bbox 3262 1844 3511 1901; x_wconf 83' lang='grc' dir='ltr'>ἄκουσον·</span> <span class='ocrx_word' id='word_1_619' title='bbox 3545 1848 3728 1902; x_wconf 80' lang='grc' dir='ltr'>λαϐὼν</span> 
     </span>
    </p>
   </div>
   <div class='ocr_carea' id='block_1_88' title="bbox 2145 1927 3729 2002">
    <p class='ocr_par' dir='ltr' id='par_1_88' title="bbox 2145 1927 3729 2002">
     <span class='ocr_line' id='line_1_88' title="bbox 2145 1927 3729 2002; baseline 0.001 -18"><span class='ocrx_word' id='word_1_620' title='bbox 2145 1930 2429 2002; x_wconf 83' lang='grc' dir='ltr'>τοιγαροῦν</span> <span class='ocrx_word' id='word_1_621' title='bbox 2468 1931 2496 1980; x_wconf 85' lang='grc' dir='ltr'><strong>ὁ</strong></span> <span class='ocrx_word' id='word_1_622' title='bbox 2534 1928 2799 2000; x_wconf 86' lang='grc' dir='ltr'>Ἰσίδωρος</span> <span class='ocrx_word' id='word_1_623' title='bbox 2832 1928 2900 1982; x_wconf 77' lang='grc' dir='ltr'>τά</span> <span class='ocrx_word' id='word_1_624' title='bbox 2924 1927 3255 2000; x_wconf 88' lang='grc' dir='ltr'>νομίσματα,</span> <span class='ocrx_word' id='word_1_625' title='bbox 3284 1930 3564 1985; x_wconf 86' lang='grc' dir='ltr'>ἀναλίσκει</span> <span class='ocrx_word' id='word_1_626' title='bbox 3607 1937 3729 1997; x_wconf 81' lang='grc' dir='ltr'>ταῖς</span> 
     </span>
    </p>
   </div>
   <div class='ocr_carea' id='block_1_89' title="bbox 2148 2013 3728 2085">
    <p class='ocr_par' dir='ltr' id='par_1_89' title="bbox 2148 2013 3728 2085">
     <span class='ocr_line' id='line_1_89' title="bbox 2148 2013 3728 2085; baseline 0 -17"><span class='ocrx_word' id='word_1_627' title='bbox 2148 2013 2471 2085; x_wconf 89' lang='grc' dir='ltr'>πενομέναις</span> <span class='ocrx_word' id='word_1_628' title='bbox 2497 2013 2590 2066; x_wconf 71' lang='grc' dir='ltr'>καὶ</span> <span class='ocrx_word' id='word_1_629' title='bbox 2617 2015 2737 2076; x_wconf 86' lang='grc' dir='ltr'>ταῖς</span> <span class='ocrx_word' id='word_1_630' title='bbox 2765 2014 2980 2083; x_wconf 83' lang='grc' dir='ltr'>χήραις.</span> <span class='ocrx_word' id='word_1_631' title='bbox 3019 2014 3199 2081; x_wconf 87' lang='grc' dir='ltr'>Ἔγνω</span> <span class='ocrx_word' id='word_1_632' title='bbox 3235 2014 3395 2068; x_wconf 82' lang='grc' dir='ltr'>ποθὲν</span> <span class='ocrx_word' id='word_1_633' title='bbox 3421 2017 3450 2069; x_wconf 80' lang='lat'>6</span> <span class='ocrx_word' id='word_1_634' title='bbox 3469 2015 3728 2085; x_wconf 69' lang='grc' dir='ltr'>Θεόφιλος</span> 
     </span>
    </p>
   </div>
   <div class='ocr_carea' id='block_1_90' title="bbox 2149 2096 3727 2171">
    <p class='ocr_par' dir='ltr' id='par_1_90' title="bbox 2149 2096 3727 2171">
     <span class='ocr_line' id='line_1_90' title="bbox 2149 2096 3727 2171; baseline 0.001 -20"><span class='ocrx_word' id='word_1_635' title='bbox 2149 2098 2319 2168; x_wconf 78' lang='grc' dir='ltr'>(οὐδὲν</span> <span class='ocrx_word' id='word_1_636' title='bbox 2354 2097 2462 2168; x_wconf 81' lang='grc' dir='ltr'>γάρ</span> <span class='ocrx_word' id='word_1_637' title='bbox 2504 2096 2651 2167; x_wconf 83' lang='grc' dir='ltr'>αὐτῷ</span> <span class='ocrx_word' id='word_1_638' title='bbox 2687 2096 2943 2150; x_wconf 86' lang='grc' dir='ltr'>ἐλάνθανε</span> <span class='ocrx_word' id='word_1_639' title='bbox 2974 2096 3081 2151; x_wconf 89' lang='grc' dir='ltr'>τῶν</span> <span class='ocrx_word' id='word_1_640' title='bbox 3112 2097 3386 2168; x_wconf 86' lang='grc' dir='ltr'>πανταχοῦ</span> <span class='ocrx_word' id='word_1_641' title='bbox 3415 2102 3727 2171; x_wconf 81' lang='grc' dir='ltr'>πραττομέ-</span> 
     </span>
    </p>
   </div>
   <div class='ocr_carea' id='block_1_91' title="bbox 2147 2178 3731 2254">
    <p class='ocr_par' dir='ltr' id='par_1_91' title="bbox 2147 2178 3731 2254">
     <span class='ocr_line' id='line_1_91' title="bbox 2147 2178 3731 2254; baseline 0.002 -20"><span class='ocrx_word' id='word_1_642' title='bbox 2147 2198 2252 2235; x_wconf 90' lang='grc' dir='ltr'>νων</span> <span class='ocrx_word' id='word_1_643' title='bbox 2283 2181 2315 2253; x_wconf 82' lang='grc' dir='ltr'>ἢ</span> <span class='ocrx_word' id='word_1_644' title='bbox 2354 2180 2719 2251; x_wconf 83' lang='grc' dir='ltr'>λαλουμένων,</span> <span class='ocrx_word' id='word_1_645' title='bbox 2754 2178 2928 2249; x_wconf 81' lang='grc' dir='ltr'>ἔχοντι</span> <span class='ocrx_word' id='word_1_646' title='bbox 2961 2181 3331 2254; x_wconf 87' lang='grc' dir='ltr'>ἐργοσκόπους</span> <span class='ocrx_word' id='word_1_647' title='bbox 3359 2183 3453 2235; x_wconf 71' lang='grc' dir='ltr'>καὶ</span> <span class='ocrx_word' id='word_1_648' title='bbox 3479 2183 3731 2251; x_wconf 77' lang='grc' dir='ltr'>λογοσκόο</span> 
     </span>
    </p>
   </div>
   <div class='ocr_carea' id='block_1_92' title="bbox 2147 2264 3728 2342">
    <p class='ocr_par' dir='ltr' id='par_1_92' title="bbox 2147 2264 3728 2342">
     <span class='ocr_line' id='line_1_92' title="bbox 2147 2264 3728 2342; baseline 0.003 -24"><span class='ocrx_word' id='word_1_649' title='bbox 2147 2283 2299 2329; x_wconf 85' lang='grc' dir='ltr'>πους,</span> <span class='ocrx_word' id='word_1_650' title='bbox 2357 2264 2441 2318; x_wconf 80' lang='grc' dir='ltr'>ἵνα</span> <span class='ocrx_word' id='word_1_651' title='bbox 2496 2264 2570 2335; x_wconf 84' lang='grc' dir='ltr'>μὴ</span> <span class='ocrx_word' id='word_1_652' title='bbox 2622 2264 2795 2326; x_wconf 81' lang='grc' dir='ltr'>άλλως</span> <span class='ocrx_word' id='word_1_653' title='bbox 2846 2265 3037 2342; x_wconf 62' lang='grc' dir='ltr'>εἴπω),</span> <span class='ocrx_word' id='word_1_654' title='bbox 3069 2266 3163 2318; x_wconf 71' lang='grc' dir='ltr'>καὶ</span> <span class='ocrx_word' id='word_1_655' title='bbox 3211 2266 3601 2337; x_wconf 75' lang='grc' dir='ltr'>προσκαλεῖται</span> <span class='ocrx_word' id='word_1_656' title='bbox 3636 2269 3728 2322; x_wconf 65' lang='grc' dir='ltr'>τὸν</span> 
     </span>
    </p>
   </div>
   <div class='ocr_carea' id='block_1_93' title="bbox 2159 2347 3725 2419">
    <p class='ocr_par' dir='ltr' id='par_1_93' title="bbox 2159 2347 3725 2419">
     <span class='ocr_line' id='line_1_93' title="bbox 2159 2347 3725 2419; baseline 0.001 -17"><span class='ocrx_word' id='word_1_657' title='bbox 2159 2349 2444 2418; x_wconf 87' lang='grc' dir='ltr'>Ἰσίδωρον,</span> <span class='ocrx_word' id='word_1_658' title='bbox 2480 2347 2860 2418; x_wconf 88' lang='grc' dir='ltr'>μετριοπαθῶς</span> <span class='ocrx_word' id='word_1_659' title='bbox 2889 2348 3309 2419; x_wconf 87' lang='grc' dir='ltr'>πυνθανόμενος,</span> <span class='ocrx_word' id='word_1_660' title='bbox 3353 2349 3401 2401; x_wconf 88' lang='grc' dir='ltr'>εί</span> <span class='ocrx_word' id='word_1_661' title='bbox 3443 2349 3598 2403; x_wconf 83' lang='grc' dir='ltr'>ταῦθ’</span> <span class='ocrx_word' id='word_1_662' title='bbox 3630 2351 3725 2404; x_wconf 73' lang='grc' dir='ltr'>οῦ.-</span> 
     </span>
    </p>
   </div>
   <div class='ocr_carea' id='block_1_94' title="bbox 2145 2430 3726 2504">
    <p class='ocr_par' dir='ltr' id='par_1_94' title="bbox 2145 2430 3726 2504">
     <span class='ocr_line' id='line_1_94' title="bbox 2145 2430 3726 2504; baseline 0.003 -21"><span class='ocrx_word' id='word_1_663' title='bbox 2145 2449 2253 2495; x_wconf 87' lang='grc' dir='ltr'>τως</span> <span class='ocrx_word' id='word_1_664' title='bbox 2310 2430 2442 2502; x_wconf 78' lang='grc' dir='ltr'>ἔχει.</span> <span class='ocrx_word' id='word_1_665' title='bbox 2503 2430 2614 2483; x_wconf 76' lang='grc' dir='ltr'>Οὐκ</span> <span class='ocrx_word' id='word_1_666' title='bbox 2670 2431 3048 2501; x_wconf 82' lang='grc' dir='ltr'>ἀρνησάμενος</span> <span class='ocrx_word' id='word_1_667' title='bbox 3107 2431 3425 2502; x_wconf 82' lang='grc' dir='ltr'>ὡμολόγησε</span> <span class='ocrx_word' id='word_1_668' title='bbox 3478 2434 3577 2504; x_wconf 83' lang='grc' dir='ltr'>τὴν</span> <span class='ocrx_word' id='word_1_669' title='bbox 3629 2434 3726 2488; x_wconf 87' lang='grc' dir='ltr'>τοῦ</span> 
     </span>
    </p>
   </div>
   <div class='ocr_carea' id='block_1_95' title="bbox 2147 2512 3729 2588">
    <p class='ocr_par' dir='ltr' id='par_1_95' title="bbox 2147 2512 3729 2588">
     <span class='ocr_line' id='line_1_95' title="bbox 2147 2512 3729 2588; baseline 0.003 -22"><span class='ocrx_word' id='word_1_670' title='bbox 2147 2514 2468 2584; x_wconf 85' lang='grc' dir='ltr'>πράγματος</span> <span class='ocrx_word' id='word_1_671' title='bbox 2495 2512 2788 2568; x_wconf 86' lang='grc' dir='ltr'>διακονίαν.</span> <span class='ocrx_word' id='word_1_672' title='bbox 2829 2514 2886 2566; x_wconf 90' lang='lat'>&#39;0</span> <span class='ocrx_word' id='word_1_673' title='bbox 2911 2514 2969 2567; x_wconf 85' lang='grc' dir='ltr'>δέ</span> <span class='ocrx_word' id='word_1_674' title='bbox 3007 2514 3263 2578; x_wconf 83' lang='grc' dir='ltr'>ἀκούσας,</span> <span class='ocrx_word' id='word_1_675' title='bbox 3288 2514 3383 2587; x_wconf 83' lang='grc' dir='ltr'>τὴν</span> <span class='ocrx_word' id='word_1_676' title='bbox 3418 2516 3621 2588; x_wconf 80' lang='grc' dir='ltr'>σκηνὴν</span> <span class='ocrx_word' id='word_1_677' title='bbox 3647 2519 3729 2570; x_wconf 63' lang='grc' dir='ltr'>ἐν.</span> 
     </span>
    </p>
   </div>
   <div class='ocr_carea' id='block_1_96' title="bbox 2147 2595 3727 2671">
    <p class='ocr_par' dir='ltr' id='par_1_96' title="bbox 2147 2595 3727 2671">
     <span class='ocr_line' id='line_1_96' title="bbox 2147 2595 3727 2671; baseline 0.001 -21"><span class='ocrx_word' id='word_1_678' title='bbox 2147 2596 2421 2661; x_wconf 86' lang='grc' dir='ltr'>αλλάσσει,</span> <span class='ocrx_word' id='word_1_679' title='bbox 2451 2595 2544 2649; x_wconf 73' lang='grc' dir='ltr'>καὶ</span> <span class='ocrx_word' id='word_1_680' title='bbox 2565 2599 2593 2648; x_wconf 90' lang='lat'>6</span> <span class='ocrx_word' id='word_1_681' title='bbox 2620 2595 2724 2667; x_wconf 85' lang='grc' dir='ltr'>πρὸ</span> <span class='ocrx_word' id='word_1_682' title='bbox 2747 2598 2918 2668; x_wconf 78' lang='grc' dir='ltr'>ῥοπῆς</span> <span class='ocrx_word' id='word_1_683' title='bbox 2948 2597 3196 2669; x_wconf 82' lang='grc' dir='ltr'>ἐπιεικὴς</span> <span class='ocrx_word' id='word_1_684' title='bbox 3224 2598 3316 2651; x_wconf 79' lang='grc' dir='ltr'>καὶ</span> <span class='ocrx_word' id='word_1_685' title='bbox 3347 2599 3727 2671; x_wconf 83' lang='grc' dir='ltr'>χρηστοφανὴς</span> 
     </span>
    </p>
   </div>
   <div class='ocr_carea' id='block_1_97' title="bbox 2149 2679 3726 2752">
    <p class='ocr_par' dir='ltr' id='par_1_97' title="bbox 2149 2679 3726 2752">
     <span class='ocr_line' id='line_1_97' title="bbox 2149 2679 3726 2752; baseline 0.003 -21"><span class='ocrx_word' id='word_1_686' title='bbox 2149 2681 2205 2731; x_wconf 88' lang='grc' dir='ltr'>ἐν</span> <span class='ocrx_word' id='word_1_687' title='bbox 2257 2681 2322 2751; x_wconf 79' lang='grc' dir='ltr'>τῇ</span> <span class='ocrx_word' id='word_1_688' title='bbox 2372 2679 2660 2750; x_wconf 86' lang='grc' dir='ltr'>ἐρωτήσει,</span> <span class='ocrx_word' id='word_1_689' title='bbox 2699 2680 2838 2748; x_wconf 78' lang='grc' dir='ltr'>μετὰ</span> <span class='ocrx_word' id='word_1_690' title='bbox 2885 2679 2978 2750; x_wconf 84' lang='grc' dir='ltr'>τὴν</span> <span class='ocrx_word' id='word_1_691' title='bbox 3006 2680 3177 2750; x_wconf 77' lang='grc' dir='ltr'>ῥοπὴν</span> <span class='ocrx_word' id='word_1_692' title='bbox 3212 2680 3427 2752; x_wconf 79' lang='grc' dir='ltr'>οἴδησεν</span> <span class='ocrx_word' id='word_1_693' title='bbox 3452 2682 3590 2749; x_wconf 82' lang='grc' dir='ltr'>ὅλος,</span> <span class='ocrx_word' id='word_1_694' title='bbox 3624 2684 3726 2747; x_wconf 80' lang='grc' dir='ltr'>τὰς</span> 
     </span>
    </p>
   </div>
   <div class='ocr_carea' id='block_1_98' title="bbox 2153 2760 3727 2837">
    <p class='ocr_par' dir='ltr' id='par_1_98' title="bbox 2153 2760 3727 2837">
     <span class='ocr_line' id='line_1_98' title="bbox 2153 2760 3727 2837; baseline 0.003 -22"><span class='ocrx_word' id='word_1_695' title='bbox 2153 2761 2367 2833; x_wconf 79' lang='grc' dir='ltr'>μορφὰς</span> <span class='ocrx_word' id='word_1_696' title='bbox 2411 2760 2771 2827; x_wconf 86' lang='grc' dir='ltr'>ἐναλλάττων,</span> <span class='ocrx_word' id='word_1_697' title='bbox 2827 2761 2927 2831; x_wconf 89' lang='grc' dir='ltr'>τῆς</span> <span class='ocrx_word' id='word_1_698' title='bbox 2981 2762 3324 2833; x_wconf 87' lang='grc' dir='ltr'>ἀποκρίσεως</span> <span class='ocrx_word' id='word_1_699' title='bbox 3376 2765 3727 2837; x_wconf 88' lang='grc' dir='ltr'>είσελθούσης</span> 
     </span>
    </p>
   </div>
   <div class='ocr_carea' id='block_1_99' title="bbox 2148 2844 3721 2920">
    <p class='ocr_par' dir='ltr' id='par_1_99' title="bbox 2148 2844 3721 2920">
     <span class='ocr_line' id='line_1_99' title="bbox 2148 2844 3721 2920; baseline 0.003 -22"><span class='ocrx_word' id='word_1_700' title='bbox 2148 2845 2241 2898; x_wconf 88' lang='grc' dir='ltr'>τοῦ</span> <span class='ocrx_word' id='word_1_701' title='bbox 2303 2844 2594 2917; x_wconf 84' lang='grc' dir='ltr'>Ἰσιδὼρου.</span> <span class='ocrx_word' id='word_1_702' title='bbox 2657 2846 2766 2899; x_wconf 80' lang='grc' dir='ltr'>Καὶ</span> <span class='ocrx_word' id='word_1_703' title='bbox 2825 2846 3020 2918; x_wconf 86' lang='grc' dir='ltr'>μικρὸν</span> <span class='ocrx_word' id='word_1_704' title='bbox 3087 2847 3439 2917; x_wconf 88' lang='grc' dir='ltr'>ἐφησυχάσας</span> <span class='ocrx_word' id='word_1_705' title='bbox 3509 2849 3721 2920; x_wconf 89' lang='grc' dir='ltr'>χρόνον,</span> 
     </span>
    </p>
   </div>
   <div class='ocr_carea' id='block_1_100' title="bbox 2145 2928 3725 3005">
    <p class='ocr_par' dir='ltr' id='par_1_100' title="bbox 2145 2928 3725 3005">
     <span class='ocr_line' id='line_1_100' title="bbox 2145 2928 3725 3005; baseline 0.003 -24"><span class='ocrx_word' id='word_1_706' title='bbox 2145 2928 2395 2999; x_wconf 87' lang='grc' dir='ltr'>καθάπερ</span> <span class='ocrx_word' id='word_1_707' title='bbox 2423 2928 2795 3000; x_wconf 87' lang='grc' dir='ltr'>λαθροδάκτης</span> <span class='ocrx_word' id='word_1_708' title='bbox 2821 2928 2988 2992; x_wconf 87' lang='grc' dir='ltr'>κύων,</span> <span class='ocrx_word' id='word_1_709' title='bbox 3030 2931 3167 3001; x_wconf 82' lang='grc' dir='ltr'>μετὰ</span> <span class='ocrx_word' id='word_1_710' title='bbox 3193 2930 3286 2984; x_wconf 81' lang='grc' dir='ltr'>δύο</span> <span class='ocrx_word' id='word_1_711' title='bbox 3311 2931 3488 3002; x_wconf 90' lang='grc' dir='ltr'>μῆνας</span> <span class='ocrx_word' id='word_1_712' title='bbox 3517 2933 3725 3005; x_wconf 74' lang='grc' dir='ltr'>προφέ-</span> 
     </span>
    </p>
   </div>
   <div class='ocr_carea' id='block_1_101' title="bbox 2150 3012 3723 3087">
    <p class='ocr_par' dir='ltr' id='par_1_101' title="bbox 2150 3012 3723 3087">
     <span class='ocr_line' id='line_1_101' title="bbox 2150 3012 3723 3087; baseline 0.006 -24"><span class='ocrx_word' id='word_1_713' title='bbox 2150 3029 2230 3081; x_wconf 83' lang='grc' dir='ltr'>ρει</span> <span class='ocrx_word' id='word_1_714' title='bbox 2250 3012 2491 3082; x_wconf 82' lang='grc' dir='ltr'>χαρτίον,</span> <span class='ocrx_word' id='word_1_715' title='bbox 2530 3014 2907 3084; x_wconf 86' lang='grc' dir='ltr'>συγκροτήσας</span> <span class='ocrx_word' id='word_1_716' title='bbox 2937 3013 2998 3066; x_wconf 85' lang='grc' dir='ltr'>τὸ</span> <span class='ocrx_word' id='word_1_717' title='bbox 3028 3014 3307 3086; x_wconf 83' lang='grc' dir='ltr'>ίερατεῖον,</span> <span class='ocrx_word' id='word_1_718' title='bbox 3339 3017 3604 3087; x_wconf 83' lang='grc' dir='ltr'>παρόντος</span> <span class='ocrx_word' id='word_1_719' title='bbox 3627 3019 3723 3072; x_wconf 84' lang='grc' dir='ltr'>τοῦ</span> 
     </span>
    </p>
   </div>
   <div class='ocr_carea' id='block_1_102' title="bbox 2159 3093 3724 3169">
    <p class='ocr_par' dir='ltr' id='par_1_102' title="bbox 2159 3093 3724 3169">
     <span class='ocr_line' id='line_1_102' title="bbox 2159 3093 3724 3169; baseline 0.006 -24"><span class='ocrx_word' id='word_1_720' title='bbox 2159 3093 2426 3164; x_wconf 85' lang='grc' dir='ltr'>Ἰσιδώρου</span> <span class='ocrx_word' id='word_1_721' title='bbox 2469 3093 2664 3163; x_wconf 73' lang='grc' dir='ltr'>λέγων,</span> <span class='ocrx_word' id='word_1_722' title='bbox 2705 3095 2786 3148; x_wconf 83' lang='grc' dir='ltr'>ὅτι</span> <span class='ocrx_word' id='word_1_723' title='bbox 2814 3095 2984 3149; x_wconf 88' lang='grc' dir='ltr'>Τοῦτο</span> <span class='ocrx_word' id='word_1_724' title='bbox 3011 3096 3279 3168; x_wconf 80' lang='grc' dir='ltr'>ἐδεξάμην</span> <span class='ocrx_word' id='word_1_725' title='bbox 3306 3098 3411 3169; x_wconf 80' lang='grc' dir='ltr'>πρὸ</span> <span class='ocrx_word' id='word_1_726' title='bbox 3443 3100 3724 3155; x_wconf 86' lang='grc' dir='ltr'>δεκαοκτὼ</span> 
     </span>
    </p>
   </div>
   <div class='ocr_carea' id='block_1_103' title="bbox 2145 3176 3726 3254">
    <p class='ocr_par' dir='ltr' id='par_1_103' title="bbox 2145 3176 3726 3254">
     <span class='ocr_line' id='line_1_103' title="bbox 2145 3176 3726 3254; baseline 0.006 -25"><span class='ocrx_word' id='word_1_727' title='bbox 2145 3176 2300 3241; x_wconf 87' lang='grc' dir='ltr'>ἐτῶν,</span> <span class='ocrx_word' id='word_1_728' title='bbox 2346 3177 2606 3248; x_wconf 87' lang='grc' dir='ltr'>Ἰσίδωρε,</span> <span class='ocrx_word' id='word_1_729' title='bbox 2637 3178 2779 3231; x_wconf 85' lang='grc' dir='ltr'>κατὰ</span> <span class='ocrx_word' id='word_1_730' title='bbox 2833 3178 2948 3244; x_wconf 88' lang='grc' dir='ltr'>σοῦ,</span> <span class='ocrx_word' id='word_1_731' title='bbox 2997 3180 3091 3232; x_wconf 73' lang='grc' dir='ltr'>καὶ</span> <span class='ocrx_word' id='word_1_732' title='bbox 3132 3180 3319 3251; x_wconf 84' lang='grc' dir='ltr'>ἐπειδὴ</span> <span class='ocrx_word' id='word_1_733' title='bbox 3366 3184 3726 3254; x_wconf 86' lang='grc' dir='ltr'>περιάσχολος</span> 
     </span>
    </p>
   </div>
   <div class='ocr_carea' id='block_1_104' title="bbox 2144 3259 3726 3336">
    <p class='ocr_par' dir='ltr' id='par_1_104' title="bbox 2144 3259 3726 3336">
     <span class='ocr_line' id='line_1_104' title="bbox 2144 3259 3726 3336; baseline 0.006 -26"><span class='ocrx_word' id='word_1_734' title='bbox 2144 3260 2427 3331; x_wconf 86' lang='grc' dir='ltr'>ἐγενόμην,</span> <span class='ocrx_word' id='word_1_735' title='bbox 2462 3259 2601 3331; x_wconf 86' lang='grc' dir='ltr'>λήθῃ</span> <span class='ocrx_word' id='word_1_736' title='bbox 2624 3260 2913 3332; x_wconf 84' lang='grc' dir='ltr'>παρέδωκα</span> <span class='ocrx_word' id='word_1_737' title='bbox 2939 3261 3000 3315; x_wconf 85' lang='grc' dir='ltr'>τὸ</span> <span class='ocrx_word' id='word_1_738' title='bbox 3020 3263 3271 3334; x_wconf 72' lang='grc' dir='ltr'>πρᾶγμαο</span> <span class='ocrx_word' id='word_1_739' title='bbox 3302 3262 3399 3318; x_wconf 79' lang='grc' dir='ltr'>νῦν</span> <span class='ocrx_word' id='word_1_740' title='bbox 3420 3264 3475 3317; x_wconf 91' lang='grc' dir='ltr'>δέ</span> <span class='ocrx_word' id='word_1_741' title='bbox 3505 3266 3726 3336; x_wconf 87' lang='grc' dir='ltr'>ἐτέρους</span> 
     </span>
    </p>
   </div>
   <div class='ocr_carea' id='block_1_105' title="bbox 2144 3340 3720 3419">
    <p class='ocr_par' dir='ltr' id='par_1_105' title="bbox 2144 3340 3720 3419">
     <span class='ocr_line' id='line_1_105' title="bbox 2144 3340 3720 3419; baseline 0.004 -24"><span class='ocrx_word' id='word_1_742' title='bbox 2144 3340 2416 3414; x_wconf 81' lang='grc' dir='ltr'>ἐπιζητῶν</span> <span class='ocrx_word' id='word_1_743' title='bbox 2448 3343 2672 3415; x_wconf 85' lang='grc' dir='ltr'>χάρτας,</span> <span class='ocrx_word' id='word_1_744' title='bbox 2696 3343 2907 3416; x_wconf 79' lang='grc' dir='ltr'>εὕρηκα</span> <span class='ocrx_word' id='word_1_745' title='bbox 2929 3344 3088 3398; x_wconf 84' lang='grc' dir='ltr'>τοῦτο</span> <span class='ocrx_word' id='word_1_746' title='bbox 3113 3346 3173 3399; x_wconf 81' lang='grc' dir='ltr'>τὸ</span> <span class='ocrx_word' id='word_1_747' title='bbox 3201 3350 3330 3418; x_wconf 71' lang='grc' dir='ltr'>περὶ</span> <span class='ocrx_word' id='word_1_748' title='bbox 3361 3346 3452 3401; x_wconf 87' lang='grc' dir='ltr'>σοῦ</span> <span class='ocrx_word' id='word_1_749' title='bbox 3476 3350 3720 3419; x_wconf 59' lang='grc' dir='ltr'>χαρτίον</span> 
     </span>
    </p>
   </div>
   <div class='ocr_carea' id='block_1_106' title="bbox 2143 3424 3723 3504">
    <p class='ocr_par' dir='ltr' id='par_1_106' title="bbox 2143 3424 3723 3504">
     <span class='ocr_line' id='line_1_106' title="bbox 2143 3424 3723 3504; baseline 0.004 -27"><span class='ocrx_word' id='word_1_750' title='bbox 2143 3424 2478 3496; x_wconf 84' lang='grc' dir='ltr'>ἀπολόγησαι</span> <span class='ocrx_word' id='word_1_751' title='bbox 2514 3426 2650 3497; x_wconf 77' lang='grc' dir='ltr'>πρὸς</span> <span class='ocrx_word' id='word_1_752' title='bbox 2675 3428 2828 3480; x_wconf 87' lang='grc' dir='ltr'>αὐτό.</span> <span class='ocrx_word' id='word_1_753' title='bbox 2859 3428 3107 3499; x_wconf 85' lang='grc' dir='ltr'>Περιείχε</span> <span class='ocrx_word' id='word_1_754' title='bbox 3135 3429 3193 3481; x_wconf 91' lang='grc' dir='ltr'>δέ</span> <span class='ocrx_word' id='word_1_755' title='bbox 3231 3431 3260 3483; x_wconf 91' lang='lat'>6</span> <span class='ocrx_word' id='word_1_756' title='bbox 3285 3431 3490 3502; x_wconf 87' lang='grc' dir='ltr'>χάρτης</span> <span class='ocrx_word' id='word_1_757' title='bbox 3525 3431 3723 3504; x_wconf 81' lang='grc' dir='ltr'>ἐγκλη-</span> 
     </span>
    </p>
   </div>
   <div class='ocr_carea' id='block_1_107' title="bbox 2147 3508 3723 3585">
    <p class='ocr_par' dir='ltr' id='par_1_107' title="bbox 2147 3508 3723 3585">
     <span class='ocr_line' id='line_1_107' title="bbox 2147 3508 3723 3585; baseline 0.005 -24"><span class='ocrx_word' id='word_1_758' title='bbox 2147 3525 2221 3579; x_wconf 91' lang='grc' dir='ltr'>μα</span> <span class='ocrx_word' id='word_1_759' title='bbox 2267 3508 2331 3585; x_wconf 58' lang='grc' dir='ltr'>τδ</span> <span class='ocrx_word' id='word_1_760' title='bbox 2359 3508 2627 3579; x_wconf 87' lang='grc' dir='ltr'>Σοδόμων.</span> <span class='ocrx_word' id='word_1_761' title='bbox 2670 3511 2815 3580; x_wconf 81' lang='grc' dir='ltr'>Πρὸς</span> <span class='ocrx_word' id='word_1_762' title='bbox 2858 3510 3033 3564; x_wconf 85' lang='grc' dir='ltr'>ταῦτα</span> <span class='ocrx_word' id='word_1_763' title='bbox 3069 3514 3098 3565; x_wconf 91' lang='lat'>6</span> <span class='ocrx_word' id='word_1_764' title='bbox 3129 3512 3395 3585; x_wconf 86' lang='grc' dir='ltr'>Ἰσίδωρος</span> <span class='ocrx_word' id='word_1_765' title='bbox 3423 3515 3723 3583; x_wconf 84' lang='grc' dir='ltr'>ἀπολογού-</span> 
     </span>
    </p>
   </div>
   <div class='ocr_carea' id='block_1_108' title="bbox 2145 3580 3741 3669">
    <p class='ocr_par' dir='ltr' id='par_1_108' title="bbox 2145 3580 3741 3669">
     <span class='ocr_line' id='line_1_108' title="bbox 2145 3580 3741 3669; baseline 0.004 -26"><span class='ocrx_word' id='word_1_766' title='bbox 2145 3580 2499 3661; x_wconf 63' lang='grc' dir='ltr'>μενοςἾέγει</span> <span class='ocrx_word' id='word_1_767' title='bbox 2563 3591 2641 3662; x_wconf 81' lang='grc' dir='ltr'>τῷ</span> <span class='ocrx_word' id='word_1_768' title='bbox 2689 3592 2950 3665; x_wconf 76' lang='grc' dir='ltr'>Θεοφίλῳο</span> <span class='ocrx_word' id='word_1_769' title='bbox 3008 3580 3461 3668; x_wconf 76' lang='grc' dir='ltr'>Συγχωρήσωμεν</span> <span class='ocrx_word' id='word_1_770' title='bbox 3521 3580 3741 3669; x_wconf 78' lang='grc' dir='ltr'>ἀληθὲς</span> 
     </span>
    </p>
   </div>
   <div class='ocr_carea' id='block_1_109' title="bbox 2142 3669 3722 3752">
    <p class='ocr_par' dir='ltr' id='par_1_109' title="bbox 2142 3669 3722 3752">
     <span class='ocr_line' id='line_1_109' title="bbox 2142 3669 3722 3752; baseline 0.005 -25"><span class='ocrx_word' id='word_1_771' title='bbox 2142 3669 2300 3752; x_wconf 76' lang='grc' dir='ltr'>εἶναι,</span> <span class='ocrx_word' id='word_1_772' title='bbox 2327 3675 2409 3729; x_wconf 79' lang='grc' dir='ltr'>ὅτι</span> <span class='ocrx_word' id='word_1_773' title='bbox 2450 3674 2544 3729; x_wconf 77' lang='grc' dir='ltr'>καὶ</span> <span class='ocrx_word' id='word_1_774' title='bbox 2582 3674 2748 3743; x_wconf 86' lang='grc' dir='ltr'>ἐδέξω</span> <span class='ocrx_word' id='word_1_775' title='bbox 2772 3676 2860 3731; x_wconf 84' lang='grc' dir='ltr'>τὸν</span> <span class='ocrx_word' id='word_1_776' title='bbox 2880 3678 3088 3750; x_wconf 88' lang='grc' dir='ltr'>χάρτην</span> <span class='ocrx_word' id='word_1_777' title='bbox 3128 3678 3222 3732; x_wconf 79' lang='grc' dir='ltr'>καί</span> <span class='ocrx_word' id='word_1_778' title='bbox 3259 3680 3590 3752; x_wconf 75' lang='grc' dir='ltr'>παρέπεσενο</span> <span class='ocrx_word' id='word_1_779' title='bbox 3621 3683 3722 3735; x_wconf 85' lang='grc' dir='ltr'>οὐκ</span> 
     </span>
    </p>
   </div>
   <div class='ocr_carea' id='block_1_110' title="bbox 2140 3751 3723 3834">
    <p class='ocr_par' dir='ltr' id='par_1_110' title="bbox 2140 3751 3723 3834">
     <span class='ocr_line' id='line_1_110' title="bbox 2140 3751 3723 3834; baseline 0.006 -24"><span class='ocrx_word' id='word_1_780' title='bbox 2140 3751 2209 3827; x_wconf 79' lang='grc' dir='ltr'>ἦν</span> <span class='ocrx_word' id='word_1_781' title='bbox 2246 3760 2275 3811; x_wconf 89' lang='lat'>6</span> <span class='ocrx_word' id='word_1_782' title='bbox 2305 3756 2428 3822; x_wconf 81' lang='grc' dir='ltr'>δοὺς</span> <span class='ocrx_word' id='word_1_783' title='bbox 2457 3757 2548 3811; x_wconf 85' lang='grc' dir='ltr'>τδν</span> <span class='ocrx_word' id='word_1_784' title='bbox 2571 3757 2831 3825; x_wconf 85' lang='grc' dir='ltr'>λίϐελλον,</span> <span class='ocrx_word' id='word_1_785' title='bbox 2856 3761 2943 3814; x_wconf 83' lang='grc' dir='ltr'>ίνα</span> <span class='ocrx_word' id='word_1_786' title='bbox 2972 3762 3035 3815; x_wconf 88' lang='grc' dir='ltr'>ἐκ</span> <span class='ocrx_word' id='word_1_787' title='bbox 3067 3760 3318 3834; x_wconf 86' lang='grc' dir='ltr'>δευτέρου</span> <span class='ocrx_word' id='word_1_788' title='bbox 3343 3751 3540 3819; x_wconf 83' lang='grc' dir='ltr'>τοῦτον</span> <span class='ocrx_word' id='word_1_789' title='bbox 3565 3766 3723 3819; x_wconf 85' lang='grc' dir='ltr'>ἀπαι-</span> 
     </span>
    </p>
   </div>
   <div class='ocr_carea' id='block_1_111' title="bbox 2140 3838 3719 3918">
    <p class='ocr_par' dir='ltr' id='par_1_111' title="bbox 2140 3838 3719 3918">
     <span class='ocr_line' id='line_1_111' title="bbox 2140 3838 3719 3918; baseline 0.003 -23"><span class='ocrx_word' id='word_1_790' title='bbox 2140 3838 2309 3911; x_wconf 81' lang='grc' dir='ltr'>τηθῇ;</span> <span class='ocrx_word' id='word_1_791' title='bbox 2341 3841 2484 3912; x_wconf 80' lang='grc' dir='ltr'>Πρὸς</span> <span class='ocrx_word' id='word_1_792' title='bbox 2504 3839 2678 3895; x_wconf 90' lang='grc' dir='ltr'>ταῦτα</span> <span class='ocrx_word' id='word_1_793' title='bbox 2701 3843 2730 3895; x_wconf 87' lang='lat'>6</span> <span class='ocrx_word' id='word_1_794' title='bbox 2750 3842 3024 3913; x_wconf 84' lang='grc' dir='ltr'>Θεόφιλος·</span> <span class='ocrx_word' id='word_1_795' title='bbox 3068 3844 3204 3898; x_wconf 87' lang='grc' dir='ltr'>Ἀλλ’</span> <span class='ocrx_word' id='word_1_796' title='bbox 3233 3847 3294 3899; x_wconf 86' lang='grc' dir='ltr'>οὐ</span> <span class='ocrx_word' id='word_1_797' title='bbox 3321 3847 3500 3918; x_wconf 90' lang='grc' dir='ltr'>παρῆν</span> <span class='ocrx_word' id='word_1_798' title='bbox 3521 3850 3549 3901; x_wconf 92' lang='lat'>6</span> <span class='ocrx_word' id='word_1_799' title='bbox 3569 3850 3719 3912; x_wconf 79' lang='grc' dir='ltr'>παῖς,</span> 
     </span>
    </p>
   </div>
   <div class='ocr_carea' id='block_1_112' title="bbox 2141 3923 3723 4003">
    <p class='ocr_par' dir='ltr' id='par_1_112' title="bbox 2141 3923 3723 4003">
     <span class='ocr_line' id='line_1_112' title="bbox 2141 3923 3723 4003; baseline 0.006 -27"><span class='ocrx_word' id='word_1_800' title='bbox 2141 3923 2412 3996; x_wconf 87' lang='grc' dir='ltr'>πλεύστης</span> <span class='ocrx_word' id='word_1_801' title='bbox 2441 3925 2720 3995; x_wconf 87' lang='grc' dir='ltr'>ὑπάρχων.</span> <span class='ocrx_word' id='word_1_802' title='bbox 2754 3926 2864 3980; x_wconf 74' lang='grc' dir='ltr'>Καὶ</span> <span class='ocrx_word' id='word_1_803' title='bbox 2891 3927 2920 3980; x_wconf 96' lang='lat'>6</span> <span class='ocrx_word' id='word_1_804' title='bbox 2951 3927 3236 4001; x_wconf 87' lang='grc' dir='ltr'>Ἰσίδωρος·</span> <span class='ocrx_word' id='word_1_805' title='bbox 3263 3929 3340 3982; x_wconf 87' lang='grc' dir='ltr'>Οὐ</span> <span class='ocrx_word' id='word_1_806' title='bbox 3367 3931 3548 4002; x_wconf 87' lang='grc' dir='ltr'>παρῆν</span> <span class='ocrx_word' id='word_1_807' title='bbox 3577 3948 3723 4003; x_wconf 90' lang='grc' dir='ltr'>παρ-</span> 
     </span>
    </p>
   </div>
   <div class='ocr_carea' id='block_1_113' title="bbox 2140 4004 3717 4085">
    <p class='ocr_par' dir='ltr' id='par_1_113' title="bbox 2140 4004 3717 4085">
     <span class='ocr_line' id='line_1_113' title="bbox 2140 4004 3717 4085; baseline 0.006 -26"><span class='ocrx_word' id='word_1_808' title='bbox 2140 4004 2300 4073; x_wconf 88' lang='grc' dir='ltr'>αυτά,</span> <span class='ocrx_word' id='word_1_809' title='bbox 2342 4008 2418 4071; x_wconf 85' lang='grc' dir='ltr'>ὡς</span> <span class='ocrx_word' id='word_1_810' title='bbox 2445 4007 2643 4078; x_wconf 86' lang='grc' dir='ltr'>λέγεις,</span> <span class='ocrx_word' id='word_1_811' title='bbox 2679 4009 2856 4064; x_wconf 82' lang='grc' dir='ltr'>πάπα’</span> <span class='ocrx_word' id='word_1_812' title='bbox 2892 4010 3028 4081; x_wconf 86' lang='grc' dir='ltr'>μετά</span> <span class='ocrx_word' id='word_1_813' title='bbox 3064 4010 3158 4065; x_wconf 84' lang='grc' dir='ltr'>τὸν</span> <span class='ocrx_word' id='word_1_814' title='bbox 3191 4010 3358 4067; x_wconf 88' lang='grc' dir='ltr'>πλοῦν</span> <span class='ocrx_word' id='word_1_815' title='bbox 3398 4013 3460 4067; x_wconf 78' lang='grc' dir='ltr'>οὐ</span> <span class='ocrx_word' id='word_1_816' title='bbox 3494 4014 3717 4085; x_wconf 87' lang='grc' dir='ltr'>παρῆν;</span> 
     </span>
    </p>
   </div>
   <div class='ocr_carea' id='block_1_114' title="bbox 2140 4088 3721 4167">
    <p class='ocr_par' dir='ltr' id='par_1_114' title="bbox 2140 4088 3721 4167">
     <span class='ocr_line' id='line_1_114' title="bbox 2140 4088 3721 4167; baseline 0.006 -26"><span class='ocrx_word' id='word_1_817' title='bbox 2140 4088 2218 4159; x_wconf 84' lang='grc' dir='ltr'>τῷ</span> <span class='ocrx_word' id='word_1_818' title='bbox 2244 4090 2480 4161; x_wconf 86' lang='grc' dir='ltr'>δευτέρῳ</span> <span class='ocrx_word' id='word_1_819' title='bbox 2509 4090 2617 4145; x_wconf 74' lang='grc' dir='ltr'>ἔτει</span> <span class='ocrx_word' id='word_1_820' title='bbox 2655 4092 2715 4145; x_wconf 83' lang='grc' dir='ltr'>οὐ</span> <span class='ocrx_word' id='word_1_821' title='bbox 2746 4093 2952 4165; x_wconf 91' lang='grc' dir='ltr'>παρῆν,</span> <span class='ocrx_word' id='word_1_822' title='bbox 2989 4094 3110 4148; x_wconf 83' lang='grc' dir='ltr'>οὐδέ</span> <span class='ocrx_word' id='word_1_823' title='bbox 3134 4094 3213 4165; x_wconf 83' lang='grc' dir='ltr'>τῷ</span> <span class='ocrx_word' id='word_1_824' title='bbox 3244 4096 3412 4167; x_wconf 83' lang='grc' dir='ltr'>τρίτῳ</span> <span class='ocrx_word' id='word_1_825' title='bbox 3437 4112 3451 4162; x_wconf 91' lang='grc'><strong>;</strong></span> <span class='ocrx_word' id='word_1_826' title='bbox 3484 4099 3579 4151; x_wconf 63' lang='grc' dir='ltr'>καὶ⁸</span> <span class='ocrx_word' id='word_1_827' title='bbox 3625 4097 3721 4151; x_wconf 89' lang='grc' dir='ltr'>νῦν</span> 
     </span>
    </p>
   </div>
   <div class='ocr_carea' id='block_1_115' title="bbox 2141 4173 3721 4251">
    <p class='ocr_par' dir='ltr' id='par_1_115' title="bbox 2141 4173 3721 4251">
     <span class='ocr_line' id='line_1_115' title="bbox 2141 4173 3721 4251; baseline 0.006 -27"><span class='ocrx_word' id='word_1_828' title='bbox 2141 4173 2189 4225; x_wconf 88' lang='grc' dir='ltr'>εί</span> <span class='ocrx_word' id='word_1_829' title='bbox 2249 4173 2500 4243; x_wconf 84' lang='grc' dir='ltr'>πάρεστι,</span> <span class='ocrx_word' id='word_1_830' title='bbox 2555 4174 2807 4230; x_wconf 84' lang='grc' dir='ltr'>κέλευσον</span> <span class='ocrx_word' id='word_1_831' title='bbox 2862 4176 3052 4246; x_wconf 87' lang='grc' dir='ltr'>στῆναι</span> <span class='ocrx_word' id='word_1_832' title='bbox 3096 4178 3188 4231; x_wconf 79' lang='grc' dir='ltr'>τὸν</span> <span class='ocrx_word' id='word_1_833' title='bbox 3227 4177 3535 4250; x_wconf 78' lang='grc' dir='ltr'>ἄνθρωπον.</span> <span class='ocrx_word' id='word_1_834' title='bbox 3574 4179 3721 4251; x_wconf 74' lang='grc' dir='ltr'>Πρὸς</span> 
     </span>
    </p>
   </div>
   <div class='ocr_carea' id='block_1_116' title="bbox 2137 4253 3720 4333">
    <p class='ocr_par' dir='ltr' id='par_1_116' title="bbox 2137 4253 3720 4333">
     <span class='ocr_line' id='line_1_116' title="bbox 2137 4253 3720 4333; baseline 0.005 -26"><span class='ocrx_word' id='word_1_835' title='bbox 2137 4253 2309 4308; x_wconf 82' lang='grc' dir='ltr'>ταῦτα</span> <span class='ocrx_word' id='word_1_836' title='bbox 2352 4258 2382 4309; x_wconf 91' lang='lat'>6</span> <span class='ocrx_word' id='word_1_837' title='bbox 2429 4257 2686 4327; x_wconf 86' lang='grc' dir='ltr'>Θεόφιλος</span> <span class='ocrx_word' id='word_1_838' title='bbox 2726 4259 2820 4312; x_wconf 82' lang='grc' dir='ltr'>ὑπ’</span> <span class='ocrx_word' id='word_1_839' title='bbox 2853 4260 3025 4331; x_wconf 80' lang='grc' dir='ltr'>αὐτῆς</span> <span class='ocrx_word' id='word_1_840' title='bbox 3067 4263 3165 4331; x_wconf 84' lang='grc' dir='ltr'>τῆς</span> <span class='ocrx_word' id='word_1_841' title='bbox 3209 4261 3464 4333; x_wconf 88' lang='grc' dir='ltr'>ἀληθείας</span> <span class='ocrx_word' id='word_1_842' title='bbox 3508 4260 3720 4333; x_wconf 85' lang='grc' dir='ltr'>μέλλων</span> 
     </span>
    </p>
   </div>
   <div class='ocr_carea' id='block_1_117' title="bbox 2139 4339 3720 4417">
    <p class='ocr_par' dir='ltr' id='par_1_117' title="bbox 2139 4339 3720 4417">
     <span class='ocr_line' id='line_1_117' title="bbox 2139 4339 3720 4417; baseline 0.002 -24"><span class='ocrx_word' id='word_1_843' title='bbox 2139 4339 2614 4411; x_wconf 78' lang='grc' dir='ltr'>εὐκαταφρόνητος</span> <span class='ocrx_word' id='word_1_844' title='bbox 2662 4341 2927 4410; x_wconf 89' lang='grc' dir='ltr'>γίνεσθαι,</span> <span class='ocrx_word' id='word_1_845' title='bbox 2982 4343 3338 4399; x_wconf 87' lang='grc' dir='ltr'>ἀναϐάλλεται</span> <span class='ocrx_word' id='word_1_846' title='bbox 3384 4347 3462 4409; x_wconf 88' lang='grc' dir='ltr'>είς</span> <span class='ocrx_word' id='word_1_847' title='bbox 3503 4346 3720 4417; x_wconf 81' lang='grc' dir='ltr'>ἡμέραν</span> 
     </span>
    </p>
   </div>
   <div class='ocr_carea' id='block_1_118' title="bbox 2140 4422 3720 4500">
    <p class='ocr_par' dir='ltr' id='par_1_118' title="bbox 2140 4422 3720 4500">
     <span class='ocr_line' id='line_1_118' title="bbox 2140 4422 3720 4500; baseline 0.005 -26"><span class='ocrx_word' id='word_1_848' title='bbox 2140 4422 2351 4493; x_wconf 87' lang='grc' dir='ltr'>ἐτέραν.</span> <span class='ocrx_word' id='word_1_849' title='bbox 2393 4423 2502 4476; x_wconf 80' lang='grc' dir='ltr'>Καὶ</span> <span class='ocrx_word' id='word_1_850' title='bbox 2542 4423 2853 4495; x_wconf 88' lang='grc' dir='ltr'>λιπαρήσας</span> <span class='ocrx_word' id='word_1_851' title='bbox 2896 4425 3018 4479; x_wconf 82' lang='grc' dir='ltr'>τινὰ</span> <span class='ocrx_word' id='word_1_852' title='bbox 3067 4429 3348 4481; x_wconf 89' lang='grc' dir='ltr'>νεανίσκον</span> <span class='ocrx_word' id='word_1_853' title='bbox 3390 4428 3720 4500; x_wconf 84' lang='grc' dir='ltr'>ὑποσχέσεσι</span> 
     </span>
    </p>
   </div>
   <div class='ocr_carea' id='block_1_119' title="bbox 2140 4501 3719 4582">
    <p class='ocr_par' dir='ltr' id='par_1_119' title="bbox 2140 4501 3719 4582">
     <span class='ocr_line' id='line_1_119' title="bbox 2140 4501 3719 4582; baseline 0.003 -24"><span class='ocrx_word' id='word_1_854' title='bbox 2140 4504 2360 4570; x_wconf 85' lang='grc' dir='ltr'>πολλαῖς</span> <span class='ocrx_word' id='word_1_855' title='bbox 2374 4501 2422 4571; x_wconf 73' lang='grc' dir='ltr'>δ,</span> <span class='ocrx_word' id='word_1_856' title='bbox 2453 4507 2671 4577; x_wconf 78' lang='grc' dir='ltr'>ἤλειψεν</span> <span class='ocrx_word' id='word_1_857' title='bbox 2708 4509 2788 4572; x_wconf 85' lang='grc' dir='ltr'>εἰς</span> <span class='ocrx_word' id='word_1_858' title='bbox 2827 4510 3162 4582; x_wconf 88' lang='grc' dir='ltr'>κατηγορίαν</span> <span class='ocrx_word' id='word_1_859' title='bbox 3207 4511 3349 4564; x_wconf 88' lang='grc' dir='ltr'>κατά</span> <span class='ocrx_word' id='word_1_860' title='bbox 3382 4512 3476 4565; x_wconf 88' lang='grc' dir='ltr'>τοῦ</span> <span class='ocrx_word' id='word_1_861' title='bbox 3513 4511 3719 4565; x_wconf 83' lang='grc' dir='ltr'>Ἰσιδώ-</span> 
     </span>
    </p>
   </div>
   <div class='ocr_carea' id='block_1_120' title="bbox 2144 4588 3712 4667">
    <p class='ocr_par' dir='ltr' id='par_1_120' title="bbox 2144 4588 3712 4667">
     <span class='ocr_line' id='line_1_120' title="bbox 2144 4588 3712 4667; baseline 0.004 -26"><span class='ocrx_word' id='word_1_862' title='bbox 2144 4605 2257 4658; x_wconf 84' lang='grc' dir='ltr'>ρου,</span> <span class='ocrx_word' id='word_1_863' title='bbox 2293 4588 2416 4652; x_wconf 84' lang='grc' dir='ltr'>δοὺς</span> <span class='ocrx_word' id='word_1_864' title='bbox 2451 4591 2619 4661; x_wconf 81' lang='grc' dir='ltr'>αὐτῷ,</span> <span class='ocrx_word' id='word_1_865' title='bbox 2651 4590 2727 4654; x_wconf 85' lang='grc' dir='ltr'>ὥς</span> <span class='ocrx_word' id='word_1_866' title='bbox 2775 4609 2928 4661; x_wconf 88' lang='grc' dir='ltr'>φασι,</span> <span class='ocrx_word' id='word_1_867' title='bbox 2973 4594 3363 4649; x_wconf 88' lang='grc' dir='ltr'>πεντεκαίδεκα</span> <span class='ocrx_word' id='word_1_868' title='bbox 3409 4594 3712 4667; x_wconf 88' lang='grc' dir='ltr'>χρυσίνους,</span> 
     </span>
    </p>
   </div>
   <div class='ocr_carea' id='block_1_121' title="bbox 2138 4670 3714 4749">
    <p class='ocr_par' dir='ltr' id='par_1_121' title="bbox 2138 4670 3714 4749">
     <span class='ocr_line' id='line_1_121' title="bbox 2138 4670 3714 4749; baseline 0.005 -26"><span class='ocrx_word' id='word_1_869' title='bbox 2138 4671 2198 4735; x_wconf 88' lang='grc' dir='ltr'>ὃς</span> <span class='ocrx_word' id='word_1_870' title='bbox 2224 4670 2458 4741; x_wconf 83' lang='grc' dir='ltr'>ἐξαυτῆς</span> <span class='ocrx_word' id='word_1_871' title='bbox 2490 4673 2801 4728; x_wconf 88' lang='grc' dir='ltr'>ἀνατίθεται</span> <span class='ocrx_word' id='word_1_872' title='bbox 2827 4678 2893 4747; x_wconf 83' lang='grc' dir='ltr'>τῇ</span> <span class='ocrx_word' id='word_1_873' title='bbox 2933 4677 3118 4748; x_wconf 88' lang='grc' dir='ltr'>μητρί.</span> <span class='ocrx_word' id='word_1_874' title='bbox 3152 4678 3217 4730; x_wconf 85' lang='grc' dir='ltr'><strong>Ἦ</strong></span> <span class='ocrx_word' id='word_1_875' title='bbox 3241 4677 3297 4731; x_wconf 85' lang='grc' dir='ltr'>δέ</span> <span class='ocrx_word' id='word_1_876' title='bbox 3328 4677 3486 4732; x_wconf 90' lang='grc' dir='ltr'>τοῦτο</span> <span class='ocrx_word' id='word_1_877' title='bbox 3517 4678 3615 4749; x_wconf 85' lang='grc' dir='ltr'>μὲν</span> <span class='ocrx_word' id='word_1_878' title='bbox 3651 4679 3714 4731; x_wconf 76' lang='grc' dir='ltr'>οὐ</span> 
     </span>
    </p>
   </div>
   <div class='ocr_carea' id='block_1_122' title="bbox 2138 4755 3716 4833">
    <p class='ocr_par' dir='ltr' id='par_1_122' title="bbox 2138 4755 3716 4833">
     <span class='ocr_line' id='line_1_122' title="bbox 2138 4755 3716 4833; baseline 0.005 -25"><span class='ocrx_word' id='word_1_879' title='bbox 2138 4755 2463 4821; x_wconf 86' lang='grc' dir='ltr'>κατεδέξατο</span> <span class='ocrx_word' id='word_1_880' title='bbox 2506 4757 2611 4810; x_wconf 84' lang='grc' dir='ltr'>ὑπὸ</span> <span class='ocrx_word' id='word_1_881' title='bbox 2664 4758 2758 4813; x_wconf 90' lang='grc' dir='ltr'>τοῦ</span> <span class='ocrx_word' id='word_1_882' title='bbox 2804 4760 3057 4824; x_wconf 87' lang='grc' dir='ltr'>ἀκλινοῦς</span> <span class='ocrx_word' id='word_1_883' title='bbox 3109 4761 3410 4833; x_wconf 84' lang='grc' dir='ltr'>ὀφθαλμοῦ,</span> <span class='ocrx_word' id='word_1_884' title='bbox 3453 4762 3612 4816; x_wconf 86' lang='grc' dir='ltr'>τοῦτο</span> <span class='ocrx_word' id='word_1_885' title='bbox 3655 4761 3716 4816; x_wconf 83' lang='grc' dir='ltr'>δὲ</span> 
     </span>
    </p>
   </div>
   <div class='ocr_carea' id='block_1_123' title="bbox 2140 4838 3710 4918">
    <p class='ocr_par' dir='ltr' id='par_1_123' title="bbox 2140 4838 3710 4918">
     <span class='ocr_line' id='line_1_123' title="bbox 2140 4838 3710 4918; baseline 0.006 -27"><span class='ocrx_word' id='word_1_886' title='bbox 2140 4838 2244 4891; x_wconf 84' lang='grc' dir='ltr'>ὑπὸ</span> <span class='ocrx_word' id='word_1_887' title='bbox 2275 4839 2369 4893; x_wconf 88' lang='grc' dir='ltr'>τοῦ</span> <span class='ocrx_word' id='word_1_888' title='bbox 2392 4839 2543 4905; x_wconf 82' lang='grc' dir='ltr'>δέους</span> <span class='ocrx_word' id='word_1_889' title='bbox 2563 4842 2671 4897; x_wconf 89' lang='grc' dir='ltr'>τῶν</span> <span class='ocrx_word' id='word_1_890' title='bbox 2700 4843 2881 4915; x_wconf 90' lang='grc' dir='ltr'>νόμων</span> <span class='ocrx_word' id='word_1_891' title='bbox 2911 4845 3305 4915; x_wconf 83' lang='grc' dir='ltr'>ἀνατραπείσα,</span> <span class='ocrx_word' id='word_1_892' title='bbox 3337 4846 3710 4918; x_wconf 85' lang='grc' dir='ltr'>ἐνθυμουμένη</span> 
     </span>
    </p>
   </div>
   <div class='ocr_carea' id='block_1_124' title="bbox 2142 4922 3714 5001">
    <p class='ocr_par' dir='ltr' id='par_1_124' title="bbox 2142 4922 3714 5001">
     <span class='ocr_line' id='line_1_124' title="bbox 2142 4922 3714 5001; baseline 0.006 -26"><span class='ocrx_word' id='word_1_893' title='bbox 2142 4922 2348 4992; x_wconf 89' lang='grc' dir='ltr'>μήποτε</span> <span class='ocrx_word' id='word_1_894' title='bbox 2392 4924 2421 4976; x_wconf 88' lang='lat'>6</span> <span class='ocrx_word' id='word_1_895' title='bbox 2448 4924 2719 4997; x_wconf 86' lang='grc' dir='ltr'>Ἰσίδωρος</span> <span class='ocrx_word' id='word_1_896' title='bbox 2759 4928 3189 4998; x_wconf 62' lang='grc' dir='ltr'>συκοφαντηθείς</span> <span class='ocrx_word' id='word_1_897' title='bbox 3227 4929 3589 5001; x_wconf 86' lang='grc' dir='ltr'>ἐκκαλέσηται</span> <span class='ocrx_word' id='word_1_898' title='bbox 3620 4933 3714 4986; x_wconf 74' lang='grc' dir='ltr'>ἐπὶ</span> 
     </span>
    </p>
   </div>
   <div class='ocr_carea' id='block_1_125' title="bbox 2136 5003 3713 5086">
    <p class='ocr_par' dir='ltr' id='par_1_125' title="bbox 2136 5003 3713 5086">
     <span class='ocr_line' id='line_1_125' title="bbox 2136 5003 3713 5086; baseline 0.007 -31"><span class='ocrx_word' id='word_1_899' title='bbox 2136 5003 2228 5056; x_wconf 81' lang='grc' dir='ltr'>τὸν</span> <span class='ocrx_word' id='word_1_900' title='bbox 2254 5004 2492 5077; x_wconf 84' lang='grc' dir='ltr'>ἄρχοντα</span> <span class='ocrx_word' id='word_1_901' title='bbox 2528 5008 2635 5061; x_wconf 90' lang='grc' dir='ltr'>τῶν</span> <span class='ocrx_word' id='word_1_902' title='bbox 2668 5007 2875 5079; x_wconf 87' lang='grc' dir='ltr'>δήμων,</span> <span class='ocrx_word' id='word_1_903' title='bbox 2908 5008 3160 5075; x_wconf 85' lang='grc' dir='ltr'>ἐλθοῦσα,</span> <span class='ocrx_word' id='word_1_904' title='bbox 3185 5012 3436 5081; x_wconf 86' lang='grc' dir='ltr'>ὁμολογεῖ</span> <span class='ocrx_word' id='word_1_905' title='bbox 3453 5011 3551 5083; x_wconf 83' lang='grc' dir='ltr'>τὴν</span> <span class='ocrx_word' id='word_1_906' title='bbox 3577 5013 3713 5086; x_wconf 83' lang='grc' dir='ltr'>δρα-</span> 
     </span>
    </p>
   </div>
   <div class='ocr_carea' id='block_1_126' title="bbox 2140 5088 3729 5168">
    <p class='ocr_par' dir='ltr' id='par_1_126' title="bbox 2140 5088 3729 5168">
     <span class='ocr_line' id='line_1_126' title="bbox 2140 5088 3729 5168; baseline 0.007 -29"><span class='ocrx_word' id='word_1_907' title='bbox 2140 5088 2476 5158; x_wconf 86' lang='grc' dir='ltr'>ματουργίαν</span> <span class='ocrx_word' id='word_1_908' title='bbox 2503 5089 2581 5159; x_wconf 83' lang='grc' dir='ltr'>τῷ</span> <span class='ocrx_word' id='word_1_909' title='bbox 2623 5090 2895 5163; x_wconf 78' lang='grc' dir='ltr'>Ἰσιδώρῳ,</span> <span class='ocrx_word' id='word_1_910' title='bbox 2929 5092 3152 5159; x_wconf 88' lang='grc' dir='ltr'>δείξασα</span> <span class='ocrx_word' id='word_1_911' title='bbox 3184 5094 3332 5167; x_wconf 82' lang='grc' dir='ltr'>αὐτῷ</span> <span class='ocrx_word' id='word_1_912' title='bbox 3359 5096 3485 5160; x_wconf 79' lang='grc' dir='ltr'>τοὺς</span> <span class='ocrx_word' id='word_1_913' title='bbox 3517 5098 3729 5168; x_wconf 71' lang='grc' dir='ltr'>χρυσία-Δ</span> 
     </span>
    </p>
   </div>
   <div class='ocr_carea' id='block_1_127' title="bbox 2138 5170 3714 5250">
    <p class='ocr_par' dir='ltr' id='par_1_127' title="bbox 2138 5170 3714 5250">
     <span class='ocr_line' id='line_1_127' title="bbox 2138 5170 3714 5250; baseline 0.008 -29"><span class='ocrx_word' id='word_1_914' title='bbox 2138 5185 2279 5235; x_wconf 90' lang='grc' dir='ltr'>νους,</span> <span class='ocrx_word' id='word_1_915' title='bbox 2311 5170 2405 5234; x_wconf 82' lang='grc' dir='ltr'>οὓς</span> <span class='ocrx_word' id='word_1_916' title='bbox 2431 5171 2583 5241; x_wconf 78' lang='grc' dir='ltr'>ἔλεγε</span> <span class='ocrx_word' id='word_1_917' title='bbox 2623 5173 2775 5246; x_wconf 86' lang='grc' dir='ltr'>παρά</span> <span class='ocrx_word' id='word_1_918' title='bbox 2801 5176 2902 5245; x_wconf 89' lang='grc' dir='ltr'>τῆς</span> <span class='ocrx_word' id='word_1_919' title='bbox 2931 5176 3166 5248; x_wconf 86' lang='grc' dir='ltr'>ἀδελφῆς</span> <span class='ocrx_word' id='word_1_920' title='bbox 3203 5176 3461 5247; x_wconf 89' lang='grc' dir='ltr'>Θεοφίλου</span> <span class='ocrx_word' id='word_1_921' title='bbox 3493 5180 3714 5250; x_wconf 84' lang='grc' dir='ltr'>εἰληφέ-</span> 
     </span>
    </p>
   </div>
   <div class='ocr_carea' id='block_1_128' title="bbox 2136 5253 3714 5333">
    <p class='ocr_par' dir='ltr' id='par_1_128' title="bbox 2136 5253 3714 5333">
     <span class='ocr_line' id='line_1_128' title="bbox 2136 5253 3714 5333; baseline 0.006 -27"><span class='ocrx_word' id='word_1_922' title='bbox 2136 5269 2244 5317; x_wconf 91' lang='grc' dir='ltr'>ναι,</span> <span class='ocrx_word' id='word_1_923' title='bbox 2276 5253 2463 5324; x_wconf 83' lang='grc' dir='ltr'>μισθδν</span> <span class='ocrx_word' id='word_1_924' title='bbox 2516 5257 2658 5311; x_wconf 90' lang='grc' dir='ltr'>κατὰ</span> <span class='ocrx_word' id='word_1_925' title='bbox 2710 5257 2805 5311; x_wconf 88' lang='grc' dir='ltr'>τοῦ</span> <span class='ocrx_word' id='word_1_926' title='bbox 2859 5258 3056 5314; x_wconf 89' lang='grc' dir='ltr'>ἀθώου.</span> <span class='ocrx_word' id='word_1_927' title='bbox 3108 5261 3219 5314; x_wconf 77' lang='grc' dir='ltr'>Καὶ</span> <span class='ocrx_word' id='word_1_928' title='bbox 3269 5260 3408 5333; x_wconf 86' lang='grc' dir='ltr'>αῦτη</span> <span class='ocrx_word' id='word_1_929' title='bbox 3475 5262 3574 5333; x_wconf 77' lang='grc' dir='ltr'>μὲν</span> <span class='ocrx_word' id='word_1_930' title='bbox 3625 5261 3714 5315; x_wconf 81' lang='grc' dir='ltr'>διὰ</span> 
     </span>
    </p>
   </div>
   <div class='ocr_carea' id='block_1_129' title="bbox 2136 5336 3711 5415">
    <p class='ocr_par' dir='ltr' id='par_1_129' title="bbox 2136 5336 3711 5415">
     <span class='ocr_line' id='line_1_129' title="bbox 2136 5336 3711 5415; baseline 0.007 -26"><span class='ocrx_word' id='word_1_931' title='bbox 2136 5336 2324 5401; x_wconf 83' lang='grc' dir='ltr'>πολλὰ,</span> <span class='ocrx_word' id='word_1_932' title='bbox 2384 5336 2673 5410; x_wconf 84' lang='grc' dir='ltr'>ἐξαιρέτως</span> <span class='ocrx_word' id='word_1_933' title='bbox 2730 5341 2786 5394; x_wconf 87' lang='grc' dir='ltr'>δέ</span> <span class='ocrx_word' id='word_1_934' title='bbox 2833 5341 2923 5395; x_wconf 85' lang='grc' dir='ltr'>διά</span> <span class='ocrx_word' id='word_1_935' title='bbox 2970 5342 3130 5395; x_wconf 89' lang='grc' dir='ltr'>τοῦτο</span> <span class='ocrx_word' id='word_1_936' title='bbox 3170 5342 3269 5415; x_wconf 77' lang='grc' dir='ltr'>τὴν</span> <span class='ocrx_word' id='word_1_937' title='bbox 3315 5345 3474 5413; x_wconf 83' lang='grc' dir='ltr'>ἀξίαν</span> <span class='ocrx_word' id='word_1_938' title='bbox 3513 5347 3711 5400; x_wconf 88' lang='grc' dir='ltr'>τίσασα</span> 
     </span>
    </p>
   </div>
   <div class='ocr_carea' id='block_1_130' title="bbox 2135 5420 3712 5502">
    <p class='ocr_par' dir='ltr' id='par_1_130' title="bbox 2135 5420 3712 5502">
     <span class='ocr_line' id='line_1_130' title="bbox 2135 5420 3712 5502; baseline 0.009 -30"><span class='ocrx_word' id='word_1_939' title='bbox 2135 5420 2326 5493; x_wconf 83' lang='grc' dir='ltr'>ποινὴν</span> <span class='ocrx_word' id='word_1_940' title='bbox 2349 5421 2596 5494; x_wconf 83' lang='grc' dir='ltr'>τελευτᾷ,</span> <span class='ocrx_word' id='word_1_941' title='bbox 2626 5424 2752 5488; x_wconf 76' lang='grc' dir='ltr'>τοὺς</span> <span class='ocrx_word' id='word_1_942' title='bbox 2784 5425 3022 5496; x_wconf 80' lang='grc' dir='ltr'>μαστοὺς</span> <span class='ocrx_word' id='word_1_943' title='bbox 3049 5430 3534 5502; x_wconf 87' lang='grc' dir='ltr'>χειρουργουμένη.</span> <span class='ocrx_word' id='word_1_944' title='bbox 3568 5429 3712 5500; x_wconf 81' lang='grc' dir='ltr'>Πρὸς</span> 
     </span>
    </p>
   </div>
   <div class='ocr_carea' id='block_1_131' title="bbox 2132 5502 3708 5577">
    <p class='ocr_par' dir='ltr' id='par_1_131' title="bbox 2132 5502 3708 5577">
     <span class='ocr_line' id='line_1_131' title="bbox 2132 5502 3708 5577; baseline 0.008 -21"><span class='ocrx_word' id='word_1_945' title='bbox 2132 5502 2305 5557; x_wconf 87' lang='grc' dir='ltr'>ταῦτα</span> <span class='ocrx_word' id='word_1_946' title='bbox 2344 5506 2373 5558; x_wconf 88' lang='lat'>6</span> <span class='ocrx_word' id='word_1_947' title='bbox 2419 5504 2684 5577; x_wconf 88' lang='grc' dir='ltr'>Ἰσίδωρος</span> <span class='ocrx_word' id='word_1_948' title='bbox 2716 5505 2908 5576; x_wconf 82' lang='grc' dir='ltr'>ἔμενεν</span> <span class='ocrx_word' id='word_1_949' title='bbox 2945 5507 3104 5573; x_wconf 81' lang='grc' dir='ltr'>οἶκοι,</span> <span class='ocrx_word' id='word_1_950' title='bbox 3143 5510 3236 5564; x_wconf 80' lang='grc' dir='ltr'>τὸν</span> <span class='ocrx_word' id='word_1_951' title='bbox 3261 5509 3393 5564; x_wconf 85' lang='grc' dir='ltr'>Θεὸν</span> <span class='ocrx_word' id='word_1_952' title='bbox 3429 5512 3708 5569; x_wconf 78' lang='grc' dir='ltr'>ἱκετεύων.</span> 
     </span>
    </p>
   </div>
   <div class='ocr_carea' id='block_1_132' title="bbox 2143 5587 3712 5667">
    <p class='ocr_par' dir='ltr' id='par_1_132' title="bbox 2143 5587 3712 5667">
     <span class='ocr_line' id='line_1_132' title="bbox 2143 5587 3712 5667; baseline 0.008 -28"><span class='ocrx_word' id='word_1_953' title='bbox 2143 5588 2201 5639; x_wconf 85' lang='lat'>&#39;0</span> <span class='ocrx_word' id='word_1_954' title='bbox 2241 5587 2298 5641; x_wconf 76' lang='grc' dir='ltr'>δὲ</span> <span class='ocrx_word' id='word_1_955' title='bbox 2333 5588 2633 5654; x_wconf 80' lang='grc' dir='ltr'>νεανίσκος,</span> <span class='ocrx_word' id='word_1_956' title='bbox 2670 5589 2730 5642; x_wconf 86' lang='grc' dir='ltr'>τὸ</span> <span class='ocrx_word' id='word_1_957' title='bbox 2765 5589 2862 5660; x_wconf 84' lang='grc' dir='ltr'>μὲν</span> <span class='ocrx_word' id='word_1_958' title='bbox 2885 5589 3013 5655; x_wconf 78' lang='grc' dir='ltr'>τοὺς</span> <span class='ocrx_word' id='word_1_959' title='bbox 3031 5590 3228 5663; x_wconf 81' lang='grc' dir='ltr'>νόμους</span> <span class='ocrx_word' id='word_1_960' title='bbox 3262 5595 3617 5667; x_wconf 82' lang='grc' dir='ltr'>φοϐούμενος,</span> <span class='ocrx_word' id='word_1_961' title='bbox 3649 5595 3712 5651; x_wconf 70' lang='grc' dir='ltr'>τὸ</span> 
     </span>
    </p>
   </div>
   <div class='ocr_carea' id='block_1_133' title="bbox 2192 5719 2707 5789">
    <p class='ocr_par' dir='ltr' id='par_1_133' title="bbox 2192 5719 2707 5789">
     <span class='ocr_line' id='line_1_133' title="bbox 2192 5719 2707 5789; baseline 0.008 -17"><span class='ocrx_word' id='word_1_962' title='bbox 2192 5719 2217 5759; x_wconf 75' lang='grc' dir='ltr'>ιι</span> <span class='ocrx_word' id='word_1_963' title='bbox 2242 5722 2419 5789; x_wconf 81' lang='lat' dir='ltr'>Georg.</span> <span class='ocrx_word' id='word_1_964' title='bbox 2446 5726 2707 5784; x_wconf 83' lang='grc' dir='ltr'>πολυύλοις.</span> 
     </span>
    </p>
   </div>
  </div>
