4038 6154
303 264 362 317 21
1332 258 1416 313 DE
1458 256 1611 313 VITA
1654 259 1707 312 S.
1750 257 2023 314 JUANNIS
2059 258 2550 317 CiillYSOSTOMI.

306 379 379 432 ita
406 390 457 432 at
496 376 788 441 haberent,
821 372 1059 429 Ecclesia
1097 372 1148 426 in
1179 372 1292 427 dies
1321 371 1685 427 effloresccnte
1706 374 1757 426 in
1781 388 1891 426 tne-

309 467 414 521 lius
434 506 453 531 ,
480 477 534 522 et
564 475 670 520 tota
697 464 913 518 civitate
944 463 994 516 in
1031 463 1284 532 pietatem
1329 463 1699 517 transformata
1725 504 1739 528 ,
1771 463 1888 516 ani-

310 557 606 624 mabusque
632 553 877 607 castitate
906 561 962 607 et
989 550 1283 622 pSaltnodia
1330 550 1738 618 exsultantibus,
1784 567 1888 606 non

313 649 436 703 tulit
463 647 722 701 bonorum
752 657 876 697 osor
897 643 1105 699 daemon
1132 641 1308 712 fugam
1335 657 1518 697 eorum
1544 643 1632 712 qui
1661 642 1727 696 ab
1775 643 1890 711 ipso

311 739 627 795 tenebantur
647 780 662 804 ,
684 752 818 806 quos
845 735 1051 790 Domini
1077 749 1254 790 sermo
1276 749 1369 804 per
1391 734 1612 789 Joannis
1638 734 1889 804 praedica-

309 831 506 884 tionem
536 828 607 884 ab
635 842 703 882 eo
732 835 1040 881 amoverat:
1073 826 1142 879 ita
1169 835 1226 879 ut
1248 824 1338 894 qui
1376 825 1501 879 circi
1538 839 1721 879 amore
1749 825 1891 879 insa-

305 920 522 974 niebant
569 926 625 973 et
673 916 1009 972 theatralium
1037 914 1493 985 spectaculorum,
1537 914 1735 969 relictis
1774 914 1889 969 dia-

306 1012 407 1068 boli
435 1011 595 1065 atriis
613 1052 628 1075 ,
656 1010 854 1064 cursim
881 1009 949 1063 ad
974 1003 1179 1064 caulas‘
1197 1007 1495 1063 Servatoris
1535 1010 1885 1072 accederent,

304 1103 443 1172 capti
473 1115 659 1157 amore
688 1101 876 1155 fistula:
906 1100 1130 1166 pastoris
1161 1100 1339 1153 ovium
1368 1099 1615 1153 amantis.

370 1195 502 1249 CAP.
533 1209 679 1247 vt.--
708 1193 784 1247 Bx
812 1193 914 1246 hoc
958 1193 1409 1247 merccnariorum
1433 1200 1705 1260 pastorum
1736 1205 1887 1244 men-

304 1296 387 1340 tes
417 1286 555 1340 livor
582 1293 806 1353 occupat
830 1324 844 1347 ,
876 1282 965 1353 qui
994 1297 1059 1338 ex
1090 1282 1485 1352 comparatione
1509 1281 1882 1353 arguebantur.

301 1379 402 1446 Qui
431 1392 555 1432 cum
574 1392 699 1432 eum
726 1391 978 1446 superare
1006 1390 1112 1429 non
1146 1374 1469 1439 valuissent,
1502 1388 1568 1429 eo
1604 1372 1746 1443 quod
1780 1388 1885 1427 non

302 1469 626 1524 advocarent
653 1467 869 1523 invidia
889 1466 1277 1523 destructorem
1323 1462 1645 1518 Dominum:
1677 1461 1879 1517 calum-

303 1561 422 1614 nias
447 1568 668 1614 nectunt
690 1557 945 1611 adversus
958 1555 1219 1611 Joannem
1241 1594 1258 1622 ,
1287 1554 1545 1624 aliquibus
1571 1553 1685 1623 ejus
1716 1551 1885 1607 homi-

304 1651 390 1704 liis
425 1649 651 1704 detortis
692 1648 743 1702 in
777 1650 928 1716 jocos
953 1645 1213 1701 adversus
1234 1644 1525 1715 Augustam
1566 1653 1619 1698 et
1658 1643 1789 1697 alios
1818 1659 1883 1697 ex

302 1743 426 1796 aula
452 1738 813 1809 Imperatoris.
836 1737 1069 1807 Contigit
1092 1746 1268 1791 autem
1293 1747 1350 1791 ut
1372 1735 1427 1790 id
1458 1734 1710 1805 temporis
1747 1735 1884 1788 Aea-

299 1836 421 1888 eius
442 1876 457 1899 ,
485 1833 763 1902 cpiscopus
791 1831 1015 1896 Bertea',
1048 1828 1138 1899 qui
1176 1826 1465 1882 advenerat
1502 1824 1882 1880 Constantino-

298 1928 489 1997 polim,
508 1925 913 1994 haudquaquam
935 1922 1131 1977 bonum
1160 1918 1879 1990 hospitiumnancisceretur,

299 2032 356 2073 ut
401 2020 615 2074 direbat
645 2060 660 2084 ,
691 2027 745 2071 ct
791 2016 860 2070 ob
906 2015 1007 2070 hoc
1047 2027 1311 2075 intercus,
1343 2012 1419 2066 ira
1461 2010 1878 2074 intumescebat,

296 2109 452 2179 quasi
492 2109 764 2178 neglectus
802 2122 831 2160 a
863 2106 1086 2161 Joanne.
1112 2103 1531 2174 Cogitationibus
1572 2112 1749 2156 autem
1779 2101 1880 2155 im-

297 2200 595 2255 moderatis
643 2198 851 2262 victus,
905 2196 1190 2251 ah-urdum
1256 2208 1555 2249 sermonem
1606 2208 1669 2247 ex
1721 2191 1883 2246 abun-

296 2294 484 2347 dantia
515 2292 691 2347 cordis
718 2290 872 2346 cll‘urt
901 2290 1115 2360 dignum
1156 2303 1250 2343 sua
1293 2296 1471 2342 mente
1494 2328 1508 2353 ,
1534 2285 1883 2355 praesentibus

294 2386 618 2456 quibusdam
644 2382 866 2438 Joannis
912 2380 1158 2447 clericis,
1198 2378 1419 2434 dicens:
1449 2377 1562 2448 Ego
1585 2376 1685 2447 ipsi
1720 2376 1881 2430 ollam

292 2480 516 2533 condio.
560 2476 763 2531 Exinde
791 2475 951 2545 igitur
976 2472 1290 2543 coniunctus
1319 2479 1402 2524 est
1426 2468 1745 2532 Severiano,
1770 2468 1882 2522 An-

294 2568 517 2632 tiocho,
565 2567 764 2621 lsaacio
798 2564 1014 2636 Syrisce
1038 2605 1053 2631 ,
1101 2560 1518 2617 circumforaneo
1540 2600 1555 2626 ,
1597 2558 1882 2629 praeposito

299 2659 447 2712 "alsis
479 2656 772 2721 monachis,
796 2655 918 2708 trito
949 2654 999 2707 in
1025 2652 1293 2723 perpetuis
1320 2651 1577 2706 adversus
1605 2650 1883 2719 episcopos

287 2747 585 2802 eatlttmuiis
617 2765 630 2801 :
664 2746 962 2801 deliberant
990 2743 1183 2798 armari
1214 2743 1414 2798 scilicet
1443 2741 1698 2796 adversus
1721 2738 1881 2795 Joan-

293 2855 425 2893 nem
453 2855 468 2904 ;
497 2853 681 2893 revera
707 2845 884 2891 autem
913 2843 1097 2890 contra
1121 2832 1346 2903 gloriam
1375 2830 1692 2888 Servatoris.
1713 2827 1883 2884 Cade-

293 2944 463 2993 rutn,
510 2942 630 2981 cum
679 2925 951 2980 misissent
1002 2923 1233 2995 primum
1281 2920 1657 2986 Antiochiam,
1712 2918 1884 2973 adole-

290 3019 523 3073 scentia:
553 3018 669 3086 ejus
704 3016 897 3071 delicta
942 3013 1272 3084 perquirunt.
1296 3012 1397 3068 Ubi
1427 3025 1552 3066 vero
1598 3009 1883 3079 defecerunt

291 3118 581 3163 scrutantes
625 3107 955 3163 scrutatione:
982 3103 1151 3177 (Psal.
1184 3104 1271 3160 65.
1300 3103 1379 3174 7),
1404 3111 1457 3159 et
1497 3102 1627 3159 nihil
1667 3102 1883 3169 invene-

291 3208 464 3263 runt,
497 3199 714 3252 mittunt
741 3196 1113 3252 Alexandriam
1163 3194 1230 3250 ad
1261 3193 1539 3263 Theophili
1576 3191 1835 3247 vafritiem
1865 3233 1879 3258 ,

290 3289 388 3359 qui
420 3289 696 3343 dicebatur
717 3286 1020 3352 Cothiirnus,
1040 3285 1253 3340 solertis
1285 3285 1407 3341 talia
1428 3282 1601 3337 moliri
1634 3301 1645 3335 :
1676 3282 1764 3353 qui
1785 3290 1885 3337 sta-

292 3383 396 3437 tim
423 3381 686 3451 replicans
708 3381 902 3435 mentis
928 3393 1039 3434 suae
1059 3378 1324 3434 volumina
1349 3392 1470 3432 cum
1491 3377 1600 3430 otio
1629 3382 1683 3429 ct
1706 3375 1884 3444 quiete

290 3472 637 3539 latrocinali,
667 3470 902 3542 cujusvis
946 3471 1107 3526 etiam
1159 3477 1448 3539 pra-textus
1487 3467 1719 3536 speciem
1758 3464 1879 3520 dili-

290 3572 492 3636 genter
534 3561 982 3632 perserutabatur.
1015 3561 1164 3616 Duc.
1196 3557 1368 3627 Siste,
1401 3560 1594 3625 Pater,
1619 3556 1882 3613 sermonis

294 3657 375 3710 tui
403 3669 619 3709 cursum
644 3695 659 3720 ,
688 3661 973 3723 antequam
997 3651 1306 3718 obliviscar,
1340 3658 1397 3705 ut
1425 3649 1517 3703 tibi
1545 3648 1719 3703 dicam
1757 3662 1884 3702 cau-

293 3762 416 3800 sam
444 3787 458 3809 ,
488 3761 607 3816 qua:
632 3744 698 3798 ad
728 3760 825 3799 nos
852 3758 1018 3814 usque
1046 3741 1365 3798 Alexandria
1412 3741 1654 3811 pervenit
1679 3749 1729 3794 et
1758 3753 1880 3808 per-

292 3835 529 3890 crebuit.
559 3834 822 3890 Joannem
873 3834 1017 3889 enim
1065 3833 1213 3888 aiunt
1252 3831 1475 3887 clericos
1519 3846 1551 3885 a
1585 3829 1883 3900 Theophila

293 3925 577 3995 depositas
631 3924 913 3979 admisisse
962 3923 1030 3977 ad
1095 3922 1556 3986 communionem;
1598 3929 1756 3990 atque
1808 3920 1879 3974 ita

294 4014 660 4083 Theophilum
685 4012 973 4068 offendisse
1003 4031 1016 4067 :
1048 4012 1188 4081 quod
1230 4011 1450 4066 minime
1490 4009 1684 4064 factum
1724 4024 1880 4079 opor-

295 4107 401 4161 tuit
429 4123 443 4159 :
476 4104 614 4161 adeo
650 4112 707 4158 ut
725 4120 792 4160 ex
815 4118 880 4158 eo
908 4102 1149 4158 infensus
1175 4102 1387 4168 Joanni,
1427 4116 1733 4173 oppugnare
1758 4116 1880 4156 eum

296 4212 589 4268 aggressus
615 4197 703 4252 sit.
736 4196 909 4250 EPISC.
935 4195 1132 4250 Demus
1161 4194 1300 4249 hunc
1326 4208 1615 4258 rumorem,
1644 4191 1735 4262 qui
1761 4207 1880 4262 per-

297 4286 542 4351 crebuit,
573 4299 691 4340 esse
722 4299 906 4340 verum
939 4302 952 4338 :
990 4299 1060 4339 an
1086 4283 1322 4354 episc0pi
1349 4290 1464 4349 est,
1497 4282 1694 4336 malum
1742 4281 1881 4335 malo

298 4379 536 4434 curare?
558 4386 611 4432 et
643 4376 731 4432 ubi
757 4384 838 4431 est
876 4376 1007 4431 illud
1046 4374 1315 4445 Evangelii
1343 4374 1482 4445 quod
1507 4375 1617 4441 ait,
1646 4372 1743 4428 Sol
1783 4389 1883 4427 non

299 4469 501 4524 occidat
525 4484 678 4539 super
702 4466 1016 4521 iracundiam
1031 4476 1241 4520 vestram
1262 4464 1477 4535 (Ep/tes.
1500 4464 1649 4536 4.26)
1671 4464 1695 4517 ’ἶ
1716 4464 1802 4518 ubi
1821 4464 1884 4518 il-

302 4562 392 4615 lnd
416 4558 668 4629 apostoli,
707 4557 856 4612 Vince
874 4558 925 4610 in
942 4558 1070 4610 bona
1095 4555 1283 4610 malum
1310 4556 1484 4627 (Rom.
1519 4555 1604 4609 12.
1626 4554 1717 4625 2i)
1741 4554 1764 4608 ?
1795 4554 1884 4608 tibi

302 4651 430 4706 illud
456 4651 754 4721 prophetae,
776 4648 835 4704 Si
854 4648 1051 4703 reddidi
1070 4649 1448 4702 retn'buentibus
1465 4648 1586 4700 mihi
1607 4648 1743 4700 mala
1762 4646 1882 4717 (Ps.

304 4744 357 4796 7.
385 4742 487 4811 5)?
517 4741 718 4796 Deinde
748 4756 873 4795 num
903 4740 1182 4810 operosius
1212 4748 1327 4794 erat
1363 4753 1544 4793 coram
1579 4738 1884 4792 reverendis

306 4832 573 4902 episcopis
599 4846 723 4886 eum
761 4845 1016 4886 accusare
1053 4839 1107 4885 et
1141 4829 1322 4884 dicere
1349 4845 1364 4884 :
1396 4827 1582 4882 Frater
1606 4827 1843 4883 Joannes
1867 4870 1882 4895 ,

308 4922 410 4979 hoc
435 4933 527 4978 aut
557 4921 687 4976 illud
716 4936 785 4976 an
816 4921 1127 4992 imprudens
1154 4920 1322 4976 fecisti
1347 4920 1372 4974 ?
1399 4929 1454 4976 et
1493 4919 1753 4976 Joannem
1787 4920 1886 4976 de-

307 5012 565 5068 fensionis
604 5012 724 5067 loco
748 5011 947 5079 dicere,
968 5027 1080 5067 rem
1105 5011 1374 5082 ignorasse
1393 5011 1493 5066 se?
1521 5011 1668 5066 Duc.
1695 5010 1885 5066 Verum

306 5102 465 5169 dicis,
487 5102 533 5156 si
558 5101 610 5156 in
640 5117 706 5157 eo
734 5101 923 5158 fuisset
943 5102 1186 5156 voluntas
1215 5102 1375 5168 bona,
1397 5115 1497 5156 nec
1519 5103 1889 5171 praetexuisset

308 5192 629 5247 clericorum
686 5205 940 5259 causam,
998 5201 1056 5246 ut
1111 5190 1377 5261 propriam
1424 5190 1557 5245 iram
1624 5191 1884 5261 eXpleret.

311 5282 487 5338 Ense.
515 5282 622 5338 Per
651 5282 898 5337 timorem
930 5281 1024 5336 Dei
1048 5282 1137 5352 qui
1165 5281 1385 5336 infinitis
1410 5281 1686 5336 timoribus
1711 5281 1885 5336 domi-

310 5382 486 5442 natur,
520 5387 628 5427 non
678 5372 834 5427 aliter
864 5372 956 5427 tibi
984 5371 1158 5427 dicam
1180 5413 1195 5438 ,
1224 5385 1383 5442 quam
1424 5378 1481 5425 ut
1522 5385 1580 5426 se
1611 5370 1766 5425 habet
1812 5372 1889 5427 rei

310 5476 498 5522 natura
525 5466 593 5523 de
624 5465 691 5520 iis
719 5463 956 5531 clericis,
986 5478 1120 5536 quos
1159 5463 1486 5519 memorasti.
1512 5462 1743 5518 lsidorus
1768 5464 1888 5532 qui-

308 5557 428 5612 dam
460 5557 744 5628 presbyter
772 5570 836 5610 ex
879 5555 1021 5610 beati
1049 5556 1223 5625 magni
1250 5553 1521 5610 Athanasii
1555 5553 1888 5610 ordinatione

311 5658 590 5722 supererat
616 5690 633 5717 ,
666 5649 1049 5720 octogesimum
1076 5649 1247 5705 :ctatis
1282 5663 1477 5709 annum
1503 5661 1664 5721 agens
1683 5687 1699 5717 ,
1726 5661 1884 5718 quem

3514 270 3583 322 23

2001 385 2193 428 norunt
2216 375 2575 429 Romanorum
2618 375 2854 446 plerique
2877 378 3358 435 ecclesiasticarum
3404 396 3580 437 rerum

1999 477 2157 518 causa
2213 464 2437 519 Romam
2484 465 2730 532 venisse,
2760 481 2879 522 cum
2929 469 3267 526 Alexandriae
3312 471 3578 541 hospitum

1998 564 2275 624 susceptor
2317 567 2478 611 esset.
2512 556 2589 610 'l‘u
2641 572 2768 612 vero
2818 567 2872 612 et
2924 560 3037 628 ipse
3088 561 3230 616 nosti
3283 561 3578 627 hominem.

1998 646 2211 714 quando
2255 662 2375 701 cum
2419 649 2610 703 Acacio
2655 651 2913 718 veniens,
2948 651 3184 707 Flaviani
3228 669 3350 709 cum
3389 655 3570 711 Theo.

1998 737 2142 805 philo
2170 739 2600 794 communionem
2626 742 2805 794 attulit
2830 783 2843 806 ,
2874 743 3054 812 viginti
3085 759 3254 800 annos
3295 746 3577 817 abruptam

1994 828 2135 882 beati
2161 829 2373 899 Evagrii
2397 844 2556 885 causa
2578 848 2590 884 :
2615 834 2703 901 qui
2735 833 2957 902 plurima
2985 837 3274 891 certamina
3302 837 3352 892 in
3383 840 3576 894 obeun-

1995 918 2077 973 dis
2117 919 2492 976 ecclesiasticis
2535 922 2806 977 laboribus
2837 924 3072 993 pertulit.
3115 925 3247 981 lluic
3284 927 3442 999 igitur
3475 924 3573 983 ἰδία

1995 1010 2127 1067 doro
2157 1012 2348 1067 mulier
2383 1013 2628 1082 quaadam
2672 1013 2826 1069 vidua
2857 1030 2888 1071 c
2929 1019 3263 1087 magnatibus
3298 1020 3389 1074 dat
3427 1021 3573 1077 mille
3625 1053 3632 1061 η

1993 1117 2182 1158 aureos
2202 1145 2215 1167 ,
2244 1104 2525 1176 adrgitque
2567 1105 2914 1176 jurejurando
2946 1123 3040 1177 per
3066 1108 3366 1166 Servatoris
3414 1128 3570 1166 mcu-

1992 1210 2127 1262 sam,
2147 1198 2342 1265 emptis
2369 1198 2605 1253 vestibus
2624 1199 2964 1268 pauperiores
2990 1201 3324 1257 Alexandria:
3346 1203 3572 1259 feminas

1993 1298 2355 1343 conlecturum
2410 1289 2543 1344 clam
2593 1290 2919 1360 TheOphilo,
2950 1307 3017 1348 ne
3068 1292 3113 1347 is
3166 1310 3414 1350 nummos
3453 1296 3572 1351 illos

1991 1389 2226 1449 caperet,
2247 1389 2403 1448 atque
2420 1380 2791 1448 comparandis
2820 1380 3085 1450 lapidibus
3114 1384 3426 1440 insumeret.
3459 1386 3567 1440 La-

1992 1470 2173 1539 pidum
2217 1471 2361 1524 enim
2408 1471 2554 1525 furor
2579 1470 2792 1540 quidam
2826 1472 3157 1527 Pharaonius
3184 1474 3359 1542 ipsum
3395 1478 3567 1543 possi-

1988 1560 2078 1614 det
2100 1601 2114 1623 ,
2148 1560 2212 1614 ad
2241 1554 2460 1615 mdiﬁcia
2489 1562 2680 1630 quibus
2703 1563 2834 1616 nihil
2863 1563 3058 1633 indiget
3083 1564 3341 1620 Ecclesia.
3363 1567 3427 1621 Et
3452 1567 3567 1624 htec

1987 1651 2201 1721 quidem
2229 1653 2536 1709 mittamus:
2565 1654 2706 1723 quod
2731 1661 2908 1709 autem
2937 1653 3004 1710 de
3036 1655 3241 1710 Isidoro
3270 1665 3440 1727 urget,
3475 1674 3566 1711 au—

1987 1743 2059 1798 di.
2088 1743 2221 1799 Cum
2249 1745 2404 1816 igitur
2429 1744 2662 1801 lsidorus
2690 1761 2784 1801 cos
2825 1761 3072 1801 nummos
3101 1749 3396 1817 accepisset
3421 1790 3435 1814 ,
3468 1751 3567 1802 im-

1988 1835 2170 1904 pendit
2200 1837 2538 1906 pauperculis
2565 1847 2618 1891 et
2649 1837 2821 1891 viduis
2852 1836 3185 1892 mulieribus.
3213 1838 3473 1895 Alicunde
3513 1841 3565 1895 id

1988 1926 2138 1980 novit
2184 1926 2547 1994 Theophilus:
2577 1926 2710 1981 nihil
2749 1927 2891 1982 enim
2925 1928 3098 1996 ipsum
3144 1928 3340 1984 latebat
3378 1945 3561 1985 eorum

1988 2034 2107 2089 qua:
2132 2019 2322 2089 ubique
2354 2019 2545 2074 fierent
2573 2028 2627 2073 et
2653 2017 2981 2084 dicerentur,
3013 2027 3193 2088 utpote
3220 2022 3308 2090 qui
3339 2020 3562 2076 haberet

1985 2120 2040 2165 ct
2065 2111 2320 2164 factorum
2352 2118 2404 2164 et
2434 2109 2694 2164 dictorum
2736 2109 3101 2180 erploratores
3124 2150 3139 2175 ,
3169 2125 3233 2165 ne
3280 2111 3434 2165 aliter
3467 2126 3563 2169 eos

1985 2200 2264 2270 appellem.
2296 2200 2550 2255 lsidorum
2599 2208 2824 2265 evocat,
2865 2198 3142 2254 moderate
3191 2199 3558 2270 interrogans,

1985 2310 2052 2348 an
2077 2309 2136 2349 ea
2164 2294 2236 2350 ita
2262 2309 2321 2349 se
2359 2294 2635 2350 haberent.
2665 2292 2780 2348 Non
2822 2293 3033 2363 negavit
3072 2293 3305 2349 lsidorus
3332 2334 3348 2359 ,
3374 2295 3559 2364 reique

1987 2386 2148 2442 totius
2172 2385 2689 2441 administrationem
2730 2384 2906 2440 fassus
2928 2395 3028 2440 cst.
3059 2385 3175 2453 Quo
3222 2386 3309 2441 ille
3341 2385 3520 2441 audito
3544 2426 3559 2451 ,

1985 2489 2199 2530 scenam
2229 2483 2436 2529 mutat:
2468 2483 2523 2529 et
2550 2474 2640 2545 qui
2677 2474 2835 2544 paulo
2869 2484 2995 2529 ante
3049 2476 3100 2529 iu
3147 2476 3562 2546 interrogatione

1985 2567 2290 2622 moderatus
2316 2583 2378 2622 ac
2405 2567 2541 2622 lenis
2570 2576 2911 2636 apparuerat,
2943 2577 3215 2622 momento
3238 2580 3353 2638 post
3380 2568 3562 2622 audito

1988 2657 2172 2712 lsidori
2228 2673 2519 2727 responso,
2564 2666 2703 2712 totus
2752 2659 3038 2723 intumuit,
3084 2668 3281 2713 mutata
3331 2658 3559 2713 subinde

1986 2747 2139 2801 ficio.
2173 2748 2239 2802 Et
2264 2763 2383 2801 cum
2416 2748 2687 2818 paululum
2715 2747 3026 2818 quievisset,
3056 2758 3110 2802 ut
3137 2749 3284 2803 canis
3308 2749 3397 2816 qui
3422 2748 3559 2803 clam

1986 2838 2233 2904 mordet,
2267 2846 2384 2906 post
2412 2851 2621 2892 menses
2666 2836 2803 2891 duos
2850 2846 3140 2892 convocato
3165 2837 3331 2901 clero,
3361 2836 3566 2906 profert

1985 2926 2281 2983 chartulam
2327 2936 2587 2997 praesente
2641 2926 2889 2995 lsodoro,
2934 2927 3118 2982 dicens
3147 2946 3159 2981 :
3193 2926 3340 2982 lianc
3381 2927 3563 2997 accepi

1986 3029 2110 3073 ante
2140 3018 2323 3075 decem
2348 3028 2400 3073 et
2429 3028 2549 3073 octo
2574 3034 2742 3089 annos
2761 3060 2776 3085 ,
2805 3018 3004 3075 lsidorc
3025 3059 3041 3084 ,
3086 3017 3341 3072 adversus
3386 3025 3476 3081 te;
3508 3027 3564 3072 et

1985 3108 2234 3180 quoniam
2263 3107 2413 3163 valde
2440 3118 2727 3177 occupatus
2748 3123 2914 3174 eram,
2946 3123 3058 3162 rem
3087 3107 3301 3162 silentio
3325 3105 3516 3161 tradidi
3546 3125 3559 3161 :

1986 3212 2127 3251 nunc
2152 3211 2279 3251 vero
2317 3196 2445 3251 alias
2470 3197 2682 3252 chartas
2729 3212 2974 3268 quazrens
2998 3238 3013 3263 ,
3047 3196 3186 3251 hanc
3213 3197 3281 3252 de
3319 3207 3370 3251 te
3403 3197 3564 3252 char-

1989 3287 2153 3341 tulam
2178 3287 2355 3342 inveni
2386 3304 2400 3339 ι
2432 3297 2618 3341 contra
2649 3287 2787 3342 hanc
2813 3287 3028 3342 institue
3050 3286 3436 3340 defensionem.
3469 3285 3563 3339 illa

1986 3389 2162 3433 autem
2203 3378 2443 3433 chartula
2485 3379 2793 3434 continebat
2819 3378 3214 3433 accusationem
3240 3375 3553 3431 Sodomitici

1989 3469 2256 3525 criminis.
2308 3468 2391 3524 Ad
2445 3469 2561 3525 haec
2617 3469 2869 3524 lsodorus
2914 3467 3210 3536 Theophilo
3261 3465 3563 3536 respondit,

1986 3560 2279 3616 defendens
2315 3575 2373 3615 se
2406 3578 2418 3613 :
2449 3559 2814 3615 Concedamus
2845 3559 2946 3613 hoc
2973 3573 3155 3613 verum
3186 3572 3326 3625 esse,
3355 3567 3410 3612 et
3452 3572 3481 3610 a
3511 3567 3562 3611 te

1989 3660 2260 3720 acceptam
2291 3666 2409 3705 esse
2438 3651 2732 3705 chartulam
2758 3691 2773 3718 ,
2819 3660 2872 3704 et
2918 3649 3013 3704 tibi
3056 3646 3318 3704 excidisse
3348 3664 3563 3702 :uonne

1987 3744 2173 3798 aderat
2198 3743 2286 3813 qui
2308 3743 2542 3798 libellum
2568 3742 2743 3808 dedit,
2775 3751 2832 3797 ut
2860 3741 3036 3797 denuo
3056 3740 3146 3796 ille
3170 3756 3201 3795 a
3233 3752 3284 3796 te
3311 3753 3563 3811 reposce-

1989 3834 2178 3889 retur?
2205 3834 2285 3888 Ad
2329 3835 2441 3889 haec
2481 3833 2807 3904 Theophilus
2838 3852 2852 3889 :
2883 3832 2991 3888 Sed
3034 3848 3139 3887 non
3171 3832 3358 3887 aderat
3401 3846 3561 3901 puer,

1992 3923 2268 3993 navigabat
2289 3924 2433 3978 enim
2461 3925 2513 3978 in
2536 3924 2688 3977 mari.
2707 3923 2770 3978 Et
2793 3922 3023 3977 lsidorus
3042 3940 3055 3976 :
3074 3922 3189 3976 Non
3211 3920 3393 3976 aderat
3415 3929 3561 3987 tunc,

1990 4023 2047 4069 ut
2067 4014 2219 4082 dicis,
2252 4029 2385 4084 papa
2417 4034 2429 4068 :
2468 4023 2584 4083 post
2608 4013 2992 4083 navigationem
3022 4027 3199 4067 nonne
3224 4009 3431 4065 adfuit?
3457 4027 3563 4064 nou

1988 4103 2260 4160 secundo?
2288 4121 2392 4160 non
2423 4105 2577 4159 tertio
2602 4103 2777 4159 anno?
2796 4112 2851 4157 et
2880 4117 3018 4157 nunc
3043 4102 3087 4156 si
3116 4100 3294 4167 adest,
3314 4100 3441 4170 jube
3470 4099 3566 4156 ho-

1988 4196 2184 4249 minem
2228 4196 2417 4251 sistere
2449 4210 2528 4250 se.
2579 4194 2661 4250 Ad
2704 4194 2819 4250 hazc
2866 4193 3224 4263 The0philus,
3253 4207 3411 4263 quem
3451 4191 3565 4261 ipsa

1988 4285 2180 4339 veritas
2210 4286 2660 4354 contemptibilem
2692 4285 2962 4344 redditura
2990 4294 3105 4342 erat
3123 4327 3139 4353 ,
3184 4300 3298 4340 rem
3328 4286 3380 4338 in
3404 4285 3564 4338 alium

1987 4375 2128 4430 diem
2165 4374 2338 4444 rejicit
2368 4391 2382 4427 :
2413 4384 2466 4429 et
2487 4375 2736 4445 juvenem
2778 4374 3059 4447 quemdam
3101 4373 3568 4445 pollicitationibus

1989 4465 2167 4520 multis
2194 4463 2503 4519 demulcens
2521 4507 2537 4532 ,
2567 4464 2633 4519 ad
2660 4465 3048 4521 accusationem
3086 4474 3270 4518 contra
3292 4465 3565 4519 lsodorum

1990 4557 2274 4624 instruxit,
2297 4556 2434 4611 datis
2454 4557 2586 4625 ipsi,
2619 4565 2676 4612 ut
2701 4556 2881 4621 aiunt,
2910 4554 3215 4625 quindecim
3244 4557 3455 4608 aureis:
3480 4557 3570 4624 qui

1990 4649 2167 4703 statim
2202 4662 2296 4704 eos
2323 4647 2478 4702 matri
2520 4646 2693 4702 affert.
2732 4646 2823 4702 illa
2864 4654 3040 4701 autem
3071 4647 3263 4716 partim
3308 4655 3453 4700 metu
3489 4647 3571 4700 in-

1990 4739 2323 4794 eonniventis
2357 4738 2496 4793 oculi
2522 4752 2616 4793 eos
2655 4752 2761 4792 non
2803 4738 3044 4808 accepit,
3074 4737 3268 4808 partim
3296 4736 3470 4807 legum
3506 4738 3570 4790 ti-

1994 4845 2142 4886 more
2171 4830 2434 4901 perculsa,
2456 4829 2695 4900 cogitans
2715 4844 2783 4886 nc
2810 4828 3023 4900 quando
3044 4828 3278 4886 lsidorus
3307 4830 3569 4884 calumnia

1992 4923 2285 4992 appetitus,
2325 4921 2391 4977 ad
2420 4920 2699 4992 prresidem
2729 4923 3016 4993 provinciae
3046 4931 3383 4994 provocaret.
3407 4921 3575 4976 lsido-

1995 5028 2113 5068 rum
2136 5014 2421 5081 convenit,
2452 5022 2612 5084 atque
2655 5014 2757 5085 ipsi
2796 5022 2959 5069 totam
3001 5013 3314 5084 tragoediam
3354 5012 3569 5078 fatetur,

1993 5105 2041 5159 ei
2071 5103 2357 5160 ostendens
2377 5119 2568 5160 aureos
2585 5144 2600 5171 ,
2629 5119 2764 5175 quos
2791 5119 2822 5159 a
2850 5119 3035 5160 sorore
3057 5104 3334 5175 Theophili
3361 5120 3570 5160 merce-

1993 5195 2075 5249 dis
2103 5194 2219 5250 loco
2247 5196 2514 5265 accepisse
2533 5209 2592 5250 se
2609 5196 2819 5252 dicebat
2855 5195 3110 5251 adversus
3131 5195 3391 5251 [siderum
3418 5198 3571 5250 inno-

1994 5297 2224 5341 centem.
2254 5286 2320 5340 Et
2348 5287 2436 5342 illa
2457 5286 2667 5356 quidem
2697 5301 2819 5341 cum
2843 5287 2913 5342 ob
2946 5287 3130 5353 multa,
3162 5296 3272 5341 tttm
3301 5289 3568 5358 praecipue

1993 5377 2064 5431 ob
2101 5391 2217 5432 eam
2252 5390 2500 5442 causam,
2531 5376 2733 5432 meritis
2775 5375 2947 5444 ptenis
2997 5377 3280 5446 persolutis
3324 5378 3566 5436 moritur.

1995 5466 2240 5537 chirurgo
2267 5467 2530 5521 mamilius
2556 5466 2672 5536 ejus
2700 5475 2939 5521 curante.
2968 5465 3171 5521 interea
3207 5466 3438 5522 lsidorus
3465 5467 3564 5520 do-

1994 5559 2068 5614 mi
2094 5559 2372 5623 manebat,
2404 5558 2569 5613 Deum
2609 5572 2789 5611 orans.
2814 5556 2956 5613 Puer
2990 5565 3166 5612 autem
3198 5560 3386 5629 partim
3425 5559 3567 5620 leges

1997 5649 2192 5705 veritus
2216 5690 2230 5718 ,
2262 5647 2453 5720 partim
2490 5647 2816 5720 asperiorem
2845 5646 3197 5720 Theophilum
3224 5648 3525 5717 conjec-laus
3549 5685 3565 5711 ,
