4038 6154
380 292 451 345 25

385 402 427 456 si
478 411 642 468 scopo
695 392 995 456 excideret,
1029 388 1091 443 ad
1132 387 1412 442 ecclesiam
1442 381 1608 448 ,tttile
1663 393 1967 450 propugna-
2022 410 2025 413 -

388 492 601 556 culum,
646 486 905 556 confugit,
941 482 1091 536 altari
1130 481 1428 535 adltzcrens.
1481 477 1554 532 lta
1596 473 1931 545 TlteOphilus
1957 514 1971 538 ,

370 552 596 639 {silente
630 552 866 650 iustitia,
926 573 1181 627 lsidorum
1240 569 1477 624 Ecclesia
1523 566 1799 630 eliminat,
1856 579 1976 618 cum

395 668 718 728 exsecranda
769 667 1129 735 divulgasmt,
1180 660 1489 730 injustitiam
1541 659 1798 729 gravitate
1839 668 1978 724 prte-

398 776 602 819 texens.
637 758 837 814 Deinde
868 758 1060 811 timens
1088 753 1321 808 Isidorus
1343 794 1357 815 ,
1399 767 1465 806 ne
1506 749 1716 804 tandem
1742 743 1979 817 graviori

403 872 477 911 ira
506 854 785 924 instigatus
816 849 1144 919 Theophilus
1170 889 1184 912 ,
1213 847 1369 900 saluti
1412 859 1521 899 suae
1568 840 1785 897 insidias
1816 837 1984 893 medi-

400 958 599 1002 taretur
626 946 784 1016 (nam
812 941 876 997 ad
904 941 1018 995 h-.ec
1048 953 1214 1009 usque
1240 938 1399 991 etiam
1438 934 1684 1006 progredi
1728 932 1864 988 solet
1883 972 1899 998 ,
1929 938 1987 984 ιιι

402 1038 593 1107 aiunt),
624 1050 782 1091 cursu
828 1033 958 1104 petit
1004 1039 1239 1086 montem
1271 1028 1455 1083 Nitria:
1503 1027 1567 1081 ad
1604 1024 1984 1081 monachorum

404 1130 647 1185 ordinem
676 1170 691 1194 ,
724 1126 813 1181 ubi
854 1131 1214 1180 commoratus
1258 1121 1428 1176 fuerat
1454 1118 1894 1177 adolescenszct
1933 1114 1987 1167 in

405 1222 536 1274 cella
564 1235 662 1274 sua
687 1218 880 1272 sedens
907 1258 920 1281 ,
950 1214 1265 1285 precabatur
1283 1252 1297 1277 ,
1328 1208 1774 1276 patientissimum
1817 1206 1989 1260 Deum

410 1312 775 1384 interpellans.
806 1310 978 1379 Super
1007 1308 1088 1361 his
1119 1306 1381 1361 indecora:
1408 1312 1459 1358 et
1503 1303 1719 1356 incertae
1754 1296 1992 1354 victoria:

413 1406 516 1462 sibi
568 1403 813 1458 conscius
856 1399 1224 1469 Theophilus,
1282 1395 1445 1449 mittil
1507 1394 1688 1447 literas
1744 1390 1810 1445 ad
1859 1389 1991 1442 vici-

414 1512 511 1552 nos
572 1497 882 1568 cpiscopus,
935 1501 989 1546 et
1039 1489 1191 1560 jubet
1253 1485 1513 1559 quosdam
1565 1499 1596 1539 e
1626 1480 1911 1552 primariis
1964 1494 1995 1533 a

416 1594 596 1641 monte
633 1595 687 1640 ct
727 1585 794 1637 ab
825 1581 1062 1637 interiori
1103 1593 1285 1634 eremo
1314 1575 1536 1648 expelli,
1569 1588 1767 1643 eosque
1812 1570 2000 1641 pr.cci-

425 1692 559 1748 pnos
603 1675 923 1738 monachos,
954 1671 1169 1725 minime
1208 1668 1387 1723 addita
1414 1665 1708 1731 causa.Qui
1753 1662 1999 1717 monachi

419 1785 539 1822 cum
590 1767 890 1822 senioribus
946 1761 1321 1818 Alexandriam
1377 1774 1497 1814 cum
1558 1756 1996 1818 descendissent,

420 1862 644 1915 orabant
683 1856 1034 1928 Theophilum
1061 1895 1076 1921 ,
1123 1867 1337 1907 causam
1376 1859 1434 1904 ut
1468 1849 1704 1913 diceret,
1737 1848 1807 1902 ob
1844 1861 2001 1915 quam

419 1952 757 2007 condemnati
805 1949 1064 2019 cjcctique
1107 1954 1306 2001 essent.
1350 1944 1440 1997 Ille
1488 1950 1666 1995 autem
1715 1938 2003 2008 sanguino-

422 2046 581 2100 lentis
628 2043 796 2097 oculis
845 2042 1134 2095 draconum
1186 2038 1359 2092 instar
1409 2033 1731 2098 intendens,
1789 2040 2002 2085 torvum

425 2136 632 2190 tiurinu
660 2148 807 2188 more
829 2131 1165 2195 intuebatur;
1192 2128 1349 2183 modo
1376 2126 1587 2198 quidem
1616 2123 1827 2190 lividus,
1849 2119 2008 2175 modo

427 2228 652 2296 j-allidus
674 2270 689 2292 ,
719 2224 876 2280 modo
905 2233 1077 2277 antem
1104 2237 1285 2276 amare
1311 2220 1614 2282 subridens,
1638 2217 1705 2272 ab
1727 2214 2008 2269 immodica

425 2322 501 2372 ira
550 2318 797 2386 abreptus
818 2359 831 2381 ,
884 2315 1200 2379 Ammonio,
1231 2313 1347 2367 vita
1387 2310 1674 2382 grandtcvo
1698 2349 1713 2376 ,
1752 2304 2010 2375 omopho—

425 2412 563 2465 rium
597 2409 839 2463 manibus
867 2408 977 2477 ipse
1005 2409 1116 2461 suis
1146 2405 1311 2475 injicit
1344 2405 1393 2457 in
1425 2403 1619 2459 collum
1647 2443 1661 2469 ,
1692 2416 1813 2457 cum
1858 2398 2011 2452 malis

427 2501 544 2569 ejus
572 2500 748 2570 plagas
774 2497 1084 2564 inﬂexisset,
1113 2506 1167 2549 et
1195 2494 1385 2564 pugnis
1414 2508 1570 2547 nares
1595 2492 1709 2560 ejus
1737 2497 2012 2544 cruentas.

432 2603 514 2647 set
538 2634 552 2659 ,
584 2592 879 2645 inclamans
909 2589 991 2642 his
1012 2587 1232 2642 vocibus
1259 2604 1271 2639 :
1300 2585 1593 2649 llmreticc,
1624 2580 2012 2635 anathematiza

429 2683 712 2750 Origenetu
743 2698 756 2733 :
786 2695 907 2733 cum
954 2678 1084 2731 nihil
1126 2686 1268 2732 esset
1309 2676 1637 2746 propositum
1675 2673 1741 2729 de
1787 2672 2016 2743 Origene

432 2780 624 2840 praztcr
647 2769 1052 2840 postulationem
1078 2767 1260 2822 lsidori
1284 2782 1463 2823 causa.
1486 2766 1631 2821 Talis
1650 2767 1790 2821 enim
1814 2766 1890 2820 ira
1912 2773 2012 2827 est,

433 2864 591 2917 veluti
623 2875 817 2928 canes,
844 2875 983 2915 ereca
1022 2870 1074 2915 ct
1106 2860 1243 2915 dicta
1283 2868 1336 2914 et
1384 2859 1518 2912 facta
1548 2857 1708 2928 parit.
1741 2855 1904 2927 lgitur
1940 2855 2017 2910 sic

435 2956 694 3025 sanguine
723 2953 993 3024 adSpersi,
1027 2963 1082 3009 et
1117 2955 1230 3009 sine
1274 2967 1536 3023 responso
1574 2952 1773 3007 reversi
1820 2952 1888 3007 ad
1921 2963 2013 3004 sua

434 3046 755 3123 monasteria
809 3046 1134 3116 prepositum
1188 3046 1308 3099 vine
1366 3045 1661 3099 institutum
1727 3049 2038 3113 perseque-‘

434 3138 646 3203 bantur,
668 3136 1061 3206 Scripturarum
1081 3136 1298 3190 scientia
1335 3135 1603 3206 ingenium
1626 3142 1898 3198 acuentes,
1924 3148 2020 3202 per

435 3242 569 3307 quas
613 3227 755 3282 salus
800 3228 1123 3298 acquiritur,
1156 3226 1296 3281 illius
1347 3226 1606 3281 insaniam
1660 3214 1737 3281 eo.
1769 3232 2017 3281 curantes

435 3322 639 3387 minus,
672 3320 812 3392 quod
842 3322 1037 3376 nullius
1059 3320 1183 3375 mali
1215 3320 1314 3375 sibi
1343 3320 1544 3375 conscii
1574 3329 1776 3376 essent.

482 3404 630 3468 'Car.
661 3427 755 3465 vn.
782 3441 857 3450 —
885 3411 974 3467 llis
999 3426 1103 3465 non
1133 3410 1480 3480 adquiescens
1509 3410 1857 3479 Theophilus,
1892 3411 2016 3463 mit-

436 3502 497 3581 tit
524 3503 587 3556 ad
620 3486 829 3556 vicinos.
850 3503 1129 3573 episcopos
1149 3494 1245 3565 {et
1274 3504 1528 3557 adversus
1556 3504 1850 3557 monachos
1880 3504 2021 3573 cogit

434 3579 749 3673 concilium,
783 3609 952 3673 neque
990 3582 1055 3647 ad
1095 3579 1458 3649 defensionem
1492 3595 1690 3647 vocatis
1717 3594 1844 3662 ipsis
1869 3636 1883 3656 ,
1923 3587 2042 3649 nec.

436 3668 568 3763 facta
600 3668 931 3763 illisdiceudi
958 3679 1238 3755 potestate,
1264 3687 1370 3740 tres
1395 3686 1536 3740 viros
1567 3701 1597 3741 e
1624 3686 1904 3756 praecipuis
1924 3681 2037 3741 ex?

435 3758 794 3857 eonnnttnijcat
816 3758 1056 3842 ,{vcritus
1084 3770 1249 3830 simul
1269 3786 1453 3830 contra
1482 3776 1875 3832 muftitudinem
1909 3775 2038 3848 pm?

438 3869 557 3920 nam
586 3862 896 3939 decernere,
924 3862 1223 3937 prret'exens
1248 3866 1551 3936 dogmatum
1581 3869 2017 3937 perversitatem;

436 3962 490 4014 et
515 3946 653 4041 quos
667 3974 806 4029 saepe
830 3946 944 4029 plus
966 3974 1118 4028 quam
1141 3959 1420 4029 episc0pos
1448 3958 1803 4014 honoraverat
1825 3969 1880 4014 ut
1909 3950 2033 4015 tua;

436 4038 648 4130 gislros,
682 4038 896 4137 propter
924 4051 1105 4115 vitam,
1128 4050 1424 4133 doctrinam
1456 4060 1509 4106 et
1535 4061 1767 4118 (etatem,
1795 4067 1887 4106 eos
1913 4045 2033 4107 nun'

440 4143 631 4227 puduit
653 4135 919 4222 appellare
960 4144 1372 4229 prmStigiatorcs
1396 4135 1506 4211 ,co
1532 4143 1673 4215 quod
1702 4160 1825 4216 erga
1856 4146 2022 4202 Isido-

441 4248 557 4287 rum
587 4224 787 4317 optime
810 4228 990 4289 allecti
1029 4224 1237 4289 essunt.
1261 4234 1331 4288 Et
1369 4243 1487 4317 post
1522 4226 2037 4293 “communicatio?

439 4338 561 4378 nem
591 4310 657 4378 ex
684 4314 799 4401 ipso
829 4320 1010 4379 mente
1024 4318 1252 4401 justi-uit
1278 4307 1627 4383 homunculus
1650 4329 1900 4400 quinque,
1931 4330 2021 4400 qui

440 4432 730 4486 numquam
762 4416 811 4470 in
843 4426 984 4501 etetu
1006 4416 1276 4501 seniorum
1302 4420 1467 4475 eremi
1498 4409 1773 4487 steterant,
1800 4430 1853 4478 et
1880 4421 2020 4476 indi-

435 4510 522 4578 gni
544 4518 716 4579 erant,
745 4512 886 4583 piget
909 4494 1215 4583 dicereiqui
1239 4512 1320 4568 vel
1348 4503 1550 4569 ostiarii
1571 4524 1748 4570 essent
1768 4533 1780 4569 :
1805 4514 2023 4573 ethunc

435 4600 645 4670 quidem
674 4589 880 4683 ordinat
902 4594 1231 4683 episcopum,
1257 4586 1430 4683 viculo
1461 4606 1776 4676 praeficiens,
1800 4622 1921 4661 cum
1943 4608 2020 4660 ci.

437 4695 652 4750 vitatcm
676 4679 778 4749 non
805 4678 1020 4751 haberet
1045 4682 1265 4767 (ctenim
1282 4678 1409 4753 'sinc
1432 4684 1539 4752 ullo
1566 4682 1768 4769 pudore
1790 4700 1905 4754 illas
1927 4715 2023 4755 no-

433 4786 624 4840 vitates
653 4770 881 4863 audebat
905 4778 929 4853 ,’
953 4803 1011 4841 se
1045 4774 1272 4841 alterum
1313 4772 1548 4861 Rloyscm
1577 4792 1834 4862 vocans),
1874 4792 2018 4848 illutn

434 4892 562 4932 vero
588 4877 979 4955 presbyterum,
1003 4887 1056 4932 et
1083 4886 1190 4961 tres
1214 4880 1348 4962 alios
1374 4864 1626 4936 diaconos
1655 4882 1866 4960 ordinat
1885 4925 1900 4953 ,
1929 4864 2029 4956 qui

436 4982 541 5022 non
580 4978 733 5023 erant
769 4966 1047 5049 Egypt-ii,
1092 4970 1187 5025 scd
1212 4985 1244 5026 e
1271 4969 1497 5047 diversis
1535 4972 1685 5029 locis.
1721 4973 1849 5049 Erat
1877 4978 2019 5031 enim

388 5046 397 5113 ἷ
436 5073 572 5113 unus
597 5072 782 5113 eorum
810 5058 971 5132 Libys
991 5044 1170 5135 ,alius
1196 5044 1589 5135 Alexandrinus
1606 5104 1623 5131 ,
1650 5046 1787 5119 alius
1817 5064 2016 5121 Phara-

438 5151 609 5216 nites,
652 5150 787 5205 alius
829 5166 959 5206 vero
1003 5151 1329 5208 Paraleotes.
1362 5152 1532 5221 Quam
1562 5156 1632 5212 ob
1657 5140 1873 5213 causam
1902 5162 2018 5229 ejus

434 5255 571 5292 \ano
593 5238 759 5293 labori
779 5249 1187 5310 c0nsenscrunt,
1210 5257 1329 5298 cum
1357 5242 1560 5299 nullum
1590 5246 1864 5315 prtemium
1881 5264 1910 5305 e
1926 5265 2018 5320 pa-

436 5329 534 5407 tria
562 5330 882 5399 sperandum
914 5330 1189 5389 haberent.
1222 5333 1331 5390 Eos
1360 5335 1538 5405 itaque
1563 5336 1839 5405 subornat,
1870 5351 1930 5396 ut
1957 5343 2019 5397 li-

436 5420 607 5497 bellos
636 5421 825 5480 darent
853 5424 1107 5482 adversus
1135 5436 1241 5484 tres
1272 5428 1395 5483 illos
1431 5444 1587 5485 senes
1621 5450 1629 5483 :
1664 5442 1717 5487 et
1748 5432 1894 5490 falsa:
1923 5452 2016 5491 ac-

436 5514 726 5570 cusationis
755 5518 913 5573 verba
940 5519 1051 5590 ipse
1075 5520 1366 5589 contexuit,
1395 5523 1477 5578 cui
1511 5540 1671 5579 unum
1699 5506 1755 5581 id
1778 5526 1862 5583 isti
1891 5502 2018 5584 con-

429 5604 705 5675 tulerunt,
738 5617 797 5664 ttt
842 5612 1256 5669 subscriberent.
1302 5614 1500 5671 Deinde
1525 5657 1539 5682 ,
1582 5619 1815 5685 acceptis
1841 5620 1911 5673 ab
1937 5621 2017 5675 eis

429 5696 616 5753 libellis
646 5715 825 5757 coram
856 5701 1110 5771 Ecclesia,
1146 5705 1437 5776 ingreditur
1463 5706 1530 5762 ad
1557 5709 1898 5780 Augustalem
1922 5753 1936 5778 ,
1961 5722 2015 5767 ct

1657 261 1968 322 P.\LLADll
2012 259 2350 316 ΒΗΛ-00υὸ

3601 245 3685 297 ριν

2081 385 2265 431 contra
2296 376 2427 430 istos
2445 373 2735 444 supplicem
2769 371 3001 425 libellum
3026 368 3164 438 apud
3189 382 3312 423 eum
3337 367 3550 423 nomine
3576 382 3677 418 sou

2082 466 2302 537 deponit
2339 467 2452 536 ipse
2471 506 2487 532 ,
2511 464 2774 536 {Egyptiae
2803 464 3097 518 diuaeeseos
3124 459 3380 530 pontifex,
3407 457 3679 527 sdjunctis

2084 558 2232 613 falsm
2255 558 2608 613 accusationis
2643 557 2834 612 libellis
2858 598 2872 623 ,
2915 555 3154 624 petitque
3180 562 3236 608 ut
3265 552 3482 607 militari
3512 567 3677 606 manu

2085 651 2421 723 expellantur
2452 651 2485 704 ii
2515 650 2759 704 homines
2784 663 2853 703 ex
2884 647 3129 701 universa
3159 643 3413 716 Egypto.
3443 644 3682 713 Accepto

2088 746 2245 816 igitur
2272 745 2323 799 in
2353 744 2586 814 speciem
2620 743 2786 796 milite
2810 755 2921 795 una
2942 755 3062 794 cunt
3092 735 3685 802 mandato,-scelcrato-

2087 852 2205 891 rum
2228 834 2617 889 multitudinem
2639 841 2948 902 congregat,
2968 830 3057 900 qui
3079 830 3221 885 eirea
3251 836 3543 898 potestates
3562 842 3684 881 ver—

2091 937 2277 983 santur
2301 927 2366 982 ad
2394 928 2569 981 omnia
2604 928 2804 997 parati;
2834 935 2890 980 et
2916 931 3138 996 repente
3165 923 3491 978 monasteria
3522 931 3691 977 noctu

2094 1020 2314 1086 invadit,
2347 1035 2468 1074 cum
2495 1019 2641 1087 prius
2672 1032 2887 1088 pueros,
2915 1017 3004 1087 qui
3036 1030 3217 1071 secum
3245 1022 3418 1080 erant,
3444 1014 3573 1067 vino
3600 1013 3687 1067 in-

2093 1112 2431 1182 gurgitassct.
2474 1110 2541 1164 Et
2569 1110 2797 1179 primum
2827 1107 3041 1178 quidem
3070 1107 3279 1161 illorum
3311 1104 3528 1159 fratrem
3558 1104 3691 1158 Dio-

2097 1218 2331 1267 scoruzu,
2364 1210 2604 1256 sanctum
2632 1202 2963 1271 episcopum,
2997 1200 3084 1270 qui
3115 1207 3231 1253 erat
3252 1211 3317 1252 ex
3345 1197 3649 1251 illo-monte
3672 1237 3688 1263 ,

2095 1292 2243 1363 jubet
2266 1292 2457 1347 throno
2478 1292 2619 1362 ejici,
2650 1301 2873 1346 tractum
2894 1291 3113 1345 ascrvis
3129 1288 3497 1358 Aﬂthiopibus,
3520 1288 3695 1358 iisth

2098 1384 2323 1437 fortasse
2363 1383 2598 1437 nundutn
2637 1382 2954 1453 baptizatis;
2987 1381 3087 1437 sibi
3128 1380 3404 1435 vindicans
3440 1382 3558 1449 ejus
3599 1394 3695 1449 pa-

2101 1477 2341 1544 rmciam,
2372 1492 2530 1546 quam
2561 1491 2587 1528 a
2618 1474 2816 1530 Christi
2843 1474 3069 1529 adventu
3104 1474 3332 1529 habebat
3356 1473 3542 1526 civitas
3570 1472 3696 1526 Dio—
3786 1468 3797 1513 ‘-

2103 1571 2261 1625 scori.
2294 1568 2421 1623 lude
2451 1567 2717 1638 pra-datur
2744 1576 2979 1622 montem
3000 1608 3015 1633 ,
3056 1566 3443 1621 monachorum
3487 1564 3697 1620 reculas

2100 1660 2401 1731 junioribus
2444 1660 2676 1730 prmdam
2714 1659 2987 1714 addicens.
3035 1657 3291 1727 Expilatis
3331 1655 3571 1721 cellulis,
3615 1655 3698 1709 in-

2106 1752 2267 1821 quirit
2299 1762 2406 1806 tres
2438 1752 2553 1806 illos
2584 1766 2718 1821 quos
2748 1751 2799 1805 in
2830 1758 3046 1819 puteum
3075 1748 3420 1811 demiserant,
3453 1747 3698 1817 imposita

2108 1845 2184 1899 ori
2232 1845 2375 1913 putei
2424 1854 2649 1899 storca:
2690 1859 2811 1898 cum
2857 1852 3036 1897 autem
3081 1857 3177 1897 eos
3216 1855 3321 1896 non
3364 1841 3697 1907 invenisset,

2108 1950 2293 1990 eorum
2324 1935 2543 1990 cellulas
2568 1934 2855 1989 sarmentis
2887 1933 3122 1989 incendit
3143 1975 3157 1999 ,
3183 1932 3476 1987 combustis
3504 1947 3608 1987 una
3633 1932 3703 1985 li-

2110 2025 2221 2080 bris
2246 2026 2492 2081 omnibus
2506 2027 2706 2080 veteris
2730 2040 2792 2080 ac
2813 2027 2935 2079 novi
2953 2022 3303 2088 Testautenti,
3320 2023 3541 2092 aliisque
3563 2022 3707 2091 opti-

2112 2121 2214 2175 mis
2243 2119 2511 2175 codicibus
2532 2163 2545 2185 ,
2579 2127 2633 2174 et
2659 2134 2824 2189 puero
2846 2134 2952 2172 uno
2977 2161 2991 2185 ,
3024 2119 3162 2172 sicut
3199 2117 3395 2171 oculati
3428 2125 3594 2173 testes
3618 2115 3705 2172 di-

2113 2214 2260 2279 xere,
2291 2222 2344 2268 et
2367 2228 2515 2268 sacra
2546 2211 2900 2267 Eucharistia.
2931 2212 3060 2266 Cum
3089 2220 3266 2265 autem
3300 2211 3560 2281 impotens
3588 2212 3707 2280 ejus

2115 2304 2189 2359 ira
2214 2304 2479 2375 paululum
2503 2303 2878 2369 defcrbuisset,
2903 2303 3272 2358 Alexandriam
3300 2304 3509 2371 repetit,
3531 2303 3707 2357 locum

2116 2396 2237 2467 fuge
2263 2397 2395 2451 dans
2425 2398 2620 2451 sanctis
2651 2397 2756 2451 illis
2778 2396 2939 2451 viris:
2962 2396 3049 2466 qui
3083 2398 3307 2465 sumptis
3336 2397 3518 2450 statim
3536 2395 3717 2451 meloo‘

2119 2490 2185 2542 tis
2230 2490 2342 2543 suis
2373 2490 2425 2543 in
2466 2489 2804 2544 Pala‘stinam
2856 2488 3115 2558 profecti,
3161 2487 3356 2542 zElZam
3398 2488 3706 2543 adventant.

2117 2579 2257 2634 Cum
2283 2581 2346 2635 iis
2376 2581 2577 2652 egressi
2608 2588 2751 2646 sunt,
2796 2590 2989 2650 prmtcr
3018 2580 3358 2650 presbyteros
3384 2590 3437 2634 et
3457 2580 3710 2637 diaconos

2119 2674 2259 2728 illius
2287 2676 2481 2728 montis
2506 2715 2519 2738 ,
2554 2674 2774 2729 trecenti
2805 2674 3127 2743 Optimorunt
3158 2673 3543 2727 monachorum
3576 2691 3591 2727 :
3618 2673 3711 2728 alii

2121 2779 2247 2819 vero
2277 2779 2372 2833 per
2400 2764 2607 2819 diversa
2637 2765 2750 2819 loca
2778 2764 3004 2834 diSpersi
3034 2773 3177 2818 sunt.
3211 2763 3490 2819 Secessum
3524 2780 3711 2819 eorum

2120 2872 2226 2909 non
2257 2856 2435 2912 ferens
2459 2856 2657 2926 obliqui
2686 2871 2874 2911 cursus
2901 2857 3140 2922 coluber,
3174 2872 3363 2911 rursus
3391 2865 3574 2912 contra
3616 2871 3715 2913 eos

2120 2941 2472 3018 Theophilum
2504 2949 2726 3003 suscitat
2755 2967 2769 3002 :
2797 2949 2883 3019 qui
2913 2948 2987 3003 ira
3015 2964 3305 3004 succensus
3331 2951 3510 3004 literas
3530 2959 3717 3006 exarat

2120 3037 2187 3095 ad
2229 3040 2508 3111 episc0pos
2553 3039 2893 3095 Palaestinae:
2931 3056 3033 3096 non
3076 3042 3395 3113 oportebat,
3428 3043 3670 3113 inquiens
3694 3085 3711 3110 ,

2123 3149 2217 3190 vos
2243 3143 2440 3206 praeter
2469 3136 2796 3190 voluntatem
2838 3150 3011 3189 meam
3040 3134 3090 3189 in
3123 3136 3363 3191 civitates
3389 3144 3593 3190 vestras
3615 3135 3715 3192 hos

2122 3228 2393 3297 recipere;
2424 3226 2518 3281 sed
2547 3226 2998 3297 quoniam'igu'ari
3031 3225 3081 3280 id
3112 3225 3312 3281 fecistis
3338 3269 3353 3294 ,
3383 3227 3533 3281 vobis
3560 3227 3716 3297 igno-

2122 3334 2235 3374 sco.
2266 3319 2320 3373 In
2351 3327 2624 3387 posterum
2657 3314 2816 3388 igitur
2841 3326 3044 3384 cavete,
3076 3333 3141 3371 ne
3180 3318 3300 3371 illus
3330 3325 3421 3372 aut
3451 3321 3500 3372 in
3534 3319 3707 3373 cccle«

2122 3409 2392 3465 siasticum
2420 3418 2513 3464 aut
2539 3411 2589 3463 in
2619 3410 2878 3480 privatum
2908 3410 3136 3480 aliquem
3170 3411 3345 3465 locmn
3371 3410 3667 3468 admittatis
3701 3429 3714 3467 :

2122 3502 2281 3558 deum
2307 3518 2426 3557 esse
2453 3517 2511 3556 sc
2538 3518 2643 3555 non
2671 3501 2853 3557 dicens
2884 3510 3089 3556 tantum
3110 3544 3124 3565 ,
3162 3502 3254 3556 sed
3286 3504 3442 3557 etiam
3473 3519 3581 3572 pra:
3612 3503 3716 3557 imo

2125 3582 2334 3651 modica
2374 3594 2677 3665 arrogantia
2718 3594 3032 3666 imaginaus.
3075 3594 3152 3650 llli
3192 3597 3358 3650 nmlta
3396 3600 3717 3654 necessitate

2123 3672 2248 3754 acti,
2281 3702 2401 3741 eum
2437 3687 2487 3740 in
2514 3686 2616 3740 alia
2648 3687 2861 3741 ex‘aliis
2886 3688 2999 3741 loca
3045 3687 3377 3757 migrarent,
3410 3689 3622 3743 tandem
3660 3694 3714 3743 itt

2122 3764 2444 3833 Comitatum
2488 3779 2747 3846 veniunt,
2790 3778 2877 3832 ubi
2906 3778 3085 3833 divina
3126 3794 3285 3833 manu
3316 3778 3379 3833 ad
3412 3794 3594 3834 curam
3625 3797 3717 3850 po-

2127 3858 2348 3925 tentium
2381 3869 2639 3941 agendam
2665 3869 2898 3925 Joannes
2936 3871 3228 3925 collocatus
3255 3880 3368 3925 erat
3394 3873 3714 3943 episcopus;

2124 3948 2284 4036 atque
2321 3964 2388 4020 ad
2418 3959 2533 4035 ejus
2569 3980 2741 4036 genua
2784 3953 3090 4035 provoluti,
3120 3965 3345 4018 orabant
3383 3956 3721 4021 Succurrerct

2124 4041 2403 4110 animabus
2422 4054 2742 4109 calumniam
2773 4045 2941 4123 passis
2962 4094 2976 4119 ,
3002 4062 3055 4109 et
3083 4053 3375 4109 devastatis
3400 4055 3466 4109 ab
3497 4055 3560 4109 iis
3581 4099 3596 4123 ,
3626 4057 3719 4126 qui

2126 4138 2177 4200 id
2208 4145 2380 4216 potius
2400 4131 2900 4216 quambenefaccre
2927 4140 3349 4200 consuevissent.
3378 4140 3720 4202 Stetit’Joan-

2126 4226 2222 4293 nes
2253 4253 2265 4290 :
2297 4246 2454 4306 atque
2481 4245 2537 4290 ut
2563 4226 2695 4290 vidit
2713 4235 3090 4305 quinquaginta
3119 4232 3407 4290 electorum
3440 4234 3717 4291 hominum

2126 4328 2395 4393 canitiem,
2428 4328 2596 4381 sacris
2623 4318 2893 4382 laboribus
2924 4322 3143 4382 tinctam
3172 4336 3225 4382 et
3253 4337 3520 4395 ornatam,
3556 4329 3718 4384 veluti

2125 4419 2345 4491 Joseph,
2380 4419 2596 4473 fraterni
2624 4412 2823 4473 amoris
2855 4412 2963 4473 acri
2989 4411 3172 4473 dolore
3202 4419 3526 4486 stimulatus,
3558 4422 3609 4474 in
3644 4421 3722 4475 la-

2126 4525 2337 4583 crymas
2365 4510 2563 4565 effusus
2592 4518 2694 4576 est,
2727 4500 3079 4578 percunctans
3104 4525 3169 4564 ex
3195 4511 3295 4576 eis,
3319 4511 3564 4581 quisnam
3591 4528 3720 4583 aper

2126 4605 2192 4659 de
2230 4604 2359 4659 silva
2394 4613 2486 4658 aut
2528 4603 2811 4674 singtjaris
2845 4602 2988 4657 ferus
3018 4604 3139 4658 huic
3178 4602 3596 4660 ftecundissitnre
3625 4607 3721 4662 viti

2127 4697 2417 4751 invidisset.
2453 4693 2531 4749 Illi
2562 4704 2740 4749 autem
2773 4712 2785 4748 :
2817 4682 2958 4749 Sede
2980 4736 2994 4761 ,
3018 4687 3196 4761 Pater,
3226 4703 3280 4748 et
3319 4694 3474 4749 nobis
3502 4695 3719 4752 medere

2127 4806 2232 4844 non
2263 4789 2603 4845 mediocriter
2628 4787 2921 4843 vulneratis
2946 4802 2976 4841 a
3007 4786 3288 4856 Theophiii
3320 4802 3471 4857 papze
3504 4788 3680 4843 furore
3703 4833 3717 4853 ,

2126 4883 2168 4936 si
2199 4891 2372 4936 tamen
2403 4866 2917 4950 poterisvulnerum
2947 4887 3252 4932 nostrorum
3283 4886 3521 4935 tumores
3548 4879 3613 4933 ad
3647 4880 3721 4933 ti-

2125 4973 2376 5027 catriccm
2404 4955 2714 5042 perducere.
2737 4968 2871 5023 Nam
2888 4968 2931 5023 si
2952 4956 3006 5023 et
3028 4969 3141 5039 ipse
3163 4984 3263 5025 nos
3280 4968 3521 5039 negligis,
3541 4967 3719 5024 Theo-

2127 5065 2253 5135 phili
2271 5080 2365 5119 seu
2382 5063 2677 5119 reverentia
2698 5076 2790 5116 seu
2811 5062 3003 5117 timore
3022 5060 3233 5125 ductus,
3250 5070 3309 5115 ιιι
3335 5060 3423 5114 alii
3451 5060 3713 5131 episcopi,

2126 5158 2256 5214 nihil
2277 5158 2386 5228 jam
2415 5156 2604 5228 reliqui
2643 5154 2799 5232 nobis
2825 5154 2885 5209 lit
2925 5169 2953 5207 a
2981 5153 3132 5208 vobis
3154 5194 3169 5222 ,
3202 5135 3304 5208 nisi
3345 5163 3402 5207 ut
3427 5138 3715 5223 Imperato-

2125 5265 2240 5306 rem
2270 5247 2525 5304 adeamus
2548 5288 2562 5313 ,
2593 5254 2651 5302 et
2689 5260 2852 5317 prava
2890 5244 3034 5299 illius
3073 5242 3208 5322 facta
3257 5245 3309 5298 in
3337 5244 3717 5300 contumeliam

2127 5342 2757 5412 Ecclesizeexponamus.
2782 5338 2836 5395 Si
2864 5352 2993 5409 ergo
3016 5338 3394 5394 ecclesiastica:
3419 5337 3513 5393 tibi
3536 5336 3715 5393 existi-

2124 5434 2375 5507 mationis
2400 5448 2529 5490 cura
2560 5439 2677 5507 est,
2709 5431 2866 5486 nobis
2887 5445 3084 5496 annue,
3116 5430 3322 5501 ipsique
3348 5430 3634 5510 persuade,
3660 5438 3718 5485 ut

2126 5527 2280 5582 nobis
2310 5536 2552 5583 nostrum
2583 5525 2638 5580 in
2668 5522 2904 5595 Egypto
2932 5522 3262 5578 domicilimn
3304 5523 3599 5588 concedat,
3625 5522 3717 5594 qui

2123 5618 2256 5674 nihil
2282 5618 2638 5689 peccavimus,
2664 5629 2840 5685 neque
2863 5625 3047 5671 contra
3079 5615 3248 5684 legem
3273 5613 3593 5681 Servatoris,
3624 5631 3719 5670 uc-

2122 5728 2224 5780 quc
2252 5711 2303 5764 in
2335 5724 2455 5764 eum
2484 5708 2678 5779 ipsum.
2710 5706 2789 5761 Ad
2819 5705 2932 5761 haec
2960 5704 3195 5759 Joannes
3226 5719 3446 5776 sperans
3474 5703 3629 5761 facile
3655 5720 3716 5761 se
