4038 6154
281 397 353 452 25
1221 395 1307 449 DE
1352 396 1506 451 VITA
1548 398 1604 451 S.
1645 397 1920 453 JOANNIS
1959 399 2450 459 CllRYSOSTOMl.
3477 419 3547 477 25

282 504 564 575 Theophili
593 504 847 561 adversus
871 520 962 561 eos
991 504 1168 560 odium
1197 506 1610 574 demutaturum,
1643 509 1862 563 libenter

285 598 553 668 negotium
582 596 800 667 arripit,
833 596 1126 651 admonens
1151 610 1245 651 eos
1271 607 1328 650 ut
1365 596 1502 666 apud
1530 612 1714 653 omnes
1741 599 1863 653 reli—

283 693 433 761 gioso
470 690 681 745 silentio
709 688 969 744 adventus
1006 687 1087 744 sui
1127 703 1341 743 causam
1390 698 1659 756 tegerent,
1692 689 1863 745 donec

283 785 412 853 ipse,
447 783 637 851 inquit,
668 781 868 835 misero
890 781 956 836 ad
989 779 1208 835 fratrem
1240 779 1613 850 Theophilum.
1647 779 1713 834 Et
1736 780 1861 836 dato

275 875 351 929 cis
377 875 427 927 in
455 874 685 928 ecclesia
705 873 844 928 dicta
871 872 1147 928 Anastasis
1179 872 1406 942 hospitio
1429 872 1494 927 ad
1521 874 1861 944 requiescen-

274 965 419 1030 dum,
446 965 562 1033 ipse
584 963 799 1034 quidem
826 979 931 1017 non
958 963 1325 1033 suppeditabat
1349 978 1467 1034 qua:
1486 963 1553 1018 ad
1575 980 1728 1019 usum
1755 965 1858 1020 illis

274 1054 577 1109 necessaria
602 1062 791 1118 erant;
819 1053 912 1108 sed
942 1053 1204 1123 religiosae
1230 1054 1481 1108 mulieres
1507 1056 1701 1109 victum
1731 1054 1858 1124 ipsis

272 1144 771 1209 subministrabant,
803 1153 857 1199 et
883 1144 981 1213 ipsi
1007 1158 1218 1214 quoque
1246 1144 1483 1198 nonnihil
1511 1145 1856 1200 conferebam

270 1252 335 1289 ex
362 1250 524 1305 opere
561 1250 837 1290 manuum.
876 1236 1178 1304 Contigerat
1215 1243 1393 1289 autem
1424 1235 1522 1289 sub
1557 1236 1608 1289 id
1649 1244 1855 1304 tempus

271 1338 323 1380 ut
352 1327 534 1381 clerici
559 1326 776 1397 quidam
793 1326 1073 1396 Theophili
1101 1327 1555 1395 Constantinopoli
1580 1327 1847 1394 adessent,

269 1420 678 1488 magistratuum
724 1418 815 1489 qui
868 1417 1111 1489 regendae
1162 1417 1395 1490 [Egypto
1442 1419 1853 1489 designabantur

271 1511 633 1579 promotiones
658 1518 1072 1579 pranmercantes
1094 1550 1110 1576 ,
1143 1518 1196 1563 et
1225 1508 1651 1563 benevolentiam
1677 1509 1850 1563 Theo-

271 1603 416 1670 philo
435 1600 780 1656 conciliantes
799 1601 854 1655 in
878 1600 1164 1668 perniciem
1192 1615 1375 1655 eorum
1401 1601 1488 1670 qui
1522 1601 1594 1654 illi
1631 1601 1848 1655 minime

270 1692 566 1761 placebant.
591 1691 700 1746 llos
725 1691 882 1761 igitur
901 1691 967 1745 ad
987 1706 1045 1745 se
1063 1691 1261 1746 accitos
1282 1691 1514 1747 Joannes
1543 1700 1847 1760 percuncta-

266 1789 447 1849 batur,
468 1798 535 1836 au
563 1792 852 1851 praesentes
879 1782 1167 1837 monachos
1194 1782 1487 1839 novissent.
1522 1783 1595 1840 Illi
1622 1783 1846 1839 candide

262 1873 331 1927 de
363 1873 494 1942 ipsis
514 1872 874 1928 teStimouium
900 1873 1237 1944 pcrhibuere,
1259 1874 1493 1928 dicentes
1516 1873 1705 1929 Joanni
1738 1892 1749 1929 :
1778 1875 1844 1929 Et

260 1963 512 2017 novimus
534 1977 661 2028 eos,
696 1970 751 2017 ct
792 1962 895 2017 vim
944 1978 1185 2033 magnam
1231 1965 1467 2033 perpessi
1509 1975 1631 2019 sunt
1664 1983 1675 2019 :
1707 1982 1769 2019 ac
1798 1967 1842 2020 si

258 2053 470 2121 placet,
497 2051 713 2107 domine
731 2093 745 2118 ,
775 2053 1066 2122 spiritalem
1086 2053 1165 2108 eis
1188 2053 1617 2109 communionem
1650 2056 1843 2124 imper.-

259 2146 364 2198 tire
392 2143 503 2198 noli
526 2183 543 2210 ,
575 2159 643 2198 ne
665 2142 902 2198 oﬂ'endas
931 2142 1279 2212 Theophilum
1310 2161 1322 2197 :
1355 2145 1406 2199 in
1450 2147 1654 2203 caeteris
1695 2146 1843 2202 beni—

254 2250 426 2304 gnum
474 2245 525 2290 te
570 2235 792 2305 praebe;
841 2236 942 2291 hoc
981 2235 1122 2290 enim
1166 2243 1218 2290 te
1248 2243 1303 2290 ut
1329 2236 1634 2306 episcopum
1664 2236 1836 2292 decet.

251 2330 349 2383 Sic
378 2328 607 2384 Joannes
636 2342 730 2383 eos
755 2328 966 2398 quidem
993 2327 1059 2383 ad
1084 2328 1509 2384 communionem
1542 2344 1644 2382 non
1673 2328 1840 2382 admi—

250 2425 325 2477 sit
365 2441 378 2474 :
413 2421 708 2492 TheOphilo
736 2429 913 2476 autem
934 2421 1118 2476 scribit
1143 2461 1158 2486 ,
1187 2436 1344 2476 orans
1375 2436 1388 2474 :
1421 2421 1476 2474 ln
1507 2421 1606 2475 hoc
1634 2420 1759 2475 mihi
1785 2432 1840 2475 ut

252 2513 371 2568 ﬁlio
397 2522 450 2569 et
481 2513 626 2568 fratri
657 2512 987 2583 gratificare,
1020 2513 1181 2568 hosce
1207 2513 1350 2568 viros
1375 2513 1727 2582 amplectitur.
1760 2514 1837 2568 Ad

249 2606 375 2659 hzec
416 2604 784 2675 The0philus,
828 2606 1049 2675 gratiam
1094 2604 1308 2675 quidem
1356 2606 1564 2674 negavit
1603 2605 1833 2670 Joanni;

248 2697 420 2752 mittit
449 2704 625 2750 autem
654 2695 911 2766 quosdam
938 2695 1002 2750 ad
1032 2695 1388 2751 contentiosas
1423 2696 1702 2750 verborum
1744 2711 1838 2765 pu-

250 2801 391 2858 gnas
419 2786 759 2848 exercitatos,
790 2786 857 2840 de
885 2785 1077 2855 quibus
1105 2784 1348 2854 superius
1374 2784 1622 2851 diximus,
1651 2796 1703 2839 et
1724 2801 1837 2839 mo—

248 2886 368 2940 net,
399 2874 528 2929 dent
554 2874 630 2929 illi
656 2874 865 2930 libellos
886 2889 1125 2944 precum,
1154 2889 1288 2945 quos
1318 2890 1462 2929 more
1488 2891 1585 2930 suo
1616 2877 1726 2945 ipse
1756 2876 1837 2931 dir-

247 2975 499 3020 ctaverat
529 2984 542 3019 :
571 2966 658 3036 qui
701 2965 1044 3021 continebant
1080 2974 1321 3035 apertum
1361 2965 1572 3035 quidem
1618 2967 1836 3022 menda:-

246 3058 435 3121 cium,
489 3056 740 3111 amictum
786 3071 913 3112 vero
952 3056 1100 3111 varia
1149 3064 1203 3110 et
1252 3056 1526 3125 multiplici
1574 3057 1833 3112 calumnia

245 3163 442 3202 eorum
475 3163 593 3217 quae
617 3157 741 3203 sunt
770 3148 1046 3203 invisibilia
1065 3190 1080 3216 ,
1108 3164 1229 3203 cum
1271 3149 1403 3203 nihil
1450 3149 1668 3205 haberet
1694 3149 1835 3205 unde

244 3254 440 3294 eorum
485 3239 647 3292 vitam
695 3239 1151 3304 calumniarctur;
1191 3238 1418 3309 facitque
1460 3248 1519 3294 ut
1559 3240 1610 3293 in
1642 3239 1834 3308 palatio

243 3330 403 3400 quasi
433 3330 847 3401 przestigiatores
867 3331 1028 3401 digito
1046 3338 1489 3386 monstrarentur.
1514 3331 1750 3386 Monachi
1777 3342 1834 3386 ut

242 3424 503 3477 viderunt
530 3438 590 3478 se
615 3438 720 3478 non
750 3423 924 3478 solum
952 3423 1305 3494 Theophilum
1333 3437 1437 3477 non
1469 3423 1708 3492 placare,
1738 3423 1831 3480 sed

242 3515 297 3567 in
323 3514 587 3583 majorem
610 3513 742 3568 iram
765 3514 1058 3583 impellere,
1078 3513 1204 3568 dum
1232 3513 1426 3568 multos
1450 3515 1832 3571 intercessores

245 3607 314 3661 ad
361 3606 512 3660 illum
560 3606 813 3670 mittunt,
855 3606 1072 3676 insuper
1114 3614 1325 3676 paratos
1358 3621 1417 3661 se
1442 3621 1560 3661 esse
1593 3606 1830 3663 dicentes

245 3699 438 3753 falsam
471 3712 686 3752 onmem
726 3696 1019 3752 doctrinam
1046 3697 1491 3753 anathematizare
1521 3715 1533 3751 :
1566 3700 1830 3768 supplices

245 3790 460 3844 [bellas
485 3788 679 3844 Joanni
705 3789 934 3844 offerunt
956 3831 970 3854 ,
998 3789 1208 3845 diversa
1229 3790 1505 3860 Theophili
1538 3793 1830 3863 tyrannidis

244 3894 442 3950 genera
488 3879 805 3934 denotantes
829 3921 843 3944 ,
890 3879 1153 3949 adjunctis
1194 3880 1506 3949 quibusdam
1537 3883 1784 3952 capitulis
1808 3925 1823 3949 ,

241 3986 364 4039 qum
397 3967 561 4038 pudet
584 3983 762 4023 coram
789 3969 1204 4038 simplicioribus
1227 3970 1425 4036 dicere,
1456 3987 1524 4025 ne
1549 3986 1641 4026 eos
1660 3986 1689 4025 a
1714 3987 1831 4028 cre-

240 4060 423 4115 dendo
448 4059 770 4126 deterream,
801 4058 1030 4115 fortasse
1052 4060 1210 4114 etiam
1236 4061 1373 4130 apud
1402 4062 1744 4130 perfectiores
1769 4063 1831 4117 ἢ·-

239 4151 366 4206 dem
391 4165 500 4205 non
524 4151 856 4205 inventurus.
876 4151 1079 4206 Rursus
1099 4160 1152 4206 et
1169 4167 1260 4220 per
1278 4153 1511 4222 scipsum
1530 4161 1582 4206 et
1605 4167 1697 4222 per
1714 4153 1829 4207 illus

240 4242 531 4309 episcopos
576 4241 819 4295 hortatur
845 4255 939 4296 eos
975 4240 1241 4307 Joannes,
1277 4250 1333 4296 ut
1372 4242 1620 4297 desinant
1655 4242 1827 4311 ipsum

238 4344 503 4385 accusare
546 4330 615 4384 ob
660 4331 953 4385 molestiam
998 4346 1116 4399 qua:
1161 4346 1224 4385 ex
1274 4331 1576 4401 hujusmodi
1617 4333 1828 4402 jndiciis

241 4422 395 4476 nasci
435 4423 614 4477 solet:
646 4431 702 4477 et
744 4424 930 4479 scribit
958 4422 1253 4494 Tbeophilo
1283 4443 1295 4476 :
1330 4425 1405 4479 Eo
1445 4425 1827 4495 desperationis

244 4512 494 4568 homines
518 4512 778 4582 ejusmodi
807 4514 1073 4570 devenere
1095 4555 1110 4579 ,
1153 4523 1211 4569 ut
1245 4517 1442 4586 scripto
1477 4527 1530 4571 te
1555 4527 1824 4573 accusent.

241 4605 511 4659 Czeterum
540 4607 683 4675 quod
713 4605 805 4660 tibi
845 4606 1053 4662 videtur
1091 4609 1322 4663 rescribe
1354 4627 1367 4661 :
1402 4624 1505 4662 non
1553 4610 1693 4664 enim
1741 4625 1827 4665 me

242 4698 505 4764 audiunt,
543 4707 602 4751 ut
627 4713 659 4752 a
684 4698 950 4753 Comitatu
986 4698 1280 4773 discedant.
1307 4701 1387 4754 0b
1410 4701 1668 4769 ejusmodi
1698 4704 1828 4756 scri-

247 4798 333 4858 pta
364 4797 511 4844 totus
536 4788 615 4844 ira
646 4790 894 4846 incensus
918 4790 1263 4860 Theophilus,
1291 4792 1359 4847 ab
1386 4791 1621 4847 Ecclesia
1650 4793 1828 4848 exclu-

244 4878 327 4932 dit
353 4878 574 4935 fratrem
602 4882 983 4936 monachorum
1022 4883 1335 4937 Dioscorum
1369 4883 1674 4952 episcopum
1695 4926 1710 4951 ,
1737 4887 1826 4955 qui

241 4968 301 5021 in
328 4968 562 5024 Ecclesia
588 4979 839 5026 senuerat
866 4989 879 5025 :
908 4979 963 5026 et
988 4971 1056 5026 ad
1079 4970 1336 5027 Joannem
1365 4973 1670 5043 episcopum
1696 4976 1828 5030 scri-

240 5060 364 5115 bit:
398 5061 643 5116 Arbitror
675 5062 923 5134 equidem
954 5079 1058 5119 non
1087 5064 1331 5134 ignorare
1367 5072 1418 5120 te
1442 5079 1705 5121 canonum
1737 5067 1826 5122 Ni-

241 5166 521 5207 czenorum
549 5151 845 5220 decretum,
866 5170 971 5225 quo
1000 5154 1254 5222 sancitur,
1281 5171 1348 5210 ne
1372 5157 1652 5226 episcopus
1678 5158 1821 5213 litem

240 5248 395 5295 extra
428 5240 561 5298 fines
586 5257 714 5298 suos
734 5244 937 5314 judicet
962 5262 975 5297 :
1003 5247 1048 5299 si
1079 5254 1255 5300 autem
1286 5245 1496 5316 ignoras
1517 5287 1532 5313 ,
1564 5247 1745 5314 disce,
1774 5257 1827 5303 et

238 5346 270 5385 a
316 5332 507 5387 libellis
540 5333 798 5389 adversus
838 5350 924 5389 me
959 5335 1184 5389 abstine.
1220 5334 1355 5388 Nam
1395 5335 1440 5388 si
1483 5334 1698 5404 iudicari
1740 5353 1826 5392 me

240 5429 559 5490 oporteret,
600 5423 670 5478 ab
707 5422 974 5495 ngyptiis
1013 5424 1277 5494 episc0pis
1314 5424 1630 5493 judicandus
1666 5442 1782 5482 sum
1806 5468 1823 5496 ,

240 5525 348 5566 non
374 5526 407 5566 a
435 5523 488 5567 te
515 5513 606 5583 qui
632 5514 967 5585 septuaginta
987 5515 1219 5584 quinque
1242 5514 1447 5569 dierum
1478 5514 1667 5570 itinere
1705 5517 1827 5572 hinc

239 5602 386 5658 abes.

313 5695 438 5751 Car.
486 5704 602 5751 vm.‘
629 5727 701 5736 —
724 5698 954 5767 Accepta
985 5698 1222 5769 lectaque
1253 5714 1314 5754 ea
1341 5699 1561 5771 epistola
1592 5698 1824 5753 Joannes

240 5798 356 5838 eam
382 5787 600 5856 quidem
624 5802 790 5857 penes
810 5802 869 5843 se
916 5790 1161 5856 servavit,
1195 5790 1465 5845 multarltis
1494 5799 1667 5845 autem
1695 5805 1821 5859 par-

1976 510 2041 563 tis
2071 512 2344 584 utriusque
2373 531 2433 570 ea
2475 516 2607 572 dixit
2634 534 2750 588 quae
2789 521 2855 575 ad
2904 536 3085 591 pacem
3131 537 3303 584 erant.
3344 530 3542 598 Quibus

1970 600 2181 666 auditis,
2216 616 2526 675 exasperata
2562 619 2646 664 est
2670 619 2893 681 utraque
2934 629 3075 682 pars,
3134 617 3221 671 illa
3246 621 3457 687 quidem
3483 634 3539 675 ut

1971 692 2247 761 tyrannide
2273 710 2547 764 oppressa,
2594 698 2759 754 altera
2799 715 2928 756 vero
2967 705 3106 773 quod
3137 707 3337 777 absque
3360 710 3539 766 Theu-

1971 784 2114 851 philo
2142 782 2446 841 facultatem
2477 802 2581 842 non
2614 790 2832 846 haberet
2888 793 3128 850 ineunda:
3179 799 3341 867 pacis,
3388 803 3537 871 cujus

1961 872 2114 942 jussu
2141 874 2362 937 dederat
2400 878 2608 933 libellos
2636 881 2915 936 calumniis
2959 886 3162 955 plenos.
3198 889 3285 944 Sic
3306 890 3537 948 Joannes

1966 962 2089 1020 dato
2105 966 2182 1020 eis
2208 981 2484 1037 responso,
2505 984 2598 1025 eos
2623 972 2689 1025 ab
2707 986 2800 1027 sua
2818 989 2943 1029 cura
2969 984 3024 1030 et
3042 980 3357 1049 cogitatione
3378 983 3533 1037 dimi-

1963 1057 2050 1110 sit.
2082 1058 2336 1114 Postltmc
2362 1062 2628 1129 monachi,
2651 1067 2738 1133 qui
2766 1065 2955 1134 injuria
2984 1068 3155 1123 all‘ecti
3185 1071 3411 1140 fuerant,
3440 1090 3526 1129 τοι

1962 1149 2231 1215 cedentes,
2279 1152 2486 1208 libellos
2513 1155 2741 1224 grandes
2767 1166 2818 1210 et
2852 1158 3108 1215 verbosos
3161 1176 3485 1233 componunt
3515 1184 3527 1218 :

1959 1241 2249 1295 monachos
2273 1243 2488 1312 quidem
2540 1253 2805 1315 tamquam
2833 1247 3244 1305 calumniatores
3271 1268 3517 1308 accusan-

1961 1337 2060 1395 tes,
2094 1330 2348 1387 adversus
2374 1333 2724 1404 Theophilum
2753 1352 2900 1404 vero,
2933 1353 2998 1394 nc
3022 1340 3146 1409 quid
3164 1341 3304 1396 aliud
3332 1342 3523 1408 dicam,

1957 1434 2017 1473 ea
2046 1419 2394 1478 inscribentcs
2406 1436 2540 1493 \qna:
2569 1435 2722 1480 erant
2739 1427 3038 1497 Theophili,
3061 1439 3115 1486 et
3139 1440 3267 1501 quot
3284 1442 3337 1488 cl
3357 1450 3525 1502 quan-

1958 1520 2008 1563 ta
2028 1512 2252 1579 quisque
2284 1524 2522 1569 noverat.
2556 1516 2792 1587 Cumque
2843 1519 3050 1574 libellos
3075 1522 3389 1577 obtulissent
3411 1525 3523 1579 Au-

1954 1603 2141 1671 gustis,
2166 1602 2560 1672 lmperatricem
2588 1606 2784 1662 adeunt
2810 1609 2861 1662 in
2883 1609 3132 1682 Martyrio
3169 1614 3337 1668 sancti
3360 1613 3523 1669 Joan-

1955 1695 2056 1757 nis,
2087 1705 2364 1765 orantque,
2388 1708 2443 1751 ut
2465 1698 2527 1752 ad
2538 1701 2890 1756 rersariorum
2907 1703 3118 1771 quidem
3142 1704 3520 1759 monachorum

1958 1784 2170 1840 libellus
2221 1788 2361 1856 apud
2420 1788 2699 1857 prmfectos
2772 1794 3198 1859 cxaminaretur,
3252 1794 3523 1863 Theophi-

1956 1874 2037 1929 lus
2064 1890 2190 1930 vero
2222 1876 2303 1930 vel
2344 1878 2540 1932 invitus
2583 1879 2812 1945 adesset,
2854 1890 2906 1935 et
2949 1896 3130 1937 coram
3155 1883 3521 1952 Joannejudi-

1949 1974 2181 2021 caretur.
2208 1966 2455 2023 Admissa
2477 1978 2560 2024 est
2583 1970 2884 2038 postulatio,
2913 1988 3031 2041 qua:
3079 1974 3180 2029 hoc
3211 1989 3520 2044 responsum

1949 2054 2100 2110 tulit:
2126 2054 2193 2111 Ut
2224 2056 2548 2127 Theophilus
2580 2058 2765 2115 volens
2793 2060 2980 2116 nolens
3007 2062 3272 2119 exhibitas
3297 2080 3392 2134 per
3414 2066 3521 2121 Ma-

1944 2146 2191 2214 gistrum,
2221 2162 2399 2202 coram
2420 2148 2624 2205 Joanne
2643 2166 2858 2207 causam
2881 2152 3081 2209 diceret
3106 2172 3120 2220 ;
3154 2157 3399 2212 monachi
3418 2173 3514 2212 au-

1948 2243 2052 2290 tem
2085 2252 2148 2291 ex
2190 2239 2427 2308 partibus
2459 2240 2742 2311 Theophili
2768 2251 2824 2297 ut
2857 2242 2957 2297 sibi
2998 2254 3305 2300 constarent
3328 2247 3379 2300 in
3410 2247 3510 2313 his,

1945 2340 2169 2395 quorum
2194 2337 2405 2383 sanctos
2430 2344 2585 2385 senes
2633 2342 3031 2400 accusaverant,
3063 2336 3515 2392 autcaluinniato-

1946 2431 2061 2469 rum
2091 2431 2274 2485 pcenas
2299 2418 2556 2473 subirent.
2587 2420 2675 2475 Sic
2720 2421 2876 2492 igitur
2907 2423 3280 2478 Alexandriam
3326 2426 3517 2481 missus

1943 2517 2020 2561 cst
2053 2507 2329 2577 Elapbius,
2377 2511 2466 2579 qui
2492 2527 2632 2566 nunc
2672 2528 2736 2566 ex
2766 2513 3091 2583 principibus
3114 2526 3216 2579 est,
3250 2526 3306 2571 ut
3335 2517 3513 2573 Theo-

1945 2597 2144 2667 philum
2188 2600 2477 2656 adduceret
2505 2620 2517 2655 :
2547 2602 2749 2672 reliqua
2790 2605 3027 2672 responsi
3060 2606 3346 2675 imperialis
3376 2622 3513 2676 pra:-

1942 2689 2065 2744 fccti
2087 2692 2364 2760 exsequuti
2394 2701 2537 2746 sunt.
2560 2693 2692 2748 Cum
2731 2694 2998 2749 accusatio
3041 2695 3435 2751 examinaretur
3463 2707 3516 2751 et

1942 2783 1993 2836 in
2013 2783 2270 2838 incertum
2287 2784 2572 2850 desineret,
2599 2785 2741 2855 leges
2760 2786 2970 2855 quidem
3000 2789 3263 2843 instabant
3282 2788 3511 2858 gladium

1942 2873 2289 2939 renudantes;
2316 2875 2495 2928 miseri
2524 2888 2697 2931 autem
2722 2878 2796 2931 illi
2824 2890 3072 2932 eventum
3088 2880 3263 2946 veriti,
3295 2880 3505 2934 dilatio-

1941 2980 2062 3023 nem
2091 2974 2274 3033 pelunt
2297 2968 2544 3035 usquead
2571 2968 2848 3038 TheOphili
2877 2970 3180 3037 adventum,
3200 2973 3395 3042 quippe
3424 2972 3511 3041 qui

1941 3058 2085 3125 ipsos
2131 3059 2475 3113 subornasset
2529 3068 2583 3114 et
2615 3060 3028 3130 supplicationes
3075 3062 3397 3117 dictavisset.
3437 3061 3510 3115 lta

1939 3145 2192 3202 ofﬁciales
2216 3162 2309 3202 eos
2331 3147 2382 3200 in
2405 3162 2673 3203 carcerem
2702 3149 2989 3218 conjiciunt
3020 3166 3186 3220 usque
3216 3149 3282 3204 ad
3305 3151 3505 3205 adven-

1941 3247 2050 3291 tum
2080 3238 2382 3307 Theophili,
2403 3239 2642 3293 nolentes
2670 3239 2721 3292 in
2752 3240 2841 3292 tali
2867 3254 3024 3294 causa
3044 3240 3210 3295 vades
3239 3241 3503 3309 accipere.

1944 3327 2012 3380 Et
2038 3326 2224 3380 horum
2254 3325 2464 3396 quidem
2488 3327 2784 3380 moriuntur
2819 3328 3054 3381 nonnulli
3087 3328 3137 3381 in
3169 3328 3397 3382 vinculis
3416 3327 3505 3381 diu

1939 3417 2198 3472 demorati
2218 3418 2287 3472 ob
2322 3416 2577 3471 adventus
2610 3416 2886 3486 Theophili
2906 3417 3203 3473 tarditatem
3237 3436 3249 3473 :
3279 3418 3368 3471 alii
3384 3434 3510 3471 vero

1939 3517 2059 3577 post
2085 3506 2368 3561 adventum
2401 3506 2696 3577 Theophili,
2729 3507 2817 3576 qui
2863 3523 2975 3562 rem
3031 3507 3259 3576 pecunia.
3298 3506 3502 3562 facilem

1937 3598 2270 3665 reddiderat,
2291 3599 2343 3653 in
2367 3607 2630 3668 postrema
2661 3599 3087 3669 interrogatione,
3123 3608 3388 3668 tamquam
3412 3614 3504 3654 ca-

1938 3694 2301 3759 lumniatores,
2331 3693 2726 3747 Proconnesum
2748 3708 2777 3746 a
2801 3693 3070 3761 iudicibus
3112 3692 3327 3762 relegati
3361 3701 3501 3746 sunt.

1935 3783 2023 3838 Sic
2044 3782 2331 3839 adveniens
2359 3783 2683 3853 Theophilus
2710 3783 2872 3838 veluti
2897 3783 3195 3839 scaraba‘us
3218 3784 3344 3837 limo
3369 3800 3505 3838 otiu-

1934 3884 2048 3931 stus
2088 3876 2561 3946 pulcherrimarum
2602 3890 2915 3944 rerumquze
2945 3875 2996 3928 in
3040 3872 3273 3946 Egypto
3314 3884 3511 3930 suntet

1935 3967 1986 4019 in
2018 3966 2129 4035 ipsa
2158 3966 2299 4021 ludia
2325 3966 2694 4021 suavissimum
2727 3966 2946 4021 odorem
2993 3981 3089 4036 pro
3110 3965 3289 4021 faetida
3315 3966 3509 4021 invidia

1935 4073 2213 4128 spargens,
2241 4067 2390 4114 sexta
2421 4058 2571 4125 hora,
2601 4057 2783 4127 quinta
2810 4057 3015 4113 sabbati
3055 4056 3504 4124 ConstantinOpo-

1934 4150 2026 4203 lim
2052 4150 2214 4216 venit,
2244 4152 2418 4204 nautis
2461 4149 3059 4221 circumplaudentibus,
3088 4148 3336 4204 infamem
3367 4146 3508 4202 refe-

1933 4256 2056 4294 rens
2103 4240 2344 4308 gloriam,
2374 4240 2441 4295 de
2492 4257 2591 4311 qua
2650 4241 2815 4299 multo
2863 4249 2986 4297 ante
3015 4239 3154 4294 dixit
3189 4238 3507 4309 apostolus;

1939 4331 2166 4397 Quorum
2212 4331 2376 4400 gloria
2413 4332 2464 4383 in
2507 4333 2802 4401 confusione
2843 4333 3111 4403 ipsorum:
3151 4331 3371 4396 addens,
3407 4330 3506 4396 Qui

1935 4432 2129 4475 terrena
2181 4420 2678 4493 sapiunt(P/zilipp.
2730 4424 2783 4478 3.
2826 4422 2976 4491 19):
3028 4432 3082 4477 et
3128 4422 3501 4491 hospitalurin

1935 4514 2174 4569 tentoriis
2194 4513 2530 4582 injustorum,
2558 4512 2761 4583 fugiens
2803 4515 3083 4569 ecclesiam
3114 4515 3348 4568 :oblitus
3399 4517 3503 4568 Da-

1933 4605 2090 4660 vidici
2137 4604 2318 4659 illius:
2371 4604 2756 4675 Elegiabjectus
2796 4622 2901 4659 csse
2955 4608 3007 4659 in
3049 4605 3198 4658 domo
3255 4604 3346 4657 Dei
3389 4607 3505 4669 mei,

1933 4697 2092 4766 magis
2117 4711 2268 4765 quam
2291 4694 2514 4749 habitare
2538 4696 2590 4749 in
2617 4695 2950 4750 tabernaculis
2977 4706 3289 4765 peccatorum
3315 4696 3334 4767 (
3362 4695 3502 4750 Paul.

1932 4788 2060 4842 85.1
2081 4788 2096 4840 l
2122 4784 2141 4858 )
2166 4804 2181 4853 ;
2210 4787 2304 4842 sed
2316 4786 2382 4841 ab
2401 4786 2630 4841 ecclesia
2651 4801 2772 4841 eum
2802 4788 3016 4843 arcebat
3045 4801 3135 4841 sua
3154 4787 3501 4841 conscientia.

1933 4877 2303 4931 Commoratus
2332 4876 2487 4946 igitur
2508 4884 2616 4932 tres
2641 4880 2985 4947 septimanas,
3011 4891 3183 4946 neque
3201 4891 3322 4930 cum
3348 4875 3510 4932 Joan-

1933 4985 1999 5023 ne
2020 4969 2267 5038 episcopo
2293 4983 2611 5039 congressus
2636 4977 2739 5036 est,
2764 4978 2821 5023 ut
2840 4969 3014 5024 solent
3031 4968 3289 5038 episcopi,
3331 4984 3507 5038 neque

1932 5060 2148 5114 omnino
2175 5059 2401 5116 accessit
2425 5060 2490 5114 ad
2510 5061 2788 5117 ecclesiam
2823 5078 2837 5116 :
2866 5076 3050 5116 verum
3097 5061 3310 5116 assidue
3339 5061 3507 5116 inter-

1932 5149 2020 5205 diu
2058 5159 2112 5204 et
2134 5159 2294 5207 noctu
2324 5151 2678 5207 contendebat
2708 5166 2903 5206 novum
2928 5152 3106 5207 odium
3142 5151 3308 5208 veteri
3339 5166 3503 5207 accn-

1934 5242 2162 5309 mulans,
2194 5242 2529 5298 utJoaunem
2554 5242 2862 5312 episcopum
2905 5256 3008 5297 non
3056 5242 3230 5297 solum
3266 5242 3504 5297 Ecclesia

1933 5334 2357 5403 expelleret,sed
2388 5335 2499 5404 ipsa
2539 5335 2647 5389 vita
2698 5334 2950 5403 privaret,
2999 5334 3191 5404 partim
3225 5332 3503 5403 largitione

1932 5423 2045 5478 auri
2071 5435 2253 5479 contra
2280 5425 2556 5480 veritatem
2586 5423 2984 5493 superstitiosos
3004 5438 3036 5479 e
3064 5424 3365 5492 potentibus
3386 5425 3508 5480 red-

1934 5516 2125 5583 imeus,
2164 5515 2354 5585 partim
2409 5515 2719 5571 lautioribus
2774 5514 2947 5584 epulis
2990 5514 3128 5584 gulae
3168 5514 3376 5570 deditos
3403 5515 3506 5569 sibi

1934 5610 2261 5678 mancipans,
2290 5609 2476 5678 partim
2509 5607 2773 5663 blanditiis
2798 5616 2854 5663 et
2878 5622 2974 5677 spe
2998 5608 3215 5678 majoris
3237 5606 3504 5675 dignitatis

1934 5702 2013 5754 sui
2041 5700 2243 5754 similes
2274 5699 2591 5769 impostorcs
2609 5714 2640 5753 e
2668 5697 2878 5753 clericis
2906 5699 2958 5753 in
2980 5713 3105 5754 suas
3122 5706 3303 5769 partes
3324 5691 3493 5746 abdu-

1933 5806 2077 5845 ccns.
2112 5791 2242 5848 Istos
2265 5804 2382 5845 cum
2419 5792 2532 5845 sine
2569 5788 2802 5845 funiculo
2826 5788 3179 5860 voluptatibus
3203 5783 3501 5851 colligasset
