4038 6154
480 390 551 443 Ἠ

481 516 687 567 manes,
717 500 874 554 veluti
902 498 1150 557 seductor
1164 498 1376 575 quidam
1398 500 1626 569 daemon,
1651 504 2053 576 animorumque

477 594 730 661 judicium
757 590 1084 657 fascinasset,
1103 592 1168 646 ad
1200 592 1388 649 fabula:
1408 595 2058 654 ministeriumdzcmonia-

478 696 594 737 eam
643 693 922 747 personam
967 682 1174 751 qttmsiit
1204 700 1217 735 :
1250 698 1407 751 quam
1435 685 1649 754 quidem
1679 687 1837 741 etiam
1866 699 1947 742 est
1972 704 2059 743 as-

476 779 752 835 sequutus.
784 769 917 837 Nam
972 787 1092 827 cum
1135 773 1343 843 diaconi
1371 775 1475 829 duo
1517 792 1548 830 a
1577 776 1780 832 Joanne
1809 780 2062 848 episcopo

477 859 633 926 ejeeti
654 871 833 916 essent
876 877 940 916 ex
973 863 1211 920 Ecclesia
1248 865 1316 921 ob
1341 867 1579 921 enormia
1609 869 1832 935 scelera,
1873 869 2061 924 borum

484 948 568 1002 ille
601 949 815 1006 levitate
863 953 1078 1021 abusus,
1124 957 1409 1025 persuadet
1454 967 1509 1012 ut
1556 959 1762 1015 libellos
1810 961 2065 1016 adversus

488 1038 742 1096 Joannem
768 1043 914 1108 dent,
943 1045 1206 1113 pollicitus
1262 1062 1357 1103 eos
1382 1049 1432 1103 in
1474 1049 1650 1104 locum
1680 1050 1961 1106 ministerii
1986 1053 2067 1106 sui

490 1134 979 1207 terestituturum(
1017 1146 1131 1192 erat
1176 1151 1352 1193 autem
1404 1156 1589 1196 eorum
1637 1143 1864 1211 crimen,
1910 1143 2069 1213 hujus

487 1223 703 1292 quidem
741 1225 1080 1295 adulterium,
1113 1229 1252 1285 illius
1292 1248 1418 1286 vero
1470 1234 1852 1304 homicidium)
1887 1254 1900 1291 :
1929 1237 2068 1306 quod

490 1314 826 1382 etprazstitit.
865 1314 995 1369 Nam
1036 1327 1157 1388 post
1180 1320 1422 1375 exsilium
1480 1322 1701 1389 Joannis
1726 1339 1820 1379 eos
1850 1325 1901 1378 in
1952 1327 2067 1380 loca

490 1416 586 1459 sna
614 1406 866 1473 reposuit,
895 1420 1016 1461 cum
1049 1409 1250 1464 scilicet
1281 1411 1488 1468 libellos
1512 1413 1800 1489 dedissent,
1831 1430 1965 1485 quos
1985 1415 2073 1473 ille

494 1494 606 1561 ipse
630 1494 938 1561 dictaverat,
969 1498 1099 1553 nihil
1117 1500 1328 1568 quidem
1351 1503 1460 1555 veri
1495 1494 1861 1571 continentes,
1880 1515 2074 1574 praeter

495 1584 596 1639 hoc
622 1603 805 1654 unum,
835 1589 978 1660 quod
1004 1589 1320 1647 admonebat
1371 1603 1429 1647 ut
1462 1609 1647 1650 omnes
1690 1606 1808 1666 post
1832 1612 2074 1652 commu-

497 1676 708 1731 nionem
732 1693 924 1749 aquam
951 1691 1043 1738 aut
1066 1683 1334 1751 pastillum
1356 1684 1718 1754 degustarent,
1745 1702 1811 1743 ne
1839 1703 1961 1742 cum
1990 1703 2076 1742 sa-

495 1766 601 1825 liva
629 1773 919 1840 autpituita
940 1774 1138 1843 aliquid
1161 1790 1192 1829 e
1237 1777 1481 1846 symbolo
1530 1782 1852 1834 sacramenti
1884 1789 2078 1849 praeter

499 1862 822 1918 voluntatem
843 1875 1161 1933 exspuerent
1193 1882 1206 1920 :
1237 1866 1379 1936 quod
1419 1868 1620 1937 primus
1674 1871 1788 1938 ipso
1830 1869 2075 1937 faciebat,

499 1964 552 2007 et
578 1970 671 2009 eos
700 1956 790 2025 qui
810 1958 1004 2012 vellent
1028 1959 1092 2011 ad
1126 1959 1433 2028 religionem
1471 1976 1536 2015 ac
1561 1964 1911 2018 reverentiam
1951 1981 2080 2019 eru-

501 2043 698 2099 diebat.
745 2048 991 2116 Acceptis
1029 2047 1240 2114 libellis,
1271 2051 1380 2104 coit
1418 2052 1470 2104 in
1516 2053 1718 2107 uadibus
1765 2052 2081 2125 Eugrapltia:

500 2152 620 2191 cum
648 2136 962 2206 Severiano,
994 2141 1275 2221 Antiocho,
1310 2144 1524 2207 Acacio,
1552 2156 1607 2200 et
1647 2146 1867 2217 reliquis
1891 2148 2080 2203 Joanni

502 2226 724 2283 infensis
752 2239 968 2298 propter
997 2231 1264 2287 modestas
1288 2234 1405 2303 ejus
1426 2236 1837 2294 admonitiones.
1869 2240 2084 2297 Solebat

502 2317 847 2381 enimbeatus
873 2321 960 2376 ille
983 2324 1228 2393 exemplo
1264 2325 1411 2380 Pauli
1438 2336 1492 2382 et
1518 2328 1727 2397 publice
1746 2339 1800 2385 et
1842 2330 2084 2400 privatim

505 2408 786 2483 honestum
801 2411 1118 2468 etdecorum
1139 2414 1384 2481 edocere,
1407 2419 1699 2487 prassertim
1720 2420 1849 2475 tales
1874 2421 2087 2478 assidue

510 2500 823 2571 increpans:
850 2504 986 2575 Quid
1012 2515 1170 2565 relate
1192 2507 1301 2575 jam
1329 2522 1482 2573 anus,
1516 2510 1675 2563 etiam
1702 2524 1899 2581 corpus
1932 2528 2090 2582 repn-

508 2589 729 2647 bescere
757 2595 965 2662 cogitis,
989 2596 1263 2665 cincinnos
1293 2598 1450 2653 veluti
1478 2602 1829 2673 meretricula:
1843 2612 2088 2672 gerentes

509 2678 567 2731 in
592 2679 780 2741 fron‘te.
808 2686 1127 2755 contumelia
1156 2686 1447 2744 aiticientes
1481 2691 1640 2746 etiam
1667 2690 1918 2749 honeSIas
1967 2695 2089 2750 reli-

511 2773 1081 2845 qztas,etdecipientes
1105 2793 1200 2833 eos
1233 2780 1319 2848 qui
1354 2782 1624 2837 vobiscum
1672 2785 1979 2856 loquuntur,
2005 2787 2088 2841 id-

515 2881 616 2934 que
641 2866 853 2921 vidum?
888 2868 1204 2941 Congregati
1251 2882 1425 2928 autem
1472 2877 1781 2945 quaerebant
1823 2879 2090 2947 quomodo

508 2959 766 3027 judicium
785 2962 1104 3017 ordirrntur.
1127 2963 1273 3019 Unus
1290 2981 1417 3021 vero
1434 2968 1579 3022 exiis
1599 2969 1938 3039 quiaderant,
1968 2984 2093 3041 sug-

514 3050 720 3113 gessit:
753 3051 943 3111 darent
990 3054 1197 3109 libellos
1237 3054 1565 3126 Imperatori,
1597 3070 1651 3115 et
1697 3061 1954 3117 Joannem
2006 3065 2091 3119 vel

514 3141 737 3205 invitum
760 3144 826 3199 ad
880 3160 1186 3205 consessum
1218 3148 1509 3207 traherent.
1539 3152 1595 3206 ld
1652 3154 1807 3224 igitur
1835 3155 1913 3221 ﬁt,
1958 3157 2095 3218 sicut

408 3304 423 3317 Χ
516 3231 641 3293 olim
659 3234 796 3303 apud
816 3234 1050 3300 Judxos,
1073 3252 1206 3293 auro
1221 3240 1396 3296 omnia
1414 3256 1580 3311 prona
1603 3250 1656 3298 et
1680 3243 1850 3299 facilia
1868 3226 2095 3301 reddetr;

517 3335 587 3376 te.
619 3324 839 3391 Erantus
864 3327 1212 3398 quadraginta
1238 3331 1472 3402 episcopi
1498 3348 1619 3387 cum
1658 3333 1862 3391 Joanne
1888 3337 2096 3406 episcos

518 3432 607 3485 po,
636 3417 884 3474 sedentes
933 3422 983 3494 in
1031 3422 1259 3476 triclinio
1315 3425 1609 3494 episcopii;
1654 3434 1929 3497 stupentes
1960 3444 2094 3498 quo-

516 3506 676 3562 modo
699 3523 840 3583 reus,
870 3518 925 3563 et
945 3521 1158 3579 propter
1184 3513 1344 3583 impia
1394 3517 1614 3569 crimina
1646 3517 1789 3572 solus
1819 3518 1885 3572 ad
1912 3519 2095 3574 Comi-

517 3607 685 3672 tatam
713 3600 894 3656 venire
916 3601 1117 3672 jussus,
1159 3616 1280 3657 cum
1325 3611 1405 3659 tot
1429 3606 1693 3677 episcopis
1745 3606 2046 3665 advenisset
2079 3628 2092 3665 :

518 3707 625 3760 quo
648 3703 799 3761 pacto
829 3695 1123 3763 principum
1153 3707 1207 3751 et
1249 3700 1650 3766 magistratum
1681 3702 1974 3756 sententias
1999 3718 2093 3756 su-

519 3783 629 3834 bito
657 3792 1057 3852 commutasset,
1102 3785 1366 3856 plerisque
1408 3787 1476 3841 de
1516 3788 1662 3843 clero
1717 3790 1769 3843 in
1792 3792 1942 3860 pejus
1971 3808 2096 3862 per—

520 3872 704 3926 versis.
735 3872 998 3930 Cmterum
1020 3875 1400 3933 admirantibus
1419 3881 1590 3944 nobis,
1623 3881 1917 3950 Deispiritu
1942 3883 2096 3940 afﬂa-

519 3970 608 4018 tus
631 3962 862 4019 Joannes
878 3967 1124 4023 omnibus
1146 3968 1280 4029 dixit
1310 3987 1323 4022 :
1351 3970 1532 4035 Orate,
1553 3970 1831 4037 fratres,et
1856 3975 1900 4027 si
1939 3991 2089 4030 ama-

518 4054 590 4110 tis
611 4052 900 4121 Christum,
934 4072 1090 4125 nemo
1116 4059 1221 4117 mei
1261 4074 1418 4115 causa
1446 4060 1738 4116 Ecclesiam
1768 4079 1915 4117 suam
1935 4065 2096 4121 dese-

519 4151 605 4207 rat.
634 4160 650 4201 ε
676 4145 785 4215 Ego
808 4148 939 4201 enim
958 4150 1072 4218 jam
1097 4149 1308 4215 delibor,
1329 4160 1376 4204 et
1400 4161 1590 4221 tempus
1625 4154 1941 4210 resolutionis
1977 4174 2101 4212 mea:

523 4236 677 4288 instat
703 4236 796 4307 (2.
826 4236 960 4291 Tim.
1014 4240 1066 4295 4.
1113 4241 1146 4295 ϐ
1180 4241 1385 4310 ),jnxta
1427 4243 1642 4298 Paulum
1670 4247 1823 4315 cujus
1865 4263 1927 4303 ea
1975 4260 2099 4304 sunt

523 4323 685 4381 verba
718 4335 808 4380 :et
834 4327 1027 4382 multas
1057 4344 1340 4399 perpessus
1378 4333 1711 4402 at‘ﬂictiones,
1760 4337 1918 4391 vitam
1947 4349 2003 4391 ut
2025 4340 2100 4393 vi-

520 4415 624 4470 deo
652 4417 932 4472 relicturus
975 4434 1112 4477 sum.
1163 4422 1296 4478 Novi
1322 4426 1461 4481 enim
1517 4437 1716 4484 satana:
1763 4429 2003 4499 insidias,
2033 4448 2098 4487 eo

520 4512 660 4580 quod
692 4527 794 4568 non
823 4514 1051 4583 amplius
1086 4517 1347 4584 sustineat
1400 4520 1603 4588 pondus
1647 4537 1887 4576 meorum
1904 4522 2096 4576 adver-

518 4618 610 4659 sus
641 4604 809 4674 ipsum
836 4620 1162 4662 sermonum.
1210 4608 1284 4664 Ita
1331 4611 1748 4667 misericordiam
1797 4626 2097 4682 consequa-

519 4694 669 4749 mini.
730 4696 785 4749 lu
837 4698 1166 4753 orationibus
1208 4701 1400 4756 vestris
1447 4718 1711 4757 memores
1754 4711 1927 4757 estote
1970 4704 2095 4756 mei.

518 4786 824 4861 Incredibili
867 4789 1025 4859 igitur
1064 4806 1297 4846 maerore
1333 4796 1586 4864 correpti,
1645 4794 1736 4849 alii
1778 4795 1989 4865 quidem
2021 4796 2100 4849 la-

519 4879 918 4948 mymabantur,
973 4880 1063 4934 alii
1128 4896 1256 4937 vero
1306 4884 1717 4952 egrediebantur
1746 4902 1777 4943 e
1820 4902 2095 4951 consessu,

518 4969 704 5022 oculos
733 4976 1017 5029 otsaerum
1046 4981 1203 5041 caput
1252 4983 1410 5042 atque
1452 4975 1732 5031 facundum
1782 4993 1845 5033 ac
1886 4980 2096 5035 beatum

517 5058 634 5124 ejus
658 5071 720 5112 os
749 5057 1213 5127 deosculabantur,
1247 5062 1298 5121 in
1336 5063 1596 5136 laerymas
1636 5066 1786 5121 effusi
1815 5079 1868 5123 et
1893 5071 2093 5140 singul-

521 5163 624 5205 tus.
671 5152 943 5212 Cumvero
966 5170 1060 5224 eos
1101 5157 1435 5213 obsecrasset
1472 5159 1724 5231 Joannes,
1768 5174 1819 5217 ut
1848 5165 1913 5218 ad
1967 5182 2097 5220 con-

519 5254 727 5298 sessum
776 5245 1030 5321 redirent,
1074 5248 1175 5303 buc
1228 5248 1354 5304 illuc
1389 5250 1708 5316 volitantes,
1766 5255 1928 5310 veluti
1971 5270 2101 5327 apes

524 5339 660 5391 circa
709 5336 938 5393 alvearia
990 5339 1403 5411 obstrepentes:
1444 5340 1681 5410 Sedete,
1742 5345 1835 5412 ait,
1887 5346 2098 5413 fratres,

519 5441 569 5485 et
601 5429 731 5485 ﬂere
758 5430 986 5487 desinite
1065 5442 1129 5489 eo
1171 5436 1398 5505 amplius
1445 5452 1531 5491 me
1570 5438 1903 5493 cmollientes
1931 5455 1945 5491 :
1971 5435 2102 5492 Mihi

513 5525 649 5577 enim
675 5524 833 5580 vivere
861 5526 1066 5585 Citristu
1116 5539 1186 5582 est
1210 5571 1220 5591 ,
1251 5539 1296 5583 et
1324 5531 1450 5583 mori
1480 5530 1675 5585 lucrum
1713 5529 1732 5603 (
1760 5529 2006 5602 Philipp.
2036 5532 2088 5585 1.

516 5614 577 5671 2|
603 5616 644 5689 ).
677 5616 808 5673 Nam
837 5623 1205 5690 percrebuerat
1230 5622 1374 5676 illum
1402 5623 1574 5678 securi
1603 5635 1914 5694 percussum
1946 5622 2009 5676 iri
2031 5622 2100 5677 ob

518 5706 732 5763 nimiam
759 5711 1001 5780 tequendi
1030 5710 1349 5771 libertatem.
1374 5714 1439 5768 Et
1464 5718 1507 5767 si
1538 5713 1874 5777 meministis,
1899 5728 2101 5768 memo-

522 5798 623 5872 rias
659 5810 856 5858 vestras
907 5804 1155 5874 rrplicate
1198 5802 1340 5875 quod
1383 5818 1594 5874 semper
1634 5803 1783 5858 vobis
1825 5802 2051 5859 dixerim
2086 5823 2095 5856 :

1770 393 2084 460 I‘Al.l.ADll
2125 396 2464 462 DlALOGiiS

3688 400 3763 457 28

2176 507 2271 562 Via
2297 517 2378 561 est
2409 509 2510 561 vita
2540 523 2805 577 praesens,
2839 510 2990 578 cujus
3032 509 3147 563 lzeta
3190 517 3349 580 atque
3381 510 3603 565 molesta
3636 526 3762 579 per~

2176 607 2449 653 transeunt
2468 618 2479 651 :
2504 609 2558 653 et
2575 610 2836 654 mercatus
2851 610 2933 655 est
2950 613 3183 670 prsesens
3204 601 3452 655 sreculum
3477 601 3761 664 :emimus,

2174 689 2527 754 vendidimus,
2554 698 2608 744 et
2634 690 2978 746 discedimus.
3005 691 3140 745 Num
3166 691 3418 746 meliores
3448 704 3634 746 sumus
3663 708 3762 761 pa-

2178 781 2442 847 triarcbis,
2472 781 2766 850 prophetis,
2794 781 3070 851 apostolis,
3104 789 3158 835 at
3182 782 3337 836 nobis
3367 782 3467 837 hoc
3498 783 3618 836 vita)
3648 782 3752 836 im-

2178 868 2401 926 mortale
2428 872 2772 940 permaneat?
2799 873 2948 927 'l'unc
2972 871 3185 941 quidam
3213 887 3278 927 ex
3309 872 3372 926 iis
3396 873 3486 941 qui
3516 871 3761 937 aderant.

2176 962 2380 1031 cjulans
2417 961 2717 1017 dixit:Sed
2763 962 3117 1016 lamentamur
3158 962 3438 1017 orbitatem
3480 972 3761 1029 nostram,

2179 1051 2435 1106 Ecclesia:
2464 1052 2773 1106 viduitatem
2796 1092 2812 1117 ,
2859 1067 3128 1106 sacrarum
3175 1053 3348 1123 legum
3388 1053 3720 1107 eversionem
3744 1094 3759 1121 ,

2179 1145 2520 1199 ambitionem
2546 1159 2730 1199 eorum
2759 1145 2848 1214 qui
2876 1160 2980 1199 non
3012 1144 3199 1198 timent
3231 1144 3548 1209 Dominum,
3576 1153 3631 1197 et
3665 1144 3763 1198 Ec-

2179 1237 2358 1292 clesia:
2398 1236 2755 1305 gubernacula
2809 1236 3101 1299 invadunt,
3143 1236 3288 1289 omni
3334 1250 3434 1306 ope
3483 1235 3768 1291 destitutos

2183 1343 2477 1402 pauperes,
2508 1338 2565 1382 et
2590 1327 2848 1382 doctrinm
2889 1327 3180 1395 penuriam.
3223 1325 3356 1379 Cum
3395 1333 3571 1379 autem
3600 1323 3769 1393 digito

2183 1418 2356 1474 indice
2382 1420 2608 1488 palmam
2639 1419 2870 1473 sinistra:
2900 1432 3087 1473 manus
3115 1417 3466 1488 percussisset
3496 1416 3764 1485 (consue—

2182 1521 2334 1571 verat
2361 1512 2503 1567 enim
2531 1511 2728 1566 Christi
2759 1526 2942 1564 antans
2968 1510 3220 1575 Joannes,
3244 1524 3364 1563 cum
3395 1518 3539 1563 esset
3566 1508 3770 1578 cogita-

2184 1603 2396 1659 bundus
2426 1601 2479 1656 id
2508 1602 2736 1672 facere),
2761 1616 2820 1656 se
2845 1600 3134 1670 alloquenti
3162 1601 3236 1653 ait
3261 1618 3274 1652 :
3303 1599 3511 1655 Sufﬁcit
3531 1638 3544 1665 ,
3580 1602 3766 1664 frater,

2186 1711 2253 1759 ne
2281 1695 2430 1765 plura
2461 1694 2698 1763 loquere,
2729 1693 2821 1747 sed
2849 1693 2987 1762 quod
3011 1692 3118 1747 dixi
3147 1732 3162 1758 ,
3187 1692 3451 1747 Ecclesias
3477 1701 3683 1747 vestras
3703 1708 3771 1748 ne

2185 1786 2455 1841 dimittite.
2479 1785 2660 1856 Neque
2682 1785 2822 1840 enim
2851 1799 2880 1838 a
2906 1800 2991 1839 me
3016 1785 3210 1854 incepit
3235 1785 3629 1854 praedicationis
3649 1800 3769 1838 mn-

2186 1893 2308 1944 nus,
2337 1892 2510 1947 neque
2537 1878 2589 1931 in
2621 1892 2707 1931 me
2732 1876 2906 1931 desiit.
2929 1874 3118 1931 Nonne
3148 1885 3388 1930 mortuus
3414 1885 3497 1929 est
3523 1875 3770 1946 Moyses?

2186 1981 2242 2025 et
2267 1985 2370 2025 non
2399 1970 2643 2024 inventus
2672 1979 2755 2023 est
2777 1968 2968 2022 Jesus?
2986 1967 3175 2022 Nonne
3195 1966 3423 2021 decessit
3445 1966 3698 2021 Samuel?
3719 1976 3773 2021 et

2188 2076 2295 2115 non
2324 2068 2515 2114 unctus
2540 2067 2623 2113 est
2640 2059 2837 2113 David?
2859 2058 3031 2112 Vitam
3056 2056 3269 2127 reliquit
3289 2056 3568 2123 Jeremias,
3594 2073 3775 2111 nonne

2189 2152 2391 2206 exstitit
2419 2150 2665 2205 Baruch?
2691 2151 3007 2220 Assumptus
3032 2159 3115 2204 cst
3134 2149 3298 2214 Elias,
3327 2163 3507 2203 nonne
3532 2147 3772 2218 prophe-

2194 2244 2323 2298 tavit
2346 2243 2567 2297 Eliszcns
2587 2244 2610 2295 ?
2633 2243 2795 2296 Paulo
2820 2250 3150 2310 amputatum
3177 2250 3261 2295 est
3283 2249 3460 2309 caput,
3489 2254 3668 2294 nonne
3691 2254 3775 2294 re.

2194 2335 2348 2403 liquit
2367 2333 2729 2395 Timotheum,
2759 2331 2958 2397 Titum,
2986 2331 3178 2401 Apollo
3198 2339 3252 2385 et
3275 2331 3409 2384 alios
3429 2330 3772 2384 innumeros?

2195 2425 2322 2480 Post
2353 2425 2469 2479 Itatc
2496 2425 2676 2489 verba,
2704 2423 2970 2494 Eulysius,
2998 2424 3280 2492 episcopus
3308 2422 3558 2490 Apamea:
3601 2420 3651 2474 in
3685 2421 3773 2474 Bi-

2196 2515 2409 2585 thynia.
2442 2515 2514 2568 ait
2540 2532 2553 2568 :
2578 2513 2807 2569 Necesse
2849 2523 2932 2567 est
2972 2527 3071 2567 nos
3104 2512 3368 2567 Eeclesias
3400 2519 3613 2565 nostras
3636 2511 3778 2566 obti.

2195 2616 2383 2663 nentes
2431 2608 2547 2675 cogi
2594 2614 2648 2659 et
2695 2605 3094 2659 communicare
3133 2612 3187 2658 et
3232 2603 3585 2658 subscribere.
3633 2603 3774 2657 Dixit

2195 2704 2407 2752 sanctus
2436 2695 2669 2751 Joannes
2694 2712 2708 2751 :
2732 2695 3135 2751 Communicate
3161 2693 3395 2764 quidem,
3423 2707 3490 2747 ne
3518 2692 3777 2748 scindatis

2198 2790 2510 2856 Ecclesiam,
2542 2788 2635 2843 sed
2665 2789 2827 2843 nolite
2856 2787 3189 2844 subscribere
3214 2806 3226 2842 :
3257 2786 3448 2840 nullius
3475 2786 3619 2841 enim
3646 2786 3775 2841 faei-

2198 2880 2343 2940 noris
2370 2878 2499 2933 mihi
2529 2879 2773 2933 conscius
2802 2893 2917 2932 smn
2938 2918 2954 2944 ,
2998 2886 3214 2946 propter
3243 2875 3384 2945 quod
3420 2874 3616 2944 deponi
3662 2890 3779 2930 me-

2199 2970 2416 3024 ruerim.
2458 2969 2583 3024 Haec
2623 2983 2744 3022 cum
2788 2969 2859 3021 ita
2901 2982 3021 3022 sese
3053 2967 3341 3029 haberent,
3377 2966 3675 3019 nuntiatum
3702 2977 3784 3019 est

2200 3061 2412 3116 adstare
2436 3061 2525 3130 qui
2573 3075 2603 3116 a
2631 3059 2926 3127 Theophilo
2972 3059 3118 3112 missi
3159 3065 3360 3111 essent.
3391 3057 3545 3110 Jubet
3574 3072 3669 3111 eos
3698 3059 3783 3109 in-

2200 3155 2392 3219 troire,
2442 3151 2712 3222 ingressos
2755 3151 3078 3218 interrogat,
3124 3148 3276 3217 cujus
3324 3146 3519 3218 gradus
3559 3157 3778 3200 essent:

2200 3245 2412 3310 dicunt,
2441 3244 2708 3313 Episcopi.
2743 3242 2834 3296 Ille
2862 3249 2979 3295 orat
3013 3240 3268 3303 sedeant,
3315 3247 3370 3292 et
3413 3238 3591 3291 dicant
3632 3239 3783 3305 cujus

2199 3349 2358 3391 causa
2379 3334 2573 3390 adsint.
2598 3333 2675 3388 llli
2699 3341 2872 3386 autem
2895 3330 3109 3385 dicunt:
3135 3329 3239 3383 llas
3262 3328 3595 3382 solummodo
3623 3330 3783 3383 selte—

2202 3404 2352 3482 dulas
2375 3427 2623 3495 legendas
2650 3424 2906 3478 habemus
2927 3442 2938 3475 :
2959 3423 3143 3492 jubete
3160 3423 3319 3492 igitur
3338 3421 3454 3475 illas
3480 3421 3602 3490 legi.
3627 3420 3788 3475 Jubet

2201 3516 2435 3571 Joannes
2463 3515 2585 3584 legi.
2614 3515 2748 3568 Tum
2794 3515 2876 3568 isti
2923 3514 3186 3582 imperant
3212 3508 3493 3580 Theophili
3534 3526 3701 3579 puero
3729 3522 3785 3565 ut

2202 3608 2397 3682 dictata
2427 3608 2515 3661 illa
2543 3608 2743 3676 legeret
2770 3623 2785 3660 :
2815 3616 2867 3661 ct
2898 3607 3043 3679 legit.
3069 3605 3268 3659 Textus
3298 3612 3475 3658 autem
3504 3613 3619 3658 erat
3645 3605 3785 3673 ejnse

2203 3700 2346 3761 modi
2375 3719 2388 3753 :
2419 3700 2607 3757 Sancta
2636 3699 2875 3770 Synodus
2899 3699 2967 3751 ad
2997 3698 3246 3763 Quercum
3270 3706 3571 3768 congregata
3600 3698 3786 3765 (locus

2202 3802 2287 3847 est
2311 3792 2389 3846 sic
2412 3792 2585 3847 dictus
2608 3801 2752 3857 trans
2783 3806 2949 3857 mare,
2979 3790 3152 3843 llulini
3182 3788 3566 3853 suburbamun,
3599 3791 3649 3840 in
3680 3804 3785 3859 quo

2202 3895 2358 3939 erant
2385 3882 2732 3953 congregati)
2770 3880 2962 3935 Joanni
3000 3883 3020 3952 (
3042 3879 3354 3935 omittebant
3382 3879 3431 3933 id
3475 3878 3617 3949 quod
3649 3888 3783 3945 erat,

2204 3975 2481 4046 Episcopo.
2522 3974 2668 4031 Solet
2710 3975 2854 4029 enim
2897 3972 3064 4028 ferme
3104 3974 3406 4027 obex-catus
3444 3972 3652 4024 animus
3683 3988 3785 4025 non

2206 4075 2352 4122 recte
2377 4082 2618 4130 eernere,
2647 4065 2739 4120 sed
2766 4080 2828 4120 ea
2853 4063 2953 4129 sibi
2981 4064 3253 4133 imaginari
3279 4078 3397 4132 qua:
3425 4062 3647 4117 affectus
3687 4063 3785 4130 ipsi

2206 4157 2494 4228 suggerit).
2522 4155 2737 4213 Libellos
2774 4156 3056 4225 accepimus
3081 4153 3318 4207 adversus
3350 4161 3426 4216 te,
3457 4153 3667 4220 inﬁnita
3691 4153 3790 4205 cri-

2207 4251 2343 4303 mina
2372 4251 2696 4302 continentes.
2729 4246 2911 4301 Adesto
2937 4247 3111 4319 igitur,
3145 4254 3302 4299 tecum
3330 4243 3588 4307 adducens
3630 4243 3791 4298 Sara-

2209 4345 2407 4413 pionem
2433 4353 2477 4398 et
2507 4343 2729 4415 Tigrium
2752 4342 3062 4412 presbyteros
3080 4358 3099 4394 :
3116 4340 3177 4392 iis
3199 4340 3331 4395 enim
3354 4352 3481 4407 opus
3503 4347 3598 4393 est.
3624 4337 3790 4391 Erant

2206 4440 2382 4486 autem
2410 4433 2497 4500 qui
2524 4433 2588 4486 ad
2619 4448 2738 4486 eum
2769 4438 3047 4494 venerant,
3076 4430 3358 4483 Dioscorus
3380 4437 3433 4481 et
3456 4427 3675 4491 Paulus,
3701 4432 3789 4496 qui

2207 4536 2376 4590 nuper
2398 4522 2450 4575 itt
2475 4520 2639 4590 Libya
2666 4521 2894 4575 Ordinati
2924 4520 3152 4585 fuerant,
3175 4519 3416 4588 juvenes.
3444 4518 3620 4571 Lectis
3643 4519 3794 4571 char-

2207 4614 2332 4668 tulis
2352 4654 2367 4680 ,
2406 4612 2492 4683 qui
2536 4627 2654 4666 cum
2689 4613 2843 4668 beato
2872 4611 3078 4665 Joanne
3105 4618 3257 4671 erant
3283 4609 3552 4677 episcopi,
3576 4617 3795 4661 contra-

2210 4703 2425 4770 dicunt,
2455 4703 2829 4758 denuntiantes
2853 4701 3154 4771 Theophila
3184 4716 3282 4771 per
3323 4710 3433 4754 tres
3475 4699 3755 4768 episcopos
3776 4741 3791 4763 ,

2210 4796 2559 4865 Lupicinum,
2591 4793 2916 4849 Demetrium
2945 4802 2999 4847 et
3029 4793 3304 4864 Eulysium
3324 4832 3338 4857 ,
3376 4801 3427 4845 et
3457 4790 3794 4861 presbyteros

2210 4887 2365 4951 duos,
2395 4887 2718 4942 Germanum
2750 4894 2911 4954 atque
2938 4883 3222 4949 Severum,
3258 4897 3446 4945 omnes
3472 4882 3684 4951 quidem
3718 4880 3793 4933 vi-

2211 4991 2299 5032 ros
2329 4985 2539 5032 sanctos
2565 4984 2619 5029 et
2646 4975 2748 5029 fide
2773 4976 2961 5045 dignos
2986 4993 2998 5029 :
3022 4974 3140 5029 Noli
3172 4990 3259 5029 res
3294 4974 3546 5030 Ecclesia:
3568 4972 3792 5026 subver-

2211 5078 2324 5120 tere
2348 5105 2363 5130 ,
2411 5080 2510 5119 nec
2554 5065 2843 5119 Ecclesiam
2874 5064 3057 5119 scinde
3093 5073 3312 5134 propter
3353 5072 3509 5133 quam
3552 5061 3695 5117 Deus
3743 5065 3794 5114 in

2209 5172 2428 5213 carnem
2460 5157 2756 5212 descendit.
2793 5156 2849 5212 Si
2888 5168 3064 5212 autem
3108 5156 3405 5211 inordinate
3427 5154 3675 5210 Niemnos
3705 5168 3793 5208 ea-

2213 5264 2382 5305 nones
2406 5250 2672 5305 subvertis
2697 5259 3055 5305 trecentorum
3080 5249 3265 5306 decem
3293 5261 3346 5304 et
3371 5259 3492 5304 octo
3519 5249 3795 5319 episcopo-

2213 5358 2328 5398 rum
2351 5384 2365 5408 ,
2412 5351 2462 5397 et
2504 5351 2652 5397 extra
2696 5343 2895 5396 limites
2923 5343 3067 5396 litem
3110 5341 3321 5412 judicas
3346 5358 3361 5396 :
3391 5351 3445 5394 ιιι
3478 5341 3705 5394 transito
3732 5336 3797 5389 ad

2212 5448 2311 5490 nos
2335 5434 2387 5487 in
2414 5434 2597 5487 urbem
2623 5434 2837 5502 optimis
2866 5432 3070 5502 legibus
3102 5432 3371 5485 fundatam
3398 5473 3410 5495 ,
3444 5447 3549 5485 nott
3594 5442 3787 5498 provo-

2211 5540 2340 5580 cans
2371 5538 2519 5578 more
2547 5522 2694 5578 Caini
2727 5523 2943 5577 Abelem
2979 5525 3029 5576 in
3060 5537 3328 5590 campum,
3360 5531 3415 5575 ut
3442 5535 3538 5574 nos
3568 5529 3621 5574 te
3652 5517 3798 5587 prius

2212 5618 2508 5672 audiamus.
2533 5615 2801 5670 Habemus
2821 5616 2963 5670 enim
2989 5614 3244 5668 adversus
3272 5624 3323 5669 te
3354 5613 3561 5667 libellos
3583 5616 3800 5679 septua-

2213 5714 2357 5782 ginta
2410 5711 2678 5780 capitum,
2731 5708 3013 5763 manifesta
3062 5707 3266 5776 piacula
3321 5706 3660 5759 continentes
3689 5716 3703 5730 °
3747 5708 3802 5752 ct

2221 5808 2393 5874 plures
2421 5819 2605 5857 sumus
2633 5818 2787 5869 quam
2817 5809 2903 5852 tua
2934 5798 3180 5867 Synodus
3202 5841 3214 5863 ,
3246 5797 3334 5849 Dei
3366 5798 3531 5863 gratia
3573 5803 3796 5859 congre-

3815 4506 3819 4523 l

3814 4560 3820 4595 l

3814 4600 3820 4621 l
