4038 6154
389 314 462 374 29
1669 305 1988 362 PALLA'DII
2027 299 2374 358 DIALOGUS
3604 297 3677 355 30

395 431 494 504 τῆς
525 430 626 502 σῆς
665 430 905 492 συνόδου,
937 429 1072 482 Θεοῦ
1099 427 1280 498 χάριτι
1326 424 1704 496 συναχθέντες,
1741 427 1842 481 οὑκ
1891 426 1984 479 ἐπὶ

393 517 462 585 τῇ
501 513 794 567 καταλύσει
849 512 947 582 τῆς
990 509 1338 580 Ἐκκλησίαε,
1381 508 1495 562 ἀλλ’
1527 509 1584 561 ἐν
1642 509 1852 580 εἰρήνη.
1907 508 1980 562 Σὺ

397 599 501 670 μὲν
524 596 630 668 γάρ
651 592 704 649 εἴ
722 593 1046 666 τριακοστὸς
1065 593 1222 656 ἕκτος
1253 591 1313 656 ἐξ
1343 589 1610 662 ἐπαρχίας
1643 593 1792 662 μιᾶς·
1825 592 1985 662 ἡμεῖς

394 679 455 734 δέ
481 682 646 749 ἐσμεν
689 675 1103 748 τεσσαράκοντα
1153 677 1219 728 ἐκ
1268 673 1543 746 διαφόρων
1585 671 1892 744 ἐπαρχιῶν,
1927 675 1986 726 ἐν

395 757 480 825 οἷς
502 763 668 832 ἐσμεν
711 761 807 814 καὶ
869 758 1011 813 ἐπτά
1073 756 1488 830 μητροπολῖται,
1539 755 1636 809 καὶ
1695 755 1985 810 ἀκόλουθόν

397 847 515 900 ἐστι
537 845 630 898 τὸν
663 844 927 898 ἐλάσσονα
959 842 1113 916 παρὰ
1132 839 1240 894 τῶν
1280 839 1542 894 πλειόνων
1573 839 1668 893 καὶ
1696 838 1985 910 διαφερόν-

397 947 505 984 των
535 928 676 983 κατά
699 927 827 991 τοὺς
862 925 1098 987 κανόνας
1141 924 1421 996 κριθῆναι.
1455 923 1694 994 Ἕχομεν
1731 921 1841 993 γάρ
1891 939 1984 976 σου

398 1014 493 1067 καὶ
524 1011 622 1084 τὴν
683 1009 994 1081 ἐπιστολὴν,
1047 1009 1114 1063 δι’
1151 1003 1221 1080 ἦς
1283 1009 1600 1078 παρεγγυᾷς
1643 1005 1722 1076 τῷ
1779 1005 1987 1060 συλλει-

397 1095 616 1167 τουργῷ
643 1093 800 1164 ἡμῶν
843 1091 1069 1164 Ἰωάννῃ
1112 1091 1174 1144 τὸ
1209 1091 1283 1162 μὴ
1307 1091 1418 1144 δεῖν
1465 1090 1767 1164 ὑπερορίας
1814 1090 1986 1144 εἰσδέ-

399 1177 592 1248 χεσθαι
627 1176 803 1240 δίκας.
845 1174 1008 1228 Ὅθεν
1068 1173 1390 1244 πειθόμενος
1440 1175 1552 1238 τοῖς
1601 1175 1986 1246 ἐκκλησιαστι-

401 1261 520 1321 κοῖς
575 1259 782 1329 νόμοις,
840 1255 1147 1328 παρακάλει
1210 1273 1304 1308 σου
1356 1255 1482 1319 τοὺς
1537 1257 1894 1328 κατηγόρους,
1949 1258 1982 1329 ἢ

403 1342 675 1396 παύεσθαι
735 1341 834 1412 τῆς
885 1339 1028 1394 κατά
1075 1339 1168 1394 σοῦ
1206 1341 1565 1412 κατηγορίας,
1621 1342 1656 1412 ἢ
1711 1341 1811 1413 τῆς
1849 1343 1986 1414 πρὸς

401 1427 566 1480 αὑτὸν
597 1425 884 1498 προσόδου.
921 1425 1066 1496 Πρὸς
1092 1423 1267 1478 ταῦτα
1316 1425 1560 1496 κινηθεὶς
1619 1429 1648 1481 6
1695 1427 1982 1500 Ἰωάννης,

401 1511 516 1572 τοῖς
550 1509 648 1580 μὲν
691 1507 1013 1570 ἐπισκόποις
1072 1505 1240 1561 αὑτοῦ
1300 1506 1510 1577 ἔλεγεν·
1545 1508 1737 1580 Ὑμεῖς
1769 1509 1798 1563 ὃ
1839 1510 1988 1564 δοκεῖ

404 1593 531 1662 ὑμῖν
575 1589 875 1662 δηλώσατε,
912 1591 1015 1661 ἐμὲ
1043 1589 1101 1642 δὲ
1133 1589 1428 1644 ἀκόλουθόν
1478 1591 1594 1645 ἐστι
1637 1591 1774 1663 πρὸς
1802 1591 1870 1646 τά
1895 1593 1986 1665 δη-

401 1673 644 1728 λωθέντα
701 1691 789 1745 μοι
825 1675 1212 1745 ἀντισημᾶναι.
1269 1675 1395 1738 Τοῖς
1451 1675 1511 1728 δέ
1563 1677 1692 1748 περὶ
1726 1677 1984 1747 Θεόφιλον

401 1759 792 1813 άνταπέστειλε
826 1759 1018 1812 ταῦτα·
1049 1758 1213 1828 Ἐγὼ,
1241 1760 1290 1812 εἰ
1326 1761 1424 1830 μὲν
1459 1759 1574 1830 ἔχει
1595 1779 1678 1824 τις
1706 1761 1828 1814 κατ’
1851 1761 1984 1832 ἐμοῦ

403 1840 602 1908 λέγειν,
638 1841 800 1912 μέχρι
826 1842 928 1912 τῆς
957 1841 1116 1912 δεῦρο
1147 1841 1493 1895 οὐδεπώποτε
1523 1843 1717 1911 ἔγνων·
1743 1845 1792 1896 εἰ
1817 1844 1874 1898 δέ
1903 1861 1986 1908 τις

403 1923 633 1978 κατεῖπέ
686 1941 811 1994 μου,
853 1923 946 1978 καὶ
981 1923 1238 1993 βούλεσθέ
1293 1941 1361 1994 με
1395 1927 1828 1995 παραγενέσθαι,
1861 1927 1988 1992 τοὺς

403 2006 700 2076 προδήλους
735 2023 836 2076 μου
869 2005 1118 2078 ἐχθροὺς,
1150 2007 1345 2070 οἵτινες
1377 2008 1442 2060 ἐκ
1466 2008 1566 2078 τῆς
1595 2007 1852 2078 ἀμελείας
1891 2011 1987 2064 αὑ-

401 2087 509 2142 τῶν
529 2087 890 2160 ἐκακώθησαν
921 2089 1057 2160 πρὸς
1089 2089 1215 2160 ἐμὲ,
1249 2089 1475 2160 βάλλετε
1510 2089 1733 2156 τούτους
1756 2091 1860 2157 ἔξω
1892 2093 1986 2146 τοῦ

403 2173 668 2245 ὑμετέρου
699 2172 978 2242 συλλόγου·
1010 2173 1104 2227 καὶ
1131 2171 1256 2227 οὔτε
1297 2173 1464 2228 τόπου
1493 2175 1826 2248 ἀμφισϐητῶ
1853 2177 1986 2231 ὅπου

410 2273 479 2324 με
504 2255 613 2310 δέοι
647 2255 926 2328 κριθῆναι,
956 2259 1006 2311 εἰ
1037 2257 1132 2310 καλ⁵
1177 2257 1246 2310 τά
1297 2257 1531 2328 μάλιστα
1567 2259 1674 2312 ἔδει
1702 2261 1758 2312 ἐν
1784 2263 1852 2332 τῇ
1893 2261 1991 2314 πό-

401 2337 502 2391 λει.
540 2337 660 2391 Εἰσὶ
681 2337 739 2392 δὲ
766 2337 860 2402 οὓς
901 2338 1300 2412 παραιτοῦμαι,
1357 2339 1637 2410 Θεόφιλος,
1683 2341 1742 2396 ὃν
1780 2342 1990 2415 ἐλέγχω

405 2420 663 2491 εἰρηκότα
716 2423 810 2476 καὶ
861 2422 922 2478 ἐν
979 2421 1357 2496 Ἀλεξανδρείᾳ
1411 2426 1506 2479 καὶ
1560 2427 1616 2480 ἐν
1672 2426 1869 2499 Λυκίᾳ,
1905 2429 1987 2482 ὅτι

419 2503 754 2576 ’Δπέρχομαι
793 2506 875 2570 εἰς
923 2506 1016 2560 τὸν
1073 2507 1389 2578 κομιτάτον,
1429 2509 1683 2578 Ἰωάννην
1719 2511 1986 2566 καθελεῖν.

409 2587 564 2640 Ἔστι
600 2587 658 2640 δὲ
677 2587 898 2658 ἀληθὲς,
929 2589 989 2656 ἐξ
1011 2581 1088 2643 ὧν
1113 2589 1559 2660 παραγενόμενος
1583 2590 1706 2644 οὔτε
1731 2594 1988 2666 συνέτυχέ

408 2685 519 2738 μοι,
545 2667 670 2723 οὔτε
695 2669 1022 2742 ἐκοινώνησέ
1053 2688 1165 2744 μοι.
1185 2673 1280 2736 Ὃς
1303 2668 1396 2727 οὖν
1425 2673 1530 2746 πρὸ
1555 2675 1654 2746 τῆς
1674 2675 1990 2748 ἀκροάσεως

401 2751 472 2805 τά
501 2751 713 2823 ἐχθρῶν
741 2752 1050 2816 ἐπετέλεσε,
1081 2754 1134 2808 τί
1160 2753 1226 2808 ἂν
1251 2756 1457 2830 ποιήσῃ
1493 2757 1631 2828 μετά
1663 2758 1762 2830 τὴν
1795 2760 1987 2830 δίκην;

416 2832 650 2906 Ὁμοίως
699 2835 757 2889 δὲ
797 2836 892 2889 καὶ
961 2835 1216 2892 Ἀκάκιον
1266 2838 1530 2910 διελέγχω
1585 2841 1672 2911 ἐφ’
1717 2833 1764 2910 ᾧ
1814 2839 1986 2898 εἶπεν·

417 2915 558 2986 Ἐγὼ
583 2917 732 2988 αὐτῷ
766 2919 952 2990 ἀρτύω
979 2920 1204 2992 χύτραν.
1238 2922 1372 2992 Περὶ
1425 2922 1482 2975 δὲ
1526 2924 1858 2996 Σευηριανοῦ
1899 2929 1992 2980 καὶ¹

420 3000 720 3072 Ἀντιόχου,
746 3000 842 3066 οὓς
872 3002 1058 3074 τάχιον
1109 3003 1549 3078 μετελεύσεταιή
1594 3006 1716 3060 θεία
1763 3007 1907 3078 δίκη,
1940 3011 1992 3063 τί

403 3082 484 3136 δεῖ
509 3085 603 3139 καὶ
626 3085 828 3154 λέγειν,
859 3079 934 3140 ὧν
964 3087 1064 3152 τάς
1093 3090 1506 3161 νεωτεροποιίας
1535 3091 1630 3145 καὶ
1657 3091 1728 3146 τά
1753 3095 1992 3164 κοσμικά

405 3168 589 3240 ᾄδουσι
656 3169 902 3242 θέατρα;
961 3171 1171 3226 Οὐκοῦν
1229 3173 1676 3246 παρακέκλησθε,
1743 3177 1792 3229 εί
1851 3177 1993 3232 κατὰ

405 3253 664 3326 ἀλήθειαν
698 3254 953 3326 βούλεσθέ
985 3274 1053 3328 με
1075 3257 1271 3324 ἐλθεῖν,
1305 3257 1527 3324 τούτους
1551 3260 1676 3324 τοὺς
1697 3260 1988 3334 τέσσαρας·

405 3339 453 3390 εἰ
491 3337 589 3408 μὲν
609 3337 685 3402 ὡς
711 3338 992 3403 δικαστάς,
1014 3340 1308 3396 ἐκϐάλλετε
1329 3341 1554 3406 τούτους
1579 3342 1668 3396 τοῦ
1693 3345 1992 3416 συνεδρίου·

405 3421 450 3472 εἰ
473 3419 529 3473 δέ
548 3419 624 3484 ὡς
657 3422 1017 3494 κατηγόρους,
1045 3425 1277 3497 στήσατε
1301 3425 1382 3488 εἰς
1405 3423 1504 3496 τὴν
1527 3425 1731 3494 κρίσιν,
1761 3427 1847 3480 ἵνα
1880 3429 1994 3496 γνῶ

405 3505 552 3568 ὅπως
591 3505 894 3576 κονίζωμαι
915 3547 930 3568 ,
967 3507 1197 3579 πότερον
1225 3509 1301 3572 ὡς
1335 3509 1471 3580 πρὸς
1503 3508 1828 3578 ἀντιδίκους,
1861 3511 1994 3580 ἢὼς

404 3586 688 3652 δικαστάς·
725 3590 819 3643 καὶ
866 3590 1088 3654 πάντως
1110 3591 1404 3662 ἐλεύσομαι
1432 3593 1492 3646 οὑ
1533 3593 1697 3662 μόνον
1728 3594 1865 3665 πρὸς
1893 3595 1993 3666 τὴν

408 3671 682 3744 ὑμετέραν
739 3674 982 3744 ἀγάπην,
1029 3674 1164 3728 άλλά
1214 3677 1308 3730 καὶ
1367 3676 1500 3747 πρὸς
1543 3677 1720 3730 πᾶσαν
1773 3678 1871 3748 τῆς
1919 3681 1995 3732 ol-

410 3753 681 3826 κουμένης
745 3755 982 3812 σύνοδον.
1041 3757 1205 3811 Ὥστε
1257 3753 1351 3812 οὖν
1391 3759 1590 3826 γνῶτε,
1649 3758 1745 3812 ἐὰν
1798 3761 1992 3832 μυριά-

408 3854 496 3900 κις
527 3838 888 3910 ἀποστείλητε
921 3840 1060 3912 πρός
1115 3858 1213 3912 με,
1272 3841 1425 3895 οὐδὲν
1473 3842 1634 3896 πλέον
1695 3844 1991 3900 ἀκούσεσθε

405 3920 536 3992 παρ’
591 3918 749 3992 ἐμοῦ.
818 3923 1037 3978 Τούτων
1109 3925 1468 3992 ἐξελθόντων,
1541 3928 1788 3998 νοτάριος
1845 3932 1995 4002 παρά

405 4005 574 4068 πόδας
623 4007 860 4078 γράμμα
899 4007 1040 4080 ἔχων
1103 4009 1417 4080 βασιλικὸν,
1455 4011 1512 4065 ἐν
1561 4005 1607 4079 ᾧ
1665 4013 1995 4088 προεδεήθη-

408 4103 506 4139 σαν
559 4088 764 4142 ἄκοντα
824 4091 990 4144 αὑτὸν
1039 4092 1357 4163 ἀπαντῆσαι
1403 4095 1485 4157 είς
1522 4095 1623 4165 τὴν
1651 4095 1828 4166 δίκην,
1865 4115 1995 4152 κατ-

405 4171 632 4240 ήπειγεν
685 4173 848 4226 αὑτὸν
907 4175 988 4238 εἰς
1050 4174 1150 4246 τὴν
1208 4176 1411 4245 κρίσιν.
1479 4177 1632 4230 Μετά
1705 4179 1801 4250 τὴν
1861 4181 1995 4235 ἀπό-

405 4269 590 4324 κρισιν
645 4253 742 4326 τὴν
791 4257 929 4328 πρὸς
978 4258 1070 4314 τὸν
1137 4259 1424 4331 νοτάριον,
1492 4262 1844 4334 ἐμηνύθησαν
1876 4255 1996 4320 ’δύο

405 4335 771 4412 πρεσϐύτεροι
816 4338 910 4394 τοῦ
945 4341 1217 4408 Ἰωάννου,
1262 4343 1518 4412 Εὑγένιός
1562 4362 1667 4411 τις,
1715 4345 1774 4410 ὃς
1805 4349 1995 4418 μισθὸν

404 4421 504 4504 τῆς
540 4422 681 4475 κατὰ
701 4422 796 4476 τοῦ
826 4425 1128 4480 ἐπισκόπου
1163 4427 1410 4483 Ἰωάννου
1435 4432 1707 4502 συσκευῆς
1735 4433 1836 4504 τὴν
1865 4450 1998 4504 προ-

403 4502 588 4575 εδρίαν
633 4503 824 4561 ἐλαϐεν
863 4508 1225 4583 Ἡρακλείας,
1261 4513 1354 4567 καὶ
1402 4515 1431 4567 6
1464 4502 1994 4588 ήσυχαστὴςἸσαά-

404 4603 541 4671 κιος,
570 4589 658 4644 ἵνα
695 4590 770 4663 μὴ
800 4591 976 4658 ἄλλως
1006 4594 1167 4660 εἴπω,
1203 4595 1484 4666 λέγοντες·
1537 4598 1804 4670 Ἐδήλωσέ
1847 4615 1928 4652 σοι
1961 4601 1992 4671 ἡ

405 4669 650 4738 σύνοδος·
701 4676 940 4747 πέρασον
991 4678 1126 4749 πρὸς
1180 4681 1350 4750 ἡμᾶς,
1407 4669 1887 4752 ἀπολογησόμενος
1928 4669 1998 4736 τά

404 4755 752 4829 ἐγκλήματα.
784 4760 928 4830 Πρὸς
977 4761 1154 4815 ταῦτα
1188 4763 1218 4814 ὁ
1255 4763 1510 4835 Ἰωάννης
1553 4765 1892 4838 ἀντεδήλωσε
1929 4767 1994 4820 δι’

403 4841 721 4895 ἐπισκόπων
749 4841 975 4913 ἐτέρων·
1009 4845 1148 4915 Ποίᾳ
1193 4845 1489 4918 ἀκολουθίᾳ
1511 4848 1781 4914 δικάζετε,
1813 4852 1861 4904 οί
1892 4853 1998 4922 μή-

402 4940 462 5006 τε
501 4925 641 5006 τοὺς
669 4923 900 4995 ἐχθρούς
941 4943 1044 4996 μου
1095 4925 1418 4993 ἐξώσαντες,
1451 4931 1547 4984 καὶ
1574 4933 1660 4986 διὰ
1695 4935 1802 4987 τῶν
1848 4935 1996 5006 ἐμῶν

403 5005 682 5076 κληρικῶν
723 5023 792 5076 με
841 5009 1352 5080 μεταστελλόμενοι;
1387 5011 1454 5067 Οἱ
1493 5011 1548 5065 δέ
1580 5013 1834 5080 λαϐόντες
1872 5005 1996 5083 τοὺς

404 5087 768 5172 ἐπισκόπους,
817 5091 908 5144 τὸν
949 5093 1050 5164 μέν
1103 5093 1336 5165 ἔδειραν,
1389 5094 1482 5150 τὸν
1514 5095 1572 5150 δέ
1621 5101 1995 5172 περιέσχισαν,

403 5170 484 5242 τῷ
527 5170 586 5257 δέ
617 5173 812 5246 σίδηρα
846 5175 924 5246 τῷ
965 5177 1222 5249 τραχήλῳ
1274 5179 1628 5252 περιέθηκαν,
1659 5170 1705 5238 ἀ
1727 5170 1866 5257 ἦσαν
1909 5189 1997 5242 εὑ-

403 5254 762 5327 τρεπίσαντες
788 5257 867 5330 τῷ
902 5260 1064 5333 ἁγίῳ,
1097 5262 1164 5315 ἵν’
1203 5259 1378 5328 οὑτως
1407 5263 1627 5337 βληθεὶς
1675 5254 1760 5335 εἰς
1791 5269 1993 5335 πλοῖον,

406 5339 486 5429 εἰς
513 5337 708 5429 ἄδηλον
737 5341 1015 5429 ἀποσταλῇ
1063 5345 1227 5400 τόπον
1248 5363 1262 5377 ·
1296 5346 1388 5401 τοῦ
1441 5348 1696 5422 δαίμονος
1747 5354 1999 5429 καθάπερ

406 5421 630 5508 λέοντας
669 5425 1049 5497 ἀγριώσαντος
1085 5430 1300 5496 αὐτούς.
1334 5434 1442 5488 Καὶ
1472 5439 1500 5489 ὁ
1531 5437 1631 5508 μὲν
1663 5439 1806 5506 ὅσιος
1842 5421 1997 5506 εἰδὼς

405 5507 507 5578 τὴν
532 5507 725 5595 ἀναιδῆ
774 5511 956 5595 αὑτῶν
999 5513 1250 5589 γνώμην,
1300 5519 1492 5573 ἑαυτὸν
1540 5521 1790 5595 ἐπέσχεν.
1827 5529 1888 5579 Ol
1938 5526 1994 5578 δὲ

407 5587 700 5674 γεννάδες,
727 5591 1034 5674 πράξαντες
1063 5587 1455 5669 ὑπομνημάτια
1495 5587 1740 5674 ἀράχνης
1775 5603 1997 5658 ἀσθενέ-

409 5681 576 5754 στερα
611 5669 744 5754 πρὸς
772 5671 1092 5754 ἀφοσίωσιν,
1135 5669 1546 5746 ἀποφαίνονται
1575 5669 1716 5734 κατά
1758 5683 1850 5736 τοῦ
1890 5701 1994 5754 μα-

408 5746 623 5833 καρίου,
664 5743 723 5803 οὗ
767 5750 890 5804 οὔτε
921 5751 980 5804 τὸ
1014 5755 1302 5824 πρόσωπον
1332 5753 1489 5823 εἶδον,
1537 5760 1659 5812 οὔτε
1691 5743 1996 5833 φυνλῆςάὑ-

408 5827 502 5881 τοῦ
559 5833 817 5902 ἥκτυςαν,
863 5839 920 5890 ἰν
969 5837 1148 5910 ἡμέρᾳ
1204 5841 1300 5912 μιᾷ
1345 5842 1439 5913 τὴν
1487 5845 1540 5896 ἐν
1587 5845 1762 5917 πολλῷ
1817 5847 1992 5918 χρόνῳ

2095 420 2460 492 ὑφαινομένην
2491 418 2690 473 κακίαν
2732 413 3252 489 συμπεραιὼσαντες
3273 432 3286 443 ·
3328 414 3688 486 ἀνεπίσχετον

2091 506 2200 578 γὰρ
2223 505 2284 558 τὸ
2321 501 2671 574 δαιμονιῶδες
2699 502 2949 572 ὅρμημα,
2995 501 3099 554 οὑκ
3147 499 3416 570 ἀναμένον
3467 499 3681 569 σκέψιν.

2086 588 2197 642 Καὶ
2241 586 2556 659 πέμψαντες
2607 583 2688 654 τῷ
2742 584 2950 654 βασιλεῖ
3001 582 3302 654 ἀναφοράν,
3340 580 3678 652 προέταξαν·

2098 671 2320 742 Ἐπειδὴ
2355 669 2757 742 κατηγορηθεὶς
2794 667 3048 737 Ἰωάννης
3079 666 3170 718 ἐπὶ
3201 667 3392 728 κακοῖς
3417 681 3547 731 τισι,
3583 667 3678 718 καὶ

2087 753 2342 818 συνειδὼς
2402 753 2614 822 ἐαυτῷ,
2660 753 2762 806 οὑκ
2815 751 3081 822 ἠθέλησεν
3134 749 3478 818 ἀπαντῆσαι,
3525 750 3676 803 τόνδε

2089 837 2329 892 τοιοῦτον
2388 833 2742 907 καθαιροῦσιν
2787 835 2836 888 οἱ
2874 833 3064 904 νόμοι·
3095 832 3124 884 ὃ
3174 831 3239 902 δὴ
3301 831 3396 884 καὶ
3443 831 3673 904 ὑπέστη.

2085 921 2414 993 Περιέχουσι
2435 920 2494 974 δέ
2517 921 2567 972 οἱ
2608 916 2838 970 λιϐἐλλοι
2864 919 2958 970 καὶ
2984 914 3360 978 καθοσιώσεως
3401 915 3671 986 ἔγκλημα.

2085 1004 2346 1058 Κελεύσει
2397 999 2492 1057 οὖν
2538 1003 2573 1072 ἡ
2619 1000 2771 1070 ὑμῶν
2821 999 3074 1054 εὐσέϐεια
3127 1000 3222 1052 καὶ
3266 997 3468 1052 ἄκοντα
3511 996 3679 1054 αὑτὸν

2087 1087 2425 1160 ἐξωσθῆναι,
2478 1085 2573 1140 καὶ
2627 1085 2784 1148 δίκας
2838 1082 3022 1137 δοῦναι
3055 1083 3146 1135 ἐπὶ
3195 1085 3262 1152 τῇ
3319 1082 3674 1148 καθοσιώσει,

2086 1171 2274 1243 ἐπειδὴ
2303 1173 2433 1242 ἡμῖν
2459 1171 2560 1224 οὑκ
2592 1167 2770 1234 ἔξεστι
2803 1167 2980 1221 ταῦτα
3011 1166 3212 1238 ζητεῖν.
3242 1163 3314 1219 Ὦ
3349 1167 3674 1237 τρισάθλιοι,

2084 1255 2121 1310 ἂ
2169 1258 2415 1326 φρονεῖτε
2455 1253 2550 1307 καὶ
2577 1254 2800 1305 ποιεῖτε·
2834 1249 3155 1320 αἰσχύνεσθε
3185 1249 3361 1302 ταῦτα
3391 1253 3582 1314 ποιεῖν,
3611 1253 3675 1305 οὑ

2085 1339 2238 1404 Θεὸν,
2269 1335 2406 1392 ἀλλά
2434 1335 2530 1390 ἀνθ
2541 1333 2755 1407 ρώπους
2785 1333 3098 1403 αἰδούμενοι
3124 1332 3158 1403 ἢ
3195 1331 3539 1402 φοϐούμενοι.
3563 1329 3678 1387 Ἦν

2084 1423 2142 1478 δὲ
2177 1425 2208 1494 ἡ
2242 1419 2568 1484 καθοσίωσις
2603 1421 2636 1489 ή
2683 1419 2763 1483 είς
2790 1417 2890 1488 τὴν
2938 1416 3256 1488 βασίλισσαν
3293 1416 3565 1488 λοιδορία,
3597 1418 3676 1483 ὡς

2088 1507 2282 1560 ἐκεῖνοι
2309 1505 2636 1576 ἀνήνεγκαν,
2673 1503 2756 1556 ὅτι
2802 1497 2957 1554 εἶπεν
2987 1501 3155 1573 αὐτὴν
3193 1498 3450 1565 Ἰεζάϐελ.
3482 1501 3591 1554 Καὶ
3623 1505 3675 1556 οί

2090 1589 2189 1660 μὲν
2220 1587 2534 1659 θαυμάσιοι,
2577 1586 2668 1640 τὸν
2693 1583 2780 1638 διὰ
2819 1583 3007 1654 ξίφους
3049 1585 3278 1639 θάνατον
3306 1583 3471 1637 αὑτοῦ
3501 1585 3675 1654 ποθή-

2087 1689 2278 1736 σαντες
2324 1671 2473 1733 ἰδεῖν,
2503 1667 2676 1734 οὑτως
2717 1669 3053 1740 ἀνήνεγκαν·
3087 1670 3114 1722 6
3144 1669 3200 1722 δέ
3245 1668 3377 1732 Θεὸς
3421 1668 3516 1722 καὶ
3547 1667 3672 1721 τούς

2085 1773 2194 1810 των
2227 1755 2542 1826 ἐφανέρωσε
2585 1753 2686 1825 τὴν
2735 1751 3135 1824 ἐνδομυχοῦσαν
3174 1753 3391 1817 κακίαν,
3435 1754 3530 1806 καὶ
3561 1753 3676 1807 τῶν

2088 1839 2362 1912 ἀρχόντων
2391 1837 2704 1908 ἐμαλάκυνε
2735 1836 2832 1908 τὴν
2867 1837 3097 1908 καρδίαν
3117 1853 3128 1865 ·
3163 1838 3414 1907 καθάπερ
3444 1839 3538 1890 ἐπὶ
3575 1838 3674 1892 τοῦ

2088 1922 2284 1994 Δανιὴλ
2312 1921 2507 1992 συνέϐη
2532 1923 2591 1974 ἐν
2617 1919 2920 1975 Βαϐυλῶνι.
2955 1921 3104 1974 Ἐκεῖ
3126 1918 3236 1990 γάρ
3254 1921 3304 1972 οἱ
3339 1922 3437 1990 μὲν
3460 1920 3672 1984 λέοντες

2089 2004 2473 2077 ἡμερώθησαν,
2502 2004 2821 2076 φεισάμενοι
2850 2001 2945 2056 τοῦ
2984 2001 3201 2074 Δανιὴλ,
3229 2003 3280 2054 εί
3309 2002 3366 2056 δὲ
3397 2003 3675 2074 ἄνθρωποι

2089 2087 2458 2160 ἠγριώθησαν,
2503 2087 2896 2158 ἀφειδήσαντες
2922 2086 3015 2140 τοῦ
3059 2087 3365 2158 προφήτου,
3394 2087 3487 2140 καὶ
3519 2087 3674 2140 ἐδυσ-

2087 2170 2310 2244 ώπησεν
2341 2173 2370 2225 6
2402 2171 2534 2234 Θεὸς
2567 2173 2694 2234 τοὺς
2737 2169 2891 2242 παρὰ
2923 2169 3084 2239 φύσιν
3127 2169 3517 2242 ἀγριωθέντας,
3562 2171 3672 2224 τῶν

2089 2256 2242 2329 παρὰ
2271 2255 2432 2325 φύσιν
2460 2255 2876 2327 ἡμερωθέντων.

2160 2340 2661 2404 ΚΕΦ.θ’.-Οὑτως
2693 2339 2902 2411 ἐξώσθη
2941 2342 2970 2394 6
3015 2339 3264 2410 Ἰωάννης
3299 2339 3397 2410 τῆς
3443 2339 3670 2410 Ἐκκλη-

2091 2425 2244 2489 σίας,
2293 2424 2530 2496 κόμητος
2567 2423 2965 2488 ἀποσταλέντος
3001 2423 3097 2477 σὺν
3131 2426 3494 2494 στρατιωτικῇ
3543 2423 3671 2494 βοη-

2089 2508 2236 2581 θείᾳ,
2291 2507 2544 2579 καθάπερ
2592 2507 2686 2560 ἐπὶ
2739 2507 3078 2579 βαρϐαρικῆς
3131 2506 3509 2578 παρατάξεως.
3547 2508 3671 2560 ἸΞκ-

2091 2591 2310 2663 ϐληθεὶς
2348 2591 2406 2646 δέ
2460 2591 2651 2660 φθάνει
2698 2593 2779 2655 είς
2817 2589 2885 2644 τά
2925 2591 3068 2644 κατά
3105 2589 3402 2662 Πραίνετον
3435 2591 3531 2656 τῆς
3576 2592 3670 2644 Βι-

2090 2675 2277 2740 θυνίας
2344 2675 2584 2748 ἀγρίδια.
2639 2676 2830 2746 Μέσης
2893 2674 2950 2728 δέ
3009 2674 3397 2745 διαγενομένης
3461 2677 3675 2746 ἡμέρας

2093 2762 2240 2830 μιᾶς,
2281 2760 2482 2831 συνέϐη
2515 2759 2744 2832 θραῦσίν
2769 2776 2894 2814 τινα
2942 2757 3192 2828 γενέσθαι
3225 2759 3283 2812 ἐν
3321 2759 3400 2830 τῷ
3434 2759 3672 2812 κοιτῶνι.

2087 2842 2418 2913 Φοϐηθέντες
2461 2845 2526 2896 ἐκ
2570 2841 2784 2908 τούτου,
2824 2841 2895 2895 δι’
2936 2841 3140 2896 οἰκείου
3185 2843 3433 2912 νοταρίου
3472 2844 3675 2896 ἀνακα-

2088 2925 2306 2980 λοῦνται
2347 2926 2440 2979 τὸν
2494 2925 2752 2997 Ἰωάννην
2806 2925 2945 2996 μετὰ
3003 2925 3218 2996 ἡμέρας
3265 2925 3484 2994 ὀλίγας,
3538 2926 3675 2978 ἀπο-

2089 3009 2269 3074 δόντες
2298 3009 2377 3080 τῷ
2407 3009 2596 3078 οἰκείῳ
2629 3009 2824 3080 θρόνῳ.
2850 3007 3038 3072 Οὕτως
3067 3011 3095 3062 6
3132 3008 3390 3078 Θεόφιλος
3431 3009 3526 3062 σὺν
3565 3011 3678 3072 τοῖς

2091 3092 2408 3162 Αἰγυπτίοις
2429 3095 2575 3163 φυγῇ
2604 3092 2702 3163 τὴν
2727 3092 3002 3164 σωτηρίαν
3027 3090 3336 3163 πορίζεται·
3362 3092 3542 3162 ἐζήτει
3570 3093 3679 3161 γάρ

2094 3179 2126 3247 ἡ
2159 3177 2312 3240 πόλις
2361 3177 2526 3231 αὑτὸν
2557 3175 2928 3230 θαλασσῶσαι.
2960 3175 3115 3229 Μετά
3165 3175 3259 3228 δύο
3295 3175 3468 3246 μῆνας
3517 3177 3681 3228 πάλιν

2094 3260 2609 3322 ὑπαναπνεύσαντες
2636 3259 2737 3329 τῆς
2784 3257 3018 3330 πληγῆς,
3053 3257 3416 3328 φρυάττονται
3459 3261 3523 3311 ἐκ
3563 3259 3682 3312 δευ-

2091 3344 2251 3414 τέρου
2280 3342 2419 3396 κατὰ
2447 3341 2542 3396 τοῦ
2571 3341 2818 3396 Ἰωάννου
2835 3358 2850 3374 ·
2881 3342 2976 3395 καὶ
3001 3330 3356 3412 εὐπρόσωπον
3383 3341 3557 3413 ἀρχὴν
3584 3345 3682 3413 οὐχ

2093 3427 2460 3498 εὑρίσκοντες,
2493 3424 2768 3497 πέμπουσι
2803 3425 2940 3496 πρὸς
2968 3425 3058 3479 τὸν
3090 3424 3346 3496 σοφιστὴν
3373 3425 3479 3478 τῶν
3517 3428 3682 3478 τοιού-

2093 3527 2200 3563 των
2250 3511 2330 3574 είς
2366 3508 2776 3580 Ἀλεξάνδρειαν
2809 3507 3174 3579 δηλώσαντες·
3199 3508 3272 3560 ’Ἡ
3305 3508 3468 3562 πάλιν
3509 3509 3683 3561 ἀπάν-

2093 3609 2252 3664 τησον
2294 3593 2690 3664 στρατηγήσων
2723 3591 2866 3646 κατά
2903 3590 2998 3644 τοῦ
3033 3591 3300 3651 Ἰωάννου,
3336 3591 3393 3662 ἢ,
3433 3593 3481 3644 εἰ
3526 3591 3686 3644 τοῦτο

2091 3675 2334 3739 δέδοικας
2366 3675 2454 3728 διὰ
2492 3677 2620 3740 τοὺς
2669 3675 2854 3740 λαοὺς,
2895 3675 3096 3746 τρόπον
3143 3676 3274 3746 ἡμῖν
3305 3674 3509 3728 ὑπόθου
3541 3675 3682 3732 τινά.

2091 3759 2160 3812 δι’
2192 3755 2250 3814 οὗ
2288 3758 2386 3831 τὴν
2428 3760 2604 3832 ἀρχὴν
2639 3761 2974 3832 ποιήσωμεν.
3012 3759 3155 3830 Πρὸς
3188 3759 3398 3824 τούτοις
3432 3760 3460 3812 6
3494 3759 3688 3828 626;:-

2093 3842 2204 3908 λος,
2233 3842 2396 3908 αὑτὸς
2427 3844 2526 3914 μὲν
2550 3843 2650 3898 οὑκ
2679 3844 3018 3916 ἀπήντησεν,
3042 3839 3200 3906 εἰδὼς
3223 3843 3371 3906 ὅπως
3408 3842 3683 3912 διέφυγεν,

2093 3925 2380 3980 ἀπέστειλε
2404 3926 2462 3980 δέ
2490 3929 2640 3998 τρεῖς
2671 3927 2940 3991 ἐλεεινοὺς
2969 3925 3326 3990 ἐπισκόπους,
3355 3925 3568 3978 Παῦλον
3594 3929 3688 3979 καὶ

2096 4009 2338 4080 Ποιμένα
2379 4011 2472 4064 καὶ
2510 4011 2697 4082 ἕτερον
2731 4009 3217 4082 νεοχειροτόνητον,
3261 4009 3686 4074 συναποστείλας

2097 4093 2280 4158 αὐτοῖς
2310 4095 2404 4148 καὶ
2419 4094 2650 4159 κανόνας
2679 4095 2830 4160 τινὰς
2857 4094 2952 4159 οὒς
2971 4095 3362 4166 πεποιήκεισαν
3388 4096 3437 4147 οἱ
3474 4095 3688 4166 Ἀρεια-

2096 4179 2177 4232 νοὶ
2213 4179 2355 4232 κατά
2395 4177 2491 4232 τοῦ
2523 4179 2794 4250 μακαρίου
2841 4177 3182 4244 Ἀθανασίου,
3211 4178 3296 4231 ἵνα
3326 4179 3507 4238 αὑτοῖς
3526 4189 3552 4216 α
3578 4181 3689 4242 τοῖς

2095 4261 2288 4315 κανόσι
2338 4262 2698 4333 χρησάμενοι,
2733 4261 2887 4325 δίκας
2937 4260 3173 4327 πλέξωσι
3219 4259 3300 4332 τῷ
3335 4260 3577 4331 Ἰωάννῃ,
3613 4262 3689 4324 ὡς

2099 4352 2238 4424 μετά
2261 4353 2580 4426 καθαίρεσιν
2604 4352 2781 4424 ἐαυτῷ
2799 4352 3191 4410 ἐπεισελθόντι.
3221 4351 3552 4424 Ὀρμητικὸς
3581 4352 3690 4419 γάρ

2099 4439 2247 4490 ἐστιν
2275 4438 2339 4490 ἐκ
2367 4437 2604 4507 φύσεως,
2624 4438 2719 4492 καὶ
2743 4436 3038 4510 προπετὴς,
3071 4436 3167 4492 καὶ
3191 4436 3418 4507 θρασὺς,
3445 4436 3541 4490 καὶ
3575 4436 3688 4489 δια-

2099 4520 2375 4592 φερόντως
2421 4521 2750 4590 φιλόνεικος·
2794 4522 2948 4576 οὑδέν
2987 4521 3098 4590 γάρ
3145 4515 3264 4574 ἐστι
3301 4519 3395 4574 τοῦ
3429 4519 3691 4590 φανέντος

2097 4603 2246 4674 αὑτῷ
2293 4604 2399 4658 ὑπὸ
2430 4604 2528 4676 τῆς
2579 4603 2788 4674 ὄψεως,
2817 4605 2848 4658 δ
2874 4606 2902 4647 b
2932 4605 3053 4676 οὑχὶ
3103 4603 3298 4658 θάττον
3343 4603 3434 4657 τοῦ
3481 4603 3690 4666 δέοντος

2098 4689 2490 4760 ἀκατασχέτως
2539 4689 2724 4760 ὁρμᾷ,
2779 4690 2865 4741 ἐπ’
2907 4688 3058 4755 αὐτῷ
3113 4689 3249 4760 μήτε
3307 4688 3487 4757 κρίσιν
3553 4689 3689 4758 μήτε

2100 4771 2290 4842 σκέψιν
2323 4772 2630 4845 ἀναμένων.
2669 4771 2963 4844 Ἀλογίστῳ
2990 4772 3047 4826 δὲ
3081 4773 3220 4844 φορᾷ
3245 4770 3434 4842 χρώμε
3449 4788 3528 4834 θος
3560 4771 3701 4850 ἀτά-ἰ

2099 4873 2242 4920 κτως
2278 4856 2482 4926 βαδίζει
2513 4857 2606 4910 ἐπὶ
2647 4857 2748 4928 τὴν
2799 4854 2990 4910 τούτου
3028 4855 3444 4928 συγκατάθεσιν,
3486 4855 3580 4908 καὶ
3624 4859 3706 4928 τῇῙ

2097 4940 2434 5012 ψηφισθείσῃ
2452 4939 2725 5008 ἀποφάσει
2747 4937 2982 5010 βεϐαίως
3005 4939 3435 5011 ἐπερειδόμενος,
3457 4937 3692 5004 εὐτόνως

2100 5025 2520 5094 ἀντιφιλονεικεῖ
2547 5024 2710 5077 παντὶ
2735 5022 2812 5094 τῷ
2842 5021 3154 5094 βουλομένῳ
3176 5021 3670 5092 ἀνταποφήνασθαι

2103 5108 2420 5172 σπουδάζων
2448 5108 2538 5161 ἀεὶ
2576 5107 2674 5178 τὴν
2726 5107 2924 5161 ἑαυτοῦ
2954 5107 3138 5178 κρίσιν
3175 5124 3235 5160 τε
3280 5106 3374 5160 καὶ
3399 5105 3582 5176 ψῆφον
3613 5125 3693 5161 νι-

2074 5238 2077 5240 .
2101 5191 2284 5247 κῶσάν
2301 5209 2359 5244 τε
2375 5191 2470 5244 καὶ
2486 5191 2790 5262 κρατοῦσαν
2819 5190 3164 5260 ἀποφαίνειν.
3196 5192 3260 5244 Ὃ
3289 5189 3352 5260 δὴ
3383 5188 3476 5243 καὶ
3509 5189 3693 5244 ποιοῦ-

2103 5293 2185 5328 σιν
2230 5274 2586 5345 ἐπιστάμενοι
2644 5273 2809 5329 αὑτοῦ
2859 5275 2918 5328 τὸ
2979 5270 3131 5344 ἦθος.
3175 5273 3693 5343 Μετακαλεσάμενοι

2099 5360 2207 5432 γάρ
2231 5361 2330 5431 τῆς
2349 5360 2570 5432 Συρίας,
2610 5360 2703 5413 καὶ
2737 5357 3154 5424 Καππαδοκίας,
3185 5359 3280 5411 καὶ
3308 5357 3406 5428 τῆς
3427 5357 3695 5427 Ποντικῆς

2101 5445 2420 5516 διοικήσεως
2455 5445 2549 5497 καὶ
2591 5444 2830 5515 Φρυγίας
2887 5443 3044 5506 ὅλους
3074 5454 3094 5481 ε
3147 5440 3547 5513 μητροπολίτας
3598 5439 3696 5494 καὶ

2101 5525 2458 5588 ἐπισκόπους,
2507 5523 2952 5595 συναθροίζουσιν
2995 5523 3072 5585 είς
3114 5521 3214 5592 τὴν
3251 5519 3696 5576 Κωνσταντινού-

2103 5603 2278 5662 πολιν.
2310 5607 2371 5658 Οἱ
2405 5605 2460 5658 δέ
2507 5605 2961 5676 παραγενόμενοι,
2999 5600 3137 5655 κατά
3169 5601 3266 5673 τὴν
3305 5600 3412 5656 τῶν
3453 5601 3697 5659 κανόνων

2167 5730 2192 5806 ς
2219 5731 2424 5806 Fontius
2448 5732 2693 5806 ἰρειηηιμιι
2728 5731 2926 5785 τούτοις.

2164 5791 2192 5831 θ’
2219 5794 2352 5852 Lege
2379 5793 2491 5850 πρὸς

2171 5859 2188 5885 ε
2216 5856 2415 5916 Corrig?
2441 5855 2486 5900 ὃ)
2496 5871 2568 5912 ης.
