4038 6154
285 325 358 380 es
1262 324 1351 381 DE
1386 324 1545 381 VITA
1587 324 1645 379 s.
1686 322 1967 381 JOANNIS
2001 324 2489 388 cunrsosrom.
3516 354 3582 410 50

286 443 402 509 εειιὶ
454 453 561 494 non
605 438 671 494 ad
701 439 1039 496 eversionem
1070 439 1332 494 Ecclesia:
1353 482 1366 502 ,
1409 440 1502 495 sed
1536 441 1588 494 in
1629 455 1778 510 pace.
1813 440 1892 494 Tu

291 531 444 585 enim
472 529 775 584 tricesimus
827 539 1011 584 sextus
1044 544 1103 585 es
1143 546 1208 584 ex
1248 531 1402 585 unica
1442 531 1744 600 provincia;
1794 545 1892 585 nos

290 639 425 677 vero
455 637 639 677 sumus
663 622 1021 693 quadraginta
1063 638 1093 677 e
1123 624 1352 679 diversis
1391 625 1681 694 provinciis
1705 666 1718 690 ,
1754 625 1893 679 inter

288 731 427 786 quos
456 729 640 770 sumus
667 715 832 769 etiam
861 724 1067 785 septem
1093 715 1444 786 Metmpolitre
1470 733 1483 769 :
1508 725 1563 771 et
1601 726 1888 773 consenta-

287 825 448 864 neum
491 818 577 865 est
616 817 676 864 ut
721 810 900 864 minor
935 824 1193 864 numerus
1223 824 1253 863 a
1282 809 1470 880 majori
1500 818 1662 881 atque
1695 811 1887 881 potiori

285 899 585 955 secundum
611 915 850 957 canones
874 899 1166 970 judieetur.
1218 900 1488 957 Ilabemus
1516 902 1659 956 enim
1688 911 1740 958 et
1770 905 1887 972 epi-

282 991 485 1047 stolam
512 1000 680 1055 tuam,
712 1008 813 1063 per
839 1007 999 1063 quam
1031 1007 1219 1047 mones
1243 992 1620 1063 coepiscopum
1646 1003 1885 1049 nostrum

282 1084 553 1141 Joannem
594 1086 992 1141 accusationem
1023 1095 1170 1141 extra
1211 1085 1408 1141 limites
1436 1101 1539 1141 non
1569 1086 1767 1143 debere
1792 1088 1886 1142 ad-

284 1177 524 1233 mittere.
558 1176 714 1233 Unde
759 1176 965 1248 legibus
1004 1177 1381 1233 ecclcsiaSticis
1411 1191 1638 1249 parens,
1668 1193 1888 1233 accusa-

284 1281 433 1326 tores
462 1279 587 1325 tuos
616 1285 711 1325 ora
734 1313 751 1338 ,
784 1279 842 1325 ut
865 1271 934 1325 ab
962 1270 1265 1326 accusando
1293 1280 1344 1326 te
1370 1271 1665 1338 desistant,
1698 1279 1790 1325 aut
1818 1272 1885 1327 ab

284 1379 510 1419 accessu
549 1373 601 1419 et
646 1363 888 1436 perfugio
915 1363 981 1419 ad
1016 1364 1298 1420 Joannem.
1342 1364 1423 1420 Ad
1458 1363 1573 1420 hare
1609 1374 1883 1435 permotus

282 1456 555 1522 Joannes,
599 1456 868 1527 episcopis
915 1456 1129 1527 quidem
1177 1471 1390 1511 suarum
1434 1456 1664 1527 partium
1708 1456 1880 1511 dixit:

286 1548 435 1614 Vos,
479 1548 621 1620 quod
667 1547 821 1603 vobis
850 1549 1082 1616 videtur,
1133 1548 1749 1619 signiﬁeatewmterum
1796 1566 1883 1606 me

283 1648 502 1709 oportet
526 1639 592 1694 ad
614 1654 677 1695 ea
701 1655 823 1710 qua:
845 1638 977 1695 mihi
1005 1640 1180 1697 delata
1207 1648 1334 1696 sunt
1358 1642 1675 1698 rescribere.
1703 1642 1881 1697 Theo-

283 1734 418 1803 phili
441 1742 616 1788 autem
639 1735 872 1805 partium
895 1734 1164 1805 episcopis
1190 1734 1305 1790 lucc
1328 1735 1605 1805 rescripsit
1635 1753 1649 1790 :
1679 1735 1791 1806 Ego
1812 1750 1878 1790 an

279 1825 407 1896 quis
431 1833 617 1879 contra
646 1839 735 1879 me
764 1824 1053 1886 dicendum
1095 1824 1297 1896 aliquid
1344 1824 1538 1880 habeat
1563 1867 1579 1893 ,
1622 1823 1879 1881 hactenus

279 1917 512 1971 omnino
542 1916 756 1972 nescius
782 1931 901 1980 sum
928 1934 941 1972 :
966 1916 1011 1972 si
1041 1918 1161 1988 quis
1185 1932 1313 1974 vero
1338 1918 1594 1973 adversus
1618 1933 1703 1973 me
1724 1917 1878 1971 dixe-

279 2012 375 2076 rit,
400 2021 454 2066 et
483 2011 677 2067 adesse
704 2025 790 2066 me
822 2010 1004 2076 vultis,
1048 2010 1361 2066 manifestos
1401 2011 1646 2066 inimicos
1693 2026 1873 2075 meos,

276 2103 374 2172 qui
405 2118 470 2164 ex
501 2118 596 2164 sna
624 2103 949 2174 negligentia
976 2117 1098 2174 erga
1123 2117 1210 2157 me
1232 2102 1371 2157 male
1398 2101 1612 2156 animati
1640 2111 1782 2169 sunt,
1808 2118 1875 2157 ex

273 2210 552 2253 conventu
581 2205 761 2253 vestro
799 2197 998 2267 ejicite.
1029 2196 1212 2268 Neque
1241 2195 1307 2252 de
1335 2197 1455 2252 loco
1488 2195 1787 2262 contendo,
1821 2197 1873 2251 in

273 2287 669 2358 quojndicium
697 2287 879 2343 subire
910 2303 996 2342 me
1025 2295 1269 2358 oportet,
1302 2286 1403 2343 etsi
1451 2286 1503 2343 id
1548 2288 1778 2342 maxime
1822 2288 1873 2342 in

271 2380 500 2434 civitate
533 2378 643 2434 Iieri
666 2379 923 2450 oportuit.
947 2378 1083 2434 Sunt
1110 2387 1287 2433 autem
1310 2393 1444 2449 quos
1465 2378 1672 2447 rcjicio,
1698 2377 1875 2433 Theo-

272 2471 501 2539 philus,
533 2485 694 2541 quem
738 2470 954 2525 revineo
997 2470 1197 2526 dixisse
1237 2477 1294 2525 et
1334 2469 1672 2525 Alexandrim
1715 2478 1770 2524 et
1819 2470 1869 2524 in

269 2563 439 2635 Lycia
466 2580 482 2617 :
508 2563 563 2616 In
593 2561 900 2617 comitatum
941 2560 1268 2631 proﬁciscor,
1314 2568 1372 2614 ιιι
1412 2559 1670 2615 Joannem
1709 2559 1874 2630 depo-

266 2672 426 2710 nam.
451 2654 505 2709 Id
528 2663 706 2711 autem
729 2668 913 2709 verum
939 2663 1020 2710 est
1047 2670 1119 2710 ex
1141 2669 1206 2709 eo
1223 2652 1361 2724 quod
1392 2662 1669 2724 postquam
1691 2669 1873 2710 acces-

265 2747 364 2813 sit,
398 2762 575 2815 neqne
602 2761 688 2802 mc
715 2746 1021 2816 alloquutns
1051 2754 1163 2810 est,
1197 2760 1372 2815 neque
1398 2758 1605 2800 mecum
1631 2760 1871 2800 commu-

263 2838 494 2891 nicavit.
515 2836 614 2904 Qni
639 2837 796 2908 igitur
815 2844 940 2891 ante
964 2834 1290 2890 auditionem
1313 2834 1577 2889 hostiliter
1601 2850 1659 2890 se
1679 2835 1865 2905 gessit,

262 2932 399 3001 quid
432 2939 555 3001 post
589 2930 847 3001 judicium
893 2929 1128 2985 facturus
1171 2929 1290 2984 est?
1332 2927 1592 2983 Similiter
1629 2935 1685 2983 et.
1726 2930 1869 2984 Aca—

261 3027 412 3079 cium
441 3038 695 3094 coargno,
724 3023 815 3094 qui
841 3023 1039 3078 dixerit
1069 3041 1081 3077 :
1117 3022 1231 3093 Ego
1252 3022 1327 3077 illi
1357 3023 1516 3076 ollam
1555 3022 1767 3077 condio.
1795 3022 1868 3079 De

262 3115 565 3170 Severiano
592 3123 644 3169 et
673 3114 936 3170 Antiocho
957 3114 1084 3185 quid
1108 3115 1295 3170 attinet
1324 3113 1525 3180 dicere,
1560 3129 1695 3185 quos
1711 3113 1868 3169 citius

261 3207 504 3277 excipiet
544 3206 720 3261 divina
747 3206 949 3277 justitia
971 3248 984 3270 ,
1013 3221 1240 3277 quorum
1285 3207 1602 3261 temerarios
1647 3215 1867 3261 conatus

260 3299 432 3352 etiam
459 3298 740 3353 szccnlaria
764 3297 967 3352 theatra
989 3297 1220 3353 canunt?
1238 3297 1399 3368 Igitur
1413 3298 1455 3352 si
1473 3311 1660 3352 revera
1680 3296 1866 3353 adesse

259 3407 357 3445 me
384 3390 548 3445 vultis
567 3431 583 3458 ,
607 3405 791 3460 qumso
819 3406 913 3446 eos
943 3400 1169 3460 quatuor
1188 3431 1203 3456 ,
1232 3390 1277 3443 si
1304 3389 1519 3459 quidem
1547 3397 1605 3443 ut
1624 3388 1828 3458 judices
1847 3429 1862 3455 ,

259 3502 328 3540 ex
359 3499 620 3540 consessu
642 3484 817 3555 ejicite
839 3502 855 3550 ;
880 3484 961 3539 sin
989 3493 1046 3538 ut
1066 3492 1423 3548 accusatores,
1448 3482 1650 3551 judicio
1672 3481 1861 3547 sistite,

259 3585 322 3629 nt
355 3576 523 3630 sciam
552 3574 823 3645 quomodo
849 3590 933 3630 me
955 3569 1321 3629 ad'certamen
1354 3574 1611 3627 instruam
1636 3614 1651 3639 ,
1693 3587 1760 3625 an
1808 3580 1866 3625 ut

259 3676 457 3723 contra
487 3667 827 3723 adversarios
846 3708 861 3735 ,
891 3683 960 3722 an
987 3675 1045 3721 ut
1072 3676 1255 3722 contra
1291 3665 1500 3737 judices
1527 3684 1539 3720 ε
1569 3675 1622 3721 et
1646 3666 1864 3720 omnino

260 3762 479 3815 veniam
524 3775 632 3815 non
681 3760 854 3815 solum
896 3760 962 3814 ad
1007 3767 1239 3815 vestram
1268 3759 1567 3826 caritatem,
1593 3758 1686 3814 sed
1715 3767 1770 3813 et
1796 3759 1863 3813 ad

259 3854 514 3921 quamvis
553 3851 701 3907 orbis
742 3860 1005 3907 terrarum
1045 3850 1329 3923 synodum.
1369 3850 1570 3906 Scitote
1600 3866 1727 3920 ergo
1752 3892 1767 3917 ,
1814 3850 1859 3904 si

258 3945 449 4000 decies
479 3944 672 4000 millies
710 3943 776 3999 ad
805 3959 890 4000 me
920 3944 1169 3999 miseritis
1191 3985 1206 4011 ,
1251 3942 1384 3998 nihil
1422 3945 1653 4014 amplius
1682 3959 1749 3998 ex
1776 3959 1863 3998 me

261 4052 362 4091 vos
400 4035 702 4091 audituros.
751 4034 859 4091 Illis
903 4035 1166 4106 egressis,
1210 4035 1356 4090 venit
1397 4037 1575 4090 statim
1616 4034 1862 4089 Notarius

260 4129 473 4183 habens
500 4128 822 4198 rescriptum
852 4126 1217 4195 Imperatoris,
1248 4127 1332 4182 cui
1364 4127 1562 4182 inserta
1585 4135 1702 4182 erat
1730 4141 1860 4196 sup-

262 4221 485 4293 plicatio
506 4221 882 4292 episcoporum
904 4221 1196 4291 petentium
1221 4230 1277 4274 ut
1300 4218 1536 4275 Joannes
1568 4217 1768 4273 invitus
1794 4218 1859 4272 ad

261 4312 524 4383 judicium
572 4312 874 4379 sisteretur,
920 4325 1151 4381 emnque
1203 4309 1268 4363 ad
1313 4309 1570 4379 judicium
1619 4307 1859 4378 urgebat.

263 4403 392 4457 Post
423 4400 623 4456 factum
660 4402 870 4459 notario
897 4415 1235 4470 responsum,
1269 4399 1584 4469 prodierunt
1611 4397 1717 4453 duo
1745 4413 1863 4467 pre-

263 4496 467 4570 sbyteri
521 4494 780 4559 Joannis,
833 4493 1103 4564 Eugenius
1149 4490 1406 4562 quidam,
1454 4491 1543 4561 qui
1589 4489 1862 4545 Heracleae

264 4593 637 4662 episcopatum
675 4583 1092 4655 οοιιειιίτειιίοιιίε
1120 4582 1425 4638 mercedem
1456 4589 1737 4650 acceperat
1761 4622 1776 4645 ,
1810 4590 1864 4635 et

269 4686 506 4740 lsaacius
533 4680 829 4737 monachus
850 4721 865 4746 ,
899 4694 969 4734 ne
993 4679 1121 4749 quid
1156 4675 1302 4731 aliud
1340 4675 1514 4731 dicam
1536 4714 1551 4740 ,
1583 4674 1823 4727 dicentes
1847 4693 1858 4727 :

269 4778 498 4848 Scripsit
530 4776 625 4831 tibi
649 4772 898 4847 Synodus
930 4791 942 4826 :
972 4770 1164 4826 Transi
1195 4769 1260 4823 ad
1286 4782 1405 4832 nos,
1439 4776 1497 4821 ut
1525 4765 1734 4837 objecta
1758 4767 1863 4820 cri-

267 4870 411 4924 mina
434 4869 633 4923 diluas.
655 4866 736 4923 Ad
763 4865 880 4920 haec
903 4864 1141 4919 Joannes
1171 4876 1267 4930 per
1304 4859 1438 4914 alios
1469 4858 1747 4928 episcopos
1775 4873 1862 4912 re-

268 4960 821 5028 nuntiavitzQuonam
839 4956 1050 5011 tandem
1068 4955 1256 5011 ordine
1282 4953 1551 5024 judicatis,
1580 4951 1668 5022 qui
1693 4966 1864 5021 neque

270 5055 518 5110 inimicos
560 5066 712 5107 meos
751 5050 1052 5121 ejeceritis,
1095 5059 1149 5104 et
1196 5064 1282 5103 me
1328 5063 1422 5117 per
1451 5045 1676 5101 clericos
1714 5060 1864 5100 meos

268 5142 595 5200 accersatis?
624 5142 704 5198 Illi
736 5151 915 5197 autem
948 5139 1177 5209 arreptis
1213 5138 1479 5207 episc0pis
1499 5178 1513 5202 ,
1544 5134 1707 5190 alium
1737 5150 1862 5190 ver-

271 5239 491 5293 beribus
537 5235 868 5300 all'eccrunt,
919 5232 1140 5287 alterius
1182 5238 1360 5286 vestes
1416 5237 1861 5299 conccrpserunt,

268 5331 421 5385 alteri
441 5329 646 5385 ferreas
659 5337 878 5382 catenas
897 5325 1036 5380 collo
1056 5324 1504 5392 circnmposucre,
1529 5336 1661 5391 quas
1681 5327 1866 5375 sancto

270 5422 460 5478 Joanni
488 5429 850 5494 paraverant,
888 5428 947 5471 ut
981 5418 1058 5472 sic
1086 5415 1363 5485 conjectus
1399 5414 1450 5467 in
1482 5412 1780 5468 naviculam
1813 5428 1864 5465 ιιι

272 5515 511 5583 ignotum
561 5514 740 5569 locum
786 5509 1192 5574 amandarctur,
1241 5506 1485 5562 daemone
1538 5506 1656 5561 illos
1708 5504 1865 5559 veluti

278 5606 461 5661 leones
482 5604 765 5660 eﬂ'crante.
796 5601 865 5655 Et
892 5601 1076 5655 beatus
1098 5598 1312 5668 quidem
1334 5596 1546 5666 cognito
1574 5594 1865 5664 impudenti

274 5714 458 5753 eorum
500 5694 734 5751 consilio
777 5692 1011 5761 scipsum
1054 5689 1309 5745 cohibuit.
1350 5687 1430 5742 Illi
1460 5700 1587 5741 vero
1623 5685 1865 5754 generosi

275 5788 500 5850 scilicet,
530 5784 795 5841 confectis
822 5782 954 5835 dicis
982 5796 1136 5835 caiisa
1169 5780 1319 5845 actis,
1354 5794 1559 5833 araneae
1586 5777 1684 5831 tcla
1712 5776 1860 5829 infir-

2005 441 2282 539 mioribus,
2312 446 2607 507 decernunt
2628 453 2884 512 adversus
2905 458 3185 533 Joannem,
3208 467 3356 539 cujus
3383 473 3579 530 vultum

1999 548 2067 588 ne
2094 534 2336 593 viderant
2365 541 2599 610 quidem,
2632 560 2801 616 neque
2828 564 3011 605 vocem
3039 534 3382 625 audiverant,
3426 564 3580 634 longo

2001 633 2242 697 tempore
2286 642 2586 690 contextam
2643 639 2896 695 malitiam
2942 660 3046 699 uno
3096 647 3183 702 die
3237 633 3579 710 terminantez

2002 717 2349 788 (daemoniaea
2379 725 2519 778 enim
2568 727 2786 784 audacia
2817 733 3056 791 cohiberi
3095 754 3200 794 non
3244 751 3448 810 potest,
3482 762 3577 802 nec

2002 811 2285 866 consilium
2306 813 2577 887 admittit).
2603 818 2844 877 Etmissa
2873 825 2939 880 ad
2963 827 3337 899 Imperatorem
3367 836 3575 893 relatio-

1994 915 2080 968 nc,
2111 901 2188 956 sic
2215 904 2322 958 orsi
2348 915 2473 961 sunt
2501 924 2515 963 :
2540 909 2796 977 Quoniam
2818 920 3163 985 quorumdam
3185 925 3460 981 criminum
3488 947 3574 985 ac-

1997 1000 2214 1092 cusatus
2240 993 2475 1053 Joannes
2504 1008 2557 1054 et
2581 1001 2681 1056 sibi
2712 1007 2975 1073 conscius,
3001 1010 3166 1067 noluit
3193 1015 3401 1085 adesse,
3435 1020 3572 1092 leges

1994 1082 2151 1137 talem
2198 1084 2468 1155 deponunt
2496 1106 2509 1142 :
2539 1093 2681 1160 quod
2726 1103 2779 1149 et
2822 1096 2933 1166 ipse
2960 1099 3139 1157 subiit.
3168 1103 3354 1161 Libelli
3388 1082 3570 1167 autem

1990 1174 2149 1228 etiam
2184 1175 2324 1231 Iresre
2348 1180 2641 1249 majestatis
2669 1184 2869 1241 crimen
2897 1190 3188 1247 continent.
3219 1194 3432 1254 anebit
3473 1202 3571 1272 igi-

1993 1273 2077 1317 tur
2098 1265 2271 1322 Pietas
2300 1279 2473 1325 vestra
2496 1287 2617 1328 eum
2641 1277 2726 1331 vel
2749 1276 2968 1333 invitum
2988 1283 3128 1352 ejici,
3151 1296 3203 1339 et
3226 1303 3410 1359 pmnas
3431 1265 3572 1348 busto

1991 1355 2289 1447 majestatis
2317 1359 2479 1427 dare;
2508 1364 2933 1436 quandoquidem
2961 1373 3012 1425 in
3043 1373 3155 1429 hcce
3183 1355 3446 1447 inquirere
3478 1399 3568 1436 no~

1988 1446 2071 1501 bis
2097 1462 2201 1502 non
2232 1448 2376 1504 licet.
2400 1451 2444 1506 Ο
2468 1460 2548 1509 ter
2573 1454 2786 1513 miseri!
2812 1472 2931 1528 qum
2954 1462 3198 1532 cogitatis
3223 1476 3276 1522 et
3302 1466 3491 1538 facilis,
3507 1488 3568 1527 ea

1987 1553 2083 1593 vos
2110 1540 2270 1610 pudet
2294 1546 2534 1614 exsequi.
2569 1561 2674 1601 non
2700 1548 2886 1616 Deum,
2918 1552 3011 1607 sed
3041 1554 3280 1613 homines
3303 1563 3452 1615 veriti
3478 1576 3564 1619 aut

1987 1633 2448 1700 pertimescentes.
2483 1637 2609 1693 Erat
2647 1640 2846 1696 crimen
2889 1643 3030 1699 hasce
3066 1647 3353 1718 majestatis
3391 1657 3556 1708 convi-

1985 1723 2124 1778 cium
2155 1725 2206 1779 in
2239 1726 2549 1798 Augustam,
2573 1739 2632 1784 ut
2662 1731 2761 1802 ipsi
2788 1734 3118 1801 retulerunt,
3150 1739 3291 1807 quod
3315 1757 3430 1796 eam
3470 1760 3564 1799 vos

1984 1826 2160 1872 casset
2187 1818 2418 1875 chabcl.
2454 1820 2520 1876 Et
2550 1821 2624 1876 illi
2652 1825 2862 1894 quidem
2904 1829 3172 1886 mirabiles
3215 1832 3348 1901 viri,
3393 1835 3563 1905 ipsum

1983 1909 2157 1980 gladio
2199 1919 2498 1968 truncatum
2540 1916 2814 1985 cupientes
2854 1918 3068 1986 videre,
3115 1922 3192 1977 sic
3233 1925 3560 1981 retulerunt:

1981 2018 2168 2057 verum
2194 2004 2333 2060 Deus
2369 2006 2731 2062 absconditam
2770 2023 2955 2064 eorum
2997 2012 3249 2067 malitiam
3280 2016 3559 2082 patefecit.

1981 2103 2034 2148 et
2065 2094 2360 2166 principum
2387 2113 2482 2152 cor
2505 2099 2758 2154 emollivit
2782 2118 2796 2154 :
2825 2109 2883 2155 ut
2911 2101 3110 2157 Danieli
3139 2104 3406 2177 Babylone
3427 2123 3559 2162 cun~

1984 2187 2116 2258 tigit.
2151 2187 2262 2244 Illic
2288 2190 2428 2244 enim
2455 2190 2638 2246 Ieones
2658 2191 2872 2247 cicurati
2903 2203 3048 2262 sunt,
3073 2209 3349 2266 parcentes
3374 2199 3559 2256 Danie‘

1981 2277 2047 2343 li;
2080 2277 2322 2335 homines
2353 2290 2529 2349 autem
2553 2280 2754 2337 ell'erati
2777 2324 2789 2350 ,
2816 2299 2921 2338 non
2946 2296 3223 2355 parcentes
3253 2288 3525 2357 prophetze
3545 2309 3563 2335 ι

1979 2376 2032 2421 et
2059 2369 2260 2439 pudore
2287 2372 2461 2428 all‘ecit
2494 2373 2632 2428 Dens
2664 2373 2905 2431 homines
2937 2387 3126 2445 praeter
3155 2388 3393 2434 naturam
3434 2380 3566 2436 ell'e-

1978 2471 2144 2525 ralos,
2177 2477 2270 2531 per
2298 2462 2545 2516 animalia
2574 2475 2766 2532 praeter
2791 2476 3029 2520 naturam
3058 2469 3307 2525 cicurala.

2047 2552 2176 2608 CAP.
2211 2569 2286 2609 tx.
2319 2584 2389 2594 —-
2431 2552 2517 2607 Sic
2553 2552 2620 2607 ab
2653 2554 2888 2609 Ecclesia
2917 2557 3168 2625 expulsus
3195 2568 3278 2614 est
3302 2560 3551 2629 Joannes,

1979 2645 2145 2699 misso
2174 2644 2240 2700 ad
2269 2646 2320 2701 id
2348 2644 2557 2702 Comite
2587 2660 2708 2700 cum
2757 2648 2971 2702 militari
3005 2665 3165 2704 manu
3192 2693 3207 2719 ,
3257 2667 3363 2707 non
3401 2668 3553 2710 secus

1974 2751 2037 2791 ac
2077 2738 2145 2793 ad
2188 2739 2429 2808 prmlium
2462 2738 2715 2794 adversus
2761 2739 3036 2796 barbaros.
3081 2742 3294 2813 Ejectus
3327 2747 3471 2801 venit
3497 2749 3549 2802 in

1978 2829 2230 2898 prmdiola
2255 2833 2321 2886 ad
2349 2832 2651 2888 Pra-netum
2677 2830 2956 2903 Bithyniae.
3005 2833 3120 2889 Una
3152 2851 3276 2891 vero
3314 2837 3429 2895 dies
3469 2838 3549 2892 in-

1971 2922 2306 2982 tercesserat,
2334 2931 2454 2970 cum
2488 2921 2695 2988 plagam
2725 2921 3008 2990 quamdam
3039 2925 3089 2977 in
3123 2926 3268 2995 regio
3297 2929 3543 2983 cubiculo

1966 3005 2082 3061 fieri
2112 3007 2350 3091 contigit.
2394 3010 2471 3064 Eo
2516 3013 2779 3079 perterriti
2825 3029 3021 3081 paucos
3066 3026 3182 3084 post
3223 3018 3336 3073 dies
3375 3020 3538 3075 Joan-

1965 3110 2088 3150 nem
2117 3106 2369 3153 revocant
2396 3115 2490 3169 per
2514 3100 2864 3157 domesticum
2886 3106 3171 3174 notarium,
3200 3124 3425 3179 cumque
3443 3128 3538 3166 suo

1965 3184 2157 3249 throno
2209 3190 2569 3245 reddiderunt.
2626 3192 2698 3247 Ita
2731 3193 3057 3264 TheOphilus
3103 3215 3222 3254 cum
3276 3202 3536 3274 {Egyptiis

1972 3289 2084 3344 suis
2107 3287 2223 3360 fuga
2250 3288 2472 3344 salutem
2498 3297 2689 3361 quatrit
2710 3314 2722 3349 :
2744 3298 2888 3352 cives
2910 3300 3049 3353 enim
3068 3316 3188 3356 eum
3215 3308 3539 3374 quaerebant,

1973 3390 2030 3434 ut
2077 3381 2128 3434 in
2176 3395 2324 3436 mare
2364 3380 2760 3456 demergercnt.
2815 3389 2943 3444 Post
2983 3391 3115 3445 duos
3146 3411 3354 3451 menses
3379 3414 3545 3452 ruma

1972 3473 2123 3544 plaga
2151 3475 2410 3529 tantillum
2443 3482 2829 3550 respirassent,
2879 3484 3055 3540 denuo
3094 3488 3349 3543 adven-us
3387 3491 3545 3546 Joan-

1971 3581 2091 3621 nem
2127 3566 2359 3623 I’remuut
2383 3587 2395 3622 :
2422 3586 2520 3626 nec
2542 3572 2796 3630 habentes
2810 3577 2945 3631 unde
2966 3581 3203 3648 speciose
3223 3583 3542 3652 ordirentur,

1971 3658 2185 3714 mittunt
2208 3661 2666 3719 Alexandriamad
2689 3667 2869 3721 talium
2890 3670 3146 3726 artificem
3172 3672 3543 3743 Theophilum,

1970 3755 2265 3810 scribentes
2299 3774 2310 3809 :
2341 3757 2446 3810 Aut
2491 3774 2677 3814 rursus
2719 3775 2939 3817 accurre
2981 3763 3236 3819 adversus
3280 3765 3539 3823 Joannem

1968 3844 2074 3899 dux
2104 3846 2340 3913 futurus;
2385 3855 2509 3915 aut,
2552 3849 2595 3903 si
2625 3851 2831 3919 plebem
2874 3852 3220 3922 reformidas,
3253 3859 3405 3913 nobis
3433 3876 3546 3913 mo-

1969 3937 2093 3991 dum
2133 3937 2415 4008 quemdam
2460 3955 2713 4010 suggere,
2757 3942 2896 3997 unde
2928 3957 3199 4001 sumamus
3244 3949 3540 4004 exordium.

1968 4026 2050 4082 Ad
2084 4027 2201 4084 lucc
2226 4028 2555 4099 Theophilus
2593 4029 2705 4100 ipse
2732 4032 2943 4102 quidem
2972 4049 3075 4088 non
3109 4036 3283 4101 venit,
3333 4053 3537 4092 memor

1969 4119 2239 4188 quomodo
2260 4120 2565 4192 effugisset;
2598 4122 2739 4176 misit
2759 4131 2935 4178 autem
2957 4124 3286 4181 miserabiles
3307 4136 3411 4181 tres
3426 4128 3541 4197 epi-

1969 4225 2190 4278 scopos,
2224 4210 2478 4276 Paulum,
2502 4211 2830 4278 Poemenem,
2860 4223 2913 4269 et
2931 4213 3091 4269 alium
3118 4230 3304 4271 recens
3329 4218 3540 4271 ordina-

1972 4309 2100 4352 tum.
2132 4299 2262 4354 Cmn
2286 4300 2349 4354 iis
2377 4301 2519 4354 misit
2543 4313 2596 4355 et
2621 4303 2878 4371 quosdam
2907 4319 3162 4371 canones,
3189 4321 3321 4376 quos
3347 4307 3536 4362 adver-

1969 4408 2060 4444 sus
2117 4390 2329 4445 beatum
2383 4390 2731 4445 Athanasium
2785 4394 2966 4447 Ariani
3020 4394 3378 4451 conﬂaverant
3423 4414 3438 4450 :
3484 4408 3540 4452 ut

1970 4481 2229 4552 ejusmodi
2263 4481 2556 4536 canonibus
2584 4490 2793 4536 utentes
2817 4521 2833 4547 ,
2877 4481 3067 4536 Joanni
3096 4484 3215 4538 lites
3249 4496 3540 4550 necterent,

1970 4574 2111 4644 quod
2143 4583 2258 4643 post
2284 4572 2666 4640 depositionem
2694 4587 2789 4642 per
2811 4587 2871 4627 se
2890 4572 3156 4627 rediisset.
3188 4574 3372 4628 Audax
3400 4578 3539 4630 enim

1971 4678 2156 4720 natura
2185 4676 2262 4720 est
2290 4661 2616 4732 Theophilus
2639 4705 2652 4729 ,
2686 4676 2925 4732 praeceps
2948 4703 2963 4727 ,
2996 4663 3311 4719 temerarius
3335 4706 3348 4729 ,
3378 4675 3430 4719 et
3451 4669 3543 4720 ad-

1970 4758 2186 4811 modum
2235 4753 2601 4811 coutentiosus
2633 4769 2646 4805 :
2677 4769 2799 4807 nam
2845 4752 2972 4807 nihil
3000 4762 3083 4809 est
3127 4755 3266 4824 quod
3303 4756 3399 4824 ipsi
3445 4758 3542 4813 sub

1970 4848 2280 4917 adspeetum
2310 4845 2553 4910 venerit,
2596 4843 2735 4914 quod
2775 4843 2931 4899 citius
2963 4859 3118 4916 quam
3149 4860 3243 4915 par
3266 4855 3348 4900 est
3377 4847 3542 4917 impa-

1972 4943 2165 4997 tientcr
2192 4955 2298 4995 non
2326 4947 2539 5010 appetat
2564 4979 2578 5005 ,
2608 4938 2659 4992 in
2686 4938 2864 5008 seipso
2891 4953 3062 5008 neque
3085 4938 3339 5007 judicium
3370 4956 3542 5011 neque

1971 5032 2299 5089 deliberandi
2349 5046 2551 5086 moram
2605 5031 2897 5085 sustinens.
2954 5029 3306 5087 Irrationabili
3362 5043 3541 5089 autem

1972 5126 2171 5196 impetu
2209 5125 2461 5194 abreptus
2482 5163 2497 5188 ,
2540 5122 2841 5177 inordinate
2869 5121 2937 5176 ad
2964 5121 3080 5192 ejus
3108 5123 3544 5191 approbationem

1974 5219 2170 5285 fertur,
2198 5226 2253 5273 et
2286 5216 2515 5271 decretae
2540 5213 2820 5270 sententiae
2846 5212 3071 5269 ﬁrmiter
3101 5213 3355 5273 insistens
3380 5256 3394 5280 ,
3426 5230 3546 5284 per-

1975 5312 2220 5366 tinaciter
2246 5319 2300 5364 et
2329 5306 2660 5362 contentiose
2686 5305 2898 5360 obsistit
2928 5305 3134 5359 cunctis
3163 5305 3252 5374 qui
3280 5305 3546 5361 voluerint

1972 5401 2340 5459 contradicere
2369 5417 2382 5452 :
2416 5398 2745 5455 contendens
2788 5409 3000 5463 semper
3030 5403 3082 5448 ut
3107 5394 3362 5463 judicium
3392 5410 3543 5450 Suum

1973 5506 2130 5565 atque
2157 5492 2417 5548 sententia
2439 5491 2617 5544 vincat
2645 5496 2699 5543 et
2732 5486 2987 5541 obtineat.
3034 5483 3185 5549 Quod
3217 5495 3361 5539 certe
3386 5485 3542 5538 etiam

1976 5586 2214 5641 fecerunt
2237 5582 2325 5653 qui
2351 5581 2616 5650 ingenium
2639 5578 2754 5647 ejus
2783 5583 2991 5630 norant.
3020 5571 3152 5627 Nam
3185 5584 3489 5628 convocans
3514 5585 3544 5622 e

1974 5678 2160 5749 Syria,
2182 5670 2517 5742 Lappadocia
2539 5711 2552 5734 ,
2588 5668 2755 5721 Ponto
2786 5676 2839 5719 ct
2889 5664 3113 5733 I’hrygia
3145 5658 3411 5715 universis
3438 5673 3546 5711 mc~

1984 5748 2317 5832 li‘npnlnanis
2366 5771 2417 5815 et
2462 5758 2727 5829 PPISCOplS
2754 5798 2767 5820 ,
2818 5748 3276 5817 Constantinopoli
3304 5761 3396 5800 cos
3422 5761 3545 5800 Corp
