4038 6154
415 302 475 357 ει
1682 268 1997 329 PALLADII
2039 266 2281 323 DIALOG
2290 266 2371 322 US
3598 263 3667 318 3!

409 420 645 486 gregant.
680 410 756 465 Illi
784 423 902 464 eum
942 405 1241 464 venissent,
1278 398 1427 468 juxta
1454 388 1983 477 canonumordinem

414 480 872 561 communicarent
916 512 1035 551 cum
1073 493 1278 573 Joanne
1302 530 1318 557 ,
1368 505 1435 545 ne
1463 486 1648 541 eadem
1670 528 1671 531 η
1694 497 1809 553 qua:
1841 480 1985 550 prius

406 595 823 660 committerent.
870 587 1024 654 Quod
1069 571 1162 640 ubi
1205 572 1478 638 rescivere
1506 578 1770 649 principes
1797 615 1813 641 ,
1845 585 1986 642 :rgre

405 687 645 744 tulerunt
661 696 847 735 eorum
875 695 994 735 cum
1015 677 1218 732 Joanne
1237 670 1686 729 communionem.
1717 665 1785 720 Et
1812 664 1991 718 Theo-

403 781 576 830 dorus
621 766 868 842 quidem,
921 768 1227 839 Tyanorum
1270 763 1555 832 episcopus
1581 800 1596 824 ,
1639 757 1719 810 vir
1746 762 1990 819 ornatus,

425 856 676 923 .ntellecta
724 860 1121 931 conSpiratione
1167 872 1234 910 ex
1287 855 1370 908 his
1408 849 1639 931 quaead,
1667 848 1782 922 ejus
1830 858 1987 907 aures

411 965 701 1021 venerant,
746 970 813 1009 ne
840 949 1124 1023 Theophili
1153 934 1507 1002 temeritatem
1535 949 1878 1009 sequeretur,
1908 935 1988 986 iu-

409 1048 654 1102 salutatis
701 1044 900 1099 relictis
947 1041 1193 1096 omnibus
1238 1034 1527 1091 Ecclesiam
1557 1046 1705 1086 suam
1749 1026 1982 1097 repetiit,

413 1136 628 1207 longum
659 1136 776 1190 vale
801 1133 985 1188 dicens
1010 1128 1294 1186 Comitatui
1317 1169 1330 1194 ,
1375 1138 1631 1192 suamque
1659 1118 2003 1190 provinciam

416 1226 624 1295 pietatis
647 1238 814 1299 muro
829 1216 1187 1292 permuniens,
1213 1217 1286 1272 ad
1311 1216 1467 1275 ﬁnem
1487 1227 1657 1283 usque
1674 1212 1729 1270 in
1749 1223 1990 1266 commu-

418 1306 575 1370 n’one
618 1313 849 1368 fidelium
878 1309 1242 1366 Romanorum
1293 1317 1668 1375 perseverans;
1707 1299 1774 1355 de
1797 1299 1990 1369 quibus

420 1386 613 1461 Paulus
653 1394 880 1476 testatur
908 1419 923 1459 ε,
949 1399 1107 1453 Fides
1136 1408 1298 1459 vestra
1333 1397 1386 1449 in
1424 1394 1652 1471 universo
1678 1390 1863 1445 mundo
1892 1405 1987 1441 an-

417 1496 678 1549 nuntialur
700 1492 873 1562 (Rom.
903 1489 959 1545 I.
990 1489 1069 1560 8).
1126 1486 1435 1561 Pharetrius
1463 1494 1637 1550 autem
1658 1480 1992 1550 “episcopus

421 1584 680 1639 Caesarem
715 1596 833 1651 quae
859 1589 942 1653 est
967 1578 1032 1653 ad
1062 1578 1306 1647 Argmum
1329 1615 1343 1638 ,
1381 1588 1540 1643 supra
1573 1571 1785 1626 modum
1810 1568 2012 1635 formi-,

419 1662 688 1736 dans,'u't
731 1671 906 1725 larvas
955 1668 1193 1739 pueruli,
1239 1681 1335 1720 sua
1377 1665 1591 1719 civitate
1638 1678 1705 1715 ne
1748 1672 1993 1729 egressus

421 1765 634 1834 quidem
652 1804 667 1829 ,
713 1777 807 1831 per
836 1761 1016 1815 literas
1040 1774 1160 1814 cum
1181 1753 1498 1811 adversariis
1526 1748 1744 1809 Joannis
1769 1764 1995 1804 consen-

423 1857 524 1921 tit,
578 1843 976 1922 quamvis'non
1020 1854 1239 1923 vocatus
1287 1846 1339 1899 in
1386 1842 1618 1924 medium
1647 1882 1663 1907 ,
1710 1841 1888 1911 inepte
1941 1838 1994 1892 in

420 1945 726 2013 episcopatu
756 1956 879 1996 sese
906 1952 1095 2009 gerens
1120 1979 1134 2002 ,
1177 1936 1457 1990 meliorum
1497 1933 1724 1987 inscitia.
1760 1930 1996 1999 Denique

422 2037 673 2091 Leontius
693 2076 711 2100 ,
737 2036 962 2112 Ancyra:
991 2030 1220 2110 Calatia;
1239 2029 1554 2113 episcopus,
1578 2023 1891 2094 coniunctus
1915 2030 2023 2111 est.

424 2143 544 2182 cum
571 2106 883 2189 Ammonio,
913 2106 1167 2195 episeopo
1195 2106 1471 2175 Laodicea:
1496 2116 1699 2175 adusta:
1726 2156 1740 2180 ,
1772 2122 1825 2169 et
1852 2106 2000 2167 eom-

425 2220 632 2274 Imstam
664 2214 891 2271 reddidit
922 2212 1235 2269 Ecclesiam.
1263 2209 1328 2264 Hi
1354 2224 1459 2263 non
1486 2207 1658 2262 solum
1691 2204 1815 2259 victi
1854 2201 2000 2273 prin-

438 2311 613 2379 cipum
645 2308 832 2372 minis,
865 2304 956 2360 sed
983 2320 1014 2360 e
1054 2300 1323 2359 contrario
1353 2298 1707 2369 lmperialium
1737 2295 1997 2378 donorum

426 2396 763 2470 s'pe'decepti
788 2440 804 2467 ,
840 2396 893 2452 in
927 2382 1409 2469 secunda_‘_Syn'odo
1449 2388 1744 2461 improbam
1783 2380 2025 2455 sentenJ-A

428 2493 552 2545 tiam
583 2476 772 2552 Acacio
797 2472 851 2543 et
875 2476 1135 2542 Antiocho
1160 2490 1485 2554 suggerunt,
1515 2492 1572 2534 ut
1597 2479 1794 2532 valeret
1822 2476 1999 2532 Theo-

429 2585 555 2655 phili
599 2598 702 2636 non
748 2579 1032 2650 juridicum
1074 2576 1353 2646 judicium,
1382 2584 1437 2629 et
1468 2572 1613 2655 nullo
1653 2571 1810 2625 modo
1856 2570 2029 2645 locus

428 2648 644 2727 daretur
697 2648 888 2744 Joanni
937 2665 1295 2730 defensionis,
1345 2648 1657 2735 allegatione
1684 2677 1944 2718 canonum
1972 2676 2000 2715 a

430 2746 723 2831 'I‘beopliilo
753 2745 1055 2824 missorum,
1077 2772 1209 2828 quos
1229 2762 1638 2824 composuerant
1660 2752 2001 2822 quadraginta

430 2859 499 2912 de
526 2856 636 2911 Arii
685 2852 1089 2916 communione,
1142 2850 1230 2919 qui
1278 2849 1354 2903 sic
1398 2846 1593 2930 habent
1618 2866 1629 2899 :
1658 2846 1712 2899 Si
1744 2845 1858 2916 quis
1886 2844 2002 2914 epi-

432 2961 625 3016 scopus
652 2930 741 3000 aut
764 2938 1044 3015 presbyter
1070 2943 1189 3012 jure
1215 2949 1304 2993 aut
1341 2939 1530 3009 injuria
1556 2936 1825 3007 depositus
1848 2978 1862 3001 ,
1910 2952 2002 3006 per

432 3055 492 3093 se
514 3038 692 3093 redeat
717 3037 782 3090 ad
812 3035 1103 3091 Ecclesiam
1126 3040 1324 3103 absque
1346 3031 1562 3104 Synodo
1585 3071 1598 3094 ,
1630 3030 1747 3084 talis
1778 3046 1880 3082 non
1906 3029 2003 3082 lia-

433 3130 555 3187 beat
581 3130 809 3199 amplius
847 3129 1020 3182 locum
1047 3125 1402 3189 defensionis,
1434 3124 1527 3179 sed
1558 3121 1799 3176 absolute
1825 3120 2006 3191 expel-

436 3222 590 3275 Ia'tur.
639 3221 703 3274 Et
726 3220 832 3275 'hic
858 3206 1069 3289 quidem
1087 3202 1267 3272 canon
1299 3226 1354 3269 ut
1380 3210 1575 3283 impius
1601 3215 1665 3267 ab
1693 3213 1866 3282 impiis
1895 3211 2008 3266 edi-

435 3320 538 3378 tus,
570 3312 621 3366 in
646 3307 945 3366 Sardieensi
975 3310 1210 3365 Concilio
1237 3322 1266 3361 a
1292 3306 1563 3373 Romanis,
1596 3305 1757 3371 Italis,
1792 3305 2005 3374 Illyriis,

437 3402 804 3456 Macedonibus
848 3411 1004 3470 atque
1030 3399 1230 3455 Grtecis
1273 3398 1555 3466 abrogatus
1582 3406 1665 3450 est
1686 3437 1700 3460 ,
1735 3406 1791 3449 ut
1821 3397 2008 3450 melius

436 3507 522 3548 me
556 3493 666 3560 ipse
711 3492 881 3554 nosti,
924 3491 1154 3559 o'magui
1184 3489 1411 3543 nominis
1432 3488 1713 3543 Theodore
1741 3528 1756 3554 ,
1798 3485 2009 3556 quando

438 3582 679 3638 Liberius
707 3591 837 3635 aut
858 3580 1029 3635 Julius
1052 3620 1068 3644 ,
1092 3570 1400 3653 Constantis
1429 3578 1742 3648 principatu,
1773 3577 2007 3630 Athana-

437 3673 571 3727 sium
591 3664 641 3725 in
663 3656 1085 3727 communionem
1113 3668 1344 3734 admisit,
1359 3679 1411 3723 et
1429 3668 1731 3723 Marcellum
1749 3667 2007 3732 Galatam,

440 3770 656 3831 propter
677 3776 809 3830 quos
834 3768 889 3815 et
930 3760 1016 3814 hic
1053 3774 1223 3840 canon
1267 3760 1431 3813 factus
1458 3756 1648 3813 fuerat.
1700 3758 2012 3811 Ammonius
2042 3748 2045 3753 ’

442 3865 617 3908 tamen
643 3860 696 3906 et
718 3850 990 3913 Leontius,
1030 3864 1126 3920 par
1147 3848 1475 3915 admirabile,
1498 3848 1766 3917 conjuncti
1795 3848 2009 3914 Acacio,
2046 3848 2047 3851 “

443 3943 705 4001 Antiocho
728 3983 743 4010 ,
782 3943 979 4014 Cyriuo
1003 3940 1423 3997 Chalcedonensi
1460 3955 1522 3994 ae
1546 3939 1833 3994 Severiano
1862 3981 1878 4006 ,
1928 3938 2006 3993 iu-

440 4037 605 4106 gressi
631 4044 755 4089 Sunt
782 4032 847 4087 ad
870 4033 1268 4102 lmpEratorem,
1297 4024 1546 4085 monituri
1569 4030 1868 4086 evocandos
1895 4045 2012 4086 esse

442 4143 510 4180 ex
567 4138 716 4195 parte
762 4124 979 4179 Joannis
1029 4121 1215 4179 decem
1268 4118 1578 4193 episcopos,
1626 4115 1797 4194 (erant
1838 4116 2011 4178 autem

445 4218 622 4287 plures
645 4216 1052 4286 quadraginta),
1102 4216 1168 4270 ad
1193 4215 1574 4269 conciliandam
1602 4216 1890 4271 eanouibus
1920 4232 2014 4271 au-

442 4307 775 4372 ctoritatem;
808 4305 1195 4385 aliisquidem
1218 4305 1665 4381 contendentibus
1690 4304 2015 4361 orthodoxe-

446 4413 562 4453 rum
592 4396 690 4453 eos
724 4412 878 4465 esse,
921 4397 1039 4452 aliis
1080 4408 1254 4452 autem
1286 4398 1600 4453 Arianorum
1633 4388 1753 4454 esse
1790 4399 2015 4453 demon-

442 4490 748 4545 strantibus.
779 4490 1004 4560 Ingressi
1030 4499 1204 4546 autem
1232 4488 1488 4559 Elpidius,
1516 4491 1796 4560 episc0pus
1822 4490 2016 4544 Laodi-

443 4596 554 4637 cea:
590 4581 778 4654 Syriae,
812 4568 978 4638 senex
1010 4591 1064 4638 et
1098 4578 1286 4637 'mente
1311 4577 1365 4637 et
1389 4576 1581 4637 canitie
1608 4625 1622 4649 ,
1664 4592 1823 4652 atque
1851 4582 2019 4635 Tran-

442 4673 669 4745 quillus,
712 4675 1004 4731 suadebant
1032 4676 1341 4745 Imperatori
1385 4691 1489 4729 non
1535 4686 1781 4744 oportere
1824 4674 2016 4729 indicta

445 4772 601 4823 causa
648 4766 769 4836 ejici
816 4765 1094 4820 Joannem.
1144 4765 1328 4834 Neque
1370 4767 1511 4820 enim
1559 4767 1704 4835 prius
1745 4756 2019 4835 depositus

446 4856 635 4922 fuerat,
667 4856 761 4911 sed
796 4854 997 4925 ejectus
1029 4870 1060 4909 a
1095 4856 1299 4911 Comite
1321 4897 1336 4920 ,
1374 4868 1541 4925 neque
1569 4874 1659 4926 per
1687 4844 1745 4912 se
1769 4858 2016 4918 redierat.

446 4949 541 5003 sed
565 4948 714 5016 jussu
739 4954 841 5019 tua:
866 4938 1080 5018 pietatis
1102 4989 1116 5012 ,
1157 4950 1322 5000 misso
1355 4946 1420 4999 ad
1452 4948 1504 5000 id
1530 4949 1735 5003 notario
1764 4967 1777 5002 :
1808 4960 1861 5004 et
1887 4964 2021 5018 quos

448 5054 588 5093 nunc
611 5036 884 5108 proferunt
906 5053 1159 5103 canones,
1184 5024 1555 5092 hzereticorum
1573 5051 1664 5091 eos
1692 5052 1810 5093 esse
1838 5049 2021 5093 osten-

447 5128 643 5183 dimus.
695 5125 829 5182 Cum
882 5134 1059 5182 autem
1111 5126 1332 5183 Joannis
1384 5115 1673 5182 adversarii
1725 5127 2019 5184 inordinate

448 5214 694 5274 altercari
720 5208 1064 5291 pejrsisterent
1084 5260 1100 5285 ,
1148 5218 1237 5274 alii
1269 5217 1481 5290 quidem
1513 5219 1830 5275 contentiori
1864 5236 2015 5284 voce,

447 5311 540 5365 alii
600 5311 924 5367 tumultuoso
978 5293 1207 5383 pectoris
1255 5302 1399 5368 motu
1456 5296 1789 5383 impudenter
1839 5315 2019 5387 agitati

447 5406 628 5458 ceram
658 5401 981 5475 Imperatore
1011 5420 1024 5458 :
1047 5418 1306 5459 canonum
1327 5402 1710 5460 scientissimus
1736 5417 1894 5475 atque
1920 5406 2018 5461 ob-
2050 5404 2054 5415 ’

446 5494 876 5551 servantissimus
901 5485 1141 5567 Elpidius
1166 5537 1181 5563 ,
1213 5496 1416 5551 modica
1458 5498 1589 5552 facta
1618 5499 1827 5568 quiete,
1863 5501 2019 5555 veluti

448 5587 704 5657 malacia,
751 5587 943 5646 leniter
990 5570 1301 5661 Imperatori
1350 5591 1483 5646 dixit
1528 5608 1542 5645 :
1582 5581 1908 5661 Imperator,
1954 5610 2020 5649 ne

448 5674 647 5735 diutius
676 5681 1131 5738 mansuetudinem
1159 5690 1299 5737 tuam
1336 5699 1584 5739 vexemns
1608 5726 1622 5753 ,
1655 5685 1747 5741 sed
1777 5701 1937 5741 utrum
1969 5686 2019 5741 id

2094 384 2185 461 ﬁat
2212 403 2226 463 ς
2251 385 2584 461 subscribam
2609 385 2797 465 fratres
2817 387 2984 441 nostri
3013 386 3236 442 Aeacius
3265 395 3318 444 et
3345 387 3664 453 Antiochus,

2090 474 2328 546 ejusdem
2354 470 2476 530 esse
2520 491 2578 530 se
2618 476 2743 531 fidei
2766 493 2826 541 ac
2855 494 2949 533 eos
2974 479 3064 549 qui
3092 493 3322 543 canones
3360 478 3663 541 ediderunt,

2091 583 2226 637 quos
2273 577 2520 636 tanquam
2566 567 2633 622 ab
2668 568 2981 623 orthodoxis
3014 570 3199 623 editos
3235 579 3532 638 proponunt
3567 588 3580 624 :
3613 580 3669 625 et

2090 658 2263 712 soluta
2291 659 2648 713 controversia
2680 666 2779 713 εει.
2822 657 3117 728 Imperator
3142 661 3507 715 animadversa
3538 677 3668 729 pro-

2093 747 2366 815 positionis
2405 748 2781 816 simplicitate,
2837 750 3117 805 subridens
3168 750 3302 805 dixit
3355 751 3664 807 Antiocho.

2093 834 2229 890 Nihil
2261 837 2361 899 isto
2391 836 2518 899 mihi
2546 838 2773 894 videtur
2808 841 3003 899 utilius.
3030 841 3183 910 ‘Erat.
3223 850 3397 905 autem
3416 844 3667 907 omnium

2091 941 2210 995 qua:
2239 935 2354 980 acta
2404 937 2526 981 sum
2577 928 2757 983 insons
2799 929 3129 999 Imperator,
3176 931 3295 987 aliis
3339 933 3670 995 mutantibus

2093 1032 2209 1083 qua:
2253 1015 2389 1071 bene
2428 1018 2715 1073 constituta
2765 1026 2938 1074 erant.
3010 1019 3280 1090 Vertigine
3330 1020 3487 1090 igitur
3536 1024 3665 1086 acti,

2092 1116 2248 1189 atque
2280 1109 2330 1178 iu
2363 1123 2420 1162 se
2450 1110 2690 1163 conversi
2714 1110 2800 1179 qui
2830 1125 2949 1166 eum
2977 1109 3265 1169 Severiano
3288 1121 3460 1176 erant,
3501 1114 3673 1168 instar

2093 1214 2243 1266 aqua:
2269 1199 2548 1263 instabilis,
2576 1201 2644 1255 ob
2672 1200 2721 1257 id
2743 1200 2883 1270 quod
2911 1200 3080 1256 fuerat
3108 1203 3394 1272 prudenter
3417 1203 3483 1269 ab
3514 1203 3669 1274 Elpi-

2103 1288 2193 1343 dio
2224 1288 2461 1359 dictum,
2513 1299 2567 1345 et
2612 1291 2949 1359 Imperatoris
2998 1291 3196 1361 judicio
3240 1293 3669 1362 comprobatum,

2095 1381 2429 1452 obticuerunt
2470 1380 2605 1438 faeie
2652 1382 2987 1455 livescente:
3035 1384 3291 1453 angustiis
3342 1393 3515 1453 tamen
3566 1387 3673 1441 Ieci

2095 1475 2368 1530 constricti
2391 1517 2417 1541 ,Α
2455 1477 2614 1530 etiam
2666 1477 2907 1531 nolentes
2956 1477 3267 1545 promittunt
3308 1477 3667 1534 subscribere.

2096 1565 2183 1621 Sic
2207 1566 2405 1637 egressi
2432 1608 2447 1632 ,
2478 1566 2795 1637 promissum
2827 1567 3039 1636 quidem
3067 1582 3168 1621 non
3200 1569 3459 1637 implent,
3488 1580 3673 1639 utpote

2098 1658 2507 1714 involuntarium
2534 1701 2548 1723 ,
2579 1668 2876 1715 metuentes
2900 1660 3362 1729 nehvincerentur;
3394 1661 3607 1735 machin
3626 1680 3639 1712 ι
3657 1693 3673 1703 -

2097 1752 2290 1806 bantur
2328 1759 2502 1805 autem
2528 1766 2633 1820 quo
2664 1760 2817 1820 pacto
2854 1751 3210 1820 expelleretur
3230 1750 3481 1815 Joannes.
3536 1752 3670 1806 Dum

2100 1842 2214 1896 haec
2250 1841 2329 1896 sic
2352 1848 2511 1911 atque
2538 1840 2638 1895 alia
2669 1842 2821 1896 aliter
2844 1850 3121 1912 geruntur,
3153 1858 3339 1896 novem
3368 1852 3458 1896 aut
3483 1843 3672 1898 decem

2099 1951 2310 1991 menses
2357 1938 2762 2008 pratterierunt,
2810 1953 2929 1992 cum
2976 1938 3208 1993 Joannes
3251 1939 3533 2008 episcopus
3575 1941 3673 1993 ad-

2094 2030 2292 2101 juynctis
2311 2031 2650 2105 quadraginta
2668 2032 2871 2099 duobus
2886 2032 3147 2102 episcopis
3165 2042 3453 2091 conventus
3472 2044 3672 2103 ageret,

2100 2131 2155 2176 et
2180 2121 2403 2192 populus
2429 2138 2617 2192 magna
2649 2138 2767 2178 cum
2808 2123 2968 2177 animi
2996 2122 3267 2177 alacritate
3294 2125 3409 2191 ejlw
3434 2123 3674 2177 doctrina

2104 2213 2383 2268 frueretur.
2417 2212 2566 2268 Solet
2594 2214 2734 2268 enim
2766 2228 2913 2267 vana:
2936 2213 3119 2282 gloriae
3142 2229 3330 2282 expers
3357 2213 3583 2277 animus,
3620 2213 3672 2267 in

2101 2303 2473 2359 afﬂictionibus
2509 2303 2878 2375 jucundiorem
2905 2313 2961 2359 et
2997 2305 3344 2373 potentiorem
3371 2320 3673 2357 sermonem

2104 2381 2397 2451 effundere.
2441 2394 2644 2450 Interea
2671 2395 2902 2459 effloruit
2930 2395 3258 2471 Dominicum
3282 2394 3560 2465 jejunium,
3591 2396 3676 2448 iu-

2105 2496 2215 2542 star
2258 2487 2397 2541 veris
2428 2494 2547 2555 post
2586 2501 2781 2539 annum
2829 2484 3135 2541 adveniens.
3187 2482 3462 2554 Ingressus
3520 2485 3678 2553 igitur

2105 2578 2351 2649 privatim
2392 2592 2512 2653 eum
2556 2578 2667 2632 suis
2693 2577 2986 2632 Antiochus
3010 2619 3023 2644 ,
3053 2579 3129 2632 sic
3157 2576 3226 2632 de
3256 2576 3462 2631 Joanne
3501 2577 3675 2645 lmpe-
3718 2636 3727 2641 ,

2025 2728 2032 2734 ,
2104 2671 2267 2741 ratori
2294 2669 2501 2725 locutus
2529 2679 2649 2735 est,
2700 2679 2944 2740 tanquam
2993 2670 3036 2724 is
3073 2671 3182 2740 jam
3211 2671 3374 2725 vietus
3404 2678 3580 2740 esset,
3623 2677 3681 2721 ut
3724 2734 3731 2739 ι

2107 2763 2415 2818 imminente
2456 2762 2656 2817 Pascha
2697 2762 2908 2832 juberet
2947 2762 3086 2831 ejiei.
3142 2762 3431 2831 Imperator
3467 2777 3585 2816 cum
3611 2761 3681 2815 ab
3722 2820 3729 2825 ,

2107 2853 2211 2909 illis
2238 2861 2513 2922 urgeretur
2538 2894 2552 2918 ,
2596 2853 2659 2907 iis
2697 2863 2876 2922 utpote
2902 2852 3168 2921 episcopis
3195 2851 3351 2906 fidem
3382 2850 3682 2906 neces~ario

2108 2942 2366 3024 adhibuit.
2394 2942 2494 3010 Qui
2525 2943 2664 2997 enim
2693 2958 2815 2996 vere
2847 2943 3125 3013 presbyter
3151 2950 3241 2995 aut
3269 2943 3550 3015 episeOpus
3576 2950 3675 3005 est,

2037 3090 2041 3097 ,
2109 3021 2440 3108 mendacium
2490 3048 2593 3087 non
2640 3033 2805 3087 novit.
2873 3032 2945 3086 Ea
2990 3032 3132 3087 enim
3186 3021 3398 3085 nomina
3454 3031 3683 3085 ea-Iestis

2042 3184 2043 3187 η
2109 3126 2340 3196 regionis
2364 3133 2506 3189 sunt,
2537 3139 2654 3178 cmn
2685 3125 2754 3193 sit
2776 3124 2882 3178 Deo
2909 3123 3035 3177 nihil
3063 3124 3349 3194 antiquius,
3381 3124 3509 3176 nihil
3537 3123 3677 3191 quod

2034 3282 2039 3293 ὲ
2112 3218 2413 3288 vigilantius
2450 3218 2698 3288 inspiciat
2729 3235 2741 3270 :
2776 3233 2896 3271 nam
2944 3217 3084 3271 Deus
3111 3217 3162 3270 in
3188 3216 3363 3271 omnia
3396 3215 3605 3284 inspicit
3633 3222 3687 3268 et
3732 3286 3737 3291 δ

2033 3373 2038 3378 ,
2111 3309 2522 3378 contemplatur.
2577 3308 2739 3379 Igitur
2792 3310 3072 3379 epise0pus
3122 3318 3214 3361 aut
3262 3306 3574 3378 presbyter,
3630 3315 3688 3358 ut

2112 3400 2386 3454 nominum
2410 3441 2424 3465 ,
2458 3400 2534 3453 sic
2561 3409 2614 3454 et
2639 3414 2816 3454 rerum
2851 3400 3116 3468 particeps
3142 3413 3260 3470 esse
3285 3397 3461 3451 debet.
3492 3395 3683 3471 Joanni
3731 3378 3734 3389 ’

2035 3559 2041 3565 θ
2111 3505 2238 3560 ergo
2270 3490 2545 3565 denuntiat
2575 3490 2867 3559 Imperator
2891 3497 2948 3565 ut
2986 3488 3221 3543 Ecclesia
3242 3489 3564 3558 egrediatur.
3596 3487 3688 3542 Ille

2037 3650 2044 3657 .
2112 3566 2422 3638 renuntiat:
2467 3581 2579 3653 Ego
2615 3597 2646 3637 a
2686 3583 2793 3637 Deo
2837 3581 3121 3662 Servatore
3163 3580 3338 3651 accepi
3390 3580 3681 3655 Ecclesium

2115 3674 2285 3739 hanc,
2336 3683 2397 3729 ut
2437 3689 2619 3729 curam
2655 3689 2834 3743 geram
2866 3657 3258 3743 salutis'populi
3284 3715 3299 3740 ,
3342 3690 3441 3728 nec
3473 3688 3685 3743 possum

2114 3782 2232 3821 eam
2261 3766 2580 3836 relinquere.
2625 3764 2680 3821 Si
2715 3775 2892 3820 autem
2924 3766 2973 3842 id
3006 3765 3082 3819 vis
3114 3765 3212 3833 (ad
3258 3774 3307 3819 te
3333 3765 3472 3819 enim
3504 3765 3689 3839 civitas

2116 3856 2415 3927 pertinet),
2463 3855 2515 3909 vi
2542 3872 2625 3910 me
2646 3842 2825 3923 ejieito
2849 3896 2863 3923 ,
2914 3839 2969 3909 ut
3004 3855 3199 3910 deserti
3226 3855 3430 3909 ordinis
3465 3870 3691 3908 cxcusa-
3740 3839 3745 3847 ’

2117 3934 2316 4001 tionem
2370 3932 2593 4001 habeam
2650 3955 2791 4000 tuam
2842 3946 3234 4001 auctoritatem.
3295 3943 3367 3998 Ita
3421 3962 3540 3999 cum
3595 3962 3690 4000 ve-
3740 3932 3747 3937 “

2118 4037 2366 4115 recundia
2414 4036 2639 4115 quadam
2689 4020 2958 4091 mittentes
2983 4051 3045 4090 ex
3092 4035 3321 4106 palatio,
3363 4051 3483 4089 euzn
3523 4050 3690 4105 expu-

2118 4114 2333 4197 lerunt,
2389 4114 2635 4199 jubentes
2692 4128 2901 4194 interim
2964 4137 3042 4203 ut
3083 4129 3133 4181 in
3187 4127 3346 4183 domo
3404 4129 3693 4196 epise0pali

2120 4229 2378 4286 maneret,
2405 4220 2595 4274 divina:
2627 4220 2719 4273 ira:
2745 4227 2990 4273 eventum
3020 4206 3247 4287 aliquem
3272 4228 3651 4297 exspectantes
3677 4239 3691 4273 :

2119 4322 2195 4379 ut,
2228 4313 2271 4368 si
2301 4313 2425 4382 quid
2450 4313 2581 4384 ipsis
2608 4312 2757 4367 triste
2786 4312 3071 4377 accideret,
3095 4294 3249 4367 citius
3272 4312 3414 4365 illum
3442 4294 3694 4365 Ecclesia:

2120 4403 2436 4471 redderent,
2463 4412 2516 4458 et
2547 4403 2711 4458 Deum
2743 4404 3009 4471 placarent
3044 4419 3058 4450 τ
3085 4403 3164 4457 sin
3194 4388 3395 4466 minus,
3429 4412 3485 4455 ut
3512 4416 3698 4479 rursus

2122 4495 2341 4552 insidias
2361 4503 2647 4560 struerent,
2678 4495 2840 4549 veluti
2865 4495 3070 4573 Pharao
3098 4494 3284 4571 Moysi.
3318 4493 3523 4573 Interea
3553 4492 3696 4547 venit

2123 4588 2301 4659 magni
2348 4575 2552 4653 sabbati
2590 4586 2739 4652 dies,
2768 4602 2873 4657 quo
2917 4568 3170 4642 Servatur
3195 4566 3479 4640 crucifixus
3508 4599 3698 4651 exspn-
3744 4578 3749 4581 ⁷

2125 4665 2270 4735 Iiavit
2297 4678 2557 4734 infernum
2592 4697 2605 4733 :
2636 4693 2953 4747 rursumque
2979 4677 3051 4731 illi
3079 4661 3410 4735 denuntiant.
3438 4683 3494 4727 ut
3519 4662 3696 4727 eccle-

2125 4773 2202 4826 sia
2229 4770 2588 4842 egrederetur.
2621 4769 2884 4823 Rescribit
2900 4769 2986 4822 ille
3004 4783 3121 4838 qum
3146 4756 3503 4823 consentanea
3522 4774 3694 4821 erant.
3721 4728 3737 4866 ξ

2125 4854 2387 4917 Εαέιονυῐῐι
2409 4863 2611 4917 veritus
2642 4857 2933 4929 Imperator
2952 4858 3054 4914 diei
3083 4858 3484 4912 sanctimoniam
3512 4868 3558 4910 et
3587 4871 3700 4908 mo-
3725 4854 3737 4909 ἒ

2129 4943 2238 5008 tum
2269 4953 2516 5016 civitatis,
2545 4939 2769 5005 accersit
2800 4951 3047 5005 Acacium
3092 4960 3145 5004 et
3186 4947 3517 5008 Antiochum,
3568 4947 3698 5015 ipsis
3742 4944 3747 4949 ’

2126 5044 2310 5098 dicens
2341 5059 2353 5096 :
2381 5040 2515 5107 Quid
2555 5040 2693 5095 facto
2735 5049 2816 5095 est
2858 5040 3031 5109 opus?
3082 5040 3258 5094 videte
3297 5054 3363 5092 ne
3403 5053 3506 5091 non
3544 5036 3700 5092 recte

2127 5123 2685 5191 consulueritis.’l‘unc
2711 5131 2953 5201 generosi
2985 5131 3060 5185 illi
3086 5140 3140 5185 et
3165 5144 3319 5200 supra
3347 5128 3560 5183 modum
3588 5144 3697 5181 ma-

2127 5227 2363 5300 gnanimi
2390 5226 2641 5281 dixerunt
2677 5222 2986 5295 Imperatori
3018 5242 3030 5276 :
3065 5223 3389 5293 Imperator,
3441 5223 3492 5276 in
3544 5229 3699 5290 caput

2129 5330 2370 5378 nosuum
2412 5320 2479 5374 sit
2528 5317 2744 5374 Joannis
2772 5316 3053 5386 depositio.
3086 5312 3336 5371 Ultimum
3362 5312 3652 5368 subsidium
3680 5352 3696 5377 ,

2126 5414 2216 5484 qui
2243 5428 2361 5466 eum
2391 5410 2593 5466 Joanne
2618 5400 2769 5463 erant
2797 5406 3032 5475 episcopi
3058 5402 3422 5476 quadraginta,
3454 5402 3588 5458 saeri
3610 5403 3693 5473 je-

2125 5503 2259 5576 junii
2281 5504 2465 5557 diebus
2490 5512 2713 5554 numero
2742 5511 2911 5566 pares,
2950 5495 3197 5552 adierunt
3224 5495 3518 5564 Augustum
3544 5503 3702 5562 atque

2130 5598 2420 5667 Augustam
2471 5596 2521 5648 in
2577 5592 2866 5664 martyriis,
2912 5600 3125 5647 orantes
3172 5606 3291 5645 emn
3342 5580 3592 5660 Iacrymis
3645 5595 3700 5640 ut

2132 5685 2327 5742 Christi
2357 5682 2605 5741 Ecclesim
2642 5691 2939 5752 parcerent,
2984 5684 3212 5737 maxime
3254 5690 3466 5751 propter
3498 5679 3697 5733 Pascha
