4038 6154
486 260 556 313 ὃὸ
1746 249 1826 302 PA
1839 248 2065 304 LLADII

2193 253 2453 309 \LOGUS
3697 253 3782 313 54

489 376 680 449 Πάσχα
706 375 796 427 καὶ
822 375 944 436 τοὺς
976 373 1265 440 μέλλοντας
1292 369 1689 440 ἀναγεννᾶσθαι
1714 369 1816 439 ἤδη
1859 385 2067 439 μυστα-

495 448 855 529 γωγηθέντας,
877 454 1254 509 ἀπολαϐοῦσαν
1280 455 1371 507 τὸν
1395 452 1565 523 ἱερέα.
1589 452 1707 505 Οὐκ.
1725 451 2076 523 ὴκούσθησαν

488 544 581 597 ἐπὶ
620 540 811 610 τούτῳ·
853 539 928 601 ὡς
959 538 1050 590 τὸν
1078 538 1233 606 ἅγιον
1280 536 1492 591 Παῦλον
1529 535 1620 589 τὸν
1657 535 1766 590 ἀπὸ
1798 536 2078 606 Κρατείας

489 627 663 679 εἰπεῖν
700 623 895 693 άδείλῳ
921 624 989 693 τῇ
1022 621 1308 693 παρρησίᾳ
1331 637 1345 652 ·
1382 619 1646 687 Εὐδοξία,
1678 618 1948 690 φοϐήθητι
1986 620 2078 673 τὸν

488 710 639 771 Θεὸν,
676 707 947 777 ἐλεήσασά
975 720 1070 758 σου
1100 703 1170 757 τά
1198 705 1395 757 τέκναο
1426 705 1501 775 μὴ
1536 703 1724 774 ὕϐριζε
1753 704 1854 774 τὴν
1885 703 2079 775 ἑορτὴν

486 794 582 847 τοῦ
608 788 844 864 Χριστοῦ
869 791 935 860 τῇ
967 787 1074 841 τῶν
1103 786 1352 857 αἱμάτων
1381 786 1624 857 ἐκχύσει.
1669 786 2078 858 Ὑποστρέψαν-

488 895 578 942 τες
605 876 662 928 δὲ
697 875 747 926 οἱ
794 870 1206 942 τεσσαράκοντα
1243 869 1575 933 ἐπίσκοποι,
1612 869 1975 940 ἠγρύπνησαν
2019 872 2077 924 ἐν

488 964 601 1024 τοῖς
633 956 997 1025 καταγωγίοις
1028 953 1225 1019 αὐτῶν,
1262 955 1311 1006 οἱ
1341 954 1438 1024 μέν
1469 954 1607 1024 μετά
1628 952 1903 1024 δακρύων,
1938 955 1989 1006 οἱ
2021 955 2079 1008 δὲ

493 1044 631 1115 μετά
668 1042 866 1113 λύπης,
902 1040 1080 1110 έτεροι
1119 1038 1177 1091 δὲ
1220 1038 1421 1108 ἀμάχῳ
1453 1040 1519 1109 τῇ
1568 1036 1777 1108 διανοίᾳ
1809 1037 2077 1108 κατεσχέ-

490 1129 661 1199 θησαν
721 1126 910 1196 κάρῳ,
950 1123 1026 1186 ὡς
1064 1122 1296 1175 ἕκαστον
1343 1120 1614 1194 ἐκυϐέρνα
1663 1120 1723 1174 τὸ
1772 1120 1966 1183 πάθος.
2014 1122 2076 1175 Οἱ

494 1212 679 1281 μέντοι
724 1207 1084 1281 πρεσϐύτεροι
1144 1205 1391 1259 Ἰωάννου
1443 1206 1493 1258 οἱ
1546 1205 1635 1259 τὸν
1670 1204 1814 1257 θεῖον
1861 1204 2079 1274 ἔχοντες

492 1296 678 1364 φόϐον,
720 1296 777 1346 ἐν
827 1292 905 1364 τῷ
955 1291 1200 1362 δημοσίῳ
1260 1288 1471 1362 λουτρῷ
1524 1289 1603 1360 τῷ
1658 1288 2079 1359 ἐπικαλουμένῳ

491 1378 980 1447 Κωνσταντιανᾶς,
1032 1376 1156 1438 τοὺς
1195 1374 1358 1438 λαοὺς
1393 1374 1794 1443 συναγαγόντες
1818 1416 1833 1439 ,
1871 1374 2079 1444 εἴχοντο

489 1463 589 1533 τῆς
621 1460 953 1535 ἀγρυπνίας,
975 1461 1025 1513 οἱ
1051 1461 1149 1531 μέν
1171 1460 1238 1513 τά
1264 1460 1382 1513 θεῖα
1406 1459 1563 1527 λόγια
1589 1460 2079 1528 ἀναγινώσκοντες,

490 1549 541 1600 οί
573 1548 630 1600 δὲ
665 1546 1014 1616 βαπτίζοντες
1044 1545 1173 1608 τούς
1200 1542 1611 1614 κατηχηθέντας
1636 1586 1650 1608 ,
1687 1544 1764 1608 ώς
1797 1544 1964 1608 εἰκὸς,
1992 1545 2081 1598 διὰ

491 1631 555 1684 τὸ
594 1632 800 1701 Πάσχα.
838 1629 1025 1682 Ταῦτα
1057 1628 1197 1682 αὐτά
1230 1626 1740 1699 προσαναφέρουσιν
1774 1629 1824 1680 οἱ
1868 1644 2081 1698 γνωμο-

496 1715 684 1786 φθόροι
714 1714 806 1767 καὶ
839 1713 1200 1785 φρεναπάται,
1230 1712 1279 1764 οἱ
1309 1712 1437 1782 περὶ
1476 1711 1746 1780 Ἀντίοχον
1786 1712 1879 1763 καὶ
1912 1711 2083 1780 Σευη-

497 1798 681 1868 ριανδν
711 1796 804 1850 καὶ
818 1796 1093 1859 Ἀκάκιον,
1125 1798 1238 1857 τοῖς
1263 1795 1472 1848 ἑαυτῶν
1503 1793 1855 1865 προστάταις,
1881 1793 2085 1859 ἀξιοῦν·

493 1899 583 1945 τες
615 1880 1006 1952 ἐμποδισθῆναι
1036 1883 1162 1943 τοὺς
1182 1880 1346 1942 λαοὺς
1373 1878 1481 1931 ἀπὸ
1509 1877 1610 1948 τῆς
1637 1879 1755 1931 ἐκεῖ
1783 1878 2079 1944 συνάξεως.

507 1965 784 2016 Ἀντεῖπεν
835 1967 863 2017 6
904 1964 1026 2016 τότε
1065 1963 1386 2033 μάγιστρος,
1418 1963 1632 2033 φήσας’
1681 1959 1799 2026 Νύξ
1828 1964 1945 2015 ἐστι
1990 1964 2084 2015 καὶ

492 2047 639 2119 ὄχλοι
686 2048 892 2101 πολλοί·
948 2049 1021 2118 μή
1056 2065 1110 2101 τι
1140 2046 1399 2118 ἀτόπημα
1447 2046 1691 2117 γένηται.
1748 2045 2082 2117 ’Δνθυποφέ-

497 2151 679 2202 ρουσιν
733 2135 781 2186 οἱ
834 2133 962 2204 περὶ
1029 2131 1314 2185 Ἀκάκιον·
1360 2130 1547 2195 Οὐδεὶς
1594 2130 1809 2202 ἔμεινεν
1859 2133 1916 2184 ἐν
1962 2135 2083 2195 ταῖς

496 2216 846 2288 ἐκκλησίαις,
879 2217 974 2270 καὶ
1001 2216 1323 2285 δεδοίκαμεν
1384 2216 1595 2287 μήποτε
1627 2213 1884 2268 εἰσελθὼν
1921 2216 1949 2267 6
1984 2215 2082 2286 βα-

498 2301 678 2366 σιλεὺς
708 2304 765 2355 ἐν
794 2304 859 2372 τῇ
890 2300 1176 2372 ἐκκλησίᾳ,
1206 2301 1301 2355 καὶ
1329 2299 1407 2371 μὴ
1428 2298 1604 2371 εὑρὼν
1640 2299 1863 2371 μηδένα,
1894 2300 2087 2372 αίσθη-

496 2405 587 2441 ται
629 2387 730 2457 τῆς
775 2386 870 2441 τοῦ
902 2386 1033 2440 λαοῦ
1083 2386 1298 2449 εὐνοίας
1350 2385 1452 2456 τῆς
1489 2384 1628 2456 πρὸς
1679 2383 1954 2455 Ἰωάννην,
1994 2385 2087 2438 καὶ

498 2470 753 2541 καταγνῷ
788 2471 944 2541 ἡμῶν
995 2470 1071 2534 ώς
1101 2469 1407 2540 βασκάνων,
1445 2467 1633 2537 ἐπειδὴ
1665 2468 1899 2537 μάλιστα
1936 2469 2088 2521 εἶπο-

500 2572 601 2623 μεν
635 2552 804 2623 αὐτῷ,
838 2555 920 2606 ὅτι
947 2552 1122 2615 οὐδείς
1152 2553 1302 2603 ἐστιν
1325 2551 1467 2613 ὅλως
1487 2549 1703 2620 ὁήδέως
1735 2549 1886 2621 αὐτῷ
1919 2568 2087 2621 προσ-

498 2640 658 2709 έχων,
708 2639 785 2700 ώς
830 2636 1103 2707 ἀνθρώπῳ
1152 2633 1424 2704 ἀσπόνδῳ.
1477 2633 1665 2697 Οὕτως
1708 2635 1736 2687 6
1787 2635 2088 2705 μάγιστρος

497 2722 1013 2793 διαμαρτυράμενος
1068 2721 1251 2783 αὐτοῖς
1313 2719 1405 2772 ἐπὶ
1458 2722 1571 2782 τοῖς
1618 2718 2083 2791 ἀποϐησομένοις,

498 2805 681 2858 δίδωσι
708 2804 936 2859 Λούκιόν
968 2822 1110 2869 τινα,
1138 2803 1213 2867 ὡς
1239 2804 1446 2871 ἔλεγον,
1484 2801 1743 2873 Ἕλληνα,
1768 2802 2088 2875 ἀφηγούμε-

499 2907 589 2943 νον
616 2890 710 2943 τοῦ
744 2889 979 2960 ἀριθμοῦ
1004 2888 1113 2942 τῶν
1140 2888 1476 2958 ὁπλοφόρων,
1506 2886 1883 2959 ἐντειλάμενος
1913 2889 2087 2942 ἐπιει-

499 2972 613 3037 κῶς
644 2972 947 3026 ἀπελθόντα
980 2972 1206 3026 καλέσαι
1235 2970 1328 3025 τὸν
1363 2971 1492 3025 λαὸν
1537 2972 1594 3026 ἐν
1641 2973 1710 3043 τῇ
1742 2970 2009 3045 ἐκκλησίᾳ
2035 2984 2083 3035 ι,

511 3060 786 3115 ’Λπελθὼν
819 3061 909 3126 δὲ,
942 3061 1036 3115 καὶ
1086 3061 1160 3132 μὴ
1207 3057 1518 3123 ἀκουσθείς,
1567 3059 1901 3130 ὑποστρέφει
1952 3060 2087 3131 πρὸς

498 3146 625 3209 τούς
657 3146 788 3217 περὶ
825 3146 1097 3210 Ἀκάκιον,
1128 3145 1534 3215 διηγησάμενος
1566 3145 1658 3197 τὸν
1684 3143 1836 3198 τόνον
1870 3145 1965 3197 καὶ
1989 3144 2088 3215 τὴν

500 3230 811 3301 πυκνότητα
854 3230 949 3283 τοῦ
1002 3228 1153 3283 λαοῦ.
1197 3229 1352 3283 Μετά
1401 3227 1561 3281 τοῦτο
1616 3226 1865 3298 λιπαρῶς
1925 3228 2090 3282 αὐτὸν

499 3316 876 3390 παρακαλοῦσι
898 3316 1152 3389 χρυσέοις
1182 3318 1389 3389 ῥήμασι
1418 3314 1814 3379 δυσωποῦντες,
1839 3315 1936 3369 καὶ
1963 3317 2091 3369 ὐπο-

502 3400 683 3472 σχέσει
722 3400 967 3471 μείζονος
996 3399 1280 3473 προκοπῆς
1300 3439 1317 3465 ,
1346 3400 1435 3453 ἵνα
1467 3398 1736 3470 ἐμποδίσῃ
1762 3401 1830 3471 τῇ
1866 3399 1994 3471 δόξῃ
2022 3402 2088 3471 τῇ

498 3485 593 3537 τοῦ
626 3485 867 3555 Κυρίου,
914 3484 1285 3555 ἐντειλάμενοι
1329 3483 1501 3553 αὐτῷ,
1555 3481 1589 3554 ἢ
1630 3482 1775 3552 λόγῳ
1825 3483 2092 3536 πείσαντα

500 3569 729 3637 ἀγαγεῖν
750 3568 841 3621 ἐπὶ
874 3567 972 3640 τὴν
995 3568 1312 3639 ἐκκλησίαν,
1347 3568 1381 3640 ἢ
1411 3569 1549 3639 ὀργῇ
1599 3566 1914 3638 ταράξαντα
1949 3567 2091 3621 παῦ-

503 3670 592 3707 σαι
637 3653 735 3723 τὴν
775 3652 968 3723 ἑορτὴν
998 3651 1092 3705 τοῦ
1140 3654 1490 3721 συναγαγεῖν.
1542 3652 1638 3714 Ὃς
1671 3650 1904 3723 ἐξαυτῆς
1952 3668 2092 3722 συμ·

501 3735 834 3807 παραλαϐὼν
861 3735 1157 3807 κληρικούς
1188 3733 1283 3788 τοῦ
1321 3734 1520 3805 μέρους
1572 3732 1854 3799 Ἀκακίου,
1899 3734 2090 3807 ἐξῆλθε

499 3818 730 3889 δευτέρᾳ
754 3818 969 3890 φυλακῇ
1000 3818 1100 3889 τῆς
1128 3818 1322 3882 νυκτὸς
1362 3818 1447 3887 ἐφ’
1493 3810 1537 3885 ᾧ
1566 3817 1869 3889 ἀπεστάλη.
1900 3819 2091 3890 Παρα-

501 3901 734 3955 τείνουσι
762 3902 868 3975 γὰρ
899 3903 990 3956 τὸν
1012 3903 1139 3955 λαὸν
1166 3903 1224 3955 ἐν
1249 3904 1360 3965 τοῖς
1393 3901 1617 3973 μέρεσιν
1645 3900 1805 3972 ήμῶν
1833 3901 1941 3966 ἓως
1966 3903 2090 3956 ἀλέ-

502 4003 697 4057 κτορος
722 3982 963 4059 πρώτου,
1014 3986 1152 4057 ἔχων
1190 3985 1411 4056 Θρᾷκας
1443 3983 1693 4055 ξιφήρεις
1730 3986 2089 4057 νεοστρατεύ-

499 4089 625 4135 τους
664 4072 803 4126 κατά
836 4073 927 4126 τὸν
973 4069 1141 4125 Ἠσαῦ
1188 4069 1594 4143 τετρακοσίους,
1632 4068 1869 4133 ἀναιδεῖς
1900 4088 2092 4143 περισ-

502 4156 632 4219 σῶς,
662 4156 1007 4226 ἐπεπήδησεν
1035 4154 1302 4222 αἰφνίδιον
1336 4154 1482 4207 κατά
1520 4153 1619 4224 τὴν
1648 4151 1821 4207 νύκτα
1850 4154 1950 4207 σὺν
1979 4156 2093 4216 τοῖς

503 4239 912 4294 ὐποδεικνύουσι
940 4238 1223 4309 κληρικοῖς
1263 4237 1360 4289 καὶ
1384 4238 1500 4300 τοῖς
1545 4236 1933 4308 στρατιώταις,
1977 4238 2094 4291 ἰτα-

502 4323 645 4394 μῶς,
686 4322 760 4387 ώς
793 4323 886 4376 ἆτε
916 4321 1099 4383 λύκος,
1130 4320 1335 4393 σιδήρῳ
1354 4319 1624 4374 στίλϐοντι
1652 4319 1937 4392 διασχίσας
1966 4321 2094 4384 τοὺς

499 4409 712 4480 ὄχλους.
745 4407 1013 4479 Χωρήσας
1038 4406 1083 4461 δ’
1119 4405 1265 4459 ἔνδον
1289 4404 1398 4459 τῶν
1428 4405 1718 4477 μακαρίων
1761 4405 1970 4459 ὑδάτων
2000 4406 2094 4458 ἐπὶ

501 4492 733 4549 κωλύσει
761 4493 870 4547 τῶν
898 4490 1221 4564 μυουμένων
1241 4490 1341 4562 τήν
1371 4490 1670 4545 ἀνάστασιν
1692 4490 1785 4544 τοῦ
1816 4490 2089 4561 Σωτῆρος,

500 4577 693 4650 καὶτῷ
728 4579 825 4650 μὲν
859 4576 1093 4648 διακόνῳ
1146 4574 1392 4647 θρασέως
1432 4574 1794 4644 ὲντιναχθεὶς.
1833 4572 1903 4626 τὰ
1949 4573 2093 4643 σύμ-

500 4663 632 4716 ϐολα
663 4663 844 4733 ἐκχέει
871 4679 882 4692 ·
914 4662 1041 4725 τοὺς
1069 4661 1127 4714 δέ
1157 4656 1567 4730 πρεσϐυτέρους
1591 4657 1692 4729 ήδη
1720 4673 1823 4710 που
1854 4656 1950 4709 καὶ
1972 4655 2092 4727 ήλι-

500 4746 704 4808 κιώτας
737 4745 992 4815 ῥοπάλοις
1024 4742 1169 4797 κατά
1194 4743 1417 4814 κρανίου
1453 4742 1676 4806 παίσας,
1703 4739 1898 4812 αἵμασι
1930 4742 2095 4811 κιρνᾷ

497 4829 599 4901 τὴν
661 4826 1071 4898 κολυμϐήθραν.
1134 4827 1268 4879 Τότε
1325 4822 1394 4896 ἦν
1450 4826 1575 4879 ἰδεῖν
1631 4824 1728 4897 τὴν
1795 4823 2093 4895 ἀγγελικὴν

501 4912 720 4981 ἐκείνην
746 4908 940 4973 νύκτα,
970 4910 1029 4961 ἐν
1122 4908 1217 4961 καὶ
1245 4908 1498 4978 δαίμονες
1544 4907 1836 4962 πίπτουσιν
1863 4905 2095 4978 ἐπτηχό-

501 5011 629 5058 τες,
682 4994 762 5055 είς
817 4990 1145 5063 λαϐύρινθον
1205 4989 1661 5061 μεταϐληθεῖσαν.
1716 4991 1925 5062 Γυμναὶ
1984 4990 2093 5064 γὰρ

500 5078 759 5146 γυναῖκες
794 5076 890 5129 σὺν
927 5077 1042 5138 τοῖς
1090 5072 1315 5144 ἀνδράσι
1352 5072 1584 5144 δρασμῷ
1621 5073 1897 5143 ἐχρῶντο,
1943 5074 2094 5145 φόϐῳ

501 5159 597 5213 τοῦ
628 5159 904 5229 σφαγῆναι
935 5158 969 5230 ἢ
1006 5155 1388 5227 ἀσχημονῆσαι
1413 5198 1428 5221 ,
1466 5155 1557 5209 τὸν
1586 5155 1875 5228 ἀσχήμονα
1911 5159 2092 5211 ἀσπα-

503 5245 728 5317 ζόμεναι
771 5244 1003 5317 δρόμονο
1040 5242 1230 5314 ἕτερος
1278 5240 1379 5313 τὴν
1414 5243 1576 5313 χεῖρα
1618 5239 1871 5312 πληγεὶς,
1903 5241 2090 5315 ὀδυρόο

506 5343 668 5400 μενος
714 5328 918 5401 ἀπῄεν
962 5326 1122 5391 ἀλλος
1163 5325 1433 5398 παρθένον
1482 5324 1678 5395 ἔσυρεν
1725 5324 2091 5397 περισχίσας·

502 5411 704 5475 πάντες
728 5412 785 5466 δὲ
811 5412 1383 5482 λαφυραγωγήσαντες
1406 5407 1475 5461 τα
1507 5407 1767 5479 κειμήλια
1800 5408 2090 5480 ἐσφετερί-

503 5494 679 5560 ζοντο.
713 5495 900 5561 Οὕτως
932 5497 981 5550 οἱ
1010 5496 1109 5567 μὲν
1140 5493 1541 5566 συλληφθέντες
1562 5493 1671 5547 τῶν
1702 5493 2094 5565 πρεσϐυτέρων

503 5589 601 5638 καὶ
652 5579 918 5637 διακόνων
956 5583 1038 5646 εἰς
1090 5579 1188 5652 τὴν
1234 5580 1462 5652 εἱρκτὴν
1514 5577 1896 5637 ἐνεϐάλλοντοο
1943 5580 1990 5632 οἰ
2033 5577 2091 5631 δέ

565 5731 597 5766 ⁴
620 5731 801 5799 Georg.
828 5734 891 5793 εἰς
910 5734 995 5793 τὴν
1021 5733 1295 5792 ἐκκλησίαν.

2181 373 2540 446 ἀξιωματικοί
2561 374 2652 429 τοῦ
2680 373 2808 426 λαοῦ
2838 374 2937 443 τῆς
2962 371 3377 442 μεγαλοπόλεως
3398 370 3780 435 ἐξεϐάλλοντο.

2178 459 2530 531 Διατάγματα
2552 460 2607 512 δέ
2638 456 3016 526 ἀλλεπάλληλα
3039 454 3183 509 κατά
3209 456 3373 510 τόπον
3397 453 3776 526 προετίθεντο,

2176 540 2463 614 διαφόρους
2512 542 2741 607 ἀπειλὰς
2777 540 3098 612 περιέχοντα
3134 539 3227 592 ἐπὶ
3259 540 3489 609 ἀρνήσει
3519 538 3618 607 τῆς
3656 556 3780 594 κοι-

2178 627 2373 691 νωνίας
2412 628 2679 681 Ἰωάννου.
2721 624 2869 697 Πλὴν
2900 625 3051 696 ὅμως
3097 623 3194 677 καὶ
3221 622 3376 677 ταῦτ’
3406 622 3639 691 ἐγίνετο,
3675 627 3781 678 καὶ

2179 710 2396 764 πλείονα
2434 710 2633 777 ἔξωθεν
2664 712 2715 764 οί
2748 708 3032 778 λεγόμενοι
3062 707 3355 761 ἐπίσκοποι
3385 706 3781 775 προσεφιλπι-

2182 792 2398 861 μοῦντοθ
2430 796 2523 848 καὶ
2558 796 2591 864 ή
2638 792 2857 857 σύναξις
2897 790 3006 844 τῶν
3044 789 3532 859 φιλοδιδασκάλων,
3568 791 3784 862 μᾶλλον

2177 876 2234 929 δέ
2262 875 2544 945 φιλοθέων,
2577 877 2640 929 οὐ
2673 893 2812 947 κατη
2824 877 3022 946 ργεῖτο,
3057 873 3194 928 ἀλλὰ
3225 873 3370 928 κατά
3395 874 3457 927 τὸ
3485 876 3787 946 εἰρημένον

2180 962 2238 1014 ἐν
2258 964 2323 1032 τῇ
2354 960 2568 1031 Ἐξόδῳ,
2585 961 2706 1014 ὅσον
2728 960 3047 1013 ἀπέκτεινον
3067 958 3284 1022 αὐτοὺς,
3305 957 3542 1029 τοσούτῳ
3555 959 3785 1024 πλείους

2181 1045 2438 1114 ἐγίνοντο.
2473 1045 2552 1115 Τῇ
2582 1043 2847 1115 ἐπαύριον
2884 1042 3016 1112 γοῦν
3044 1040 3278 1106 ἐξελθὼν
3304 1045 3332 1095 6
3362 1041 3639 1112 βασιλεὺς,
3678 1044 3783 1098 τοῦ

2180 1128 2561 1199 γυμνασθῆναι
2611 1131 2669 1182 ἐν
2712 1127 2790 1198 τῷ
2837 1125 3229 1197 παρακειμένῳ
3285 1124 3483 1197 πεδίῳ,
3520 1124 3632 1181 εἶδε
3677 1131 3783 1198 τὴν

2182 1212 2422 1283 ἄσπορον
2450 1212 2554 1283 γῆν
2586 1213 2685 1283 τὴν
2734 1211 2863 1282 περὶ
2895 1210 2956 1263 τὸ
2994 1209 3252 1280 Πέμπτον
3289 1209 3779 1281 λευχειμονούσαν,

2183 1297 2277 1350 καὶ
2306 1297 2603 1366 ἐκπλαγεὶς
2642 1296 2735 1350 ἐπὶ
2760 1298 2827 1367 τῇ
2873 1294 2973 1365 θέᾳ
3003 1293 3098 1347 τοῦ
3128 1294 3324 1359 ἄνθους
3360 1295 3469 1348 τῶν
3512 1299 3785 1366 νεοφωτί·

2184 1397 2324 1434 στων
2355 1376 2533 1452 (ἦσαν
2553 1379 2663 1451 γὰρ
2683 1380 2829 1450 ἀμφὶ⁹
2852 1379 2980 1443 τοὺς
3006 1377 3398 1449 τρισχιλίους),
3427 1379 3592 1451 ήρετο
3622 1382 3782 1453 παρά

2181 1463 2288 1516 τῶν
2318 1463 2653 1536 δορυφόρων·
2690 1463 2788 1526 Τίς
2822 1463 2855 1532 ἡ
2884 1461 3049 1531 λογάς
3079 1462 3188 1515 τῶν
3224 1464 3341 1515 ἐκεῖ
3371 1463 3778 1535 συνηθροισμέ-

2183 1565 2324 1613 νων;
2366 1548 2791 1618 Διαψευσάμενοι
2836 1546 3085 1617 λέγουσι,
3127 1547 3248 1600 Τῶν
3295 1547 3638 1618 ἑτεροδόξων,
3687 1550 3783 1604 ῖνα

2185 1633 2549 1705 παραγάγωσι
2605 1633 2698 1685 τόν
2752 1631 2924 1703 θυμὸν
2971 1631 3066 1685 τοῦ
3130 1631 3417 1702 βασιλέως.
3465 1632 3691 1697 Γνόντες
3733 1635 3783 1687 δ’

2184 1715 2418 1787 ἐξαυτῆς
2461 1718 2511 1769 οἱ
2562 1715 2657 1769 τοῦ
2692 1717 3018 1787 πράγματος
3068 1718 3289 1786 μεσῖται
3341 1717 3434 1771 καὶ
3473 1719 3782 1788 προστάται

2184 1800 2279 1853 τοῦ
2310 1800 2527 1870 φθόνου,
2560 1801 2869 1871 πέμπουσιν
2901 1803 2979 1864 εἰς
3012 1799 3258 1854 τούπίσω
3294 1802 3421 1863 τούς
3459 1801 3782 1871 ἁφειδεστέ-

2190 1901 2314 1954 ρους
2340 1883 2450 1938 τῶν
2492 1884 2777 1954 ἑπομένων
2805 1886 2898 1938 ἐπὶ
2940 1884 3267 1956 σκορπισμῷ
3308 1884 3406 1955 μὲν
3429 1884 3538 1937 τῶν
3568 1885 3784 1956 ἀκροα-

2186 1968 2313 2033 τῶν,
2352 1967 2611 2040 συλλήψει
2657 1967 2715 2022 δὲ
2761 1966 2871 2021 τῶν
2903 1966 3259 2021 διδασκάλων.
3302 1969 3366 2020 Ol
3416 1967 3461 2020 δ’
3493 1966 3782 2031 ἐλθόντες,

2191 2052 2481 2123 κατέχουσι
2513 2050 2673 2106 πάλιν
2701 2049 2915 2120 ὀλίγους
2947 2051 3045 2122 μὲν
3077 2050 3189 2105 τῶν
3222 2049 3523 2122 κληρικῶν,
3559 2050 3786 2116 πλείους

2186 2136 2243 2190 δὲ
2274 2136 2384 2190 τῶν
2406 2135 2630 2189 λαίκῶν.
2657 2134 2760 2188 Καὶ
2785 2137 2812 2189 6
2838 2135 3110 2207 Θεόδωρος
3132 2134 3234 2207 ἐφη
3251 2151 3265 2165 ο
3294 2130 3365 2186 τΩ
3390 2134 3785 2207 μακαριώτατε

2189 2221 2392 2292 Πάτερ,
2445 2219 2539 2273 καὶ
2569 2218 2838 2273 τοσούτων
2879 2217 3049 2273 όντων
3079 2217 3277 2283 αὐτῶν,
3327 2218 3404 2281 ὼς
3449 2218 3787 2288 τρισχιλίους

2190 2304 2349 2374 μόνον
2393 2299 2530 2356 εἶναι
2568 2304 2694 2366 τοὺς
2723 2302 3145 2371 νεοφωτίστους,
3182 2302 3301 2365 πῶς
3333 2301 3514 2355 αὐτῶν
3546 2303 3593 2354 οἱ
3645 2301 3783 2372 βρα-

2188 2390 2306 2457 χεῖς
2353 2388 2681 2459 ἐκυρίευσαν
2756 2385 3119 2457 στρατιῶται,
3170 2386 3262 2439 τὸν
3324 2385 3580 2454 σύλλογον
3662 2386 3786 2438 δια-

2187 2472 2482 2537 λύσαντες;
2555 2472 2614 2524 Ὀ
2709 2471 2958 2524 ἘΠΙΣΚ.
3034 2468 3204 2523 Τοῦτο
3276 2470 3377 2523 οὐκ
3465 2470 3786 2541 ὀλιγότητος

2188 2555 2403 2626 δεῖγμα,
2437 2554 2556 2608 οὐδέ
2587 2555 2890 2626 τεκμήριον
2935 2553 3163 2625 ἀζηλίας
3183 2597 3196 2621 ,
3228 2553 3365 2608 ἀλλά
3397 2552 3786 2625 πλεονέκτημα

2189 2638 2510 2705 εὐλαϐείας,
2559 2638 2654 2691 καὶ
2700 2636 3037 2691 διδασκάλων
3095 2638 3418 2708 ἐπιμελείας
3464 2638 3785 2704 ἀπόδειξις,

2192 2722 2553 2785 ἀδιαλείπτως
2585 2722 2645 2775 τὸ
2674 2722 2887 2793 ἄμαχον
2918 2722 3017 2791 τῆς
3048 2721 3277 2793 γνώμης
3310 2720 3785 2793 ἐπανορθούντων.

2203 2807 2261 2859 Ὀ
2314 2806 2371 2859 δέ
2414 2804 2689 2879 Θεόδωρος
2740 2801 2930 2859 εἶπεν·
2984 2804 3216 2876 Ἀρίστα
3269 2805 3443 2877 ἔφης·
3494 2803 3618 2859 οὐτε
3674 2807 3788 2876 γάρ

2191 2889 2402 2962 ἔπρεπε
2428 2890 2557 2954 τοὺς
2592 2889 2855 2962 φρόνησιν
2888 2889 3332 2958 ἐκμανθάνοντας
3363 2890 3457 2943 καὶ
3478 2890 3788 2943 ἐπιείκειαν

2194 2975 2343 3047 παρά
2365 2975 2456 3029 τοῦ
2487 2975 2632 3046 ἱεροῦ
2668 2974 2936 3039 Ἰωάννου,
2961 2974 3211 3045 ἀφρόνως
3234 2974 3326 3027 καὶ
3357 2975 3789 3045 τεταραγμένως

2193 3058 2360 3113 αὐτοῦ
2391 3056 2809 3112 ἀντιποιεῖσθαι.

2264 3143 2422 3196 ΚΕΦ.
2455 3143 2510 3195 1'.
2545 3173 2613 3184 —
2657 3142 2716 3193 '0
2758 3138 3007 3193 ’EHIEK.
3061 3138 3280 3204 Ἡσθεὶς
3312 3135 3406 3194 οῦν
3446 3141 3539 3195 ἐπὶ
3567 3142 3747 3211 τούτῳ
3768 3182 3784 3205 ,

2195 3225 2522 3299 παρακαλῶ,
2564 3225 2638 3296 μὴ
2678 3224 2954 3278 ἀνάκοπτε
2993 3224 3121 3287 τοὺς
3156 3224 3349 3294 λόγους
3387 3228 3513 3290 τούς
3549 3225 3657 3279 ὐπὸ
3687 3244 3786 3279 κα-

2194 3311 2307 3365 κῶν
2361 3310 2704 3381 πραγμάτων
2738 3308 3063 3380 τεχθένταςο
3111 3309 3281 3363 ἐοίκει
3315 3310 3424 3381 γάρ
3466 3310 3675 3363 τίκτειν
3707 3311 3787 3374 ὡς

2194 3395 2290 3448 ἐπὶ
2325 3395 2387 3448 τδ
2420 3394 2672 3447 πλεῖστον
2699 3396 2826 3457 τοὺς
2854 3393 3044 3462 λόγους
3064 3395 3133 3448 τὰ
3166 3396 3489 3466 πράγματα.
3527 3396 3633 3448 Σύν
3670 3399 3788 3460 τοῖς

2196 3479 2612 3549 κατασχεθεῖσιν
2650 3473 2743 3532 οὖν
2773 3479 3057 3550 κληρικοῖς
3086 3496 3145 3532 τε
3175 3480 3271 3532 καὶ
3304 3478 3513 3543 λαῖκοῖς
3556 3479 3779 3549 συνελή-

2197 3562 2413 3634 φθησαν
2443 3562 2539 3614 καὶ⁵
2567 3564 2829 3631 γυναῖκες
2857 3561 3066 3634 ἀνδρῶν
3093 3563 3398 3634 ἐπισήμων.
3427 3564 3587 3617 Ἔστι
3611 3564 3668 3617 δέ
3707 3561 3789 3618 ὧν

2197 3646 2292 3698 καὶ
2324 3644 2391 3698 τὰ
2422 3644 2666 3716 μαφόρια
2705 3645 2986 3715 ἥρπασαν.
3026 3644 3228 3716 ἐτέρων
3266 3644 3321 3697 δὲ
3352 3645 3423 3699 τά
3452 3645 3653 3700 ἐνώτια
3686 3649 3789 3701 σύν

2195 3729 2274 3799 τῷ
2302 3728 2443 3799 λοϐῷ
2472 3728 2566 3781 τοῦ
2604 3728 2741 3793 ὠτὸς
2770 3727 3215 3783 συναπέσπασαν’
3266 3730 3344 3794 ὼς
3393 3730 3608 3786 ἰδοῦσάν
3636 3748 3789 3796 τινος

2210 3811 2528 3883 Ἐλευθέρου
2557 3814 2791 3880 γυναῖκα
2822 3812 2848 3851 ι’
2876 3811 3367 3884 εὐδαιμονεστάτην
3399 3813 3602 3887 σφόδρα
3622 3854 3638 3880 ,
3682 3831 3788 3868 κα-

2197 3895 2528 3965 ταλείψασαν
2566 3893 2628 3947 τὸ
2660 3894 2856 3964 ἐαυτῆς
2905 3894 3191 3967 μαφόριον,
3249 3896 3788 3970 μεταμφιασαμένην

2196 3980 2258 4034 τὸ
2288 3982 2474 4052 σχῆμα
2505 3979 2567 4032 τδ
2602 3978 2709 4033 τῶν
2754 3978 3029 4045 δουλίδων,
3080 3979 3344 4051 δρομαίαν
3386 3981 3660 4036 εἰσϐαλεῖν
3703 3985 3789 4049 εἰς

2197 4064 2298 4136 τὴν
2347 4063 2500 4117 πόλιν
2541 4062 2635 4116 ἐπὶ
2672 4061 2917 4133 σωτηρία
2946 4060 3048 4133 τῆς
3087 4063 3462 4135 σωφροσύνης.
3496 4061 3605 4120 Ἦν
3651 4066 3786 4138 γὰρ,

2198 4147 2273 4211 ώς
2303 4147 2469 4211 εἰκὸς,
2501 4144 2703 4215 εὐανθῆ
2752 4144 2965 4217 μορφὴν
2999 4146 3093 4201 καὶ
3139 4147 3314 4219 εὐφυῆ
3357 4149 3556 4204 πλάσιν
3605 4151 3789 4222 ἡμφι.⁴

2200 4230 2424 4302 εσμένη.
2445 4230 2631 4300 Τούτῳ
2654 4226 2749 4283 οῦν
2771 4230 2849 4301 τῷ
2864 4231 3052 4302 τρόπῳ
3074 4230 3443 4304 πληρωθεῖσαι
3466 4235 3523 4287 αἰ
3547 4234 3790 4305 φυλακαὶ

2197 4314 2307 4366 τῶν
2329 4313 2603 4385 διαφόρων
2626 4313 2925 4383 ἀρχόντων,
2950 4314 3334 4385 μετεποιοῦντο
3352 4318 3433 4382 εἰς
3456 4317 3784 4389 ἐκκλησίας

2200 4397 2295 4451 καὶ
2328 4396 2487 4468 ὕμνοι
2524 4398 2623 4467 μέν
2663 4399 2758 4451 καὶ
2794 4399 3064 4470 ἀναφοραὶ
3101 4399 3415 4471 μυστηρίων
3443 4402 3502 4453 ἐν
3531 4405 3656 4467 ταῖς
3685 4421 3789 4471 φυ-

2200 4481 2396 4545 λακαῖς
2436 4479 2823 4547 ἐπετελοῦντο,
2879 4482 3142 4554 μάστιγες
3183 4483 3242 4536 δὲ
3283 4484 3377 4537 καὶ
3420 4484 3791 4556 στρεϐλώσεις

2202 4566 2297 4619 καὶ
2331 4566 2484 4637 ὅρκοι
2514 4568 2732 4637 φρικτοὶ
2757 4569 2816 4619 ἐν
2840 4567 2960 4631 ταῖς
2991 4566 3310 4637 ἐκκλησίαις
3338 4567 3666 4639 ἡμιλλῶντο,
3692 4572 3791 4625 ἐπὶ

2201 4649 2632 4721 ἀναθεματισμῷ
2676 4650 2923 4704 Ἰωάννου
2959 4650 3053 4704 τοῦ
3091 4652 3251 4723 μέχρι
3286 4651 3517 4708 θανάτου
3562 4654 3791 4725 ἐχθρεύ-

2204 4751 2395 4799 σαντος
2422 4737 2488 4806 τῇ
2530 4734 2700 4807 κακίᾳ
2730 4736 2825 4788 τοῦ
2858 4735 3107 4789 διαϐόλου
3127 4750 3144 4766 ⁸
3186 4737 3286 4807 τῆς
3319 4737 3700 4808 Πεντηκοστῆς
3728 4740 3790 4793 δὲ

2205 4818 2723 4890 συμπληρωθείσης,
2758 4817 2900 4889 μετὰ
2936 4819 3097 4873 πέντε
3129 4819 3342 4892 ἡμέρας
3374 4821 3706 4885 εἰσελθόντες
3739 4827 3791 4878 οί

2205 4902 2334 4973 περὶ
2388 4903 2660 4966 Ἀκάκιον,
2693 4903 2787 4956 καὶ
2821 4903 3171 4974 Σευηριανὸν,
3208 4905 3303 4958 καὶ
3342 4905 3635 4976 Ἀντίοχον,
3690 4907 3793 4960 καὶ

2204 4987 2437 5057 Κυρῖνον
2471 4985 2607 5058 πρὸς
2634 4985 2725 5041 τὸν
2760 4986 3004 5056 βασιλέα,
3036 4987 3286 5056 λέγουσιν
3321 4988 3487 5059 αὐτῷ·
3527 4989 3788 5056 Βασιλεῦ,

2204 5071 2269 5123 σύ
2300 5071 2433 5141 ήμῖν
2471 5069 2622 5139 παρὰ
2652 5068 2788 5122 Θεοῦ
2821 5070 2924 5124 οὐκ
2968 5070 3448 5142 ἐξουσιαζόμενος,
3484 5072 3601 5126 ἀλλ’
3632 5073 3786 5140 ἐξου-

2206 5152 2407 5217 σιάζων
2438 5152 2547 5207 τῶν
2572 5152 2812 5218 πάντων,
2842 5154 3019 5220 ἔξεστί
3046 5172 3127 5209 σοι
3154 5156 3183 5208 δ
3214 5155 3389 5220 θέλεις
3412 5159 3661 5228 ποιῆσαι.
3693 5157 3791 5229 Μὴ

2202 5237 2355 5305 γίνου
2386 5236 2771 5310 πρεσϐυτέρων
2799 5239 3119 5311 πραότερος,
3160 5241 3255 5294 καὶ
3286 5241 3603 5295 ἐπισκόπων
3627 5241 3793 5294 ὁσιώ-

2201 5337 2394 5392 τερος·
2440 5321 2667 5391 εἴπομέν
2704 5338 2786 5375 σοι
2820 5323 2912 5375 ἐπὶ
2956 5324 3174 5377 πάντων
3197 5339 3210 5355 ⁸
3261 5324 3384 5377 Ἐπὶ
3416 5324 3516 5395 τὴν
3543 5322 3791 5394 κεφαλὴν

2203 5404 2419 5476 ήμῶνή
2460 5404 2705 5458 Ἰωάννου
2738 5404 3077 5477 καθαίρεσις.
3118 5405 3210 5478 Μὴ
3248 5406 3427 5462 τοίνυν
3467 5406 3631 5481 φείδῃ
3670 5406 3793 5473 ἐνὸς

2203 5487 2513 5561 ἀνθρώπου,
2542 5489 2839 5559 ἀφειδήσας
2866 5490 3085 5543 πάντων
3111 5488 3266 5561 ἡμῶν
3286 5506 3302 5522 ·
3344 5490 3658 5553 Ἰουδαϊκοῖς
3686 5492 3795 5561 ρή-

2206 5589 2367 5644 μασι,
2404 5571 2543 5643 τάχα
2585 5570 2641 5625 δὲ
2690 5573 2785 5626 καὶ
2832 5574 3154 5645 πράγμασι,
3205 5573 3650 5646 παραπείσαντες
3700 5574 3797 5631 τὸν

2275 5728 2303 5768 b
2326 5726 2506 5788 Georg.
2531 5721 2727 5773 ἰδοῦσάν
2753 5740 2855 5773 τινα
2877 5724 3118 5788 ἐλευθέραν
3137 5741 3241 5789 γυν.
