4038 6154
476 256 545 310 37
1709 253 1926 309 PALLA
1937 253 2024 309 Dll
2062 251 2412 311 DIALOGUS
3674 253 3760 309 59

477 378 628 451 αὐτῷ
649 376 747 451 τῆς
781 378 1064 449 ἐπιορκίας
1094 378 1239 432 αίτία
1282 377 1342 430 τὸ
1376 375 1474 446 μὲν
1498 375 1624 448 πρὶν
1643 387 1666 414 ⁸
1693 377 1725 446 ή
1760 373 2053 440 κενοδοξία,

478 463 543 516 δι’
570 464 637 535 ἣν
667 460 1050 533 ἐμνηστεύετο,
1073 459 1149 525 ὡς
1180 459 1249 515 ἂν
1275 458 1419 513 εῐποι
1444 475 1550 524 τις,
1581 457 1678 530 τήν
1716 461 1946 527 γυναῖκα
1967 456 2058 511 τοῦ

480 542 729 614 ἀδελφοῦ·
765 543 1059 614 μετέπειτα
1091 541 1148 596 δὲ
1184 544 1217 615 ή
1251 543 1503 614 αἰσχύνη,
1569 539 1924 612 προφητικῶς
1950 540 2059 593 τῶν

480 627 713 697 ἐλέγχων
746 624 894 697 αύτῷ
918 626 1070 698 παρὰ
1103 625 1198 680 τοῦ
1220 624 1451 695 ἀδελφοῦ
1485 623 1849 694 ἐπαχθέντων.
1879 624 2063 694 Τούτῳ

476 711 554 783 τῷ
591 711 864 785 ’Δρσακίῳ
890 710 1136 775 Ἀττικὸς
1153 708 1537 778 ἀντεισάγεται
1563 711 1628 762 ἐκ
1676 707 1784 762 τῶν
1827 707 2065 779 πρεσϐυ-

477 795 670 868 τέρων,
711 794 891 866 πάσης
933 794 1182 866 μηχανῆς
1217 793 1470 864 τεχνίτης
1502 792 1644 848 κατά
1668 791 1762 847 τοῦ
1793 792 2060 846 Ἰωάννου·

475 878 534 942 6;
562 875 896 948 θεασάμενος
940 877 1144 948 μηδένα
1175 876 1283 930 τῶν
1308 874 1643 930 ἀνατολικῶν
1676 873 1824 945 αὐτῷ
1847 874 2065 929 ἐπισκό-

479 978 596 1016 πων
616 959 1000 1024 κοινωνοῦντα,
1031 960 1169 1032 μήτε
1195 960 1302 1031 μὴν
1326 958 1420 1012 τοῦ
1442 959 1540 1030 τῆς
1569 956 1776 1023 πόλεως
1803 957 1957 1022 λαοῦ,
1979 956 2067 1010 διὰ

477 1043 545 1098 τά
570 1040 744 1108 οὕτως
774 1043 994 1114 ἀνόμως
1043 1040 1608 1114 παρακολουθήσαντα
1646 1042 1741 1094 καὶ
1786 1040 2063 1111 ἀθέσμως,

479 1126 916 1199 παρασκευάζει,
954 1124 1182 1196 ἄπειρος
1217 1122 1292 1178 ῶν
1324 1123 1433 1177 τῶν
1479 1123 1636 1178 θείων
1664 1123 1916 1196 Γραφῶν,
1944 1124 2068 1187 ταῖς

480 1211 847 1281 ἀντιγραφαῖς
874 1207 1386 1278 καταναγκάζεσθαι
1411 1208 1537 1270 τοὺς
1561 1208 1634 1278 μή
1656 1204 2063 1269 κοινωνοῦντας.

483 1289 610 1366 Εἶχε
634 1292 746 1363 δὲή
791 1292 889 1363 μὲν
918 1291 1058 1346 κατά
1095 1291 1203 1345 τῶν
1246 1291 1559 1344 ἐπισκόπων
1603 1290 1911 1362 ἀντιγραφή
1966 1288 2067 1361 τὴν

480 1374 709 1447 ἀπειλὴν
735 1373 957 1444 ταύτην·
984 1373 1060 1429 Εἴ
1085 1391 1175 1438 τις
1193 1375 1265 1427 οὐ
1285 1371 1562 1427 κοινωνεῖ
1588 1371 1705 1426 τῶν
1722 1373 2069 1426 ἐπισκόπων

484 1460 747 1530 θεοφιλφ
775 1458 874 1512 καὶ
903 1457 1214 1528 ΠρρφυρΙῳ
1251 1455 1349 1510 καὶ
1372 1453 1624 1521 Ἀττικῷ,
1659 1453 1769 1522 τῆς
1792 1454 1906 1524 μὲν
1933 1454 2068 1507 Ἐκ-

480 1543 737 1613 κλησίας
780 1542 1141 1605 ἐκϐαυῖέσθω,
1167 1539 1274 1607 τῆς
1293 1539 1360 1593 δὲ
1384 1539 1540 1606 ιδίας
1559 1536 1678 1592 τῶν
1716 1537 2071 1608 πραγμάτων

481 1627 701 1693 οὐσίας
714 1625 1042 1695 ῥιπτέσθω.
1068 1622 1347 1677 Ἐντεῦθεν
1373 1624 1423 1676 οί
1449 1624 1546 1694 μὲν
1570 1621 2068 1694 καταϐαρυνόμενοι

482 1708 561 1780 τῷ
579 1708 688 1762 τῶν
713 1707 1052 1779 πραγμάτων
1087 1706 1309 1779 φορτίῳ,
1334 1705 1429 1761 καὶ
1454 1705 1677 1768 ἄκοντες
1703 1704 2066 1759 κοινωνοῦσιν·

481 1794 532 1846 οί
589 1791 647 1847 δὲ
699 1791 1014 1862 πενέστεροι
1045 1791 1138 1844 καὶ
1193 1791 1274 1852 είς
1304 1788 1485 1842 πίστιν
1527 1788 1656 1859 ύγιῆ
1696 1787 2071 1859 ἀσθενέστεροι

483 1875 810 1947 ὑποσχέσεσι
846 1872 1033 1946 δώρων
1061 1873 1226 1927 τινῶν
1252 1873 1610 1944 συνεσύροντο
1638 1875 1717 1936 είς
1758 1872 2063 1926 κοινωνίαν·

480 1961 529 2016 οι
545 1958 604 2012 δέ
634 1958 843 2027 γένους,
879 1956 972 2009 καὶ
988 1955 1352 2027 πραγμάτων,
1384 1955 1476 2009 καὶ
1495 1954 1768 2027 πατρίδος,
1793 1955 1888 2008 καὶ
1905 1953 2064 2024 δόξης

483 2040 755 2113 φθαρτῆς,
791 2039 887 2094 καὶ
905 2037 1136 2108 θλίψεως
1172 2038 1489 2110 σωματικῆς
1518 2036 1878 2110 ὑπεριδόντες.
1922 2040 2068 2109 φυγῇ

481 2127 583 2196 τήν
616 2124 716 2196 τῆς
747 2122 927 2195 ψυχῆς
950 2120 1227 2192 εὐγένειαν
1247 2121 1613 2192 διεφύλαττον,
1634 2123 1695 2176 τὸ
1719 2121 2072 2192 εὐαγγελικὺν

490 2207 581 2262 διά
633 2208 853 2277 μνήμης
887 2204 1101 2276 ἔχοντες
1156 2204 1354 2273 λόγιον·
1398 2204 1540 2259 Ἐὰν
1573 2204 1873 2260 διώκωσιν
1917 2203 2075 2275 ὑμᾶς

483 2292 553 2344 ἐι·
585 2287 662 2359 τῇ
704 2288 876 2343 πόλει
922 2288 1130 2357 ταύτῃ,
1177 2288 1425 2358 φεύγετε
1449 2290 1537 2355 εὶς
1575 2287 1692 2356 τήν
1719 2287 1939 2356 ἄλλην·
1978 2287 2074 2341 καὶ

482 2372 544 2427 τὸ
567 2372 667 2443 τῆς
690 2370 1000 2443 Παροιμίας
1040 2371 1252 2433 ἑαυτοῖς
1283 2370 1645 2440 ἐπιλέγοντες·
1689 2371 1812 2424 Οὐκ
1841 2369 2075 2441 (698.11}-

483 2470 708 2511 σουσιν
738 2452 1090 2524 ὑπάρχοντα
1133 2453 1204 2507 ἐν
1232 2452 1421 2523 ἡμέρᾳ
1468 2454 1678 2521 θυμοῦ.
1708 2453 1976 2522 Ἔφθανον
2017 2454 2076 2508 δὲ

483 2540 535 2593 οξ
557 2539 657 2611 μὲν
686 2538 745 2592 ἐν
787 2540 857 2608 τῇ
906 2537 1116 2607 Ῥώμῃ,
1167 2537 1217 2588 οἱ
1249 2536 1306 2589 δὲ
1351 2538 1409 2591 ἐν
1433 2538 1546 2600 τοῖς
1583 2536 1789 2608 ὄρεσιν,
1818 2536 1994 2608 ἕτεροι
2019 2537 2077 2593 δέ

486 2624 547 2676 ἐν
582 2624 697 2684 τοῖς
729 2619 838 2674 τῶν
872 2618 1130 2690 ἀσκητῶν
1162 2620 1596 2691 φροντιστηρίοις
1645 2619 1960 2687 διεσώζοντο
2012 2623 2078 2676 ἐκ

485 2702 587 2774 τῆς
629 2701 931 2773 Ἰουδαϊκῆς
982 2702 1268 2773 πονηρίας.
1329 2702 1395 2756 Ἦ
1435 2701 1494 2755 δὲ
1532 2702 1674 2757 κατά
1712 2701 1822 2757 τῶν
1872 2704 2077 2760 λαῖκῶν

486 2785 797 2859 ἀντιγραφή
818 2788 1079 2857 περιεῖχε·
1118 2784 1265 2853 Τοὺς
1286 2785 1405 2856 μὲν
1430 2785 1502 2839 ὲν
1539 2784 1882 2855 ἀξιώμασιν
1910 2787 2077 2842 ἐκπι-

488 2879 662 2924 πτειν
683 2867 796 2937 τῆς
824 2868 976 2922 κατὰ
1006 2868 1114 2935 τὰς
1160 2868 1352 2938 ἀρχὰς
1383 2868 1583 2935 ἀξίας,
1617 2869 1761 2938 τοὺς
1798 2869 1866 2924 δὲ
1893 2887 2075 2940 στρα-

488 2950 698 3018 τιώτας
737 2950 846 3018 τὰς
888 2949 1072 3017 ζώνας
1111 2952 1468 3020 ἀπολλύειν,
1518 2954 1662 3021 τοὺς
1711 2954 1779 3008 δὲ
1824 2956 2076 3024 λοιποὺς

489 3033 719 3104 δήμους
742 3032 841 3088 καὶ
874 3034 1253 3104 χειροτέχνας
1283 3036 1518 3107 χρυσίῳ
1544 3038 1880 3092 πολυολκεῐ
1895 3054 2078 3110 πρεσ-

490 3117 861 3187 τιμηθέντας,
896 3117 1350 3176 ὑποϐάιλεσθαι
1374 3120 1599 3191 ὲξορίᾳ.
1632 3121 1780 3194 Πλὴν
1811 3123 1961 3193 ὅμως
1985 3124 2080 3177 καὶ

489 3199 664 3255 ταῦτα
710 3201 1032 3275 ἐπράττετο,
1064 3203 1157 3255 καὶ
1184 3203 1241 3256 αί
1266 3206 1569 3276 προσευχαὶ
1616 3203 1724 3259 τῶν
1775 3205 2080 3260 σπουδαίων

491 3287 550 3337 ἐν
576 3283 653 3356 τῷ
682 3282 934 3356 ὑπαίθρῳ
964 3285 1316 3341 ἐπετελοῦντο
1355 3287 1495 3359 μετὰ
1532 3287 1732 3359 πολλῆς
1778 3289 1876 3361 τῆς
1914 3305 2080 3344 κακο-

493 3367 745 3432 παθείας,
781 3367 934 3441 φιλία
968 3372 1034 3441 τῇ
1086 3369 1223 3439 πρὸς
1252 3369 1345 3424 τὸν
1380 3371 1609 3442 Σωτῆρα
1658 3371 1751 3424 τὸν
1798 3372 2076 3443 εἰρηκότα·

504 3448 651 3521 Ἐγώ
678 3453 795 3521 ειμι
821 3453 858 3520 ἡ
905 3453 1044 3519 ὁδὸς
1074 3452 1173 3507 καί
1201 3455 1240 3523 ή
1284 3453 1551 3521 ἀλήθεια·
1585 3454 1679 3508 καὶ
1707 3454 1887 3521 πάλιν,
1935 3456 2080 3524 Sap-

490 3534 677 3599 σεῖτε,
713 3532 830 3602 ἐγὼ
854 3535 1146 3604 νενίκηκα
1171 3537 1280 3591 τόν
1300 3540 1555 3607 κόσμον.
1587 3538 1697 3591 Καὶ
1716 3536 1746 3589 6
1770 3539 1868 3608 μὲν
1899 3537 2078 3608 μακάο

496 3633 611 3689 ριος
656 3615 913 3687 Ἰωάννης
952 3618 1179 3689 οἰκήσας
1207 3618 1306 3691 τήν
1332 3618 1647 3674 Κουκουσδν
1676 3618 1795 3684 ἐτος
1822 3619 1900 3683 ἐν,
1926 3620 2079 3674 πλεί-

493 3716 653 3763 στους
686 3698 985 3771 διαθρέψας
1006 3701 1245 3772 πένητας
1278 3704 1377 3775 τῆς
1410 3702 1704 3774 Ἀρμενίας
1727 3702 1788 3756 οὐ
1826 3703 2080 3759 τοσοῦτον

494 3784 645 3854 σίτῳ,
675 3783 798 3837 ὅσον
832 3782 994 3854 λόγῳ·
1023 3783 1227 3853 ἔφθασε
1275 3783 1388 3857 γάρ
1417 3786 1539 3840 κατ’
1568 3787 1746 3839 ἐκεῖνο
1766 3785 1959 3858 καιροῦ
1985 3788 2081 3857 μέ-

469 3884 596 3937 -γας
622 3865 780 3937 λιμὸς
807 3864 905 3937 τήν
934 3864 1117 3939 χώραν
1147 3868 1388 3939 ἐκείνην.
1418 3867 1802 3940 Βασκήναντες
1837 3868 1893 3921 δὲ
1933 3870 2083 3942 αὐτῷ

492 3951 588 4005 καὶ
652 3949 745 4004 ἐπὶ
781 3948 957 4022 τούτῳ
1002 3952 1051 4004 οἱ
1098 3949 1498 4021 ἀδελφοκτόνοι,
1558 3952 1958 4024 μεταφέρουσιν
2002 3956 2082 4018 είς

506 4032 849 4108 ’Δραϐισσδν,
880 4033 1157 4106 διαφόροις
1177 4033 1570 4100 ὑποϐάλλοντες
1611 4035 1956 4107 κακουχίαις,
1995 4037 2081 4091 ἴνα

493 4118 556 4172 τδ
582 4117 682 4188 ξῆν
714 4117 974 4190 ἀπολίπῃ·
1020 4117 1183 4171 κάκεῖ
1226 4117 1388 4174 πάλιν
1426 4118 1489 4171 οὐ
1535 4118 1747 4190 μικρῶς
1773 4118 2084 4193 διαλάμψας

494 4202 615 4263 ταῖς
633 4200 853 4270 ἀρεταῖς
879 4200 958 4270 (οὐ
988 4198 1209 4253 δύναται
1251 4200 1359 4273 γάρ
1414 4200 1567 4266 πόλις
1608 4200 1878 4274 κρυϐῆναι
1898 4204 2084 4257 ἐπάνω

495 4282 655 4353 ὅρους
677 4281 924 4352 κειμένη,
944 4281 1063 4336 οὐδὲ
1092 4282 1284 4354 λύχνος
1312 4283 1553 4357 φαιδρῶς
1569 4284 1858 4356 καιόμενος
1889 4284 2084 4357 ξυλίνῳ

499 4362 869 4437 σκεπασθῆναι
911 4365 1120 4437 μοδίῳ)·
1150 4366 1400 4439 ἐξήγειρε
1423 4368 1532 4441 γάρ
1564 4368 1815 4441 καθάπερ
1835 4368 1894 4435 ἐξ
1916 4369 2082 4423 ὕπνου

495 4446 596 4520 τῆς
644 4446 867 4517 ἀγνοίας
908 4449 1047 4522 πρὸς
1093 4448 1193 4522 τήν
1221 4449 1317 4504 τοῦ
1360 4450 1520 4522 λόγου
1571 4454 1765 4506 ἀκτῖνα
1796 4453 1861 4506 ἐκ
1903 4453 2084 4524 πάσης

499 4530 810 4606 περιχώρου
851 4532 982 4598 τοὺς
1026 4533 1168 4603 ἄγαν
1225 4534 1647 4608 κεκαρωμένους
1706 4538 1775 4607 τῇ
1828 4535 2081 4607 ἀπιστίᾳ.

500 4615 864 4690 Σφοδρότερον
884 4615 940 4671 δὲ
960 4620 1030 4690 τῇ
1060 4616 1221 4689 φλογὶ
1246 4621 1346 4692 τῆς
1375 4617 1680 4692 βασκανίας
1708 4618 2082 4690 κατακαιόμε-

498 4716 575 4755 νοι
589 4701 640 4754 οἱ
657 4700 786 4771 περὶ
798 4700 1146 4772 Σευηριανὸν,
1164 4701 1259 4756 καῖ
1273 4701 1604 4774 Πορφύριον,
1621 4701 1715 4756 καὶ
1738 4700 1916 4769 ἕτεροί
1942 4717 2087 4765 τινες

499 4784 596 4854 τῆς
619 4780 818 4855 Συρίας
842 4781 1149 4848 ἐπίσκοποι,
1167 4784 1682 4854 παρασκευάζουσιν
1709 4783 1874 4840 αὐτόν
1901 4787 2088 4839 κάκεῖ-

500 4866 591 4919 θεν
613 4863 1028 4938 μετενεχθῆναι·
1070 4864 1241 4936 βαρὺς
1269 4866 1381 4936 γάρ
1411 4868 1595 4932 αὐτοῖς
1630 4863 1700 4940 ἦν
1725 4869 1787 4923 ού
1823 4869 1983 4941 μόνον
2030 4872 2087 4924 ἐν

500 4950 623 5011 ταῖς
671 4946 1056 5019 νομιζομέναις
1088 4948 1430 5018 εὐημερίαις,
1465 4950 1602 5004 ἀλλά
1635 4950 1814 5021 πολλῷ
1842 4950 2003 5006 πλέον
2031 4955 2089 5006 ἐν

501 5023 622 5096 ταῖς
652 5029 1037 5102 δυσημερθαις,
1083 5028 1272 5098 ἀφυῶς
1301 5029 1665 5101 διακειμένοις
1711 5036 1840 5102 περὶ
1868 5035 1974 5105 τήν
1997 5036 2091 5104 φύ-

505 5128 590 5165 σιν
614 5111 724 5166 τῶν
761 5112 1105 5183 πειρασμῶν,
1141 5111 1203 5164 ού
1260 5112 1629 5184 μεμνημένοις
1666 5113 1762 5168 τοῦ
1806 5114 1939 5186 πρὸς
2000 5117 2091 5170 τὸν

488 5194 838 5249 “AaM-conv
860 5190 1009 5248 θείου
1043 5195 1306 5266 χρησμοῦ.
1325 5197 1383 5250 ἐν
1404 5199 1523 5261 ταῖς
1542 5196 1751 5268 θλίψεσι
1779 5198 2086 5268 γενόμενον,

504 5280 585 5341 τὸ,
629 5275 825 5347 Ἀρκεῖ
846 5294 943 5333 σοι
975 5278 1012 5347 ἡ
1035 5278 1209 5349 χάρις
1238 5294 1379 5349 μου·
1410 5280 1450 5347 ἢ
1480 5281 1590 5351 γὰρ
1616 5279 1871 5353 δύναμίς
1883 5300 2004 5353 μου
2024 5283 2093 5336 ἐν

504 5363 787 5429 ἀσθενείᾳ
813 5362 1165 5417 τελειοῦται.
1185 5360 1524 5435 θεασάμενοι
1551 5364 1659 5436 γὰρ
1681 5369 2092 5437 μεταναστᾶσαν

504 5448 604 5520 τήν
644 5447 962 5516 ’Λντιοχέων
1005 5446 1099 5500 ἐπὶ
1120 5444 1219 5518 τὴν
1264 5447 1580 5519 Ἀρμενίων,
1625 5449 1880 5504 κάκεῖθεν
1931 5451 2091 5506 πάλιν

505 5536 597 5590 ἐπὶ
642 5535 741 5607 τὴν
784 5535 1104 5607 Ἀντιοχέων
1143 5535 1244 5607 τὴν
1296 5535 1544 5591 Ἰωάννου
1588 5538 1909 5611 εὐχάριστον
1947 5539 2094 5608 φιλο-

506 5619 697 5689 σοφίαν
751 5617 1038 5691 ᾁδομένην,
1065 5616 1299 5690 ηὔχοντο
1354 5620 1449 5675 καὶ
1504 5621 1565 5675 τὸ
1603 5622 1702 5694 ζῇν
1757 5621 2089 5693 ἀπορρῆξαι,

571 5748 723 5821 λεια,
749 5770 837 5823 pro
862 5773 918 5812 το
942 5757 1023 5826 μὲν
1049 5760 1283 5843 πρῶτον.⁸

2163 371 2414 444 καθάπερ
2442 369 2544 425 ὑπὸ
2569 369 2847 442 μαστίγων
2871 370 2980 425 τῶν
2996 372 3354 443 διηγημάτων
3386 369 3759 443 βασανιζόμιο

2160 474 2238 510 νοι
2269 454 2528 526 (τοιούτον
2559 453 2667 527 γὰρ
2689 455 2717 507 6
2748 454 3039 526 μισόκαλος
3063 454 3296 525 φθόνος)·
3317 454 3391 516 ὡς
3420 456 3545 517 τοὺς
3573 455 3757 526 696w-

2159 558 2257 605 τας
2286 539 2393 594 τῶν
2422 539 2701 610 ἑπομένων
2725 539 2906 602 αὐτοῖς
2931 537 3206 610 κληρικῶν
3235 538 3617 606 θαυμάζεινηὶ
3658 536 3760 591 λέ·

2161 641 2298 695 γειν·
2333 624 2499 679 Ἴδετε
2547 623 2738 694 νεκρὸν
2787 622 3035 694 φοϐερὸν,
3081 623 3206 685 τοὺς
3241 619 3447 686 ζῶντας
3481 622 3575 674 καὶ
3610 638 3763 692 κραο

2161 707 2386 771 τοῦντας
2412 705 2791 769 διαπτοούντα,
2841 705 3096 775 καθάπερ
3126 706 3254 768 τοὺς
3286 705 3483 767 παῖδας
3523 705 3591 756 τά
3616 722 3760 775 μορ-

2166 793 2446 864 μολυκεῖα.
2495 790 2695 845 Βαϐαίί
2729 790 2779 843 οἱ
2826 788 2927 853 τὰς
2965 787 3238 858 κοσμικὰς
3279 786 3594 850 δυναστείας
3654 787 3760 842 καὶ

2161 875 2252 929 τὸν
2284 872 2737 944 ἐκκλησιαστικὸν
2755 871 3050 943 ἐνημμένοι
3076 870 3306 925 πλοῦτον
3339 871 3454 941 μετ’
3476 871 3758 937 ἐξουσίας,

2166 957 2303 1030 μετά
2332 956 2427 1012 καὶ
2454 959 2555 1027 τῆς
2578 956 2687 1010 τῶν
2722 956 3064 1028 πραγμάτων
3100 956 3297 1026 ἀρχῆς,
3324 955 3415 1007 τὸν
3450 955 3624 1027 ἱερέα,
3658 955 3767 1010 τὸν

2166 1040 2346 1112 μόνον,
2372 1040 2462 1094 τὸν
2491 1040 2706 1107 ἄπολιν,
2737 1040 2830 1093 τὸν
2863 1038 3067 1107 ἀσθενῆ
3102 1041 3168 1108 τῇ
3224 1037 3410 1106 σαρκὶ,
3437 1037 3529 1090 τὸν
3573 1038 3762 1112 ἐξόρι-

2166 1140 2289 1178 στον
2329 1122 2581 1187 δεδιότες,
2639 1121 2884 1193 ὠχριῶσι
2951 1121 3334 1191 σφαδάζοντες.
3403 1122 3622 1192 Μηκέτι
3658 1118 3763 1176 οὖν

2165 1208 2604 1280 καρτερήσαντες
2624 1209 2690 1277 τῇ
2716 1208 2888 1277 σκηνῇ
2918 1205 3185 1277 κρύπτειν
3204 1204 3295 1259 τὸν
3315 1203 3466 1274 ὅφιν,
3495 1202 3762 1259 ἀποστείρ

2164 1291 2354 1354 λαντες
2384 1290 2467 1352 εἰς
2492 1289 2553 1342 τὸ
2583 1288 2969 1361 στρατόπεδον,
3006 1287 3362 1360 ἐκπορίζουσι
3397 1286 3558 1341 πάλιν
3603 1287 3763 1341 άντι-

2166 1375 2383 1449 γραφὴν
2429 1373 2795 1447 σφοδροτέραν
2825 1371 2966 1445 μετά
3000 1371 3323 1445 προστίμου·
3360 1370 3512 1434 ἐντὸς
3556 1369 3763 1440 στενῆς

2168 1457 2501 1532 προθεσμίας
2531 1456 2917 1529 μετενεχθῆναι
2945 1456 3108 1512 αὑτὸν
3133 1455 3215 1519 είς
3239 1453 3561 1517 Πιτυούντα,
3586 1454 3761 1508 τόπον

2170 1542 2481 1613 πανέρημον
2516 1540 2626 1595 τῶν
2658 1539 2901 1607 Τζάνων,
2945 1539 3296 1610 ἐπικείμενον
3347 1541 3416 1610 τῇ
3462 1537 3602 1611 ὄχθη
3655 1538 3762 1607 τῆς

2167 1625 2436 1696 Ποντικῆς
2479 1623 2773 1695 θαλάσσης.
2805 1624 2869 1676 Ol
2897 1623 2953 1677 δέ
2989 1623 3266 1692 διάγοντες
3293 1622 3455 1676 αὐτὸν
3480 1620 3758 1693 στρατιῶο

2165 1727 2258 1765 ται
2287 1709 2381 1763 τοῦ
2408 1708 2654 1780 ἐπάρχου
2674 1706 2785 1760 τῶν
2812 1706 3185 1779 πραιτωρίων,
3232 1704 3328 1759 ἐπ)⁸
3354 1704 3609 1758 τοσοῦτον
3633 1722 3763 1758 κατο

2167 1795 2395 1864 ήπειγον
2421 1791 2513 1846 διὰ
2543 1792 2642 1863 τῆς
2694 1790 2837 1853 ὁδοῦ,
2878 1788 3130 1859 λέγοντες
3173 1787 3430 1852 τοιαύτας
3463 1787 3611 1859 ἔχειν
3653 1787 3761 1851 τὰς

2171 1878 2410 1941 ἐντολὰς,
2443 1875 2541 1939 ὡς,
2589 1877 2639 1929 εί
2672 1872 2935 1928 ἀποθάνοι
2975 1872 3116 1926 κατὰ
3150 1873 3251 1943 τὴν
3300 1872 3439 1938 ὁδὸν,
3492 1869 3764 1942 μειζόνων

2172 1961 2565 2033 ἀξιωθήσονται
2589 1958 2698 2012 τῶν
2732 1956 2973 2028 βαθμῶν.
3008 1956 3119 2009 Καὶ
3151 1958 3180 2010 6
3225 1957 3324 2027 μὲν
3356 1950 3441 2020 εἷς
3460 1955 3520 2023 ἐξ
3549 1955 3764 2018 αὐτῶν,

2171 2045 2391 2098 ἔλαττον
2427 2041 2722 2115 φροντίσας
2768 2041 2868 2110 τῆς
2900 2038 3182 2111 παρούσης
3229 2039 3542 2111 στρατείας,
3569 2039 3764 2108 φιλαν⁸

2172 2125 2418 2199 θρωπίαν
2446 2124 2568 2178 τινά
2611 2123 2792 2187 ποσῶς
2824 2122 3160 2176 διακλέπτων
3192 2120 3524 2175 ἐνεδείκνυτο
3558 2121 3607 2162 δ’
3641 2124 3673 2177 6
3709 2122 3761 2176 δ’

2174 2210 2363 2284 ἕτερος
2391 2210 2485 2264 ἐπὶ
2513 2207 2763 2263 τοσοῦτον
2785 2202 2853 2279 ῆν
2882 2206 3093 2279 ἀπηνὴς
3127 2205 3222 2260 καὶ
3251 2204 3528 2270 δύσκολος,
3557 2204 3634 2269 ὡς
3655 2205 3762 2271 τὰς

2174 2297 2253 2359 είς
2289 2294 2450 2348 αὑτὸν
2473 2291 2765 2363 γινομένας
2781 2290 3066 2354 κολακείας
3095 2289 3245 2362 παρά
3273 2291 3383 2343 τῶν
3414 2305 3764 2361 προστυγχα-

2177 2379 2374 2432 νόντων
2396 2377 2490 2430 ἐπὶ
2522 2374 2694 2446 φειδοῖ
2718 2373 2813 2427 τοῦ
2857 2373 3012 2442 ἀγίου
3043 2370 3232 2444 ὕϐρεις
3255 2370 3522 2442 νομίζειν,
3562 2373 3763 2426 τούτου

2177 2461 2336 2535 μόνον
2368 2459 2667 2532 φροντίζων
2696 2457 2787 2512 τὸν
2831 2455 3082 2528 Ἰωάννην
3107 2454 3529 2526 δυσθανατῆσαι.
3565 2454 3760 2510 Ὑετοῦ

2177 2546 2275 2616 μὲν
2317 2543 2428 2614 γὰρ
2455 2540 2658 2613 λάϐρου
2700 2539 2873 2604 ὄντος,
2926 2537 3298 2610 ἀφροντίστως
3330 2536 3501 2609 ἐξῄει,
3543 2538 3620 2601 ῶς
3670 2536 3766 2591 δια

2174 2627 2343 2682 νώτου
2373 2625 2466 2680 καὶ
2493 2624 2730 2696 στέρνων
2755 2621 3017 2694 φέρεσθαι
3038 2621 3136 2685 τὰς
3161 2620 3271 2674 τῶν
3292 2620 3499 2674 ὑδάτων
3512 2620 3759 2684 λιϐάδας.

2176 2708 2409 2783 Σφοδρὸν
2438 2707 2494 2761 δέ
2547 2706 2709 2760 πάλιν
2736 2704 2925 2776 καῦμα
2950 2704 3104 2776 ήλίου
3157 2704 3278 2759 ἀντὶ
3310 2706 3521 2776 τρυφῆς
3549 2705 3761 2775 ήγείτο,

2176 2791 2333 2856 εἰδὼς
2361 2792 2419 2844 ἐν
2453 2787 2630 2860 τούτῳ
2648 2788 2937 2859 δυσφορεῖν
2969 2787 3030 2841 τὸ
3055 2786 3397 2840 Ἐλισσαῖκὺν
3420 2787 3643 2858 κρανίον
3661 2785 3762 2841 τοῦ

2180 2875 2471 2948 μακαρίου.
2501 2873 2595 2936 Εἰς
2618 2871 2769 2925 πόλιν
2795 2871 2851 2924 δὲ
2876 2871 2908 2941 ἢ
2929 2869 3144 2942 κώμην,
3177 2869 3309 2925 ἐνθα
3329 2869 3556 2943 λουτροῦ
3577 2888 3764 2943 παρα-

2180 2958 2347 3030 μυθία
2371 2952 2462 3029 ἦν,
2500 2955 2621 3009 οὐδὲ
2652 2954 2889 3027 στιγμήν
2912 2956 2941 3007 6
2960 2953 3219 3025 δύστηνος
3238 2954 3535 3026 συνεχώρει
3558 2958 3758 3009 ποιεῖν.

2178 3042 2288 3097 Καὶ
2324 3042 2384 3094 ἐν
2430 3038 2640 3102 τούτοις
2679 3039 2844 3091 πᾶσιν
2875 3036 2968 3089 ἐπὶ
2991 3036 3254 3107 τρίμηνον
3283 3036 3382 3108 τὴν
3410 3036 3763 3108 ἀργαλεωτά·

2176 3142 2276 3197 την
2301 3123 2516 3193 ἐκείνην
2554 3121 2786 3194 βαδίζων
2815 3120 2955 3186 ὁδὸν,
2999 3119 3190 3193 ἔμενεν
3216 3122 3245 3174 6
3273 3120 3428 3188 ἆγιος
3455 3121 3530 3186 ῶς
3581 3122 3763 3193 ἀστὴρ

2177 3207 2523 3273 διαστίλϐων,
2575 3207 2714 3278 ἔχων
2760 3205 2821 3260 τὸ
2867 3205 3138 3276 σωμάτιον
3176 3204 3429 3278 καθάπερ
3473 3205 3642 3279 μῆλον
3673 3208 3789 3261 ἐπ”

2178 3292 2367 3365 ἄκρων
2396 3289 2608 3345 κλάδων
2661 3288 3212 3362 ήλιοφοινισσόμενον.
3253 3287 3667 3360 Πλησιάσαντες
3703 3288 3762 3342 δὲ

2176 3379 2244 3449 τῇ
2275 3374 2500 3445 Κομάνῃ
2524 3372 2775 3444 καθάπερ
2818 3371 3063 3443 γέφυραν
3102 3371 3272 3443 αὐτὴν
3301 3370 3599 3443 παρῆλθον,
3656 3370 3765 3440 ἔξω

2179 3457 2271 3512 τοῦ
2299 3456 2511 3527 τείχους
2539 3458 2596 3510 ἐν
2643 3455 2721 3526 τῷ
2751 3454 3034 3527 μαρτυρίιρ
3064 3455 3344 3525 μείναντες
3376 3455 3484 3508 ἀπὸ
3531 3454 3692 3509 πέντε
3726 3456 3763 3525 ἢ

2180 3540 2241 3606 ἐξ
2269 3538 2528 3611 σημείων.
2567 3537 2704 3591 Κατ’
2739 3538 2909 3608 αὐτὴν
2941 3537 2998 3591 δέ
3023 3537 3313 3616 τήν,νύκτα
3342 3538 3588 3609 παρέστη
3612 3537 3766 3608 αύτῷ

2180 3625 2209 3677 6
2229 3622 2323 3677 τοῦ
2354 3622 2520 3676 τόπου
2542 3621 2751 3675 ἐκείνου
2786 3622 3015 3693 μάρτυς,
3051 3620 3371 3686 Βασιλίσκος
3397 3622 3567 3692 ὄνομα
3590 3620 3763 3692 αύτῷ,

2181 3708 2241 3772 ὃς
2266 3707 2555 3779 μαρτυρεῖ,
2587 3705 2885 3769 ἐπίσκοπος
2911 3704 2986 3757 ῶν
3029 3703 3321 3776 Κομανῶν,
3349 3706 3406 3757 ἐν
3427 3705 3476 3758 Ν
3482 3704 3769 3776 ικομηδείφ⁵

2181 3791 2275 3844 ἐπὶ
2306 3786 2676 3859 Μαξιμιανοῦ,
2709 3787 2825 3859 ἅμα
2852 3787 3137 3859 Λουκιανῷ
3168 3786 3247 3859 τῷ
3284 3789 3342 3841 ἐν
3374 3788 3598 3858 Βιθυνίᾳ
3625 3805 3731 3860 πρε
3750 3820 3763 3829 -

2183 3873 2429 3947 σϐυτέρῳ
2474 3873 2587 3926 δντι
2638 3870 2988 3942 Ἀντιοχείας,
3045 3872 3228 3943 φήσας
3258 3887 3273 3900 ·
3304 3872 3531 3941 Θάρσει,
3563 3872 3765 3943 ἀδελφὲ

2195 3957 2413 4029 Ἰωάννη
2436 3972 2448 3986 ·
2476 3953 2666 4027 αὖριον
2691 3955 2802 4025 γὰρ
2842 3953 2960 4025 ἃμα
2994 3953 3252 4025 ἐσόμεθα.
3281 3955 3419 4008 Φασὶ
3451 3955 3530 4020 δέ,
3573 3972 3765 4027 προει-

2185 4041 2339 4112 ρήκει
2374 4039 2468 4093 καὶ
2500 4039 2869 4108 παραμένοντι
2902 4037 3282 4109 πρεσϐυτέρῳ·
3322 4038 3645 4109 Ἑτοίμασον
3672 4039 3767 4093 τὸν

2182 4122 2343 4176 τόπον
2377 4120 2455 4191 τῷ
2510 4118 2721 4190 ἀδελφῷ
2755 4119 2978 4192 Ἰωάννῃ
3009 4136 3022 4150 ·
3053 4119 3271 4191 ἔρχεται
3303 4120 3431 4191 γάρ.
3478 4120 3659 4193 Ἔχων
3708 4120 3766 4174 δὲ

2184 4204 2389 4268 πιστῶς
2440 4204 2530 4257 τὸν
2589 4204 2839 4276 χρησμὸν
2871 4205 2899 4258 ό
2967 4205 3240 4275 Ἰωάννης,
3281 4204 3373 4257 ἐπὶ
3428 4203 3528 4274 τήν
3572 4203 3767 4277 αὖριον

2186 4287 2485 4360 παρεκάλει
2518 4287 2714 4350 αὐτοὺς
2737 4287 2843 4351 ἓως
2872 4286 3128 4358 πέμπτης
3158 4286 3306 4360 ῶρας
3345 4288 3462 4340 ἐκεῖ
3490 4290 3771 4359 παραμεῖ-

2187 4390 2293 4426 ναι.
2324 4373 2387 4426 Οί
2418 4371 2472 4424 δέ
2502 4371 2577 4442 μὴ
2605 4369 2937 4434 πεισθέντες,
2966 4370 3278 4442 ἐξήλαυνον·
3322 4369 3567 4435 ἐλθόντες
3599 4370 3652 4424 δὲ
3691 4371 3771 4438 ὡς

2189 4454 2437 4518 σταδίους
2485 4455 2801 4526 τριάκοντα,
2856 4454 3018 4507 πάλιν
3073 4454 3504 4525 ὑποστρέφουσιν
3549 4456 3630 4519 εἰς
3674 4455 3771 4508 τὸν

2186 4538 2349 4592 τόπον
2375 4537 2468 4591 τοῦ
2500 4537 2825 4610 μαρτυρίου,
2851 4538 2943 4607 ἀφ’
2982 4531 3044 4592 οὗ
3086 4538 3323 4609 ἀπῆραν,
3356 4537 3570 4608 ἔχοντος
3599 4536 3771 4597 αὐτοῦ

2186 4620 2373 4687 ὀξέως.
2401 4617 2586 4683 Οὕτως
2637 4616 2732 4674 οὖν
2767 4620 2958 4678 ἐλθὼν.
3008 4620 3261 4693 ἐπιζητεῖ
3282 4621 3348 4673 τά
3381 4619 3507 4686 ἀξια
3526 4619 3621 4673 τοῦ
3652 4618 3769 4691 βίου

2186 4703 2416 4776 λαμπρά
2450 4703 2665 4775 ἱμάτια,
2713 4702 2808 4758 καὶ
2842 4704 3249 4777 ἀποδυσάμενος
3286 4703 3357 4758 τά
3386 4703 3649 4776 πρότερα,
3679 4702 3768 4756 ἐν-

2188 4784 2421 4842 εδύσατο
2448 4787 2656 4858 νήφων,
2685 4785 2918 4852 ἀλλάξας
2942 4786 3047 4852 ἕως
3075 4786 3458 4859 ὑποδημάτων·
3492 4786 3564 4841 τὰ
3608 4785 3773 4840 λοιπὰ

2191 4870 2251 4925 δέ
2297 4870 2535 4941 διένειμε
2576 4871 2693 4935 τοῖς
2717 4869 3005 4943 παροῦσιν.
3042 4871 3155 4926 Καὶ
3177 4871 3515 4942 κοινωνήσας
3538 4869 3651 4924 τῶν
3677 4873 3772 4925 Δε-

2195 4952 2469 5007 σποτικῶν
2502 4953 2808 5023 συμϐόλων,
2834 4955 2983 5007 ποιεῖ
3011 4952 3112 5026 τὴν
3160 4952 3477 5008 τελευταίαν
3513 4952 3614 5007 ἐπὶ
3662 4953 3773 5007 τῶν

2192 5037 2476 5111 παρόντων
2508 5037 2833 5110 προσευχήν,
2855 5039 3025 5093 εἰπὼν
3050 5040 3113 5095 τὸ
3138 5038 3201 5105 ἐξ
3230 5037 3388 5104 ἔθους
3414 5037 3587 5110 ῥῆμα·
3616 5037 3773 5103 Δόξα

2191 5120 2272 5187 τῷ
2294 5120 2417 5187 Θεῷ
2448 5120 2689 5175 πάντων
2742 5121 2973 5177 ἕνεκεν·
3033 5120 3575 5195 ἐπισφραγισάμενός
3618 5138 3677 5177 τε
3714 5122 3775 5175 τι

2193 5204 2417 5276 ὓστερον
2449 5202 2615 5274 ἀμὴν,
2658 5203 2820 5276 ἐξῆρε
2846 5205 2973 5267 τοὺς
3013 5205 3203 5271 πόδας,
3235 5205 3365 5271 τοὺς
3402 5204 3623 5278 ώραίως
3644 5204 3775 5275 δρα-

2197 5287 2395 5359 μόντας
2438 5287 2532 5340 ἐπὶ
2583 5286 2827 5360 σωτηρίᾳ
2861 5288 2972 5341 τῶν
2996 5286 3097 5360 τήν
3137 5289 3430 5360 μετάνοιαν
3467 5286 3773 5361 ἐλαμένων,

2193 5369 2289 5424 καὶ
2321 5369 2527 5440 ἐλέγχῳ
2548 5369 2659 5423 τῶν
2683 5369 2783 5440 τὴν
2828 5370 3102 5441 ἁμαρτίαν
3132 5370 3402 5436 πλουσίως
3422 5372 3778 5444 γεωργησάν-

2192 5468 2319 5508 των.
2369 5452 2433 5507 Εί
2475 5451 2533 5506 δέ
2575 5452 2726 5506 οὐδὲν
2753 5449 2972 5523 ὤνησαν
3004 5453 3055 5508 οί
3108 5452 3321 5524 ἔλεγχοι
3353 5455 3481 5517 τοὺς
3511 5454 3777 5522 φαύλως.

2193 5534 2350 5590 τοῦτο
2376 5536 2477 5589 οὐκ
2508 5535 2695 5588 ἀτονία
2720 5533 2812 5588 τοῦ
2849 5537 3397 5607 παρρησιασαμένου,
3429 5534 3547 5589 ἀλλ’
3585 5538 3785 5608 ἰταμό-

2192 5636 2293 5690 της
2315 5618 2424 5673 τῶν
2463 5619 2538 5690 μὴ
2565 5618 2969 5689 ἀνασχομένων.
3006 5618 3336 5692 Προστεθεὶς
3361 5621 3498 5693 πρὸς
3522 5621 3652 5686 τοὺς
3677 5638 3787 5680 πα-

2262 5758 2289 5800 b
2313 5757 2598 5823 Legendum
2629 5759 2937 5808 ἐπεδείκνυτο.
