4038 6154
255 338 322 396 ῃ
1250 323 1334 380 βε
1371 320 1528 379 ViTA
1567 321 1622 376 S.
1665 312 1942 374 JOANNIS
1981 311 2465 371 CHRYSOSTO)”.
3469 317 3538 372 58

255 465 400 515 eam,
424 446 636 516 nuptias
667 444 847 500 uxoris
876 442 1054 498 fratris
1081 441 1192 508 sui;
1243 437 1434 495 deinde
1465 434 1633 508 pudor
1664 434 1838 489 incre-

255 541 527 611 pationum
561 537 657 608 ipsi
687 551 718 591 a
746 535 907 592 fratre
933 532 1240 607 prophetice
1271 531 1547 585 factarum.
1581 527 1712 582 lluic
1739 527 1841 580 Ar-

254 630 404 684 sacio
425 628 682 683 suflicitur
708 627 918 682 Atticus
943 642 974 680 e
1006 623 1351 696 presbyteris,
1381 620 1619 676 omnium
1647 618 1839 673 adver-

254 737 350 778 sus
395 721 651 778 Joannem
704 719 1036 774 molitionum
1088 715 1305 770 artifex.
1355 713 1606 782 Quicum
1638 710 1838 764 videret

255 815 522 871 neminem
550 813 891 868 orientalium
921 811 1292 882 cpi500porum
1321 823 1502 863 secum
1543 803 1840 860 communi-

251 922 392 970 care,
424 915 480 960 et
507 922 574 960 ne
603 906 838 961 civitatis
861 904 1075 975 quidem
1104 902 1377 973 populum,
1397 909 1612 970 propter
1635 913 1695 953 ea
1719 912 1836 965 quze

252 1007 358 1053 tant
390 996 594 1052 nefarie
640 1006 801 1066 atque
846 996 1038 1066 injuste
1086 995 1138 1048 in
1187 993 1447 1048 Joannem
1478 991 1546 1046 ab
1577 990 1692 1059 ipso
1719 996 1836 1043 acta

253 1097 399 1142 erant
427 1105 438 1140 :
469 1101 662 1156 expers
683 1103 803 1141 cum
825 1096 966 1140 esset
987 1100 1253 1140 sacrarum
1279 1084 1691 1152 Scripturarum,
1717 1095 1838 1150 per-

250 1179 374 1236 fecit
401 1190 458 1234 ut
485 1180 848 1248 imperialibus
893 1178 1162 1247 rescriptis
1191 1183 1507 1246 eogereutur
1537 1175 1569 1228 ii
1595 1175 1684 1246 qui
1713 1189 1834 1228 cum

251 1274 368 1340 ipso
413 1286 521 1326 non
560 1271 1042 1325 communicabant.
1079 1269 1410 1337 Rcscriptum
1442 1275 1620 1322 autem
1650 1275 1835 1320 centra

247 1362 557 1433 episcopos,
591 1361 726 1416 tales
771 1361 942 1414 minas
972 1359 1234 1414 habebat:
1265 1357 1325 1413 Si
1349 1358 1460 1427 quis
1489 1358 1836 1426 episcoporum

249 1468 355 1508 non
381 1455 715 1506 communicat
740 1450 1045 1521 Theophila,
1081 1448 1389 1521 Porphyrio,
1419 1459 1464 1502 et
1503 1448 1688 1513 Attico,
1735 1447 1836 1502 Ec-

247 1543 409 1598 clesia
435 1544 632 1611 quidem
661 1543 914 1614 ejiciatur,
942 1552 988 1595 et
1011 1557 1042 1594 a
1069 1542 1287 1612 propriis
1316 1539 1640 1609 facultatibus
1662 1539 1839 1608 abiga-

251 1647 353 1690 tur.
390 1637 524 1690 llinc
548 1635 636 1688 alii
666 1635 756 1703 qui
802 1634 1062 1688 honorum
1106 1647 1270 1686 onere
1302 1632 1612 1702 przegravati
1659 1639 1832 1695 erant,

249 1726 413 1781 etiam
443 1726 590 1780 inviti
616 1739 737 1778 cum
765 1725 880 1793 ipso
899 1723 1284 1776 communicant
1325 1739 1337 1775 :
1367 1722 1455 1776 alii
1483 1736 1611 1777 vero
1639 1736 1838 1791 paupe-

249 1817 422 1872 riores
452 1827 504 1871 et
531 1816 585 1871 in
614 1815 719 1870 ﬁde
756 1831 883 1870 sana
922 1814 1264 1877 infirmiores,
1296 1813 1557 1868 donorum
1584 1829 1836 1882 quorum-

245 1905 371 1960 dam
400 1905 872 1977 pollicitationibus
922 1904 987 1958 ad
1032 1905 1460 1960 communionem
1498 1904 1836 1959 adduceban-

249 2007 334 2053 tur
357 2015 375 2053 :
402 1997 494 2054 alii
523 2012 723 2066 genere
753 2006 804 2050 et
834 1996 1262 2066 possessionibus
1289 2004 1343 2049 ct
1370 1995 1535 2064 patria
1566 2004 1618 2050 et
1652 2011 1837 2048 eorru-

246 2088 428 2160 ptibili
452 2087 624 2157 gloria
652 2097 811 2156 atque
836 2102 1120 2155 corporum
1143 2087 1422 2140 vexatione
1449 2084 1666 2154 insuper
1687 2083 1836 2137 habi-

245 2181 336 2247 tis,
360 2179 524 2233 animi
551 2178 881 2233 nobilitatem
907 2177 1028 2248 fuga
1058 2178 1444 2240 custodiebant,
1469 2177 1830 2247 evangelicum

243 2273 379 2330 illud
403 2274 456 2326 in
484 2273 739 2326 memoria
769 2271 1047 2333 habentes,
1082 2271 1142 2325 Si
1168 2287 1254 2324 vos
1279 2270 1330 2323 in
1375 2271 1469 2324 huc
1495 2270 1692 2324 civitate
1722 2287 1836 2338 per-

239 2376 542 2430 sequantur,
577 2367 735 2436 fugite
777 2367 831 2418 in
875 2366 1029 2420 alia»:
1074 2365 1285 2437 (Matth.
1336 2364 1423 2420 l0.
1467 2364 1677 2435 23):et
1703 2364 1830 2419 illud

243 2457 658 2512 Proverbiorum
681 2457 779 2512 sibi
807 2456 1064 2522 dicentes,
1096 2455 1215 2510 Non
1245 2455 1518 2526 proderunt
1543 2455 1836 2509 substantiis

240 2550 288 2602 in
319 2549 406 2602 die
432 2550 528 2602 ira:
557 2547 738 2617 (Prov.
769 2549 850 2602 11.
875 2545 951 2620 4).
981 2547 1210 2602 Profecti
1236 2547 1321 2601 alii
1343 2545 1556 2616 quidem
1584 2545 1830 2613 Romam,

239 2641 327 2694 alii
364 2639 433 2694 ad
472 2652 702 2706 montes,
749 2640 836 2694 alii
872 2649 1049 2695 autem
1081 2640 1131 2694 in
1159 2649 1456 2694 ascetarum
1486 2639 1829 2704 monasteria,

238 2746 265 2784 a
287 2731 516 2788 Jndaica
543 2732 818 2802 iniquitate
840 2731 1205 2788 servabantur.
1233 2731 1475 2787 Edictum
1499 2746 1624 2786 vero
1645 2731 1836 2787 adver-

238 2837 330 2877 sus
363 2822 533 2877 laicos
581 2823 694 2878 haec
739 2824 1074 2878 continebat:
1108 2823 1209 2890 Qui
1235 2824 1288 2877 in
1314 2823 1639 2894 dignitatibus
1669 2834 1832 2878 essent

239 2915 529 2980 constituti,
563 2931 653 2968 suo
697 2915 886 2969 honore
931 2925 978 2969 et
1021 2916 1266 2987 dignitate
1293 2914 1604 2979 excederent,
1651 2913 1832 2968 milites

239 3005 504 3076 cingulum
531 3007 814 3060 amitterent
835 3022 851 3060 :
872 3007 961 3060 relt
981 3023 1065 3071 ,αα
1110 3005 1246 3076 plebs
1273 3016 1421 3075 atque
1461 3005 1664 3076 Opi/ices
1692 3004 1834 3072 grari

239 3098 360 3152 auri
388 3097 614 3168 pondere
639 3099 858 3164 multati,
890 3097 1203 3162 subiacerent
1244 3095 1442 3151 exsilio.
1484 3094 1744 3150 Craterum
1775 3103 1831 3150 et

238 3189 359 3244 lucc
400 3191 631 3255 fiebant;
661 3199 715 3245 et
757 3205 942 3260 preces
966 3206 996 3245 a
1028 3190 1178 3245 bonis
1206 3199 1260 3245 et
1290 3189 1467 3259 probis
1493 3203 1679 3258 magna
1708 3201 1828 3241 cum

223 3269 592 3338 afﬂictatione
620 3282 720 3337 sub
745 3281 834 3336 dio
861 3282 1268 3352 peragebantur,
1299 3297 1326 3335 a
1355 3296 1502 3336 more
1531 3280 1828 3336 Servatoris

235 3378 328 3446 qui
359 3376 518 3441 dixit,
549 3373 661 3446 Ego
689 3393 802 3430 sum
827 3377 907 3429 via
935 3385 982 3430 et
1011 3376 1224 3441 ueritas;
1253 3383 1306 3429 et
1332 3388 1532 3439 rursus,
1558 3373 1829 3444 Canﬁditc:

235 3486 330 3542 ego
383 3470 480 3524 uici
526 3468 768 3522 mundum
797 3466 974 3539 (Joan.
1004 3469 1092 3524 14.
1119 3467 1174 3524 6.
1201 3477 1247 3522 et
1283 3466 1364 3522 l6.
1393 3467 1507 3538 33).
1539 3470 1614 3523 Ac
1643 3468 1829 3524 beatus

235 3560 458 3632 quidem
486 3559 721 3615 Joannes
750 3559 940 3615 Cucusi
969 3568 1207 3626 moratus
1231 3575 1426 3614 annum
1455 3575 1636 3623 unum,
1669 3560 1830 3629 pluri-

238 3667 361 3707 mos
398 3653 670 3706 Armenia:
703 3665 964 3721 pauperes
996 3651 1156 3720 pavit,
1199 3665 1302 3704 non
1335 3658 1439 3704 tam
1487 3665 1641 3720 pane,
1670 3665 1826 3721 quam

239 3741 410 3800 verbo
429 3752 453 3794 :‘
474 3742 741 3796 invaserat
771 3743 913 3796 enim
951 3756 1046 3810 pcr
1093 3740 1143 3795 id
1186 3749 1394 3810 tempus
1444 3756 1630 3811 magna
1661 3741 1830 3796 fames

239 3835 517 3905 regionem
562 3834 727 3888 illam.
759 3834 891 3889 Cum
931 3843 1108 3889 autem
1139 3843 1193 3889 et
1221 3833 1290 3888 ob
1318 3834 1367 3888 id
1401 3833 1496 3904 ipsi
1535 3832 1830 3888 inviderent

239 3925 314 3980 illi
366 3924 673 3990 fratricidte,
720 3924 1031 3979 Arabissum
1081 3941 1202 3978 cuin
1259 3923 1611 3987 transferunt,
1670 3924 1830 3979 variis

239 4013 617 4070 vexationibus
655 4014 1020 4084 subjicicntes,
1050 4023 1108 4068 ut
1137 4016 1294 4068 vitam
1324 4013 1534 4068 tandem
1561 4014 1831 4085 relinque-

239 4113 345 4160 ret.
379 4105 447 4161 Et
474 4105 584 4161 illic
612 4120 796 4160 rursus
823 4120 927 4158 non
970 4103 1313 4160 mediocriter
1339 4103 1620 4159 virtutibus
1651 4105 1828 4174 Splen-

239 4199 474 4254 desccns
493 4198 622 4269 (non
656 4205 828 4266 potest
843 4198 986 4251 enim
1012 4197 1196 4250 civitas
1221 4195 1474 4250 abscondi
1502 4210 1661 4266 supra
1680 4210 1831 4250 mon-

241 4299 351 4346 tem
375 4291 571 4361 posita,
592 4306 763 4360 neque
787 4291 1000 4345 lucerna
1027 4289 1305 4358 splendide
1323 4290 1502 4344 lucens
1519 4289 1693 4359 ligneo
1716 4303 1831 4342 mo-

240 4383 331 4438 dio
356 4382 592 4452 contegi)
620 4382 895 4446 excitavit,
925 4379 1087 4436 veluti
1113 4396 1179 4436 ex
1205 4380 1512 4450 ignorantia:
1533 4395 1744 4444 somno,
1763 4379 1826 4434 ad

241 4474 511 4530 sermonis
539 4472 702 4527 divini
727 4472 898 4527 lucem
929 4487 994 4527 ex
1023 4471 1165 4526 omni
1198 4471 1367 4526 vicina
1395 4472 1610 4540 regione
1629 4485 1724 4526 eos
1739 4471 1828 4541 qui

242 4565 387 4634 gravi
419 4562 750 4619 inﬁdelitatis
775 4577 968 4633 sopore
1001 4562 1240 4632 oppressi
1269 4569 1440 4617 erant.
1475 4561 1642 4617 Porro
1670 4560 1833 4617 vehe-

246 4654 480 4709 mentius
525 4651 736 4708 invidia:
777 4652 989 4708 ﬂamma
1027 4652 1236 4708 accensi
1275 4653 1591 4709 Severianus
1617 4661 1672 4708 et
1701 4653 1833 4709 Por-

251 4745 474 4818 pbyrius
501 4758 563 4800 ac
586 4743 803 4816 quidam
840 4744 928 4800 alii
955 4745 1188 4816 episcopi
1220 4744 1407 4816 Syriae,
1446 4753 1504 4798 ut
1539 4743 1654 4811 ipse
1687 4745 1831 4800 illinc

249 4851 466 4910 quoque
506 4837 902 4903 transferretur,
950 4838 1284 4893 moliuntur:
1317 4851 1438 4892 nam
1487 4837 1663 4909 gravis
1705 4838 1831 4910 ipsis

245 4939 363 4985 erat
384 4943 492 4985 non
519 4929 691 4986 solum
721 4929 773 4985 in
807 4930 1075 5002 prosperis
1098 4945 1218 5002 qua:
1249 4937 1498 5000 putantur
1525 4928 1702 4995 rebus,
1735 4929 1830 4986 sed

247 5020 420 5077 multo
446 5023 616 5093 magis
644 5023 696 5078 in
726 5021 983 5078 adversis.
1017 5021 1334 5094 lgnorabant
1359 5023 1560 5080 scilicet
1587 5023 1833 5079 tentatio-

245 5130 376 5170 num
403 5123 667 5180 naturam,
696 5131 868 5186 neque
889 5116 1240 5172 meminerant
1261 5113 1424 5170 divini
1447 5113 1513 5170 ad
1533 5115 1830 5186 apostolum

246 5209 299 5263 in
330 5207 714 5265 afflictionibus
734 5209 933 5265 oraculi
957 5228 970 5263 :
997 5207 1192 5280 Suﬁicit
1212 5208 1300 5261 tibi
1325 5208 1488 5279 gratia
1507 5223 1650 5273 nua;
1677 5207 1834 5262 virtus

245 5302 380 5356 enim
406 5316 519 5356 mea
541 5301 594 5355 in
614 5300 911 5370 inﬁrmitate
932 5300 1188 5372 perﬁcitur
1205 5298 1262 5372 (2
1282 5298 1398 5353 Cor.
1419 5297 1504 5353 l2.
1531 5296 1610 5370 9).
1643 5297 1834 5352 Viden-

247 5404 329 5449 tes
370 5393 517 5449 enim
549 5391 939 5449 Antiochenam
978 5391 1272 5448 Ecclesium
1306 5390 1357 5444 in
1401 5389 1707 5447 Armeniam
1738 5388 1837 5444 mi-

247 5499 450 5552 grasse,
470 5493 526 5540 et
546 5483 698 5539 illinc
713 5497 900 5540 rursus
916 5477 1656 5553 Antiochiazjucundissimam
1675 5477 1839 5532 Joan-

250 5575 329 5630 nis
345 5575 740 5648 philosophiam
759 5574 1058 5647 prredicari,
1076 5574 1331 5646 optabant
1345 5572 1428 5629 vel
1449 5571 1608 5626 vitam
1623 5570 1838 5626 abrum-

251 5682 400 5737 pere,
434 5669 520 5724 his
547 5668 940 5724 narrationibus
963 5668 1124 5724 veluti
1151 5667 1330 5739 ﬂagris
1350 5666 1504 5723 torti:
1535 5662 1836 5735 hujusmodi

249 5758 391 5816 enim
429 5769 514 5816 est
546 5759 805 5815 bonorum
846 5757 1015 5814 hostis
1040 5757 1267 5813 invidia:
1301 5757 1436 5814 adeo
1463 5767 1519 5813 ut
1541 5753 1722 5812 clerici
1746 5753 1834 5824 qui

1956 442 2050 483 eos
2066 427 2443 498 sequebantur,
2467 439 2584 481 cum
2606 425 2654 480 id
2673 427 2931 495 viderent,
2948 429 3246 486 mirabundi
3264 428 3499 487 dicerent
3519 453 3532 488 :

1952 518 2138 573 Videte
2165 528 2427 573 mortuum
2458 518 2768 587 terribilem,
2797 522 2946 577 vivos
2969 522 3303 595 victoresque
3330 533 3534 582 terren-

1952 619 2078 677 tem,
2120 619 2176 664 ut
2199 625 2392 679 pueros
2420 621 2620 666 terrent
2650 611 2830 668 larvar.
2862 613 3048 684 Papm!
3081 615 3115 670 ii
3144 615 3236 687 qui
3265 619 3536 674 smculari-

1953 700 2050 754 bus
2078 701 2424 770 potestatibus
2463 713 2622 773 atque
2646 703 3022 760 ecclesiasticis
3050 707 3238 776 Opibus
3277 710 3532 766 succincti

1947 800 2073 846 sunt
2100 807 2218 846 eum
2255 802 2516 864 potestate
2545 804 2597 849 ct
2640 809 2760 850 cum
2800 812 2976 850 rerum
3007 797 3252 868 imperio,
3285 801 3530 856 sacerdo-

1952 889 2080 948 tem,
2113 884 2302 948 solum,
2351 893 2642 951 extorrem,
2689 900 2915 955 corpore
2957 889 3244 954 inlirmum,
3292 891 3531 946 exsulem

1952 971 2140 1028 timent
2167 983 2221 1029 et
2245 974 2441 1044 pallent
2483 976 2786 1032 titubantes.
2827 976 2958 1032 Cum
2994 979 3150 1049 igitur
3179 997 3283 1037 non
3316 998 3535 1052 possent

1947 1073 2174 1142 amplius
2205 1082 2507 1144 serpentem
2539 1089 2660 1128 casa
2689 1073 2956 1128 conditum
2980 1077 3232 1143 retinere,
3261 1078 3535 1136 mittentes

1946 1163 2011 1218 ad
2039 1163 2378 1231 Comitatum,
2411 1181 2595 1221 rursus
2623 1167 2937 1237 rescriptum
2960 1170 3133 1224 acrius
3149 1170 3391 1227 obtinent
3409 1187 3532 1228 cum

1949 1254 2182 1310 nndcta:
2208 1257 2344 1310 intra
2376 1257 2538 1312 breve
2568 1266 2774 1327 tempus
2817 1267 2873 1312 ut
2901 1260 3278 1316 transferretur
3315 1263 3536 1334 Pityuno

1948 1357 2077 1415 tein,
2122 1349 2295 1404 locum
2342 1351 2574 1421 regionis
2623 1351 2920 1407 Tzanorum
2968 1353 3421 1424 desertissimum,
3465 1360 3532 1412 ad

1945 1439 2070 1495 litus
2097 1441 2299 1497 Pontici
2329 1444 2490 1498 maris
2518 1444 2698 1498 situm.
2730 1443 2921 1498 Milites
2946 1455 3122 1500 autem
3144 1448 3375 1515 prtefecti
3395 1463 3532 1520 prte-

1949 1533 2083 1587 torio
2111 1535 2199 1602 qui
2231 1549 2350 1589 eum
2381 1535 2666 1600 ducebant,
2697 1549 2789 1605 per
2815 1535 2948 1590 viam
2976 1551 3096 1591 cum
3121 1539 3349 1593 maxime
3377 1555 3533 1610 urgeo

1947 1625 2093 1687 bant,
2126 1625 2361 1681 dicentes
2395 1626 2444 1680 id
2477 1625 2672 1684 habere
2701 1642 2758 1682 se
2784 1627 2834 1682 iu
2860 1629 3149 1696 mandatis;
3177 1639 3466 1702 tamquam,
3484 1633 3528 1694 si

1947 1726 2188 1768 mortuus
2213 1725 2357 1770 esset
2381 1717 2432 1770 in
2455 1718 2663 1784 itinere,
2692 1719 2756 1772 ad
2785 1719 3012 1789 majores
3033 1721 3227 1790 gradus
3247 1723 3521 1780 eVehcndi.

1949 1806 2016 1860 Et
2043 1823 2180 1862 lllltlS
2204 1810 2414 1878 quidem
2443 1827 2506 1866 ex
2539 1812 2602 1866 iis
2623 1812 2690 1868 de
2716 1815 2964 1883 praesenti
3005 1816 3188 1871 militia
3219 1818 3393 1873 minus
3423 1821 3528 1875 sol.

1945 1899 2160 1965 lieilus,
2217 1905 2458 1960 nonnihil
2507 1905 2850 1960 humanitatis
2899 1909 3290 1976 quodammodo
3347 1912 3522 1968 furtim

1944 1992 2260 2047 ostendebat
2281 2013 2293 2047 :
2318 1995 2456 2049 alter
2491 2007 2666 2051 autem
2695 2011 2862 2066 usque
2889 1997 3022 2053 adeo
3049 2001 3278 2055 crudelis
3301 2013 3416 2057 erat
3440 2014 3528 2057 at-

1943 2097 2048 2150 que
2075 2094 2249 2148 atrox,
2281 2094 2335 2138 ut
2367 2085 2645 2140 blanditias
2665 2103 2784 2157 quae
2810 2087 2910 2143 sibi
2933 2088 3000 2142 ab
3016 2091 3420 2147 occurrentibus
3437 2095 3532 2147 lli-

1943 2175 2090 2240 bant,
2115 2186 2168 2229 ut
2186 2187 2370 2231 sancto
2393 2189 2653 2247 parecret,
2676 2179 2893 2248 injurias
2907 2191 3196 2251 reputaret,
3213 2183 3339 2238 illud
3363 2201 3524 2240 unum

1941 2283 2133 2321 ciu-aus
2155 2277 2212 2322 ut
2236 2270 2370 2323 mala
2403 2281 2572 2325 morte
2592 2271 2823 2328 Joannes
2852 2285 3184 2330 cnccaretur.
3213 2275 3345 2330 Cum
3381 2280 3523 2332 enim

1945 2358 2114 2413 imber
2141 2369 2283 2414 esset
2307 2360 2613 2423 vehemens,
2654 2363 2782 2417 nihil
2805 2379 2996 2419 curans
3023 2366 3411 2436 egrediebatur,
3454 2370 3523 2423 ita

1944 2458 2072 2504 utet
2107 2467 2200 2520 per
2223 2453 2438 2506 dorsum
2466 2464 2518 2508 et
2550 2470 2644 2523 per
2671 2465 2852 2524 pectus
2891 2471 3146 2526 aquarum
3193 2460 3290 2513 rivi
3335 2461 3526 2518 decur-

1943 2553 2140 2596 rerent.
2178 2543 2450 2614 Ingentem
2481 2561 2663 2601 rursus
2688 2547 2817 2601 solis
2843 2559 3026 2602 mstum
3064 2565 3160 2619 pro
3197 2552 3402 2607 deliciis
3427 2554 3523 2606 lt:—

1941 2634 2118 2697 bebat,
2154 2651 2274 2690 cum
2305 2647 2484 2692 nosset
2511 2654 2575 2694 co
2601 2639 2740 2694 beati
2772 2639 2994 2695 Joannis
3021 2651 3198 2710 caput,
3233 2644 3412 2700 Elismi
3441 2647 3523 2699 in-

1941 2739 2051 2783 star
2071 2729 2300 2796 calvum,
2333 2733 2534 2786 vexari.
2582 2733 2843 2788 Creterum
2875 2734 2925 2787 in
2972 2736 3100 2790 urbe
3141 2745 3232 2790 aut
3276 2739 3392 2792 vico
3432 2739 3518 2793 ubi

1942 2822 2247 2876 balneorum
2275 2823 2520 2878 solatium
2548 2834 2681 2890 crat,
2707 2840 2775 2880 ne
2797 2835 3068 2881 momento
3097 2828 3309 2896 quidem
3337 2828 3517 2884 infelix

1941 2913 2031 2970 ille
2057 2916 2394 2984 permittebat
2422 2927 2660 2972 sanctum
2703 2919 2919 2972 morari.
2969 2918 3022 2972 ln
3055 2919 3138 2975 his
3176 2922 3423 2978 onmibus
3452 2926 3518 2977 ad

1941 3021 2150 3061 menses
2181 3015 2289 3060 tres
2315 3006 2682 3062 difficillimum
2729 3009 2855 3064 illud
2907 3011 3006 3064 iter
3041 3011 3238 3068 faciens
3280 3021 3515 3078 sanctus,

1941 3098 2101 3152 veluti
2145 3097 2294 3152 sidus
2339 3114 2625 3154 coruscans
2659 3103 2949 3169 perstabat,
2983 3103 3185 3159 habens
3225 3120 3517 3176 corpuscu-

1939 3190 2046 3244 lum
2080 3199 2134 3243 ut
2165 3206 2376 3260 pomum
2406 3191 2457 3245 in
2488 3193 2750 3261 supremis
2776 3193 2937 3247 ramis
2957 3208 2984 3247 a
3008 3195 3118 3249 sole
3141 3197 3355 3253 rubens.
3383 3199 3516 3252 Cum

1939 3291 2116 3336 autem
2147 3279 2396 3337 Comanis
2447 3283 2981 3353 appropinquassent,
3029 3287 3205 3353 pontis
3250 3287 3413 3342 instar
3455 3305 3517 3344 ca

1941 3375 2324 3443 prmtergressi,
2356 3383 2504 3428 extra
2535 3389 2716 3428 muros
2763 3379 2815 3428 in
2859 3375 3112 3447 martyrio
3153 3378 3384 3448 quinque
3425 3391 3518 3433 aut

1937 3476 2033 3515 sex
2062 3462 2294 3516 millibus
2310 3463 2498 3517 dissito
2518 3473 2846 3518 manserunt.
2879 3465 3076 3521 Eadem
3107 3467 3217 3537 ipsa
3246 3479 3400 3524 nocte
3424 3485 3519 3540 ap-

1937 3553 2112 3622 paruit
2155 3554 2207 3608 ei
2254 3553 2355 3608 loci
2401 3554 2541 3609 illius
2571 3564 2790 3626 martyr,
2836 3555 3052 3611 nomine
3097 3558 3516 3630 Basiliscus,qui

1937 3643 2218 3713 cpiscopus
2245 3642 2602 3698 Comanorum
2634 3659 2753 3699 cum
2779 3658 2943 3712 esset,
2992 3650 3300 3721 martyrium
3331 3665 3518 3720 passus

1937 3746 2017 3790 est
2045 3736 2362 3792 Nicomedia:
2391 3738 2443 3792 in
2474 3739 2717 3811 Bithynia
2763 3741 2862 3795 sub
2902 3741 3208 3811 Maximino,
3262 3761 3362 3800 una
3393 3761 3516 3802 cum

1936 3829 2169 3885 Luciano
2195 3832 2508 3903 presbytero
2525 3832 2874 3900 Antiocheno,
2895 3834 3077 3890 dicens
3099 3836 3294 3893 :Maetc
3314 3838 3512 3902 animo,

1938 3918 2102 3976 frater
2134 3921 2404 3977 Joannes:
2434 3923 2664 3979 crastina
2692 3925 2831 3978 enim
2862 3924 2948 3980 die
2983 3941 3085 3980 una
3127 3929 3344 3982 erimus.
3375 3930 3519 3985 Prte-

1937 4011 2147 4066 dixerat
2171 4027 2405 4083 quoque,
2438 4021 2494 4067 ut
2523 4019 2688 4079 aiunt,
2721 4022 2775 4070 et
2804 4014 2874 4068 ibi
2925 4019 3255 4084 permanenti
3299 4022 3518 4092 presby-

1940 4103 2245 4159 tero-.Para
2273 4106 2445 4161 locum
2491 4105 2638 4161 fratri
2681 4105 2902 4173 Joanni;
2931 4109 3073 4162 venit
3098 4109 3261 4164 enim.
3289 4111 3520 4166 Oracqu

1940 4197 2108 4252 ﬁdens
2132 4197 2390 4266 Joannes,
2415 4200 2655 4271 sequenti
2683 4199 2770 4255 die
2810 4200 2981 4256 oravit
3020 4201 3216 4257 milites
3241 4212 3299 4258 ut
3325 4203 3391 4259 ad
3423 4204 3523 4260 ho-

1937 4303 2050 4344 ram
2079 4289 2314 4359 quintam
2345 4306 2510 4361 usque
2538 4293 2606 4346 ibi
2629 4302 3020 4362 permanerent.
3047 4293 3122 4350 llli
3151 4311 3278 4352 vero
3303 4313 3408 4353 non
3426 4313 3519 4352 au-

1937 4380 2061 4436 ditis
2077 4380 2190 4450 cjus
2217 4381 2482 4450 precibus,
2503 4382 2625 4439 inde
2641 4383 3039 4440 abscesserunt:
3057 4387 3312 4444 confectis
3337 4402 3516 4446 autem

1937 4473 2149 4527 circiter
2197 4470 2406 4540 triginta
2447 4472 2653 4538 stadiis,
2696 4487 2882 4528 rursus
2912 4474 2977 4528 ad
3019 4478 3328 4547 martyrium
3377 4481 3519 4534 uado

1936 4560 2293 4618 discesserant
2312 4561 2602 4626 redierunt,
2627 4577 2746 4615 cum
2769 4562 2999 4631 graviter
3021 4564 3107 4618 ille
3132 4579 3250 4621 sese
3277 4567 3517 4624 haberet.

1939 4652 2030 4710 Sic
2059 4654 2217 4724 igitur
2241 4665 2509 4718 reversus,
2539 4651 2792 4707 candidas
2813 4661 3009 4719 vestes,
3039 4653 3142 4709 vita
3169 4669 3327 4726 quam
3353 4656 3522 4712 duxe-

1939 4756 2024 4801 rat
2045 4745 2254 4816 dignas,
2283 4743 2538 4814 requirit;
2569 4751 2864 4816 exutusque
2895 4744 3180 4816 prioribus,
3203 4761 3295 4804 eas
3321 4747 3420 4803 sibi
3437 4749 3522 4821 je-

1934 4836 2097 4908 junus
2122 4836 2312 4902 induit,
2340 4834 2586 4890 omnibus
2609 4833 2676 4890 ad
2705 4835 3063 4892 calceamenta
3093 4853 3259 4910 usque
3281 4843 3518 4903 mutatis;

1941 4939 2101 5000 atque
2116 4927 2349 4996 reliquas
2373 4926 2727 5001 prmsentibus
2753 4927 3042 4985 distribuit.
3075 4929 3386 5003 Etsumptis
3415 4935 3520 4989 Do-

1943 5018 2152 5074 minicis
2183 5017 2460 5090 symbolis,
2486 5031 2664 5073 coram
2693 5017 3027 5076 adstantibus
3053 5021 3295 5079 ultimam
3323 5025 3524 5084 oratio-

1943 5126 2064 5166 nem
2095 5109 2254 5166 facit:
2286 5119 2482 5165 etcum
2508 5109 2732 5166 dixisset
2754 5126 2902 5166 more
2922 5127 3042 5177 suo,
3075 5111 3254 5168 Gloria
3278 5113 3384 5171 Deo
3405 5133 3526 5190 pro—

1948 5212 2056 5271 pter
2079 5202 2268 5266 omnia,
2297 5209 2351 5256 et
2388 5200 2630 5256 ultimum
2673 5204 2843 5260 Amen
2888 5201 3241 5274 obsignasset,
3287 5206 3527 5262 extendit

1943 5294 2214 5365 speciosos
2240 5291 2426 5366 pedes,
2459 5291 2546 5362 qui
2574 5300 2924 5348 cucurrerunt
2968 5293 3032 5348 ad
3077 5294 3300 5351 salutem
3340 5310 3524 5352 eorum

1944 5385 2034 5454 qui
2061 5384 2333 5456 elegerant
2364 5384 2755 5455 pmnitentiam,
2785 5393 2840 5440 et
2865 5384 2930 5441 ad
2959 5385 3428 5457 reprehensionem
3465 5388 3527 5442 il-

1946 5475 2116 5530 lorum
2139 5475 2228 5545 qui
2259 5483 2473 5545 peccata
2499 5475 2715 5545 copiose
2753 5475 3114 5534 excoluerant.
3158 5477 3309 5550 Quod
3338 5480 3381 5536 si
3411 5479 3528 5549 ejus

1947 5566 2392 5637 reprehensiones
2421 5564 2553 5621 nihil
2579 5566 2838 5637 improbis
2866 5567 3201 5638 profuerunt,
3233 5583 3391 5625 causa
3421 5583 3526 5622 non

1947 5667 2030 5714 est
2054 5655 2390 5713 imbecillitas
2415 5655 2652 5713 doctoris
2692 5656 2858 5714 libero
2897 5657 3183 5729 loquentis,
3229 5659 3322 5713 scd
3351 5658 3525 5725 impu-

1951 5748 2128 5807 (lentia
2162 5747 2456 5813 hominum,
2486 5745 2574 5816 qui
2603 5759 2696 5804 eas
2724 5761 2828 5806 non
2864 5749 3248 5803 sustinuerunt.
3299 5747 3519 5816 Apposi-
