4038 6154
424 289 483 340 ,“
1616 259 1930 316 ιιιιιμιᾼιιιι
1975 257 2307 316 ll-IALOGUS

421 410 501 453 lit:
531 399 594 451 ad
626 406 796 467 patres
827 408 970 454 suos,
1005 397 1054 444 et
1081 386 1283 455 alijocto
1328 383 1562 452 pulvere.
1601 377 1666 432 ad
1709 375 1974 430 Christum

422 489 652 552 transiit,
683 495 733 538 ut
758 484 1006 551 scriptmn
1034 487 1154 534 est:
1187 475 1360 530 Venias
1401 481 1564 526 autem
1606 469 1674 522 ad
1703 467 1987 538 sepulcrum

422 591 578 641 tuum,
607 586 855 644 tamquam
882 572 1186 640 frumentum
1209 573 1478 626 maturum,
1507 560 1637 631 quod
1663 570 1880 626 tempore
1898 570 1988 608 suo

424 663 938 732 mctitur:impiorum
967 668 1131 712 autem
1174 655 1357 709 quinta:
1390 654 1670 704 immatura:
1720 655 1991 700 monentur

434 759 568 827 (Job.
587 758 638 812 5.
661 756 777 826 9.6).
803 755 971 807 Tanta
1003 759 1175 804 autem
1204 744 1485 801 multitudo
1502 742 1784 811 virginum,
1810 751 1991 827 mona-

426 825 843 914 chorum,etqni
870 835 1534 896 sanctitatistestimonium
1563 831 1844 891 habebant,
1869 825 1992 880 ade-

425 950 504 994 rat
532 956 561 992 e
582 937 752 1008 Syria,
774 934 977 1000 Cilicia,
1003 931 1170 985 Ponto
1197 937 1353 997 atque
1373 923 1642 987 Armenia,
1672 927 1733 975 ut
1758 917 1994 1008 plerique

427 1007 672 1100 putarent
689 1027 837 1098 quasi
855 1025 977 1078 dato
996 1022 1145 1091 signo
1167 1033 1259 1074 eos
1285 1017 1580 1072 advenisse.
1608 1007 1997 1074 Pollinctusigi-

429 1134 512 1176 tur
532 1123 596 1176 ad
627 1119 973 1189 sepulturam,
997 1125 1050 1169 ct
1071 1113 1202 1168 festa
1227 1108 1533 1166 celebritate
1555 1104 1886 1165 honestatus,
1909 1113 1998 1152 ve-

429 1213 500 1265 lut
533 1213 698 1265 victor
727 1209 945 1272 athleta,
974 1220 1076 1260 una
1110 1217 1230 1257 cum
1275 1199 1525 1254 Basilisco
1551 1194 1803 1264 sepelitur
1829 1191 1880 1246 in
1909 1204 2000 1244 eo-

431 1307 551 1360 dem
584 1303 854 1372 martyrio.

497 1396 625 1452 Car.
667 1413 755 1448 xu.
784 1423 854 1434 —-
883 1391 958 1446 Ad
993 1390 1106 1444 hcce
1133 1386 1446 1442 Theodorus
1486 1381 1727 1444 miratus,
1774 1378 1999 1430 interro-

432 1492 607 1559 gabat,
635 1489 919 1556 Scriptura:
948 1484 1122 1538 verbis
1152 1495 1278 1536 usus
1302 1498 1314 1532 :
1343 1478 1472 1533 Cum
1499 1476 1752 1544 scriptum
1780 1471 1868 1534 sit,
1898 1470 2004 1523 aie—

437 1585 542 1647 bat,
573 1579 692 1634 Non
722 1577 972 1632 aberrabis
995 1591 1028 1629 a
1057 1573 1342 1626 narratione
1363 1570 1654 1632 seniorum;
1693 1581 1808 1618 nam
1836 1573 1879 1616 et
1908 1562 2006 1630 ipsi

435 1693 464 1727 a
495 1674 719 1745 patribus
748 1671 1023 1724 didicerunt
1051 1665 1235 1735 (Eccli.
1263 1663 1318 1728 8,
1349 1660 1405 1733 9)
1437 1679 1448 1714 :
1477 1660 1562 1714 die
1588 1657 1738 1713 nobis
1768 1655 2008 1709 lubenter

437 1779 556 1834 quae
581 1777 740 1817 causa
773 1759 950 1822 fuerit,
981 1772 1076 1811 cur
1099 1755 1244 1810 solus
1270 1753 1356 1806 ille
1376 1751 1551 1807 cibum
1583 1755 1836 1811 sumeret,
1865 1753 1916 1798 et
1940 1758 2006 1796 an

439 1867 564 1908 vere
589 1852 751 1916 solus,
794 1859 850 1903 ut
877 1849 1044 1914 aiunt,
1074 1845 1272 1900 ederet.
1303 1843 1479 1896 Ense.
1513 1840 1567 1893 ln
1610 1837 1852 1893 confesso
1894 1834 2010 1904 qui-

439 1942 560 1997 dem
588 1949 665 1995 est
704 1937 844 2008 quod
888 1937 1032 1990 solus
1056 1933 1273 1988 ederet:
1305 1931 1396 1985 sed
1437 1929 1652 1995 nollem,
1685 1925 2010 1996 lepidissime

437 2029 736 2095 Theodore,
767 2041 886 2097 qua:
913 2032 1036 2081 sunt
1065 2025 1372 2095 gulosorum
1400 2019 1675 2075 infantium
1702 2015 2011 2087 qumsivisse

442 2135 512 2178 te.
539 2123 631 2178 Vir
655 2121 795 2177 enim
821 2135 940 2175 eum
967 2118 1060 2184 sis,
1102 2115 1334 2170 virorum
1369 2113 1590 2166 virtutes
1617 2109 1894 2179 exquirere
1921 2105 2014 2159 de-

443 2217 537 2269 bes
566 2233 576 2265 :
608 2210 1051 2283 quemadmodmn
1080 2216 1222 2262 esset
1250 2203 1564 2274 intrepidus,
1593 2201 1762 2271 qualis
1793 2206 1932 2254 esset
1961 2196 2013 2250 in

445 2305 696 2373 pecuniis,
730 2304 781 2356 in
815 2297 1184 2370 temperantia,
1209 2297 1260 2350 in
1291 2292 1695 2350 mansuetudine
1724 2299 1773 2346 et
1787 2288 2012 2360 justitia,

445 2397 497 2450 in
537 2397 897 2465 elecmosyna,
929 2389 1207 2461 prudentia
1237 2397 1396 2457 atque
1423 2383 1751 2446 fortitudine,
1789 2383 1843 2436 in
1882 2380 2014 2435 obli-

445 2488 598 2540 vione
642 2484 723 2539 vel
765 2483 1038 2537 memoria.
1080 2478 1193 2534 Non
1239 2478 1377 2531 enim
1408 2475 1558 2530 cibus
1597 2475 1704 2527 Deo
1743 2486 1839 2525 nos
1867 2484 2016 2524 com-

447 2576 677 2638 mendat,
711 2588 880 2643 neque
923 2573 965 2624 si
994 2570 1284 2634 ederimus,
1327 2581 1497 2635 neque
1523 2567 1568 2619 si
1595 2580 1698 2619 non
1727 2563 2015 2626 ederimus,

447 2668 540 2722 sed
583 2666 813 2736 cognitio
842 2679 960 2718 cum
1006 2663 1215 2716 actione
1256 2673 1500 2729 operans.
1552 2657 1669 2726 Ipse
1706 2669 1834 2709 vero
1876 2654 2021 2708 solus

447 2757 658 2820 edebat,
683 2764 740 2812 ut
759 2770 824 2809 ex
859 2764 1007 2824 parte
1031 2752 1171 2817 novi,
1201 2750 1295 2804 has
1316 2749 1384 2803 ob
1409 2762 1616 2803 causas.
1647 2745 1878 2801 Primum
1904 2744 2022 2814 qui-

450 2849 570 2904 dem
594 2849 770 2901 vinum
798 2862 900 2899 non
931 2843 1141 2897 bibebat
1167 2841 1234 2895 ob
1260 2839 1447 2908 capitis
1473 2837 1725 2900 calorem,
1760 2835 1858 2890 nisi
1885 2833 2023 2889 forte

454 2955 547 3007 per
576 2948 760 2993 austum
802 2949 1019 2991 rosaceo
1061 2940 1333 2988 uteretur:
1363 2928 1614 2992 secundo,
1659 2929 1780 2997 quia
1822 2936 2022 2980 stoma-

453 3031 584 3083 chus
611 3029 723 3097 ejus
743 3028 812 3082 ob
837 3025 1116 3096 quamdam
1145 3022 1502 3076 infirmitatem
1536 3018 1862 3073 inordinatus
1889 3025 2022 3081 erat,

459 3123 530 3174 ita
563 3128 620 3173 ut
646 3119 816 3173 edulia
857 3117 990 3170 bene
1018 3122 1306 3184 prteparata
1347 3112 1446 3180 ipsi
1477 3110 1759 3180 injucunda
1786 3108 2029 3162 videren-

457 3224 560 3276 tur,
610 3220 663 3264 et
704 3209 996 3277 requireret
1045 3205 1148 3259 alia
1196 3219 1313 3274 qua:
1360 3218 1466 3257 non
1510 3203 1777 3270 adessent.
1829 3198 2029 3255 Deinde

463 3298 743 3370 aliquando
783 3299 942 3352 edere
971 3295 1404 3360 obliviscebatur,
1445 3292 1511 3348 ad
1547 3308 1821 3362 vesperam
1864 3305 2030 3361 usque

457 3393 742 3456 dilTereus;
777 3390 962 3458 partim
993 3387 1133 3444 curis
1167 3385 1540 3441 ecclesiasticis
1568 3393 1871 3453 occupatus,
1908 3397 2029 3451 par-

461 3483 552 3535 tim
581 3479 782 3534 divinis
816 3474 1350 3544 contemplationibus
1379 3474 1696 3528 abstractus.
1726 3471 2030 3527 Contende-

465 3575 554 3624 hat
587 3569 730 3625 enim
772 3576 828 3622 ut
872 3565 1001 3620 nihil
1028 3565 1320 3620 divinarum
1349 3563 1742 3632 Scripturarum
1784 3561 1883 3616 sibi
1932 3561 2031 3614 im-

463 3660 702 3731 pervium
739 3665 881 3713 esset
910 3672 924 3710 :
953 3654 1073 3708 talia
1118 3661 1294 3707 autem
1329 3661 1419 3705 aut
1457 3650 1707 3717 inediam,
1751 3659 1841 3704 aut
1867 3651 2035 3706 levem

467 3752 643 3806 cibum
689 3756 885 3802 amant.
940 3746 1106 3800 Porro
1141 3759 1257 3799 mos
1309 3752 1394 3797 est
1437 3744 1715 3809 convivis,
1768 3743 1867 3796 nisi
1918 3743 2038 3812 quis

471 3858 591 3897 cum
648 3841 775 3910 ipsis
818 3837 1009 3905 sudet,
1054 3844 1144 3890 aut
1195 3834 1429 3900 sorbeat,
1476 3843 1569 3889 aut
1615 3834 1880 3889 indecenti
1929 3835 2040 3890 risu

469 3933 835 3995 cachinnetur,
892 3928 1112 3984 summis
1157 3926 1334 3997 digitis
1387 3925 1619 3997 tepidum
1665 3924 1909 3995 poculum
1946 3940 2042 3996 ge-

475 4036 654 4092 stans,
707 4037 904 4078 mensm
958 4020 1262 4075 comitatem
1320 4017 1384 4072 in.
1421 4016 1758 4072 maledictum
1812 4030 2040 4074 vertere.

477 4115 557 4170 Ad
588 4127 846 4170 summam
881 4119 1059 4166 autem
1082 4151 1098 4173 ,
1135 4120 1194 4164 ut
1219 4116 1343 4179 puto
1363 4149 1377 4174 ,
1402 4117 1456 4163 et
1479 4107 1654 4162 verius
1676 4150 1691 4174 ,
1719 4108 1874 4164 valde
1919 4123 2044 4179 par-

473 4222 570 4259 cus
616 4213 730 4259 erat
767 4215 891 4272 erga
921 4200 1170 4255 convivas
1201 4198 1496 4253 luxuriosos
1523 4240 1540 4265 ,
1589 4197 1924 4270 sacrilegium
1957 4215 2044 4255 ra-

476 4305 559 4348 tus
602 4301 844 4361 sumptus
872 4291 959 4360 qui
1009 4290 1062 4344 in
1090 4289 1220 4345 tales
1250 4288 1469 4344 tierent:
1493 4290 1647 4344 simul
1677 4299 1730 4344 et
1757 4292 2049 4346 oeconomia

482 4383 689 4439 furandi
717 4382 1021 4438 occasiones
1060 4379 1369 4451 praicidcns,
1400 4397 1466 4436 ne
1500 4381 1840 4452 decuplarent
1883 4382 2048 4452 pretia

481 4477 824 4534 obsoniorum
863 4473 916 4530 in
943 4475 1212 4540 brevibus,
1243 4474 1587 4530 necessitates
1617 4488 1910 4544 pauperum
1949 4473 2050 4527 sibi

481 4567 829 4624 vindicantes.
860 4565 1118 4621 Prmterea
1144 4565 1370 4619 civitatis
1394 4564 1780 4618 multitudinem
1807 4563 2054 4622 conside-

483 4675 628 4724 rans,
674 4657 906 4723 videbat,
953 4666 1046 4710 aut
1088 4671 1278 4711 omnes
1305 4655 1592 4711 honoratos
1634 4656 1830 4712 debere
1865 4671 1924 4711 se
1965 4657 2054 4710 tali

487 4751 688 4804 honore
723 4747 948 4818 dignari,
991 4757 1044 4800 ut
1075 4745 1272 4800 Christi
1311 4747 1752 4816 dispensatorem,
1796 4757 1887 4803 aut
1925 4749 2056 4803 nul-li

487 4857 596 4894 rem
628 4840 766 4892 illam
806 4836 1059 4906 prmbere.
1089 4835 1398 4905 Respiciens
1424 4853 1632 4908 quoque
1674 4849 1726 4894 et
1755 4839 1822 4893 ad
1859 4855 2055 4895 mensa:

489 4931 740 4985 tumultus
764 4938 816 4982 et
836 4927 898 4980 ad
921 4927 1333 4997 magnitudinem
1361 4927 1715 4996 impensarum
1745 4947 2054 5000 pauperum,

493 5019 766 5076 exhorruit
811 5033 922 5073 rem
978 5019 1142 5083 illam,
1189 5019 1399 5087 longum
1448 5019 1747 5088 valediccns
1802 5024 2064 5091 ejusmodi

498 5109 823 5175 maledictis;
857 5107 984 5163 illud
1022 5108 1090 5162 de
1115 5109 1336 5162 Actibus
1358 5110 1729 5179 Apostolorum
1762 5114 1862 5168 sibi
1890 5117 2061 5170 succi-

497 5219 669 5262 nens:
711 5203 815 5258 Viri
842 5208 1043 5276 fratres,
1084 5220 1183 5258 non
1225 5203 1338 5258 licet
1378 5205 1518 5260 nobis
1547 5207 1830 5263 ministrare
1863 5213 2061 5277 mensis,

499 5297 583 5352 sed
609 5297 968 5350 constituamus
996 5295 1126 5350 viros
1152 5295 1410 5367 religiosos
1439 5297 1506 5350 ad
1529 5298 1622 5350 Itoc
1649 5315 1806 5369 opus;
1836 5317 1927 5354 nos
1955 5317 2068 5355 vero

502 5405 728 5444 racemus
753 5387 1099 5460 pradicationi
1120 5397 1168 5442 et
1195 5388 1408 5442 orationi
1435 5388 1568 5460 (Act.
1599 5391 1651 5446 6.
1680 5392 1732 5445 2.
1769 5391 1847 5464 4).
1871 5393 2069 5461 Quem-

496 5480 780 5535 admodum
819 5465 961 5536 enim
990 5495 1160 5552 equus
1185 5480 1457 5542 circensis.
1491 5483 1579 5554 qui
1618 5485 1842 5540 stadium
1870 5485 2069 5541 decur-

498 5590 618 5630 rere
645 5575 869 5644 amplius
896 5589 1000 5630 non
1031 5583 1226 5644 potest,
1265 5574 1333 5629 ad
1362 5576 1554 5631 molam
1584 5578 1867 5648 relegatur,
1901 5579 2074 5634 inlini-

497 5681 608 5723 tuni
659 5667 913 5723 circulum
961 5681 1155 5737 gyrans
1185 5683 1196 5695 ·
1225 5666 1302 5720 sic
1345 5666 1411 5721 ad
1456 5667 1663 5724 virtutis
1704 5684 1976 5727 sermones
2006 5677 2075 5743 pi-

3602 260 3680 315 ιο

2097 391 2346 445 grescens
2389 375 2572 431 doctor
2613 391 2848 431 mensam
2894 375 3043 446 quasi
3097 376 3225 429 retia
3269 375 3333 428 ad
3380 377 3678 445 captandas

2097 466 2338 520 homines
2360 468 2638 536 prmtendit
2665 487 2676 522 :
2702 478 2858 537 atque
2884 468 3080 522 utinam
3103 465 3288 520 saltem
3312 467 3677 522 esurientibus

2096 567 2149 611 et
2174 559 2383 627 egenis!
2416 558 2556 612 unde
2587 560 2710 613 licet
2741 558 3161 613 benedictionem
3193 558 3403 612 Domini
3434 559 3630 612 lucrari
3662 578 3675 611 :

2101 647 2331 712 Esurivi,
2367 657 2411 701 et
2459 650 2677 703 satiastis
2720 650 2834 720 me(
2871 649 3056 704 Matth.
3083 647 3176 714 25,
3205 648 3320 718 55)
3361 666 3375 702 :
3425 649 3520 704 scd
3545 649 3680 704 solis

2099 740 2368 806 divitibus,
2415 752 2469 794 ut
2499 743 2637 796 bene
2675 742 2888 805 audiat,
2932 749 3022 796 aut
3061 742 3441 796 marcescibilis
3488 743 3680 812 gloria:

2100 846 2278 893 causa,
2323 840 2412 884 aut
2443 840 2498 885 ut
2529 831 2758 885 vicissim
2803 832 2870 886 ab
2911 832 3013 886 illis
3040 833 3305 897 invitetur,
3348 842 3440 886 aut
3471 833 3514 887 si
3543 834 3682 888 nihil

2103 923 2343 988 istorum,
2375 931 2432 976 ut
2454 938 2555 976 non
2579 923 2714 978 male
2738 924 2950 988 audiat;
2983 925 3264 978 immemor
3289 924 3683 979 maledictionis

2105 1015 2310 1069 Domini
2361 1014 2629 1069 dicentis:
2671 1014 2756 1070 Vat
2797 1015 2952 1082 vobis,
2995 1032 3112 1069 cum
3155 1017 3291 1070 vobis
3336 1017 3684 1071 benedixerint

2104 1113 2273 1150 omnes
2329 1099 2552 1152 homines
2598 1098 2745 1169 (an.
2780 1099 2832 1152 6.
2863 1099 2976 1168 26).
3022 1099 3134 1152 Non
3176 1099 3330 1161 dixit,
3388 1099 3682 1168 PaupercS.

2105 1191 2220 1258 sed,
2257 1189 2518 1244 Homines.
2550 1191 2793 1245 Similiter
2819 1193 2948 1245 enim
2978 1191 3226 1261 faciebant
3255 1193 3400 1262 falsis
3425 1195 3686 1263 praplictis

2107 1292 2488 1352 patreseorum.
2531 1283 2644 1336 Non
2689 1298 2989 1352 quaeramus
3031 1283 3189 1352 igitur
3229 1293 3285 1337 ut
3326 1299 3471 1337 vana:
3495 1285 3688 1352 gloria:

2106 1373 2306 1442 cupidi,
2348 1389 2380 1427 ο
2419 1372 2716 1439 Theodore,
2767 1373 2880 1428 falsi
2927 1373 3195 1442 prophetm
3239 1375 3481 1442 gloriam.
3537 1373 3688 1428 Venit

2106 1467 2240 1518 enim
2267 1465 2510 1527 Joannes,
2545 1482 2700 1535 neque
2741 1465 3051 1520 manducans
3094 1483 3249 1536 neque
3285 1467 3471 1531 bibens,
3517 1468 3569 1521 in
3599 1469 3685 1522 via

2104 1556 2323 1627 justitia:
2343 1575 2356 1621 ;
2380 1567 2425 1610 et
2454 1557 2646 1622 dicunt,
2681 1557 2994 1612 Dtemonium
3017 1558 3180 1612 habet.
3222 1559 3365 1613 Venit
3395 1560 3440 1613 F
3442 1562 3559 1616 ilius
3588 1564 3687 1615 lto-

2112 1649 2259 1702 minis
2286 1649 2597 1703 manducans
2639 1661 2685 1705 et
2713 1652 2899 1715 bibens,
2941 1661 2988 1705 et
3027 1651 3237 1705 dicunt:
3267 1651 3398 1706 Ecce
3422 1654 3570 1706 homo
3601 1671 3689 1708 vo-

2099 1756 2226 1820 .rax,
2273 1750 2318 1793 et
2343 1741 2442 1793 vini
2471 1751 2635 1810 potor,
2670 1741 3048 1812 publicanorum
3077 1745 3268 1797 amicus
3298 1755 3342 1797 et
3369 1756 3689 1815 peccatorum

2098 1830 2326 1900 '(blattlt.
2357 1833 2442 1886 Η.
2474 1833 2560 1887 18.
2589 1832 2698 1903 19).
2725 1833 2874 1888 Duc.
2905 1833 3018 1887 Non
3047 1845 3102 1888 ut
3127 1835 3342 1888 omnino
3372 1837 3688 1903 vituprrem,

2114 1922 2314 1991 optime
2343 1919 2519 1989 Pater,
2560 1931 2650 1977 aut
2689 1923 2921 1978 insector
2949 1924 3120 1979 talem
3163 1926 3285 1978 vita:
3327 1926 3688 1990 severitatem,

2117 2013 2253 2069 hanc
2301 2015 2769 2085 interrogationem
2821 2017 3109 2087 interposui
3152 2027 3353 2072 exacta:
3401 2021 3692 2074 narrationi

2118 2115 2259 2160 tuae:
2291 2106 2524 2161 sciebam
2566 2107 2708 2162 enim
2751 2117 2803 2162 et
2835 2124 2902 2164 ex
2941 2109 3052 2177 ipsa
3093 2109 3228 2164 fama
3277 2119 3330 2164 et
3372 2127 3435 2164 ex
3479 2112 3695 2181 scriptis

2118 2197 2234 2266 ejus
2258 2213 2376 2267 quas
2411 2197 2476 2251 ad
2507 2212 2602 2252 nos
2629 2207 3006 2267 pervenerunt,
3037 2209 3091 2254 et
3116 2215 3177 2253 ex
3210 2199 3440 2255 homiliis
3468 2213 3557 2256 aut
3581 2204 3696 2270 epi-

2119 2287 2291 2352 stolis,
2332 2287 2429 2341 viri
2470 2288 2612 2342 illius
2656 2290 2984 2358 propositum
3013 2307 3026 2342 :
3051 2290 3142 2345 sed
3178 2298 3235 2344 ut
3277 2291 3392 2359 ejus
3425 2294 3696 2361 proposito

2120 2389 2418 2450 comperto,
2441 2395 2553 2434 rem
2576 2381 2716 2435 illam
2745 2384 3044 2436 aemularer.
3076 2384 3204 2448 Quis
3225 2385 3364 2438 enim
3393 2385 3526 2438 adeo
3547 2387 3695 2440 omni

2122 2486 2184 2526 ex
2207 2479 2354 2540 parte
2382 2469 2607 2526 stolidus
2627 2480 2727 2539 est,
2757 2482 2815 2526 ut
2844 2474 3048 2542 ignoret
3071 2473 3240 2542 majus
3261 2489 3380 2529 esse
3406 2475 3698 2529 detrimen-

2123 2569 2232 2614 tum
2264 2577 2326 2615 ex
2355 2575 2536 2616 mensa
2559 2577 2716 2631 quam
2738 2563 2965 2630 lucrum,
2998 2563 3096 2618 nisi
3127 2579 3261 2634 opus
3289 2566 3357 2619 sit
3379 2566 3430 2619 in
3464 2567 3700 2620 necessi-

2125 2659 2231 2705 tate
2251 2659 2460 2706 sanctos
2485 2651 2712 2722 hospitio
2733 2654 3016 2724 excipere?
3038 2655 3209 2709 Ense.
3235 2655 3357 2710 Haec
3372 2667 3424 2711 et
3446 2672 3545 2726 ego
3564 2657 3695 2720 dixi.

2125 2743 2360 2798 veritatis
2389 2744 2752 2798 amantissime
2780 2744 3078 2812 Theodore,
3124 2761 3229 2800 non
3271 2758 3564 2802 extenuans
3591 2749 3700 2802 vir-

2129 2841 2291 2888 tutem
2325 2843 2530 2901 patrum
2559 2844 2884 2902 nostrorum,
2925 2838 3152 2892 maxime
3198 2838 3588 2905 hospitalitatis.
3623 2841 3701 2893 Ex

2131 2925 2412 2979 virtutibus
2444 2926 2587 2980 enim
2617 2928 2824 2981 czeteris
2845 2943 2961 2996 quae
2987 2928 3052 2982 ad
3078 2930 3326 2998 pietatem
3369 2931 3608 2996 tendunt,
3639 2946 3702 2985 ea

2129 3031 2232 3069 una
2269 3025 2351 3070 est
2391 3031 2661 3087 perquam
2701 3017 2902 3072 domini
2946 3020 3280 3089 patriarchm,
3327 3022 3464 3076 alius
3488 3023 3702 3092 qualem

2128 3106 2464 3162 Servatorem
2495 3109 2655 3162 Deum
2683 3109 2956 3164 convivam
2984 3120 3165 3164 nactus
3193 3121 3294 3177 est,
3327 3112 3464 3166 alter
3489 3115 3705 3182 angelos

2132 3198 2368 3267 hospites
2407 3198 2620 3266 habuit;
2666 3200 2801 3256 alius
2842 3201 3054 3270 quidem
3094 3201 3256 3255 lilium
3315 3203 3366 3255 in
3408 3213 3703 3269 senectute,

2134 3292 2270 3346 alter
2295 3307 2419 3347 vero
2447 3293 2669 3347 salutem
2695 3307 2724 3347 e
2747 3293 2993 3348 Sodomis
3019 3308 3140 3348 cum
3171 3293 3375 3348 ﬁliabus
3405 3295 3705 3351 mercedem

2136 3384 2310 3437 nacti:
2339 3383 2404 3438 de
2433 3383 2624 3453 quibus
2669 3394 2723 3438 et
2764 3387 3034 3454 apostolus
3077 3387 3169 3451 ait,
3217 3387 3454 3441 excitans
3501 3403 3599 3442 nos
3642 3388 3710 3442 ad

2137 3473 2509 3540 imitationem,
2543 3473 2918 3544 Hospitalitatis
2947 3493 3010 3531 ne
3044 3476 3406 3531 obliviscamini
3440 3494 3458 3531 :
3481 3496 3570 3548 per
3597 3495 3712 3532 eam

2139 3567 2270 3619 enim
2299 3565 2504 3636 quidam
2532 3566 2736 3637 angelos
2769 3567 2986 3638 hospitio
3014 3579 3305 3637 receperunt
3331 3569 3407 3622 vel
3439 3570 3713 3623 nescientes

2141 3654 2324 3724 (Hebr.
2355 3657 2441 3711 i3.
2473 3657 2548 3729 2).
2577 3658 2796 3728 Oportet
2836 3669 3009 3714 autem
3056 3659 3318 3728 hospitum
3349 3671 3711 3728 susceptorem

2141 3762 2196 3809 et
2220 3750 2547 3822 prudentiam
2593 3753 2852 3821 serpentis
2878 3752 3074 3807 habere
3113 3760 3167 3806 et
3205 3753 3593 3821 simplicitatem
3620 3766 3717 3807 co-

2144 3845 2356 3911 lumba),
2385 3843 2589 3900 duobus
2621 3844 2826 3899 Domini
2862 3843 3014 3898 dictis
3043 3843 3497 3915 obtemperantem
3525 3859 3536 3896 :
3569 3844 3716 3910 huic,

2148 3935 2300 3991 Omni
2342 3937 2524 4005 petenti
2566 3945 2614 3990 te
2654 3936 2814 3990 tribue
2848 3935 2994 4007 (Luc.
3037 3934 3090 3990 6.
3140 3936 3268 4005 30);
3315 3943 3369 3989 et
3401 3934 3542 3999 huic,
3595 3932 3719 3987 Non

2147 4044 2344 4082 omnem
2371 4027 2618 4081 hominem
2645 4027 2876 4081 introduc
2913 4027 2965 4081 in
3008 4028 3210 4082 domum
3241 4038 3377 4080 tuam
3406 4024 3592 4098 (Eccli.
3623 4027 3714 4091 H,

2148 4121 2263 4188 5|),
2309 4134 2376 4173 ne
2414 4117 2595 4189 lupum
2640 4133 2736 4187 pro
2774 4133 2872 4172 ove
2913 4117 3218 4182 admittens,
3269 4128 3360 4172 aut
3401 4131 3581 4172 ursum
3624 4129 3724 4185 pro

2151 4209 2305 4272 bove,
2338 4209 2535 4264 damno
2559 4209 2762 4264 lucrum
2790 4219 3078 4280 permutes.
3122 4209 3298 4264 Primo
3339 4220 3515 4266 autem
3547 4212 3721 4266 locum

2153 4299 2377 4370 probare
2405 4298 2585 4365 debet,
2632 4299 2687 4353 in
2713 4315 2818 4369 quo
2852 4299 3171 4357 constitutus
3201 4311 3303 4365 est,
3346 4317 3412 4354 an
3456 4301 3719 4368 desertus,

2153 4405 2220 4446 an
2242 4389 2486 4461 frequens
2507 4409 2522 4458 ;
2545 4392 2737 4447 deinde
2761 4392 3030 4463 ingenium
3057 4409 3232 4458 suum,
3260 4409 3326 4448 an
3350 4395 3514 4462 possit
3537 4394 3727 4449 absur-

2154 4482 2252 4537 dos
2299 4497 2474 4539 mores
2519 4485 2780 4551 tolerare;
2822 4493 2948 4542 tunc
2985 4483 3298 4554 dignoscere
3340 4485 3427 4554 qui
3469 4483 3729 4540 beneﬁcio

2157 4575 2295 4631 afﬁci
2324 4575 2502 4639 debet,
2542 4591 2608 4630 an
2635 4576 2782 4632 dives
2808 4578 2876 4630 sit
2900 4593 2966 4631 an
3007 4593 3226 4646 pauper,
3255 4576 3328 4630 an
3356 4592 3516 4632 sanus
3543 4593 3610 4632 an
3641 4578 3729 4632 in-

2159 4668 2360 4732 lirmus,
2383 4684 2451 4720 an
2471 4667 2591 4722 cibo
2615 4676 2767 4738 egeat
2791 4684 2859 4723 an
2883 4669 3153 4724 vestibus:
3177 4671 3230 4723 in
3252 4671 3332 4723 his
3351 4670 3492 4724 enim
3515 4679 3730 4727 actuosa

2162 4758 2522 4814 misericordia
2563 4769 2869 4828 occupatur.
2913 4759 3106 4814 Beatus
3135 4760 3280 4814 enim
3317 4760 3584 4814 Abraham
3623 4775 3732 4814 non

2162 4852 2428 4914 consules,
2470 4867 2578 4906 non
2605 4852 2786 4918 duces,
2819 4867 2925 4906 non
2955 4853 3316 4922 praecellentes
3345 4853 3500 4921 hujus
3539 4853 3734 4907 terreni

2165 4942 2343 4995 sa-culi
2373 4943 2514 4997 viros
2547 4943 2753 5011 excepit
2779 4941 3029 5014 hospitio,
3076 4943 3214 5012 apud
3245 4960 3379 5015 quos
3407 4952 3588 4998 essent
3616 4945 3736 5013 equi

2167 5047 2320 5086 C3010
2361 5040 2448 5086 ειιιι
2502 5032 2650 5088 freno
2692 5043 3052 5097 coruscantes,
3091 5044 3181 5088 aut
3219 5041 3467 5090 sarabara
3510 5051 3619 5090 tere
3648 5050 3740 5090 90-

2169 5126 2345 5178 nantia
2379 5125 2639 5195 superbia:
2681 5125 2956 5195 strepitum
2999 5126 3065 5181 de
3103 5127 3257 5197 longe
3287 5127 3617 5191 eructautia;
3647 5127 3742 5183 sed

2169 5217 2438 5272 desertum
2481 5218 2721 5274 habitans
2762 5221 2954 5283 locum,
2987 5235 3052 5275 eo
3089 5221 3469 5281 convenientes
3508 5220 3742 5287 excipio-

2173 5311 2281 5364 bat.
2314 5309 2414 5375 Qui
2439 5319 2613 5364 autem
2644 5310 2909 5365 desertum
2942 5312 3256 5376 transibant,
3285 5322 3370 5365 aut
3397 5320 3612 5380 propter
3637 5311 3747 5364 vir-

2176 5410 2342 5455 tutem
2371 5401 2586 5456 adibant
2611 5401 2678 5455 ad
2715 5401 3084 5470 patriarcham,
3127 5413 3219 5456 aut
3242 5411 3461 5472 propter
3489 5399 3750 5457 mendici-

2176 5495 2414 5560 citatem,
2459 5508 2578 5564 quae
2617 5493 2800 5547 ultima
2846 5505 3126 5563 paupertas
3155 5503 3259 5548 est.
3289 5493 3580 5563 Paupertas
3609 5493 3754 5547 enim

2181 5587 2413 5641 medium
2457 5593 2540 5641 est
2584 5585 2723 5640 inter
2747 5599 3024 5640 excessum
3052 5594 3107 5640 et
3134 5583 3396 5640 deiectum
3431 5598 3756 5640 :excessnm

2181 5676 2392 5746 quidem
2421 5676 2742 5741 divitiarum,
2791 5675 3054 5730 deiectum
3081 5691 3208 5732 vero
3253 5676 3626 5732 mendicitatis.
3677 5677 3755 5732 Si-
