4038 6154
449 353 513 413 ιι
1733 352 2056 409 PALLADII
2097 350 2449 412 DIALOGUS
3677 353 3762 410 η

454 469 660 541 ἐρήμου
689 467 843 522 πόλιν
885 466 1069 529 οἰκῶν,
1102 465 1328 531 εἰκότως
1364 463 1635 534 ἐδεξιοῦτο
1669 467 1796 532 τοὺς
1837 466 2044 540 ἐπιχω-

451 552 737 622 ριάζοντας
771 549 957 617 ξένους
993 549 1081 603 διὰ
1114 551 1206 603 τὸν
1234 550 1436 623 τρόπον
1465 551 1575 604 τῶν
1606 550 2035 605 κατοικούντων.

457 635 517 688 EE
536 634 594 689 δέ
624 651 711 698 τις
737 633 890 687 πόλιν
916 633 1082 687 οἰκῶν
1115 635 1523 707 εὐνομωτάτην,
1552 635 1641 689 οἵα
1675 635 1708 705 ἡ
1743 634 2040 687 Κωνσταν-

445 720 616 785 τίνου,
644 720 701 771 ἐν
797 717 1000 782 πάντες
1025 720 1134 773 εἰσὶ
1161 718 1448 790 ξενοδόχοι,
1488 718 1768 791 περισσῶς
1792 717 1937 790 τάχα
1958 734 2044 782 τις

447 801 557 856 τῶν
598 800 991 875 πρεσϐυτέρων
1037 801 1136 874 τὴν
1166 802 1261 856 τοῦ
1295 801 1456 871 λόγου
1497 801 1835 873 καταλείψας
1857 802 2045 856 διακο-

448 886 590 951 νίαν,
668 885 906 958 βρεϐίοις
955 885 1230 958 σχολάζων
1279 885 1557 957 ὀψωνίων,
1610 881 1763 950 οὗτος
1818 885 2045 958 λέληθεν

446 968 663 1031 ἑαυτὸν,
694 969 941 1042 κάπηλον
969 971 1090 1023 ἀντὶ
1118 969 1440 1023 διδασκάλου
1468 968 1725 1040 νομίζων,
1750 971 1817 1041 τῇ
1848 969 2044 1040 ὑδαρό-

445 1070 572 1127 τητι
600 1052 710 1108 τῶν
736 1053 1012 1125 λογισμῶν
1043 1055 1141 1125 τὴν
1177 1054 1415 1126 ἄκρατον
1447 1053 1788 1123 ἐξαφανίζων
1816 1052 2041 1122 γνῶσιν,

446 1137 540 1191 τὸν
574 1137 911 1207 προφητικὸν
945 1136 1328 1209 καρπούμενος
1378 1136 1619 1191 ὸνειδονο
1662 1139 1726 1191 Οἱ
1771 1135 2040 1205 κάπηλοι

448 1236 567 1277 σου
588 1223 883 1292 μίσγουσι
920 1222 1024 1277 τὸν
1051 1218 1219 1276 οἶνον
1246 1222 1434 1276 ὕδατι.
1471 1222 1636 1276 ’Ὅσον
1658 1222 1769 1293 γὰρ
1794 1220 2045 1293 διαφέρει

448 1309 561 1371 τοῖς
592 1306 871 1361 άτονοῦσιν
907 1305 1098 1370 ὕδατος
1127 1309 1155 1361 6
1203 1302 1366 1371 οἶνος,
1403 1306 1656 1362 τοσοῦτον
1707 1306 2042 1378 ὑπερὸάλλει

449 1390 754 1460 ξενοδοχίας
780 1389 1122 1446 διδασκαλία.
1172 1391 1238 1443 Ἡ
1270 1390 1369 1461 μὲν
1397 1389 1506 1461 γὰρ
1535 1389 1738 1459 ὠφελεῖ
1766 1391 1894 1454 τοὺς
1917 1387 2040 1442 κατ’

448 1473 755 1546 αὑτὸν,ηδέ
790 1475 883 1528 καὶ
907 1476 1031 1539 τοὺς
1069 1477 1184 1546 μετ’
1209 1477 1372 1530 αὐτόν
1393 1494 1405 1507 ο
1438 1476 1584 1548 καὶὴ
1616 1474 1716 1546 μὲν
1749 1476 1876 1543 τοὺς
1903 1490 2046 1546 παρ-

448 1559 610 1622 όιτας
649 1570 675 1599 ι
711 1558 872 1629 μόνον
928 1559 1223 1630 κερδαίνει,
1283 1562 1316 1630 ἡ
1354 1559 1412 1613 δὲ
1469 1560 1563 1613 καὶ
1605 1559 1733 1621 τοὺς
1762 1550 2042 1621 ’ἀπόντας

446 1644 576 1706 τους
613 1642 887 1713 παρόντας
935 1643 1031 1713 μέν
1064 1643 1153 1698 διὰ
1192 1644 1290 1714 τῆς
1326 1642 1604 1713 γλώσσης,
1655 1641 1782 1706 τοὺς
1810 1642 2047 1704 ἀπόντας

448 1728 505 1779 δὲ
535 1724 626 1779 διὰ
655 1725 763 1778 τῶν
792 1729 1182 1798 γραφομένων.
1225 1721 1352 1790 υἷος
1380 1722 1449 1797 ἦν
1482 1728 1542 1780 ἐν
1574 1725 1738 1796 σαρκὶ
1770 1726 1799 1778 6
1832 1725 2044 1796 Σωτὴρ,

450 1808 658 1880 θρέψας
692 1809 789 1880 μὲν
818 1814 932 1873 τοῖς
971 1809 1158 1880 ἄρτοις
1197 1808 1695 1879 πεντακισχιλίους,
1737 1808 1838 1861 ούκ
1870 1810 1926 1860 ἐν
1953 1807 2049 1861 πό-

450 1893 554 1959 λει,
598 1893 714 1947 ἀλλ’
759 1895 818 1946 ἐν
850 1894 1063 1964 ἐρήμῳ,
1099 1893 1320 1957 διδάξας
1362 1894 1420 1946 δέ
1457 1894 1550 1946 καὶ
1588 1893 1716 1956 τοὺς
1769 1892 2049 1961 παρόντας

449 1978 540 2032 διὰ
564 1981 665 2049 τῆς
703 1976 977 2047 γλώσσης,
1010 1975 1192 2040 σώσας
1232 1977 1289 2031 δέ
1320 1977 1419 2047 τὴν
1452 1975 1782 2047 οἰκουμένην
1813 1977 1903 2030 διὰ
1938 1976 2050 2029 τῶν

450 2060 853 2133 γεγραμμένων
871 2060 1243 2130 Εὑαγγελίων.
1275 2059 1528 2114 Τοιοῦτον
1559 2061 1670 2132 γὰρ
1699 2061 1748 2113 οἱ
1771 2059 1919 2128 λόγοι
1947 2059 2049 2130 μάο

449 2144 608 2199 λιστα
635 2144 744 2198 τῶν
782 2144 1267 2215 πνευματοφόρων.
1294 2144 1407 2197 Καὶ
1441 2143 1515 2215 μὴ
1559 2143 1871 2218 θαυμάσῃς,
1912 2142 2043 2195 Θεόσ

449 2228 614 2299 δωρε,
652 2228 812 2291 εἴτις
846 2226 1116 2281 πεινῶντα
1166 2226 1474 2299 βρωμάτων
1504 2227 1784 2300 ἐμπλήσῃ,
1835 2226 1952 2280 ἀλλ’
1999 2227 2054 2279 εἴ

451 2312 535 2376 τίς
580 2329 726 2376 τινος
775 2309 998 2379 ἀγνοίας
1030 2308 1127 2380 τὴν
1156 2310 1335 2382 ψυχὴν
1375 2308 1681 2383 ἀπαλλάξῃ.
1722 2310 1782 2364 '0
1813 2309 1911 2382 μὲν
1942 2309 2048 2381 γάρ

452 2397 550 2469 τὴν
605 2394 852 2465 γαστέρα
897 2394 1180 2466 χορτάζων
1208 2395 1239 2466 ἢ
1270 2395 1472 2467 δωρεᾷ,
1521 2395 1555 2467 ἦ
1590 2394 1882 2466 ἀργυρίου,
1912 2393 1945 2465 ἢ
1977 2393 2045 2446 δι’

450 2484 639 2553 ἄρτου,
671 2481 704 2553 ἦ
736 2480 823 2534 διὰ
844 2478 1119 2551 λαχάνων,
1141 2480 1380 2543 εὐκόλως
1400 2480 1720 2550 εὑρίσκεται
1737 2479 1837 2551 τὴν
1858 2477 2047 2550 χρείαν

453 2564 743 2635 παρέχων·
777 2565 804 2616 6
832 2563 888 2614 δέ
922 2560 1016 2614 τοῦ
1048 2562 1209 2630 λόγου
1238 2563 1473 2633 τροφεὺς
1505 2561 1754 2626 σπανίως
1782 2563 1879 2633 μὲν
1907 2563 2051 2635 εύρί-

454 2663 665 2707 σκεται,
709 2643 953 2718 εὑρεθεὶς
996 2644 1074 2709 δὲ,
1123 2644 1156 2715 ἢ
1193 2645 1255 2698 ού
1286 2644 1625 2712 πιστεύεται,
1672 2645 1705 2715 ἢ
1759 2644 1917 2716 μόλις
1969 2663 2051 2699 πιο

453 2729 723 2790 στεύεται,
755 2728 863 2780 τῶν
893 2727 1146 2798 πονηρῶν
1180 2729 1509 2799 πνευμάτων
1537 2729 1623 2784 ἀεὶ
1655 2730 2048 2800 ἀντιπραττόν-

451 2831 560 2865 των
588 2814 655 2883 τῇ
682 2810 790 2864 τῶν
821 2809 1011 2881 ψυχῶν
1048 2810 1313 2883 σωτηρία.
1362 2810 1564 2865 Τοῦτον
1610 2812 1703 2866 τὸν
1742 2813 1836 2865 τοῦ
1883 2811 2044 2880 λόγου

450 2898 551 2968 τῆς
595 2895 944 2960 διδασκαλίας
999 2895 1156 2965 λιμὸν
1208 2900 1268 2949 ἐν
1309 2896 1440 2950 εῖδει
1480 2897 1755 2970 τιμωρίας
1806 2897 2048 2952 ἀπειλῶν

452 2984 477 3032 ἐ
492 2980 681 3051 πάγειν
697 2981 725 3033 6
742 2980 1021 3052 Δεσπότης
1039 2980 1195 3045 Θεὸς,
1219 2980 1373 3051 ἔλεγε
1390 2980 1469 3053 τῷ
1490 2983 1769 3055 προφήτῃο
1813 2982 2049 3049 Ἐπάξω

451 3066 546 3118 ἐπ’
589 3064 815 3130 αὐτοὺς
859 3064 1062 3133 λιμόν,
1116 3066 1188 3118 οὐ
1218 3065 1400 3135 λιμὸν
1444 3064 1630 3133 ἄρτου
1661 3068 1759 3121 καί
1804 3066 2046 3135 ὕδατος,

451 3148 614 3203 ἀλλὰ
639 3147 821 3218 λιμὸν
856 3146 964 3201 τοῦ
999 3148 1261 3203 ἀκοῦσαι
1291 3149 1481 3217 λόγον
1503 3150 1751 3220 Κυρίου.
1781 3150 1892 3205 Καὶ
1920 3154 2048 3223 περὶ

455 3233 555 3304 μὲν
586 3230 680 3285 τοῦ
721 3229 985 3303 αἰσθητοῦ
1029 3231 1216 3302 λιμοῦ,
1249 3231 1396 3286 ἐστιν
1427 3233 1901 3304 ἐγκαταλείψαντα
1938 3235 2046 3307 ’τὴν

454 3316 775 3389 ἐνδεομένην
804 3317 959 3371 πόλιν
986 3315 1019 3387 ἦ
1050 3315 1256 3389 χώραν,
1298 3319 1356 3372 ὲν
1385 3318 1520 3391 ἄλλῃ
1550 3318 1790 3390 σωθῆναι
1815 3337 1826 3348 ·
1854 3318 2047 3392 ὥσπερ

450 3405 501 3458 οἱ
528 3400 672 3470 ἆγιοι
700 3401 1041 3472 πατριάρχαι
1079 3403 1188 3454 ἀπὸ
1242 3401 1609 3475 Παλαιστίνης
1636 3406 1719 3468 εἰς
1766 3403 2047 3473 Αἴγυπτον

453 3484 759 3548 κατιόντεςο
794 3485 923 3554 περὶ
956 3483 1013 3535 δὲ
1049 3483 1142 3537 τοῦ
1184 3485 1327 3539 κατὰ
1362 3485 1488 3540 νοῦν
1522 3486 1706 3557 λιμοῦ,
1734 3487 1794 3550 ὃς
1823 3488 1924 3540 οὐκ
1958 3487 2047 3542 ἄλ-

451 3568 606 3624 λοθεν
630 3568 1012 3641 ἐπισυμϐαίνει
1043 3571 1164 3632 ταῖς
1212 3569 1564 3639 Ἐκκλησίαις
1606 3571 1638 3641 ἦ
1690 3570 1758 3623 δι’
1808 3572 2046 3643 ἀπορίαν

450 3652 561 3707 τῶν
606 3652 980 3718 διδασκάλων,
1031 3651 1195 3705 πάλιν
1243 3651 1429 3720 ἔλεγεν
1475 3651 1663 3724 ’ἐτερος
1720 3655 2041 3726 προφήτηςο

452 3735 959 3805 Περιδραμοῦνται
999 3735 1117 3789 ἀπὸ
1152 3735 1469 3790 ἀνατολῶν
1517 3734 1629 3802 ἕως
1656 3736 1906 3806 δυσμῶν
1954 3737 2046 3807 (n-

452 3822 701 3887 τοῡντες
728 3820 834 3874 τὸν
868 3821 1057 3889 λόγον
1089 3820 1194 3875 τοῦ
1226 3821 1473 3889 Κυρίου,
1508 3820 1610 3875 καὶ
1642 3823 1714 3875 οὺ
1739 3822 1827 3891 μὴ
1860 3822 2044 3890 εὑρή-

453 3918 668 3958 σωσιν.
702 3903 767 3956 Τί
794 3902 905 3977 γὰρ
946 3904 1151 3973 ἀγαθὸν
1180 3906 1240 3959 ού
1276 3904 1470 3976 φύεται
1514 3906 1623 3960 ἀπὸ
1660 3905 2043 3974 διδασκαλίας;

450 3989 504 4044 τί
539 3988 597 4043 δὲ
624 3990 849 4060 ἄκαιρον
882 3991 984 4045 οὐκ
1010 3991 1398 4063 ἐφευρίσκεται
1426 3992 1534 4045 ἀπὸ
1577 3991 1813 4062 ἀκαίρου
1841 3994 2047 4066 τροφῆς

452 4075 484 4144 ἢ
516 4074 854 4145 συμποσίου;
896 4075 1063 4138 νόσοι,
1098 4076 1291 4145 μάχαι,
1317 4075 1507 4148 ὓδρεις
1540 4077 1595 4128 αἱ
1640 4076 1745 4129 ὑπὸ
1780 4078 2042 4149 γαστέρα,

452 4159 549 4213 καὶ
566 4159 635 4212 τὰ
654 4157 860 4211 τούτων
889 4158 1036 4229 ἐξῆς.
1058 4160 1194 4211 Πότε
1216 4160 1249 4229 ἡ
1270 4157 1381 4212 Εὕα
1403 4158 1731 4229 ἐκϐέϐληται
1749 4160 1844 4213 τοῦ
1870 4178 2047 4233 παρα-

450 4243 667 4308 δείσους
695 4244 795 4313 ούχ
838 4243 927 4296 ὅτε
967 4240 1063 4297 τοῦ
1095 4244 1273 4312 ὄφεως
1303 4245 1505 4315 ἢκουσε
1537 4244 1789 4314 φαγοῦσα
1814 4245 1909 4299 τοῦ
1956 4246 2047 4312 ξύ-

452 4328 569 4392 λου,
603 4326 678 4398 μὴ
702 4326 1036 4397 ἀρκεσθεῖσα
1065 4329 1131 4399 τῇ
1159 4328 1467 4402 τεταγμένῃ
1500 4333 1706 4402 τροφῆς
1739 4331 1878 4385 Πότε
1904 4334 2045 4387 Κάῖν

450 4411 513 4465 τὸ
540 4411 638 4483 τῆς
657 4409 1072 4480 ἀδελφοκτονίας
1101 4412 1397 4483 εἰργάσατο
1428 4415 1645 4486 μίασμα
1664 4433 1679 4480 ;
1701 4417 1801 4487 οὐχ
1822 4416 1911 4471 ὅτε
1938 4416 2046 4473 τῶν

449 4496 714 4569 ἀπαρχῶν
749 4495 1095 4563 ἀπεγεύσατο
1134 4497 1373 4569 πρῶτος,
1403 4503 1470 4572 τῇ
1503 4499 1699 4555 ἐαυτοῦ
1734 4501 2045 4575 λαιμαργία

451 4579 518 4635 τά
567 4583 815 4652 πρωτεῖα
860 4580 1139 4650 φυλάξας;
1189 4581 1327 4636 Πότε
1356 4582 1425 4636 τά
1451 4584 1618 4637 τέκνα
1645 4583 1740 4637 τοῦ
1795 4584 1915 4638 Ἰὼϐ
1947 4587 2046 4639 αὑ-

448 4665 724 4735 τοσχέδιον
772 4666 946 4736 τάφον
1002 4666 1100 4737 τὴν
1155 4667 1438 4739 τράπεζαν
1484 4666 1753 4740 εὖραντο;
1809 4668 1908 4739 οὐχ
1953 4669 2042 4724 ὅτε

492 4748 639 4802 σθιον
667 4747 761 4801 καὶ
784 4748 1004 4812 έπινονς
1035 4750 1173 4802 Πότε
1196 4752 1224 4802 ό
1260 4750 1431 4805 ’Πσαῦ
1463 4751 1715 4821 εὐλογίας
1747 4750 2042 4820 ἐξέπεσενς

448 4832 547 4901 οὐχ
569 4832 657 4885 ὅτε
690 4833 756 4903 τῇ
788 4831 967 4903 κοιλίᾳ
993 4832 1307 4886 ἐδούλευσεν
1337 4836 1642 4907 ἀπατηθεὶς
1664 4836 1743 4907 τῷ
1764 4837 2004 4908 τροφείῳ
2026 4857 2040 4904 ;

451 4914 591 4967 Πότε
617 4912 793 4966 Σαοὺλ
816 4913 918 4983 τῆς
952 4915 1231 4985 βασιλείας
1262 4914 1522 4983 ἐξέπεσεν
1547 4935 1561 4983 ;
1597 4920 1694 4989 οὐχ
1712 4920 1800 4974 ὅτε
1822 4922 1891 4975 τὰ
1917 4922 2046 4976 κάλ-

452 4997 612 5049 λιστα
646 4994 756 5049 τῶν
786 4998 1076 5067 προῦάτων
1118 4999 1269 5070 παρὰ
1297 4999 1390 5065 τὸν
1417 5000 1582 5071 νόμον
1618 5002 1854 5071 ἕφαγενι
1903 5006 2043 5060 Πότε

446 5081 506 5135 δὲ
545 5079 574 5131 6
607 5078 736 5142 λαὸς
764 5080 860 5134 τοῦ
903 5080 1122 5152 Ἰσραὴλ
1147 5082 1240 5135 τὸν
1271 5082 1404 5136 Θεὸν
1436 5084 1794 5155 παρώξυνεν;
1823 5089 1922 5159 οὐχ
1953 5091 2044 5144 ὅτε

443 5167 548 5235 τῆς
570 5164 956 5235 Αἰγυπτιακῆς
981 5164 1249 5236 ἐπεθύμει
1278 5166 1581 5238 τραπέζης,
1607 5168 1750 5240 κρέα
1773 5171 1869 5223 καὶ
1891 5170 2046 5244 λέϐη.

445 5263 545 5312 τας
571 5248 849 5318 ἐπιζητῶν
874 5250 1026 5323 παρά
1048 5248 1143 5304 τοῦ
1167 5249 1527 5319 διδασκάλους
1559 5253 1715 5323 Ὀφνὶ
1737 5255 1832 5309 καὶ
1857 5258 2045 5323 Φινεὲς

445 5334 496 5385 οἱ
528 5332 635 5385 υἱοὶ
674 5332 770 5386 τοῦ
802 5332 926 5387 Ἠλὶ
954 5332 1040 5387 διὰ
1069 5333 1121 5388 τί
1154 5333 1579 5408 ἐθανατώθησαν
1610 5339 1668 5391 ἐν
1697 5337 1817 5411 ὥρᾳ
1848 5341 1949 5412 μιᾷ
1985 5343 2043 5395 ἐν

445 5416 525 5489 τῷ
547 5416 770 5489 πολέμῳ
789 5434 804 5485 ;
829 5419 927 5490 οὐχ
950 5419 1034 5473 ὅτι
1056 5419 1307 5493 ἥρπαζον
1328 5424 1450 5487 ταῖς
1468 5424 1771 5496 κρεάγραις
1795 5425 1904 5481 ἀπὸ
1932 5427 2043 5482 τῶν

444 5500 691 5572 λεϐήτων
718 5501 786 5556 τά
813 5502 1020 5573 κρέατα
1042 5503 1113 5558 τὰ
1142 5503 1273 5558 ὄντα
1299 5507 1399 5576 τῆς
1435 5505 1656 5574 θυσίας;
1709 5509 1904 5564 Ἰακὼό
1932 5511 1988 5564 δέ
2015 5512 2043 5564 6

443 5584 835 5655 ψεκτὸς,διὰτί
854 5586 1243 5654 ἀπελάκτισεν;
1261 5591 1363 5643 οὔκ
1380 5590 1565 5661 ἐπειδὴ
1591 5591 1922 5665 ἐνεπλήσθη,
1948 5594 2041 5648 καὶ

444 5669 732 5741 ἐλιπάνθη,
750 5672 845 5727 καὶ
872 5671 1174 5744 ἐπαχύνθη,
1207 5673 1300 5730 καὶ
1325 5672 1674 5747 ὲπλατύνθη;
1708 5677 1849 5731 Πότε
1867 5679 1922 5733 δέ
1945 5680 2039 5733 Σο-

511 5804 614 5881 ῆξιι
640 5807 899 5881 Βίβοιξαυσ
928 5809 1051 5880 εὸίι.
1076 5808 1403 5881 hic‘quaed‘am
1437 5811 1824 5881 Gmmﬁgsum.
1857 5828 1967 5877 qua?
1987 5817 2036 5867 in

445 5873 673 5920 wrsione
699 5873 872 5925 Latina
895 5873 1261 5938 exprimuntur,
1285 5876 1337 5922 et
1364 5884 1425 5923 ex
1448 5886 1538 5923 ms.
1564 5873 1728 5925 addita
1752 5873 1884 5926 sum;

2154 470 2366 540 δομῖται
2414 467 2565 542 παρά
2604 467 2765 539 φύσιν
2792 465 3186 540 ἐξοίστρησανς
3224 466 3325 538 οὐχ
3367 465 3457 520 ὅτε
3500 466 3757 540 συνεχᾶσι

2156 552 2476 622 συμποσίοις
2509 551 2608 625 τὴν
2635 551 2863 625 γνώμην
2893 550 3291 625 παρέφθειραν,
3322 548 3429 603 ὑπὸ
3452 547 3548 602 τοῦ
3591 549 3754 615 Ἐξε-

2153 636 2278 709 κιὴλ
2302 640 2386 706 ἐφ’
2410 636 2564 708 ὕϐρει
2594 635 3064 708 μνημονευόμενοι
3097 633 3347 702 λέγοντος
3380 649 3394 663 ’
3440 633 3546 688 Ἔν
3569 635 3759 703 εὐθη-

2152 720 2251 789 νίᾳ
2294 720 2464 776 οἴνου
2510 720 2610 775 καὶ
2637 717 2970 788 πλησμονῇ
2999 718 3184 787 ἄρτου
3231 714 3603 772 ἐσπατάλων
3633 719 3749 772 air-

2153 806 2242 861 τοὶ
2275 806 2323 868 ι),
2355 806 2634 860 τουτέστιν
2660 807 2693 876 ἡ
2722 805 2896 868 πόλις,
2927 804 3026 857 καί
3060 806 3119 857 αἱ
3165 800 3487 873 θυγατέρες
3526 800 3751 871 αὐτῆς,

2152 891 2432 946 τουτέστιν
2456 893 2512 945 αἱ
2549 889 2757 961 κῶμαι,
2796 888 2888 942 τὸν
2922 888 3086 958 νόμον
3110 888 3198 940 ἀεὶ
3227 888 3327 958 τῆς
3354 886 3566 951 πόλεως
3595 885 3754 957 έχου-

2157 993 2247 1030 σαι
2281 987 2301 1015 ε
2327 993 2342 1041 ;
2376 975 2434 1030 Ὀ
2467 976 2567 1048 τῆς
2597 973 2955 1046 σωφροσύνης
2978 972 3036 1027 δέ
3065 972 3329 1043 λογισμὸς
3354 971 3484 1025 πότε
3510 970 3761 1042 παρείθη

2154 1057 2248 1113 τοῦ
2286 1058 2518 1112 παλαιοῦ
2557 1058 2726 1121 λαοῦ;
2761 1059 2862 1127 οὐχ
2888 1058 2977 1110 ὅτε
3011 1056 3212 1127 ὁμοίιος
3243 1056 3633 1126 κατεγήρασαν
3656 1055 3759 1108 ἐπὶ

2156 1143 2457 1206 στιϐάδωνς
2490 1142 2588 1197 τοῦ
2619 1144 2903 1215 προφήτου
2938 1140 3345 1214 σχετλιάζοντος
3366 1157 3379 1170 ’
3418 1143 3481 1194 Οἱ
3515 1140 3760 1196 ἐσθίονο

2154 1245 2252 1294 τες
2283 1227 2530 1296 ἐρίφους
2555 1227 2624 1281 ἐκ
2652 1228 2965 1295 ποιμνίων,
2997 1224 3099 1279 καὶ
3117 1225 3398 1294 μόσχους
3425 1223 3495 1277 ἐκ
3520 1224 3758 1289 ,ϐουκο-

2153 1314 2303 1367 λίων
2336 1311 2738 1382 γεμισθηνοὺς,
2771 1311 3054 1376 πίνοντες
3083 1310 3192 1363 τὸν
3236 1308 3632 1378 διυλισμένον
3664 1309 3758 1362 οἶ-

2155 1413 2266 1449 νον
2294 1395 2393 1449 καὶ
2453 1394 2524 1449 τὰ
2559 1393 2761 1463 πρῶτα
2808 1394 2971 1464 μύρα
3003 1393 3329 1464 χριόμενοι,
3362 1407 3759 1446 xamen-mta-

2154 1478 2381 1545 ,ίῶντες
2425 1477 2523 1532 ἐπὶ
2573 1478 2703 1545 ταῖς
2747 1476 3088 1547 στρωμναῖς
3137 1475 3357 1539 αὐτῶν,
3410 1475 3510 1529 καὶ
3565 1474 3761 1530 οὐδὲν

2154 1563 2432 1631 ἔπασχον
2454 1562 2553 1615 ἐπὶ
2583 1561 2659 1630 τῇ
2680 1559 2977 1629 συντριϐῇ
3024 1558 3260 1629 Ἰωσήφ.
3297 1559 3419 1612 Τίσι
3451 1558 3544 1612 τὸν
3578 1559 3754 1613 ταλα-

2155 1647 2346 1717 νισμὸν
2375 1648 2403 1699 6
2441 1646 2669 1710 Ἠσαῒας
2693 1646 3008 1716 ἐπήγαγεν;
3036 1645 3159 1715 οὐχὶ
3189 1646 3302 1708 τοῖς
3324 1646 3381 1697 ἐν
3408 1641 3752 1715 συμποσίοις

2155 1730 2528 1804 όρθρίξουσινς
2563 1729 2737 1795 οὕτως
2771 1729 2969 1798 λέγων·
2993 1728 3168 1794 Οὐαί,
3205 1732 3258 1783 οί
3292 1728 3656 1800 ἐγειρόμενοι
3680 1730 3755 1784 τὸ

2156 1816 2327 1884 πρωῒ,
2367 1814 2465 1869 καὶ
2511 1813 2576 1868 τὸ
2610 1816 2825 1883 σίκερα
2866 1813 3207 1879 διώκοντες,
3251 1816 3306 1867 οι
3325 1814 3620 1883 μένοντες
3680 1815 3755 1869 τὸ

2156 1899 2302 1969 ὀψέ·
2340 1902 2373 1955 ό
2408 1899 2515 1970 γὰρ
2550 1895 2713 1965 οἶνος
2763 1899 3103 1968 συγκαύσει
3151 1899 3406 1964 αὐτούς·
3456 1900 3612 1969 μετὰ
3638 1898 3756 1970 γὰρ

2156 1981 2403 2051 κιθάρας
2449 1982 2551 2037 καί
2600 1983 2943 2052 ψαλτηρίου
3000 1982 3113 2035 τὸν
3149 1977 3321 2035 οἶνον
3352 1982 3624 2047 πίνουσι,
3675 1982 3757 2037 τὰ

2156 2059 2224 2120 δὲ
2264 2068 2408 2136 ἔργα
2450 2068 2672 2135 Κυρίου
2712 2070 2822 2123 οὐκ
2854 2065 3281 2135 ἐμϐλέπουσιν.
3325 2066 3463 2121 Πότε
3496 2068 3544 2121 οί
3584 2067 3757 2140 ἱερεῖς

2156 2151 2251 2204 τοῦ
2301 2150 2412 2222 Βὴλ
2445 2151 2551 2204 ὑπὸ
2580 2150 2673 2204 τοῦ
2718 2149 2918 2221 Δανιὴλ
2964 2149 3457 2222 κατῃσχύνθησαν;
3507 2151 3607 2222 οὐχ
3659 2151 3756 2204 ὅτε

2158 2239 2192 2309 ή
2248 2235 2444 2299 σποδὸς
2496 2236 2694 2299 αὐτοὺς
2748 2234 2945 2306 ἤλεγξε
2997 2235 3086 2288 διά
3118 2234 3425 2307 βρωμάτων
3474 2233 3509 2307 ἦ
3561 2234 3751 2305 πομάα

2158 2337 2263 2373 των
2320 2317 2673 2389 θηρεύσασα;
2715 2319 2828 2372 Καὶ
2879 2319 2932 2372 τί
2975 2318 3057 2372 δεῖ
3109 2336 3176 2390 με
3228 2318 3407 2387 λέγειν
3464 2320 3593 2391 περὶ
3644 2318 3756 2372 τῶν

2157 2403 2255 2475 τὴν
2308 2403 2568 2457 πλατεῖαν
2627 2402 2864 2474 βαδίζειν
2921 2403 3233 2476 ἐλαμένων,
3300 2403 3397 2457 καὶ
3456 2404 3553 2476 τὴν
3625 2420 3751 2457 στε-

2158 2489 2255 2560 νὴν
2308 2487 2732 2560 λοιδορούντων;
2789 2488 2976 2561 Ἀρκεῖ
3037 2505 3128 2559 μοι
3175 2490 3203 2542 6
3266 2490 3535 2561 σωτήριος
3595 2487 3761 2557 λόγος

2158 2572 2293 2644 πρὸς
2328 2570 2549 2642 ἔλεγχον
2588 2570 2695 2624 τῶν
2728 2571 3162 2625 κνισσοδιωκτῶν
3183 2587 3198 2600 ’
3233 2571 3370 2626 ὅπου
3409 2572 3502 2624 τὸν
3537 2569 3750 2626 ἀνώνυ-

2162 2673 2260 2728 μον
2305 2655 2578 2720 πλούσιον,
2609 2656 2880 2728 λαμπρῶς
2905 2655 3025 2710 καθ’
3055 2656 3269 2729 ἡμέραν
3311 2655 3749 2727 εὐφραινόμενον

2159 2743 2216 2795 ἐν
2246 2740 2323 2812 τῷ
2358 2740 2590 2813 παρόντι
2623 2740 2745 2813 βίω,
2780 2740 3020 2795 δείκνυσι
3057 2741 3256 2812 ψιχίων
3293 2740 3386 2793 καὶ
3409 2740 3624 2812 ρανίδος
3657 2738 3756 2793 τοῦ

2159 2826 2391 2896 πένητος
2421 2825 2679 2898 Λαζάρου
2716 2825 3083 2880 ἐπιποθοῦντα
3114 2827 3209 2881 καὶ
3235 2826 3588 2897 ἀστοχοῦντα.
3608 2824 3762 2879 Ἴδωρ

2162 2929 2260 2983 μεν
2301 2912 2357 2965 δέ
2397 2912 2491 2965 καὶ
2519 2911 2610 2965 τὸν
2639 2912 2802 2983 χορὸν
2840 2910 2949 2965 τῶν
2993 2912 3162 2967 πάλαι
3201 2911 3404 2979 ἁγίων,
3447 2911 3542 2964 καὶ
3575 2909 3759 2982 μάθω-

2162 3012 2260 3066 μεν
2310 2994 2449 3057 ὂλως
2508 2994 2647 3064 ποίῳ
2700 2993 3008 3067 χαρακτῆρι
3053 2995 3154 3065 τῆς
3200 2994 3548 3057 διδασκαλίας
3588 2994 3759 3065 ἐχρήο

2161 3097 2346 3146 σαντο,
2378 3079 2457 3151 τῷ
2473 3080 2562 3134 διά
2582 3079 2698 3149 βίου
2718 3076 2917 3150 σεμνοῦ
2950 3078 3045 3133 καὶ
3069 3078 3228 3147 λόγου
3258 3079 3470 3143 εὐθοῦς,
3503 3079 3537 3149 ἢ
3560 3078 3636 3149 τῷ
3666 3077 3759 3130 διὰ

2160 3163 2477 3236 συμποσίων
2528 3163 2623 3217 καὶ
2674 3163 2923 3234 εὐωχίας.
2985 3161 3209 3234 Πρῶτος
3266 3166 3295 3218 ὁ
3345 3163 3533 3234 Ἐνὼχ.
3570 3164 3756 3215 πίστει

2161 3248 2446 3321 μετετέθη,
2493 3249 2526 3321 ἦ
2574 3248 2898 3318 συμποσίῳ;
2937 3243 3072 3301 Εἶτα
3119 3250 3148 3301 6
3178 3247 3302 3301 Νῶε
3335 3247 3396 3301 τὸ
3432 3248 3534 3318 τῆς
3571 3249 3757 3301 οἰκου-

2159 3335 2331 3406 μένης
2357 3333 2516 3403 γένος
2554 3332 2735 3386 πίστει
2769 3331 3029 3385 διέσωσεν
3065 3333 3123 3385 ἐν
3172 3331 3249 3403 τῷ
3284 3332 3447 3404 ξύὶῳ,
3478 3332 3566 3386 ὅτε
3595 3333 3624 3384 ὁ
3653 3347 3755 3384 πε-

2159 3418 2361 3490 ρίγειος
2391 3416 2750 3488 ἐκαθαρίζετο
2782 3417 2986 3487 κόσμος
3013 3416 3121 3471 ἀπὸ
3149 3419 3248 3490 τῆς
3280 3418 3388 3471 τῶν
3433 3415 3757 3488 συμποσίων

2157 3501 2250 3555 καὶ
2290 3499 2619 3571 ἀκαθάρτων
2654 3500 2832 3571 ἔργων
2880 3500 3185 3572 συνεχείας,
3219 3501 3251 3572 ἢ
3296 3504 3362 3573 τῇ
3395 3500 3619 3572 νηστεία
3656 3499 3755 3552 καὶ

2158 3585 2528 3656 προσευχαῖςς
2566 3584 2666 3655 οὐχ
2703 3584 2788 3638 ἵνα
2830 3584 3024 3657 μικρὸν
3055 3585 3162 3639 άπὸ
3202 3584 3297 3639 τοῦ
3331 3584 3586 3639 τοσούτου
3617 3582 3754 3637 κλύ-

2155 3666 2321 3731 δωνος
2367 3666 2576 3738 πόματι
2622 3667 2809 3739 ἀνεθῇ,
2852 3667 3241 3739 ἀσχημοσύνην
3286 3667 3453 3722 αὐτοῦ
3480 3709 3495 3733 ,
3544 3667 3641 3720 καὶ
3687 3667 3755 3720 οὗ

2156 3750 2335 3816 κλέος,
2358 3751 2730 3824 κηρύσσουσιν
2760 3755 2815 3807 αί
2842 3754 2881 3806 Γ
2886 3753 3089 3825 ραφαί;
3123 3754 3181 3807 Ὁ
3211 3754 3478 3825 μακάριος
3497 3750 3757 3823 Ἀϐραὰμ

2154 3834 2265 3889 τῶν
2325 3834 2487 3889 πέντε
2537 3834 2800 3906 βασιλέων
2859 3837 2967 3891 τῶν
3025 3839 3082 3892 ἐν
3131 3837 3388 3908 Σοδόμοις
3440 3836 3621 3889 πίστει
3657 3834 3754 3888 καὶ

2154 3917 2472 3992 δικαιοσύνῃ
2507 3920 2873 3991 περιεγένετο,
2902 3920 2934 3992 ἢ
2974 3920 3228 3993 βρώμασι
3270 3921 3366 3973 καὶ
3392 3919 3623 3989 πόμασι,
3656 3916 3753 3971 τὸν

2156 4002 2280 4057 Λὼτ
2312 4003 2827 4075 ἀνακαλεσάμενος;
2867 4006 2976 4058 Καὶ
2998 4008 3025 4060 6
3053 4006 3330 4076 Θεόδωρος
3354 4000 3528 4058 εἶπεν·
3570 4003 3634 4056 Εἰ
3659 4001 3755 4057 τὸν

2156 4087 2408 4160 Ἀϐραάμ
2448 4091 2603 4158 ἄγεις
2641 4091 2724 4152 είς
2778 4089 2962 4160 μέσον,
2999 4090 3196 4145 οὐκοῦν
3235 4089 3467 4144 ἄκουσον
3498 4088 3591 4143 καὶ
3616 4087 3754 4159 παρ’

2158 4168 2311 4242 ἐμοῦ⁸
2345 4172 2489 4239 λέξει
2520 4190 2602 4227 σοι
2644 4172 2753 4245 γὰρ
2786 4174 2814 4225 6
2857 4172 3059 4244 τυχὼν,
3103 4174 3186 4227 ὅτι
3214 4171 3307 4227 τοῦ
3358 4172 3459 4243 μὲν
3505 4170 3751 4240 πολέμου

2156 4255 2337 4309 πίστει
2381 4257 2762 4327 περιεγένετο,
2800 4259 2892 4312 τὸν
2933 4258 2989 4313 δέ
3019 4258 3153 4313 Θεὸν
3182 4257 3273 4311 διά
3300 4257 3580 4329 τραπέζης
3623 4255 3754 4324 ὲοή-
3789 4288 3795 4292 ~

2157 4355 2383 4409 ρευσεν,
2423 4338 2500 4402 ὡς
2542 4338 2833 4412 προλαϐὼν
2874 4341 3039 4404 αὐτὸς
3077 4343 3366 4414 ὑφηγήσω.
3411 4340 3749 4394 ὈἘΠῙΣΚ.

2155 4421 2364 4477 Βαϐαίί
2393 4424 2518 4477 ἐπεὶ
2557 4426 2586 4478 6
2625 4423 2879 4497 Ἀϐρααμ
2927 4427 3176 4499 τραπέζῃ
3222 4426 3312 4478 τὸν
3343 4424 3477 4478 Θεὸν
3518 4423 3755 4495 ἐθήρευο

2157 4522 2268 4570 σεν,
2309 4506 2505 4560 οὐκοῦν
2532 4508 2733 4572 πάντες
2763 4508 3191 4577 καταλείψαντες
3212 4509 3313 4580 τὴν
3336 4507 3519 4561 πίστιν
3541 4508 3631 4560 καὶ
3649 4506 3753 4571 τὰς

2154 4589 2349 4654 λοιπὰς
2380 4589 2605 4661 ἀρετάς,
2632 4593 2700 4643 τά
2742 4592 3022 4662 συμπόσια
3067 4591 3550 4664 φιλοκαλήσωμενς
3592 4590 3750 4645 οὐδὲν

2153 4673 2504 4745 διαφέροντες
2532 4674 2795 4746 καπήλων
2835 4675 2867 4748 ἢ
2906 4674 3213 4747 πανδοχέων
3243 4675 3352 4728 τῶν
3392 4676 3492 4739 τὰς
3535 4673 3747 4742 λεωφό-

2156 4774 2281 4829 ρους
2310 4757 2378 4812 δι⁹
2426 4758 2556 4811 αὐτὸ
2600 4757 2755 4813 τοῦτο
2800 4759 3249 4831 ἐπιτειχισάντων
3295 4759 3460 4812 ἕνεκα
3495 4755 3746 4828 κέρδους.

2154 4841 2265 4896 Καὶ
2292 4843 2347 4896 αί
2372 4841 2628 4913 παρθένοι
2666 4843 2844 4897 τοίνυν
2877 4845 2933 4897 αί
2964 4842 3365 4915 ἀγωνιζόμεναι
3411 4841 3565 4909 ἆγιαι
3603 4835 3747 4893 εἶναι

2155 4922 2367 4992 σώματι
2401 4926 2496 4979 καὶ
2519 4926 2788 4997 πνεύματι
2826 4928 2904 4992 είς
2932 4927 3092 4992 δόξαν
3134 4924 3293 4992 Θεοῦ,
3326 4924 3517 4994 ἐπειδὴ
3551 4922 3747 4995 Μαρία

2152 5005 2242 5060 τὸν
2276 5008 2512 5079 Χριστὸν
2541 5010 2825 5082 ἐγέννησε,
2865 5012 2960 5064 καὶ
2995 5006 3155 5065 αῦται
3191 5008 3613 5081 γεννησάτωσαν
3637 5024 3651 5037 ·
3694 5009 3746 5060 εί

2152 5091 2263 5161 γὰρ
2283 5091 2455 5156 οὕτως
2483 5095 2821 5166 ποιήσουσιν,
2845 5093 2997 5148 οὐδὲν
3036 5094 3146 5147 τῶν
3179 5093 3463 5164 ἑταιρίδων
3492 5089 3747 5145 διαλλοίιιι⁶

2155 5190 2355 5228 σουσιν.
2383 5175 2445 5229 Εἰ
2469 5176 2579 5248 γάρ
2612 5178 2662 5230 οἱ
2697 5177 3008 5231 διδάσκοι).οι
3046 5177 3136 5231 διὰ
3154 5178 3245 5231 τὸν
3271 5174 3526 5247 Ἀϐραὰμ
3544 5174 3614 5227 τά
3634 5173 3745 5228 τῶν

2150 5255 2440 5329 τραπεζῶν
2496 5260 2929 5331 εὐτρεπίζουσιν,
2991 5262 3086 5315 καὶ
3139 5262 3193 5314 αἱ
3219 5257 3481 5331 παρθένοι
3524 5257 3613 5313 διὰ
3645 5258 3744 5328 τὴν

2152 5340 2369 5413 Μαρίαν
2411 5342 2778 5412 γεννάτωσαν.
2817 5346 3054 5413 Ἄπαγε,
3096 5343 3424 5414 τιμιώτατε,
3464 5340 3532 5395 τά
3562 5340 3745 5403 καλῶς

2152 5426 2290 5481 κατά
2314 5427 2404 5482 τὸν
2442 5429 2639 5483 οἰκεῖον
2676 5428 2867 5500 καιρὸν
2912 5428 3255 5499 γεγενημένα
3297 5428 3329 5499 ἢ
3362 5426 3624 5498 γινόμενα
3669 5425 3744 5497 μὴ

2152 5510 2495 5584 ὑϐρίζωμενσ
2539 5512 2773 5567 ἑκάστου
2799 5514 2907 5587 γάρ
2948 5513 3008 5567 τὸ
3054 5513 3294 5575 συνειδὸς
3332 5511 3429 5565 ἐὰν
3459 5508 3744 5582 βούληται.

2147 5594 2208 5648 τὸ
2254 5596 2531 5669 συμφέρον
2572 5597 2924 5669 ὑπαγορεύει.
2970 5592 3104 5651 Εἶτα
3133 5599 3162 5651 ό
3203 5596 3509 5667 παλαιστὴς
3540 5592 3743 5648 Ἱακὼΰ

2148 5679 2381 5751 ἀσκήσει
2418 5679 2486 5734 τά
2507 5678 2601 5733 τοῦ
2634 5680 2821 5734 Λάδας)
2855 5680 3108 5750 ἀφείλατο
3152 5680 3182 5753 ἦ
3230 5677 3677 5752 συμποσιαρχίας
3712 5678 3739 5732 ό

2209 5817 2238 5857 ι
2262 5818 2380 5868 LXX
2407 5820 2525 5877 αὕτη

2212 5885 2232 5911 ε
2266 5880 2352 5930 Ms.
2391 5882 2608 5945 ἐχούσης.
