4038 6154
256 348 307 403 ΙΙ
1133 342 1218 397 Dl-l
1260 342 1411 396 \‘l'l'A
1446 341 1501 397 S.
1543 341 1818 397 JOANNS

1929 341 2348 398 IllYSOSTUllll.
3448 349 3510 402 oi?

248 462 446 516 militet-
471 473 598 514 vero
635 468 690 512 et
717 455 817 511 Lot
839 455 1156 509 deteriorem
1185 455 1368 524 quovis
1396 455 1608 509 deserto
1638 457 1821 507 urbem

251 552 518 613 habitans.
544 551 666 619 jure
684 547 981 616 excipiebat
1005 545 1350 601 adventantes
1374 545 1609 615 hospites
1634 544 1702 599 ob
1727 545 1827 598 im-

251 643 454 714 probos
502 655 680 695 mores
735 638 1050 693 incolarum.
1103 638 1268 693 Porro
1317 639 1362 693 si
1402 639 1522 707 quis
1565 637 1829 691 civitatem

247 734 452 805 optime
471 742 733 788 moratam
757 729 1019 794 habitans,
1050 728 1222 798 qualis
1238 727 1743 796 Constantinopolis.
1777 728 1828 781 in

247 837 354 892 qua
399 835 589 876 omnes
642 829 772 874 sunt
820 818 1088 887 hospitum
1140 826 1508 886 susceptores,
1563 815 1829 888 superﬂuo

250 915 389 972 forte
415 914 536 984 quis
577 928 609 968 e
653 911 998 983 presbyteris,
1041 910 1228 965 relicto
1254 908 1648 979 prtedicationis
1677 908 1830 962 mini-

250 1005 434 1068 sterio,
463 1001 832 1058 examinandis
859 999 1208 1054 obsoniorum
1225 999 1472 1054 brevibus
1492 1005 1722 1060 vacaret,
1747 996 1832 1052 hic

248 1099 450 1154 oblitus
496 1097 615 1160 sui,
660 1108 954 1163 cauponem
1010 1106 1106 1160 pro
1174 1091 1394 1146 doctore
1443 1105 1503 1145 se
1553 1096 1827 1160 reputans.

248 1197 305 1244 et
345 1187 559 1257 aquosis
587 1183 996 1256 cogitationibus
1031 1197 1217 1252 puram
1244 1188 1299 1236 et
1339 1196 1541 1236 meram
1570 1180 1825 1250 cognitio-

249 1294 375 1335 nem
428 1277 652 1333 abolens
693 1292 813 1330 cum
864 1274 1211 1344 acquisitione
1260 1273 1554 1342 prophetici
1603 1272 1824 1341 probri:

247 1370 518 1439 Caupones
555 1369 627 1422 tui
662 1368 867 1421 miscent
908 1367 1080 1420 vinum
1120 1379 1263 1432 aqua:
1287 1361 1337 1432 (1
1345 1364 1440 1417 sai.
1470 1363 1520 1416 l.
1550 1360 1664 1432 22).
1695 1360 1826 1416 Nam

246 1469 454 1530 quanto
491 1458 654 1526 magis
695 1455 917 1509 inlirmis
942 1454 1124 1508 vinum
1165 1467 1300 1524 aqua
1346 1451 1681 1523 prmstantius
1718 1459 1823 1515 est,

246 1558 402 1604 tanto
420 1547 659 1604 doctrina
685 1545 1099 1616 hospitalitatem
1123 1552 1338 1612 superat
1370 1561 1382 1597 :
1414 1541 1528 1598 haec
1553 1541 1694 1598 enim
1727 1541 1825 1595 ho-

245 1645 482 1702 tniuibus
518 1645 598 1700 sui
638 1643 890 1714 temporis
917 1642 1152 1713 prodest,
1187 1643 1277 1698 illa
1308 1656 1436 1697 vero
1475 1649 1528 1696 et
1553 1641 1822 1711 posteris:

243 1745 302 1792 et
342 1734 460 1791 hrnc
497 1735 712 1804 quidem
743 1743 1033 1804 praesentes
1074 1730 1412 1788 solummodo
1441 1731 1696 1796 lueratur,
1739 1729 1826 1783 illa

246 1840 384 1880 vero
402 1834 457 1881 et
484 1826 732 1881 absentes
752 1843 764 1878 ;
788 1833 1080 1894 praesentes
1109 1821 1324 1892 quidem
1350 1821 1546 1891 lingua,
1575 1819 1827 1875 absentes

243 1931 378 1970 vero
412 1930 508 1986 per
535 1915 754 1984 scripta.
784 1913 930 1969 Talis
969 1913 1067 1969 fuit
1115 1914 1169 1968 in
1209 1928 1372 1968 carne
1419 1911 1692 1975 Servator,
1735 1911 1824 1980 qtti

240 2009 475 2077 panibus
501 2008 736 2077 quinque
771 2005 1042 2061 hominum
1070 2005 1234 2060 millia
1261 2004 1422 2075 pavit,
1466 2020 1572 2059 non
1610 2004 1660 2057 in
1689 2001 1823 2058 civi-

240 2107 377 2163 tate,
419 2097 511 2152 sed
539 2099 592 2152 in
620 2097 832 2153 deserto
858 2114 871 2149 :
898 2098 985 2168 qui
1016 2097 1189 2167 lingua
1219 2095 1429 2166 quidem
1456 2103 1510 2151 et
1538 2103 1826 2163 praesentes

237 2187 447 2254 docuit,
500 2187 684 2242 orbem
738 2202 862 2241 vero
913 2195 1172 2242 terrarum
1223 2185 1444 2240 salvavit
1491 2201 1587 2256 per
1631 2185 1820 2255 scripta

237 2273 735 2348 Evangelia.Tales
749 2277 891 2332 enim
927 2286 1050 2331 sunt
1075 2290 1351 2332 sermones
1385 2290 1566 2331 eorum
1596 2274 1824 2330 maxime

237 2366 340 2438 qui
367 2366 562 2437 Spiritu
599 2376 784 2422 sancto
814 2367 952 2436 pleni
993 2377 1136 2423 sunt.
1161 2367 1342 2437 Neque
1381 2367 1610 2430 mireris,
1649 2364 1817 2422 Theo-

235 2457 399 2525 dore,
429 2459 472 2512 si
504 2458 619 2527 quis
648 2458 968 2513 esurientem
996 2458 1130 2513 cibis
1158 2456 1476 2526 impleverit,
1505 2457 1598 2512 sed
1637 2457 1680 2510 si
1705 2456 1824 2525 quis

237 2553 313 2608 ab
366 2550 547 2621 aliqua
607 2550 903 2620 ignorantia
947 2551 1179 2604 animum
1227 2549 1519 2620 cujuspiam
1570 2548 1820 2604 liberarlt.

235 2645 344 2715 Qui
369 2645 516 2699 enim
548 2651 784 2699 ventrem
824 2643 1057 2702 alienum
1085 2651 1265 2713 pascat.
1302 2651 1393 2697 aut
1416 2641 1581 2712 gratis
1605 2649 1696 2695 aut
1732 2656 1824 2711 pc-

235 2735 423 2801 cunia,
470 2743 564 2789 aut
602 2749 739 2804 pane
780 2743 869 2788 aut
908 2733 1162 2801 oleribus,
1205 2732 1358 2789 facile
1409 2733 1670 2788 invenitur
1699 2733 1821 2802 :qui

235 2835 422 2880 autem
451 2826 612 2880 verbo
650 2825 880 2879 animam
925 2826 1140 2890 nutriat,
1187 2824 1230 2879 is
1257 2823 1467 2880 difficile
1496 2824 1706 2894 quidem
1741 2825 1824 2878 in-

239 2917 488 2982 venitur;
530 2915 777 2972 inventus
821 2925 1018 2982 autem,
1065 2925 1155 2971 aut
1184 2931 1287 2972 non
1325 2917 1579 2985 creditur,
1621 2926 1714 2972 aut
1739 2917 1822 2971 vix

237 3006 500 3068 creditur,
555 3007 710 3061 malis
761 3008 1032 3076 spiritibus
1069 3021 1285 3078 semper
1327 3009 1621 3064 animarum
1664 3009 1823 3063 saluti

235 3098 644 3154 obsistentibus.
687 3098 834 3154 Hanc
862 3099 1009 3154 verbi
1047 3099 1300 3154 doctrina:
1342 3099 1534 3155 famem
1579 3101 1821 3171 supp‘icii

238 3191 363 3246 loco
403 3191 692 3246 immittere
733 3192 980 3246 minitans
1022 3191 1275 3247 Dominus
1321 3192 1480 3259 Deus,
1531 3192 1666 3246 dixit
1701 3208 1823 3262 prov

237 3283 425 3354 pheta:
454 3301 468 3338 :
500 3284 748 3338 lnducam
785 3301 935 3354 super
977 3301 1060 3338 eos
1099 3283 1304 3354 famem,
1336 3301 1436 3338 non
1465 3288 1648 3354 famem
1678 3286 1824 3353 panis

236 3372 320 3428 vel
345 3390 513 3446 aqua,
544 3373 634 3428 sed
656 3377 841 3444 [autem
866 3373 1103 3428 audiendi
1124 3373 1320 3427 verbum
1351 3371 1558 3427 Domini
1577 3373 1749 3444 (Amos
1765 3374 1819 3429 8.

238 3462 354 3535 ll).
386 3464 455 3518 Et
480 3465 533 3518 in
562 3464 796 3519 sensibili
824 3463 1034 3534 quidem
1061 3462 1220 3530 fame,
1252 3464 1376 3518 licet
1404 3463 1584 3518 relicta
1612 3464 1823 3520 civitate

235 3567 328 3610 aut
356 3555 578 3625 regione
605 3571 725 3626 qua:
756 3555 894 3610 fame
922 3569 1171 3625 oppressa
1201 3563 1300 3621 est,
1334 3556 1386 3610 in
1415 3556 1572 3610 aliam
1601 3558 1780 3626 fugere
1806 3575 1818 3610 :

235 3646 382 3701 sicut
439 3646 608 3701 sancti
653 3645 965 3716 patriarcha“:
1021 3661 1052 3701 e
1101 3646 1380 3700 Palaestina
1424 3647 1475 3700 in
1531 3645 1820 3718 ﬁgyptutn

237 3737 638 3792 descenderunt
678 3754 694 3790 :
739 3737 805 3791 de
853 3737 1045 3792 mentis
1091 3745 1268 3791 autem
1319 3735 1496 3802 fame,
1545 3752 1663 3806 quae
1717 3751 1819 3790 nou

237 3829 455 3887 aliunde
483 3829 739 3887 Eeclesiis
763 3832 1067 3901 supervenit
1095 3847 1251 3902 quam
1284 3833 1500 3903 penuria
1520 3832 1818 3898 doctorum,

239 3936 431 3977 rursus
468 3921 605 3975 alius
650 3921 906 3992 propheta
944 3921 1116 3977 dixit:
1147 3922 1486 3978 (.‘ircumibunt
1529 3922 1593 3976 ab
1637 3924 1824 3978 oriente

236 4013 306 4068 ad
332 4014 642 4068 occidentem
669 4022 942 4082 querentes
967 4015 1165 4068 verbum
1199 4011 1424 4080 Domini,
1461 4023 1507 4068 et
1535 4013 1823 4068 nullatenus

236 4105 491 4158 invenient
525 4101 631 4174 (Ib.
657 4118 705 4158 υ.
743 4103 852 4176 12).
880 4103 1029 4170 Quod
1069 4113 1242 4159 autem
1285 4104 1482 4159 bonum
1525 4119 1553 4158 a
1582 4104 1821 4158 doctrina

239 4209 346 4250 non
376 4193 662 4266 provenit?
686 4194 811 4265 quid
843 4209 968 4250 vero
1008 4210 1111 4249 non
1159 4195 1439 4250 molestum
1469 4197 1536 4250 ab
1563 4196 1822 4266 intempe-

236 4284 377 4341 stivo
404 4286 528 4340 cibo
556 4293 648 4339 aut
683 4285 930 4340 convivio
973 4300 1078 4341 non
1123 4287 1401 4341 exoritur?
1431 4287 1621 4355 morbi,
1669 4286 1817 4353 rixae,

236 4377 580 4433 contumeliae
645 4377 915 4442 libidinis,
977 4388 1032 4433 et
1083 4394 1203 4448 qute
1262 4380 1347 4434 illa
1404 4381 1817 4451 subsequuntur.

237 4468 466 4535 Quando
498 4467 606 4522 Eva
632 4468 796 4538 ejecta
842 4469 939 4524 fuit
983 4485 1051 4525 ex
1080 4469 1365 4540 paradiso?
1409 4485 1584 4525 nonne
1609 4469 1820 4540 quando

237 4561 404 4614 audiit
432 4571 759 4629 serpentem,
804 4570 858 4617 et
882 4562 1112 4617 comedit
1135 4577 1203 4617 ex
1237 4563 1399 4633 ligno,
1427 4578 1536 4618 non
1574 4572 1820 4618 contenta

237 4651 513 4705 ordinario
555 4651 712 4706 cibo?
763 4651 988 4720 Quando
1038 4651 1167 4708 Cain
1225 4652 1498 4707 fratricidii
1555 4653 1823 4722 piaculum

238 4741 550 4796 eorumisit?
577 4757 752 4797 nonne
778 4743 990 4812 quando
1018 4758 1048 4799 e
1076 4743 1320 4813 primitiis
1343 4744 1570 4813 gustavit
1596 4745 1814 4811 primus,

237 4832 376 4903 gula:
401 4847 516 4887 suae
546 4835 809 4904 praecipua
835 4836 1149 4890 reservans?
1177 4834 1398 4903 Quando
1427 4835 1516 4889 lilii
1545 4834 1645 4891 Job
1672 4850 1821 4891 men-

236 4938 350 4977 sam
394 4927 759 4993 estemporalc
797 4925 1096 4995 sepulcrum
1127 4920 1267 4981 nacti
1310 4926 1464 4981 sunt?
1493 4941 1668 4982 nonne
1698 4941 1818 4980 cum

235 5013 602 5070 comedissent
623 5023 679 5069 et
703 5015 992 5070 bibissent?
1019 5016 1245 5084 Quando
1281 5017 1422 5072 Esau
1454 5016 1818 5072 benedictione

236 5105 478 5176 privatus
504 5107 626 5160 est?
649 5120 827 5161 nonne
851 5121 971 5161 cum
995 5107 1116 5161 cibo
1154 5107 1418 5162 inescatus
1440 5107 1658 5162 servivit
1687 5123 1811 5162 ven-

232 5196 335 5251 tri?
363 5194 590 5263 Quando
607 5196 731 5251 Saftl
753 5211 918 5267 regno
942 5196 1132 5252 excidit
1151 5197 1174 5250 ’ἐ
1191 5211 1368 5252 nonne
1385 5211 1503 5251 cum
1526 5197 1822 5266 pulcherri-

240 5302 347 5344 nas
373 5303 508 5344 oves
535 5297 732 5360 printer
762 5289 930 5358 legem
971 5289 1239 5344 comedit?
1268 5289 1490 5356 Quando
1514 5299 1689 5344 autem
1727 5303 1820 5356 po-

240 5381 390 5450 pulus
427 5381 590 5437 Israel
621 5382 792 5436 Deum
829 5381 1091 5436 irritavit?
1137 5396 1314 5435 nonne
1352 5395 1470 5435 cum
1514 5381 1814 5451 Egyptiam

234 5473 646 5545 concupiscebat
676 5487 934 5530 mensam.
976 5487 1162 5527 carnes
1208 5480 1260 5525 et
1304 5472 1502 5526 lebetes
1544 5489 1571 5524 a
1603 5473 1820 5525 doctore

233 5563 548 5636 requirens?
574 5561 750 5631 Opbni
780 5571 833 5615 et
857 5561 1085 5616 Phincos
1117 5562 1204 5616 lilii
1233 5562 1343 5617 lleli
1371 5576 1532 5632 quare
1558 5577 1660 5616 una
1686 5562 1813 5615 hora

232 5657 382 5711 occisi
431 5664 558 5709 sunt
606 5655 660 5708 in
710 5652 889 5707 bello?
925 5667 1100 5708 nonne
1137 5655 1258 5724 quia
1301 5653 1571 5725 rapiebant
1605 5652 1818 5707 fusciuis

228 5755 409 5811 cernes
438 5743 688 5799 sacriﬁcii
718 5755 748 5795 e
778 5741 1075 5796 lcbetibus?
1097 5741 1259 5798 Jacob
1288 5760 1410 5799 vero
1440 5743 1526 5799 ille
1552 5743 1812 5813 vitupera-

1935 452 2056 507 bilis
2083 454 2296 522 quando
2324 455 2707 511 recalcitravit?
2735 471 2910 509 nonne
2933 472 3050 511 cum
3083 458 3328 526 impletus
3365 474 3497 518 erat.

1935 544 2310 613 impinguatus,
2343 544 2664 601 incrassatus
2687 554 2740 600 et
2764 545 3014 601 dilatatns
3033 548 3056 600 2
3076 547 3297 614 Quando
3322 559 3498 604 autem

1933 631 2219 688 Sodomita:
2250 643 2443 704 praeter
2483 643 2720 690 naturain
2749 635 2963 691 libidine
2993 636 3151 692 veluti
3196 647 3360 693 (nstro
3389 654 3506 708 per.

1933 723 2022 776 citi
2066 723 2224 778 sunt?
2283 739 2459 779 nonne
2499 741 2618 780 cum
2665 727 2928 781 coutinuis
2971 730 3224 783 conviviis
3273 740 3502 786 mentem

1933 817 2311 884 corruperant?
2352 818 2440 886 qui
2495 829 2854 872 memorantur
2891 834 2987 888 per
3029 821 3398 876 contumeliam
3438 826 3506 874 ab

1936 904 2210 960 Ezechiele
2260 905 2470 962 dicente
2512 925 2524 959 :
2571 906 2633 962 In
2676 908 2983 962 abundantia
3038 910 3138 963 vini
3184 921 3230 964 et
3280 912 3507 966 satietate

1934 997 2076 1062 panis
2121 995 2439 1051 iasciviebant
2480 998 2578 1066 ipsi
2616 995 2828 1068 (Ezech.
2863 999 2949 1058 l6.
2973 998 3086 1070 49),
3133 999 3184 1054 id
3229 1008 3330 1064 est,
3376 1002 3503 1056 civi-

1934 1093 2041 1148 tas;
2075 1093 2119 1138 et
2139 1085 2262 1152 ﬁlia:
2281 1087 2408 1156 ejus,
2444 1086 2493 1140 id
2515 1095 2616 1152 est,
2644 1088 2745 1142 vici
2771 1087 2859 1157 qui
2893 1103 3104 1158 semper
3129 1089 3355 1145 civitatis
3373 1104 3502 1146 con-

1932 1176 2264 1232 suetudinem
2289 1188 2602 1248 sequuntur.
2636 1179 3021 1249 Temperantia:
3047 1190 3222 1236 autem
3261 1181 3508 1251 cegitatio

1931 1267 2145 1335 quando
2186 1282 2217 1322 a
2261 1269 2456 1338 populo
2481 1270 2571 1324 illo
2601 1279 2782 1326 vetere
2816 1270 3051 1326 defecit?
3094 1287 3272 1328 nonne
3300 1275 3510 1344 quando

1937 1359 1989 1413 in
2045 1359 2302 1415 accubitis
2347 1348 2758 1426 consenuerunt,
2819 1363 3072 1432 propheta
3118 1365 3508 1434 exprobrante:

1936 1447 2036 1515 Qui
2061 1450 2324 1504 comedunt
2353 1451 2524 1506 hmdos
2549 1451 2612 1506 de
2629 1453 2880 1522 gregibus,
2905 1464 2952 1508 et
2977 1455 3156 1508 vitulos
3193 1455 3256 1508 de
3283 1467 3508 1511 armento

1933 1538 2190 1602 lacteolos,
2224 1539 2442 1595 bibentes
2465 1544 2776 1610 percolatum
2802 1543 2993 1610 vinum,
3039 1545 3214 1616 primis
3244 1549 3508 1618 unguentis

1933 1627 2158 1693 delibuti,
2202 1631 2514 1686 lasciuientes
2555 1635 2606 1688 in
2650 1633 2896 1690 cubilibus
2937 1637 3061 1702 suis,
3101 1648 3146 1691 et
3174 1637 3302 1692 nihil
3328 1638 3506 1710 παῖδες-

1932 1717 2114 1772 bantur
2136 1735 2291 1788 super
2337 1721 2630 1777 contritione
2654 1721 2848 1796 Ioseph
2879 1725 3053 1797 (Amos
3081 1727 3133 1781 6.
3166 1727 3327 1798 4-6)?
3366 1729 3512 1796 Quos

1931 1808 2168 1866 infelices
2193 1810 2356 1868 Isaias
2381 1815 2771 1883 pronuntiavit?
2799 1831 2977 1872 nonne
2999 1819 3086 1888 qui
3112 1817 3177 1872 ad
3206 1821 3504 1875 convivium

1930 1899 2162 1955 diluculo
2190 1903 2510 1972 surgebant?
2537 1905 2606 1959 ita
2640 1905 2858 1961 dicens:
2891 1905 2980 1961 Va:
3001 1910 3088 1977 qui
3112 1910 3316 1979 surgilis
3341 1927 3505 1971 "iane.

1931 2001 1977 2044 et
2003 1993 2217 2046 siceram
2245 1995 2525 2060 sectamini,
2557 1997 2644 2065 qui
2673 1997 2886 2051 manetis
2912 1998 2980 2050 ad
3006 2014 3261 2066 vesperam
3295 2016 3310 2052 :
3339 2003 3509 2056 vinum

1930 2083 2061 2137 enim
2087 2084 2338 2140 comburet
2363 2103 2445 2140 eos
2465 2103 2485 2140 :
2510 2103 2628 2141 nam
2653 2105 2769 2142 cum
2796 2089 2989 2142 cithara
3011 2098 3057 2143 et
3083 2089 3319 2160 psalterio
3337 2091 3507 2145 uinum

1930 2174 2142 2240 bibunt;
2181 2192 2334 2243 opera
2375 2186 2543 2231 autem
2578 2176 2784 2232 Domini
2808 2195 2909 2233 non
2952 2181 3222 2250 respiciunt
3269 2180 3419 2254 (Isai.
3450 2183 3503 2239 5.

1933 2265 2019 2320 ll.
2060 2265 2170 2335 l2).
2214 2265 2438 2333 Quando
2480 2267 2780 2324 sacerdotes
2817 2269 2928 2324 Beli
2966 2284 3000 2324 a
3043 2271 3256 2327 Daniele
3297 2271 3501 2328 confusi

1929 2354 2094 2410 sunt?
2135 2370 2311 2411 nonne
2339 2371 2459 2410 cum
2488 2357 2622 2413 cinis
2662 2357 2805 2427 ipsos
2833 2375 2927 2428 per
2961 2360 3108 2416 cibos
3148 2371 3199 2416 et
3228 2370 3382 2432 potus
3411 2363 3507 2418 dc-

1931 2445 2226 2515 prehensos
2251 2447 2530 2518 coarguit?
2559 2447 2626 2502 Et
2653 2449 2775 2519 quid
2805 2451 2993 2505 attinet
3017 2466 3102 2505 me
3133 2451 3311 2508 dicere
3346 2453 3414 2509 de
3444 2454 3506 2506 iis

1931 2539 2019 2607 qui
2063 2537 2222 2592 latam
2250 2540 2388 2594 viam
2423 2537 2625 2610 ingredi
2669 2540 2963 2611 elegerunt,
2998 2551 3052 2596 et
3075 2553 3349 2613 angustam
3377 2546 3506 2599 vitu-

1931 2629 2156 2698 perant?
2183 2629 2378 2685 sufficit
2413 2631 2540 2685 mihi
2561 2628 2856 2686 Servatoris
2875 2647 3049 2686 sermo
3069 2633 3134 2686 ad
3166 2635 3507 2691 revictionem

1930 2735 2115 2774 eorum
2144 2721 2232 2790 qui
2264 2720 2478 2776 nidores
2505 2731 2810 2776 sectantur:
2841 2723 2932 2792 qui
2959 2723 3341 2780 innominatum
3369 2726 3506 2780 divi-

1931 2818 2058 2874 tem,
2087 2810 2367 2879 splendide
2390 2810 2626 2880 quotidie
2643 2812 2945 2882 epulantem
2973 2813 3024 2867 in
3057 2813 3156 2868 hac
3185 2815 3310 2881 vita,
3331 2825 3507 2872 osten-

1929 2901 2006 2957 dit
2043 2904 2208 2957 micas
2232 2914 2288 2958 et
2311 2912 2485 2973 guttas
2514 2905 2761 2975 pauperis
2793 2903 2978 2960 Lazari
3021 2907 3524 2977 concupiscentem,

1929 3009 2027 3050 nec
2053 2994 2116 3049 iis
2137 2993 2418 3050 fruentem.
2442 2993 2786 3065 luepiciamus
2811 3007 2987 3050 autem
3008 3005 3062 3052 et
3094 3007 3276 3052 malum
3302 3008 3525 3053 saneto-

1930 3102 2046 3140 rum
2077 3096 2334 3152 veterum,
2363 3094 2418 3142 et
2446 3087 2658 3142 tandem
2686 3087 2954 3142 discamus
2979 3103 3083 3158 quo
3107 3088 3360 3145 doctrina:
3383 3089 3506 3146 cha-

1928 3187 2134 3232 ractere
2154 3178 2234 3232 usi
2257 3186 2402 3244 sunt,
2424 3193 2490 3232 an
2520 3179 2644 3233 vita:
2671 3178 3034 3233 sanctimonia:
3055 3189 3105 3234 et
3126 3190 3285 3235 rectae
3307 3180 3506 3235 doctri-

1931 3287 2032 3338 nre,
2071 3286 2138 3326 an
2175 3272 2537 3327 conviviorum
2563 3282 2617 3326 et
2642 3274 2935 3342 epuiarum.
2962 3271 3168 3326 Primus
3193 3272 3372 3327 Enocb
3404 3273 3516 3329 fide

1931 3363 2210 3420 translatus
2239 3373 2340 3431 est,
2372 3381 2438 3420 an
2475 3364 2755 3420 convivio?
2785 3363 2984 3419 Deinde
3019 3363 3129 3418 Noe
3159 3365 3303 3420 orbis
3339 3375 3507 3421 terra-

1929 3473 2044 3512 rum
2072 3472 2238 3527 genus
2266 3457 2370 3512 fide
2395 3457 2624 3512 servavit
2649 3457 2698 3511 in
2726 3457 2888 3527 ligno,
2908 3456 3120 3525 quando
3151 3462 3393 3510 terrenus
3421 3457 3506 3510 hie

1929 3548 2156 3604 mundus
2217 3549 2557 3620 purgabatur,
2616 3563 2684 3602 an
2744 3548 2827 3604 ab-
2867 3547 3094 3603 assiduis
3152 3548 3414 3603 conviviis
3456 3560 3513 3603 et

1929 3642 2150 3713 impuris
2202 3643 2468 3713 operibus,
2533 3657 2600 3696 an
2656 3641 2876 3712 jejunio
2913 3649 2966 3696 et
3011 3640 3286 3696 oratione?
3331 3655 3507 3696 nonne

1929 3742 1986 3787 ut
2032 3749 2215 3804 parum
2267 3749 2296 3786 a
2346 3733 2435 3787 tali
2479 3741 2793 3802 tempestate
2831 3732 3138 3801 poculorum
3185 3733 3501 3802 quiesceret.

1929 3823 2268 3894 ignominiam
2299 3824 2439 3878 illius
2461 3831 2516 3879 et
2541 3839 2645 3877 non
2674 3823 2837 3880 decus
2867 3823 3150 3893 praedicant
3181 3823 3467 3894 Scriptum:
3485 3829 3508 3876 ἴε

1930 3915 2118 3971 Beatus
2141 3915 2404 3970 Abraham
2423 3914 2653 3985 quinque
2675 3929 2826 3985 reges
2847 3913 3196 3969 Sodomorum
3214 3915 3502 3984 superavit,

1926 4023 1993 4062 an
2023 4009 2140 4063 cibo
2169 4015 2363 4078 etpotu
2383 4050 2398 4072 ,
2421 4015 2733 4077 recuperato
2760 4006 2919 4061 etiam
2946 4005 3040 4061 Lot
3058 4007 3082 4060 ?
3103 4007 3168 4061 Et
3194 4005 3506 4062 Theodorus

1927 4098 2000 4152 ait
2033 4115 2046 4151 :
2091 4099 2147 4154 Si
2174 4098 2533 4154 Abraliamum
2576 4097 2794 4153 adducis
2831 4098 2880 4152 in
2910 4097 3161 4160 medium,
3195 4096 3377 4151 audias
3406 4096 3474 4168 igi
3502 4131 3506 4135 -

1929 4199 2014 4245 tur
2041 4199 2095 4244 et
2133 4189 2260 4244 illud
2303 4206 2333 4244 a
2370 4205 2475 4245 me.
2506 4191 2654 4245 Dicet
2679 4189 2820 4245 enim
2863 4189 2954 4244 tibi
2998 4187 3190 4260 quivis,
3233 4188 3374 4260 quod
3404 4187 3509 4245 fide

1925 4279 2138 4350 quidem
2189 4279 2572 4346 liostem'vicit,
2629 4281 2803 4335 Deum
2832 4288 3008 4335 autem
3039 4295 3218 4334 mensa
3249 4281 3408 4350 repit,
3447 4293 3504 4336 ut

1926 4373 2073 4444 prius
2119 4372 2230 4442 ipse
2268 4371 2576 4440 exposuisti.
2625 4369 2799 4424 Ense.
2844 4371 3027 4440 Papae:
3075 4371 3212 4426 διιοά
3239 4371 3505 4426 Abraham

1928 4466 2092 4520 Deum
2120 4478 2300 4518 mensa
2331 4463 2491 4533 cepit,
2519 4477 2693 4516 nonne
2722 4477 2907 4516 omnes
2928 4463 3108 4516 relicta
3131 4461 3236 4517 fide
3255 4472 3308 4519 et
3334 4465 3503 4517 virtu»

1929 4555 2068 4610 tibus
2096 4553 2272 4610 caeteri
2301 4553 2537 4608 convivia
2583 4551 2819 4607 studiose
2842 4551 3197 4606 sectabimur?
3227 4550 3356 4604 nihil
3386 4550 3498 4605 dis-

1926 4655 2204 4716 crepantes
2250 4659 2279 4698 a
2320 4641 2646 4711 cauponibus
2695 4650 2786 4695 aut
2839 4640 3173 4703 stabulariis,
3223 4639 3312 4709 qui
3364 4639 3497 4695 lucri

1926 4753 2082 4793 causa
2104 4738 2173 4791 ob
2203 4736 2252 4791 id
2293 4735 2462 4805 ipsum
2490 4733 2752 4804 publicam
2781 4733 2920 4786 viam
2951 4731 3212 4786 obsident.
3246 4731 3315 4786 Et
3343 4731 3500 4802 virgi-

1927 4844 2022 4883 nes
2049 4829 2224 4898 igitur,
2255 4841 2371 4897 quac
2399 4833 2454 4880 et
2480 4838 2706 4894 corpore
2732 4833 2784 4878 et
2807 4823 2992 4893 spiritu
3021 4831 3216 4876 sancta:
3241 4835 3360 4877 esse
3384 4829 3467 4876 stu
3483 4850 3500 4862 -

1925 4920 2053 4974 dent
2075 4917 2139 4972 ad
2160 4919 2381 4989 gloriam
2409 4916 2521 4983 Dei,
2552 4915 2802 4986 quoniam
2824 4915 2983 4969 Maria
3004 4913 3272 4969 Christum
3296 4917 3497 4986 genuit,

1927 5022 1981 5068 et
2001 5013 2130 5084 ipsa:
2157 5013 2360 5081 pariant
2387 5027 2400 5063 :
2433 5010 2477 5064 si
2506 5011 2646 5064 enim
2668 5011 2745 5065 sic
2773 5008 3013 5073 fecerint,
3038 5007 3168 5062 nihil
3191 5023 3221 5062 a
3256 5009 3499 5064 meretri-

1925 5103 2074 5159 cibus
2107 5102 2375 5158 dill'ernnt.
2419 5099 2552 5157 Nam
2601 5101 2644 5156 si
2683 5100 2932 5156 doctores
2978 5107 3192 5170 propter
3233 5099 3497 5152 Abraham

1928 5208 2137 5250 mensas
2166 5195 2454 5258 instruunt,
2477 5201 2530 5246 et
2550 5191 2778 5262 virgines
2803 5199 3017 5261 praptcr
3034 5189 3250 5243 Mariam
3269 5189 3494 5258 pariant.

1926 5287 2105 5355 Apage
2140 5285 2233 5347 sis,
2265 5282 2692 5347 honoratissimc,
2733 5289 2792 5335 ut
2817 5296 2932 5350 qua:
2964 5280 3099 5334 bene
3129 5289 3365 5348 tempore
3404 5291 3499 5333 suo

1923 5386 2015 5430 aut
2042 5383 2156 5431 acta
2181 5385 2302 5430 sunt
2335 5385 2426 5428 aut
2463 5373 2613 5436 fiunt,
2657 5369 2974 5426 contumelia
3001 5367 3290 5424 afﬁciamus
3319 5387 3330 5424 :
3377 5386 3497 5424 nam

1928 5466 2164 5538 profecto
2205 5465 2458 5533 cujusque
2498 5463 2816 5518 conscientia
2856 5461 2994 5531 quod
3034 5459 3265 5528 expedit,
3313 5461 3492 5515 tliClal.

1932 5558 2128 5614 Deinde
2164 5556 2326 5614 Jacob
2353 5555 2577 5610 luctator
2613 5552 2948 5617 abstinentia,
2991 5566 3054 5604 an
3085 5552 3327 5606 convivio
3363 5551 3493 5602 bona

1927 5649 2106 5704 Laban
2138 5649 2296 5704 tulit?
2325 5646 2411 5716 qui
2432 5645 2558 5700 dicit
2587 5660 2599 5696 :
2636 5641 2823 5697 Factus
2852 5659 2970 5696 sum
2988 5642 3108 5695 solis
3131 5641 3340 5694 adustus
3362 5636 3490 5690 msti-

1929 5740 2017 5793 bus
2047 5749 2090 5792 et
2119 5737 2228 5808 gelu
2270 5736 2445 5801 noctis,
2488 5751 2544 5788 ac
2577 5734 2771 5787 recessit
2815 5749 2844 5785 a
2875 5749 2950 5785 mc
2977 5747 3178 5786 sunmus
3216 5724 3364 5796 (Gen.
3408 5726 3491 5778 δι.
