4110 6148
554 353 624 406 ιδ
1781 343 1862 399 ra
1873 343 2102 402 LLADll
2128 345 2470 404 DIALOGUS.
3755 361 3837 417 es

551 465 678 536 40);
729 463 856 518 nihil
899 462 1040 516 aliud
1085 469 1269 530 petens
1311 461 1362 514 in
1402 459 1639 514 oratione
1667 473 1823 528 quam
1855 473 2046 528 panem
2077 467 2130 513 et

555 564 754 620 vestes,
804 552 986 607 dicens
1011 569 1022 603 :
1057 551 1122 606 Si
1147 550 1350 605 dederis
1374 550 1501 604 mihi
1517 565 1700 620 panem
1722 550 1790 603 ad
1815 549 2062 603 edendum
2083 557 2132 604 et

547 646 892 698 vestimentum
915 657 1015 710 quo
1041 641 1259 710 operiar,
1282 658 1427 695 omne
1450 639 1584 710 quod
1607 640 1733 693 mihi
1753 640 1969 703 dederis,
1995 639 2130 693 deci-

546 749 682 786 mam
708 747 772 786 es
797 748 855 785 eo
881 731 1009 785 dabo
1031 731 1121 783 tibi
1152 730 1313 800 (Gen.
1340 731 1432 785 28.
1465 729 1597 802 20)..
1619 729 1733 784 Non
1755 730 1906 794 dixit,
1934 729 2127 784 Mensis

544 822 867 892 impendam.
900 823 992 877 Dei
1023 823 1286 890 interpres
1313 830 1366 876 et
1394 821 1564 876 fidelis
1596 822 1685 876 ille
1713 835 1897 875 servus
1922 820 2127 890 Moyses

543 914 684 985 quali
715 914 967 969 instructa
991 928 1170 967 mensa
1197 915 1446 983 pupulum
1466 913 1804 983 congregavit
1831 913 1883 966 in
1909 913 2126 966 monte?

542 1017 677 1073 quos
703 1015 958 1068 crateres,
985 1019 1103 1073 quae
1135 1004 1315 1073 pocula
1349 1003 1611 1060 habebat?
1639 1003 1727 1073 qui
1748 1011 1950 1074 petram
1976 1002 2122 1071 virga

544 1095 706 1148 veluti
747 1094 960 1148 emulsit
1000 1094 1069 1148 ob
1111 1093 1288 1162 populi
1329 1093 1712 1158 infidelitatem,
1761 1094 1847 1163 qui
1875 1102 2123 1147 sexcenta

545 1185 707 1237 millia
748 1184 1019 1236 hominum
1070 1185 1303 1252 regebat,
1359 1183 1489 1252 legis
1529 1183 1730 1239 tabulas
1774 1183 2016 1252 portabat
2055 1182 2122 1237 ad

541 1272 966 1327 emendationem
987 1273 1164 1342 pepuli
1189 1289 1202 1324 :
1231 1289 1296 1326 an
1323 1273 1524 1342 phialas
1545 1272 1862 1342 perlucidas,
1904 1289 1969 1326 an
1994 1288 2120 1342 por-

541 1379 726 1418 corum
747 1364 973 1428 sumina,
1003 1379 1068 1416 an
1093 1380 1219 1418 aves
1238 1363 1514 1425 Phasidos,
1540 1379 1605 1417 an
1637 1365 1807 1433 pisces
1831 1379 1895 1418 ex
1916 1365 2118 1433 pelago,

541 1472 608 1510 an
635 1458 810 1510 vinum
855 1457 1176 1526 percolatum
1224 1471 1255 1510 e
1284 1455 1446 1527 Tyro,
1477 1465 1531 1509 et
1560 1457 1727 1509 lautos
1758 1470 1926 1524 panes
1952 1470 2120 1524 appo-

541 1560 675 1601 nens
700 1547 762 1600 iis
786 1547 876 1615 qui
909 1546 1337 1608 instituebantur,
1381 1560 1448 1598 an
1474 1545 1813 1598 doctrinam?
1846 1545 1993 1598 Duc.
2016 1544 2119 1598 Sed

541 1636 883 1706 respondebit
907 1636 1028 1705 quis
1045 1637 1137 1689 tibi
1162 1634 1228 1689 ad
1254 1636 1359 1698 illa,
1383 1629 1570 1688 Pater:
1594 1635 1655 1688 Et
1681 1635 1807 1688 mihi
1835 1633 1899 1688 da
1927 1648 2118 1686 manna

541 1735 597 1780 ct
641 1741 830 1796 aquam
881 1727 1044 1790 illam,
1094 1738 1146 1780 et
1201 1726 1329 1779 nihil
1374 1726 1599 1795 amplius
1649 1725 1880 1794 requiro.
1940 1725 2113 1779 Ense.

539 1817 734 1887 Ecquis
775 1817 866 1871 ille
905 1826 986 1870 est
1025 1815 1158 1870 adeo
1199 1830 1440 1869 morosus
1468 1815 1556 1884 qui
1599 1813 1818 1884 spiritali
1861 1814 2117 1868 doctrina:

540 1921 734 1960 rnanna
766 1906 1015 1961 sensibile
1060 1907 1355 1974 ﬂuxamque
1389 1921 1577 1974 aquam
1602 1904 1887 1973 praeferat?
1919 1904 2117 1960 Deinde

536 1997 750 2050 Samuel
779 1996 957 2064 populi
984 1995 1190 2061 doctor,
1215 1998 1304 2065 qui
1330 2011 1448 2049 cum
1480 1995 1661 2064 viginti
1687 1997 1919 2064 quinque
1947 2008 2114 2050 annos

535 2087 592 2140 in
620 2086 928 2139 Armathem
953 2087 1262 2154 quievisset,
1282 2100 1432 2154 quem
1461 2085 1742 2154 aliquando
1773 2099 1979 2150 mensa,
2009 2101 2112 2138 non

534 2185 709 2230 autem
740 2176 1001 2242 doctrina,
1055 2177 1244 2230 avertit
1287 2176 1355 2229 ab
1394 2176 1583 2230 idolis?
1617 2175 1840 2241 Quando
1864 2189 1994 2229 vero
2019 2189 2109 2229 rex

533 2267 690 2322 simul
739 2275 794 2321 et
860 2266 1114 2336 propheta
1164 2276 1218 2320 et
1267 2267 1460 2335 psaltes
1514 2265 1791 2320 delicatam
1860 2265 2114 2320 instruxit

533 2357 815 2411 mensam?
853 2357 938 2425 qui
967 2357 1097 2410 dixit
1125 2374 1135 2408 :
1163 2356 1387 2410 Cinerem
1421 2367 1676 2426 tamquam
1705 2372 1886 2424 panem
1904 2357 2113 2408 utendu-

531 2448 726 2513 cabam,
755 2458 800 2502 et
829 2457 1001 2516 potum
1037 2464 1198 2499 incum
1231 2464 1343 2499 cum
1373 2449 1494 2514 ﬂetu
1525 2445 1976 2513 miscebam(Psal.
1995 2449 2108 2502 101.

532 2536 643 2608 10).
684 2537 830 2591 Elias
859 2537 1156 2600 Thcsbites,
1201 2536 1509 2588 universalis
1553 2535 1732 2603 jejunii
1766 2545 1970 2598 auctor,
2019 2537 2108 2605 qui

531 2641 700 2679 annos
747 2635 854 2678 tres
891 2635 944 2678 et
970 2638 1181 2678 menses
1215 2638 1309 2678 sex
1337 2624 1560 2678 inediam
1593 2625 1898 2679 lurconibus
1920 2637 2110 2694 praeter

530 2730 715 2768 eorum
738 2715 1060 2768 voluntatem
1089 2715 1380 2783 appiravit,
1427 2716 1567 2784 quali
1599 2730 1780 2769 mensa
1823 2732 1850 2768 a
1893 2726 2108 2786 peccato

531 2807 811 2862 liberavit?
850 2821 982 2876 quos
1016 2816 1189 2860 autem
1228 2806 1457 2860 habebat
1480 2807 1715 2876 coquos?
1753 2823 1928 2862 nonne
1960 2809 2105 2863 corvi

528 2915 688 2968 opera
707 2899 1067 2969 quotidianum
1084 2899 1375 2967 accipiebat
1389 2915 1576 2968 panem
1597 2899 1620 2951 ?
1650 2899 1872 2969 Sapiens
1902 2900 2104 2971 Daniel“

528 2999 582 3042 ct
599 2987 897 3042 futurorum
920 2987 1162 3041 oculatus
1181 2988 1350 3053 testis,
1377 3004 1477 3058 qua
1505 3003 1685 3042 mensa
1713 2991 1959 3060 Assyrios
1979 3005 2104 3044 eru-

527 3077 690 3130 divit?
718 3092 894 3131 nonne
932 3076 1135 3145 jejunio
1158 3084 1210 3131 et
1237 3078 1478 3132 oratione
1517 3078 1800 3133 draconem
1837 3079 2106 3134 interemit

525 3177 580 3222 et
606 3167 784 3221 Bclem
827 3167 1039 3232 evertit,
1077 3167 1395 3237 leonumque
1425 3180 1520 3222 ora
1561 3169 1846 3236 obturavit,
1893 3179 1946 3223 et
1990 3171 2103 3240 regi

526 3259 788 3328 persuasit
819 3266 873 3312 ut
897 3259 1095 3326 patrios
1115 3257 1247 3312 deos
1262 3259 1571 3328 abnegaret,
1598 3270 1652 3314 et
1676 3260 1843 3316 Deum
1869 3262 1958 3330 qui
1980 3276 2104 3316 vere

525 3356 608 3402 est
633 3347 1012 3402 conﬁteretur?
1041 3347 1246 3414 Quibus
1265 3349 1461 3417 epulis,
1497 3351 1688 3420 quibus
1711 3351 1949 3420 cupediis
1977 3367 2106 3408 usus

526 3446 609 3491 est
627 3437 1001 3506 prophetarum
1028 3448 1343 3493 caeterorum
1373 3441 1570 3494 chorus
1596 3451 1687 3496 aut
1705 3444 2101 3511 apostolorum?

527 3544 704 3582 nonne
726 3539 878 3582 erant
904 3529 1190 3584 doctores?
1222 3546 1396 3586 nonne
1427 3533 1552 3600 ipsis
1579 3534 1736 3586 totius
1763 3535 1945 3589 mundi-
1974 3550 2103 3590 cura

526 3620 828 3674 concredita
850 3620 1054 3674 fuerat?
1075 3622 1476 3676 noimeillorum
1510 3638 1691 3677 sumus
1728 3627 2100 3680 successores?

525 3727 700 3766 annon
722 3727 905 3766 eorum
941 3711 1234 3766 imitatores
1262 3728 1357 3767 nos
1383 3729 1504 3768 esse
1531 3715 1640 3768 vult
1666 3715 1970 3785 Scriptura?
1998 3733 2092 3772 eo-

526 3818 644 3854 rum
687 3801 925 3855 moribus
953 3801 1304 3865 adhmreutes,
1354 3813 1408 3856 ut
1437 3804 1632 3858 Paulus
1659 3804 1833 3871 docet,
1877 3806 2096 3862 dicens;

528 3891 757 3954 Quorum
775 3891 1018 3943 intuentes
1037 3891 1222 3943 exitum
1241 3893 1654 3957 conversationis,
1671 3894 1933 3948 imitamini
1947 3897 2101 3962 ﬁdem

526 3980 710 4051 (Hebr.
741 3982 826 4035 15.
852 3981 930 4052 7).
960 3981 1088 4049 Qua:
1117 3982 1331 4036 bellaria
1360 3983 1586 4039 habebat
1613 3986 1663 4038 in
1685 3985 1898 4040 deserto
1931 3989 2100 4054 pumi-

526 4074 705 4128 tentite
732 4089 903 4142 praeco
931 4074 1162 4129 Joannes
1194 4074 1424 4144 Baptista
1446 4116 1460 4140 ,
1508 4077 1597 4145 qui
1647 4077 1714 4130 ad
1751 4093 1810 4132 se
1847 4080 2099 4134 vcnic..ti-

524 4166 625 4220 bus
656 4181 762 4220 non
797 4166 954 4219 modo
982 4183 1085 4219 non
1119 4168 1320 4235 paravit
1349 4168 1585 4236 prandia,
1616 4170 1711 4224 sed
1737 4181 1789 4224 et
1817 4187 2105 4228 occursum

523 4255 696 4323 ipsum
751 4270 869 4308 cum
914 4257 1275 4324 increpatione
1326 4273 1564 4314 amarum
1629 4263 1936 4330 prmbebat?
1983 4266 2102 4320 Non

524 4347 697 4400 solum
726 4346 866 4400 enim
913 4347 1237 4415 inquinatam
1265 4364 1449 4403 eorum
1483 4355 1864 4409 consdentiam
1910 4373 2098 4412 severo

524 4437 782 4506 adspectu
808 4438 1096 4508 quatiebat,
1115 4440 1208 4494 sed
1238 4449 1293 4495 ct
1314 4441 1427 4511 ipso
1455 4442 1657 4512 habitu,
1686 4448 1956 4517 multoque
1986 4464 2099 4504 ma—

520 4531 600 4598 gis
625 4529 805 4594 verbo,
831 4529 1200 4600 velutigladio,
1229 4533 1521 4588 animarum
1543 4534 1820 4592 abscessus
1845 4540 2051 4594 secabat
2080 4559 2093 4593 :

521 4618 786 4673 Genimina
825 4622 1130 4691 viperarum,
1174 4624 1284 4692 quis
1313 4625 1523 4678 ostendit
1553 4628 1686 4680 vobis
1715 4629 1888 4698 fugere
1917 4646 1948 4682 a
1982 4646 2098 4684 vei:-

519 4723 632 4763 tura
657 4711 773 4765 ira?
811 4710 987 4765 Facite
1014 4715 1167 4782 igitur
1196 4713 1390 4781 fructus
1417 4715 1595 4785 dignos
1616 4720 1919 4787 paenitentia:
1945 4719 2091 4791 (Luc.

517 4803 570 4856 3.
605 4804 658 4856 7.
690 4801 745 4873 8)
792 4817 964 4870 neque
999 4803 1100 4856 soli
1151 4803 1412 4872 baptismo
1458 4807 1769 4876 innitimini,
1820 4822 1910 4864 aut
1954 4813 2100 4882 quod.

518 4893 647 4947 estis
673 4892 764 4945 lilii
786 4891 1030 4946 Abrahae.
1059 4890 1196 4958 Quid
1214 4894 1354 4945 enim
1372 4897 1606 4961 gentium
1633 4898 1837 4967 ductor,
1863 4902 2094 4957 circum-

517 4983 735 5036 uisionis
761 4981 1076 5046 destructor,
1107 4989 1163 5034 ut
1183 4983 1635 5040 circumcisionem
1666 4989 1786 5044 lidei
1812 4994 2094 5062 stabiliret,

518 5086 613 5127 vas
623 5071 894 5126 electionis
905 5072 1133 5126 Paul-us?
1159 5073 1490 5129 inveniturnc
1507 5091 1724 5144 prorsus
1737 5096 1914 5137 curam
1931 5101 2096 5153 agens

519 5179 740 5230 mensae,
761 5167 850 5234 qui
877 5181 1054 5220 rerum
1081 5165 1315 5220 omnium
1338 5170 1504 5238 magis
1529 5187 1690 5240 quam
1709 5173 1862 5245 hujus
1887 5179 2093 5238 debitor

518 5267 654 5325 erat,
683 5267 737 5312 et
764 5258 990 5314 debebat
1015 5269 1217 5330 gentes,
1263 5269 1443 5330 utpote
1469 5264 1785 5334 incredulas,
1824 5286 1915 5339 per
1941 5289 2091 5330 men-

517 5364 630 5402 sam
656 5349 755 5403 sibi
791 5349 1120 5422 adjungcre?
1148 5351 1282 5418 Quid
1323 5353 1411 5409 ille
1441 5356 1623 5409 scribit
1649 5356 1947 5427 Timotheo.
1979 5367 2090 5435 epi-

515 5453 679 5510 sc0po
699 5439 892 5508 Ephesi
929 5442 976 5514 (l
1003 5440 1136 5496 Tim.
1168 5444 1221 5498 4.
1258 5444 1381 5515 l6)?
1415 5444 1551 5500 V'aca
1577 5463 1770 5504 mensae
1791 5458 2085 5522 apparalui,

513 5549 581 5588 an
608 5533 846 5602 lectioni,
891 5536 1270 5604 adlici-talioni,
1295 5537 1587 5594 doctrina}?
1614 5542 1804 5610 quibus
1831 5545 1883 5600 in
1929 5547 2086 5603 rebus

513 5625 750 5682 ninnium
771 5628 1000 5684 maxime
1019 5629 1242 5702 impiger
1263 5641 1446 5686 eratet
1473 5633 1703 5689 intentus
1725 5635 1910 5692 beatus
1925 5638 2084 5694 Joan-

515 5730 610 5769 nes
644 5734 656 5768 '.
685 5715 1002 5788 Imporlune,
1033 5730 1330 5789 Opportune,
1357 5721 1505 5789 insta,
1534 5721 1714 5781 dicens
1745 5742 1758 5779 :
1788 5743 1959 5796 argue,
2004 5730 2079 5782 in-

2237 475 2406 527 crepa,
2425 461 2629 514 obsecra
2657 462 2710 533 (2
2727 460 2862 516 Tim.
2885 464 2937 517 4.
2956 464 3036 536 2'),
3066 465 3278 522 nemine
3295 467 3464 536 ipsum
3493 469 3838 540 increpante,

2238 566 2303 608 eo
2330 551 2469 622 quod
2493 551 2605 608 duo
2627 554 2844 624 quidem
2868 571 3057 625 aSpera
3085 567 3139 612 et
3163 575 3326 613 unum
3356 562 3498 626 lene,
3528 562 3693 634 idque
3715 564 3829 620 fer-

2234 658 2329 698 san
2351 659 2509 713 parce
2538 645 2836 702 adhiberet.
2869 649 3000 703 Illud
3027 651 3190 715 enim,
3212 651 3399 723 Argue,
3431 655 3663 726 increpa,
3696 659 3831 716 licet

2233 733 2337 788 sint
2363 735 2514 790 valde
2553 739 2768 804 acerba,
2801 737 2854 792 in
2886 739 2996 806 illo,
3043 740 3276 806 Obsecro,
3311 752 3365 797 et
3395 759 3521 813 non,
3567 747 3823 804 blandire.

2232 826 2286 879 ld
2317 828 2510 897 quippe
2539 829 2670 883 scite
2706 829 2920 896 factum,
2951 832 3197 887 acerbius
3217 843 3300 888 est
3323 836 3634 906 voluptariis
3660 851 3832 910 atque

2231 917 2454 985 ahjectae
2506 921 2698 974 mentis
2729 920 3032 977 hominibus
3058 924 3331 993 quibusvis
3361 930 3694 997 gravioribus
3732 934 3820 987 in-

2229 1009 2642 1076 crepationibus.
2672 1010 2746 1065 lbi
2774 1011 2914 1066 enim
2948 1013 3174 1069 fortasse
3201 1015 3562 1086 indignatione
3585 1023 3830 1091 quadam

2228 1099 2494 1156 obsistens
2527 1101 2738 1157 animus
2763 1103 3205 1172 increpationem,
3228 1121 3347 1176 quae
3368 1107 3445 1172 fit,
3479 1125 3584 1164 non
3614 1113 3824 1169 sentit:

2227 1189 2332 1244 illis
2363 1205 2492 1246 vero
2523 1193 2723 1247 sensim
2749 1201 2805 1249 et
2835 1195 3087 1263 paulatim
3125 1198 3412 1254 moderatis
3439 1216 3558 1255 cum
3591 1205 3826 1260 veritate

2226 1279 2424 1344 verbis,
2456 1282 2605 1350 quasi
2633 1298 2664 1337 a
2690 1283 2834 1338 lento
2864 1284 2984 1354 igne
3009 1285 3333 1344 sensibiliter
3360 1291 3669 1346 combustus
3695 1294 3822 1348 dis-

2225 1381 2454 1426 secatur.
2488 1373 2602 1440 Qua
2633 1375 2698 1430 de
2735 1385 2989 1432 re-autern
3017 1379 3189 1447 ipsum
3211 1381 3501 1437 admonet?
3529 1383 3598 1439 de
3627 1389 3814 1440 convi-

2223 1460 2325 1514 viis
2353 1469 2407 1514 et
2435 1462 2632 1530 epulis,
2670 1479 2735 1518 an
2770 1465 2837 1520 de
2867 1467 3264 1526 tribulationum
3296 1473 3498 1526 severis
3540 1477 3813 1538 sermoni-

2224 1549 2360 1604 bus?
2387 1552 2572 1608 dicens
2603 1573 2615 1608 :
2647 1552 2724 1609 Tu
2753 1557 2900 1614 enim
2928 1560 3064 1612 nosti
3087 1573 3258 1614 mam
3285 1562 3496 1618 vivendi
3523 1565 3809 1631 rationem,

2222 1656 2386 1712 quam
2419 1645 2678 1708 ordinari,
2729 1657 2782 1702 et
2811 1650 3128 1715 institutum,
3187 1662 3243 1704 ut
3272 1653 3449 1708 omnia
3480 1653 3557 1708 ad.
3584 1656 3811 1725 gloriam

2223 1731 2314 1787 Dei
2347 1733 2533 1789 faciam
2562 1737 2613 1790 in
2659 1740 3179 1808 persequutionibus.
3222 1740 3282 1796 In.
3322 1745 3692 1811 redarguendo
3722 1763 3814 1802 er-

2222 1839 2376 1891 rore,
2427 1841 2496 1879 an
2545 1827 2735 1883 alicubi
2769 1845 2968 1886 mensae
3021 1831 3080 1886 fit
3123 1834 3354 1886 mentio?
3412 1834 3613 1890 Rursus
3662 1837 3806 1900 Tito,

2220 1915 2469 1985 episcopo
2497 1916 2691 1982 Cretae,
2724 1919 2995 1974 videamus
3019 1921 3146 1991 quid
3193 1923 3414 1978 scribat.
3471 1925 3547 1979 De
3590 1927 3709 1981 cibo
3751 1937 3813 1982 et

2219 2016 2346 2074 potu
2376 2049 2394 2073 ,
2436 2022 2502 2060 an
2546 2008 2616 2064 de
2662 2010 3115 2080 increpationibus
3164 2024 3221 2072 et
3259 2015 3540 2070 doctrina?
3578 2019 3805 2074 dicens:

2180 2097 2188 2113 ²
2222 2094 2389 2166 Hujus
2416 2099 2488 2151 rei
2517 2101 2680 2169 gratia
2724 2103 2900 2172 reliqui
2949 2113 2995 2157 te
3023 2103 3203 2170 Cretes,
3247 2114 3302 2158 ut
3348 2122 3408 2159 ea
3449 2123 3560 2176 qua:
3601 2109 3804 2174 desunt,

2216 2188 2464 2256 emendes,
2485 2201 2530 2242 et
2548 2191 2655 2245 illis
2669 2194 2972 2261 persuadeas
2995 2212 3095 2248 non
3111 2197 3258 2250 aliter
3283 2198 3468 2253 docere
3489 2200 3612 2269 (Tit.
3639 2204 3688 2255 l.
3719 2203 3814 2274 5),.

2216 2293 2373 2348 neque
2381 2280 2635 2334 attendere
2650 2281 2836 2352 fabulis
2851 2293 2898 2337 et
2909 2301 3000 2354 gen
3007 2285 3216 2356 ealegiis
3236 2290 3566 2343 inter-minatis
3585 2292 3628 2359 (l
3643 2331 3656 2341 .
3667 2291 3799 2346 Tim.

2222 2368 2274 2421 1.
2309 2371 2411 2439 4);.
2464 2371 2936 2440 reprehensionum
2983 2391 3192 2446 quoque
3235 2379 3489 2448 adjiciens
3542 2382 3800 2436 modum:

2215 2457 2472 2512 Cretenses
2499 2477 2694 2531 semper
2722 2464 3006 2531 mendaces,
3037 2468 3184 2520 malm
3209 2466 3398 2533 bestias,
3430 2481 3622 2525 ventres
3656 2475 3803 2543 pigri

2215 2548 2338 2619 ('l‘it.
2373 2551 2424 2603 l.
2456 2552 2566 2621 1‘3).
2598 2553 2785 2607 Dicant
2811 2555 2961 2609 nobis
2987 2558 3188 2611 ventris
3225 2561 3384 2624 servi,
3411 2565 3464 2615 et
3491 2577 3811 2618 incusarunt.

2212 2639 2469 2708 gigantes,
2521 2651 2578 2695 et
2621 2644 3049 2699 nrulicrcularum
3097 2649 3396 2717 accipitres,
3441 2652 3529 2720 qui
3577 2653 3816 2710 Joannis.

2211 2728 2590 2783 abstinentiam.
2610 2733 3022 2800 reprehendunt,
3063 2736 3188 2792 licet
3209 2739 3532 2794 revolverint
3561 2753 3710 2797 vetus
3744 2753 3808 2798 et

2211 2833 2406 2872 novum
2453 2819 2870 2888 Testamentum,
2923 2826 3010 2880 ubi
3058 2827 3361 2883 invenerint
3399 2832 3696 2887 convivium
3741 2835 3802 2889 in

2210 2913 2364 2968 laude
2393 2916 2616 2984 positum
2647 2933 2660 2970 :
2711 2918 2810 2972 nisi
2841 2917 2980 2973 forte
3016 2921 3152 2989 apud
3178 2922 3521 2993 alienigenas,
3549 2925 3706 2994 idque
3728 2927 3810 2982 ιιι

2209 3005 2526 3062 firmandum
2557 3007 2746 3074 foedus,
2780 3025 2844 3065 eo
2869 3012 3008 3080 quod
3036 3013 3150 3082 lege
3175 3017 3403 3070 convivii
3439 3015 3562 3071 fera:
3583 3028 3638 3071 et
3668 3019 3800 3073 bar-

2207 3098 2320 3152 bari
2343 3099 2664 3154 cicurantur.
2706 3102 2928 3167 Quando
2955 3119 3082 3158 vero
3112 3106 3350 3161 convivia
3373 3109 3570 3178 peccati
3585 3110 3799 3166 occasio

2207 3204 2313 3243 non
2343 3191 2702 3246 exstiterunt?
2739 3194 2862 3262 quid
2907 3207 3080 3250 autem
3117 3196 3256 3261 dico,
3295 3201 3538 3268 peccati?
3579 3201 3716 3258 lbrte
3742 3215 3805 3259 et

2206 3281 2422 3350 majoris
2452 3282 2766 3338 idololatria:
2793 3295 2846 3340 et
2871 3286 3161 3354 iratricidii,
3199 3289 3340 3344 sicut
3375 3293 3628 3361 scriptum
3661 3305 3750 3350 est
3778 3337 3793 3352 .

2207 3370 2350 3425 Sedit
2371 3374 2588 3441 papulas
2609 3375 2916 3429 manducare
2932 3387 2977 3429 et
3004 3377 3183 3442 bibere,
3211 3389 3255 3431 et
3277 3395 3598 3436 surrexerunt
3618 3383 3799 3438 ludere

2207 3460 2396 3532 (Exod.
2424 3463 2511 3530 '52,
2563 3464 2641 3536 6).
2669 3467 2795 3521 Erat
2828 3477 3002 3522 autem
3043 3469 3197 3524 ludus
3235 3471 3508 3526 ebrietatis
3536 3475 3793 3530 soboles:

2217 3551 2405 3618 Venite,
2455 3556 2702 3625 faciamus
2739 3556 2861 3611 deos
2899 3560 2984 3628 qui
3025 3577 3118 3614 nos
3159 3562 3445 3629 prwcedant
3491 3563 3600 3634 (Ib.
3624 3581 3669 3618 ιε.
3717 3567 3793 3636 l)-.

2204 3642 2304 3709 Qui
2328 3645 2470 3697 enim
2502 3646 2624 3700 vino
2652 3649 2901 3701 commoti
2932 3659 3103 3714 erant,
3150 3652 3373 3706 mobiles
3413 3653 3538 3708 deos
3583 3671 3796 3723 quare»

2202 3733 2352 3800 baut,
2392 3749 2514 3790 eum
2548 3736 2874 3793 immobilem
2898 3748 2952 3794 et
2979 3741 3155 3794 omnia
3182 3757 3288 3795 non
3316 3743 3610 3798 incedendo
3637 3760 3792 3799 com.-

2207 3823 2438 3894 pleutem
2464 3827 2820 3896 reliquissent.
2845 3829 2981 3896 Quid
3002 3839 3179 3886 autem
3213 3831 3342 3887 dicit
3365 3835 3658 3902 propheta?
3684 3836 3794 3890 La-

2202 3914 2289 3969 bia
2317 3916 2608 3972 sacerdotis
2651 3918 2973 3974 meditantur
3000 3921 3273 3975 convivia?
3301 3938 3504 3990 omnes,
3545 3934 3598 3978 et
3628 3941 3793 3994 pran-

2203 4004 2290 4059 dia
2319 4007 2599 4075 exquirent
2635 4009 2704 4062 ab
2731 4012 2838 4063 eo?
2874 4025 2961 4075 an,
3006 4010 3167 4066 Labia
3201 4015 3475 4070 sacerdotis
3512 4018 3805 4072 custodient-

2203 4095 2382 4166 legem,
2413 4107 2562 4166 atque
2584 4115 2647 4152 ea:
2672 4116 2757 4154 ore
2779 4101 2888 4171 ejus
2915 4118 3193 4157 sermonem
3223 4106 3518 4174 requirent?
3541 4109 3660 4177 quia
3690 4126 3790 4162 an-

2201 4191 2342 4258 gelus
2367 4189 2573 4244 Domini
2620 4202 2691 4245 est
2729 4193 2946 4262 (Malae.
3015 4199 3068 4254 2.
3097 4196 3176 4266 7),
3216 4207 3269 4250 et
3309 4211 3415 4252 non
3447 4213 3674 4268 cuquus.
3719 4201 3792 4255 Et

2205 4280 2362 4334 turris
2383 4279 2470 4333 illa
2502 4281 2552 4333 in
2582 4279 2816 4337 Chalane
2843 4284 3060 4353 «(ualido
3094 4285 3350 4341 aedificata
3387 4288 3506 4342 est?
3547 4299 3671 4344 ante
3709 4292 3790 4346 vi-

2204 4383 2352 4433 num,
2393 4384 2464 4422 an»
2485 4380 2604 4439 post
2629 4372 2848 4426 vinum?
2888 4389 3065 4430 nonne
3104 4391 3223 4432 cum
3261 4378 3400 4442 vino,
3438 4379 3648 4447 quando
3677 4380 3792 4436 Noe

2203 4459 2441 4528 plantato
2468 4461 2707 4530 palmite,
2749 4465 2949 4533 primus
2985 4467 3236 4535 probrum
3267 4467 3602 4524 demessuit?
3634 4470 3691 4525 Si
3718 4473 3788 4525 ita

2203 4566 2288 4605 res
2326 4566 2385 4606 se
2430 4551 2608 4619 habet,
2655 4569 2761 4609 non
2811 4566 3024 4625 propter
3051 4566 3232 4626 potum
3257 4567 3346 4613 aut
3385 4560 3790 4628 plantationem,

2202 4641 2294 4696 sed
2343 4653 2557 4712 propter
2601 4660 2906 4701 excessum.
2959 4649 3180 4716 Quando
3226 4649 3424 4719 ιιοειτριι
3470 4653 3710 4706 venditus
3757 4670 3788 4706 a

2201 4731 2495 4788 fratribus?
2519 4750 2586 4788 an
2614 4736 2826 4804 quando
2854 4739 2906 4791 in
2933 4741 3215 4808 pascendi-si
3237 4742 3424 4796 ovibus
3453 4743 3789 4810 occupaban-

2202 4825 2323 4877 tur?
2361 4839 2426 4878 an
2454 4841 2572 4880 cum
2603 4829 2807 4897 epimas
2821 4831 3122 4899 jugulantes
3147 4848 3272 4886 oves
3296 4843 3454 4902 atque
3482 4834 3703 4889 edentes
3732 4841 3785 4890 in

2200 4916 2326 4981 Olio,
2355 4916 2604 4972 invidiam
2631 4921 2886 4975 adversus
2923 4923 3097 4990 ipsum
3125 4926 3175 4978 in
3216 4928 3460 4981 convivio
3489 4929 3771 4985 molieban-

2201 5005 2316 5058 tur?
2355 5005 2578 5062 Ubinam
2603 5008 2819 5065 Joaunis
2846 5012 3092 5080 Baptista:
3118 5025 3276 5084 caput
3300 5017 3352 5070 in
3392 5017 3538 5072 disco
3573 5018 3782 5074 obtule-

2198 5106 2318 5150 runt
2343 5101 2728 5155 meretriculaa?
2759 5103 2808 5155 in
2840 5111 2980 5159 emta
3023 5106 3317 5174 sapientiae,
3353 5123 3420 5162 an
3456 5109 3507 5161 in
3536 5111 3786 5166 cenvivio

2199 5185 2516 5255 impietatis?
2543 5190 2734 5245 Beatus
2756 5193 2950 5248 Paulus
2975 5195 3162 5252 bibens
3187 5207 3242 5252 et
3267 5199 3555 5254 comedens
3579 5200 3647 5254 ad
3671 5216 3784 5254 rite-

2195 5275 2333 5330 diam
2363 5293 2525 5348 usque
2557 5292 2766 5338 noctem
2793 5287 3136 5355 protrahebat
3173 5303 3504 5357 sermonem,
3551 5308 3618 5346 an
3644 5293 3784 5362 jeju-

2195 5384 2294 5423 nus
2319 5379 2371 5425 et
2395 5371 2611 5440 docens,
2656 5385 2814 5446 atque
2845 5379 3009 5434 Deum
3053 5381 3360 5450 ignorantes
3387 5383 3453 5437 ad
3491 5384 3648 5439 tidem
3689 5384 3783 5438 ad-

2192 5457 2434 5517 ducens?
2487 5462 2604 5534 lpse
2640 5475 2817 5522 autem
2859 5485 3096 5524 summ-us
3152 5473 3338 5527 Pastor
3387 5484 3442 5528 et
3493 5474 3687 5528 Ductor
3728 5481 3782 5528 ct

2190 5551 2434 5624 Magister
2453 5556 2605 5613 lusus
2641 5556 2900 5624 Christus,
2944 5561 3155 5616 luunani
3202 5562 3517 5620 emendator
3557 5567 3779 5624 erroris.

2191 5643 2404 5702 ubinam
2447 5649 2500 5703 in
2538 5649 2749 5705 civitate
2773 5653 3032 5722 reperitur
3055 5653 3361 5721 comedem,
3401 5656 3500 5710 nisi
3539 5665 3784 5724 tempore

2194 5735 2438 5805 Peteliae,
2509 5737 2649 5808 quod
2702 5750 2815 5795 erat
2874 5742 3244 5810 mysteriorum
3290 5744 3781 5813 complementum?
