4110 6148
538 328 611 388 ιδ
1862 325 2100 383 -ΡΑιιΑ

2231 329 2579 389 οιΑιοευε
3760 344 3836 400 ες

537 444 771 518 ριμνιῖιςι
828 444 942 509 τοῖς
1006 442 1273 513 μαθηταῖς
1339 441 1655 513 εὑρίσκεται
1715 441 1922 511 λέγων.
1996 443 2121 516 περὶ

537 527 902 603 βρωμάτωνῆ
934 526 1063 597 περὶ
1095 525 1575 596 ἀναγνωσμάτωνς
1607 521 1987 594 Ἐργάζεσθε,
2031 524 2119 579 λέ⁴

533 630 665 681 των,
683 610 771 681 μὴ
798 612 912 678 τὴν
933 608 1376 679 ἀπολλυμένην
1396 606 1658 679 βρῶσιν.
1685 609 1849 665 ἀλλὰ
1871 606 1987 676 τὴν
2013 609 2122 679 μί’

530 709 786 750 νουσαν.
830 692 1053 763 Λεγέτω
1099 692 1278 747 τοίνυν
1322 695 1461 764 μετά
1495 691 1591 745 τοῦ
1615 692 1825 763 Κυρίου
1852 691 1990 745 καὶό
2018 708 2122 746 κα-

530 778 621 842 λὸς
659 774 950 849 Ἰωάννης·
989 774 1158 846 Ἐμὸν
1207 776 1509 847 συμπόσιόν
1556 777 1705 829 ἐστιν
1746 776 1780 846 ή
1821 773 1915 828 τοῦ
1958 773 2120 844 λόγου

526 860 845 917 δίδασκαλία
899 862 992 916 καὶ
1040 859 1307 932 διανομὴ,
1344 862 1424 924 είς
1460 861 1529 932 ἥν
1569 860 1663 914 καὶ
1712 859 2002 931 ἐξελέχθην
2039 862 2121 925 είς

526 946 627 1019 τὴν
647 945 745 1000 τοῦ
769 944 899 999 λαοῦ
957 944 1248 1015 σωτηρίαν.
1295 942 1504 1014 Βρῶμα
1540 943 1651 1016 γάρ
1679 945 1829 1016 ἡμᾶς
1867 944 1928 997 ού
1976 960 2119 1015 παρ-

528 1030 710 1103 ίστησι
757 1028 838 1101 τῷ
879 1028 1020 1100 Θεῷ,
1054 1026 1182 1082 οὔτε
1239 1028 1334 1083 ἐὰν
1383 1028 1669 1099 φάγωμεν,
1723 1026 1848 1082 οὔτε
1897 1028 1992 1083 ἐάν
2042 1026 2118 1101 μὴ

528 1115 823 1188 φάγωμεν·
868 1113 1101 1168 ἐθνικῶν
1134 1112 1307 1184 γὰρή
1354 1111 1617 1183 συνήθεια
1655 1112 1817 1185 αῦτη.
1868 1114 1931 1168 τὸ
1983 1130 2119 1184 τρα-

530 1199 725 1266 πέζαις
750 1199 970 1270 ἀπατᾷν
993 1199 1121 1261 τοὺς
1152 1197 1242 1250 ὑπ’
1283 1197 1464 1252 αὐτῶν
1491 1196 1930 1268 δελεαζομένους,
1972 1197 2119 1269 λόγῳ

472 1289 480 1295 ’
527 1282 735 1338 πείθειν
794 1283 868 1353 μὴ
921 1281 1238 1352 δυναμένων
1299 1280 1409 1335 τῶν
1471 1280 1765 1346 λεγόντων·
1832 1280 2117 1350 «Mm;st

525 1366 626 1421 καί
679 1367 909 1435 πίωμεν
928 1379 941 1394 °
1001 1365 1215 1432 αὔριον
1267 1364 1377 1434 γὰρ
1427 1364 1918 1434 ἀποθνήσκομεν.
1969 1362 2115 1434 Πρὸς

524 1450 621 1518 οὓς
650 1451 680 1504 ὀ
704 1448 1032 1513 ’Δπόστολος
1069 1449 1517 1521 πληκτικὼτερον
1552 1448 1652 1521 τὴν
1681 1447 1971 1520 διόρθωσιν
2022 1448 2117 1501 ἐπ-

524 1535 645 1605 άγει
666 1533 869 1598 λέγων·
894 1533 991 1602 Μὴ
1031 1530 1374 1588 πλανᾶσθε·
1419 1532 1775 1602 φθεΙρουσιν
1812 1531 1928 1599 ἤθη
1966 1548 2113 1599 χρη-

521 1618 642 1673 στὰ
682 1620 907 1688 ὁμιλίαι
947 1617 1129 1671 κακαί
1150 1632 1165 1647 ο
1196 1614 1415 1686 ὁμιλίας
1447 1615 1621 1686 λέγων
1651 1614 1828 1679 κακάς
1853 1616 1953 1679 τὰς
1984 1618 2112 1687 περὶ

523 1701 591 1757 τὶ
609 1701 833 1757 τοιαῦτα
862 1700 1216 1771 ἑλισσομένας
1240 1699 1436 1766 λέξεις.

591 1787 751 1842 ΚΕΦ.
792 1786 893 1840 ιΓν.
922 1813 995 1826 -
1031 1785 1092 1838 '0
1121 1784 1307 1838 AIAK.
1336 1782 1580 1855 Γνησίως
1608 1785 1708 1857 μέν
1743 1783 1839 1839 καὶ
1870 1783 2113 1854 πολυμαο

519 1870 631 1937 θῦς
663 1869 893 1942 εἴρηκας
920 1866 992 1921 τά
1018 1867 1307 1939 εἰρημένα,
1338 1869 1433 1923 καὶ
1459 1867 1635 1934 οὕτως
1664 1869 1798 1940 ἔχει.
1837 1868 1985 1923 Οὐαὶ
2002 1869 2112 1940 γὰρ

521 1953 602 2021 τῷ
635 1954 875 2024 λέγοντι
896 1952 964 2007 τὸ
994 1951 1191 2021 γλυκὺ
1234 1950 1465 2019 πικρὸν,
1493 1952 1594 2007 καὶ
1619 1952 1686 2008 τό
1719 1953 1938 2024 πικρὸν
1963 1957 2110 2025 7.10-

520 2039 634 2094 κύί
669 2038 803 2093 οὐαὶ
832 2036 1167 2103 τεῦ-τιθέντι
1196 2034 1265 2091 τὸ
1307 2038 1532 2104 σκότος
1578 2037 1725 2108 φῶς,
1755 2037 1856 2093 καί
1882 2037 1953 2094 τὸ
1984 2036 2110 2109 φῶς

514 2120 777 2190 σκότος-ί
804 2120 961 2189 Λέξει
990 2121 1048 2175 δέ
1080 2137 1185 2185 τις,
1211 2121 1294 2174 ὅτι
1316 2119 1453 2176 Οὔτε
1484 2122 1647 2193 ἡμεῖς
1690 2121 1850 2176 τοῦτο
1877 2122 2109 2194 λέγομεν

518 2202 658 2262 εἶναι
691 2206 854 2262 αύτδν
879 2204 1094 2260 ἔκδοτον
1114 2206 1236 2269 ταῖς
1254 2203 1533 2270 τοιαύταις
1552 2204 1873 2279 τραπέζαις.
1913 2206 1978 2261 Ἦ
1997 2206 2108 2279 γὰρ
2144 2220 2147 2225 '

517 2293 755 2366 ἄμετρος
788 2289 1067 2362 φιλοτιμία
1122 2288 1435 2362 φιληδονίας
1480 2289 1756 2354 ὑπόθεσις,
1815 2290 1911 2345 καὶ
1952 2292 1989 2363 ή
2025 2292 2107 2357 είς

517 2378 657 2444 ἄγαν
691 2375 1012 2439 ἁπόκλεισις
1060 2374 1223 2429 ὄκνου
1268 2375 1365 2428 καὶ
1399 2374 1754 2446 μικρολογίας
1806 2375 2103 2444 ἀπόδειξις.

530 2459 784 2514 Ἐδύνοιτο
830 2459 942 2531 γὰρ
1002 2457 1106 2512 κᾶν
1136 2458 1332 2530 μόνους
1364 2457 1701 2521 ἐπισκόπους
1756 2457 1964 2523 καλεῖν,
2011 2460 2107 2514 καὶ

514 2543 719 2599 τούτων
755 2543 990 2614 μάλιστα
1026 2543 1155 2605 τοὺς
1193 2540 1650 2612 εὐσεϐεστέρους·
1685 2541 1719 2612 ἢ
1769 2542 1819 2594 εί
1855 2541 1930 2615 μὴ
1978 2543 2107 2598 τού-

514 2644 662 2690 τους.
693 2627 799 2681 κᾶν
821 2626 913 2680 τὸν
944 2625 1076 2679 ίδιον
1104 2624 1324 2696 κλῆρον,
1351 2623 1689 2696 μιμούμενος
1712 2625 1805 2679 τὸν
1829 2627 2106 2701 Δεσπότην

513 2709 765 2764 ἐσθίοντα
820 2708 960 2780 μετὰ
986 2708 1095 2761 τῶν
1122 2706 1331 2762 δώδεκα
1366 2707 1700 2763 ἀποστόλων.
1749 2709 1808 2762 '0
1853 2709 2101 2767 ‘EIIIEK.

514 2790 962 2847 Συνεκτικώτατα
1013 2790 1430 2860 ἀνθυπήνεγκας
1453 2832 1468 2857 ,
1520 2790 1950 2862 φιλαληθέστατε
1993 2794 2105 2849 τῶν

513 2875 746 2949 ἀνδρῶν,
782 2876 836 2930 εί
861 2892 924 2945 γε
960 2877 1241 2946 ἠνείχοντο
1276 2876 1327 2929 οί
1367 2875 1621 2947 κληρικοὶ
1649 2880 1993 2949 συναριστείν
2025 2878 2105 2951 τῷ

525 2959 769 3031 Ἰωάννῃ,
790 2958 920 3031 παρ’
942 2956 1091 3030 ὥραν
1120 2959 1153 3029 ἢ
1178 2959 1309 3030 παρ’
1336 2958 1553 3030 ἡμέραν
1581 2958 1853 3021 ἐσθίοντες
1877 2975 1905 3002 ι
1925 2979 1938 2993 ’
1971 2964 2019 3016 οί
2045 2960 2103 3015 δὲ

512 3043 588 3107 ὼς
606 3042 838 3114 τάχιστα
862 3041 999 3113 μετά
1024 3041 1228 3112 πολλῆς
1249 3042 1349 3113 τῆς
1365 3043 1721 3114 παρασκευῆς
1751 3042 2102 3099 πολυτέλειαν

513 3121 833 3195 ἐπεζήτουν.
894 3126 1130 3179 Ἄτοπον
1183 3119 1252 3197 ἦν
1280 3124 1381 3189 τάς
1413 3126 1522 3179 τῶν
1549 3126 1850 3181 νοσούντων
1892 3126 1925 3199 ἢ
1955 3143 2102 3181 πτω-

511 3208 778 3280 χευόντων
803 3207 1009 3279 τροφὰς
1040 3210 1106 3280 τῇ
1132 3206 1243 3261 τῶν
1271 3208 1623 3277 ὑγιαινόντων
1658 3210 1901 3282 ἀκρασία
1928 3227 2100 3282 προσ-

508 3291 806 3347 αναλῶσαι.
838 3292 998 3355 Ποῖος
1030 3290 1087 3345 δὲ
1126 3291 1219 3345 καὶ
1245 3291 1411 3363 νόμος
1437 3287 1593 3358 οὗτος
1612 3333 1625 3357 ,
1665 3293 1979 3364 νομοθετεῖν
2007 3294 2102 3350 τὸν

510 3378 801 3452 παιδευτὴν
819 3378 948 3442 τοὺς
975 3378 1422 3450 παιδευομένους,
1453 3381 1486 3452 ἢ
1510 3383 1640 3446 τοὺς
1672 3380 1991 3454 ἀρρώστους
2007 3383 2100 3438 τὸν

512 3468 713 3541 ἰατρὸν,
753 3467 948 3539 ἥτοὺς
993 3467 1261 3532 ἐπιϐάτας
1306 3470 1399 3524 τὸν
1437 3469 1802 3544 κυϐερνήτην,
1864 3474 1953 3527 ἀεὶ
2002 3471 2098 3527 τοῦ

511 3556 696 3630 ἰατροῦ
729 3556 855 3619 τοὺς
885 3555 1174 3623 νοσοῦντας
1209 3557 1548 3627 ύγιάζοντος.
1573 3560 1667 3613 καὶ
1699 3560 1794 3614 τοῦ
1816 3560 2097 3617 διδάσκον-

507 3662 598 3710 τος
628 3646 754 3709 τοῦς
775 3644 1202 3717 παιδευομένους
1242 3648 1705 3718 ἐπανορθοῦντος,
1742 3650 1838 3703 καὶ
1870 3649 1967 3703 τοῦ
2000 3668 2098 3706 κυ-

505 3734 771 3807 ϐερνήτου
795 3736 907 3797 τοῖς
931 3732 1227 3804 ἐμπλέουσι
1244 3734 1304 3788 τὺ
1322 3736 1600 3808 συμφέρον
1619 3738 2056 3810 μνηστευομένου
2078 3757 2093 3808 ;

507 3822 615 3876 Καὶ
641 3820 812 3894 ἰατρῷ
842 3820 943 3891 μὲν
968 3823 1060 3875 καὶ
1099 3821 1409 3898 κυϐερνήτῃ
1437 3824 1748 3895 πειθόμενοι
1775 3828 1824 3881 οί
1857 3828 1949 3882 ὑπ’
1991 3831 2093 3884 αύ-

503 3913 631 3978 τοὺς
661 3911 751 3966 διὰ
774 3912 1066 3983 φιλοζωΐαν
1095 3916 1276 3969 πᾶσαν
1311 3915 1507 3987 ὀδύνην
1539 3917 1632 3972 καὶ
1670 3919 1968 3993 ἐπάχθειαν
1999 3923 2095 3992 φέ-

503 4016 680 4072 ρουσι,
705 4000 836 4073 παρ’
863 3995 946 4066 οἷς
985 4002 1081 4057 καὶ
1114 4002 1176 4056 τὸ
1202 4004 1482 4075 ἐπιτυχεῖν
1519 4004 1713 4077 ἄδηλον
1734 4023 1747 4037 ο
1784 4007 2092 4085 διδασκάλῳ

498 4088 557 4144 δέ
579 4087 688 4143 τῶν
732 4089 1080 4160 κρειττόνων,
1108 4091 1301 4155 νόσους
1327 4093 1423 4146 καὶ
1460 4093 1735 4164 μαλακίας
1763 4097 2092 4153 ἀπελαύνειν

498 4174 998 4245 ἐμπεπιστευμένῳ
1035 4176 1130 4229 καὶ
1161 4177 1459 4249 τρικυμίας
1504 4180 1706 4251 ήδονῶν
1738 4183 2090 4257 ὑπερϐαίνειν

498 4260 889 4332 ὲξησκημένῳ,
938 4261 1297 4333 ἀχαλινώτοις
1339 4265 1601 4337 στόμασιν
1643 4268 2089 4330 ἐπανατείνονται

495 4346 747 4411 ἀνίπτοις
802 4347 930 4402 ποσὶ
981 4349 1160 4405 πάντα
1194 4351 1478 4424 φύροντες.
1506 4356 1569 4412 Et
1618 4357 1676 4412 δέ
1708 4361 1801 4414 καὶ
1833 4360 2087 4418 ἐδεδώκει

494 4434 689 4490 ἑαυτὸν
722 4427 1085 4502 ἔκδοτον’ταῖς
1116 4440 1439 4510 τραπέζαις,
1461 4443 1649 4509 πόσοις
1677 4445 1897 4520 ἐξήρκει
1925 4448 2089 4515 ἀξιώ-

494 4539 631 4593 μασι
660 4522 761 4595 τὴν
787 4524 1126 4598 τηλικαύτην
1154 4527 1307 4582 πόλιν
1339 4531 1506 4585 οίκῶν
1532 4571 1548 4597 ,
1589 4533 1820 4589 ἑκάστου
1849 4536 1883 4608 ἦ
1908 4536 1976 4591 δι’
2006 4539 2089 4592 εύ-

490 4611 698 4681 λογίαν,
738 4613 770 4686 ἢ
806 4613 896 4669 διὰ
922 4616 1114 4671 πενίαν
1132 4659 1146 4682 ,
1175 4617 1208 4689 ἢ
1235 4617 1322 4674 διὰ
1340 4623 1785 4695 γαστριμαργίαν
1802 4624 1862 4677 τὸ
1891 4629 2085 4693 φαγεῖν

489 4701 910 4772 ἐπιζητοῦντοςς
953 4704 1065 4757 Ποῦ
1101 4705 1161 4759 δὲ
1214 4707 1309 4760 καὶ
1349 4708 1546 4781 σχολὴν
1582 4704 1718 4781 ἦγεν
1749 4714 1782 4783 ή
1810 4711 1904 4766 τοῦ
1944 4713 2082 4770 Θεοῦ

486 4788 715 4861 θεωρία,
747 4792 779 4861 ἡ
804 4789 899 4843 τοῦ
921 4790 1050 4844 λαοῦ
1070 4791 1362 4863 θεραπεία,
1392 4797 1425 4866 ἡ
1453 4796 1563 4850 τῶν
1583 4797 1818 4870 Γραφῶν
1848 4802 2080 4875 ἱστορία,

485 4881 519 4948 ή
555 4878 664 4933 τῶν
702 4877 891 4951 χηρῶν
921 4879 1236 4951 κηδεμονία.
1280 4884 1314 4953 ή
1339 4883 1450 4938 τῶν
1488 4886 1774 4959 παρθένων
1816 4908 2074 4964 παραμυο

485 4964 596 5029 θία,
628 4967 662 5036 ἡ
685 4964 793 5019 τῶν
819 4965 1248 5044 ἀρρωστούντων
1281 4972 1596 5042 νοσοκομία,
1634 4976 1667 5045 ή
1697 4977 1807 5031 τῶν
1836 4997 2079 5036 καταπο-

483 5052 764 5124 νουμένων
794 5041 1105 5127 ἐπικουρία,
1135 5057 1168 5127 ή
1206 5056 1315 5110 τῶν
1344 5041 1715 5131 πλανωμένων
1748 5064 2077 5142 ἐπιστροφὴ,

485 5141 521 5208 ή
551 5138 659 5194 τῶν
684 5142 1164 5214 συντετριμμένων
1195 5146 1417 5217 φροντὶς
1436 5186 1451 5209 ,
1491 5148 1524 5219 ή
1560 5148 1669 5203 τῶν
1699 5152 1758 5204 ἐν
1809 5138 2080 5224 φυλακαίς

485 5227 805 5299 ἐπίσκεψιςς
837 5229 961 5295 Πῶς
989 5229 1044 5283 δὲ
1061 5229 1229 5301 ἔφυγε
1253 5230 1347 5286 τὸν
1372 5233 1720 5291 ὀνειδιστικὸν
1746 5240 2078 5314 ταλανισμόν

481 5316 578 5372 τοῦ
610 5315 770 5383 Θεοῦ,
798 5317 858 5373 ὃν
881 5318 1128 5386 ὀνειδίζει
1150 5324 1209 5376 ἐν
1241 5319 1320 5391 τῷ
1364 5321 1654 5394 Ἰεζεκιήλ’
1690 5321 1756 5380 Ὦ
1787 5331 1842 5384 οἱ
1874 5333 2078 5402 ποιμέ-

482 5425 585 5477 νες
610 5409 665 5463 οί
701 5408 1122 5478 ποιμαίνοντες
1144 5411 1419 5480 ἑαυτοὺς,
1460 5413 1556 5467 καὶ
1597 5417 1668 5469 οὐ
1711 5419 1782 5473 τὰ
1808 5424 2076 5490 πρόϐατα

478 5496 800 5566 ι·ἐμοντες;
848 5497 922 5552 Τὸ
956 5497 1374 5572 πεπλανημένον
1419 5503 1518 5556 οὐκ
1573 5505 1968 5580 ἐπεστρέψατε.
2013 5513 2074 5567 τὸ

475 5583 754 5650 ἀπολωλὸς
785 5586 886 5641 οὐκ
915 5585 1215 5659 ἐξῃτήσατε
1258 5588 1306 5655 ι’,
1335 5589 1394 5642 τό
1433 5590 1656 5657 ἀσθενὲς
1702 5596 1801 5649 ούκ
1843 5600 2071 5653 ἐπεσκέ-

538 5744 563 5770 ⁴
586 5743 795 5808 conjicit
811 5745 1010 5796 ἐσθίοντι
1036 5746 1256 5809 Βὶεοειιε,
1284 5750 1373 5799 sed
1398 5751 1630 5811 ἐσθίοντες
1650 5754 1764 5807 ferri
1786 5762 1965 5820 potesl.

536 5797 569 5841 δ
593 5804 708 5853 L82.
737 5807 1012 5853 ἐζητήσατε.

538 5807 569 5841 5
593 5807 708 5867 Leg.
737 5807 1012 5868 ἐζητήσατε.
1097 5807 1108 5809 ⁷
1616 5807 1628 5811 ⁷
1788 5807 1799 5820 ’

536 5864 563 5896 ⁸
588 5865 672 5919 Sic
693 5870 800 5921 cod.
829 5873 1033 5935 optimo.
1060 5869 1259 5924 Editum
1284 5872 1445 5928 fuerat
1466 5878 1845 5941 σπουδαζόντων

2227 445 2424 515 ψασθε,
2461 446 2523 500 τὸ
2552 453 3013 522 συντετριμμένον
3037 452 3097 506 ού
3126 451 3460 525 κατεδήσιτε
3482 468 3495 484 ·
3524 454 3592 509 τά
3616 455 3829 529 λιπαρὰ

2227 529 2529 610 σφάζοντες
2559 532 2771 589 ἐσθίετε
2796 552 2811 567 ·
2850 537 2978 610 περὶ
3011 530 3087 592 ὧν
3105 536 3355 609 γράφειό
3384 538 3600 603 Παῦλος
3621 552 3635 572 ⁴
3700 543 3833 597 Ἀν-

2226 609 2449 681 όχεσθε
2482 617 2615 686 γὰρ.
2645 618 2704 673 ει
2739 636 2832 687 τις
2857 609 3015 690 ὑμᾶς
3047 619 3433 687 καταδουλοῖ,
3462 622 3520 675 ετ
3559 639 3650 691 τις
3691 641 3827 681 κειτ-

2222 697 2434 779 εσθίει,
2466 699 2527 754 ετ
2551 717 2646 768 τις
2672 702 2998 773 λαμϐάνει·
3029 704 3126 758 καὶ
3157 704 3225 757 τά
3259 705 3358 776 μὲν
3389 704 3512 776 ἔρια
3528 706 3829 779 περιεϐάλ-

2222 777 2402 864 λεσθε,
2433 782 2502 837 τὰ
2526 783 2583 837 δὲ
2608 785 2859 857 πρόϐατα
2879 786 2942 842 ού
2973 786 3313 858 ποιμαίνετε.
3337 788 3449 842 Καὶ
3472 791 3530 843 ἐν
3549 777 3630 861 τῷ
3662 791 3829 864 Ἱερε-

2224 863 2326 935 μίᾳ
2365 866 2496 938 περὶ
2547 869 2908 943 ἀργοτρόφων
2964 871 3242 943 ποιμένων
3294 870 3479 940 λέγει·
3532 863 3825 942 Ποιμένες

2220 951 2438 1005 πολλοὶ
2478 951 2822 1023 διέφθειραν
2862 955 2972 1010 τὸν
2997 954 3329 1026 ἁμπελῶνά
3358 974 3502 1026 μου.
3530 957 3695 1028 Λέγει
3759 958 3827 1016 ’0

2219 1035 2402 1090 ΔΙΛΚ.
2458 1037 2714 1094 Ἐδύνατο
2743 1041 2839 1095 καὶ
2868 1040 3094 1105 τούτους
3134 1040 3225 1094 διὰ
3255 1043 3453 1113 χρόνον
3489 1040 3826 1114 θεραπεύειν

2219 1120 2313 1205 καὶ
2340 1122 2450 1176 τῶν
2476 1123 2950 1197 ἐκκλησιαστικῶν
2976 1127 3311 1199 φροντίζειν,
3345 1128 3433 1184 ῐνα
3459 1129 3535 1203 μὴ
3562 1131 3693 1205 δόξῃ
3717 1148 3825 1186 και

2219 1203 2330 1268 κῶς
2358 1206 2602 1273 ἀκούειν,
2641 1210 2702 1263 ἐν
2756 1213 2870 1275 τοῖς
2919 1209 3100 1275 ἀλλοις
3119 1211 3197 1265 ὢν
3221 1212 3416 1283 μέγας.
3461 1214 3520 1268 '0
3562 1203 3819 1274 ‘EIIiZK.

2219 1288 2391 1373 Τοῦτο
2423 1291 2534 1365 γάρ
2562 1295 2680 1347 ἐστι
2704 1294 2766 1348 τὸ
2790 1293 3147 1366 ζητούμενον,
3171 1294 3259 1350 ἵνα
3295 1298 3370 1368 μὴ
3397 1297 3583 1362 κακῶς
3613 1298 3819 1373 ἀκούῃ.

2220 1372 2307 1455 ίνα
2338 1373 2610 1441 πλουσίως
2643 1379 2862 1452 παρέχῃ
2894 1379 2986 1433 τὸν
3017 1378 3176 1449 λόγον
3199 1421 3213 1446 ,
3269 1382 3368 1455 τὴν
3416 1382 3656 1455 σπουδὴν
3675 1423 3690 1443 ,
3719 1382 3823 1437 τὸν

2217 1451 2401 1526 ζῆλον.
2438 1460 2538 1531 τὴν
2583 1460 2750 1534 ἀλλην
2790 1451 3075 1536 ἱερατικὴν
3107 1451 3344 1520 εῦνοιαν.
3387 1465 3459 1519 Ἦ
3507 1451 3817 1533 οῦκ-οἶδας,

2214 1537 2260 1597 ὧ
2286 1545 2586 1616 τιμιώτατε
2631 1548 2898 1622 θεόδωρε,
2950 1553 3033 1605 ὅτι
3075 1551 3171 1604 καὶ
3223 1551 3421 1622 ἀλόγου
3474 1554 3818 1626 κατηγορίας

2218 1636 2565 1707 μακαρισμὸς
2586 1635 2818 1709 ὥρισται
2847 1639 2952 1694 ὑπὸ
2978 1638 3074 1693 τοῦ
3101 1640 3309 1712 Κυρίου
3350 1640 3448 1696 σὺν
3475 1644 3589 1706 τοῖς
3629 1641 3817 1706 ἄλλοις

2216 1726 2879 1797 μακαρισμοῖςείπόντος⁶
2911 1726 3204 1797 Μακάριοι
3222 1728 3386 1797 ἐστε,
3415 1730 3564 1785 ὅταν
3591 1728 3813 1785 ὀνειδι⁴

2212 1826 2409 1866 σωσιν
2430 1809 2608 1883 ὑμᾶς,
2643 1813 2744 1869 καί
2768 1815 2983 1869 ετπωσι
3023 1815 3150 1871 πᾶν
3177 1817 3451 1885 πονηρὸν
3478 1816 3649 1889 ῥῆμα
3676 1822 3814 1875 καθ’

2211 1898 2401 1970 ὑμῶν.
2443 1902 2591 1957 οὐαὶ
2647 1901 2718 1956 δὲ
2756 1903 2921 1973 ὑμῖν,
2974 1903 3122 1959 ὅταν
3169 1904 3370 1973 καλῶς
3402 1905 3560 1978 ὑμᾶς
3592 1906 3813 1964 εἴπωσι

2210 1987 2437 2056 πάντες
2457 1991 2512 2044 οἱ
2537 1988 2838 2060 ἄνθρωποι
2855 2007 2869 2023 ·
2902 1992 3055 2048 κατὰ
3074 1993 3263 2048 ταῦτα
3284 1995 3396 2065 γὰρ
3417 1994 3665 2050 ἐποίουν
3685 1994 3814 2063 τοῖς

2209 2081 2546 2151 προφήταις
2580 2085 2636 2137 οἱ
2686 2083 2940 2152 πατέρες
2982 2082 3204 2141 αὐτῶν.
3250 2084 3375 2150 Πῶς
3420 2084 3479 2140 δέ
3511 2087 3606 2141 καὶ
3634 2086 3814 2158 στόμα

2210 2165 2587 2240 ἐξησκημένον
2612 2172 2670 2224 ἐν
2700 2170 2869 2235 θείοις
2891 2170 3116 2240 λογίοις,
3141 2172 3235 2227 καὶ
3268 2168 3363 2237 οῦς
3393 2174 3660 2246 χρησμῶν
3709 2175 3814 2229 ἐπ·-

2209 2255 2428 2311 ακούειν
2457 2255 2637 2319 θείων,
2654 2250 2902 2331 ἠνείχετο
2917 2259 3244 2330 πολυλογίας
3274 2261 3578 2335 τραπέζης,
3595 2263 3689 2318 τοῦ
3707 2265 3809 2318 Δε-

2209 2345 2412 2400 σπότου
2429 2345 2682 2416 λέγοντος
2704 2363 2720 2381 ο
2749 2349 2962 2416 οὐδεὶς
2980 2349 3232 2406 δύναται
3247 2351 3394 2407 δυσὶ
3418 2353 3641 2421 κυρίοις
3672 2352 3808 2409 δου-

2204 2433 2439 2488 λεύεινο
2483 2433 2709 2503 ἔπειτα,
2746 2438 2829 2493 οὐ
2870 2436 3144 2495 δύνασθε
3184 2439 3309 2507 Θεῷ
3356 2439 3673 2497 δουλεύειν
3701 2445 3808 2498 καί

2201 2520 2482 2592 μαμωνᾷ;
2524 2526 2863 2597 Ζητήσωμεν
2891 2525 3001 2599 ἄρα
3033 2527 3118 2591 τίς
3161 2530 3191 2583 ὀ
3232 2530 3519 2601 μαμωνᾶς,
3557 2531 3632 2603 μή
3673 2547 3810 2587 ποτε

2207 2609 2523 2682 εύρεθῶμεν
2548 2612 2670 2683 οὐχὶ
2694 2616 2809 2677 τοῖς
2837 2613 2932 2668 δύο
2956 2615 3169 2687 κυρίοις
3202 2617 3580 2684 δουλεύοντες,
3614 2618 3734 2673 ἀλλ’
3771 2621 3805 2692 ἢ

2210 2697 2357 2768 μόνῳ
2378 2696 2457 2768 τῷ
2490 2700 2744 2771 μαμωνᾷ.
2772 2700 3058 2771 Μαμωνᾶν
3085 2702 3196 2776 γάρ
3218 2702 3314 2758 νῦν
3343 2704 3406 2758 ού
3435 2704 3528 2759 τὸν
3556 2705 3809 2760 διάϐολον

2205 2783 2377 2854 λέγει,
2405 2785 2543 2840 ἀλλά
2560 2788 2662 2859 τὴν
2710 2790 3104 2860 ματαιοπονίαν
3142 2789 3236 2845 τοῦ
3267 2791 3477 2864 κόσμου
3502 2792 3714 2857 τούτου,
3741 2789 3806 2849 οῦ

2202 2875 2331 2939 τοὺς
2361 2874 2555 2929 ἐαυτοῦ
2593 2864 2846 2949 μαθητὰς
2890 2880 2921 2933 ὀ
2956 2878 3114 2948 λόγος
3137 2880 3470 2954 ἀπέστησεν.
3523 2883 3583 2938 '0
3614 2882 3803 2940 ΔΙΛΚ.

2217 2962 2635 3031 Ἐπανὰζευξον,
2671 2958 2718 3018 ὦ
2751 2964 3011 3038 ίεριῦτατε
3039 2968 3245 3041 Πάτερ,
3277 2970 3371 3025 ἐπὶ
3400 2971 3470 3025 τὰ
3500 2971 3664 3027 λοιπά
3693 2973 3805 3028 τῶν

2204 3052 2568 3123 πραγμάτων,
2606 3055 2807 3119 ἱκανῶς
2835 3056 3291 3129 ἀποδεδειγμένου
3315 3060 3410 3115 τοῦ
3433 3061 3560 3134 περέ
3592 3063 3804 3135 τραπέο

2203 3137 2303 3209 ζης
2336 3139 2519 3209 λόγου.
2550 3139 2732 3212 Κάμοὶ
2766 3143 2823 3197 δὲ
2848 3144 2923 3218 μὴ
2960 3145 3278 3221 χαλεπήνῃς
3305 3149 3399 3202 ἐπὶ.
3426 3153 3539 3216 τοῖς
3590 3151 3804 3205 ἀνθυπ-

2205 3227 2476 3300 ενεχθεῖσι
2497 3245 2511 3260 ·
2556 3229 2720 3285 πλέον
2754 3232 2863 3304 γάρ
2901 3248 2956 3286 τι
2986 3233 3309 3306 βουλόμενος
3329 3236 3539 3308 μαθεῖν,
3573 3239 3803 3312 ἐπεξερ-

2199 3315 2607 3390 γαστικώτερον
2622 3318 2838 3393 ἠρόμην
2853 3320 2952 3392 τὴν
2966 3321 3065 3394 σὴν
3082 3322 3448 3395 πολυμαθίαν.
3466 3327 3524 3380 ’0
3542 3326 3796 3384 ἘΠΙΣΚ.

2200 3402 2370 3457 Τοῦτό
2409 3421 2490 3460 σοι
2520 3406 2652 3480 παρ’
2699 3407 2836 3490 ἐμοῦ
2879 3410 3215 3485 σαφέστερον
3263 3411 3524 3487 είρήσθω,
3552 3414 3799 3490 Θεόδωρε

2199 3489 2640 3561 φιλομαθέστατε
2672 3489 2787 3564 (εἷς
2814 3496 2926 3569 γάρ
2956 3498 3156 3568 γέγονα
3179 3499 3286 3554 τῶν
3318 3489 3741 3560 σπουδασάντων
3769 3518 3793 3546 ο

2197 3577 2377 3649 ὀχλοις
2405 3579 2492 3635 διά
2520 3582 2802 3655 τραπέζης
2830 3585 3082 3660 ἀρέσαι),
3105 3588 3187 3643 ὅτι
3210 3589 3528 3656 ἐπίσκοπος,
3556 3592 3799 3664 μάλιστα

2198 3665 2409 3732 πόλεως
2450 3669 2725 3744 μεγάλης,
2770 3673 3107 3746 καταλείψας
3145 3677 3246 3750 τὴν
3271 3679 3367 3734 τοῦ
3401 3680 3559 3749 λόγου
3604 3682 3795 3738 διακο·

2196 3755 2336 3843 νίαν,
2368 3754 2588 3832 νύκτωρ
2615 3776 2674 3813 τε
2704 3761 2800 3815 καὶ
2831 3762 2949 3833 μεθ’
2977 3765 3191 3838 ἡμέραν
3223 3769 3280 3822 ἐν
3307 3773 3432 3833 ταῖς
3465 3773 3655 3843 χερσὶν
3690 3772 3796 3827 οὐκ

2197 3842 2336 3916 έχων
2361 3844 2430 3899 τὰ
2460 3846 2556 3900 τοῦ
2581 3847 2749 3920 νόμου
2780 3849 2967 3916 πυξία,
2993 3852 3088 3906 καὶ
3112 3853 3212 3926 τὴν
3245 3855 3354 3909 τῶν
3378 3842 3613 3929 πτωχῶν
3668 3860 3793 3914 ἐπει

2198 3933 2418 4006 μέλειαν
2451 3935 2512 3990 ού
2547 3936 2615 3990 δι’
2650 3939 2870 4005 ἐαυτοῦ,
2897 3940 3032 3995 ἀλλά
3054 3941 3121 3997 δι’
3161 3943 3366 4015 ἐτέρων
3396 3949 3654 4011 ποιεῖται.
3686 3965 3794 4019 μα⁴

2196 4022 2335 4095 κράν
2363 4021 2518 4077 ἔσται
2542 4025 2651 4079 τῶν
2680 4027 2983 4099 εἰρηκότων
3002 4045 3017 4060 ·
3043 4029 3191 4085 Ἰδοὺ
3224 4031 3547 4103 ἀφήκαμεν
3566 4033 3790 4104 πάντα,

2194 4109 2294 4164 καὶ
2320 4111 2829 4184 ἠκολουθήσαμέν
2852 4131 2952 4171 σοι
2972 4133 2984 4146 ι
3010 4117 3069 4171 τί
3093 4117 3210 4188 ἄρα
3241 4120 3389 4190 ἡμῖν
3419 4120 3633 4188 ama.-
3660 4141 3790 4183 0w-

2192 4197 2593 4273 αριθμούμενος
2623 4206 2737 4268 τοῖς
2768 4206 2972 4277 φήσασι
2989 4223 3004 4237 θ
3032 4208 3234 4278 Κύριε,
3264 4210 3402 4281 οὐχί
3425 4209 3508 4278 τῷ
3535 4211 3628 4279 σῷ
3653 4214 3791 4269 ὀνό-

2183 4306 2325 4357 ματι
2359 4291 2433 4345 τὰ
2462 4291 2559 4346 καὶ
2595 4292 2668 4347 τά
2692 4283 3103 4366 Americam”;
3133 4299 3504 4373 ἀκουσόμενος
3541 4304 3661 4375 μετ’
3686 4307 3790 4359 αὖά

2189 4376 2297 4430 τῶν
2317 4393 2331 4406 ·
2364 4377 2642 4448 Ὑπάγετε
2660 4380 2762 4435 ἀπ’
2785 4382 2954 4451 ἐμοῦ,
2979 4386 3034 4438 οι
3056 4386 3453 4457 κατηραμένοι
3469 4404 3483 4419 ο
3502 4391 3616 4445 οὐκ
3648 4387 3788 4447 οἶδα

2187 4465 2363 4538 ὑμᾶς,
2388 4471 2577 4525 πόθεν
2612 4470 2755 4526 ἐστέ
2773 4488 2788 4503 ·
2815 4473 2877 4526 ού
2899 4475 3010 4545 γὰρ
3037 4476 3394 4545 ἐπιγινώσκει
3420 4481 3449 4534 ό
3465 4480 3638 4550 Λόγος
3653 4481 3784 4536 ἀλό-

2188 4573 2317 4626 γους
2352 4557 2619 4630 ἐργάτας·
2662 4559 2902 4634 καθαρὺς
2929 4564 3039 4637 γὰρ
3064 4564 3231 4620 αὑτοῦ
3259 4566 3541 4640 ὀφθαλμὸς
3558 4568 3655 4624 τοῦ
3703 4571 3782 4642 μὴ

2186 4646 2320 4719 ὀρᾷν
2352 4649 2585 4721 πονηρά.
2618 4649 2813 4706 Πολλοὶ
2849 4652 2957 4726 γὰρ
2986 4654 3094 4709 τῶν
3120 4656 3432 4728 λεγομένων
3460 4660 3781 4715 ἐπισκόπων

2185 4737 2246 4789 τὸ
2269 4734 2489 4807 εῦλογον
2504 4738 2687 4793 αὐτῶν
2710 4744 2868 4807 μῖσος
2891 4744 2919 4797 ὃ
2938 4745 3271 4817 μεμίσηνται
3286 4747 3374 4802 διὰ
3396 4750 3522 4814 τοὺς
3541 4750 3781 4815 οἰκείους

2183 4825 2361 4881 αὐτῶν
2389 4827 2647 4901 τρόπους,
2681 4831 2775 4885 καὶ
2825 4831 2924 4905 τὴν
2974 4833 3084 4888 τῶν
3114 4837 3321 4908 νοητῶν
3348 4836 3581 4909 ἀζηλίαν
3619 4857 3779 4914 περι-

2185 4912 2346 4984 κόψαι
2383 4914 2732 4988 βουλόμενοι,
2766 4919 2930 4976 πάθει
2983 4922 3156 4989 πάθος
3196 4912 3778 4997 ἀντικαταλλάττονσι,

2185 4998 2498 5066 πλεονεξίαν
2529 5005 2829 5078 κενοδοξία,
2858 5010 2922 5081 τῇ
2955 5009 3055 5080 μὲν
3090 5012 3237 5085 χειρὶ
3266 5014 3501 5084 ἀφειδῶς
3531 5016 3778 5072 ἀδικοῦν.

2182 5102 2274 5151 τες
2295 5089 2375 5153 είς
2404 5090 2596 5163 κέρδος
2618 5094 2863 5168 αἰσχρὸν,
2891 5099 2957 5169 τῇ
2981 5097 3026 5151 δ’
3048 5100 3211 5174 ἑτέρᾳ
3232 5102 3334 5167 τὰς
3352 5104 3632 5175 τραπέζας
3655 5108 3778 5162 ἐπι·

2181 5174 2530 5248 τεχνώμενοι,
2563 5182 2658 5235 καὶ
2681 5183 2879 5256 στήλας
2914 5186 3136 5259 ὑψηλῶν
3162 5174 3610 5265 οἰκοδομημάτων
3631 5194 3779 5264 ἐγείο

2181 5280 2399 5355 ραντες,
2424 5268 2511 5323 ἵνα
2534 5270 2599 5323 ἐκ
2620 5271 2826 5326 τούτων
2846 5273 3098 5342 δόξαντες
3119 5282 3347 5351 χρηστοὶ
3371 5288 3467 5337 καὶ
3492 5283 3773 5355 φιλόπονοι

2179 5352 2489 5422 φαίνεσθαι,
2541 5359 2707 5433 τιμὴν
2760 5361 2882 5416 ἀντὶ
2937 5365 3164 5435 ἀτιμίας
3217 5352 3646 5440 καρπὼσωνται,
3708 5376 3769 5426 οὔ

2180 5443 2616 5513 μνημονεύοντες
2648 5447 2744 5501 τοῦ
2802 5448 3233 5523 Ἐκκλησιαστοῦ
3269 5456 3364 5510 τοῦ
3423 5461 3517 5514 καὶ
3557 5460 3774 5517 κτίσαν-

2174 5547 2267 5596 τος
2291 5534 2385 5587 καὶ
2427 5537 2795 5608 μισήσαντος,
2833 5542 2926 5595 καὶ
2960 5543 3032 5597 τὰ
3060 5546 3289 5601 το;αῦτα
3329 5549 3517 5619 σαφῶς
3555 5552 3769 5622 ἀπηγοο

2179 5620 2472 5692 ρεύσαντος
2492 5626 2552 5679 ἐν
2580 5624 2658 5697 τῷ
2688 5628 2900 5700 γράψαι
2918 5647 2930 5661 ’
2956 5632 3248 5701 ἘποΙεησά
3294 5656 3396 5707 μοι
3425 5639 3632 5706 οἴκους
3664 5620 3768 5695 ⁷καὶ

2175 5708 2602 5798 παραδείσους,
2628 5713 2722 5767 καὶ
2757 5718 2823 5769 τὰ
2850 5717 2977 5786 ἑξῆς
2999 5735 3011 5748 ·
3047 5721 3145 5775 καὶ
3179 5723 3309 5778 ἰδοὺ
3335 5725 3406 5778 τὰ
3425 5726 3629 5783 πάντα
3654 5746 3768 5798 μα-

2174 5796 2438 5883 ταιότης·
2469 5797 2565 5852 καὶ
2605 5798 2873 5869 ἐμίσησα
2898 5805 3222 5876 σύμπαντα
3245 5812 3478 5881 μόχθον
3501 5796 3667 5883 μου,
3695 5815 3770 5869 ὃν

2174 5881 2285 5952 ἐγὼ
2326 5884 2529 5954 μοχθῶ
2568 5888 2678 5941 ἰσπό
2714 5890 2818 5945 τὸν
2852 5892 3047 5961 ἥλιον.
3110 5898 3222 5949 υῦκ
3262 5895 3435 5967 εἶπεν,
3479 5881 3648 5973 Ὑπὲρ
3675 5904 3768 5958 τὴν
