4110 6148
281 394 351 452 is
656 356 677 393 "
1177 379 1267 436 os
1311 376 1463 434 \‘i'l‘A
1501 375 1557 430 s.
1598 365 1870 429 JOANNiS
1906 359 2391 421 Cttnvsosrom.
3489 364 3555 419 ιε

280 512 424 584 Quid
463 516 643 565 autem
688 513 740 560 et
770 497 1012 558 sollicitis
1046 491 1320 562 discipulis
1356 487 1619 584 invenitur
1659 478 1870 538 dicere?

284 577 359 661 de
400 600 557 666 cibis,
599 612 668 653 an
693 595 763 650 de
799 586 1066 648 lectione?
1115 583 1429 654 Operamini,
1467 577 1731 649 inquiens,
1775 588 1875 666 non

288 701 603 766 pereuntem,
627 687 716 742 sed
737 690 1109 755 permanentem
1129 678 1291 732 cibum
1315 675 1493 747 (Joan.
1517 670 1570 726 6.
1583 668 1695 766 ὴ).
1710 665 1878 766 -Dicat

288 760 456 859 igitur
487 797 610 839 cum
660 778 887 833 Domino
918 773 1206 844 praeclarus
1249 768 1515 824 Joannes:
1560 760 1876 859 Convivium

289 851 470 934 metuo
494 884 577 929 est
596 870 746 927 verbi
776 866 1016 923 doctrina
1041 871 1095 918 et
1119 858 1437 923 distributio,
1457 855 1510 909 in
1531 866 1690 925 quam
1717 851 1876 905 etiam

290 970 498 1025 electus
524 979 645 1019 sum
674 967 892 1033 propter
918 955 1095 1027 populi
1125 952 1368 1007 salutem.
1396 946 1579 1015 Neque
1607 943 1746 999 enim
1770 940 1878 1033 Deo

290 1060 448 1115 cibus
474 1068 572 1110 nos
598 1029 959 1114 commendat,
983 1059 1155 1113 neque
1179 1042 1224 1097 si
1250 1038 1609 1099 comedamus,
1637 1045 1810 1101 neque
1833 1029 1879 1083 si

295 1164 407 1204 non
445 1142 811 1206 comedamus,
856 1153 916 1192 ea
961 1145 1043 1191 est
1071 1134 1212 1188 enim
1255 1124 1585 1185 consuetudo
1621 1121 1877 1194 gentium,

296 1239 502 1296 mensis
542 1234 792 1303 decipere
832 1243 964 1301 quos
1012 1223 1387 1287 inescat-crint,
1425 1234 1545 1275 cum
1586 1212 1882 1272 rationibus

298 1327 627 1401 persuadere
646 1324 802 1378 aliter
829 1335 934 1374 non
968 1315 1255 1389 potuerint,
1285 1310 1573 1401 dicentium
1601 1323 1614 1360 :
1656 1303 1883 1401 Edamns

287 1396 642 1474 etoibamus,‘
666 1425 788 1463 cras
818 1408 956 1462 enim
989 1404 1276 1459 moriemur
1298 1400 1360 1472 (ί
1397 1399 1520 1455 Cor.
1557 1399 1645 1467 l5,
1679 1398 1793 1469 '52).
1824 1396 1884 1454 In

290 1519 444 1576 quos
473 1501 768 1574 Apostolus
808 1499 1079 1554 acriorem
1109 1494 1538 1564 increpationem
1583 1493 1884 1563 intorquet,

291 1596 493 1651 dicens
517 1613 530 1649 :
559 1592 643 1649 Ne
663 1591 972 1662 decipimini
991 1605 1010 1643 :
1033 1592 1378 1656 corrumpunt
1401 1601 1571 1640 mores
1601 1583 1763 1639 bonos
1784 1583 1890 1639 col-

296 1684 485 1753 toqnia
515 1698 681 1752 prava
712 1680 824 1751 (Ib.
856 1699 903 1737 υ.
941 1681 1046 1750 55)
1069 1697 1083 1734 :
1109 1677 1383 1747 colloquia
1408 1689 1576 1746 prava
1605 1674 1889 1746 appellans

296 1770 469 1825 verba
493 1785 613 1840 qua:
639 1768 787 1824 circa
812 1767 1081 1837 ejusmodi
1109 1781 1198 1821 res
1223 1770 1533 1820 versantur.

368 1855 500 1910 Cu.
531 1868 718 1909 xtn.—
732 1853 881 1907 Duc.
910 1850 1129 1907 Sincere
1154 1848 1366 1919 quidem
1393 1856 1450 1903 et
1478 1846 1727 1917 perdocte
1754 1845 1882 1901 huc-

295 1961 470 2017 usque
512 1946 720 2000 Iocutus
768 1959 856 2007 es,
898 1952 948 1997 et
976 1941 1047 1995 ita
1074 1956 1134 1995 se
1172 1953 1261 1995 res
1301 1938 1478 1993 habet.
1515 1935 1606 1991 Var
1627 1938 1757 1991 enim
1793 1936 1881 2006 qui

298 2040 427 2094 dicit
453 2036 604 2091 dulce
627 2052 877 2101 amarum,
900 2043 1196 2087 clamorum
1222 2030 1408 2086 dulce!
1435 2046 1510 2085 me
1529 2029 1616 2101 qui
1641 2029 1779 2097 ponit
1801 2028 1880 2082 lu-

292 2147 406 2186 cem
426 2128 676 2194 tenebras,
705 2136 752 2182 et
774 2126 1000 2180 tenebras
1025 2124 1183 2178 lucem
1210 2121 1363 2192 (1εαί.
1390 2121 1443 2176 5.
1466 2119 1558 2187 20)
1580 2121 1593 2173 ε
1615 2118 1719 2175 Sed
1740 2119 1881 2174 dicet

291 2220 418 2292 quis
447 2237 463 2275 :
497 2219 604 2274 Nec
630 2232 727 2272 nos
755 2215 980 2271 dicimus
1008 2215 1177 2284 ipsum
1206 2211 1464 2282 ejusmodi
1491 2209 1690 2265 mensis
1726 2208 1878 2264 dedi-

293 2325 413 2367 tum
442 2325 561 2366 esse
588 2309 804 2364 debere.
848 2305 1133 2361 immodica
1163 2304 1305 2359 enim
1341 2303 1431 2357 illa
1455 2299 1693 2371 profusio
1732 2299 1879 2353 volu-

291 2402 461 2473 ptatis
491 2401 700 2455 occasio
727 2409 828 2464 est,
847 2406 899 2453 et
924 2396 1082 2451 nimia
1112 2393 1432 2464 parcimonia
1459 2392 1696 2462 segnitia:
1721 2399 1775 2446 et
1803 2397 1881 2447 te-

290 2495 546 2550 nacitatis
569 2491 971 2546 demonstratio.
998 2488 1178 2544 Potuit
1197 2486 1338 2542 enim
1367 2493 1420 2541 et
1440 2485 1584 2540 solos
1603 2485 1880 2552 episcopos

291 2600 518 2650 vocare,
545 2593 600 2639 et
625 2598 691 2639 ex
724 2582 804 2635 his
833 2581 1121 2650 prmsertim
1148 2579 1506 2648 religiosiores
1530 2593 1541 2629 :
1565 2582 1619 2630 et
1642 2574 1686 2628 si
1703 2574 1878 2627 minus

292 2678 415 2742 hos,
452 2675 643 2729 saltem
670 2673 941 2743 proprium
967 2671 1167 2725 clerum
1192 2688 1204 2722 :
1232 2669 1445 2723 imitans
1489 2666 1762 2720 Dominum
1791 2680 1881 2719 ve-

290 2775 535 2822 scentem
563 2780 685 2820 cum
725 2761 1000 2817 duodecim
1027 2759 1298 2829 apostolis.
1331 2758 1501 2812 Ense.
1538 2754 1701 2810 Valde
1745 2769 1877 2811 con-

290 2867 550 2912 sentanea
595 2851 945 2923 reSpondisti,
979 2850 1254 2905 hominum
1285 2848 1665 2903 vcracissime:
1709 2844 1876 2916 siqui-

292 2949 418 3004 dem
452 2948 591 3019 passi
624 2945 850 3002 l‘uissent
873 2945 1051 3001 clerici
1095 2959 1215 2998 cum
1241 2942 1445 2998 Joanne
1473 2941 1762 3012 prandere,
1786 2941 1877 3010 qui

293 3049 416 3109 post
442 3037 631 3092 harant
662 3046 715 3092 et
750 3045 868 3106 post
907 3035 1047 3089 diem
1078 3034 1340 3089 interdum
1370 3032 1592 3096 edebat;
1627 3030 1723 3097 ipsi
1752 3044 1876 3084 vero

293 3129 467 3184 multo
507 3141 629 3182 cum
672 3133 924 3195 apparatu
957 3133 1129 3178 tantas
1174 3123 1357 3193 epulas
1394 3136 1552 3192 quam
1600 3120 1876 3175 celerrime

290 3219 657 3274 sectabantur.
713 3216 1012 3271 Absurdum
1060 3223 1174 3270 erat
1213 3213 1361 3267 cibos
1412 3211 1741 3265 inﬁrmorum
1787 3219 1878 3265 aut

290 3325 590 3383 pauperum
634 3324 840 3374 eorum,
867 3308 952 3378 qui
982 3308 1096 3361 sani
1140 3315 1288 3359 erant
1315 3301 1731 3371 intemperantia:
1773 3300 1874 3354 im-

289 3406 551 3473 pendere.
585 3400 838 3468 Quaenam
883 3412 1040 3468 porro
1070 3397 1153 3452 lex
1180 3396 1269 3450 illa
1315 3402 1416 3459 est,
1448 3391 1734 3461 discipulos
1761 3405 1874 3445 ma-

288 3493 461 3562 gistro
486 3490 798 3560 praecipere,
828 3488 894 3542 ab
938 3487 1157 3542 inﬁrmis
1181 3486 1355 3541 curari
1384 3483 1672 3549 medicum,
1715 3491 1805 3538 aut
1841 3496 1873 3536 a

288 3583 602 3640 vectoribus
627 3582 737 3652 regi
766 3578 1205 3652 gubernatorem?
1230 3593 1351 3633 cum
1383 3576 1620 3632 medicus
1663 3589 1876 3644 semper

289 3686 446 3731 curet
494 3674 755 3737 iniit-mos,
783 3684 835 3727 et
873 3681 1170 3743 prmceptor
1196 3671 1426 3740 corrigat
1469 3668 1791 3736 discipulos,
1821 3675 1877 3721 et

292 3769 448 3824 navis
491 3767 817 3837 gubernator
854 3763 994 3834 quod
1042 3764 1167 3817 utile
1216 3771 1299 3818 est
1343 3760 1707 3831 navigantibus
1746 3772 1870 3828 pro-

287 3868 462 3916 curet.
492 3859 560 3914 Et
585 3859 792 3912 medico
815 3856 1026 3927 quidem
1057 3863 1214 3923 atque
1237 3851 1572 3925 gubernatori
1602 3850 1875 3920 obtempe-

288 3960 496 4015 rantes,
524 3951 612 4019 qui
640 3948 740 4001 sub
764 3947 868 4001 iilis
893 3954 1036 4011 sunt,
1064 3946 1187 3998 vitae
1210 3957 1368 3998 causa
1394 3941 1633 3996 dolorem
1659 3954 1871 3995 omnem

287 4056 352 4096 ac
376 4038 681 4093 molestiam
722 4036 964 4100 fuerunt,
992 4048 1214 4105 quorum
1257 4041 1308 4089 et
1337 4038 1612 4088 successus
1642 4029 1874 4085 incertus

286 4140 371 4187 est
403 4148 418 4186 :
447 4137 504 4184 at
541 4142 667 4182 vero
714 4127 967 4181 adversus
1001 4134 1378 4194 prmceptorem
1415 4135 1595 4177 rerum
1641 4119 1870 4190 optima-

294 4236 416 4278 rum
448 4261 465 4287 ,
522 4218 613 4289 qui
669 4217 884 4272 morbos
935 4226 990 4272 et
1047 4214 1381 4269 inﬁrmitates
1437 4212 1649 4281 abigere
1703 4209 1873 4265 solers

287 4324 407 4377 est,
478 4320 535 4366 et
591 4310 921 4378 voluptatum
983 4308 1306 4362 decutnanos
1371 4305 1561 4360 ﬂuctus
1618 4316 1872 4373 superare

287 4402 634 4466 exercitatus,
680 4399 954 4454 cﬂ'rtcnato
1002 4399 1085 4452 isti
1131 4413 1224 4452 ore
1268 4398 1563 4467 insurgunt,
1610 4396 1786 4461 illatis,
1818 4404 1873 4448 ut

287 4495 460 4556 aiunt,
512 4492 736 4561 pedibus
773 4492 949 4546 omnia
995 4490 1300 4546 miscentes.
1354 4489 1464 4544 Etsi
1507 4490 1646 4545 enim
1696 4489 1787 4543 ille
1813 4503 1872 4544 se

290 4585 494 4639 mensis
519 4582 854 4645 devovisset,
884 4596 949 4635 an
990 4589 1066 4636 tot
1092 4580 1483 4649 magistratibus
1520 4588 1574 4635 et
1601 4579 1870 4634 honoratis

288 4678 539 4733 sui'iicerc
583 4684 810 4747 poterat,
859 4685 964 4729 tam
1008 4689 1249 4744 magnam
1293 4674 1558 4728 civitatem
1606 4672 1867 4739 habitans,

290 4768 516 4840 singulis
544 4777 637 4822 aut
681 4776 895 4836 prapter
922 4765 1368 4827 benedictionem,
1401 4774 1493 4817 aut
1542 4772 1756 4833 prapter
1787 4762 1869 4815 in-

287 4862 485 4933 cpiam.
510 4869 603 4913 aut
632 4867 847 4929 propter
869 4860 1066 4930 gulam,
1094 4857 1232 4928 apud
1263 4857 1407 4912 illum
1431 4858 1571 4911 vesci
1593 4855 1868 4925 postulan-

290 4950 468 5003 tibus?
514 4948 615 5004 Ubi
665 4936 841 5002 a‘utem
886 4948 1058 5003 locum
1110 4947 1381 5001 habuisset
1428 4946 1517 5002 Dei
1573 4945 1866 5011 meditatio,

287 5042 471 5113 populi
503 5042 827 5109 procuratio,
875 5040 1093 5095 scientia
1121 5040 1533 5110 Scripturarum,
1568 5038 1871 5093 sollicitudo

286 5134 592 5197 viduarum,
636 5135 899 5206 virginum
948 5134 1218 5198 solatium,
1276 5133 1604 5187 iniirmorum
1645 5133 1867 5196 curatio,

286 5225 610 5281 afﬂictarum
641 5226 917 5291 auxilium,
949 5226 1238 5280 errantium
1288 5224 1588 5289 conversio,
1615 5224 1844 5277 contrito

286 5330 404 5373 rum
456 5333 616 5379 cura,
676 5333 892 5372 carcere
917 5317 1253 5372 detentorum
1302 5315 1567 5371 visitatio?
1603 5312 1868 5371 Cmterum

286 5407 557 5479 quomodo
585 5407 854 5478 eﬂ‘ugisset
897 5407 1355 5478 expmbratoriam
1397 5406 1539 5460 illam
1582 5405 1672 5460 Dei
1706 5406 1871 5460 maie-

288 5499 604 5564 dietionem,
628 5514 731 5570 qua
762 5499 1048 5568 exprobrat
1092 5498 1230 5567 apud
1258 5496 1589 5553 Ezechielem
1615 5512 1630 5548 :
1664 5494 1752 5550 Va:
1776 5512 1869 5564 pa-

286 5593 503 5647 storibus
527 5633 543 5656 ,
589 5593 676 5660 qui
725 5592 918 5661 seipsos
971 5599 1221 5661 pascunt,
1266 5600 1312 5645 et
1356 5606 1470 5644 oves
1514 5605 1615 5643 non
1661 5600 1871 5660 pascunt

286 5684 503 5756 (Ezech.
533 5685 627 5741 ει.
655 5683 754 5756 2)?
791 5684 920 5750 Qtnc
949 5693 1219 5740 erraverat
1263 5699 1367 5740 non
1398 5682 1704 5750 reduxistis,
1753 5697 1870 5753 qua:

285 5778 518 5847 perierat
574 5792 681 5832 non
729 5775 1058 5846 requisistis,
1109 5775 1374 5833 inﬁrmum
1426 5792 1531 5834 non
1584 5776 1863 5847 visitastis,

1980 475 2267 531 contritum
2307 488 2413 530 non
2436 471 2739 544 obligatis,
2771 483 2826 531 et
2869 491 3005 542 quis.
3026 476 3233 548 pinguis
3261 485 3408 536 erat.
3437 493 3556 532 ma-

1981 572 2189 621 ctautes
2215 562 2539 621 comedistis.
2561 563 2635 621 De
2657 564 2852 637 quibus
2875 564 3004 622 dicit
3026 565 3220 622 Paulus
3253 565 3563 627 :Sustinetts

1975 659 2117 712 enim
2131 659 2179 713 si
2192 659 2309 730 quis
2325 676 2414 715 eos
2435 663 2489 716 in
2512 664 2814 719 servitutem
2835 665 3046 737 redigit,
3064 668 3111 722 si
3123 670 3240 739 quis
3256 670 3493 738 devorat,
3512 676 3561 730 si

1979 752 2098 821 quis
2121 752 2314 819 accipit
2339 752 2394 824 (2
2450 751 2575 810 Cor.
2603 755 2692 819 ll,
2719 754 2831 828 20)
2855 775 2869 811 :
2899 766 2953 813 et
2972 759 3114 815 lanis
3136 760 3354 829 quidem
3381 763 3557 818 induti

1981 844 2138 910 estis,
2154 859 2285 900 oves
2301 855 2483 901 autem
2501 861 2608 902 non
2625 849 2871 918 pascitis.
2889 848 2955 904 Et
2971 850 3026 905 in
3039 849 3272 907 Jeremia
3294 854 3363 909 de
3383 854 3556 925 pigris

1979 933 2293 1002 pastoribus
2315 935 2446 991 dicit
2469 955 2482 991 :
2511 935 2763 992 Pastares
2796 937 2951 994 multi
2973 952 3322 1010 corruperunt
3350 946 3556 1000 vineam

1980 1024 2112 1079 mihi
2128 1024 2262 1097 (Jer.
2284 1028 2371 1090 12.
2394 1029 2461 1083 lli
2478 1028 2517 1100 ).
2535 1028 2623 1083 Ait
2642 1028 2795 1086 Duc.
2817 1030 3037 1086 Poterat
3054 1047 3151 1088 eos
3171 1049 3390 1104 quoque
3410 1046 3561 1091 certo

1981 1127 2224 1189 tempore
2242 1134 2458 1186 curare,
2478 1129 2531 1175 et
2545 1121 3045 1178 ecclesiasticarum
3064 1138 3245 1178 rerum
3262 1138 3449 1178 curam
3470 1124 3561 1180 hs.

1983 1205 2141 1269 here,
2166 1222 2237 1262 ne
2263 1208 2318 1262 in
2335 1222 2403 1263 eo
2424 1210 2564 1263 male
2587 1210 2778 1265 audire
2809 1210 3106 1273 videretur,
3135 1212 3227 1280 qui
3260 1213 3314 1266 in
3343 1213 3557 1271 ca-teris

1982 1309 2214 1366 magnus
2231 1304 2370 1351 erat.
2387 1296 2562 1355 EPISC.
2579 1296 2693 1352 lloc
2708 1314 2902 1369 nempe
2918 1307 3023 1366 est,
3036 1299 3181 1369 quod
3203 1300 3256 1354 in
3271 1300 3558 1356 sacerdote

1983 1388 2299 1459 requiritur,
2317 1387 2503 1445 videre
2523 1407 2592 1445 ne
2610 1392 2750 1445 male
2768 1390 2976 1456 audiat,
2996 1407 3089 1447 seu
3106 1392 3285 1462 potius
3306 1399 3367 1446 ut
3385 1393 3557 1463 largi-

1981 1486 2064 1534 ter
2079 1494 2387 1535 sermonem
2400 1480 2656 1550 praabeat,
2675 1498 2806 1538 cura
2815 1485 3091 1551 m,zelum,
3108 1496 3269 1556 atque
3284 1485 3555 1556 reliquum

1983 1570 2366 1629 sacerdotalem
2396 1574 2664 1632 allectum.
2689 1578 2768 1633 An
2801 1578 3031 1649 ignoras,
3061 1584 3361 1639 venerande
3385 1584 3561 1641 Theo-

1984 1660 2133 1727 dore,
2170 1664 2366 1734 injuste
2403 1668 2684 1723 maledicto
2707 1669 3087 1728 beatitudinem
3118 1688 3147 1727 a
3179 1675 3403 1729 Domino
3426 1676 3559 1732 deii-

1981 1750 2172 1815 ititam.
2197 1757 2285 1827 qui
2309 1772 2429 1813 cum
2455 1760 2572 1814 aliis
2598 1760 3053 1819 benedictionibus
3069 1765 3197 1819 dixit
3220 1764 3394 1821 :Beati
3417 1769 3556 1836 estis,

1984 1860 2097 1898 cum
2124 1848 2260 1900 vobis
2283 1851 2718 1919 exprobrem-int,
2743 1862 2788 1907 et
2817 1853 3035 1910 dixerint
3060 1873 3207 1911 omne
3234 1859 3555 1915 maledictum

1984 1938 2222 1991 adrersus
2236 1939 2542 2008 vos(Matth.
2560 1944 2645 1997 ΒΑ
2658 1945 2678 1996 l
2691 1945 2731 2013 ).
2750 1942 2841 1998 γω
2850 1956 3016 1999 autem
3032 1948 3186 2015 vobis,
3202 1953 3404 2018 quando
3423 1953 3559 2008 vobis

1986 2028 2323 2085 benedixerint
2358 2047 2529 2087 omnes
2555 2033 2819 2090 homines:
2844 2038 3116 2092 secundum
3155 2041 3284 2093 enim
3314 2058 3373 2096 ea
3397 2044 3557 2113 [acie-

1985 2121 2103 2174 bant
2131 2124 2388 2191 prophetis
2417 2133 2585 2194 patres
2624 2141 2800 2179 eorum
2842 2126 2993 2197 (Luc.
3024 2129 3074 2184 6.
3111 2128 3228 2201 26).
3269 2131 3553 2198 Quomodo

1984 2222 2161 2267 autem
2187 2227 2248 2267 os
2278 2214 2331 2268 in
2356 2213 2549 2270 divinis
2578 2216 2804 2286 eloquiis
2827 2220 3194 2284 exercitatum,
3228 2231 3281 2278 et
3306 2225 3451 2279 auris
3479 2224 3560 2281 di-

1983 2302 2104 2357 vina
2134 2304 2346 2358 oracula
2380 2304 2564 2361 audire
2589 2317 2820 2372 assueta,
2848 2324 3047 2365 mensa:
3075 2310 3445 2383 loquacitatem
3476 2326 3557 2372 to-

1985 2393 2226 2461 ierassct,
2262 2395 2487 2450 Domino
2514 2396 2721 2453 dicente
2745 2417 2759 2454 :
2796 2397 2960 2454 Nemo
2986 2411 3146 2470 potest
3176 2404 3370 2459 duobus
3392 2404 3556 2461 domi.

1983 2485 2063 2538 nis
2102 2486 2319 2551 servire;
2345 2487 2572 2553 deinde,
2619 2491 2737 2545 Non
2767 2495 2968 2560 potestis
3004 2493 3111 2549 Deo
3153 2498 3335 2552 servire
3362 2508 3409 2553 et
3445 2516 3557 2555 ma-

1982 2592 2146 2631 monte
2194 2577 2407 2647 (Matth.
2454 2579 2508 2634 6.
2558 2579 2693 2651 24)?
2739 2582 3053 2648 Qua‘ramus
3106 2585 3264 2656 igitur
3309 2589 3432 2658 quid
3488 2591 3560 2646 sit

1983 2682 2261 2733 tnamona,
2293 2684 2359 2724 ne
2387 2668 2521 2725 forte
2566 2672 2898 2728 inveniamur
2940 2690 3047 2730 non
3078 2676 3285 2733 duobus
3329 2678 3559 2734 dominis

1982 2758 2215 2824 servire,
2270 2758 2363 2815 sed
2406 2761 2504 2815 soli
2551 2777 2831 2818 mamonaz.
2883 2763 3181 2822 Mamonam
3233 2772 3376 2825 enim
3420 2786 3561 2828 nunc

1986 2867 2093 2907 non
2121 2851 2391 2907 diabolum
2427 2853 2577 2920 dicit,
2609 2854 2703 2910 sed
2730 2857 2912 2912 mundi
2964 2858 3120 2928 hujus
3162 2861 3370 2917 inanem
3414 2864 3560 2920 labo-

1981 2961 2114 3009 rem,
2147 2961 2176 2999 a
2202 2962 2310 3016 quo
2354 2946 2650 3018 discipulos
2687 2963 2814 3005 suos
2854 2950 3067 3007 divinus
3107 2968 3283 3008 sermo
3316 2955 3553 3013 abduxit.

1981 3040 2131 3095 Duc.
2171 3040 2339 3107 Redi,
2367 3056 2400 3094 o
2426 3043 2782 3097 sacratissime
2811 3041 2987 3107 Pater,
3016 3046 3082 3100 ad
3124 3047 3417 3103 narrandas
3464 3064 3555 3106 res

1979 3140 2219 3197 cmteras,
2247 3132 2372 3188 dum
2400 3147 2699 3188 sermonem
2730 3132 2877 3188 illum
2905 3134 2970 3190 de
3001 3151 3180 3191 mensa
3211 3138 3422 3194 abunde
3444 3139 3554 3207 jam

1979 3223 2404 3282 demonstraris:
2439 3238 2608 3295 neque
2652 3224 2792 3280 feras
2843 3227 3105 3295 graviter,
3134 3228 3273 3297 quod
3314 3244 3373 3283 ea
3405 3231 3554 3298 objcv

1968 3313 2179 3379 ‘cerim;
2222 3314 2371 3382 plura
2414 3313 2555 3368 enim
2605 3313 2744 3369 scire
2787 3314 3031 3383 cupidus,
3064 3316 3406 3385 multiplicem
3461 3317 3560 3372 do-

1981 3407 2206 3461 ctrinam
2253 3415 2394 3461 tuam
2423 3406 2722 3463 accuratius
2770 3407 3178 3471 interrogabam.
3225 3408 3399 3463 EPISC.
3443 3407 3556 3463 lloc

1981 3495 2071 3550 tibi
2099 3510 2128 3549 a
2155 3510 2240 3550 me
2266 3496 2461 3551 clarius
2484 3496 2684 3552 dictum
2722 3497 2826 3564 sit,
2855 3496 3136 3552 Theodore
3162 3497 3552 3553 studiosissime

1979 3591 2118 3660 (ipse
2146 3588 2286 3644 enim
2334 3604 2470 3644 unus
2502 3589 2572 3644 fui
2623 3605 2686 3645 ex
2717 3589 2781 3645 iis
2809 3590 2897 3660 qui
2947 3603 3251 3644 mensarum
3298 3599 3555 3661 apparatu

1979 3681 2299 3736 multitudini
2330 3680 2540 3751 placere
2564 3680 2833 3751 student),
2863 3680 2983 3749 quia
3010 3680 3313 3751 episcopus,
3347 3697 3552 3752 magna:

1979 3772 2272 3841 prmsertim
2299 3772 2466 3837 urbis,
2489 3772 2578 3840 qui
2604 3756 2860 3826 derelicto
2885 3771 3029 3826 verbi
3060 3771 3376 3839 ministerio,
3399 3779 3555 3829 nocte

1979 3861 2169 3930 dieque
2196 3861 2325 3930 legis
2355 3859 2561 3915 tabulas
2590 3861 2641 3914 in
2670 3861 2913 3915 manibus
2954 3876 3059 3915 non
3103 3860 3335 3928 habens,
3370 3876 3552 3916 curam

1977 3967 2269 4022 pauperum
2298 3964 2404 4006 non
2433 3966 2532 4021 per
2566 3966 2643 4016 se,
2671 3951 2765 4007 sed
2808 3967 2902 4022 per
2926 3954 3059 4008 alios
3085 3953 3241 4023 gerit,
3273 3955 3426 4025 longe
3454 3955 3556 4010 erit

1976 4042 2132 4096 abiis
2156 4043 2245 4112 qui
2288 4042 2580 4098 dixerunt:
2610 4039 2744 4097 Ecce
2785 4041 3140 4114 dereliquimus
3178 4045 3363 4107 omnia,
3390 4052 3435 4097 et
3470 4059 3552 4099 se-

1976 4136 2121 4206 quuti
2135 4151 2310 4189 sumus
2326 4143 2403 4188 te:
2427 4134 2550 4205 quid
2569 4151 2687 4205 ergo
2710 4134 2804 4188 erit
2819 4134 2870 4188 in
2897 4135 3037 4189 nobis
3059 4134 3075 4193 (
3096 4133 3277 4189 Matth.
3305 4134 3389 4195 19,
3405 4132 3555 4206 27)?

1976 4226 2401 4282 annumerandus
2442 4227 2506 4281 iis
2545 4228 2632 4296 qui
2673 4227 2958 4282 dixerunt:
3004 4225 3247 4295 Domine,
3291 4242 3456 4281 nonne
3501 4227 3553 4280 in

1978 4317 2177 4371 nomine
2206 4325 2290 4370 tuo
2317 4317 2423 4370 Itch
2448 4327 2491 4369 et
2509 4315 2599 4370 illa
2636 4317 2890 4385 fecimus?
2914 4315 3187 4370 auditurus
3217 4332 3333 4372 cum
3376 4317 3503 4386 ipsis
3534 4332 3553 4368 :

1980 4407 2233 4463 Discedite
2283 4424 2313 4459 α
2368 4424 2477 4473 me;
2522 4408 2776 4462 maledicti
2805 4424 2823 4461 :
2874 4409 3037 4461 ncscio
3089 4425 3209 4471 ros,
3259 4408 3392 4463 unde
3438 4410 3554 4465 estis

1981 4501 1998 4574 (
2028 4499 2151 4554 Luc.
2185 4500 2269 4554 i3.
2300 4498 2368 4552 Ἦ
2398 4495 2463 4570 )?
2491 4497 2605 4552 Non
2647 4498 2786 4552 enim
2818 4496 3000 4550 Oratio
3042 4499 3282 4567 agnoscit
3328 4499 3548 4553 rationis

1977 4602 2223 4662 expertes
2250 4591 2523 4660 operarios
2553 4608 2566 4645 :
2602 4605 2762 4658 purus
2804 4588 2944 4643 enim
2995 4589 3089 4656 ipsi
3120 4598 3202 4642 est
3244 4588 3448 4651 oculus,
3482 4605 3549 4644 ne

1977 4684 2149 4738 videat
2177 4683 2335 4737 mala.
2366 4681 2511 4736 Multi
2546 4681 2686 4736 enim
2724 4695 2788 4733 ex
2816 4679 2881 4734 iis
2907 4678 2991 4749 qui
3025 4678 3273 4733 dicuntur
3292 4680 3549 4749 episcopi,

1971 4774 2170 4845 justum
2200 4774 2278 4826 sui
2309 4772 2486 4826 odium
2527 4785 2632 4841 quo
2678 4778 2892 4839 propter
2914 4769 3156 4839 proprios
3202 4783 3378 4823 mores
3409 4768 3555 4825 labo-

1976 4873 2117 4929 rant,
2149 4873 2203 4918 et
2232 4861 2548 4932 Spiritalium
2581 4861 2835 4916 incuriam
2864 4861 3166 4916 rescindere
3191 4861 3317 4916 dum
3344 4860 3550 4929 volunt,

1978 4956 2165 5010 vitium
2210 4955 2339 5007 vitio
2381 4963 2704 5024 permutant,
2748 4951 3023 5007 avaritiam
3052 4953 3304 5007 vanitate.
3358 4951 3424 5007 Et
3447 4967 3547 5007 una

1976 5049 2188 5120 quidem
2216 5063 2373 5101 manu
2398 5047 2541 5118 large
2567 5057 2848 5117 peccantes
2867 5045 2931 5099 ad
2953 5054 3105 5116 turpe
3132 5044 3358 5104 luctum.
3388 5044 3552 5099 altera

1975 5155 2101 5196 vero
2125 5152 2337 5195 mensas
2362 5147 2753 5203 construentes,
2787 5146 2842 5192 et
2869 5136 3176 5192 sublimium
3207 5135 3550 5192 a-diiiciorum

1975 5232 2248 5287 columnas
2277 5225 2542 5300 erigentes
2561 5271 2576 5296 ,
2604 5237 2659 5283 ut
2684 5245 2749 5284 ex
2794 5227 2878 5283 bis
2905 5229 3032 5283 boni
3063 5236 3116 5283 et
3155 5227 3397 5282 industrii
3427 5240 3549 5284 esse

1976 5323 2274 5388 videantur,
2304 5321 2643 5393 ignominiam
2694 5335 2790 5390 pro
2822 5319 3023 5374 honore
3047 5320 3321 5389 colligunt,
3364 5317 3552 5374 Eccle-

1976 5413 2153 5469 siasta:
2196 5412 2557 5476 immemores,
2580 5396 2667 5480 qui
2695 5419 2749 5464 et
2789 5409 2887 5462 ista
2917 5418 3309 5475 construxerat,
3343 5415 3397 5462 ct
3423 5407 3547 5463 odio

1979 5504 2183 5570 habuit,
2237 5513 2396 5572 atque
2445 5504 2566 5556 talia
2609 5501 2890 5556 manifeste
2916 5501 3101 5565 vetuit,
3131 5514 3252 5554 cum
3292 5500 3549 5569 scripsit:

1924 5571 2101 5649 ’νεά
2127 5595 2250 5648 mihi
2282 5571 2456 5647 domos
2480 5602 2525 5647 et
2555 5592 2743 5654 hortos,
2774 5602 2828 5646 et
2872 5601 3065 5648 caetera
3103 5608 3116 5645 :
3153 5602 3202 5645 et
3226 5607 3340 5645 ecce
3382 5588 3551 5642 onmia

1976 5686 2199 5751 vanitas,
2230 5694 2277 5739 et
2301 5684 2386 5738 odi
2416 5698 2612 5737 omnem
2650 5682 2870 5736 laborem
2898 5697 3093 5748 meum,
3119 5697 3217 5749 quo
3245 5696 3335 5744 eqo
3378 5679 3564 5731 laboro

1982 5776 2071 5831 sub
2092 5775 2195 5831 sole
2217 5772 2409 5848 (Ecclc.
2432 5770 2487 5827 2.
2512 5772 2562 5828 5.
2594 5771 2677 5828 ll.
2709 5770 2821 5842 l7).
2846 5770 2959 5827 Non
2986 5771 3137 5838 dixit,
3164 5773 3337 5838 Super
3355 5765 3546 5829 solem,
