4110 6148
577 355 648 410 Π
1830 343 2140 403 PALLADII
2181 345 2288 400 DIA
2297 343 2517 402 LOGUS
3773 352 3849 406 ut

578 481 648 518 ne
673 462 1056 518 intellectuales
1103 460 1316 514 labores
1356 456 1546 526 injuria
1592 457 1850 513 afﬁceret.
1883 455 2008 512 Haec
2053 471 2152 512 au-

579 564 684 608 tem
713 553 854 618 dico,
877 565 982 605 non
1007 548 1468 620 comprehenderis
1487 562 1601 613 eos,
1627 547 1718 618 qui
1739 547 1879 618 justa
1903 547 1971 602 de
1992 562 2151 602 causa

575 655 631 701 ct
675 643 996 698 necessitate
1039 642 1298 698 ecclesias
1337 640 1575 697 condunt
1615 651 1705 696 aut
1747 641 2020 706 reﬁciunt;
2057 640 2148 696 sed

575 737 786 790 illorum
833 750 1012 800 causa,
1045 735 1134 804 qui
1170 735 1309 790 bona
1351 749 1640 804 pauperum
1673 735 1724 788 in
1775 734 1994 802 pensilia
2038 747 2152 786 am-

575 825 809 892 bulacra,
825 835 880 882 et
903 826 1164 880 aeriarum
1183 840 1437 894 aquarum
1462 824 1788 894 receptacula
1815 824 1865 877 in
1883 823 2052 878 tertiis
2070 833 2150 875 ta~

575 917 786 981 bulatis,
815 927 870 972 et
899 917 1144 971 indecora
1171 916 1594 972 effeminatorum
1639 915 1909 970 hominum
1939 915 2147 968 lavacra

576 1007 629 1062 in
677 1007 810 1062 locis
857 1007 1080 1062 occultis
1121 1016 1462 1074 consumunt,
1498 1015 1605 1061 tum
1657 1015 1714 1060 ut
1754 1006 1868 1075 plus
1909 1005 2149 1075 pecunia:

573 1097 879 1161 corradant,
912 1106 1020 1152 tum
1050 1105 1108 1152 ut
1141 1107 1386 1152 amentur
1435 1113 1463 1150 a
1512 1100 1710 1152 scurris
1737 1105 1791 1151 et
1833 1095 2028 1161 mimis,
2059 1095 2147 1164 qui

573 1201 676 1255 pro
717 1186 892 1243 studio
924 1187 1060 1242 hanc
1101 1203 1257 1241 unam
1301 1187 1604 1242 mercedem
1658 1186 1974 1256 rependunt,
2008 1185 2147 1254 quod

577 1280 758 1334 omnia
804 1280 871 1334 ad
916 1281 1240 1349 voluptatem
1283 1279 1555 1349 indulgent
1586 1279 1946 1348 peccantibus.
1996 1277 2150 1332 Absit

573 1377 753 1426 autem
783 1386 812 1425 a
839 1387 945 1434 me,
975 1373 1057 1424 vir
1083 1372 1255 1441 magni
1284 1372 1512 1445 nominis
1539 1370 1836 1434 Theodore,
1865 1377 1922 1422 ut
1949 1370 2146 1437 impro-

573 1460 657 1516 bis
677 1475 923 1532 umquam
948 1462 1182 1531 placeam
1205 1479 1217 1516 :
1243 1479 1347 1516 non
1369 1463 1510 1516 enim
1529 1461 1741 1516 aliunde
1762 1461 1889 1530 ipsis
1906 1459 2144 1529 placebo,

572 1568 731 1621 quam
757 1568 822 1608 ex
850 1554 912 1606 iis
942 1570 1060 1623 qua:
1094 1552 1308 1608 Christo
1340 1568 1446 1607 non
1476 1554 1708 1623 placent.
1745 1553 1894 1606 Duc.
1924 1551 2002 1606 Ad
2035 1551 2146 1606 haec

573 1645 796 1702 miratus
842 1645 1156 1700 Theodorus
1199 1646 1562 1716 interrogavit,
1594 1646 1816 1700 dicens:
1855 1645 1985 1700 Cum
2033 1644 2145 1699 hate

575 1739 645 1790 ita
675 1752 740 1791 ex
783 1746 970 1791 natura
995 1737 1134 1792 dicta
1151 1738 1305 1814 sint,
1339 1747 1391 1792 et
1437 1738 1611 1791 nullus
1640 1735 2038 1791 contradicendi
2077 1735 2148 1789 sit

573 1827 742 1892 locus,
760 1827 802 1881 si
819 1827 944 1897 quid
971 1828 1106 1882 nosti
1132 1828 1198 1882 de
1224 1828 1285 1881 iis
1305 1845 1422 1897 qua:
1441 1829 1490 1882 iu
1511 1829 1633 1882 Asia
1650 1843 1678 1880 a
1695 1829 1750 1882 S.
1779 1827 1980 1882 Joanne
1997 1837 2144 1896 gesta

570 1924 716 1982 sunt,
740 1916 808 1971 de
834 1933 937 1985 quo
983 1933 1121 1971 nunc
1150 1917 1303 1971 nobis
1341 1932 1516 1971 sermo
1554 1925 1654 1982 est,
1697 1917 1972 1971 nobiscum
2001 1931 2146 1969 com-

569 2004 796 2056 munica.
824 2005 996 2059 Ertsc.
1031 2005 1093 2058 Et
1120 2006 1336 2058 omnino
1363 2005 1595 2073 quidem.
1623 2005 1772 2060 Duc.
1801 2007 1879 2058 An
1912 2018 2145 2074 przesens

568 2093 799 2148 novisti?
823 2109 889 2148 an
935 2094 1002 2148 ab
1031 2096 1136 2148 alio
1168 2096 1455 2164 accepisti?
1486 2096 1657 2150 Ertsc.
1686 2094 1793 2151 Sed
1823 2111 1890 2150 ne
1928 2095 2146 2149 minima

566 2183 779 2252 quidem
809 2193 956 2254 parte
977 2184 1063 2239 isti
1089 2185 1290 2254 judicio
1317 2184 1479 2239 defui.
1510 2186 1657 2240 Duc.
1700 2185 1953 2253 Quaenam
1986 2185 2145 2256 igitur

567 2274 888 2343 subscquuta
911 2285 1054 2341 sunt,
1088 2292 1312 2346 quemve
1339 2276 1498 2331 ﬁnem
1539 2285 1886 2345 acceperunt,
1927 2285 1980 2331 et
2005 2275 2145 2330 unde

571 2364 879 2433 principium
908 2365 1565 2437 habuerunt,-singillatim
1594 2366 1722 2420 mihi
1756 2365 1952 2420 exhibe
1979 2381 1994 2420 :
2021 2366 2144 2436 quia

566 2453 889 2524 TheOphilus
916 2459 1266 2513 temeritatem
1289 2473 1439 2512 suam
1467 2460 1694 2512 maxime
1725 2457 2006 2513 honestare
2033 2459 2146 2514 sive

566 2547 778 2615 operire
817 2548 1022 2613 volens,
1071 2549 1123 2601 in
1158 2547 1337 2602 libello
1381 2563 1479 2601 suo
1509 2549 1602 2614 ait,
1633 2548 1842 2602 beatum
1881 2547 2141 2603 Joannem

566 2635 872 2690 dominandi
918 2637 1134 2691 libidine
1179 2646 1478 2705 permotum
1501 2637 1587 2692 die
1612 2654 1712 2691 una
1735 2637 2001 2692 sexdecim
2031 2639 2143 2708 epi-

566 2742 758 2797 scopos
795 2727 1125 2796 deposuisse,
1154 2738 1208 2783 et
1249 2744 1396 2794 suos,
1428 2730 1544 2784 loco
1580 2730 1818 2795 illorum,
1846 2730 2140 2786 ordinasse.

568 2819 741 2875 Ertsc.
764 2819 906 2874 Nihil
921 2835 950 2873 a
976 2821 1084 2874 suis
1106 2820 1342 2876 moribus
1367 2822 1596 2876 alienmn
1623 2823 1745 2878 fecit
1762 2822 2012 2876 mirificus
2030 2823 2140 2887 ille,

565 2919 619 2962 et
647 2925 768 2964 cum
795 2920 978 2965 contra
999 2911 1256 2967 Joannem
1280 2913 1509 2981 scripsit,
1540 2920 1594 2968 et
1618 2929 1736 2968 cum
1757 2912 1883 2967 falsa
1911 2912 2140 2982 scripsit.

567 2999 646 3054 Ex
697 3001 888 3070 quibus
932 3003 1075 3056 enim
1121 3003 1502 3057 absconsurum
1546 3020 1604 3058 se
1660 3013 1806 3073 putat
1847 3001 2141 3059 fmditatem

568 3106 740 3154 suam,
770 3107 836 3145 ex
867 3091 1051 3145 iisdem
1085 3092 1224 3145 illam
1251 3093 1418 3161 magis
1448 3091 1695 3157 traducit,
1727 3093 1811 3147 vel
1835 3093 2033 3145 invitus
2057 3091 2142 3145 in-

565 3180 864 3233 nocentiam
885 3179 1125 3246 Joannis,
1156 3197 1304 3236 more
1335 3181 1586 3248 Balaami,
1615 3198 1895 3237 exornans.
1921 3181 1973 3237 Si
2000 3182 2140 3236 enim

491 3268 493 3271 ’
565 3287 686 3326 eum
716 3271 1056 3341 deposuerat,
1091 3289 1197 3328 non
1226 3289 1360 3344 Opus
1388 3282 1501 3330 erat
1537 3275 1754 3344 scripto,
1783 3291 1888 3330 non
1917 3275 2136 3340 exsilio,

560 3378 679 3416 eum
703 3361 964 3431 depositio
990 3365 1101 3432 ipsa
1123 3364 1352 3419 sufﬁciat
1372 3365 1438 3419 ad
1461 3364 1823 3420 confusionem
1846 3381 2031 3421 eorum
2053 3365 2142 3435 qui

563 3451 933 3521 deponuntur;
961 3453 1054 3508 sed
1079 3455 1328 3521 quoniam
1377 3455 1569 3525 deponi
1601 3471 1706 3510 non
1752 3465 1925 3525 potest
1952 3457 2142 3512 virtute

564 3542 835 3611 przeditus,
855 3552 1014 3613 atque
1037 3546 1208 3599 victus
1219 3547 1490 3600 victoriam
1511 3545 1702 3612 refert,
1721 3558 1900 3602 manet
1919 3548 2136 3617 invidia,

561 3635 766 3691 cladem
795 3652 858 3690 ex
882 3636 1072 3706 injusta
1106 3637 1324 3692 victoria
1345 3647 1640 3707 reportans,
1671 3639 1828 3693 bulla:
1854 3641 1905 3694 in
1937 3655 2138 3696 morem

564 3736 905 3798 turgescens;
937 3737 991 3783 et
1016 3730 1067 3782 in
1095 3729 1322 3797 seipsam
1345 3730 1594 3793 contrita,
1619 3731 1856 3790 scribens
1880 3739 1935 3784 et
1955 3731 2142 3786 inscri-

565 3820 696 3873 bens
728 3819 851 3873 illud
883 3820 1027 3874 Isaia:
1058 3821 1360 3890 propheta},
1390 3838 1470 3875 vae
1497 3821 1622 3876 illud
1654 3823 1703 3875 iu
1746 3838 1804 3877 se
1833 3823 2138 3891 attrahens,

562 3908 687 3962 dum
720 3908 847 3962 falsa
869 3909 1046 3964 omnia
1063 3919 1118 3964 et
1144 3911 1282 3974 facit,
1315 3911 1529 3974 etdicit,
1557 3921 1610 3966 et
1629 3913 1832 3967 scribit.
1869 3911 1957 3966 Va:
1975 3915 2136 3980 enim,

560 4001 686 4055 dicit
729 3999 922 4068 lsaias,
963 4003 1048 4071 qui
1085 4002 1345 4057 scribunt:
1390 4004 1698 4074 iniquitatem
1747 4005 1877 4058 εηὶηι
1918 4007 2139 4060 scribunt

560 4091 712 4162 (Isai.
747 4092 834 4147 10.
865 4092 939 4163 1).
969 4094 1043 4149 De
1072 4094 1155 4148 his
1183 4103 1360 4150 autem
1386 4097 1473 4164 qui
1507 4096 1557 4149 in
1585 4097 1709 4151 Asia
1744 4096 1966 4167 depositi
1992 4107 2132 4165 sunt,

561 4199 667 4238 non
714 4185 980 4239 sexdecim
1001 4227 1017 4252 ,
1049 4186 1141 4240 sed
1175 4202 1266 4241 sex
1300 4195 1501 4241 tantum
1549 4189 1832 4258 episcopis,
1879 4198 1935 4244 ut
1959 4206 2137 4245 coram

566 4274 674 4327 Deo
718 4273 896 4342 judice
921 4275 1092 4329 dicam
1128 4317 1142 4341 ,
1175 4276 1306 4330 nihil
1343 4277 1410 4332 de
1451 4280 1656 4333 numeri
1685 4283 1974 4349 quantitate
2007 4281 2137 4336 sub-

565 4363 793 4428 traham,
825 4365 952 4419 nilin
973 4382 1151 4422 rerum
1180 4368 1418 4438 qualitati
1449 4370 1717 4437 adjiciam,
1746 4371 1838 4426 sed
1862 4381 1919 4426 ut
1941 4371 2136 4426 veritas

562 4471 680 4511 sese
715 4455 894 4525 habet,
939 4459 1017 4514 sic
1071 4461 1163 4514 tibi
1213 4477 1494 4531 exponam.
1524 4463 1701 4518 Tertia
1743 4465 1948 4520 decima
1996 4465 2135 4520 iudi-

556 4546 734 4601 etione
755 4560 1013 4605 venerunt
1036 4551 1548 4623 Constantinopolim
1580 4555 1758 4608 Asiani
1787 4557 2018 4624 cpisc0pi
2045 4571 2137 4611 ne-

555 4639 858 4693 cessitatum
891 4643 1236 4711 quarumdam
1268 4646 1434 4714 gratia
1467 4661 1480 4696 :
1513 4646 1546 4698 ii
1594 4647 1866 4699 nobiscum
1894 4661 2131 4700 commo-

555 4729 824 4796 rabantur,
848 4735 1196 4800 praesentibus
1217 4735 1374 4788 etiam
1398 4735 1515 4788 aliis
1531 4751 1592 4790 ex
1610 4735 1823 4806 Scythia
1847 4737 2130 4806 epiSCOpis,

552 4819 834 4875 Theotimo
875 4824 1111 4889 scilicet,
1143 4833 1300 4893 atque
1353 4841 1420 4879 ex
1456 4825 1680 4881 Thracia
1707 4827 1967 4882 Ammone
1996 4829 2133 4900 Egy-

555 4913 684 4980 ptio,
707 4921 761 4966 et
784 4928 850 4966 ex
875 4912 1078 4966 Galatia
1107 4915 1392 4980 Arabiauo,
1426 4919 1779 4986 mctropolitis
1799 4920 2044 4977 omnibus
2070 4935 2133 4976 ac

554 5001 793 5069 senibus,
823 4998 1009 5073 usque'
1034 5003 1099 5058 ad
1137 5005 1317 5075 viginti
1367 5008 1592 5062 duorum
1636 5011 2003 5079 episeopornm
2031 5028 2134 5066 nu-

553 5105 780 5144 merum.
816 5091 881 5144 Et
906 5094 1154 5148 omnibus
1177 5095 1527 5164 congregatis,
1553 5107 1710 5166 atque
1738 5101 2134 5156 communican-

554 5181 714 5246 tibus,
748 5182 1008 5239 Eusebius
1047 5185 1260 5255 quidam
1300 5202 1330 5241 e
1363 5184 1617 5242 Cilbianis
1645 5189 1808 5258 jugis,
1854 5191 2133 5261 cpiscopus

550 5272 1132 5345 Valentinopolitanus,
1163 5288 1534 5349 congregatum
1577 5281 1849 5352 Synodum
1889 5299 2007 5338 cum
2038 5285 2134 5340 ob-

549 5378 836 5432 scrvassct,
890 5385 994 5423 uno
1041 5371 1243 5425 sabbati
1294 5372 1620 5440 adveniens,
1669 5375 1872 5430 libellos
1920 5378 2134 5433 tradidit

547 5456 784 5529 Synodo,
809 5464 1095 5531 praeposito
1125 5464 1342 5527 scilicet,
1375 5473 1429 5517 ut
1456 5480 1787 5535 consequens
1812 5479 1944 5533 crat,
1971 5469 2132 5524 Joan-

551 5554 634 5607 nis
675 5554 919 5619 nomiue,
969 5565 1149 5609 contra
1185 5558 1532 5622 Antmiinum,
1565 5560 1870 5630 epise0pum
1903 5561 2125 5631 Ephesi,

549 5657 752 5716 septem
798 5649 1026 5718 capitula
1076 5649 1334 5704 inserens.
1396 5649 1629 5704 Primum
1687 5653 1934 5721 quidem,
1989 5653 2126 5721 quod

546 5739 790 5796 conflatis
815 5755 981 5797 sacris
1011 5743 1149 5798 vasis
1175 5752 1450 5812 argentum
1484 5741 1534 5796 in
1567 5760 1716 5797 usum
1748 5744 1838 5798 lilii
1872 5744 2078 5799 fecisset
2109 5761 2126 5813 ;

2263 455 2577 524 secundum,
2599 457 2740 529 quod
2765 457 2994 512 ablatum
3023 457 3091 513 de
3112 457 3352 528 ingressu
3380 458 3670 527 baptisterii
3697 478 3844 514 inm--

2258 562 2376 602 mor
2405 548 2458 602 in
2500 548 2747 604 balneum
2781 551 3135 606 transtulisset
3164 568 3177 604 :
3208 547 3402 605 deinde
3443 550 3718 606 columnas
3749 569 3844 607 ce-

2255 639 2596 706 clesiasticas,
2637 655 2666 693 a
2713 641 2952 710 pluribus
2985 641 3138 694 annis
3177 639 3442 712 jacentcs.
3489 641 3622 696 intra
3682 651 3843 698 Suum

2254 728 2528 785 statuisset
2549 730 2830 785 triclinium
2857 747 2870 784 :
2893 741 3159 801 quartum,
3185 731 3322 798 quod
3352 747 3482 801 puer
3498 733 3612 801 ejus
3633 733 3839 788 aedem

2253 831 2537 892 patrassct,
2565 839 2720 892 quem
2747 823 2918 878 adhuc
2947 823 3168 878 haberet
3191 824 3241 876 in
3274 816 3569 879 ministerio
3600 825 3842 895 irrcpre-

2254 912 2519 968 hensum:
2553 918 2814 983 quintum,
2861 913 3001 984 quod
3049 914 3246 983 prmdia
3293 911 3543 968 Ecclesiae
3579 913 3767 970 relicta
3813 933 3842 969 a

2254 1004 2503 1071 Basilina,
2535 1005 2730 1060 Juliani
2775 1005 3117 1076 imperatoris
3145 1015 3347 1070 matre,
3381 1005 3728 1072 vendidisset,
3769 1009 3840 1062 si-

2253 1095 2411 1165 bique
2439 1096 2757 1150 vindicasset
2788 1113 2801 1150 :
2843 1104 3074 1160 sextum,
3105 1095 3247 1165 quod
3277 1096 3491 1150 dimissa
3521 1114 3688 1153 uxore
3719 1111 3840 1162 sua,

2253 1200 2375 1240 cum
2401 1201 2463 1240 ea
2491 1201 2674 1239 rursus
2699 1201 3017 1256 congressus
3047 1195 3211 1251 esset,
3244 1187 3485 1256 ﬁliosque
3527 1203 3592 1242 ex
3619 1203 3682 1242 ea
3715 1205 3842 1257 pm-

2251 1286 2486 1329 creasset
2513 1295 2525 1329 :
2555 1277 2875 1346 septimum,
2907 1277 3048 1346 quod
3075 1292 3172 1348 pro
3201 1278 3316 1347 lege
3344 1286 3396 1332 et
3421 1279 3711 1333 constituto
3739 1281 3839 1334 lia-

2252 1367 2403 1423 beret
2437 1369 2798 1424 ordinationes
2825 1371 3196 1439 episcoporum
3231 1367 3459 1423 vendere
3493 1369 3640 1439 juxta
3674 1371 3840 1424 ratio-

2251 1473 2371 1512 nem
2434 1459 2717 1513 redituum.
2781 1460 2987 1513 Adsunt
3047 1471 3103 1514 et
3165 1460 3255 1530 qui
3319 1459 3582 1515 dederunt
3637 1461 3837 1531 quique

2250 1550 2476 1604 ordinati
2526 1546 2682 1615 Sunt,
2729 1561 2783 1606 et
2837 1551 2952 1621 ipse
2999 1551 3091 1622 qui
3143 1551 3348 1622 accepit
3395 1570 3410 1606 :
3460 1567 3523 1606 ac
3574 1562 3837 1621 praeterea

2253 1641 2595 1710 probationes
2623 1641 2814 1697 habeo.

2319 1732 2448 1786 CAP.
2471 1733 2806 1788 XlV.—DIAC.
2835 1733 2980 1788 Hanc
2999 1747 3222 1802 ,qutcso,
3244 1728 3684 1800 Pater,contrahe
3702 1749 3832 1789 nar-

2249 1824 2532 1878 rationem:
2552 1823 2816 1879 lazduntur
2830 1827 2969 1880 enim
2991 1835 3298 1894 praesentes,
3317 1825 3580 1895 episcopis
3599 1826 3696 1880 ista
3713 1841 3838 1882 nar-

2249 1915 2508 1980 rantibus,
2537 1916 2705 1971 multo
2726 1918 2891 1986 magis
2919 1916 3015 1971 ista
3041 1919 3384 1986 patrantibus.
3429 1918 3601 1973 EPISC.
3634 1919 3715 1973 Me
3729 1919 3835 1974 mi-

2247 2010 2538 2077 serum,qui
2555 2007 2741 2063 diebus
2759 2007 2838 2062 his
2856 2019 3155 2063 reservatus
3168 2007 3500 2078 sum,quibus
3516 2009 3737 2077 pecunia
3750 2003 3836 2063 sa-

2246 2097 2540 2152 cerdotium
2554 2098 2812 2163 venditur,
2832 2099 2873 2152 si
2890 2109 3062 2153 tamen
3080 2099 3432 2153 sacerdotium
3455 2107 3554 2152 est.
3573 2098 3837 2168 insipien-

2249 2196 2328 2242 ter
2339 2188 2479 2243 enim
2495 2188 2594 2242 feci
2617 2190 2702 2259 qui
2722 2190 2821 2242 ista
2835 2189 3130 2254 retulerim,
3147 2204 3265 2245 cum
3280 2189 3662 2244 obtrectatores
3673 2190 3702 2246 J
3708 2206 3836 2244 uan-

2248 2277 2331 2333 nis
2348 2295 2412 2332 eo
2435 2294 2532 2333 nos
2552 2279 2844 2350 adegerint.
2871 2280 3063 2335 Verum
3099 2281 3360 2349 patienter
3387 2278 3526 2334 feras
3549 2295 3653 2347 me,
3677 2280 3836 2338 obse-

2251 2385 2363 2435 cro,
2393 2378 2452 2424 ut
2479 2371 2602 2425 hinc
2622 2370 3060 2440 quoqueJoannis
3083 2370 3499 2424 moderationem
3527 2370 3831 2436 admireris,

2247 2463 2333 2531 qui
2356 2461 2540 2516 sedato
2563 2461 2773 2515 interim
2797 2461 2934 2527 zelo,
2963 2460 3096 2515 dixit
3125 2460 3389 2515 Eusebio:
3415 2461 3604 2515 Eusebi
3640 2460 3830 2526 frater,

2247 2553 2494 2622 quoniam
2525 2567 2666 2622 saepe
2691 2553 2746 2606 ﬁt
2774 2561 2830 2608 ut
2856 2553 3227 2609 accusationes
3251 2568 3368 2624 quae
3393 2553 3526 2608 fiunt
3551 2569 3581 2606 a
3616 2563 3834 2622 pertur-

2248 2644 2461 2700 batione
2486 2645 2670 2710 animi,
2697 2643 2876 2699 faciles
2905 2645 3246 2714 probationes
3277 2660 3382 2700 non
3408 2645 3672 2711 habeant,
3707 2646 3831 2700 sine

2249 2744 2300 2791 te
2327 2737 2536 2790 emirari
2568 2779 2582 2801 ,
2612 2745 2666 2790 ut
2691 2752 2869 2792 cesses
2897 2738 3221 2792 Antoninum
3260 2736 3478 2792 fratrem
3508 2739 3706 2806 scripto
3731 2754 3828 2794 ac-

2245 2839 2452 2889 cusare,
2488 2825 2639 2881 nobis
2664 2841 2850 2880 causas
2871 2827 3130 2882 molestia:
3155 2827 3568 2897 corrigentibus.
3597 2827 3676 2882 Ad
3710 2828 3832 2884 haec

2247 2915 2323 2969 ira
2349 2930 2603 2970 accensus
2629 2957 2642 2981 ,
2693 2917 2999 2971 durioribus
3027 2932 3154 2972 usus
3192 2927 3275 2972 est
3302 2915 3477 2972 verbis
3500 2959 3515 2983 ,
3571 2918 3829 2974 adversus

2247 3007 2572 3060 Antoninum
2612 3017 2751 3061 totus
2792 3023 2852 3063 se
2876 3007 3101 3063 efferens
3134 3050 3146 3072 ,
3175 3018 3227 3063 et
3256 3010 3306 3064 in
3338 3010 3676 3065 accusatione
3703 3025 3828 3079 per-

2246 3098 2460 3154 sistens.
2493 3099 2744 3154 llortatur
2763 3099 2995 3155 Joannes
3019 3100 3235 3154 Paulum
3259 3140 3276 3165 ,
3324 3101 3631 3171 episcopum
3659 3101 3827 3156 llcra-

2246 3191 2415 3261 clete(
2441 3207 2563 3246 nam
2592 3194 2636 3246 is
2666 3193 2934 3247 Antonino
2954 3191 3133 3247 favere
3155 3193 3436 3247 videbatur
3463 3193 3480 3262 )
3513 3235 3536 3258 ,Α
3568 3203 3618 3244 ιιι
3644 3208 3738 3247 eos
3771 3194 3827 3248 in

2244 3286 2528 3341 amicitiam
2551 3285 2918 3354 compelleret.
2934 3285 3294 3355 Surgeusque,
3317 3286 3603 3340 ecclesiam
3621 3285 3831 3356 ingres-

2244 3389 2336 3431 sus
2352 3385 2454 3443 est,
2472 3392 2574 3430 una
2596 3391 2714 3430 cum
2737 3376 3020 3445 episcopis;
3045 3385 3154 3430 erat
3169 3375 3309 3430 enim
3330 3375 3574 3430 sacriﬁcii
3595 3386 3823 3446 tempus:

2247 3483 2535 3539 pacemque
2567 3469 2762 3538 populo
2785 3483 2848 3523 ex
2880 3484 3029 3524 more
3056 3477 3300 3537 precatus
3327 3509 3341 3530 ,
3387 3467 3526 3522 sedit
3552 3483 3672 3521 cum
3699 3467 3826 3521 reli-

2243 3559 2362 3627 quis
2389 3559 2673 3628 episcopis.
2719 3560 2865 3614 Clam
2916 3570 3091 3613 autem
3132 3557 3504 3628 subingressus
3547 3570 3828 3612 accusator

2246 3648 2530 3714 Eusebius,
2557 3664 2736 3704 coram
2765 3650 2909 3704 omni
2939 3649 3134 3719 populo
3178 3658 3232 3704 et
3283 3649 3547 3719 episcopis
3588 3650 3824 3703 libellum

2243 3741 2404 3793 alium
2433 3739 2591 3794 oll‘ert
2615 3741 2802 3795 eadem
2825 3743 3186 3795 continentem
3229 3758 3240 3794 :
3287 3741 3536 3812 adjurans
3561 3741 3825 3796 Joannem

2245 3830 2858 3901 horrendisjuramentis
2885 3873 2902 3899 ,
2942 3833 3131 3902 quibus
3157 3834 3380 3887 salutem
3408 3849 3616 3903 quoque
3643 3834 3824 3902 Impe-

2244 3932 2480 3980 ratorum
2511 3925 2820 3994 complexus
2848 3937 2932 3980 εει
2962 3966 2977 3991 ,
3029 3925 3194 3978 multa
3230 3941 3347 3979 cum
3381 3927 3819 3994 perturbatione:

2245 4022 2303 4068 ut
2323 4015 2758 4084 putarentpOpuli
2785 4014 2900 4085 ejus
2929 4015 3282 4085 imprudentia
3312 4016 3598 4084 perterriti,
3647 4031 3768 4070 eum
3795 4033 3824 4068 a

2240 4103 2446 4160 Joanne
2466 4114 2731 4176 petere,ut
2755 4106 2914 4160 vitam
2938 4107 3035 4162 sibi
3059 4107 3125 4160 ab
3149 4108 3468 4176 lmpcratore
3491 4107 3821 4175 impetraret.

2240 4196 2476 4252 Joannes
2507 4213 2634 4254 vero
2663 4240 2678 4265 ,
2725 4207 2783 4253 ut
2805 4199 2936 4252 vidit
2962 4199 3265 4252 instantiam
3297 4197 3527 4251 hominis
3555 4239 3569 4264 ,
3600 4198 3824 4252 studens

2242 4288 2684 4357 imperturbatum
2731 4297 2914 4343 tenere
2958 4289 3212 4358 populum
3239 4330 3254 4353 ,
3304 4287 3541 4342 libellum
3570 4289 3770 4357 rect-pit
3802 4331 3817 4351 ,

2243 4379 2498 4447 lectisque
2523 4378 2718 4433 divinis
2764 4379 2988 4448 eloquiis
3024 4378 3383 4446 Pansophium
3403 4419 3416 4443 ,
3462 4377 3680 4432 l‘issida:
3700 4379 3821 4446 cpi-

2240 4484 2480 4538 scopum,
2504 4479 2619 4524 orat
2647 4480 2700 4523 ut
2720 4470 2895 4524 divina
2919 4471 3054 4524 dona
3080 4469 3267 4523 olferat
3290 4487 3301 4522 :
3322 4470 3435 4538 ipse
3455 4484 3574 4522 cmu
3602 4469 3822 4538 reliquis

2241 4561 2504 4630 episcopis
2534 4577 2780 4630 egressus
2810 4568 2911 4614 est.
2961 4560 3189 4614 Nolebat
3214 4561 3354 4614 enim
3401 4559 3577 4613 animo
3608 4559 3822 4612 turbido

2239 4655 2554 4709 sacriﬁcium
2576 4653 2770 4718 facere,
2788 4653 2870 4707 his
2895 4655 3161 4724 Evangelii
3181 4656 3574 4724 obtemperans:
3603 4653 3822 4720 Quando

2239 4745 2393 4812 olfers
2417 4762 2598 4799 munus
2625 4754 2765 4799 tuum
2801 4744 3009 4816 (Matth.
3035 4747 3088 4810 5,
3119 4745 3235 4816 23),
3257 4753 3310 4799 et
3337 4746 3558 4815 reliqua.
3613 4743 3679 4797 Et
3701 4752 3822 4811 post

2241 4836 2604 4891 dimissionem
2629 4836 2806 4905 populi
2827 4836 3174 4891 considerans
3203 4835 3341 4905 apud
3367 4852 3443 4900 se,
3479 4834 3740 4889 etscdens
3765 4836 3817 4886 in

2239 4926 2302 4980 ba
2311 4927 2545 4996 ptisterio
2566 4941 2684 4980 cum
2706 4928 2923 4998 reliquis
2940 4929 3200 4997 episcopis
3219 4969 3232 4992 ,
3253 4936 3612 4982 accusatorem
3636 4942 3816 4982 coram

2239 5019 2485 5073 omnibus
2509 5017 2755 5080 advocat,
2781 5019 2963 5073 dicens
2998 5021 3076 5073 ei:
3107 5019 3311 5073 Rursus
3337 5019 3520 5074 eadem
3555 5019 3647 5072 tibi
3669 5017 3813 5083 dico,

2237 5107 2378 5178 quod
2409 5108 2559 5162 multi
2588 5124 2818 5165 mmrore
2846 5111 2926 5163 vel
2953 5111 3029 5164 ira
3065 5111 3346 5181 compulsi,
3369 5109 3530 5164 multa
3558 5117 3614 5164 et
3632 5109 3817 5164 dicunt

2237 5207 2289 5252 et
2316 5199 2575 5265 scribunt,
2596 5216 2712 5270 qua:
2740 5201 2966 5270 probare
2993 5216 3096 5255 n0n
3127 5210 3367 5271 possunt.
3415 5200 3474 5255 Si
3504 5201 3662 5270 igitur
3702 5214 3824 5252 mu-

2239 5289 2428 5345 uifeste
2455 5307 2514 5346 ea
2546 5292 2718 5358 nosti,
2755 5292 2822 5347 de
2842 5294 3035 5362 quibus
3065 5294 3208 5348 illmn
3237 5309 3490 5348 accusare
3515 5293 3595 5346 vis
3621 5292 3819 5365 (neque

2238 5380 2378 5434 enim
2409 5381 2452 5434 si
2477 5382 2648 5450 possis
2671 5422 2683 5445 ,
2714 5383 3051 5452 repellimus;
3087 5400 3259 5454 neque
3287 5384 3545 5437 trahimus
3577 5424 3590 5445 ,
3624 5381 3669 5435 si
3709 5396 3816 5435 non

2238 5470 2450 5542 possis),
2474 5482 2752 5542 antequam
2783 5475 2985 5543 legatur
3008 5476 3232 5539 libellus,
3259 5477 3394 5544 elige
3416 5475 3556 5546 quod
3580 5472 3816 5540 expedit:

2236 5573 2512 5632 postquam
2535 5565 2676 5617 enim
2701 5567 2866 5619 lectus
2898 5565 3094 5632 fuerit,
3127 5567 3253 5621 etin
3283 5582 3441 5621 aures
3469 5565 3709 5618 omnium
3738 5580 3821 5616 ve-

2237 5655 2372 5708 nerit
2393 5695 2405 5716 ,
2433 5655 2685 5709 confectis
2714 5657 2844 5710 actis
2877 5699 2890 5721 ,
2931 5673 3035 5710 non
3079 5658 3306 5726 amplius
3337 5656 3516 5711 licebit
3546 5695 3561 5718 ,
3590 5670 3712 5707 cum
3745 5655 3819 5707 sis

2242 5750 2542 5817 cpiscopus,
2572 5747 2911 5805 abolitionem
2945 5762 3142 5820 petere.
3179 5749 3301 5803 Post
3349 5750 3460 5802 lucc
3499 5761 3687 5802 rursus
3732 5746 3820 5802 illc
