4110 6148
286 266 353 326 4³1
1328 262 1415 322 DE
1450 264 1609 320 VITA
1653 264 1710 321 S.
1749 261 2034 321 JO.\NNIS
2066 264 2580 323 CHRYSOSTOMI.
3507 273 3572 329 ιε

280 387 462 454 ἣλιον,
490 383 580 437 ῖνα
625 382 700 453 μὴ
724 380 853 447 τοὺς
877 379 1100 452 νοητοὺς
1131 379 1439 454 καθυϐρίσῃ
1462 379 1675 444 πόνους.
1699 379 1885 434 Ταῦτα

279 469 532 539 δὲλέγω,
565 467 626 522 οὑ
658 465 1202 540 συμπεριλαμϐάνων
1250 467 1378 529 τοὺς
1418 465 1658 535 εὐλόγως
1689 466 1784 520 καὶ
1815 466 1881 519 δι’

279 553 543 623 ἀνάγκην
573 552 859 618 κτίζοντας
892 553 925 625 ἢ
959 550 1382 623 διορθουμένους
1414 549 1487 604 τά
1523 551 1624 622 τῆς
1658 551 1888 622 Ἐκκλη-

284 635 438 699 σίας,
474 635 610 689 ἀλλά
642 635 731 689 διά
753 638 884 699 τοὺς
912 636 981 690 τά
1009 635 1117 689 τῶν
1146 632 1380 705 πτωχῶν
1418 637 1500 698 εἰς
1541 636 1888 707 κρεμαστοὺς

283 719 617 792 περιϐόλους
638 720 738 772 καὶ
771 719 975 791 ἀερίων
1001 719 1210 773 ὑδάτων
1236 717 1540 788 δεξαμενάς
1567 720 1625 771 ἐν
1654 718 1889 789 τριωρό-

284 818 410 871 φοις
444 802 540 854 καὶ
570 802 796 873 ἀπρεπῆ
830 800 1174 873 ἀνδρογύνων
1210 800 1414 872 λουτρά
1456 801 1514 853 ἐν
1544 799 1888 872 ἀποκρύφοις

286 885 814 950 καταναλίσκοντας,
841 886 874 958 ἢ
906 888 984 949 είς
1014 884 1282 957 συλλογὴν
1313 884 1558 950 πλείονος
1597 885 1882 957 ἀργυρίου,

283 970 318 1042 ἢ
354 969 666 1042 τοῦμπαλιν
701 970 855 1042 παρά
898 968 1008 1022 τῶν
1037 969 1372 1041 ἀθυρμάτων
1410 970 1786 1040 ἀγαπηθῆναι,
1828 970 1886 1021 ἐν

282 1053 440 1125 αὑτῷ
471 1053 645 1124 τούτῳ
672 1054 775 1125 τῆς
803 1053 1037 1124 σπουδῆς
1058 1052 1157 1123 τὴν
1195 1053 1355 1125 χάριν
1386 1052 1881 1123 ἀντιπληρούντων,

280 1139 348 1192 16
384 1151 409 1179 ιι
451 1139 630 1192 πάντα
659 1139 800 1209 πρὸς
829 1137 1022 1209 ἡδονὴν
1074 1137 1338 1192 ἐνδιδόναι
1382 1141 1497 1201 τοῖς
1538 1139 1885 1208 ἁμαρτάνου-

285 1239 394 1278 σιν.
418 1223 577 1294 Ἐμοὶ
603 1223 661 1277 δέ
701 1222 777 1294 μὴ
804 1223 1040 1292 γένοιτο,
1066 1222 1310 1295 θεόδωρε
1347 1222 1731 1294 μεγαλώνυμε,
1753 1223 1886 1294 φαύ-

281 1305 401 1372 λοις
430 1307 633 1379 ἀρέσαι
674 1307 840 1360 ποτέ⁸
884 1308 944 1360 ού
981 1306 1092 1377 γὰρ
1124 1306 1348 1361 ἄλλοθεν
1385 1308 1573 1370 αὐτοῖς
1616 1306 1818 1380 ἀρέσω,
1850 1307 1883 1379 ἢ

283 1392 353 1444 ἐκ
407 1390 521 1444 τῶν
570 1388 794 1462 Χριστῷ
880 1390 955 1462 μὴ
1029 1390 1393 1465 ἀρεσκόντων.
1467 1391 1528 1443 ὐ
1568 1392 1753 1445 ΔιΑΚ.
1793 1392 1885 1444 ἐπὶ

282 1472 506 1535 τούτοις
535 1473 841 1544 θαυμάσας,
877 1475 1041 1547 ήρετο
1074 1474 1278 1543 λέγων’
1310 1473 1527 1529 Τούτων
1556 1472 1699 1528 οὑτω
1732 1491 1885 1543 φυσι-

283 1557 402 1620 κῶς
435 1557 765 1629 εἰρημένων,
803 1557 899 1611 καὶ
929 1558 1004 1629 μὴ
1044 1557 1279 1627 ἐχόντων
1322 1559 1677 1631 ἀντίρρησιν,
1715 1558 1772 1611 εί
1797 1559 1882 1621 τίς

286 1658 374 1696 σοι
403 1641 605 1711 γνῶσις
640 1642 769 1713 περί⁵
805 1639 912 1694 τῶν
942 1640 1086 1694 κατὰ
1117 1641 1218 1712 τὴν
1261 1642 1444 1695 Ἀσίαν
1480 1641 1583 1695 ὑπὸ
1610 1641 1701 1696 τοῦ
1725 1642 1882 1710 ἀγίου

298 1725 576 1789 Ἰωάννου,
626 1724 755 1797 περὶ
797 1717 860 1776 οὗ
897 1723 993 1779 νῦν
1032 1726 1165 1796 ἡμῖν
1197 1727 1224 1778 ὁ
1253 1725 1430 1793 λόγος,
1458 1725 1880 1795 τετυπωμένων,

286 1810 544 1881 μετάδος.
593 1809 653 1863 '0
693 1810 945 1863 ’EIIIEK.
998 1809 1106 1863 Καὶ
1128 1811 1268 1863 πάνυ
1292 1826 1375 1878 γε.
1424 1808 1482 1861 '0
1504 1809 1684 1862 AIAK.
1712 1809 1884 1874 Αὐτὸς

285 1893 479 1967 παρὼν
505 1893 699 1961 ἔγνως,
725 1892 908 1965 ῆπαρ’
937 1893 1125 1965 ἐτέρου
1159 1893 1344 1965 μαθών
1360 1910 1375 1959 ;
1394 1892 1451 1946 '0
1472 1891 1715 1947 ‘EIIIZK.
1740 1892 1883 1946 Ἀλλ’

282 1977 410 2030 οὒτε
439 1978 522 2039 είς
549 1977 612 2029 16
639 1977 802 2047 τυχὸν
829 1977 993 2051 μέρος
1022 1977 1171 2048 ήμην
1202 1975 1554 2045 ἀπολειφθεὶς
1578 1975 1677 2046 τῆς
1703 1974 1879 2047 δίκης.

291 2061 356 2115 '0
386 2064 572 2115 ΔΙΑΚ.
620 2061 754 2114 Τίνα
795 2057 887 2115 οὖν
907 2063 1025 2115 ἐστι
1061 2061 1131 2115 τά
1164 2061 1751 2134 παρακολουθήσαντα,
1788 2063 1882 2115 καὶ

282 2149 442 2202 ποῖον
477 2146 671 2217 εἴληφε
697 2146 871 2211 τέλος,
907 2146 1002 2200 καὶ
1025 2145 1190 2200 πόθεν
1223 2146 1322 2218 τὴν
1374 2147 1550 2219 ἀρχὴν
1584 2147 1878 2215 ἐσχηκότα,

279 2229 647 2303 λεπτομεριῖκ
679 2246 769 2300 μοι
801 2230 1154 2303 παράστησον
1174 2245 1189 2259 ·
1224 2229 1413 2301 ἐπειδὴ
1439 2231 1673 2302 μάλιστα
1698 2232 1727 2284 6
1751 2229 1883 2283 Θεό-

280 2316 448 2386 φιλος
490 2318 548 2367 ὲν
586 2313 663 2385 τῷ
705 2315 892 2386 οἰκείῳ
940 2316 1334 2388 συγγράμματι
1368 2316 1467 2388 τὴν
1499 2315 1637 2369 ίδίαν
1671 2315 1880 2387 προπέι

280 2419 445 2455 τειαν
470 2400 733 2471 σεμνῦναι
766 2398 800 2471 ἢ
835 2401 1172 2471 περιστεῖλαι
1217 2399 1545 2464 σπουδάσας,
1580 2399 1752 2471 ἔφησε
1791 2400 1882 2453 16v

287 2485 569 2555 μακάριον
608 2483 863 2554 Ἰωάννην
897 2484 1186 2555 φιλαρχίας
1233 2483 1396 2538 πάθει
1435 2483 1752 2553 κινούμενον
1797 2482 1882 2535 δε-

284 2567 425 2632 καέξ
475 2568 814 2633 ἐπισκόπους
859 2569 1236 2644 καθῃρηκέναι
1271 2570 1329 2622 ἐν
1376 2568 1561 2642 ἡμέρᾳ
1606 2569 1724 2640 μιᾷ,
1786 2567 1882 2621 καὶ

284 2653 458 2717 ἰδίους
503 2651 622 2707 ἀντ’
676 2652 858 2707 αὑτῶν
920 2653 1446 2725 κεχειροτονηκέναι.
1509 2653 1568 2705 '0
1628 2651 1876 2705 ‘EIIIXK.

280 2739 457 2793 Οὐδὲν
491 2738 722 2801 ἀπεικὸς
752 2738 856 2791 τῶν
891 2737 1036 2793 ίδίων
1059 2738 1277 2808 τρόπων
1300 2737 1598 2807 πεποίηκεν
1619 2739 1648 2791 6
1669 2735 1882 2807 θαυμά-

286 2839 428 2887 σιος,
472 2823 568 2876 καὶ
586 2820 807 2893 γράψας
839 2822 982 2875 κατά
1022 2821 1293 2885 Ἰωάννου,
1326 2820 1607 2892 καὶψευδῆ
1638 2814 1876 2890 γράψας·

289 2905 351 2972 ἐξ
381 2900 457 2960 ὧν
489 2906 600 2977 γάρ
633 2904 844 2976 νομίζει
886 2904 1183 2959 καλύπτειν
1223 2905 1323 2976 τὴν
1376 2904 1510 2958 ίδίαν
1560 2902 1879 2975 ἀσχημοσύ-

282 3008 407 3062 νην,
433 2992 500 3044 ἐκ
522 2990 728 3044 τούτων
772 2989 940 3061 αὑτὴν
982 2990 1182 3061 μᾶλλον
1230 2985 1743 3062 παραδειγματίζει,
1786 2987 1880 3039 καὶ

284 3076 441 3130 ἄκων
478 3074 756 3144 σεμνύνων
779 3073 841 3127 16
874 3073 1048 3127 ἀθῶον
1094 3073 1341 3127 Ἰωάννου
1377 3073 1520 3126 κατὰ
1543 3071 1633 3125 τὸν
1650 3070 1880 3142 Βαλαὰμ

278 3159 517 3211 ἐκεῖνον.
540 3158 606 3209 Εἰ
629 3156 738 3227 γάρ
764 3151 833 3226 ἦν
855 3156 1017 3209 αὑτὸν
1038 3153 1304 3220 καθελὼν,
1336 3156 1394 3208 οὑ
1425 3154 1584 3227 χρεία
1604 3155 1883 3226 συγγράμ-

280 3258 463 3313 ματος
522 3240 559 3313 ἢ
594 3241 829 3314 ἐξορίας,
894 3241 1091 3312 ἱκανῆς
1148 3240 1316 3310 οὔσης
1363 3240 1465 3311 τῆς
1509 3238 1881 3309 καθαιρέσεως

284 3325 544 3397 αἰσχῦναι
573 3326 699 3389 τοὺς
725 3325 1188 3398 καθαιρουμένους
1210 3341 1222 3354 ·
1261 3324 1448 3395 ἐπειδὴ
1490 3325 1548 3377 δέ
1585 3323 1881 3396 ἀκαθαίρε-

283 3427 380 3474 τος
402 3411 638 3482 ἔστηκεν
664 3412 696 3462 6
726 3411 1000 3480 ἐνάρετος,
1030 3412 1097 3480 τῇ
1136 3409 1274 3480 ἦττῃ
1296 3407 1395 3480 τὴν
1422 3408 1579 3478 νίκην
1613 3407 1878 3479 κατέχων,

286 3496 446 3567 μένει
472 3496 501 3548 6
529 3493 719 3565 φθόνος
743 3493 841 3564 τὴν
862 3490 1032 3569 ἧτταν
1063 3494 1164 3565 τῆς
1183 3493 1382 3562 ἀλόγου
1412 3492 1568 3565 νίκης
1606 3492 1882 3564 ἀποφερό-

288 3596 478 3652 μενος,
503 3578 853 3650 πομφόλυγος
883 3578 1039 3650 δίκην
1063 3576 1512 3649 ἀναφυσώμενος,
1538 3578 1633 3630 καὶ
1651 3579 1731 3642 εἰς
1754 3577 1881 3631 ἐαυ-
1904 3638 1907 3643 η

285 3662 386 3716 τὸν
414 3661 854 3734 συντριϐόμενος,
885 3662 1114 3733 γράφων
1139 3662 1233 3715 καλ⁸
1266 3660 1656 3732 καταγράφων,
1691 3659 1754 3714 16
1783 3658 1879 3716 τοῦ

289 3748 574 3819 προφήτου
622 3746 869 3799 Ἦσαῖουο
898 3745 1031 3800 Οὐαὶ
1073 3747 1101 3798 6
1140 3743 1521 3816 ἐπισπώμενος
1561 3745 1623 3799 16
1648 3745 1676 3785 ι’
1701 3744 1882 3801 πάντα

287 3831 465 3902 ψευδῆ
491 3829 588 3885 καὶ
618 3834 789 3885 ποιεῖν
817 3831 911 3885 καὶ
933 3829 1117 3899 λέγειν
1138 3828 1235 3883 καὶ
1263 3829 1531 3901 γράφειν·Δ
1549 3828 1697 3885 Οὐαί
1747 3829 1878 3901 γὰρ,

287 3917 481 3989 φησὶν,
522 3918 578 3969 οἱ
603 3914 966 3985 γράφοντεςο
1008 3915 1305 3983 πονηρίαν
1360 3912 1473 3985 γὰρ
1518 3914 1876 3985 ῃοάερουοῖιν.

286 4000 431 4073 Περὶ
462 3998 518 4052 δὲ
551 3997 660 4053 τῶν
695 3999 839 4053 κατὰ
881 3996 1066 4051 Ἀσίαν
1097 3996 1533 4068 καθαιρεθέντων
1578 3996 1638 4050 οὑ
1664 3996 1878 4065 δεκαέξ,

283 4083 429 4138 ἀλλά
451 4081 510 4150 ἒξ
532 4081 870 4147 ἐπισκόπων,
902 4080 979 4145 ὡς
1009 4081 1101 4134 ἐπὶ
1129 4080 1230 4150 τῆς
1261 4079 1410 4143 θείας
1437 4078 1591 4151 δίκης
1621 4078 1752 4151 ἐρῶ,
1788 4082 1881 4135 κα)⁸

279 4167 415 4222 οὔτε
448 4177 471 4207 α
502 4167 604 4238 τῆς
641 4165 940 4237 ποσότητος
977 4161 1072 4217 τοῦ
1102 4161 1336 4236 ἀριθμοῦ
1383 4161 1597 4232 ὑφελῶ,
1638 4160 1699 4216 ού
1727 4180 1780 4216 τι
1812 4166 1877 4236 τῇ

283 4253 542 4326 ποιότητι
579 4246 688 4307 τῶν
730 4250 1076 4323 πραγμάτων
1121 4246 1456 4321 προσθήσω,
1498 4245 1729 4311 ἀλλ’,ὡς
1766 4247 1879 4319 ἔχει

282 4339 529 4409 φύσεως,
554 4335 698 4391 οὕτω
730 4352 813 4390 σοι
839 4334 1180 4405 ἀπαγγείλω.
1226 4333 1352 4387 Ἐπὶ
1372 4332 1472 4404 τῆς
1498 4332 1882 4405 τρισκαιδεκά-

281 4439 389 4495 της
430 4421 814 4493 ἐπινεμήσεως
846 4420 905 4473 ἐν
924 4419 991 4492 τῇ
1025 4417 1598 4473 Κωνσταντινουπόλει
1631 4417 1880 4484 ἐλθόντες

279 4507 338 4559 οἱ
366 4504 477 4559 ἀπὺ
506 4504 607 4575 τῆς
638 4500 825 4568 Ἀσίας
845 4500 1009 4556 τινῶν
1035 4500 1200 4556 ἓνεκα
1225 4500 1563 4570 ἀναγκαίων,
1610 4501 1880 4574 διέτριϐον

285 4588 386 4644 σὺν
413 4589 568 4659 ἡμῖν,
598 4584 884 4657 παρόντων
923 4584 1020 4641 καὶ
1066 4584 1269 4656 ἐτέρων
1308 4584 1646 4650 ἐπισκόπων,
1676 4584 1787 4639 τῶν
1816 4602 1878 4640 τε

285 4670 399 4725 ἀπὸ
425 4667 685 4733 Σκυθίας,
707 4667 973 4740 Θεοτίμου
996 4666 1163 4736 λέγω,
1202 4667 1297 4722 καὶ
1335 4666 1445 4721 ἀπὸ
1481 4666 1706 4738 Θρᾴκης
1735 4667 1880 4738 ’Δμ-

285 4770 468 4827 μωνος
490 4751 588 4807 τοῦ
619 4750 940 4821 Αἰγυπτίου,
964 4749 1060 4805 καὶ
1091 4749 1201 4804 ἀπὸ
1225 4749 1496 4814 Γαλατίας
1527 4746 1876 4822 Ἀραϐιανοῦ,

283 4840 510 4894 πάντων
564 4834 978 4912 μητροπολιτῶν
1021 4834 1437 4908 γεγηρακότων,
1492 4834 1878 4890 συντεινόντων

281 4923 367 4988 εἰς
418 4921 690 4976 εἰκοσιδύο
733 4920 1088 4985 ἐπισκόπους.
1128 4919 1356 4975 Πάντων
1382 4917 1441 4973 δέ
1488 4916 1878 4988 συναγομένων

280 5011 384 5065 καὶ
414 5007 815 5063 κοινωνούντων
843 5009 1178 5080 ἐπιτηρήσας
1209 5004 1471 5070 Εὑσέϐιός
1505 5022 1590 5069 τις
1622 5004 1730 5059 ἀπὸ
1767 5004 1896 5062 τῶν

278 5097 605 5154 Κελϐιανῶν
654 5097 965 5170 λεγομένων
999 5096 1181 5151 τόπων
1237 5096 1537 5160 ἐπίσκοπος
1580 5094 1874 5148 Οὐάλεντι-

276 5185 610 5252 νουπόλεως,
640 5184 743 5256 τὴν
771 5184 1117 5257 συνηγμένην
1147 5183 1365 5238 σύνοδον
1403 5181 1632 5247 ἐπιστὰς
1672 5184 1740 5254 τῇ
1778 5184 1881 5254 μιᾷ

276 5272 585 5337 Σαϐϐάτου,
614 5271 893 5336 λιϐέλλους
917 5271 1160 5326 ἐπέδωκε
1179 5274 1246 5344 τῇ
1274 5270 1500 5342 συνόδῳ,
1523 5269 1729 5344 δηλαδὴ
1748 5272 1879 5325 άκου

276 5360 486 5424 ὶούθως
518 5360 795 5431 προτάξας
828 5360 891 5414 16
915 5359 1087 5431 ὄνομα
1120 5358 1392 5424 Ἰωάννου,
1424 5355 1569 5412 κατά
1623 5356 1875 5412 Ἀντωνί-

278 5466 370 5504 νου
392 5449 494 5503 τού
515 5449 786 5518 Ἐφεσίων
807 5447 1133 5513 ἐπισκόπου,
1165 5446 1306 5502 ἐπ’τά
1327 5443 1600 5510 κεφάλαια
1623 5440 1871 5510 ἐντάξαςο

275 5538 334 5591 ἐν
365 5537 491 5610 μὲν,
531 5537 617 5591 ὅτι
657 5535 918 5614 κειμήλια
955 5533 1252 5607 χωνεύσας,
1307 5531 1572 5607 ἀργύριον
1592 5531 1674 5596 είς
1703 5531 1877 5604 ὄνομα

336 5701 362 5761 ρ
386 5698 488 5755 Sic,
507 5709 737 5759 quamvns
754 5695 974 5761 dativum
997 5698 1324 5760 grammaticae
1343 5698 1487 5761 leges
1515 5694 1787 5759 posmlenl.

336 5760 367 5803 ιι
392 5760 492 5809 Cfr.
516 5764 687 5808 notam
714 5760 1098 5821 praecedentem.

334 5826 361 5859 ‘
389 5822 544 5875 Forte
584 5822 670 5884 leg
713 5820 769 5868 οὗ
791 5835 851 5869 τι.

1993 379 2086 433 τοῦ
2116 380 2232 434 υίού
2271 380 2707 434 κατεσκεύασεν’
2755 379 3005 451 δεύτερον
3050 382 3128 446 δέ,
3169 381 3251 437 δτι
3305 384 3573 459 μάρμαρκ

1986 463 2085 535 τῆς
2125 464 2328 517 εἰσόδου
2356 464 2452 518 τοῦ
2487 464 2855 535 βαπτιστῆρος
2879 464 3058 520 λαϐὼν
3091 467 3150 519 ἐν
3182 467 3260 538 τῷ
3305 466 3574 541 βαλανείῳ

1986 546 2063 616 τῷ
2092 546 2204 615 ίδίτε)
2239 547 2608 617 προσέθηκενο
2644 546 2835 600 ἔπειτα
2860 547 3046 611 κίονας
3083 548 3573 619 ἐκκλησιαστικοὺς

1988 631 2096 684 ἀπὸ
2133 631 2396 685 πλειόνων
2437 632 2575 685 ἐτῶν
2618 632 2908 703 κειμένους
2927 674 2941 697 ,
2974 633 3121 687 ἔνδον
3148 637 3228 698 εἰς
3255 635 3348 688 τὸν
3376 637 3573 691 ἐαυτοῦ

1985 716 2258 787 τρίκλινον
2280 716 2508 789 ἔστησεν
2524 733 2536 746 ·
2563 718 2846 789 τέταρτον,
2883 718 2966 771 ὅτι
2997 721 3026 772 6
3053 722 3184 783 παῖς
3211 720 3376 774 αὐτοῦ
3411 721 3572 792 φόνον

1987 799 2255 870 πεποίηκε
2283 841 2296 865 ,
2336 801 2429 853 καὶ
2459 799 2573 870 ἔχει
2619 800 2781 853 αὑτὸν
2810 802 2870 854 ἐν
2897 802 2961 871 τῇ
2996 802 3273 874 ὑπηρεσίᾳ
3303 803 3573 878 ἀνέγκλη-

1984 900 2108 937 τον·
2175 885 2425 954 πέμπτον
2451 928 2464 950 ,
2508 887 2591 939 ὅτι
2635 886 2811 957 χωρία
2851 885 2955 938 ὑπὸ
2996 885 3308 959 Βασιλίνης,
3338 890 3435 960 τῆς
3469 908 3576 962 μη-

1984 966 2113 1037 τρὸς
2150 969 2436 1023 Ἰουλιανοῦ
2461 969 2556 1023 τοῦ
2588 968 2871 1039 βασιλέως,
2903 971 3337 1041 καταλειφθέντα
3367 977 3434 1046 τῇ
3456 973 3575 1030 Ἐκο

1984 1051 2204 1124 κλησίᾳ,
2243 1052 2500 1124 πωλήσας
2531 1053 2922 1123 ἐσφετερίσατο
2945 1072 2957 1084 ·
2988 1054 3167 1119 ἕκτον,
3194 1055 3277 1109 ὅτι
3300 1057 3574 1125 ἀποταξά-

1988 1151 2150 1206 μενος
2166 1140 2267 1208 τῆς
2283 1137 2498 1200 ὀἰκείας
2523 1137 2793 1208 γαμετῆς,
2822 1138 2985 1192 πάλιν
3008 1140 3144 1213 αὐτῇ
3173 1142 3455 1211 συνῆλθεν,
3476 1148 3574 1201 καὶ

1985 1220 2403 1293 ἐπαιδοποίησεν
2437 1221 2496 1285 ἐξ
2526 1223 2732 1292 αὐτῆςο
2760 1222 3012 1294 ἕϐδομον,
3061 1226 3143 1278 ὅτι
3172 1225 3248 1289 ὡς
3279 1226 3443 1297 νόμον
3478 1230 3574 1285 καὶ

1983 1300 2159 1374 δόγμα
2199 1305 2312 1375 ἔχει
2364 1304 2564 1358 πωλεῖν
2593 1305 2693 1369 τάς
2721 1304 2828 1358 τῶν
2890 1309 3205 1363 ἐπισκόπων
3234 1310 3571 1381 χειροτονίας

1985 1388 2125 1442 κατὰ
2148 1389 2249 1460 τὴν
2277 1390 2385 1444 τῶν
2416 1391 2694 1461 προσόδων
2724 1390 3035 1459 ἀναλογίαν.
3076 1393 3185 1446 Καὶ
3215 1395 3468 1466 πάρεισιν
3521 1399 3570 1450 οἰ

1982 1468 2164 1534 δόντες
2218 1475 2315 1526 καὶ
2359 1474 2852 1544 χειροτονηθέντες,
2896 1476 2990 1528 καὶ
3042 1475 3070 1529 6
3095 1475 3307 1530 λαϐὼν
3347 1479 3444 1532 καὶ
3478 1482 3570 1534 ἐπὶ

1982 1553 2191 1619 τούτοις
2220 1556 2328 1626 ἔχω
2354 1556 2451 1620 τὰς
2474 1554 2796 1621 ἀποδείξεις.

2053 1640 2208 1693 ΚΕΦ.
2245 1638 2343 1694 ΙΔ’.
2362 1671 2428 1682 -—-
2453 1639 2509 1694 ὐ
2536 1641 2720 1693 ΔΙΑΚ.
2754 1641 3088 1713 Παρακαλῶ,
3114 1643 3318 1716 Πάτερ,
3357 1645 3572 1703 σύστει-

1981 1722 2071 1776 λον
2096 1724 2156 1777 16
2187 1724 2430 1797 διήγημα
2462 1725 2621 1779 τοῢτο
2643 1741 2657 1755 ·
2689 1724 3017 1796 βλάπτονται
3043 1728 3153 1800 γὰρ
3191 1731 3240 1782 οί
3267 1732 3567 1803 παρόντες,

1983 1809 2300 1862 ἐπισκόπων
2342 1809 2515 1863 ταῦτα
2551 1809 2923 1880 διηγουμένων
2948 1853 2962 1877 ,
3007 1814 3140 1883 μήτι
3174 1830 3235 1883 γε
3262 1817 3358 1870 καὶ
3396 1834 3571 1890 πρατ-

1981 1891 2203 1945 τόντων.
2240 1892 2298 1945 '0
2346 1891 2596 1946 ’EHIXK.
2625 1894 2786 1962 υῖμοι
2821 1892 2987 1957 τάλας
3017 1894 3128 1963 ἐγὼ
3160 1897 3422 1968 τηρηθεὶς
3450 1904 3570 1967 ταῖς

1982 1976 2218 2046 ἡμέραις
2235 1975 2482 2041 ταύταις,
2510 1978 2568 2029 ἐν
2587 1970 2675 2041 αἷς
2691 1977 2942 2049 ἀργυρίῳ
2975 1980 3242 2052 ἱερωσύνη
3268 1985 3572 2054 πιπράσκει

1982 2076 2093 2122 ται,
2113 2058 2240 2129 είγε
2265 2060 2358 2114 καὶ
2382 2060 2669 2132 ἱερωσύνη.
2691 2060 2894 2129 Γέγονα
2911 2062 2968 2115 δέ
2994 2063 3086 2116 καὶ
3110 2065 3299 2136 ἄφρων
3349 2066 3570 2139 διηγού-

1986 2160 2146 2214 μενος
2194 2142 2303 2196 τῶν
2337 2143 2590 2215 Ἰωάννην
2617 2144 3098 2213 συκοφαντούντων
3123 2148 3204 2211 είς
3231 2149 3401 2205 ταῦτα
3418 2153 3566 2223 ἡμᾶς

1982 2227 2454 2298 περιστησάντων.
2474 2227 2619 2301 Πλὴν
2645 2227 3011 2300 μακροθύμως
3030 2230 3268 2302 ἀνάσχου
3303 2251 3392 2303 μοι
3411 2234 3460 2298 δ,
3480 2236 3568 2290 ἵνα

1980 2313 2075 2365 καὶ
2128 2314 2191 2365 ἐκ
2236 2312 2440 2366 τούτων
2493 2312 2784 2386 θαυμάσῃς
2825 2313 2922 2385 τὴν
2965 2316 3209 2370 Ἰωάννου
3243 2317 3566 2390 ἐπιείκειαν,

1979 2396 2322 2467 κοιμήσαντα
2368 2396 2509 2459 τέως
2537 2397 2626 2448 τὸν
2674 2397 2855 2468 ζῆλον,
2912 2399 3137 2453 εἰπόντα
3183 2399 3239 2454 δέ
3280 2401 3358 2471 τῷ
3395 2402 3566 2458 Εὐσε-

1979 2478 2082 2547 ϐίῳ
2105 2496 2116 2508 ·
2167 2479 2388 2550 Ἀδελφὲ
2406 2479 2655 2546 Εὑσέϐιε,
2689 2481 2877 2553 ἐπειδὴ
2909 2482 3168 2546 πολλάκις
3197 2486 3254 2539 αί
3289 2487 3430 2540 κατὰ
3475 2488 3569 2542 λύε-

1979 2582 2090 2636 πην
2145 2564 2470 2635 κατηγορίαι
2525 2565 2626 2617 οὐκ
2672 2564 2917 2636 εὐχερεῖς
2954 2565 3137 2636 έχουσι
3190 2569 3292 2632 τάς
3348 2571 3567 2625 ἀποδεί-

1981 2646 2109 2714 ξεις,
2144 2648 2531 2720 παρακέκλησο
2566 2647 2877 2702 παύσασθαι
2912 2649 3006 2703 τοῦ
3058 2651 3353 2721 ἐγγράφως
3379 2672 3566 2709 κατει-

1980 2738 2101 2786 πεῖν
2137 2733 2230 2787 τοῦ
2276 2732 2506 2802 ἀδελφοῦ
2557 2734 2908 2797 Ἀντωνίνου,
2954 2734 3113 2804 ἡμῶν
3163 2737 3230 2789 τά
3279 2737 3426 2791 αίτια
3466 2741 3568 2811 τῆς

1980 2818 2155 2889 λύπης
2211 2818 2631 2890 διορθουμένων.
2698 2818 2842 2888 Πρὸς
2901 2818 3111 2882 τούτοις
3150 2819 3569 2892 διαθερμανθεὶς

1979 2903 2237 2974 τραχέσιν
2272 2903 2541 2974 ἐκέχρητο
2568 2901 2774 2970 λόγοις,
2820 2900 3108 2972 σφαδάζων
3147 2903 3267 2969 ὅλος
3300 2906 3444 2961 κατά
3469 2908 3566 2962 τοῦ

1991 2988 2345 3051 ’Λντωνίνου,
2381 2988 2654 3057 ἐπιμένων
2706 2988 2772 3057 τῇ
2819 2987 3142 3059 κατηγορίᾳ.
3189 2989 3508 3061 Παρακαλεῖ
3537 2993 3568 3044 6

1991 3071 2245 3142 Ἰωάννης
2274 3069 2487 3123 Παῦλον
2524 3070 2617 3122 τὸν
2658 3069 2987 3141 Ἡρακλείας
3015 3071 3212 3133 (ἐδόκει
3251 3072 3361 3144 γάρ
3396 3091 3564 3128 σπου-

1978 3155 2161 3221 δάζειν
2194 3154 2272 3226 τῷ
2322 3154 2679 3226 Ἀντωνίνῳ),
2729 3154 2796 3207 ἵν’
2840 3155 2921 3217 είς
2958 3153 3141 3222 φιλίαν
3190 3158 3388 3221 αὐτοὺς
3440 3177 3566 3213 συν-

1978 3240 2167 3311 ελάσῃ.
2205 3238 2314 3292 Καὶ
2348 3238 2584 3302 ἀναστὰς
2617 3236 2865 3309 εἰσῆλθεν
2902 3239 2981 3301 είς
3004 3237 3104 3310 τὴν
3138 3238 3433 3310 ἐκκλησίαν
3468 3243 3566 3296 σὺν

1978 3327 2090 3389 τοῖς
2124 3323 2478 3387 ἐπισκόποις*
2511 3316 2578 3394 ἧν
2608 3322 2717 3395 γὰρ
2752 3322 2943 3394 καιρὸς
2975 3322 3078 3393 τῆς
3108 3323 3379 3394 ίερατείας
3399 3341 3412 3353 ·
3443 3325 3567 3391 δοὺς

1978 3409 2035 3463 δὲ
2079 3407 2157 3479 τῷ
2193 3406 2309 3479 λαῷ
2357 3407 2456 3478 τὴν
2504 3406 2713 3477 συνήθη
2770 3407 2869 3477 τῆς
2910 3407 3135 3480 εἰρήνης
3168 3410 3562 3482 προσηγορίαν,

1979 3492 2200 3548 ἐκάθισε
2238 3493 2335 3546 σὺν
2363 3493 2477 3554 τοῖς
2504 3489 2711 3554 λοιποῖς
2741 3492 3079 3554 ἐπισκόποις.
3122 3492 3480 3548 Ἐπεισελθὼν
3506 3496 3565 3550 δὲ

1978 3576 2282 3649 λεληθότως
2302 3578 2330 3630 6
2351 3575 2658 3649 κατήγορος
2688 3573 2949 3638 Εὐσέϐιος
2971 3574 3064 3628 ἐπὶ
3086 3566 3289 3640 παντὸς
3315 3577 3410 3631 τοῦ
3434 3577 3562 3633 λαοῦ

1979 3662 2077 3717 καὶ
2119 3660 2225 3715 τῶν
2279 3659 2594 3714 ἐπισκόπων
2643 3656 2950 3712 ἐπιδίδωσιν
2991 3658 3175 3730 ἕτερον
3213 3658 3454 3715 λίϐελλον
3496 3665 3567 3717 τά

1979 3744 2118 3800 αύτά
2151 3745 2493 3815 περιέχοντα,
2524 3743 2758 3816 όρκίζων
2790 3742 2881 3796 τὸν
2930 3742 3182 3814 Ἰωάννην
3213 3745 3410 3816 ὅρκους
3442 3763 3568 3819 φρι-

1981 3830 2165 3895 κτοὺς,
2198 3828 2513 3902 συμπλέξας
2543 3828 2728 3893 αὑτοῖς
2762 3828 2856 3882 καὶ
2884 3828 2984 3899 τὴν
3023 3829 3300 3901 σωτηρίαν
3331 3829 3441 3885 τῶν
3472 3830 3571 3901 βα-

1981 3914 2193 3981 σιλέων,
2223 3912 2362 3986 μετά
2381 3913 2585 3984 πολλῆς
2613 3912 2857 3984 ταραχῆς
2875 3929 2891 3946 θ
2918 3913 2991 3976 ὡς
3015 3914 3233 3983 νομίσαι
3258 3916 3385 3979 τοὺς
3402 3914 3567 3982 λαοὺς

1979 3997 2407 4068 διαπτοηθέντας
2433 3997 2526 4050 ἐπὶ
2557 3994 2635 4067 τῷ
2677 3994 2874 4067 ἰταμῷ,
2905 3995 2986 4049 ὅτι
3018 3994 3250 4048 θανάτου
3280 3997 3567 4070 συγχώρη-

1982 4097 2065 4135 σιν
2095 4080 2403 4152 παρακαλεῖ
2424 4079 2648 4155 αἰτῆσαι
2676 4079 2766 4133 τὸν
2802 4077 3029 4150 βασιλέα
3064 4078 3155 4133 τὸν
3195 4079 3466 4149 Ἰωάννην.
3506 4079 3565 4134 ’0

1978 4165 2036 4219 δὲ
2085 4164 2339 4236 Ἰωάννης
2363 4163 2700 4236 θεασάμενος
2728 4163 2826 4235 τὴν
2863 4162 3113 4217 ἔνστασιν
3140 4162 3236 4217 τοῦ
3261 4163 3474 4235 ἀνδρὸς,
3504 4165 3567 4219 16

1979 4249 2252 4321 ἀτάραχον
2280 4247 2562 4319 μνώμενος
2598 4248 2678 4319 τῷ
2708 4247 2845 4320 λαῷ,
2878 4248 3094 4314 ἐδέξατο
3122 4247 3185 4301 16
3215 4246 3439 4319 βιϐλίον,
3470 4250 3567 4304 καὶ

1983 4332 2121 4404 μετά
2140 4331 2209 4385 τά
2225 4329 2629 4402 ἀναγνώσματα
2644 4330 2752 4383 τῶν
2775 4331 2936 4385 θείων
2955 4331 3152 4399 λογίων
3176 4330 3568 4403 παρακαλέσας

1978 4416 2283 4484 Πανσόφιον
2311 4414 2402 4468 16v
2426 4415 2689 4485 Πισσίδης
2715 4417 3055 4486 προαγαγεῖν
3084 4416 3155 4469 τά
3183 4415 3334 4486 δῶρα
3354 4455 3368 4480 ,
3400 4418 3568 4481 αὑτὸς

1980 4490 2303 4571 συνεξῆλθεν
2339 4500 2453 4563 τοῖς
2481 4497 2691 4559 λοιποῖς
2724 4496 3075 4559 ἐπισκόποιςο
3110 4500 3409 4568 παρῃτεῖτο
3456 4499 3567 4571 γάρ

1979 4584 2244 4648 ἐπιθόλως
2265 4579 2588 4655 ἱερατεύειν,
2619 4579 2762 4634 κατά
2788 4578 2849 4633 16
2876 4578 3228 4648 Εὑαγγέλιον,
3260 4580 3343 4644 16,
3378 4581 3569 4637 Ὅταν

1979 4668 2328 4741 προσφέρῃς
2346 4667 2410 4722 τὸ
2438 4662 2632 4733 δῶρόν
2654 4675 2795 4730 σου,
2827 4663 2921 4716 καὶ
2946 4661 3015 4715 τά
3041 4660 3188 4733 ἐξῆς.
3222 4660 3328 4717 Καὶ
3353 4664 3567 4718 διασκε-

1976 4754 2219 4825 ψάμενος
2260 4749 2398 4822 μετά
2424 4748 2524 4821 τὴν
2546 4745 2679 4802 λαοῦ
2714 4745 3011 4811 ἀπόλυσιν,
3054 4746 3343 4813 καθεσθείς
3390 4750 3451 4803 ἐν
3488 4748 3568 4823 τῷ

1978 4835 2330 4907 φωτιστηρίῳ
2360 4834 2459 4888 σὺν
2480 4834 2591 4896 τοῖς
2611 4833 2821 4896 λοιποῖς
2848 4832 3189 4899 ἐπισκόποις,
3213 4833 3304 4887 τὸν
3327 4835 3568 4905 κατήγο-

1979 4938 2073 4994 ρον
2094 4917 2505 4993 προσκαλεῖται,
2531 4917 2710 4989 φήσας
2734 4914 2883 4987 αὐτῷ
2905 4916 2997 4969 ἐπὶ
3012 4916 3249 4971 πάντωνο
3272 4917 3383 4973 Καὶ
3404 4916 3567 4974 πάλιν

1978 5021 2060 5058 σοι
2086 5002 2155 5058 τά
2174 5001 2316 5057 αὑτά
2328 5001 2495 5071 λέγω,
2520 5002 2604 5056 ὅτι
2627 4999 2811 5054 πολλοὶ
2828 5000 2938 5055 ἀπὸ
2956 4999 3135 5073 λύπης
3156 5000 3189 5072 ἢ
3206 5002 3375 5074 ὀργῆς
3398 5001 3569 5058 πολλά

1976 5089 2072 5145 καὶ
2097 5088 2316 5159 λέγουσι
2337 5087 2434 5143 καὶ
2456 5087 2781 5159 γράφουσιν,
2808 5086 3127 5149 ἀτονοῦντες
3157 5086 3286 5158 περὶ
3311 5087 3410 5152 τὰς
3428 5088 3568 5142 ἀπο-

1973 5172 2190 5241 δείξεις.
2225 5172 2287 5225 Εί
2321 5172 2497 5226 τοίνυν
2527 5170 2714 5240 σαφῶς
2743 5170 3070 5234 ἐπίστασαι,
3100 5171 3232 5243 περὶ
3268 5163 3343 5225 ὧν
3388 5168 3569 5241 βούλει

1976 5257 2303 5331 κατηγορεῖν
2339 5254 2501 5328 (οὔτε
2532 5254 2642 5327 γάρ
2674 5254 2972 5326 δυνάμενον
3006 5253 3373 5326 ἀπωθούμεθα
3392 5294 3407 5319 ,
3443 5252 3568 5309 οὔτε

1980 5341 2059 5414 μὴ
2089 5340 2388 5413 δυνάμενον
2420 5339 2653 5412 ἕλκομεν
2678 5339 2720 5409 ),
2754 5338 2885 5411 πρὶν
2918 5339 3334 5411 ἀναγνωσθῆναι
3369 5340 3462 5393 τὸν
3495 5338 3571 5394 λί-

1979 5424 2189 5489 ϐελλον,
2222 5422 2440 5489 ἐκλεξαι
2469 5422 2532 5476 16
2563 5421 2841 5494 συμφέρον
2861 5440 2875 5453 ·
2909 5420 3048 5493 μετά
3076 5422 3185 5495 γάρ
3221 5422 3282 5477 16
3317 5424 3568 5492 ἀναγνω-

1978 5507 2171 5581 σθῆναι
2205 5507 2302 5564 καὶ
2333 5508 2413 5572 εἰς
2450 5505 2621 5571 ἀκοάς
2656 5506 2877 5561 πάντων
2923 5505 3100 5559 ἐλθεῖν
3120 5546 3136 5570 ,
3173 5506 3569 5578 πραττομένων

1882 5613 1888 5619 θ
1978 5592 2429 5665 ὑπομνημάτων,
2470 5589 2656 5644 οὐκέτι
2690 5606 2776 5643 σοι
2820 5589 3067 5654 ἔξεστιν,
3109 5590 3394 5660 ἐπισκόπῳ
3422 5588 3557 5648 όντι,

1979 5679 2166 5752 ζητεῖν
2202 5678 2589 5750 ἀϐουλητίονα.
2617 5679 2742 5732 Ἐπὶ
2773 5678 2987 5743 τούτοις
3020 5678 3183 5735 πάλιν
3212 5679 3465 5747 ἐνέμεινε
3497 5679 3564 5749 τῇ

2040 5813 2067 5854 ά
2089 5815 2379 5880 chondum
2402 5832 2510 5879 μου,
2532 5821 2583 5866 et
2606 5830 2712 5867 mox
2741 5816 3044 5879 κοιμίσαπος
3071 5819 3123 5863 el
3147 5812 3371 5869 εἰπόντος.
