4110 6148
526 310 598 368 ιο
1807 300 1885 358 ΡΑ
1898 301 2121 360 ιωῡιι
2162 300 2512 389 υιλιοβυε
2569 303 2572 306 ’
3716 299 3798 357 56

523 420 792 477 ἐνστάσει.
842 417 985 490 Πρὸς
1022 414 1101 481 οἷς
1132 415 1444 469 κελεύουσιν
1476 414 1885 486 ἀναγνωσθῆναι
1916 417 1977 471 τὸ
2020 416 2098 488 βι·

524 504 668 558 ϐλίον
688 521 703 535 ·
733 499 1045 571 ἀνεγνώσθη
1080 498 1147 571 τά
1182 499 1554 571 προειρημένα
1580 499 1867 568 κεφάλαια.
1893 500 2096 569 Λέγου-

525 604 611 642 σιν
656 588 706 640 οί
748 585 1004 656 γέροντες
1035 580 1144 635 τῶν
1176 582 1490 636 ἐπισκόπων
1522 582 1600 654 τῷ
1641 583 1862 656 Ἰωάννῃ
1884 625 1898 649 ,
1935 583 2104 637 ἀκού-

527 685 719 733 σαντες
745 667 842 739 τὴν
888 666 1120 736 δύναμιν
1155 666 1249 720 τοῦ
1292 666 1530 737 βιϐλίουο
1567 667 1633 722 ΕΙ
1665 669 1758 721 καὶ
1798 667 2104 740 ταμάλιστα

523 755 581 805 ἐν
609 749 704 803 τοῦ
734 749 851 813 ἐνὸς
886 749 1182 817 κεφαλαίου
1216 749 1475 814 δυσσεϐές
1503 751 1640 812 ἐστι,
1668 750 1763 805 καί⁷
1792 750 2104 821 ἀπηγορευ-

527 834 687 904 μένον
709 833 1043 903 πανταχόθεν
1064 835 1177 895 τοῖς
1200 832 1365 901 ἱεροῖς
1394 833 1600 903 νόμοις,
1633 833 1720 885 ἴνα
1744 833 1801 886 δέ
1840 832 1915 904 μὴ
1938 832 2096 897 δόξω-

527 932 626 986 μεν
655 917 714 969 ἐν
744 918 853 978 τοῖς
878 914 1273 984 ὑποϐεϐληκόσι
1293 927 1320 954 ι
1353 916 1451 985 τὴν
1478 914 1695 968 ἀπασαν
1720 914 1913 985 σχολὴν
1938 918 2105 969 ποιεῖ-

526 997 670 1063 σθαι,
717 996 825 1052 ἀπὸ
855 996 947 1050 τοῦ
970 996 1404 1068 φρικωδεστέρου
1433 998 1465 1067 ή
1504 996 1745 1062 ἐξέτασις
1767 997 2009 1069 γένηται.
2041 1000 2102 1053 Εί

522 1080 633 1155 γάρ
666 1083 843 1135 ἐκεῖνο
891 1079 1090 1150 ἀληθὲς
1130 1079 1416 1152 εὑρεθείη,
1452 1081 1552 1134 οὐκ
1586 1080 1733 1135 ἐστιν
1785 1083 2104 1154 ἀντίρρησις

525 1166 655 1238 περὶ
685 1164 795 1219 τῶν
831 1164 1034 1218 λοιπῶν
1068 1163 1399 1234 κεφαλαίων,
1425 1164 1524 1236 τῆς
1559 1165 1717 1237 ῥίζης
1764 1167 1976 1221 ἐκείνου
2007 1169 2102 1222 τοῦ

525 1248 820 1319 κεφαλαίου
849 1250 956 1302 πᾶν
977 1244 1116 1313 εἶδος
1133 1249 1331 1312 κακίας
1350 1248 1828 1321 καρποφορούσης,
1853 1250 1996 1305 κατὰ
2013 1252 2103 1305 τὸν

524 1332 766 1388 είπόντα·
803 1331 957 1392 Ῥίζα
981 1331 1222 1386 πάντων
1244 1329 1449 1385 κακῶν
1464 1332 1638 1386 ἐστιν
1660 1334 1698 1401 ἠ
1723 1336 2099 1404 φιλαργιφία.

538 1416 599 1472 '0
619 1416 728 1489 γὰρ
766 1415 853 1468 ἐπ’
879 1413 1078 1479 ἀθώοις
1113 1414 1262 1486 δῶρα
1300 1415 1508 1480 λαϐὼν,
1556 1417 1651 1470 καὶ
1678 1416 1776 1487 τὴν
1819 1416 1914 1471 τοῦ
1947 1419 2102 1487 ἁγίου

524 1499 841 1572 Πνεύματος
868 1499 1129 1572 διανομὴν
1155 1500 1403 1572 ἀργυρίῳ
1427 1500 1818 1571 ἀπεμπολῆσαι
1850 1503 2101 1574 νομίσας,

525 1585 644 1650 πῶς
661 1585 902 1656 φείσεται
920 1583 1304 1654 ἐτικειμηλίων
1326 1585 1358 1655 ἢ
1379 1584 1587 1655 λίθωνῆ
1615 1587 1830 1659 χωρίων
1852 1586 1949 1656 τῆς
1984 1588 2105 1640 Ἐκ-

526 1669 785 1739 κλησίας;
829 1668 965 1723 Τότε
998 1670 1027 1723 6
1072 1668 1325 1739 Ἰωάννης
1360 1668 1584 1739 ἄρχεται
1616 1669 1717 1740 τῆς
1762 1670 2062 1736 ἐξετάσεως
2084 1713 2101 1736 ,

526 1754 706 1825 φήσας
735 1752 811 1824 τῷ
857 1750 1154 1820 Ἀντωνίνῳ
1173 1770 1186 1783 ·
1211 1751 1276 1805 Τί
1305 1751 1484 1819 λέγεις
1523 1754 1659 1824 πρὸς
1684 1753 1878 1820 ταῦτα,
1907 1755 2103 1824 ἀδελφέ

538 1835 855 1900 Ἀντωνῖνες
899 1835 1201 1906 Ἦρνήσατο
1229 1834 1287 1899 ἐξ
1321 1834 1584 1904 ἀνάγκης.
1613 1834 1736 1898 Πῶς
1765 1836 1874 1906 γὰρ
1906 1832 2015 1890 οἷόν
2044 1854 2103 1891 τε

527 1920 592 1975 ἐκ
616 1920 916 1991 προοιμίων
940 1917 1119 1972 αὐτῶν
1148 1917 1247 1987 τὴν
1274 1917 1408 1971 ἰδίαν
1438 1917 1702 1990 αἰσχύνην
1730 1920 2100 1991 όμολογῆσαις

540 2004 930 2075 Ἦρωτήθησαν
951 2004 997 2056 οί
1019 2002 1331 2065 δεδωκότες,
1354 2002 1661 2073 ἠρνήσαντο
1679 2004 1940 2058 κάκεῖνοι.
1978 2005 2104 2060 Ἐπὶ

525 2085 733 2151 τούτοις
776 2084 1050 2158 ἐπιμελῶς
1092 2085 1191 2154 τῆς
1240 2085 1537 2150 ἐξετάσεως
1580 2087 1870 2160 γινομένης
1910 2089 2103 2160 μέχρις

525 2169 675 2241 ὥρας
701 2168 913 2241 ὀγδόης,
943 2170 1008 2223 ἐκ
1034 2168 1349 2241 τεκμηρίων
1372 2168 1532 2222 τινῶν
1562 2169 1869 2240 ἐμορφοῦτο
1895 2173 1927 2242 ή
1954 2171 2098 2242 δίκη.

526 2251 838 2324 Καταλήγει
858 2251 926 2304 τὰ
947 2254 1248 2315 τελευταῖα,
1277 2251 1352 2315 ὡς
1379 2251 1547 2316 είκδς,
1577 2254 1657 2316 είς
1690 2254 1995 2325 μάρτυρας,
2017 2257 2103 2326 ἐφ’

526 2328 602 2391 ὧν
630 2335 726 2390 καὶ
751 2334 1015 2390 δεδώκασι
1040 2335 1133 2389 καὶ
1161 2335 1401 2405 εἴληφεν.
1430 2334 1505 2388 Οὐ
1536 2336 1793 2408 παρῆσαν
1823 2340 1874 2391 οί
1903 2340 2106 2409 μάρτυ-

531 2433 655 2488 ρες·
689 2418 845 2489 χρεία
874 2417 1082 2487 γίνεται
1121 2419 1221 2490 τῆς
1254 2416 1459 2472 τούτων
1486 2419 1901 2489 παραστάσεως.
1939 2422 2102 2475 Ἀπο-

527 2500 729 2571 ϐλέψας
756 2502 836 2564 είς
859 2500 921 2555 16
948 2500 1185 2573 ἐργῶδες
1210 2501 1306 2570 τῆς
1335 2500 1732 2570 παραστάσεως
1758 2502 1788 2554 6
1828 2502 2099 2575 Ἰωάννης,

528 2585 886 2658 προθυμεῖται
940 2583 1035 2636 ἐπὶ
1089 2581 1420 2651 καθαρισμῷ
1471 2582 1571 2653 τῆς
1635 2582 1962 2654 Ἐκκλησίας
2008 2589 2103 2641 καί⁸

528 2665 698 2734 φειδοῖ
715 2665 824 2718 τῶν
852 2664 1179 2735 μαρτύρων,
1219 2664 1285 2717 δι’
1312 2663 1506 2719 ἐαυτοῦ
1540 2667 1985 2737 παραγενόμενος
2022 2670 2103 2733 είς

527 2748 625 2820 τὴν
663 2749 867 2813 Ἀσίαν,
893 2748 990 2820 τὴν
1020 2749 1260 2815 ἐξέτασιν
1287 2748 1726 2820 συμπεραιῶσαι.
1755 2749 2099 2822 Θεασάμενος

526 2834 557 2886 6
599 2833 909 2896 Ἀντωνῖνος
941 2831 1001 2886 16
1039 2832 1228 2885 ἄοκνον
1273 2832 1517 2886 Ἰωάννου
1557 2832 1653 2885 καὶ
1684 2832 1747 2886 16
1778 2834 2097 2902 ἀδέκαστον,

526 2914 604 2977 ὡς
633 2916 727 2970 ἅτε
754 2913 1005 2978 συνειδὼς
1031 2913 1228 2985 ἐαυτῷ,
1259 2913 1591 2967 ὐπεισελθὼν
1615 2916 1694 2978 εἰς
1713 2915 1811 2969 ἕνα
1836 2916 1946 2970 τῶν
1972 2935 2102 2988 κρα-

526 2998 781 3063 τούντων,
817 2992 877 3052 οὗ
911 3000 1005 3052 καὶ
1043 2998 1153 3053 τῶν
1197 2997 1395 3068 γηδίων
1448 2998 1730 3069 ἐφρόντιζε
1769 3000 1878 3054 τῶν
1918 3004 1977 3055 ἐν
2028 3004 2097 3075 τῇ

538 3083 726 3155 Ἀσίᾳ,
764 3083 1068 3155 παρακαλεῖ
1111 3082 1272 3144 αὐτὸν
1323 3083 1545 3153 ποιῆσαι
1599 3083 1952 3156 ἐπισχεθῆναι
2005 3087 2098 3142 τὸν

539 3167 813 3236 Ἰωάννην,
841 3167 926 3221 ἴνα
954 3166 1028 3238 μή
1054 3165 1262 3237 ἀπέλθῃ
1294 3167 1373 3230 είς
1397 3166 1497 3236 τήν
1546 3165 1729 3221 Ἀσίαν
1749 3207 1763 3229 ,
1795 3168 2098 3241 ὑποσχόμε-

525 3265 613 3313 νος
637 3249 737 3322 τήν
759 3248 868 3303 τῶν
895 3249 1184 3320 μαρτύρων
1214 3247 1574 3321 παράστασιν.
1613 3250 1709 3313 Ὃς
1739 3248 1967 3321 ἐξαυτῆς
2000 3269 2099 3307 πα-

525 3334 850 3404 ρασκευάζει
881 3332 1183 3405 δηλωθῆναι
1222 3335 1286 3388 ἐκ
1322 3332 1416 3387 τοῦ
1461 3334 1722 3388 παλατίου
1755 3334 1836 3406 τῷ
1873 3337 2097 3392 ἐπισκό-

525 3434 612 3487 πῳ
650 3417 871 3489 Ἰωάννῃ
897 3416 1053 3469 τάδε·
1097 3416 1329 3469 Ἀτοπόν
1354 3419 1470 3470 ἐστι
1512 3417 1765 3489 πρᾶγμα,
1798 3418 2096 3474 ἐπίσκοπόν

524 3515 585 3551 σε
608 3497 735 3551 ὄντα
763 3501 856 3550 καὶ
885 3497 994 3551 τῶν
1022 3497 1208 3569 ψυχῶν
1234 3498 1389 3568 ἡμῶν
1424 3500 1754 3570 προστάτην,
1779 3502 1836 3554 ἐν
1858 3503 2092 3577 τοσαύτῃ

523 3581 817 3652 προσδοκίᾳ
843 3580 1069 3653 θορύϐου
1096 3581 1494 3650 καταλείψαντα
1533 3582 1630 3653 τὴν
1662 3583 1816 3639 πόλιν
1841 3625 1854 3649 ,
1885 3586 2096 3641 στείλα-

524 3662 648 3717 σθαι
668 3663 764 3736 τὴν
793 3663 1098 3736 ἀποδημίαν
1121 3663 1220 3735 τὴν
1244 3664 1321 3727 είς
1347 3665 1445 3736 τὴν
1485 3665 1688 3730 Ἀσίαν,
1719 3666 1959 3738 εὐχερῶς
1986 3668 2095 3724 τῶν

525 3746 816 3819 μαρτύρων
846 3747 1198 3817 διαγομένων.
1237 3743 1347 3801 Ἦν
1383 3748 1439 3801 δὲ
1466 3748 1663 3813 Γαῖνᾶς
1693 3749 1721 3802 6
1761 3748 2034 3823 βάρϐαρος
2067 3754 2096 3806 6

522 3828 967 3902 προσδοκώμενος
998 3828 1244 3903 θόρυϐος.
1292 3830 1434 3895 Καὶ,
1471 3830 1522 3884 τί
1569 3833 1710 3903 γάρ;
1743 3832 1832 3886 ἵνα
1872 3832 1947 3906 μὴ
1993 3852 2096 3905 μα-

519 3914 868 3984 κρηγορήσω,
914 3912 1157 3967 πείθεται
1218 3914 1541 3984 άπομεῖναι.
1600 3915 1900 3987 φροντίζων
1959 3918 2093 3987 ὁμοῦ

519 3995 616 4050 καὶ
639 3998 736 4066 τῆς
759 3994 909 4068 δίκης
934 3996 1027 4049 καὶ
1050 3995 1149 4065 τῆς
1177 3995 1466 4067 συντριϐἦς
1492 3995 1600 4048 τῶν
1625 3996 1936 4071 μαρτύρων.
1981 4000 2094 4073 Ἐρ·

522 4083 680 4149 μαῖον
709 4080 767 4134 δὲ
797 4080 873 4150 τῷ
903 4079 1331 4151 κατηγορηθέντι
1356 4080 1599 4151 ὑπῆρχεν
1626 4082 1658 4152 ἠ
1686 4082 1764 4145 είς
1794 4083 1921 4146 τοὺς
1956 4084 2095 4156 μάρ-

516 4180 688 4233 τυρας
707 4162 960 4232 ἀναϐολὴ,
986 4160 1077 4225 οὓς
1109 4160 1328 4214 ἐδύνατο
1356 4161 1686 4230 φυγαδεῦσαι
1714 4163 1746 4235 ἥ
1782 4165 2031 4237 ἀργυρίῳ
2057 4167 2089 4239 ή

515 4243 826 4315 δυναστείᾳ.
848 4243 1031 4296 Ταῦτα
1056 4241 1420 4313 προεωρακὼς
1445 4244 1473 4296 6
1507 4243 1775 4316 Ἰωάννης.
1799 4248 2092 4304 σκέπτεται

519 4327 661 4396 μετὰ
685 4326 782 4397 τὴς
813 4325 1092 4398 παρούσης
1113 4325 1331 4379 συνόδου
1363 4325 1513 4390 τινὰς
1537 4326 1644 4381 τῶν
1672 4328 1951 4399 παρόντων
1975 4333 2093 4386 ἐπι-

518 4410 736 4467 σκόπων
770 4410 1135 4479 ἀποσταλῆναι
1177 4411 1258 4473 εἰς
1294 4409 1394 4481 τὴν
1450 4407 1636 4464 Ἀσίαν
1687 4412 1780 4465 ἐπὶ
1826 4415 2093 4486 ἐρωτήσει

514 4493 622 4547 τῶν
663 4492 975 4566 μαρτύρων.
1018 4492 1280 4565 Ἑξαυτῆς
1321 4491 1415 4548 οὖν
1444 4491 1760 4566 ὡρίσθησαν
1794 4499 1939 4569 τρεῖς
1980 4497 2093 4550 ἐπί-

515 4595 708 4632 σκοποι
735 4577 1041 4639 κατελθεῖν,
1073 4576 1403 4649 Συγκλήτιος
1442 4578 1843 4650 μητροπολίτης
1885 4579 2090 4650 Τραϊα-

511 4661 843 4726 ωυπόλεως,
891 4660 1144 4733 Ἦσόχιος
1197 4662 1225 4714 6
1257 4660 1500 4733 Παρίου,
1555 4661 1651 4715 καὶ
1716 4662 2013 4727 Παλλάδιος
2064 4667 2092 4719 6

523 4743 949 4808 Ἐλενουπόλεως
971 4784 987 4808 ,
1035 4743 1437 4814 διαλαλησάσης
1472 4746 1573 4815 τῆς
1617 4744 1833 4799 συνόδου
1877 4746 1936 4798 ἐν
1977 4749 2091 4812 τοῖς

511 4828 916 4900 ὑπομνήμασιν,
949 4826 1024 4890 ὡς
1063 4827 1157 4880 16v
1189 4827 1339 4891 ἐντὸς
1374 4827 1467 4880 δύο
1508 4828 1694 4899 μηνῶν
1730 4829 1804 4902 μὴ
1849 4830 2092 4904 ἀπαντή.

435 4927 438 4929 ‘
511 4929 679 4967 σαντα
722 4913 816 4965 καὶ
842 4909 1114 4963 συστάντα
1153 4911 1266 4973 τοῖς
1299 4908 1491 4963 ἐαυτοῦ
1528 4910 1759 4977 δικαίοις
1790 4916 1848 4967 ἐν
1894 4913 2090 4970 Ὑπαξ-

510 5008 634 5058 ποις
655 4995 720 5063 τῇ
761 4992 1023 5046 Ἀσιανῶν
1050 4991 1222 5055 πόλει,
1243 4990 1330 5045 διά
1353 4992 1415 5045 16
1449 4994 1515 5045 ἐκ
1547 4997 1804 5061 γειτόνων
1832 4993 1971 5052 εἶναι
1997 5000 2091 5053 καὶ

509 5076 636 5141 τούς
680 5075 1068 5146 ἐλεγχομένους
1102 5074 1198 5127 καὶ
1233 5074 1359 5137 τοὺς
1386 5072 1607 5138 λοιποὺς
1639 5076 1748 5129 τῶν
1776 5080 2091 5136 ἐπισκόπων

508 5159 635 5224 τοὺς
674 5158 989 5228 ὀφείλοντας
1028 5155 1342 5211 συνδικάσαι
1393 5157 1509 5218 τοῖς
1551 5157 1680 5230 περὶ
1722 5160 2087 5232 Συγκλήτιον,

507 5240 698 5295 τοῦτον
721 5241 1086 5311 ἀκοινώνητον
1109 5239 1375 5308 γίνεσθαι.
1404 5239 1546 5310 Πρὸς
1583 5240 1793 5307 τούτοις
1820 5244 2090 5316 κατῆλθον

454 5322 459 5327 ’
506 5326 558 5378 οι
583 5323 923 5391 τυπωθέντες
955 5323 1284 5397 Συγκλήτιος
1310 5323 1402 5378 καὶ
1431 5322 1727 5390 Παλλάδιος
1754 5327 1813 5381 ἐν
1840 5328 2084 5405 Σμύρνηο

505 5411 537 5463 6
553 5406 665 5480 γάρ
708 5406 958 5479 Ἦσύχιος
986 5407 1139 5478 φίλος
1162 5405 1240 5461 ὣν
1265 5407 1361 5463 τοῦ
1396 5407 1737 5475 Ἀντωνίνου,
1760 5418 2089 5487 προσεποιή-

508 5508 641 5545 σατο
677 5492 1058 5547 κεκακῶσθαν
1094 5491 1324 5564 ἐξαυτῆς
1362 5491 1419 5547 δέ
1453 5493 1764 5566 γράψαντες
1803 5497 2087 5569 ἐσήμαναν

503 5574 833 5647 ἀμφοτέροις
867 5578 980 5641 τοῖς
1019 5575 1209 5648 μέρεσι
1258 5574 1357 5649 τὴν
1393 5575 1604 5632 ἑαυτῶν
1638 5577 1932 5650 ἐπιδημίαν
1953 5622 1967 5642 ,
1998 5583 2085 5638 ῖνα

2207 416 2306 481 τάς
2349 413 2691 484 ὑποσχέσεις.
2744 414 2805 468 Οἱ
2853 413 2909 468 δέ
2963 413 3248 478 πείσαντες
3290 411 3582 484 ἀλλήλους,
3621 414 3650 468 6
3690 415 3796 486 μέν

2210 499 2439 570 χρυσίῳ,
2469 499 2498 551 6
2537 496 2594 551 δὲ
2637 497 2813 569 ὅρκῳ,
2845 496 2987 567 φίλοι
3016 496 3273 565 γεγόνασι
3304 495 3410 568 πρὸ
3433 496 3536 568 τῆς
3573 496 3682 550 τῶν
3712 499 3798 554 δι⁴

2207 580 2426 634 καστῶν
2462 580 2787 652 παρουσίας.
2821 579 3228 651 Συνδραμόντες
3261 578 3318 633 δὲ
3357 580 3599 651 σχήματι
3627 580 3684 633 ἐν
3723 583 3794 653 τῇ

2217 663 2585 726 ’Υπαιπινῶν,
2635 664 2882 734 ἐνόμιζον
2928 664 3056 727 τοὺς
3104 661 3299 733 κριτάς
3353 661 3659 726 διαπαίζειν
3695 664 3797 717 ἐπὶ

2208 746 2497 819 ὑπερθέσει
2523 747 2685 801 πάλιν
2712 747 2821 801 τῶν
2855 746 3166 818 μαρτύρων,
3196 746 3270 809 ὡς
3299 744 3684 816 ἐκδημούντων
3711 748 3795 811 είς

2204 829 2493 902 διαφόρους
2523 830 2734 901 χρείας.
2768 830 2912 899 Πρὸς
2937 829 3147 891 τούτοις
3179 828 3530 899 ἐπερωτῶσιν
3558 829 3607 882 οἱ
3634 827 3796 884 δικα-

2208 914 2330 967 σταὶ
2355 913 2444 966 τὸν
2462 914 2790 985 κατήγορονο
2822 913 3001 976 Ἐντὸς
3017 908 3110 965 οὖν
3136 911 3320 966 ποσῶν
3342 913 3564 983 ἡμερῶν
3584 913 3797 983 διάγεκ

2206 997 2433 1060 αὐτούς;
2467 996 2561 1051 καὶ
2591 996 2945 1067 ἐκδεχόμεθα.
2975 995 3221 1066 Νομίσας
3246 997 3443 1059 αὐτοὺς
3469 996 3798 1069 δυσφοροῦν-

2203 1097 2302 1143 τας
2333 1079 2467 1151 πρὸς
2497 1080 2596 1150 τὴν
2628 1080 2739 1133 τῶν
2779 1080 2955 1153 ἀέρων
2972 1079 3286 1149 οέπάχθειαν
3325 1079 3635 1150 ἀποχωρεῖν
3677 1080 3696 1150 (
3721 1076 3792 1152 ἦν

2204 1162 2315 1232 γὰρ
2339 1162 2401 1215 16
2429 1163 2731 1234 ἀκραιφνὲς
2751 1163 2851 1233 τῆς
2874 1162 3092 1235 θερινῆς
3121 1160 3302 1233 ὥρας)
3323 1162 3610 1233 ὑπέσχετο,
3637 1163 3794 1227 ἐντὸς

2204 1247 2613 1318 τεσσαράκοντα
2630 1246 2852 1319 ἡμερῶν
2880 1246 3173 1317 ἐγγράφως
3194 1246 3226 1317 ἢ
3254 1248 3408 1314 ἀγειν
3429 1248 3554 1311 τούς
3581 1248 3793 1319 μάρτυ-

2211 1346 2310 1402 ρας
2342 1329 2375 1400 ἦ
2411 1330 2739 1398 ὑφίστασθαι
2768 1329 2837 1384 τά
2864 1330 2972 1384 τῶν
2998 1331 3259 1385 κανόνων.
3311 1328 3561 1399 Ἀφεθεὶς
3588 1326 3683 1384 οὖν
3711 1332 3794 1395 είς

2207 1411 2529 1483 ἐπιζήτησιν
2563 1411 2671 1466 τῶν
2711 1412 3034 1485 μαρτύρων,
3074 1411 3391 1466 καταλιπὼν
3427 1412 3489 1466 16
3522 1414 3791 1484 πρᾶγμα.

2206 1496 2618 1568 καταλαμϐάνει
2638 1496 2737 1568 τὴν
2763 1496 3355 1561 Κωνσταντινούπολιν,
3382 1498 3560 1551 ἐκεῖσε
3582 1497 3795 1551 διαλαν-

2206 1578 2404 1635 θάνων.
2446 1577 2784 1644 Ἐξεδέξαντο
2807 1581 2855 1632 οἱ
2878 1579 3063 1649 κριταὶ
3090 1578 3189 1644 τὰς
3214 1580 3625 1653 τεσσαράκοντα
3648 1578 3791 1651 ὴμέ-

2208 1680 2327 1735 ρας,
2358 1664 2434 1727 ὼς
2468 1663 2634 1727 είκός⁸
2675 1663 2770 1716 καὶ
2808 1664 2884 1728 ὼς
2902 1663 3137 1736 οὐδαμοῦ
3175 1664 3371 1737 ἐφάνη,
3411 1665 3789 1720 ἐπιστέλλουσι

2203 1749 2316 1809 τοῖς
2350 1745 2626 1815 πανταχοῦ
2668 1745 2770 1816 τῆς
2824 1746 3009 1809 Ἀσίας
3059 1747 3378 1811 ἐπισκόποις
3403 1789 3417 1812 ,
3460 1749 3791 1818 ποιήσαντες

2206 1828 2366 1883 αὐτὸν
2399 1827 2834 1899 ἀκοινώνητον,ἢ
2862 1828 2937 1892 ὡς
2966 1828 3295 1901 λιποτάκτην
3333 1831 3366 1901 ἢ
3399 1830 3476 1895 ὡς
3517 1830 3790 1899 συκοφάν-

2202 1929 2303 1983 την
2319 1930 2333 1943 ·
2365 1912 2503 1982 μετά
2520 1911 2577 1965 δὲ
2595 1912 2753 1967 τοῦτο
2773 1930 2939 1984 προσε
2947 1931 3014 1968 κα
3020 1914 3289 1986 ρτέρησαν
3311 1915 3473 1980 ἄλλας
3492 1915 3788 1990 τριάκοντα

2203 1996 2436 2067 ἡμέρας,
2460 1998 2554 2050 καὶ
2569 1996 2644 2060 ὼς
2666 1997 2904 2068 οὐδαμοῦ
2928 2000 3121 2070 ἐφάνη.
3145 2001 3600 2071 ἀναχωρήσαντες
3621 1995 3789 2072 ἦλθον

2202 2079 2283 2141 είς
2300 2080 2399 2151 τὴν
2413 2080 3001 2135 Κωνσταντινούπολιν·
3020 2082 3181 2135 κάκεῖ
3202 2083 3586 2153 περιτυχόντες
3608 2081 3787 2153 αὐτῷ,

2204 2163 2493 2217 ἐνεκάλουν
2527 2165 2619 2217 ἐπὶ
2649 2163 2729 2234 τῷ
2760 2165 3166 2238 τετολμημένῳ.
3210 2168 3271 2221 '0
3305 2167 3363 2221 δὲ
3396 2167 3560 2221 πάλιν
3599 2169 3788 2240 ἀρρω-

2205 2246 2359 2300 στίαν
2380 2246 2629 2317 σώματος
2648 2250 3146 2321 πῳφασισάμενος,
3171 2251 3485 2322 ὑπισχνεῖτο
3504 2253 3630 2317 τοὺς
3650 2253 3787 2326 μάρ-

2200 2348 2392 2402 τυρας,
2439 2331 2653 2386 Τούτων
2692 2331 2835 2387 οὕτω
2881 2335 3405 2407 χρονοτριϐούντων,
3448 2336 3786 2409 ἀποθνήσκει

2200 2415 2230 2467 6
2270 2416 2613 2480 Ἀντωνῖνος,
2664 2415 2784 2488 μεθ’
2828 2411 2888 2472 οὐ
2925 2414 3066 2490 εἶχεν
3100 2420 3127 2472 6
3169 2420 3427 2485 Εὐσέϐιος
3458 2420 3559 2492 τὴν
3599 2421 3779 2493 δίκην.

2201 2492 2365 2562 Αὖθις
2400 2498 2660 2569 ψήφισμα
2691 2499 2909 2571 ἔρχεται
2945 2502 3054 2555 ἀπὸ
3095 2502 3279 2568 Ἀσίας
3303 2544 3319 2568 ,
3363 2504 3524 2556 τοῦτο
3561 2503 3658 2574 μὲν
3683 2492 3783 2559 τοῦ

2202 2580 2404 2652 κλήρου
2437 2583 2534 2653 τῆς
2577 2583 2897 2654 Ἐκκλησίας
2923 2584 3031 2637 τῶν
3069 2585 3351 2655 Ἐφεσίων,
3392 2584 3552 2640 τοῦτο
3580 2586 3637 2642 δέ
3670 2586 3784 2641 τῶν

2200 2663 2515 2719 ἐπισκόπων
2536 2708 2549 2729 ,
2583 2667 2719 2738 πρὸς
2755 2667 2845 2721 τὸν
2889 2666 3174 2740 Ἰωάννην,
3203 2665 3425 2736 ἀξίωσιν
3458 2669 3577 2738 μεθ’
3616 2671 3783 2742 ὅρκου

2202 2748 2431 2819 φρικτοῦ
2459 2750 2712 2821 περιέχον
2730 2768 2742 2783 ο
2782 2751 2999 2823 Ἐπειδὴ
3019 2755 3077 2806 ἐν
3102 2757 3211 2817 τοῖς
3238 2752 3548 2824 ἔμπροσθεν
3568 2755 3783 2828 χρόνοις

2202 2830 2408 2903 φύρδην
2441 2833 2495 2885 οἰ
2516 2850 2573 2886 τε
2602 2834 2793 2905 θεσμοὶ
2821 2838 2915 2890 καὶ
2942 2837 3097 2908 ήμεῖς
3136 2837 3566 2909 ἐποιμάνοημεν,
3597 2838 3781 2905 ἀξιοῦ-

2203 2913 2301 2983 μέν
2332 2931 2425 2968 σου
2460 2913 2558 2986 τὴν
2587 2915 2875 2990 τιμιότητα
2904 2918 3269 2973 κατελθοῦσαν
3301 2917 3472 2973 τύπον
3513 2922 3783 2977 ἐπιθεῖναι

2201 2994 2542 3066 θεόπεμπτον
2575 3001 2641 3070 τῇ
2679 3000 2939 3068 Ἐφεσίων
2982 3002 3281 3074 Ἐκκλησία
3310 3005 3373 3057 ἐκ
3404 3005 3632 3076 μακρῶν
3670 3006 3783 3059 τῶν

2198 3080 2409 3152 χρόνων
2428 3084 2887 3158 καταπονηθείσῃ,
2909 3086 3068 3141 τοῦτο
3095 3087 3192 3158 μὲν
3213 3088 3317 3142 ὑπὸ
3337 3089 3447 3142 τῶν
3471 3090 3537 3144 τά
3567 3091 3779 3163 Ἀρείου

2200 3163 2558 3234 φρονούντων,
2616 3165 2773 3220 τοῦτο
2816 3167 2873 3221 δὲ
2923 3170 3028 3223 ὑπὸ
3075 3170 3183 3224 τῶν
3227 3173 3295 3225 τά
3349 3171 3594 3245 ήμέτερα
3641 3172 3781 3245 μετά

2198 3245 2511 3313 πλεονεξίας
2537 3249 2630 3303 καὶ
2655 3249 2939 3319 φιλαυτίας
2964 3250 3303 3322 αὐχούντων·
3325 3254 3517 3327 ἐπειδὴ
3545 3254 3778 3327 μάλιστα

2200 3328 2384 3382 πολλοὶ
2415 3330 2461 3384 οί
2481 3331 2883 3403 ἐφεδρεύοντες,
2912 3335 2987 3398 ὡς
3015 3335 3167 3390 λύκοι
3207 3336 3413 3409 βαρεῖς,
3443 3337 3534 3392 διὰ
3558 3338 3781 3411 χρημάο

2196 3427 2304 3465 των
2333 3413 2574 3484 ἁρπάσαι
2602 3415 2692 3470 τὸν
2720 3415 2908 3489 θρόνον
2937 3419 3280 3491 ἐπειγόμενοι
3315 3419 3364 3475 δ.
3405 3420 3464 3475 Ὀ
3494 3420 3552 3475 δὲ
3598 3421 3781 3475 Ἰωάν-

2196 3512 2294 3566 νης
2315 3497 2372 3549 ἐν
2393 3498 2631 3572 τοσαύτῃ
2661 3498 2910 3571 σώματος
2939 3502 3223 3575 ἀνωμαλίᾳ
3250 3504 3342 3557 καὶ
3363 3503 3650 3578 χειμερίας
3673 3505 3779 3575 τῆς

2196 3578 2365 3647 ὥρας,
2388 3580 2541 3635 οὐδὲν
2575 3581 2679 3655 πρὸ
2699 3583 2992 3654 ὀφθαλμῶν
3019 3586 3242 3657 θέμενος
3265 3586 3528 3660 λυπηρὸν,
3555 3590 3647 3643 ἐπὶ
3670 3606 3775 3643 καε-

2194 3665 2452 3718 ταστάσει
2491 3666 2725 3737 μάλιστα
2748 3669 3114 3740 νενοσηκότων
3156 3673 3494 3744 πραγμάτων
3524 3672 3654 3741 ὅλης
3673 3672 3778 3742 τῆς

2209 3746 2462 3818 Ἀσιανῆς
2492 3748 2808 3821 διοικήσεως
2837 3751 2906 3806 δι’
2946 3753 3204 3826 ἀπειρίαν
3241 3756 3274 3827 ἢ
3309 3754 3545 3827 ἐρημίαν
3574 3755 3775 3826 ποιμέ-
3884 3811 3894 3819 ,

2195 3846 2321 3894 νων,
2348 3831 2601 3896 τονωθεὶς
2633 3835 2697 3906 τῇ
2733 3834 3030 3909 προθυμίᾳ,
3062 3837 3236 3908 ἐμϐὰς
3265 3839 3344 3902 είς
3372 3837 3585 3902 πλοῖον,
3616 3838 3779 3891 ἀπαί-

2197 3927 2280 3983 ρει
2318 3911 2417 3982 τῆς
2453 3913 2679 3980 πόλεως.
2731 3917 3148 3990 Ἐπιγενομένου
3191 3920 3247 3973 δὲ
3299 3919 3531 3991 σφοδροῦ
3572 3919 3776 3990 ἀνέμου

2196 3994 2444 4068 βορρέου,
2471 3999 2798 4072 φοϐηθέντες
2825 4004 2872 4055 οί
2895 4005 3159 4067 ναυτικοὶ,
3193 4005 3279 4058 ἵνα
3302 4006 3376 4076 μὴ
3402 4006 3482 4068 είς
3512 4002 3610 4077 τήν
3632 4005 3777 4077 Προ-

2194 4079 2451 4150 κόννησον
2478 4082 2769 4152 ἐκριφῶσι,
2792 4083 2852 4137 16
2882 4083 3106 4157 ἔπαρμα
3138 4085 3320 4150 θέντες
3345 4089 3409 4157 τῇ
3443 4085 3774 4159 βαλλομένη.

2194 4161 2555 4234 ὑποτρέχουσι
2577 4166 2636 4219 τὸ
2658 4166 2783 4238 ὅρος
2803 4166 2896 4221 τοῦ
2933 4171 3206 4239 Τρίτωνος
3227 4187 3241 4201 ο
3272 4171 3493 4225 κάκεῖσε
3519 4171 3777 4244 ῥίψαντες

2192 4245 2317 4310 τοὺς
2360 4247 2644 4320 κατόχους,
2698 4249 2890 4320 έμενον
2929 4253 3276 4325 ἐκδεχόμενοι
3325 4255 3510 4320 νότον,
3550 4256 3639 4310 ῖνα
3673 4271 3777 4309 πα-

2196 4326 2473 4397 ραϐάλωσι
2514 4332 2577 4401 τῇ
2619 4333 2911 4405 Ἀπαμείᾳ.
2957 4335 3361 4405 Ἐπιμείναντες
3392 4332 3487 4392 οῦν
3516 4337 3611 4392 δύο
3635 4340 3777 4408 ἠμέ-

2198 4427 2296 4493 ρας
2321 4412 2535 4481 νήστεις
2566 4412 2890 4483 ρεμϐόμενοι
2920 4418 2979 4470 ἐν
3006 4418 3083 4489 τῷ
3113 4419 3302 4486 πλοίῳ,
3333 4422 3400 4492 τῇ
3424 4421 3583 4493 τρίτῃ
3614 4420 3777 4492 ἐξῆλ-

2194 4491 2285 4545 θον
2308 4494 2388 4555 είς
2412 4493 2510 4565 τήν
2551 4495 2874 4567 Ἀπάμειαν,
2916 4501 2976 4553 ἐν
3088 4500 3397 4574 ἐξεδέχοντο
3428 4491 3642 4567 Παῦλος
3681 4491 3775 4559 καὶ

2193 4577 2430 4646 Κυρῖνος
2476 4578 2571 4632 καὶ
2620 4580 2919 4647 Παλλάδιος
2965 4587 3015 4639 οί
3048 4585 3367 4640 ἐπίσκοποισ
3402 4586 3627 4651 τούτους
3663 4588 3776 4658 γάρ

2192 4659 2353 4714 ἔλαϐε
2396 4661 2767 4734 συνεκδήμους
2812 4666 2842 4720 6
2885 4667 3156 4741 Ἰωάννης.
3197 4669 3559 4735 Διανύσαντες
3599 4670 3656 4726 δὲ
3705 4674 3772 4743 τῇ

2194 4743 2391 4819 πεζικῇ
2444 4747 2636 4820 πορείᾳ
2658 4750 2757 4818 τὴν
2788 4751 2927 4818 ὁδὸν,
2964 4754 3336 4809 είσϐάλλουσιν
3365 4757 3447 4820 είς
3477 4756 3573 4828 τήν
3604 4756 3775 4825 Ἐφε-

2194 4844 2285 4881 σον
2303 4843 2318 4857 ο
2348 4829 2444 4883 καὶ
2476 4832 2872 4901 συναγαγόντες
2907 4837 3031 4900 τούς
3056 4837 3152 4908 τῆς
3181 4837 3381 4902 Λυδίας
3403 4838 3733 4904 ἐπισκόπους
3752 4880 3767 4899 .

2194 4910 2287 4964 καὶ
2325 4911 2510 4977 Ἀσίας
2538 4914 2632 4968 καὶ
2660 4916 2873 4988 Καρίας
2902 4918 3272 4985 συντείνοντας
3296 4922 3376 4985 είς
3404 4920 3775 4992 ἐϐδομήκοντα

2191 4993 2419 5066 ἀνδρας,
2465 4994 2743 5051 ποιοῦνται
2785 4998 2884 5069 τὴν
2925 5002 3259 5073 χειροτονίαν
3277 5043 3291 5067 ,
3319 5002 3427 5057 τῶν
3464 5001 3679 5057 πολλῶν
3707 5003 3773 5057 ἐκ

2197 5076 2503 5150 προθυμίας
2522 5079 2770 5135 ἑκουσίου
2789 5082 3238 5155 ἀπαντησάντων,
3266 5086 3500 5158 μάλιστα
3517 5086 3771 5159 Φρυγῶν,

2193 5161 2286 5214 ἐπὶ
2310 5160 2607 5216 ἀπολαύσει
2637 5163 2902 5236 στόματος
2932 5169 3123 5236 σοφίας
3144 5208 3159 5233 ,
3186 5169 3327 5225 κατά
3365 5168 3427 5224 16
3458 5170 3771 5241 εἰρημένον

2193 5243 2382 5312 Σοφία
2406 5243 2478 5296 ἐν
2500 5244 2735 5315 ἐξόδοις
2762 5248 3061 5318 ὑμνεῖται,
3107 5253 3384 5307 τουτέστιν
3402 5293 3418 5317 ,
3453 5254 3513 5307 ἐν
3536 5255 3651 5317 τοῖς
3680 5252 3770 5307 λαο

2192 5323 2377 5379 λοῦσιν
2394 5341 2410 5356 ο
2436 5327 2510 5381 ἐν
2529 5327 2600 5383 δέ
2617 5331 2926 5399 πλατείαις
2949 5336 3295 5403 παρῤησίαν
3314 5336 3443 5405 ἄγει
3458 5376 3475 5401 ,
3501 5337 3770 5402 τουτέστι,

2191 5409 2443 5482 καρδίαις
2488 5415 2610 5477 ταῖς
2650 5413 2741 5468 διὰ
2780 5415 3137 5488 πολυτρόπων
3169 5419 3404 5489 θλίψεων
3434 5419 3774 5475 πλατυνθείμ-

2191 5507 2332 5556 σαις,
2357 5494 2500 5549 κατά
2527 5495 2609 5562 τὸ,
2650 5497 2754 5553 Ἔν
2773 5500 2979 5569 θλίψει
3007 5499 3355 5570 ἐπλάτυνάς
3373 5519 3470 5573 με.
3499 5503 3771 5572 Στενοχω-

2191 5579 2362 5647 ρεῖται
2383 5578 2496 5653 γὰρ
2520 5581 2554 5652 ή
2577 5580 2738 5650 σοφία
2766 5582 2827 5635 ἐν
2850 5586 2962 5648 τοῖς
2993 5584 3063 5638 τὰ
3087 5583 3303 5649 ζιζάνια
3326 5584 3650 5658 γεωργοῦσι,
3676 5585 3775 5644 καὶ

505 5657 904 5729 συνδραμόντες
931 5660 1012 5723 είς
1031 5660 1131 5729 τὴν
1149 5658 1460 5731 ὡρισμένην
1485 5659 1660 5724 πόλιν,
1683 5662 2082 5736 ἐκπληρῶσωτι
2185 5660 2278 5715 τὸν
2307 5661 2468 5731 λόγον
2500 5664 2915 5735 συμπνίγουσιν.

565 5793 589 5826 ⁸
612 5792 687 5846 ΔΩ
710 5794 976 5861 legendum
998 5791 1351 5853 ὐποϐεϐηκόσιῖ

2251 5805 2280 5847 δ
2306 5808 2482 5875 Georg.
2507 5815 2591 5870 τῆς
2612 5811 2871 5874 ἐπισκοπῆς
2894 5816 3198 5881 ἐπειγόμενοι.
