4110 6148
301 323 364 385 ιθ
1274 318 1361 373 DE
1406 315 1557 371 \‘l'f‘A
1599 317 1636 372 S

297 446 351 496 iu
383 440 659 512 proposito
704 437 959 507 persistit.
990 436 1124 490 Tum
1147 434 1333 503 jubent
1378 433 1480 503 legi
1508 431 1773 486 libellum:
1803 431 1880 484 le-

296 544 490 602 ctaque
505 539 625 584 sunt
642 527 945 596 supradicta
969 527 1159 595 capita.
1183 524 1370 580 Dicunt
1388 524 1626 578 seniores
1647 523 1880 594 episcopi

301 623 498 678 Joanni
530 662 545 688 ,
580 619 765 674 audito
812 629 996 673 tenore
1040 616 1200 671 libelli
1250 634 1263 671 :
1304 615 1416 671 Etsi
1470 613 1883 684 unumquodque

298 715 717 783 uniuscujusque
751 711 945 781 capitis
990 710 1218 764 maxime
1250 709 1467 778 impium
1497 716 1580 761 est
1624 718 1678 760 et
1715 707 1881 760 unde-

298 821 507 877 quaque
550 807 719 859 sacris
761 804 967 874 legibus
1006 802 1387 865 interdictum,
1432 816 1500 855 ne
1527 799 1802 854 videamur
1830 799 1879 852 in

298 897 382 951 his
421 912 542 966 qua:
586 896 790 950 leviora
853 902 977 948 sunt
1048 902 1256 960 tempus
1322 907 1484 946 omne
1559 891 1875 952 insumere,

296 987 360 1041 ab
426 1002 492 1039 eo
548 985 690 1055 quod
762 993 844 1039 cst
926 984 1232 1038 horribilius
1308 982 1397 1036 fiat
1466 981 1756 1052 inquisitio.
1822 980 1877 1034 Si

294 1077 439 1131 enim
516 1077 643 1130 illud
709 1077 979 1130 inventum
1054 1074 1214 1128 fuerit
1281 1088 1462 1127 verum
1506 1112 1521 1135 ,
1589 1071 1763 1125 nullus
1811 1070 1878 1124 de

293 1165 558 1235 capitibus
614 1166 834 1234 reliquis
884 1165 990 1218 erit
1054 1161 1454 1218 contradicendi
1505 1162 1690 1216 locus:
1754 1175 1875 1213 cum

294 1255 435 1312 illius
460 1256 652 1325 capitis
704 1255 851 1309 radix
896 1269 1109 1309 onmem
1159 1253 1451 1322 iniquitatis
1490 1252 1721 1320 Speciem
1749 1265 1875 1321 pro-

292 1348 578 1413 germinet,
608 1345 758 1414 juxta
788 1344 957 1408 illum,
987 1344 1073 1413 qui
1107 1342 1181 1397 ait
1209 1361 1221 1396 :
1267 1341 1439 1395 Radix
1460 1342 1681 1395 onmium
1710 1339 1874 1393 mulo-

290 1457 410 1493 rum
450 1452 525 1493 est
576 1438 789 1491 avaritia
828 1436 897 1510 (f
960 1436 1129 1491 Tim.6
1157 1436 1334 1505 ,10).
1377 1435 1476 1502 Qui
1525 1432 1668 1488 enim
1718 1446 1877 1501 Super

290 1532 612 1584 innocentes
638 1544 854 1583 munera
882 1528 1126 1597 accepit,
1159 1536 1213 1582 et
1248 1526 1476 1595 Spiritus
1501 1525 1667 1580 sancti
1693 1524 1874 1579 distri-

290 1621 567 1676 butionem
596 1630 820 1690 argento
847 1621 1079 1675 vendere
1127 1635 1231 1672 non
1277 1618 1538 1673 dubitavit
1558 1634 1571 1670 :
1590 1632 1697 1685 quo
1721 1624 1876 1686 pacto

287 1713 399 1781 jam
428 1722 612 1780 parcet
636 1712 804 1764 sacris
832 1711 971 1765 vasis
1000 1718 1091 1764 aut
1120 1709 1380 1778 lapidibus
1409 1718 1500 1762 aut
1543 1707 1755 1777 przcdiis
1781 1722 1873 1760 ec-

296 1804 524 1859 elesim?
560 1803 711 1858 Tunc
749 1803 985 1858 Joannes
1014 1805 1366 1872 quaestionem
1390 1802 1599 1855 inchoat
1624 1842 1640 1866 ,
1689 1799 1875 1854 dicens

291 1898 598 1951 Antonino:
631 1896 765 1964 Quid
797 1896 861 1950 ad
886 1896 997 1950 lucc
1014 1896 1166 1961 dicis,
1185 1895 1349 1950 frater
1377 1894 1679 1949 Antonine?
1701 1893 1869 1962 Nega-

292 1987 366 2040 vit
391 1987 481 2040 ille
510 1987 835 2040 necessario.
867 1986 1145 2052 Quomodo
1191 1985 1336 2040 enim
1367 1994 1545 2054 posset
1574 1984 1677 2039 sub
1706 1999 1871 2039 exor-

290 2076 434 2130 dium
468 2077 645 2144 ipsum
674 2075 1041 2132 eoofusionent
1070 2092 1218 2132 suam
1240 2076 1523 2132 confiteri?
1559 2076 1870 2145 Interrogati

289 2175 413 2222 sunt
441 2168 530 2236 qui
558 2168 853 2232 dederunt;
906 2178 1164 2237 negarunt
1204 2179 1257 2222 et
1305 2168 1423 2236 ipsi.
1460 2169 1585 2220 Post
1613 2167 1725 2221 luce
1750 2183 1870 2221 cum

292 2256 567 2326 inquisitio
591 2257 654 2311 ad
684 2260 867 2311 horam
888 2274 1054 2328 usque
1098 2269 1338 2313 octavam
1369 2257 1651 2327 diligenter
1688 2272 1874 2327 agere-

291 2354 378 2400 tur
404 2387 417 2411 ,
460 2362 527 2401 ex
568 2347 779 2401 indiciis
822 2348 1135 2417 quibusdam
1162 2347 1419 2416 judicium
1460 2347 1740 2401 formatum
1767 2356 1869 2403 est.

292 2437 602 2503 Postremo,
626 2449 681 2492 ιιι
710 2455 803 2507 par
832 2448 942 2493 erat
961 2480 976 2505 ,
1007 2448 1223 2493 ventum
1254 2446 1338 2491 est
1362 2437 1425 2489 ad
1456 2444 1621 2491 testes
1647 2479 1663 2502 ,
1690 2452 1870 2491 coram

289 2529 480 2598 quibus
512 2539 566 2582 et
597 2528 649 2583 hi
675 2529 951 2593 dederant,
969 2537 1023 2584 et
1051 2530 1163 2598 ipse
1182 2538 1480 2597 acceperat.
1511 2526 1626 2581 Non
1652 2526 1875 2582 aderant

290 2631 453 2675 testes
487 2634 660 2687 :Opus
687 2630 803 2675 erat
831 2636 1014 2675 eorum
1047 2619 1346 2690 prmsentia.
1378 2617 1751 2673 Difflcultatem
1796 2618 1868 2672 si-

288 2709 601 2763 stemlorum
648 2712 860 2763 testium
908 2710 1200 2779 respiciens
1244 2708 1499 2775 Joannes,
1535 2721 1589 2762 ιιι
1620 2715 1873 2778 purgaret

292 2803 582 2856 Ecclesiam
604 2842 619 2868 ,
648 2811 702 2857 et
733 2802 953 2858 testibus
985 2810 1226 2872 parceret
1252 2844 1267 2868 ,
1297 2818 1391 2871 per
1424 2817 1483 2856 se
1508 2802 1562 2856 in
1591 2802 1769 2855 Asiam
1796 2802 1871 2856 ire

288 2907 405 2948 sese
437 2894 580 2948 ultro
628 2894 833 2959 offert,
865 2904 919 2949 et
961 2910 1184 2949 examen
1242 2907 1516 2963 peragere.
1572 2894 1870 2948 Antoninus

290 2988 394 3041 ιὶεςι
425 2986 655 3043 Joannis
684 2990 998 3043 strenuitate
1026 2998 1183 3058 atque
1209 2988 1515 3056 incorrupta
1544 2987 1867 3057 integritate,

289 3085 469 3144 utpote
498 3076 605 3130 sibi
629 3075 874 3129 conscius
906 3114 923 3140 ,
975 3074 1104 3127 adiit
1149 3074 1430 3143 quemdam
1455 3088 1486 3128 e
1516 3073 1825 3143 proceribus
1852 3115 1866 3138 ,

281 3168 436 3235 cujus
468 3167 688 3235 prandia,
714 3180 836 3234 qua:
864 3164 917 3219 in
947 3165 1069 3219 Asia
1110 3172 1263 3218 erant
1290 3204 1305 3228 ,
1330 3165 1442 3234 ipse
1467 3165 1721 3219 curabat:
1752 3173 1870 3218 orat

287 3268 338 3311 ut
364 3258 719 3312 inhibendum
737 3256 993 3312 Joannem
1016 3268 1283 3325 procuret,
1316 3272 1381 3311 ue
1398 3257 1451 3310 in
1479 3257 1655 3311 Asiam
1675 3257 1866 3322 abiret,

285 3349 607 3417 promittens
630 3356 795 3401 testes
823 3362 880 3401 se
897 3347 1278 3402 exhibiturum.
1300 3347 1397 3414 Qui
1426 3348 1604 3400 statim
1632 3347 1865 3411 molitur,

280 3448 339 3493 ιιι
365 3438 549 3493 ιιωεεθ
582 3438 647 3491 ad
678 3437 936 3493 Joannem
969 3440 1274 3508 episcOpnm
1302 3454 1332 3492 e
1367 3439 1561 3508 palatio
1582 3439 1868 3495 denuntia—

284 3540 498 3584 rcntur:
533 3529 838 3584 Absurdutn
862 3542 943 3585 est
970 3540 1020 3583 te
1046 3571 1060 3594 ,
1103 3531 1189 3600 qui
1216 3531 1290 3585 sis
1315 3531 1627 3602 episcopus,
1677 3541 1731 3587 et
1756 3534 1868 3586 ani-

282 3636 491 3675 marum
523 3632 825 3674 nostrarum
854 3621 1122 3691 inspector
1154 3663 1170 3689 ,
1220 3623 1273 3677 in
1319 3630 1461 3676 tanta
1495 3624 1747 3678 tumultus
1776 3641 1869 3679 ex-

282 3711 633 3780 spectatione,
664 3712 964 3783 relinquere
980 3714 1247 3768 eivitatem
1274 3755 1288 3780 ,
1320 3723 1371 3768 et
1390 3715 1866 3784 peregrinationem

282 3800 332 3855 in
379 3803 563 3856 Asiam
607 3801 758 3855 obire
789 3843 804 3866 ,
851 3818 971 3855 cum
1018 3802 1171 3857 facile
1216 3812 1379 3858 testes
1417 3804 1606 3859 deduci
1637 3807 1861 3875 possint.

283 3891 407 3946 Erat
427 3904 609 3947 autem
635 3895 929 3963 exspectati
953 3893 1207 3949 tumultus
1227 3893 1564 3950 eausaGaina
1584 3896 1863 3958 barbarus.

281 3984 592 4052 Enimvero,
619 4002 684 4039 ne
709 3986 917 4057 longior
937 3987 1057 4052 sim,
1080 3988 1425 4055 persuadetur
1447 3988 1521 4042 illi
1553 3998 1609 4043 ut
1631 4000 1862 4059 maneat,

275 4090 458 4130 curam
498 4076 660 4131 simul
697 4076 898 4132 habens
925 4087 981 4133 et
1012 4079 1194 4148 judicii
1233 4087 1287 4132 et
1320 4080 1578 4134 molestia:
1627 4082 1861 4137 testium.

278 4166 493 4221 Interim
510 4167 714 4221 lucrum
730 4169 1049 4238 insperatum
1065 4183 1154 4223 reo
1168 4168 1261 4223 fuit
1274 4170 1337 4223 ad
1351 4170 1633 4224 adventum
1650 4173 1863 4225 testium

276 4251 481 4315 dilatio,
508 4267 646 4320 quos
670 4254 1021 4322 autpecunia,
1040 4264 1129 4309 aut
1155 4258 1394 4323 potentia
1420 4256 1597 4326 fugare
1630 4267 1858 4327 poterat.

276 4341 585 4399 Prmvidens
606 4345 702 4399 ista
729 4344 982 4412 Joannes,
1005 4363 1125 4400 cum
1146 4358 1408 4416 przesente
1428 4348 1644 4418 Synodo
1664 4349 1865 4404 delibe-

279 4443 356 4486 rat
384 4434 648 4504 quosdam
673 4451 704 4490 c
736 4438 1085 4505 prtesentibus
1117 4439 1381 4508 episc0pis
1425 4441 1475 4492 in
1522 4440 1701 4493 Asiam
1737 4440 1860 4493 mit-

279 4536 389 4581 tem
430 4527 498 4579 ad
550 4528 953 4599 interrogandus
985 4540 1167 4585 testes.
1222 4531 1516 4601 Derepcule
1559 4532 1719 4602 igitur
1750 4543 1860 4588 tres

276 4619 513 4686 episcopi
545 4619 700 4673 electi
732 4621 977 4690 sunt,qui
1010 4622 1381 4677 mitterentur:
1412 4622 1711 4693 Synclctius
1743 4640 1858 4679 me-

276 4708 637 4777 tropolitanus
662 4710 1049 4779 TrajanOpolis,
1070 4712 1371 4783 llesyehius
1388 4714 1672 4784 episcopus
1695 4715 1854 4782 Parii,

272 4804 326 4850 et
342 4796 613 4853 Palladius
637 4798 976 4869 llelenOpolis
994 4843 1007 4865 ,
1031 4817 1151 4856 cum
1170 4803 1221 4855 in
1238 4806 1371 4857 actis
1390 4802 1698 4858 interlocuta
1719 4814 1861 4860 esset

273 4886 543 4958 Synodus,
571 4899 627 4943 ut
651 4892 741 4960 qui
768 4892 903 4945 intra
930 4892 1064 4946 duos
1090 4907 1304 4949 menses
1328 4909 1435 4948 non
1457 4896 1778 4951 occurrisset
1803 4907 1857 4951 et

274 4977 393 5044 jura
423 4993 520 5033 sua
554 4993 905 5051 persequutus
929 4998 1035 5037 non
1060 4982 1267 5050 fuisset,
1297 4983 1545 5054 llypzepis
1564 5025 1581 5051 ,
1612 4986 1751 5040 Asia:
1780 4986 1855 5040 ci-

271 5067 457 5135 vitate,
478 5070 602 5138 quia
628 5071 786 5126 vicini
815 5082 996 5130 essent
1014 5082 1070 5129 et
1095 5074 1184 5144 qui
1206 5077 1564 5145 arguebantur
1588 5085 1643 5132 et
1667 5077 1855 5147 reliqui

270 5158 533 5228 episcopi,
556 5162 645 5231 qui
669 5176 793 5217 cum
817 5161 1091 5235 Syncletio
1108 5163 1349 5235 judicare
1373 5164 1657 5231 debebant,
1690 5167 1736 5222 is
1763 5184 1855 5223 ex-

268 5252 693 5308 communicatus
707 5264 870 5310 esset.
896 5254 1019 5311 Post
1042 5255 1154 5311 haec
1169 5255 1559 5313 descenderunt
1571 5257 1853 5329 Smyrnam

265 5340 392 5395 dicti
418 5341 729 5415 Syncletius
751 5354 805 5400 et
830 5346 1126 5401 Palladius:
1175 5346 1470 5418 Hesychius
1495 5357 1672 5403 autem
1702 5390 1718 5417 ,
1764 5350 1851 5420 qui

268 5433 473 5488 amicus
499 5444 614 5488 erat
641 5436 897 5492 Antonini
922 5478 938 5502 ,
988 5439 1257 5494 simulavit
1286 5440 1564 5496 morbum:
1592 5450 1644 5496 et
1668 5457 1763 5511 per
1790 5442 1851 5496 li-

266 5531 405 5577 teras
449 5524 594 5579 illico
619 5526 987 5596 significarunt
1030 5531 1266 5600 utrisque
1309 5532 1543 5600 partibus
1566 5532 1850 5587 adventum

262 5632 438 5681 ειιιιιιι,
469 5627 525 5671 ιιι
564 5631 949 5676 concurrentes
978 5621 1030 5675 in
1059 5620 1253 5677 dictam
1276 5622 1544 5677 civitatem
1570 5623 1854 5693 implerent

262 5710 545 5776 ιιτωιιιίεεει.
599 5708 677 5764 Illi
719 5718 893 5765 autent
938 5727 1057 5767 eum
1102 5728 1159 5769 se
1206 5725 1388 5774 mutuo
1435 5717 1847 5789 corrupissent,

1696 313 1977 371 JOANNlS
2016 313 2507 370 ειιιιγδοδτοῖιιι.

3510 315 3577 368 50

1994 428 2184 499 partim
2216 442 2345 481 auro
2373 468 2386 489 ,
2419 426 2606 496 partim
2632 424 2975 494 jurejurando
3001 468 3014 492 ,
3070 426 3226 481 amici
3265 425 3385 480 facti
3417 436 3570 483 erant

1988 526 2111 571 aute
2137 516 2421 571 adventum
2459 514 2715 586 judicum.
2761 514 2893 570 Cum
2944 523 3119 569 autem
3161 516 3293 570 dicis
3321 530 3479 572 causa
3506 520 3569 570 ad

1999 608 2266 663 civitatem
2292 606 2703 678 Hypmpiuorum
2732 605 3021 673 venissent,
3054 606 3338 677 sperabant
3361 620 3570 661 rursum

1989 698 2204 753 eludere
2225 698 2435 763 judices
2460 698 2714 752 dilatione
2742 699 2954 752 testium
2977 738 2992 761 ,
3019 698 3167 768 quasi
3196 713 3416 768 peregre
3442 713 3568 767 pro-

1988 790 2111 846 fecti
2138 802 2318 845 essent
2355 790 2424 843 ob
2452 790 2623 843 varias
2648 805 2853 844 causas.
2883 790 3009 845 Post
3036 791 3149 845 haec
3168 790 3377 859 judices
3414 807 3570 846 accu-

1987 892 2217 935 satorem
2250 891 2463 951 rogant:
2498 881 2636 935 Intra
2662 890 2788 950 quot
2818 882 2976 951 igitur
3015 882 3131 936 dies
3156 882 3481 937 adducturus
3511 898 3570 938 es

1989 980 2152 1026 testes
2175 974 2198 1027 ?
2224 982 2279 1027 et
2306 973 2755 1042 exspectabimus.
2804 972 2968 1026 Batus
2995 973 3082 1027 ille
3112 988 3205 1025 eos
3235 974 3375 1028 aeris
3406 974 3570 1028 incle-

1984 1064 2236 1119 mentiam
2264 1081 2407 1135 :egre
2430 1065 2680 1127 ferentes,
2711 1065 3040 1120 discessuros
3069 1067 3210 1134 (erat
3236 1066 3376 1120 enim
3407 1078 3564 1121 aestav

1986 1156 2053 1209 tis
2085 1158 2197 1227 ipse
2243 1156 2404 1211 ardor
2430 1154 2450 1228 )
2481 1198 2498 1224 ,
2543 1158 2743 1227 scripto
2770 1158 3027 1227 promittit
3056 1158 3189 1210 intra
3220 1158 3566 1228 quadraginta

1984 1248 2100 1304 dies
2144 1249 2523 1319 producturum
2557 1256 2719 1305 testes
2742 1291 2758 1315 ,
2800 1260 2891 1303 aut
2929 1264 3116 1321 poenas
3138 1266 3402 1305 canonum
3435 1251 3566 1306 sub-

1985 1341 2205 1394 iturum.
2229 1342 2485 1395 Dimissus
2508 1341 2667 1411 ’gitur
2682 1341 2748 1395 ad
2776 1340 3119 1411 inquirendos
3149 1352 3334 1406 testes,
3363 1342 3563 1396 omissa

1983 1430 2345 1500 inquisitione,
2379 1430 2896 1501 Caustantinopolim
2926 1432 3093 1493 venit,
3124 1432 3192 1486 ibi
3217 1432 3561 1488 delitescens.

1983 1524 2619 1595 Exspectabantjudices,
2645 1534 2703 1577 ut
2729 1540 2822 1593 par
2856 1534 2991 1590 erat,
3014 1523 3079 1576 ad
3107 1521 3564 1593 quadragesitnam

1981 1614 2158 1670 diem:
2190 1624 2244 1669 et
2272 1630 2393 1669 cum
2423 1615 2608 1670 nullibi
2636 1615 2725 1669 ille
2749 1623 3084 1683 compareret
3116 1655 3131 1680 ,
3178 1613 3417 1668 scribunt
3444 1629 3563 1667 om-

1981 1706 2137 1761 nibus
2159 1707 2298 1761 Asia:
2326 1707 2609 1776 episcOpis,
2638 1723 2758 1761 eunt
2788 1707 3166 1762 denuntiantes
3193 1705 3562 1762 excommuni-

1980 1810 2156 1853 Catum
2190 1840 2204 1863 ,
2258 1799 2370 1853 sive
2392 1808 2449 1853 ut
2471 1799 2798 1853 desertorem
2827 1841 2843 1865 ,
2886 1800 2998 1854 sive
3025 1809 3081 1852 ut
3105 1800 3563 1854 calumniatorem.

1980 1885 2242 1942 Caeterum
2272 1896 2390 1957 post
2427 1887 2529 1942 hoc
2557 1888 2692 1941 alios
2721 1888 2880 1942 etiam
2925 1888 3137 1956 triginta
3164 1888 3280 1942 dies
3312 1888 3562 1957 perstite-

1980 1988 2107 2033 runt
2134 1996 2148 2032 :
2178 1987 2231 2034 et
2255 1994 2375 2034 cum
2402 1993 2506 2033 non
2533 1988 2885 2047 compareret,
2908 1978 3302 2044 discesserunt,
3345 1988 3400 2032 et
3425 1977 3564 2033 Conv

1979 2071 2378 2139 stantinopolim
2403 2070 2694 2127 redierunt.
2720 2069 2827 2124 lllic
2856 2086 2973 2124 cmn
2995 2071 3166 2140 ipsum
3190 2069 3559 2134 offendissent,

1981 2161 2183 2217 facinus
2229 2162 2301 2216 illi
2348 2162 2757 2232 exprobrarant.
2810 2162 3012 2217 Rursus
3066 2163 3155 2217 ille
3195 2162 3556 2218 infirmitatem

1978 2252 2220 2321 corpoi-is
2253 2261 2548 2321 pra-texens
2573 2294 2588 2319 ,
2636 2253 2982 2322 pollicebatur
3005 2262 3169 2309 teSIes
3193 2270 3255 2310 se
3296 2254 3553 2309 adductu-

1980 2357 2116 2395 runt.
2146 2342 2274 2407 Qua:
2289 2359 2408 2397 cum
2434 2343 2487 2397 in
2508 2344 2722 2413 longum
2754 2352 2962 2414 tempus
2978 2348 3055 2399 sic
3077 2345 3306 2412 abirent,
3335 2346 3562 2401 moritur

1977 2432 2312 2494 Antoninus,
2342 2447 2462 2486 cum
2482 2448 2589 2503 quo
2612 2433 2757 2489 litem
2789 2434 3018 2489 habebat
3044 2434 3325 2490 Eusebius.
3354 2435 3560 2489 Rursus

1977 2521 2045 2575 ab
2087 2522 2212 2576 Asia
2245 2522 2388 2575 venit
2408 2522 2683 2576 decretum
2708 2524 2774 2577 ad
2802 2524 3059 2579 Joannem
3086 2566 3102 2591 ,
3136 2528 3325 2596 partim
3355 2543 3383 2580 a
3405 2527 3556 2582 clero

1976 2610 2205 2665 civitatis
2241 2611 2591 2679 Ephesiorum
2618 2652 2634 2678 ,
2669 2615 2859 2682 partitn
2888 2615 2955 2667 ab
2975 2615 3242 2684 episcopis
3271 2655 3289 2681 ,
3319 2617 3555 2683 postula-

1978 2703 2173 2758 tionem
2201 2719 2321 2759 cum
2344 2703 2579 2759 horribili
2604 2705 3263 2775 jurejurandocontinens.
3295 2708 3556 2777 Quoniam

1977 2796 2344 2866 superioribus
2385 2798 2711 2867 temporibus
2758 2799 3061 2854 inordinate
3113 2809 3169 2854 et
3212 2799 3355 2868 leges
3382 2810 3437 2854 et
3463 2815 3561 2855 nos

1974 2890 2254 2960 gttbernali
2283 2905 2466 2944 sumus
2493 2932 2509 2956 ,
2561 2906 2776 2946 oramus
2805 2891 3214 2947 Venerationcm
3262 2901 3404 2947 tuam
3430 2933 3446 2959 ,
3504 2902 3562 2948 ttt

1975 2979 2289 3045 descendas,
2319 2990 2374 3036 et
2403 2981 2627 3036 formam
2654 2982 2761 3037 Deo
2792 2981 3003 3052 dignam
3034 2983 3275 3052 imjmnas
3308 2983 3558 3038 Ecclesia:

1975 3071 2347 3141 Ephesiorum,
2370 3087 2400 3125 a
2427 3072 2585 3142 longo
2608 3082 2848 3143 tempore
2874 3073 3105 3137 afflictze,
3133 3075 3321 3144 partim
3342 3072 3556 3144 quidem

1975 3165 2042 3219 ab
2066 3164 2175 3218 Arii
2204 3165 2573 3226 sectatoribus,
2598 3166 2789 3235 partim
2816 3167 2884 3219 ab
2911 3167 2975 3221 iis
2996 3167 3085 3236 qui
3116 3182 3237 3220 cum
3260 3166 3477 3220 avaritia
3505 3174 3559 3220 et

1975 3253 2280 3308 dominandi
2331 3253 2550 3308 libidine
2579 3255 2875 3309 catholicos
2924 3271 2984 3310 se
3039 3270 3159 3310 esse
3208 3257 3550 3325 gloriantur:

1974 3345 2096 3415 quia
2127 3345 2374 3415 pet-multi
2416 3345 2737 3400 insidiantur
2762 3386 2777 3411 ,
2810 3355 2869 3402 ut
2894 3346 3001 3415 lupi
3030 3361 3216 3417 graves
3240 3389 3253 3411 ,
3285 3349 3558 3417 episcopa-

1976 3436 2078 3491 lem
2122 3436 2304 3491 scdem
2346 3437 2584 3504 pecuniis
2627 3452 2816 3507 rapere
2868 3436 3198 3492 festinantes.
3245 3437 3478 3493 Joannes
3503 3439 3555 3492 in

1975 3537 2118 3583 tanta
2166 3528 2408 3597 corporis
2447 3529 2753 3583 infirmitate
2779 3568 2795 3595 ,
2828 3531 2985 3584 etiam
3020 3538 3258 3599 tempore
3288 3529 3509 3585 hiberno
3535 3572 3551 3596 ,

1976 3619 2102 3673 nihil
2132 3620 2341 3673 molesti
2371 3620 2470 3674 sibi
2498 3620 2568 3674 ob
2592 3622 2776 3675 oculos
2812 3636 3119 3691 proponens
3151 3664 3166 3688 ,
3200 3631 3258 3676 ut
3284 3623 3445 3677 rebus
3469 3634 3551 3678 to.

1976 3711 2078 3765 tius
2108 3712 2318 3766 Asiana:
2340 3711 2637 3766 diteceseos
2661 3713 2817 3781 mgris
2844 3712 3147 3767 mederetur
3174 3753 3187 3776 ,
3223 3713 3301 3767 vel
3332 3721 3552 3785 propter

1974 3802 2292 3871 imperitiam
2314 3844 2330 3869 ,
2363 3802 2447 3857 vel
2476 3812 2695 3872 propter
2715 3803 3053 3858 solitudinem
3084 3813 3355 3871 pastorum
3391 3845 3405 3868 ,
3438 3804 3554 3857 ala-

1972 3894 2163 3948 critate
2191 3894 2354 3947 animi
2383 3896 2664 3948 roboratus
2690 3934 2707 3960 ,
2741 3894 3014 3964 ingressus
3036 3894 3208 3947 navim
3231 3934 3245 3958 ,
3277 3894 3406 3949 urbe
3434 3892 3549 3948 dis-

1971 3987 2152 4041 cessit.
2205 3986 2442 4041 Irruente
2483 3986 2693 4041 interim
2724 4000 2867 4039 smvo
2907 3985 3161 4054 aquilone
3187 4025 3200 4049 ,
3244 3996 3552 4040 mutucntos

1972 4087 2149 4131 nauta:
2177 4119 2195 4146 ,
2224 4093 2293 4133 ne
2323 4078 2376 4132 in
2409 4077 2809 4133 Proconnesum
2841 4076 3159 4145 ejicerentur
3181 4116 3197 4143 ,
3222 4078 3396 4146 posito
3426 4077 3544 4131 velo

1971 4165 2026 4219 in
2053 4176 2254 4235 partem
2298 4167 2448 4222 navis
2486 4184 2605 4239 quae
2632 4179 2791 4223 vento
2841 4167 3223 4222 verberabatur
3250 4208 3266 4232 ,
3315 4166 3551 4223 Tritonis

1976 4259 2401 4327 promontorium
2426 4260 2923 4328 prmtervehuntur:
2974 4266 3028 4313 et
3059 4258 3127 4313 ibi
3156 4259 3312 4328 jactis
3340 4260 3553 4315 ancoris

1970 4358 2279 4404 manserunt
2314 4391 2330 4410 .
2359 4360 2597 4405 austrum
2626 4360 2997 4420 exspectantes
3029 4392 3044 4418 ,
3093 4360 3147 4407 ut
3181 4354 3429 4420 Apamea:
3457 4367 3550 4423 ap-

1969 4440 2246 4510 plicarent.
2290 4438 2422 4493 Cum
2456 4440 2616 4511 igitur
2645 4441 2861 4495 biduum
2884 4441 3050 4510 jejuni
3081 4444 3458 4510 perstitissent,
3493 4444 3546 4497 iu

1969 4532 2210 4587 navicula
2241 4532 2421 4601 agitati
2453 4573 2467 4595 ,
2500 4532 2653 4586 tertia
2675 4532 2762 4586 die
2792 4535 3081 4601 Apameam
3107 4531 3373 4586 devenere
3393 4572 3410 4597 ,
3459 4533 3547 4587 ubi

1966 4636 2087 4677 cum
2116 4620 2497 4690 exspectabant
2526 4620 2744 4685 Paulus,
2772 4620 3001 4689 Cyrinus
3027 4628 3079 4674 et
3108 4618 3374 4673 Palladius
3403 4636 3416 4671 :
3448 4619 3547 4673 hos

1966 4718 2105 4772 enim
2138 4717 2238 4769 vim
2266 4715 2488 4770 comites
2516 4722 2875 4784 assumpserat
2905 4712 3141 4768 Joannes
3167 4728 3179 4767 :
3218 4712 3549 4785 pedibusque

1964 4807 2208 4864 confecto
2236 4808 2423 4862 itinere
2442 4806 2712 4876 Ephesum
2739 4806 3077 4874 perveniunt.
3109 4804 3176 4859 Et
3213 4805 3548 4875 congregatis

1966 4898 2145 4971 Lydia:
2175 4896 2462 4967 episc0pis,
2493 4896 2635 4951 Asia:
2665 4905 2824 4967 atque
2845 4893 3014 4950 Caria:
3038 4936 3053 4960 ,
3083 4909 3309 4950 numero
3332 4909 3549 4965 septua-

1964 4992 2106 5060 ginta
2132 5030 2149 5055 ,
2180 4987 2570 5044 ordinationem
2616 4986 2837 5052 faciunt,
2881 5001 3002 5042 cum
3035 4987 3215 5057 plures
3249 4995 3542 5057 spontaneo

1963 5078 2238 5134 alacritate
2262 5078 2639 5144 occurrissent,
2668 5078 2898 5133 maxime
2930 5093 2960 5132 e
2987 5077 3285 5149 Phrygibus
3304 5117 3322 5145 ,
3353 5086 3410 5132 ιιι
3437 5078 3548 5133 oris

1961 5171 2220 5240 sapientia
2252 5170 2572 5233 fruerentur,
2590 5170 2740 5239 juxta
2772 5169 2911 5238 quod
2940 5169 3142 5225 dictum
3172 5179 3253 5225 est
3278 5169 3545 5238 Sapientia

1960 5261 2013 5316 in
2027 5260 2239 5316 exitibus
2258 5262 2499 5316 laudatur
2514 5259 2691 5333 (Prov.
2706 5262 2725 5315 Ι
2742 5259 2875 5331 ,20);
2896 5259 2996 5315 hoc
3016 5269 3097 5316 est
3118 5260 3171 5314 in
3185 5252 3544 5330 loquentibus:

1948 5354 2012 5406 iu
2039 5353 2219 5424 plateis
2247 5366 2425 5409 autem
2450 5370 2563 5407 cum
2584 5353 2770 5420 ﬁducia
2792 5352 3053 5422 loquitur:
3096 5352 3201 5406 hoc
3246 5361 3327 5407 est
3368 5353 3546 5407 cordi-

1962 5443 2098 5510 bus,
2156 5461 2275 5516 quae
2305 5445 2467 5501 variis
2515 5442 2896 5498 afflictionibus
2924 5443 3138 5498 dilatata
3181 5451 3346 5507 sunt,
3388 5444 3538 5514 juxta

1964 5535 2089 5591 illttd
2115 5555 2128 5590 :
2162 5535 2225 5589 In
2252 5535 2574 5589 tribulatione
2588 5534 2811 5588 dilatasti
2839 5535 2956 5604 me(
2988 5534 3132 5589 Paul.
3158 5535 3211 5601 4,
3239 5534 3275 5590 2
3297 5534 3337 5605 ).
3366 5538 3541 5588 Coan-

1958 5637 2202 5697 gustatur
2229 5627 2372 5680 cuitu
2400 5626 2659 5694 sapientia
2708 5626 2759 5681 in
2792 5626 2855 5682 iis
2883 5625 2974 5696 qui
3002 5626 3201 5682 1izania
3232 5628 3499 5681 seminaut
3525 5663 3542 5688 ,

1962 5730 2014 5775 et
2043 5718 2307 5775 sufl‘ocant
2335 5715 2577 5774 verbum.

3478 5830 3503 5837 Α
