4110 6148
507 319 568 374 δἸ
1769 315 2084 374 PALLADU
2125 315 2466 378 DlA‘LOGUS
3712 317 3792 377 5?.

581 433 710 487 CAP.
745 447 835 486 xv.
873 462 942 472 —-
973 432 1100 486 Dum
1134 427 1256 486 hsce
1294 439 1572 501 geruntur,
1617 432 1839 486 accessit
1881 429 1948 485 ad
1995 446 2100 488 nos

509 522 808 592 episcopos,
841 522 1027 591 prolixi
1050 523 1313 576 sermonis
1335 537 1514 587 causa,
1544 522 2102 580 Eusebiusaecusator

513 630 606 668 sex
639 613 963 682 reliquorum
1007 614 1380 682 episcoporum
1402 656 1418 680 ,
1451 629 1644 684 rogans
1679 621 1736 667 ut
1763 613 1828 667 ad
1853 628 2100 667 commu-

511 705 725 758 nionem
758 704 1149 759 admitteretur.
1182 705 1567 760 Contradicunt
1599 706 1811 776 quidam
1839 707 2093 777 episcopi,

510 794 848 864 adduntque,
891 796 1244 850 calumniator
1296 813 1414 851 cum
1469 806 1641 864 esset,
1693 813 1797 852 non
1850 808 2096 868 cportcrc

511 885 682 955 ipsum
709 885 936 938 admitti.
968 886 1094 941 Post
1117 887 1228 941 hsce
1248 888 1565 958 supplicavit
1588 889 1770 942 dicens
1802 908 1812 941 :
1838 890 2097 956 Quoniam

509 989 667 1030 causa
703 977 800 1030 ista
834 977 1047 1032 biennio
1078 981 1306 1033 maxima
1337 996 1398 1034 ex
1434 991 1582 1049 parte
1604 982 1900 1036 examinata
1921 991 2020 1046 est,
2046 993 2100 1037 et

509 1067 574 1119 ad
608 1069 819 1122 testium
843 1069 1128 1125 adventum
1162 1071 1296 1126 facta
1327 1085 1407 1126 est
1431 1073 1648 1139 dilatio,
1681 1090 1810 1143 rogo
1843 1076 2100 1131 Pietatem

509 1168 766 1224 vestram,
800 1170 855 1212 ut
880 1160 1036 1216 hodie
1053 1162 1271 1232 jamjam
1297 1173 1457 1219 testes
1487 1164 1794 1233 producam.
1823 1167 1928 1220 Etsi
1957 1168 2098 1221 enim

513 1251 814 1304 Antoninus
837 1262 1078 1306 mortuus
1103 1266 1203 1320 est,
1237 1255 1326 1323 qui
1365 1271 1611 1310 nummos
1649 1258 1850 1327 accepit
1879 1268 1931 1312 et
1959 1259 2102 1314 ordi-

512 1341 678 1404 navit,
705 1349 935 1395 attamen
960 1356 1246 1412 supersunt
1265 1353 1318 1398 ct
1346 1347 1432 1415 qui
1461 1346 1740 1411 dederunt,
1767 1357 1820 1401 et
1843 1349 1932 1417 qui
1959 1349 2102 1403 ordi-

512 1431 618 1481 nati
667 1441 811 1484 sunt.
845 1431 1052 1486 Jnstnm
1099 1434 1270 1489 visum
1319 1444 1401 1489 est
1445 1438 1692 1505 praesenti
1735 1437 1948 1509 Synodo
1989 1454 2100 1493 rem

515 1521 772 1589 perquiri.
805 1521 992 1591 Incipit
1019 1539 1177 1578 causa
1210 1541 1237 1578 a
1267 1526 1494 1582 lectione
1524 1539 1781 1590 aetorum,
1815 1545 1931 1599 quae
1958 1531 2102 1598 prius

514 1611 648 1666 facta
688 1612 916 1668 fuerant.
949 1615 1176 1686 Ingressi
1204 1627 1327 1672 sunt
1353 1627 1536 1682 testes,
1569 1620 1791 1688 ingrcssi
1821 1632 1870 1675 et
1903 1636 1993 1675 sex
2031 1623 2102 1676 illi

516 1705 604 1774 qui
637 1708 915 1775 pecuniam
943 1709 1220 1773 dederant,
1252 1720 1303 1764 et
1333 1711 1559 1764 ordinati
1593 1711 1816 1766 fuerant.
1848 1713 1916 1767 Et
1954 1715 2104 1767 initio

516 1797 729 1865 quidem
762 1801 1043 1868 negabant.
1092 1801 1412 1856 lnstantibus
1459 1812 1634 1857 autem
1663 1805 1885 1859 testibus
1911 1807 2100 1874 partim

518 1889 687 1956 laicis,
727 1895 916 1961 partim
957 1895 1298 1966 presbyteris,
1331 1899 1520 1966 quibus
1548 1898 1816 1954 cenﬁdere
1845 1898 2102 1953 videban-

517 1990 622 2047 tur,
648 1999 852 2037 necnon
897 1985 1205 2041 mulieribus
1237 1989 1571 2056 quibusdam,
1606 1991 1693 2060 qui
1729 1992 1886 2045 etiam
1921 1992 2105 2062 pigno-

516 2089 632 2126 rum
660 2090 753 2128 seu
785 2092 1062 2132 munerum
1091 2079 1298 2149 species
1327 2081 1591 2145 dicebant,
1622 2091 1675 2136 et
1708 2083 1853 2148 loca,
1889 2091 1944 2137 et
1966 2093 2102 2138 tem-

516 2178 666 2230 pora,
705 2175 759 2220 et
787 2169 1156 2235 quantitatem.
1195 2169 1326 2224 Cum
1377 2187 1508 2226 vero
1548 2187 1732 2226 eorum
1777 2175 2102 2229 conscientia

515 2263 657 2307 recta
688 2272 792 2310 non
823 2267 986 2325 esset,
1013 2259 1151 2312 ultro
1172 2261 1510 2324 conﬁtentur,
1537 2262 1635 2316 levi
1659 2263 1896 2317 adhibita
1923 2279 2106 2318 neces-

517 2345 675 2400 sitate
710 2365 721 2400 :
751 2347 1020 2414 Dedimus,
1053 2350 1355 2404 confessum
1393 2361 1492 2415 est,
1537 2361 1590 2407 et
1619 2353 1848 2408 ordinati
1875 2369 2058 2408 sumus
2088 2373 2103 2408 :

519 2436 673 2488 talem
722 2448 968 2506 putantes
1009 2456 1132 2496 esse
1175 2443 1648 2507 consuetudinem,
1704 2454 1759 2498 ut
1802 2445 2106 2500 videremur

516 2542 544 2578 a
573 2526 728 2581 Curia
756 2529 987 2583 liberari.
1023 2532 1086 2584 Et
1115 2547 1255 2585 nunc
1278 2547 1514 2598 oramus,
1546 2533 1588 2586 si
1619 2533 1696 2587 fas
1719 2545 1824 2601 est,
1853 2536 2020 2590 simus
2051 2535 2103 2589 in

519 2623 815 2675 ministerio
846 2623 1101 2678 Ecclesiae
1136 2642 1149 2678 :
1188 2626 1266 2678 sin
1306 2626 1500 2692 minus,
1532 2642 1737 2687 aurum,
1775 2628 1914 2697 quod
1953 2629 2103 2682 dedi-

523 2725 660 2775 mus,
687 2712 1008 2781 recipiamus
1039 2732 1052 2768 :
1084 2715 1297 2785 quidam
1326 2719 1466 2771 enim
1508 2733 1538 2773 c
1580 2719 1730 2772 nobis
1759 2735 1980 2774 uxorum
2009 2736 2103 2775 su-

520 2801 838 2870 pelleculcm
868 2805 1129 2862 dedimus.
1171 2808 1249 2861 Ad
1295 2812 1406 2864 lucc
1447 2809 1678 2864 Joannes
1704 2810 1918 2882 Synodn
1945 2813 2104 2883 polli-

519 2893 658 2948 citus
696 2903 777 2947 est
808 2913 821 2948 :
854 2895 1003 2963 Quod
1037 2899 1101 2952 ad
1145 2901 1344 2953 curiam
1375 2901 1585 2970 quidem
1616 2904 1824 2969 attinet,
1854 2919 1951 2974 ego
1988 2920 2102 2973 eos,

520 2985 633 3039 Deo
669 2985 907 3055 juvante,
941 2989 1197 3058 liberabo,
1233 3001 1454 3049 exorato
1483 2993 1807 3063 lmperatorc
1841 3015 1853 3050 :
1884 3012 1975 3051 vos
2012 3012 2106 3051 au-

519 3085 628 3129 tem
652 3079 920 3144 mandate,
943 3092 997 3134 ut
1022 3082 1392 3138 abheredibus
1413 3087 1664 3140 Antonini
1695 3085 1790 3156 ipsi
1821 3088 2100 3159 accipiant,

518 3182 639 3237 qua:
665 3169 944 3226 dederunt.
985 3173 1245 3244 Prmcepit
1285 3176 1557 3247 Synodus,
1590 3188 1647 3233 ut
1675 3195 1862 3233 aurum
1894 3182 2103 3250 accipe-

519 3269 640 3314 rent
667 3262 733 3316 ab
763 3262 1048 3320 heredibus
1077 3268 1362 3332 Antonini,
1392 3279 1444 3324 ct
1483 3272 1937 3328 communicarent
1969 3275 2103 3329 intra

519 3350 683 3406 altare
717 3370 728 3405 :
759 3366 938 3410 essent
965 3367 1142 3412 autem
1169 3359 1277 3426 jam
1310 3376 1412 3414 non
1443 3363 1765 3430 sacerdotes,
1794 3381 1887 3420 sex
1919 3383 1980 3420 ex
2013 3381 2104 3420 sa-

519 3442 841 3510 cerdotibus,
882 3463 965 3508 ne.
997 3449 1038 3501 si
1070 3449 1166 3502 ista
1198 3450 1643 3520 concederentur,
1684 3469 1800 3508 mos
1828 3455 1976 3510 fieret
2011 3455 2104 3510 Ju-

520 3532 704 3588 daicus
731 3546 822 3590 aut
849 3537 1150 3609 Egyptius,
1184 3543 1444 3597 vendendi
1474 3554 1630 3613 atque
1671 3547 1880 3600 emendi
1921 3563 2101 3602 sacer-

519 3623 746 3680 dotium.
770 3627 959 3684 Dicunt
979 3632 1118 3685 enim
1144 3636 1498 3702 pestilentem,
1519 3646 1569 3691 et
1593 3637 1777 3691 falsum
1799 3639 2102 3694 Judmorum

520 3719 898 3786 patriarcham,
925 3723 1144 3792 singulis
1173 3727 1328 3780 annis
1348 3769 1360 3791 ,
1392 3737 1482 3781 aut
1513 3743 1654 3782 anno
1689 3730 1985 3798 intcrjecto,
2017 3747 2104 3802 sy-

524 3823 742 3878 nagogas
772 3812 1040 3880 principes
1065 3824 1269 3871 mutare
1294 3817 1358 3871 ad
1390 3818 1770 3872 corradendam
1801 3821 2100 3888 pecuniam,

526 3900 771 3956 similitrr
791 3913 843 3957 et
864 3905 1020 3974 hujus
1041 3908 1309 3975 mmulum,
1335 3908 1702 3980 [Egyptiorum
1725 3911 2100 3980 patriareham,

523 4002 580 4048 ut
622 3995 904 4064 impleatur
949 3997 1076 4053 illud
1123 4000 1394 4070 prophetae
1438 4019 1451 4055 :
1500 4000 1800 4057 Sacerdotes
1839 4004 1948 4073 ejus
1990 4020 2106 4060 cum

523 4085 809 4140 muneribus
837 4088 1234 4158 respondebant,
1263 4100 1308 4144 et
1336 4091 1594 4160 prop/reue
1615 4093 1723 4158 eius
1749 4109 1860 4144 cum
1892 4095 2106 4162 pecunia

522 4178 920 4232 vaticinabantur
945 4179 1130 4249 (Mich.
1165 4181 1219 4235 5.
1247 4182 1358 4252 11).
1393 4182 1590 4236 [lorum
1631 4185 1867 4239 omnium
1895 4193 2104 4240 exstant

519 4279 635 4324 acta
687 4279 740 4324 ct
779 4271 1018 4338 judicum
1067 4272 1301 4328 nomina.
1353 4273 1533 4344 Neque
1576 4289 1683 4330 uno
1724 4275 1810 4330 die
1850 4278 1980 4332 facta
2021 4286 2104 4333 est

520 4361 842 4431 disquisitio,
875 4371 931 4416 ut
951 4365 1201 4419 mentitus
1228 4373 1310 4420 est
1334 4365 1683 4435 Theophilus,
1706 4369 1799 4423 sed
1831 4383 1924 4438 per
1950 4369 2101 4424 bien-

523 4454 689 4507 nium.
730 4456 904 4525 Atque
933 4456 1312 4526 acquievcrunt
1341 4459 1428 4528 qui
1459 4457 1668 4514 fuerant
1705 4459 1952 4524 depositi,
1986 4469 2042 4515 ut
2071 4476 2102 4515 a

520 4543 699 4602 futuro
719 4545 923 4616 judicio
961 4546 1333 4614 liberarentur,
1368 4549 1439 4604 ita
1470 4559 1529 4603 ut
1564 4565 1700 4605 unus
1728 4565 1793 4605 ex
1825 4551 1888 4605 iis
1933 4549 2102 4607 factus

519 4637 586 4689 sit
633 4637 960 4705 publicorum
1005 4640 1337 4710 negotiorum
1392 4638 1644 4696 defensor
1685 4650 1782 4695 :ct
1824 4641 1875 4694 in
1916 4655 2100 4696 eorum

519 4727 691 4780 locmn
732 4727 937 4782 suﬂ‘ecti
984 4737 1110 4783 sunt
1151 4731 1260 4792 alii,
1295 4747 1398 4783 non
1445 4731 1732 4801 conjugati,
1765 4730 1870 4785 viia
1910 4740 1965 4786 et
2007 4732 2103 4786 do-

516 4819 685 4872 ctrina
729 4819 923 4872 ornati.
955 4819 1150 4873 Verum
1179 4821 1422 4890 generosi
1470 4822 1542 4875 illi
1588 4831 1643 4876 et
1689 4821 1938 4893 litigiosi,
1980 4831 2100 4892 post

519 4911 740 4966 Joannis
762 4912 1032 4975 exsilium,
1065 4923 1284 4981 accepto
1311 4927 1375 4966 eo
1395 4914 1536 4982 quod
1557 4924 1875 4985 acceperant
1901 4919 2100 4986 (neque

519 5002 663 5056 enim
694 5001 853 5057 habet
882 5003 1190 5071 improbitas
1222 5019 1446 5070 nomen,
1475 5005 1611 5060 sicut
1644 5022 1815 5078 neque
1855 5009 2102 5064 substan-

522 5091 697 5164 tiam),
729 5108 822 5149 eos
847 5094 934 5165 qui
957 5103 1079 5148 ante
1105 5095 1508 5164 quadriennium
1542 5096 1694 5166 cjccti
1728 5095 1954 5165 fuerant,
1983 5116 2100 5155 rur-

519 5201 611 5240 sus
650 5187 701 5239 in
749 5186 1012 5242 Ecclesias
1052 5186 1384 5249 invexcrnnt,
1428 5196 1480 5242 et
1524 5187 1757 5258 legitime
1791 5190 1842 5243 in
1887 5191 2099 5246 sedibus

519 5276 809 5332 collocatos
848 5278 1168 5348 expulerunt
1208 5279 1272 5332 ad
1304 5278 1688 5349 dispergendas
1725 5279 1921 5336 Christi
1948 5297 2093 5336 oves.

522 5367 654 5422 Illud
698 5379 871 5424 autem
911 5370 1148 5425 omnium
1197 5371 1425 5425 maxime
1456 5371 1764 5439 ridiculum,
1809 5373 1888 5426 vel
1923 5373 2097 5442 potius

521 5462 752 5515 lamento
773 5462 1008 5532 dignum,
1040 5463 1083 5517 si
1105 5461 1356 5529 audieris,
1385 5463 1774 5519 studiosissime
1795 5463 2092 5530 Theodore,

515 5553 771 5623 Tinnient,
804 5565 861 5610 ut
901 5555 974 5610 ait
1017 5553 1294 5625 propheta,
1326 5554 1486 5608 amba:
1527 5570 1672 5609 aures
1703 5565 1801 5609 tua:
1830 5554 1973 5625 (Jer.
2008 5555 2092 5609 19.

516 5647 571 5717 5)
597 5666 609 5712 ;
640 5648 843 5720 lugebis
872 5664 1016 5715 vero,
1045 5649 1134 5704 Dei
1163 5663 1348 5704 amans
1387 5649 1474 5719 qui
1501 5648 1595 5716 sis,
1630 5647 1864 5705 furentes
1893 5648 2098 5722 cpisco-

519 5753 613 5807 pos
641 5742 960 5797 claudcstma
994 5756 1151 5796 manu
1183 5741 1272 5796 Dei
1313 5739 1451 5796 dona
1496 5752 1918 5808 corrumpentcs.
1951 5739 2093 5809 Quas

2207 435 2348 488 enim
2372 433 2733 488 ordinationes
2761 447 2880 488 cum
2916 429 3116 505 jejunio
3155 442 3207 489 et
3237 435 3477 490 oratione
3513 443 3566 491 et
3592 437 3794 506 proba-

2208 526 2350 580 tione
2376 525 2506 580 clcri
2535 539 2598 580 ac
2623 526 2814 580 timore
2842 526 3030 580 Petrus
3057 533 3111 580 et
3133 524 3366 580 Joannes
3395 527 3679 593 faciebant,
3712 529 3792 584 illi

2206 629 2388 673 contra
2421 635 2514 687 per
2537 619 2806 687 crapulam
2849 627 2903 673 ct
2939 618 3248 672 ebrietatem
3281 628 3442 686 atque
3486 619 3793 675 miseranda

2207 711 2366 775 dona,
2395 711 2614 766 abortus
2649 711 2941 772 hominum,
2977 710 3065 779 qui
3097 726 3268 778 nequc
3295 710 3472 779 porcis
3511 710 3798 766 irrationa—

2210 801 2421 865 bilibus,
2447 817 2623 870 neque
2653 801 2872 855 canibus
2897 800 3038 869 digni
3067 809 3240 863 erant,
3269 801 3419 875 juxta
3447 800 3548 855 Job
3569 843 3581 865 ,
3603 803 3696 871 qui
3724 803 3796 856 de

2204 890 2273 946 iis
2296 893 2631 962 prophetat-it
2657 909 2722 947 ex
2759 907 2986 962 persona
3015 891 3312 946 Servatoris
3348 909 3360 944 :
3399 890 3536 956 Quos
3569 909 3670 946 non
3709 893 3796 946 di-

2204 984 2401 1055 gnabor
2437 1001 2620 1054 ponere
2659 1001 2771 1038 cum
2813 984 3021 1038 canibus
3062 984 3225 1052 gregis
3265 985 3392 1047 mei,
3435 985 3521 1053 qui
3557 985 3648 1038 sub
3682 1001 3796 1038 sur-

2206 1077 2386 1130 mentis
2431 1075 2653 1130 vivebant
2687 1075 2832 1146 (Job
2885 1076 2974 1130 30.
3012 1077 3102 1146 1).
3149 1076 3242 1130 llis
3287 1085 3465 1130 autem
3515 1078 3604 1146 qui
3653 1078 3798 1134 inter

2207 1167 2399 1221 mimos
2422 1176 2474 1221 et
2499 1166 2713 1223 Judaaos
2741 1168 2942 1229 vivunt,
2982 1177 3040 1221 ut
3072 1168 3254 1220 amicis
3291 1167 3608 1234 Servatoris,
3641 1183 3672 1223 a
3707 1182 3795 1222 sa-

2206 1258 2475 1326 pientibus
2520 1259 2799 1313 sacerdotii
2841 1274 3030 1314 arcana
3071 1258 3467 1314 concreduntur
3508 1277 3521 1312 :
3573 1269 3797 1331 propter

2204 1364 2342 1419 quos
2384 1351 2544 1406 etiam
2587 1352 2763 1421 populi
2796 1351 3077 1406 orthodoxi
3127 1353 3355 1406 oratoria
3389 1352 3613 1424 fugiunt.
3664 1354 3794 1409 Per-

2208 1443 2354 1496 venit
2392 1443 2532 1496 enim
2575 1441 2638 1496 ad
2671 1457 2769 1496 nos
2797 1457 2990 1495 novum
3021 1443 3146 1496 illud
3182 1452 3236 1497 et
3275 1443 3503 1498 levitatis
3543 1444 3793 1515 plenissi-

2208 1547 2352 1585 mum
2388 1533 2589 1589 facinus
2617 1534 2869 1590 Ecclesia}
2901 1535 3184 1603 Ephesinae
3213 1552 3225 1586 :
3256 1535 3442 1604 quidni
3471 1537 3636 1600 enim,
3665 1552 3792 1594 cum

2209 1621 2452 1688 Ephesus
2495 1625 2756 1678 maritima
2793 1626 2881 1689 sit,
2927 1634 2982 1680 et
3019 1625 3169 1680 facile
3211 1627 3400 1680 famam
3443 1627 3792 1683 transvehat?

2207 1709 2337 1765 Nam
2390 1714 2439 1766 in
2481 1714 2651 1768 locum
2697 1715 2865 1777 illum,
2907 1715 2989 1770 vel
3029 1717 3204 1785 potius
3248 1716 3303 1770 in
3345 1717 3518 1770 locum
3565 1717 3788 1773 Joannis

2208 1800 2294 1869 qui
2331 1801 2671 1872 Evangelium
2707 1806 2947 1875 scripsit,
2990 1816 3045 1861 et
3089 1821 3251 1876 super
3290 1807 3573 1878 Sapientiae
3603 1817 3793 1879 pectus

2213 1893 2445 1950 ﬁdeliter
2468 1897 2728 1962 recubuit,
2759 1898 2826 1952 de
2853 1915 2961 1968 quo
2991 1900 3244 1969 scriptum
3272 1906 3356 1954 est
3381 1918 3394 1956 :
3426 1899 3584 1965 Quem
3611 1901 3792 1972 dilige-

2208 1984 2291 2055 bat
2331 1985 2489 2040 Jesus
2530 1988 2707 2059 (Joan.
2751 1990 2842 2044 2|.
2885 1990 2999 2061 20),
3045 1993 3129 2045 cui
3172 1993 3432 2046 successit
3458 1991 3790 2060 Timotheus,

2210 2077 2356 2131 Pauli
2383 2078 2692 2149 discipulus,
2724 2081 2790 2135 ad
2817 2097 2972 2151 quem
2999 2082 3117 2136 duae
3153 2080 3396 2137 feruntur
3417 2083 3641 2152 apostoli
3666 2084 3794 2152 Epi-

2208 2168 2398 2234 stoiaz;
2461 2172 2698 2225 succedit
2747 2171 3070 2227 abominatio
3122 2173 3484 2228 desolationis.
3532 2174 3792 2230 Ordinato

2207 2260 2351 2314 enim
2372 2261 2439 2316 ab
2466 2262 2528 2316 iis
2559 2263 2789 2317 Victoris
2819 2265 3012 2318 tribuni
3045 2267 3308 2332 eunucho,
3333 2267 3384 2320 in
3406 2266 3532 2322 sede
3550 2267 3789 2337 episcopi

2209 2366 2330 2404 eum
2357 2352 2688 2407 collocarunt
2718 2371 2732 2406 :
2763 2362 2817 2407 et
2844 2355 2930 2424 qui
2958 2369 2986 2407 a
3017 2357 3347 2425 septuaginta
3371 2357 3635 2425 episcopis
3658 2372 3790 2411 con-

2209 2444 2422 2498 stitutus
2451 2443 2646 2510 fuerat,
2673 2446 2723 2498 in
2746 2461 2960 2500 carcere
2984 2462 3148 2516 usque
3180 2447 3244 2501 ad
3274 2447 3413 2502 hunc
3438 2447 3576 2502 diem
3607 2463 3789 2504 macc-

2208 2546 2328 2592 rant
2356 2538 2544 2604 virum,
2571 2539 2824 2610 encycliis
2845 2539 3138 2608 disciplinis
3166 2540 3365 2607 Optime
3391 2539 3710 2605 institutum,
3733 2549 3791 2595 et

2206 2626 2507 2681 divinarum
2531 2629 2925 2697 Scripturarum
2958 2631 3182 2698 peritum
3210 2647 3224 2682 :
3257 2629 3346 2698 qui
3374 2629 3427 2683 in
3458 2644 3639 2684 eremo
3669 2645 3790 2684 mo-

2209 2723 2464 2776 nasticam
2486 2723 2647 2777 vitam
2671 2732 2870 2792 egerat,
2897 2733 2948 2778 et
2971 2723 3056 2792 qui
3089 2739 3180 2792 per
3203 2732 3312 2777 tres
3337 2738 3505 2777 annos
3532 2723 3790 2777 diaconus

2209 2813 2398 2867 fuerat.
2428 2815 2599 2884 Atque
2620 2815 2821 2868 utinam
2854 2815 3129 2868 eunuchus
3151 2815 3244 2870 ille
3274 2815 3361 2884 qui
3383 2815 3658 2869 ordinatus
3681 2823 3784 2879 est,

2210 2903 2486 2957 honestam
2508 2907 2670 2959 vitam
2697 2905 2913 2974 egisset,
2943 2916 2993 2960 et
3023 2905 3124 2960 hoc
3150 2907 3346 2960 malum
3375 2907 3525 2974 quasi
3548 2905 3791 2960 dimidia-

2209 3002 2320 3048 tum
2347 2996 2516 3049 esset!
2547 2999 2613 3049 At
2634 3011 2794 3063 nunc,
2820 3005 2975 3051 terra:
2996 2995 3210 3061 vermis,
3241 2997 3442 3050 ventris
3464 2997 3786 3064 mancipium

2209 3086 2523 3140 feminarum
2570 3101 2752 3141 amore
2793 3087 3067 3150 insanum,
3121 3085 3436 3154 impudens,
3492 3085 3782 3149 ebriosum,

2208 3177 2587 3239 meretricium,
2621 3176 2829 3240 venale,
2864 3176 3141 3241 illiberale,
3170 3191 3409 3241 avarum,
3441 3174 3508 3229 ab
3535 3175 3646 3244 ipsa
3676 3184 3786 3229 sta-

2211 3267 2302 3321 tim
2345 3267 2618 3320 nativitatc
2659 3265 2800 3320 ferro
2829 3267 3149 3329 obnoxium;
3184 3280 3283 3319 nec
3316 3266 3397 3318 vir
3423 3279 3523 3320 nec
3550 3264 3782 3328 femina;

2208 3358 2490 3426 furiosum,
2519 3369 2572 3412 ct
2599 3359 2708 3428 qui,
2741 3367 2794 3412 ut
2826 3372 2967 3427 smpe
2998 3357 3195 3422 audivi,
3227 3357 3366 3410 inter
3391 3357 3621 3426 satyrica
3650 3369 3786 3410 con-

2206 3455 2343 3508 vivia
2384 3452 2668 3507 theatrales
2697 3450 2898 3521 puellas
2929 3449 3166 3503 humeris
3196 3447 3444 3518 portavit,
3473 3448 3647 3515 capite
3686 3446 3785 3501 he-

2207 3544 2337 3600 dera
2387 3555 2676 3609 coronato,
2729 3551 2989 3597 craterem
3040 3543 3214 3596 ferens
3259 3556 3458 3605 manu,
3505 3548 3560 3595 et
3605 3541 3787 3596 vinum

2209 3635 2438 3689 fundens
2459 3634 2509 3687 in
2532 3632 2766 3703 speciem
2795 3633 3015 3686 fabulosi
3036 3631 3246 3685 Bacchi.
3268 3631 3392 3685 Haec
3413 3639 3586 3684 autem
3609 3631 3788 3683 omnia

2209 3726 2351 3793 fecit,
2379 3741 2481 3779 non
2509 3735 2790 3794 antequam
2813 3725 3025 3779 Christo
3058 3724 3370 3786 initiaretur,
3398 3721 3488 3776 sed
3535 3730 3657 3791 post
3693 3721 3788 3776 ba-

2209 3818 2458 3887 ptismum
2486 3833 2499 3868 :
2527 3817 2613 3886 qui
2639 3831 2732 3885 per
2751 3815 2865 3869 hare
2885 3813 3117 3869 ostendit
3137 3813 3578 3868 resurrectionem
3597 3827 3657 3867 se
3680 3827 3788 3867 non

2207 3908 2445 3963 credere.
2479 3907 2577 3975 Qui
2607 3909 2750 3962 enim
2783 3905 3189 3960 resurrectionis
3223 3903 3625 3958 fundamentum
3653 3903 3786 3958 sub-

2208 3999 2400 4062 vertit,
2433 3996 2702 4068 quomodo
2732 4010 2850 4053 eam
2880 3995 3092 4051 credit?
3126 3995 3218 4065 qui
3262 4005 3442 4049 autem
3481 4009 3586 4048 non
3616 3992 3788 4047 credit

2206 4091 2675 4151 resurrectionem,
2707 4104 2813 4157 quo
2840 4097 2996 4158 pacto
3026 4086 3435 4142 resurrectionis
3465 4099 3638 4154 praeco
3658 4085 3782 4148 erit,

2201 4183 2352 4254 juxta
2391 4198 2512 4237 eum
2554 4181 2643 4251 qui
2673 4181 2806 4234 dixit
2849 4197 2862 4232 :
2899 4179 3166 4243 Quomodo
3209 4187 3376 4232 autem
3417 4177 3782 4248 praedicabunt,

2207 4274 2305 4328 nisi
2343 4272 2645 4327 crediderint
2671 4270 2844 4340 (Rom.
2869 4269 2956 4324 10.
2981 4269 3093 4338 14).
3118 4268 3215 4323 llic
3235 4268 3447 4338 quidem
3475 4266 3621 4320 nulla
3641 4279 3784 4319 mer-

2206 4365 2336 4420 cede
2365 4371 2543 4418 castus
2585 4371 2686 4426 est,
2717 4361 2861 4416 ferro
2899 4369 3106 4425 sectus;
3146 4368 3398 4414 caeterum
3431 4357 3629 4412 insanit
3667 4356 3786 4410 sine

2207 4456 2381 4511 fructu
2411 4470 2504 4525 per
2527 4469 2676 4509 suam
2708 4452 3035 4522 spurcitiem.
3069 4451 3192 4505 llaec
3217 4459 3394 4504 autem
3423 4457 3547 4503 sunt
3576 4461 3699 4518 quae
3729 4448 3782 4501 in

2207 4547 2331 4604 Asia
2383 4557 2532 4616 gesta
2582 4555 2725 4609 sunt,
2773 4544 2839 4599 de
2877 4544 3067 4613 quibus
3115 4541 3484 4610 interrogasti,
3535 4554 3600 4594 eo
3639 4537 3786 4608 quod

2208 4637 2534 4708 Theophilus
2573 4635 2864 4704 scripserit,
2901 4633 3170 4688 sexdecim
3205 4632 3484 4701 episcopos
3516 4644 3546 4684 a
3577 4629 3788 4684 Joanne

2207 4730 2478 4800 depositos
2505 4729 2683 4783 fuisse.
2708 4729 2868 4782 Certo
2895 4727 3031 4781 scias
3052 4725 3192 4795 quod
3215 4739 3309 4779 sex
3333 4723 3550 4778 fuerint.
3585 4721 3785 4776 llontm

2206 4823 2365 4876 etiam
2409 4829 2525 4874 acta
2568 4826 2800 4883 exstant,
2847 4831 2962 4887 qua:
3006 4825 3290 4872 servantur
3333 4811 3472 4883 apud
3516 4825 3614 4867 nos
3659 4826 3784 4866 cum

2207 4909 2682 4980 subscriptionibus
2701 4908 2885 4979 viginti
2917 4907 3140 4961 duorum
3162 4906 3558 4975 episcoporum,
3589 4900 3682 4972 qui
3717 4902 3787 4954 ab

2207 5004 2359 5058 initio
2381 5015 2593 5056 causam
2619 4999 2918 5065 audierunt,
2946 5008 2999 5052 et
3019 4999 3350 5068 septuaginta
3373 5008 3556 5050 eorum
3577 4993 3668 5064 qui
3689 4992 3789 5046 de-

2208 5103 2517 5167 posuerunt,
2551 5101 2605 5148 et
2628 5105 2843 5147 causam
2875 5091 3246 5148 terminarttnt.

2273 5188 2400 5242 Car.
2452 5203 2562 5240 xvt.
2606 5213 2674 5226 --
2724 5184 2872 5241 Duc.
2921 5185 3138 5254 Ignosce
3185 5181 3353 5247 mihi,
3389 5181 3548 5236 Pater
3595 5197 3612 5234 :
3658 5178 3785 5232 talia

2203 5293 2416 5332 omnem
2440 5277 2770 5339 ebrietatem,
2797 5277 3026 5329 furorem
3047 5286 3109 5326 ac
3129 5272 3414 5327 ludibrium
3433 5277 3777 5338 exsuperant.

2203 5369 2463 5425 Furentcs
2493 5368 2632 5421 enim
2661 5367 2748 5436 qui
2780 5373 2902 5419 sunt
2926 5373 2981 5418 et
3005 5363 3136 5417 ebrii
3171 5372 3328 5432 atque
3355 5357 3525 5430 pueri,
3555 5358 3630 5414 illi
3660 5358 3782 5428 qui-

2203 5461 2321 5516 dem
2351 5461 2438 5515 ubi
2465 5459 2800 5530 resipuerunt
2819 5498 2833 5520 ,
2862 5455 2914 5510 hi
2941 5455 3030 5508 ubi
3058 5461 3420 5509 concoxerunt
3441 5493 3456 5515 ,
3487 5450 3574 5504 alii
3603 5456 3785 5503 autem

2203 5553 2291 5608 ubi
2335 5552 2401 5608 ad
2439 5552 2635 5622 justam
2664 5558 2869 5604 aetatem
2899 5554 3258 5620 pervenerunt
3279 5587 3292 5610 ,
3327 5551 3521 5615 negant
3542 5583 3559 5607 ,
3586 5540 3784 5597 erube-

2203 5656 2416 5702 scentes
2433 5661 2595 5717 prave
2615 5653 2669 5698 et
2691 5641 2987 5698 inordinate
3010 5641 3147 5697 facta
3169 5648 3328 5710 atque
3351 5639 3490 5695 dicta
3517 5655 3530 5690 :
3557 5634 3634 5691 illi
3656 5649 3791 5689 vero

2206 5740 2260 5794 in
2287 5748 2440 5794 mtate
2473 5735 2721 5802 oerferla,
2750 5735 2877 5790 etin
2908 5744 3197 5805 apparente
3228 5731 3515 5786 sobrietate
3543 5743 3663 5783 cum
3696 5744 3794 5800 pa-
