4110 6148
374 275 445 329 53

376 397 604 462 trariut,
649 413 758 452 non
799 398 969 455 solum
1013 414 1116 454 non
1157 401 1466 470 poenitentia
1511 413 1814 468 moventur,
1861 401 1956 457 sed

373 485 550 542 adhuc
570 486 900 554 desiderant,
927 498 984 542 ut
1010 488 1160 544 ﬁrma
1190 499 1244 545 et
1273 491 1558 547 immobilis
1583 491 1832 563 perduret
1859 508 1955 547 sua

377 576 713 645 improbitas.
765 578 866 644 Qui
909 580 1049 638 enim
1094 595 1200 634 non
1249 579 1569 638 horruerunt
1615 583 1955 655 Evangelium

379 665 606 720 scelesto
629 667 788 734 capiti
822 667 1093 736 imponere
1115 710 1128 736 ,
1157 670 1243 724 cui
1273 671 1501 726 immites
1528 673 1848 728 muliercula:
1873 676 1956 728 in-

378 759 679 823 sultavere;
711 775 836 812 num
867 760 985 814 aliis
1011 762 1521 829 amiumerabuntur,
1551 779 1707 832 quam
1736 765 1824 835 qui
1852 764 1956 834 spi-

377 863 530 902 ticam
573 863 828 904 coronam
875 850 965 905 Dei
1013 851 1146 905 Filio
1191 853 1882 924 imposueruntYCacterum
1912 856 1956 909 si

350 939 518 1020 .nosti
562 940 783 994 modum
833 941 1179 998 ordinationis
1223 944 1537 1016 Porphyrii,
1583 946 1957 1000 Antiochensis

376 1029 636 1098 episcopi,
663 1039 756 1084 aut
780 1030 923 1100 ipsos
948 1033 1038 1100 qui
1064 1047 1182 1098 eum
1223 1035 1567 1100 ordinarunt,
1604 1044 1694 1088 aut
1721 1036 1956 1092 anticam

385 1118 615 1174 hominis
641 1121 827 1186 vitam,
857 1120 1136 1176 obscuram
1165 1138 1229 1176 an
1259 1124 1538 1194 insignem,
1559 1134 1613 1180 et
1637 1125 1954 1191 doctrinam,

378 1223 560 1270 verum
590 1226 658 1264 an
687 1210 873 1268 falsam
900 1253 914 1277 ,
945 1213 1058 1282 ipse
1087 1215 1238 1270 nobis
1268 1215 1502 1270 edissere
1530 1233 1543 1268 :
1574 1216 1804 1270 maxime
1833 1217 1955 1283 quia

377 1302 444 1354 ad
473 1303 772 1358 Ecclesiam
810 1303 1099 1364 Ronmnam
1125 1305 1334 1374 scripsit
1359 1347 1372 1371 ,
1403 1315 1457 1362 et
1486 1321 1740 1376 responso
1767 1306 1954 1376 dignus

383 1394 599 1448 habitus
625 1409 729 1447 non
758 1392 876 1448 fuit.
905 1394 1078 1466 Ertsc.
1112 1393 1308 1450 Eadem
1336 1397 1463 1450 mihi
1490 1412 1552 1452 ac
1583 1397 1727 1466 prius
1748 1397 1847 1452 erit
1872 1412 1959 1450 ra-

381 1485 462 1541 tio
493 1485 736 1538 veritatis
763 1503 775 1536 :
805 1501 910 1539 non
951 1487 1094 1540 enim
1122 1486 1404 1541 obliviscar
1432 1502 1614 1549 vocem
1643 1487 1847 1541 Domini
1873 1487 1956 1542 di-

378 1574 556 1631 centis
586 1593 600 1629 :
628 1575 703 1628 De
729 1576 865 1636 annui
889 1576 1032 1629 verba
1058 1578 1212 1637 otioso
1237 1579 1444 1640 reddent
1468 1580 1712 1633 rationem
1732 1580 1958 1634 homines

378 1669 435 1719 in
482 1667 564 1719 die
592 1667 779 1736 jadicii
808 1664 1034 1736 (Matth.
1065 1668 1152 1722 l2.
1201 1669 1270 1724 56
1293 1670 1332 1737 ).
1367 1670 1478 1739 Ego
1506 1681 1682 1725 autem
1710 1671 1960 1727 audacter

380 1757 658 1823 addidero,
683 1757 750 1810 Et
769 1756 837 1812 de
857 1758 1002 1812 omni
1028 1759 1199 1813 otioso
1225 1761 1424 1822 auditu.
1449 1761 1627 1830 Itaque
1655 1771 1710 1816 et
1735 1763 1956 1831 teipsum

385 1859 538 1902 tuere
564 1848 770 1901 cautius
786 1888 807 1913 ,ξ
834 1863 902 1902 ne
931 1848 977 1904 si
1004 1850 1128 1923 quid
1158 1865 1242 1904 mo
1274 1866 1374 1904 non
1403 1868 1528 1906 vere
1554 1853 1692 1922 loqui
1722 1853 1958 1906 animad-

381 1945 583 2003 vertas,
609 1951 714 1990 non
745 1937 892 1992 canis
916 1938 1050 1992 meis
1077 1938 1254 2005 cedas,
1285 1941 1374 1994 sed
1405 1941 1499 2009 ipsi
1529 1957 1701 1995 rerum
1731 1942 1956 1996 veritati.

379 2025 524 2091 Quid
550 2025 693 2079 enim
723 2025 856 2079 mihi
878 2041 943 2079 ex
973 2027 1053 2091 iis,
1080 2043 1196 2098 quae
1220 2029 1374 2096 hodie
1400 2041 1490 2085 aut
1518 2031 1629 2085 heri
1652 2031 1791 2088 dicta
1817 2041 1955 2098 sunt,

386 2113 629 2167 utilitatis
657 2114 909 2180 accedat,
942 2116 986 2170 si
1015 2117 1238 2172 mentiar
1256 2161 1271 2186 ,
1300 2134 1417 2188 qua:
1449 2119 1499 2173 in
1532 2131 1841 2189 perpetuum
1866 2136 1959 2175 co-

385 2217 504 2254 ram
537 2214 726 2257 exacto
749 2203 947 2273 judicio
975 2205 1271 2261 confusioni
1303 2209 1428 2262 tnihi
1456 2207 1670 2263 forent?
1699 2211 1962 2280 quomodo

389 2302 572 2347 autem
597 2292 763 2348 feram
796 2295 1049 2350 molarem
1072 2297 1414 2355 detractionis
1445 2299 1674 2368 lapidem
1695 2301 1748 2353 in
1769 2302 1963 2356 vertice

389 2380 605 2448 mentis,
631 2382 681 2434 in
704 2383 1020 2451 profundum
1037 2385 1294 2456 gehennae
1323 2387 1609 2454 detractus,
1633 2401 1847 2461 propter
1871 2407 1962 2447 eos

382 2470 478 2538 qui
506 2485 534 2522 a
555 2472 844 2528 mendaciis
872 2475 1176 2530 scandalum
1195 2477 1335 2546 passi
1352 2488 1492 2532 sunt.
1517 2479 1840 2550 Porphyrius
1857 2482 1964 2551 qui-

383 2560 512 2612 dem
532 2559 632 2613 iste
647 2561 698 2613 in
716 2560 950 2624 Ecclesia
968 2564 1056 2617 diu
1069 2574 1302 2619 versatus
1319 2577 1421 2633 est,
1436 2577 1488 2620 et
1504 2568 1710 2628 diaconi
1722 2578 1776 2623 et
1790 2584 1964 2625 sacer-

384 2649 532 2704 dotis
556 2649 765 2706 functus
784 2654 958 2708 ofticio
983 2654 1036 2707 in
1067 2657 1410 2728 presbyterio,
1446 2661 1560 2715 istis
1584 2661 1795 2730 quidem
1827 2671 1958 2717 tem-

387 2741 609 2810 poribus
643 2741 846 2797 alienos
874 2760 1050 2799 mores
1091 2761 1278 2816 gerens
1305 2789 1320 2813 ,
1353 2749 1405 2802 in
1444 2751 1586 2804 nulla
1623 2767 1870 2822 umquam
1903 2769 1960 2808 re

384 2831 618 2899 spiritali
641 2832 889 2887 Ecclesia:
912 2835 1122 2904 profuit.
1145 2834 1408 2892 Caeterum
1433 2839 1616 2894 vicinis
1634 2850 1688 2895 et
1709 2843 1966 2912 religiosis

384 2920 658 2993 episcopis
687 2939 898 2994 semper
921 2925 1230 2994 adversans,
1258 2938 1442 2998 utpote
1469 2932 1557 3001 qui
1583 2943 1725 2988 esset
1746 2949 1776 2988 e
1801 2935 1968 2988 maxi-

389 3029 476 3067 ma
501 3014 746 3080 civitate,
777 3023 834 3069 et
857 3017 1196 3085 magistratus
1223 3018 1443 3074 haberet
1467 3021 1518 3074 in
1545 3031 1826 3091 potestate,
1852 3040 1965 3078 rem

385 3113 719 3172 cauponatus
739 3114 821 3159 est
844 3124 856 3157 :
878 3109 1073 3161 sanctis
1091 3109 1231 3162 enim
1251 3109 1674 3174 ordinationibus
1690 3115 1965 3182 insidians,

387 3210 605 3254 morum
631 3199 862 3250 versutia
887 3213 1004 3252 sese
1027 3211 1319 3269 opportune
1347 3202 1643 3273 insinuabat
1669 3205 1721 3258 in
1745 3207 1966 3276 gratiam

386 3287 796 3355 episcoporum,
829 3288 1123 3358 invitosque
1146 3291 1168 3362 (
1196 3300 1251 3344 ut
1274 3293 1464 3347 dixerit
1492 3294 1607 3363 quis
1632 3293 1652 3364 )
1677 3295 1971 3351 attrahebat

341 3432 344 3435 ,
386 3375 460 3428 ad
505 3375 650 3430 leves
691 3387 745 3430 et
784 3378 967 3434 noxias
1005 3380 1380 3435 ordinationes.
1421 3381 1554 3436 Mala
1591 3385 1732 3438 enim
1771 3399 1858 3440 res
1891 3397 1972 3440 est

389 3467 629 3531 adulatio
649 3482 772 3522 cum
799 3471 1064 3538 perversis
1089 3473 1325 3526 moribus
1349 3488 1606 3539 connexa,
1631 3474 1777 3543 juxta
1800 3478 1968 3530 corni-

389 3575 517 3614 cum
541 3560 905 3630 Menandrum,
926 3565 1014 3632 qui
1039 3565 1111 3617 ait
1140 3583 1151 3617 ε
1178 3563 1360 3632 Grave,
1382 3583 1411 3626 ο
1431 3565 1728 3635 Pamphila,
1746 3569 1974 3638 ingenti-te

393 3656 596 3720 mulieri
611 3672 730 3709 cum
745 3658 1000 3711 meretrice
1019 3669 1208 3712 certare
1224 3676 1242 3712 :
1258 3643 1402 3729 plura
1425 3661 1588 3726 novit,
1608 3664 1756 3732 plura
1775 3675 1966 3732 patrat,

394 3747 670 3804 erubescit
698 3748 986 3812 neminem,
1017 3749 1361 3820 adulaturque
1387 3753 1558 3820 potius
1588 3769 1602 3805 :
1631 3763 1685 3806 et
1710 3763 1765 3807 ut
1790 3755 1862 3808 ait
1887 3770 1972 3808 sa-

396 3837 553 3904 piens
579 3835 854 3904 Salomon,
893 3835 1054 3892 Verba
1083 3841 1400 3896 adulatorum
1427 3844 1600 3898 mollia
1622 3861 1641 3908 ;
1671 3846 1855 3914 feriunt
1880 3863 1975 3899 au-

397 3935 501 3984 tem
527 3926 597 3980 ad
625 3929 808 3994 ventris
827 3945 981 3996 usque
1004 3932 1275 4000 penetralia
1296 3931 1315 4004 (
1338 3932 1490 3988 Prov.
1531 3935 1620 3989 ‘26.
1652 3935 1780 4007 22).
1815 3939 1852 3990 Α
1886 3953 1975 3992 ca-

398 4017 651 4073 stimonia
680 4019 821 4080 enim
849 4029 900 4073 ct
922 4021 1246 4075 continentia
1272 4023 1525 4078 adversus
1555 4027 1794 4081 carnales
1825 4028 1975 4082 volu-

405 4117 580 4176 ptates
607 4123 716 4161 non
744 4108 913 4162 solum
935 4109 1104 4174 abest,
1131 4112 1223 4170 sed
1245 4121 1298 4166 et
1322 4111 1491 4175 hostis
1515 4122 1616 4181 est,
1639 4116 1780 4170 velut
1809 4118 1980 4170 vultur

405 4198 663 4275 unguenti
687 4212 706 4250 :
732 4197 864 4252 adeo
886 4208 944 4251 ut
965 4198 1285 4255 Sodomitico
1304 4203 1510 4256 crimini
1533 4204 1816 4258 obnoxium
1844 4205 1977 4260 fama

407 4285 656 4355 volgarit.
685 4283 818 4352 Cum
847 4288 991 4342 enim
1017 4296 1073 4356 et
1100 4288 1242 4358 leges
1268 4299 1322 4344 et
1349 4306 1610 4346 mensura:
1639 4301 1694 4347 et
1722 4295 1857 4348 muri
1885 4309 1980 4349 vo-

407 4374 696 4444 luptatibus
727 4377 833 4429 sint
865 4391 894 4428 a
925 4389 1109 4432 natura
1135 4379 1404 4435 constituti
1427 4390 1530 4447 ,,ιιι
1563 4383 1719 4452 vulgo
1743 4383 1933 4437 dicitur
1964 4402 1978 4438 :

409 4466 720 4535 proculcato
738 4467 951 4536 quidem
974 4485 1126 4534 muro
1153 4479 1206 4525 et
1229 4473 1493 4528 confracta
1521 4490 1766 4531 mensura
1791 4486 1842 4530 et
1869 4477 1983 4548 lege

410 4557 627 4622 violata,
658 4557 796 4613 hanc
825 4560 892 4614 de
919 4575 978 4615 se
1002 4563 1356 4631 suspicionem
1387 4567 1601 4635 genuit,
1633 4569 1982 4638 przestigiato-

413 4645 558 4707 ribus
586 4654 640 4700 et
660 4647 854 4717 aurigis
878 4657 1036 4718 atque
1063 4649 1125 4704 iis
1140 4652 1226 4719 qui
1256 4652 1535 4708 inhonesto
1565 4666 1706 4710 motu
1729 4672 1849 4711 cum
1872 4659 1985 4713 dis-

414 4721 555 4799 torto
609 4751 764 4791 crure
814 4748 1022 4794 veteres
1067 4739 1272 4794 fabulas
1315 4743 1603 4808 exhibent,
1663 4760 1890 4814 przresse
1934 4759 1986 4802 et

414 4827 705 4890 convivari.
735 4827 1207 4898 Prcestigiatoribus
1231 4832 1370 4885 enim
1394 4832 1567 4887 favere
1589 4843 1642 4888 et
1669 4836 1837 4890 amice
1861 4853 1990 4890 con-

417 4917 563 4985 gredi
586 4933 690 4971 non
710 4918 938 4984 erubuit,
959 4920 1100 4974 itaut
1123 4921 1175 4975 in
1197 4923 1326 4976 actis
1349 4923 1572 4991 plurium
1591 4925 1987 4993 magistratuum

417 4995 518 5061 hoc
557 5008 759 5063 crimen
797 5011 1128 5064 contineatur
1161 5030 1174 5066 :
1203 5014 1289 5081 qui
1321 5028 1424 5067 non
1470 5013 1668 5082 legerat
1697 5015 1830 5069 hanc
1859 5031 1984 5071 sen-

418 5099 634 5166 tentiam
659 5116 673 5152 :
702 5099 831 5164 Qua:
876 5099 1050 5155 facere
1089 5115 1192 5154 non
1229 5112 1461 5171 oportet,
1496 5119 1556 5158 ea
1605 5104 1779 5160 facere
1823 5123 1888 5160 ne
1936 5107 1986 5161 in

419 5191 773 5260 suspicionem
817 5193 1018 5248 venias.
1049 5198 1067 5218 '
1108 5194 1332 5266 Propter
1359 5211 1514 5264 quem
1550 5197 1706 5252 etiam
1733 5198 1990 5254 Mediator

420 5282 731 5337 verberibus
771 5294 989 5337 necatus
1029 5294 1128 5338 est.
1163 5285 1227 5338 Et
1268 5287 1356 5356 qui
1398 5286 1630 5355 invenit,
1659 5290 1710 5343 in
1745 5291 1991 5346 exsilium

423 5371 607 5438 pulsus
627 5381 728 5438 est,
749 5373 1096 5441 pmstigiator
1114 5390 1240 5429 vero
1263 5377 1312 5429 in
1337 5375 1509 5445 fugam
1531 5389 1677 5432 actus
1698 5378 1814 5434 fuit.
1836 5381 1993 5436 Aiunt

421 5461 566 5528 illum
590 5472 786 5532 praeter
809 5464 1081 5538 superiora
1107 5465 1326 5539 scelera,
1349 5475 1470 5537 post
1494 5467 1874 5522 ordinationem
1904 5485 1989 5525 sa-

421 5565 510 5604 cra
550 5567 677 5606 vasa
714 5552 977 5620 conﬂasse
1005 5563 1059 5608 et
1095 5553 1147 5608 in
1191 5556 1524 5626 magistratus
1556 5558 1874 5627 impendisse
1897 5603 1910 5625 ,
1940 5572 1994 5616 ut

424 5642 693 5700 videretur
719 5661 824 5700 non
855 5648 1078 5714 ratione,
1105 5646 1198 5703 sed
1225 5647 1499 5720 tyrannide
1527 5648 1590 5703 iis
1620 5663 1869 5720 prmessc,
1902 5651 1990 5722 qui

1357 282 1445 336 DE
1485 282 1641 338 VlTA
1671 282 1728 338 S.
1768 283 2046 342 JOANNIS
2083 287 2571 368 CllRYSOSTOMI.
3556 302 3622 360 Μ

2061 405 2333 464 infeliciter
2359 408 2412 460 in
2453 408 2614 477 ipsius
2649 421 2957 480 potestatem
2983 412 3322 468 devenerant.
3354 413 3480 468 Nam
3505 430 3624 471 mill

2057 497 2247 549 exsilio
2270 496 2483 562 Joannis
2506 499 2558 552 in
2582 501 2827 554 Armenia
2844 511 3183 556 concurrerat
3201 517 3343 556 mors
3365 501 3624 564 Flaviani.

2059 586 2431 640 Antiochensis
2458 589 2712 658 episcopi.
2743 588 2874 644 Cum
2903 589 3103 645 videret
3132 591 3455 661 Porphyrius
3484 593 3626 646 viros

2058 683 2113 729 et
2138 673 2360 728 feminas
2386 677 2560 730 studio
2581 679 2810 748 pendere
2843 694 2878 738 a
2900 680 3036 733 collo
3074 689 3127 734 et
3161 681 3453 735 cervicibus
3481 683 3624 737 Con-

2059 765 2236 817 stantii
2263 765 2573 836 presbyteri,
2601 768 2687 836 qui
2715 783 2744 820 a
2776 768 2970 822 teneris
2989 809 3003 831 ,
3033 775 3090 821 ut
3117 768 3261 822 aiunt
3285 809 3298 832 ,
3329 770 3625 840 unguiculis

2061 851 2312 916 Ecclesiae
2349 857 2643 924 servierat,
2674 857 2810 924 viri,
2843 866 2899 912 ut
2927 859 2976 912 in
3007 858 3144 912 libro
3183 858 3423 914 Iudicum
3462 862 3624 914 ainbi-

2059 945 2220 998 dextri
2263 944 2482 1015 (Judic.
2527 947 2579 1001 3.
2644 946 2750 1016 l5)
2805 964 2817 1000 :
2865 947 3058 1001 etenim
3104 963 3220 1017 qua:
3263 949 3376 1018 ejus
3415 949 3626 1004 sinistra

2061 1036 2376 1105 putabatur,
2427 1037 2616 1092 dextra
2659 1038 2879 1092 aliorum
2922 1039 3096 1107 potior
3136 1048 3268 1093 erat.
3310 1039 3409 1106 Qui
3458 1040 3628 1108 primo

2061 1129 2290 1198 quidem,
2322 1144 2440 1182 cum
2471 1129 2537 1183 ab
2563 1130 2798 1200 epistolis
2827 1138 2970 1185 esset
2989 1171 3003 1196 ,
3035 1130 3237 1200 integer
3262 1145 3290 1183 a
3319 1131 3457 1199 turpi
3485 1131 3628 1184 lucro

2060 1231 2112 1275 et
2138 1221 2291 1276 donis
2331 1222 2575 1276 inventus
2603 1231 2684 1276 est
2713 1240 2725 1276 :
2757 1230 2934 1291 postea
2964 1230 3137 1275 autem
3181 1220 3348 1275 factus
3377 1222 3544 1276 lector
3577 1229 3631 1274 ct

2061 1310 2311 1366 diaconus
2337 1353 2352 1378 ,
2382 1320 2685 1380 regnantem
2729 1311 2866 1380 inter
2902 1311 3142 1365 hcmines
3174 1311 3452 1364 mulierum
3482 1311 3630 1365 volu-

2046 1378 2262 1469 optatem
2301 1402 2416 1455 sine
2445 1378 2637 1456 labore
2677 1378 2977 1471 superavit,
3022 1411 3076 1454 ut
3115 1402 3186 1454 ait
3224 1401 3633 1458 Proverbiorutn

2063 1499 2248 1545 auctor
2281 1509 2293 1544 :
2329 1491 2614 1544 lilectorum
2655 1508 2836 1556 manus,
2875 1491 3024 1562 facile
3065 1491 3402 1544 dominabitur
3431 1492 3447 1557 (
3477 1490 3630 1544 Prov.

2064 1580 2150 1633 12.
2193 1580 2304 1650 ει)
2358 1581 2488 1635 Nam
2528 1582 2827 1650 voluptates
2867 1595 3119 1649 sugerare
3143 1622 3158 1646 ,
3197 1591 3248 1636 et
3287 1581 3361 1634 illi
3405 1579 3634 1635 fortasse

2063 1680 2314 1738 possunt,
2360 1669 2449 1738 qui
2492 1670 2774 1724 admodum
2815 1670 2935 1723 mali
2976 1679 3124 1735 smtt,
3170 1680 3259 1724 aut
3297 1670 3505 1736 timore,
3543 1681 3640 1745 aut

2064 1751 2374 1816 verecundia
2406 1764 2649 1832 corporis
2683 1764 2942 1817 actionem
2982 1763 3293 1820 cohibentes
3324 1765 3483 1816 multa
3510 1777 3632 1816 curn

2063 1853 2312 1906 violentia
2364 1871 2377 1905 :
2427 1863 2478 1907 at
2522 1869 2649 1909 vero
2696 1855 2982 1910 caelestium
3027 1869 3208 1908 amore
3255 1855 3479 1908 terrenis
3529 1868 3633 1906 non

2063 1943 2285 2008 cedere,
2335 1943 2428 1997 Dei
2474 1945 2760 1997 amantium
2798 1945 2968 1997 solum
3015 1953 3124 2010 est,
3171 1960 3302 2013 quos
3345 1953 3400 1998 et
3439 1945 3635 1998 electos

2065 2037 2270 2088 vocavit
2295 2021 2591 2104 Scriptura,
2623 2035 2805 2089 dicens
2837 2055 2848 2088 :
2879 2035 3060 2087 Manus
3087 2036 3349 2087 electorum
3377 2036 3525 2103 facile
3543 2037 3636 2086 do-

2067 2122 2353 2180 minabitur.
2377 2124 2636 2178 Caetcrum
2660 2125 2799 2176 mitis
2822 2123 3030 2192 quidem
3055 2123 3141 2176 ille
3161 2132 3260 2186 est,
3281 2124 3322 2176 si
3345 2123 3462 2191 quis
3480 2123 3633 2185 alius,

2065 2223 2239 2266 asceta
2259 2254 2272 2275 ,
2305 2213 2579 2284 perspicax
2603 2255 2617 2278 ,
2649 2228 2772 2267 acer
2800 2212 2864 2266 ad
2894 2212 3287 2282 intelligendum
3309 2253 3324 2277 ,
3358 2211 3537 2264 tardus
3567 2213 3636 2264 ad

2066 2305 2474 2374 correptionem,
2496 2304 2900 2374 cogitabundus,
2927 2319 3139 2371 semper
3158 2303 3636 2357 considerationem

2064 2393 2310 2459 innitens,
2341 2392 2646 2448 misericors
2665 2435 2679 2457 ,
2704 2393 2939 2462 pecunia:
2966 2393 3179 2446 minime
3205 2391 3444 2460 cupidus,
3474 2392 3522 2443 in
3547 2389 3638 2459 ju-

2066 2485 2216 2538 diciis
2233 2485 2424 2554 justus,
2441 2484 2756 2553 longanintis
2778 2484 2841 2537 ad
2865 2484 3104 2553 injurias,
3128 2482 3191 2535 ad
3211 2480 3634 2551 persuadendum

2067 2575 2382 2638 vehemens,
2417 2573 2624 2641 jejunus
2652 2587 2793 2642 saepe
2832 2573 3118 2642 persistens
3154 2586 3321 2640 usque
3359 2570 3423 2623 ad
3454 2584 3641 2639 vespe-

2072 2679 2204 2727 ram,
2230 2674 2287 2717 ut
2312 2662 2536 2716 afﬂictos
2561 2662 2828 2725 liberaret,
2854 2660 3104 2731 adSpectu
3127 2660 3460 2724 venerabilis,
3483 2658 3640 2712 oculo

2067 2769 2303 2815 severus,
2324 2753 2476 2805 velox
2499 2753 2704 2806 incessu
2719 2791 2734 2817 ,
2761 2749 2972 2814 caelebs,
2992 2760 3044 2803 ιιι
3075 2763 3168 2819 par
3184 2757 3262 2802 est
3279 2790 3293 2814 ,
3311 2745 3637 2802 renidentem

2070 2844 2253 2899 ﬂorem
2284 2845 2339 2897 in
2366 2843 2511 2897 vultu
2551 2857 2872 2897 conservans
2913 2843 2964 2896 in
3003 2841 3130 2911 ipsis
3169 2854 3377 2910 quoque
3420 2838 3637 2892 morbis;

2073 2936 2222 2990 llunc
2250 2936 2407 3005 igitur
2443 2936 2599 2988 talem
2630 2935 2798 2988 virum
2845 2935 3080 3003 pecuniis
3125 2933 3226 2986 hoc
3271 2930 3428 2984 modo
3457 2931 3638 3000 fugare

2074 3025 2305 3078 molitur.
2336 3024 2472 3077 Misit
2495 3025 2560 3078 ad
2581 3023 2902 3078 Comitatum
2924 3033 2976 3077 et
3001 3023 3064 3077 ad
3095 3020 3416 3089 potentiores
3437 3022 3639 3089 episco-

2073 3131 2187 3185 pos,
2203 3125 2358 3184 atque
2370 3115 2509 3169 hunc
2525 3115 2688 3168 literis
2703 3113 3058 3182 lmperatoriis
3075 3113 3124 3165 in
3137 3111 3296 3166 Oasiu
3319 3109 3538 3180 relegari
3551 3123 3644 3163 cu-

2073 3205 2336 3272 rat,veluti
2355 3204 2663 3275 papulorum
2681 3202 3116 3274 perturbatorem.
3134 3201 3231 3267 Qui
3251 3202 3424 3256 statim
3438 3200 3524 3254 ubi
3545 3200 3644 3254 hoc

2075 3293 2305 3358 rescivit,
2329 3293 2619 3345 amicorum
2647 3291 2842 3345 auxilio
2871 3291 2922 3344 in
2947 3288 3175 3360 Cyprum
3206 3288 3354 3358 fugit.
3377 3286 3493 3356 Ipse
3514 3301 3640 3341 vero

2075 3383 2401 3454 Porphyrius
2438 3383 2713 3452 Cyriacum
2743 3392 2797 3436 et
2845 3381 3231 3452 Diophantum,
3282 3382 3641 3449 presbyteros.

2075 3475 2400 3543 clericosque
2427 3482 2650 3528 cancros
2669 3513 2684 3539 ,
2709 3474 2762 3526 in
2796 3473 3088 3526 custodiam
3118 3473 3332 3526 mittens
3356 3511 3369 3534 ,
3397 3469 3646 3524 observat

2076 3575 2291 3635 tempus.
2305 3580 2411 3635 quo
2431 3565 2602 3618 omnis
2625 3565 2810 3619 civitas
2838 3564 2902 3618 ad
2929 3565 3228 3618 suburbana
3254 3561 3528 3625 transiret;
3552 3558 3644 3612 ha-

2078 3655 2210 3709 bens
2247 3655 2389 3724 apud
2421 3669 2479 3709 se
2519 3655 2769 3708 Acacium
2792 3694 2807 3718 ,
2846 3653 3189 3707 Severianum
3230 3661 3283 3705 et
3328 3649 3644 3704 Antiochum

2077 3748 2412 3803 absconditos
2431 3788 2446 3814 ,
2479 3747 2646 3816 prima
2673 3746 2758 3800 die
2787 3744 3082 3800 festivitatis
3105 3787 3119 3807 ,
3147 3743 3284 3813 apud
3312 3741 3532 3810 gentiles
3557 3755 3646 3793 ce-

2080 3841 2408 3903 leberrimtc,
2441 3837 2803 3910 Olympiorum
2845 3838 3047 3892 scilicet
3072 3835 3184 3900 (sic
3219 3835 3360 3888 enim
3396 3840 3650 3887 vocantur

2080 3931 2369 3986 certamina
2398 3945 2516 3999 qua:
2545 3931 2612 3984 ab
2658 3929 2880 3984 Hercule
2919 3929 3184 3992 instituta,
3215 3936 3404 3996 quarto
3439 3937 3648 3992 quoque

2082 4037 2222 4076 anno
2247 4020 2617 4090 celebrantur)
2651 4037 2664 4072 :
2699 4020 2752 4073 in
2777 4033 2879 4087 qua
2904 4058 2919 4083 ,
2951 4026 3007 4071 ut
3035 4019 3105 4071 ita
3135 4018 3305 4070 dicam
3331 4056 3344 4077 ,
3373 4015 3650 4071 mulierum

2082 4127 2288 4181 greges,
2321 4127 2423 4165 una
2449 4125 2569 4164 cum
2606 4109 2807 4179 papillis
2830 4150 2844 4173 ,
2875 4109 3232 4164 effervescunt
3266 4105 3332 4159 ad
3363 4103 3612 4172 Daphnen
3635 4143 3650 4168 ,

2085 4201 2150 4253 ad
2177 4201 2493 4269 spectandos
2526 4199 2751 4253 athletas
2785 4214 2798 4252 :
2829 4213 2948 4252 cum
2973 4198 3023 4252 in
3048 4196 3326 4252 ecclesiam
3360 4194 3650 4260 irrupisset,

2087 4291 2244 4344 simul
2267 4306 2386 4344 cum
2410 4293 2716 4346 memoratis
2735 4290 2999 4360 episcopis
3014 4299 3067 4344 et
3085 4289 3290 4343 clericis
3309 4282 3507 4355 paucis,
3521 4284 3654 4336 clam

2087 4381 2381 4446 ordinatur,
2411 4380 2604 4433 clausis
2624 4380 2820 4448 januis,
2850 4381 3011 4433 multa
3035 4394 3154 4432 cum
3187 4375 3552 4436 festinatione;
3587 4372 3655 4424 ita

2090 4481 2232 4525 utne
2260 4470 2612 4539 precationem
2639 4469 2854 4539 quidem
2882 4468 2947 4521 ad
2977 4468 3133 4522 finem
3166 4465 3526 4534 perduxerint,
3548 4475 3655 4514 mo-

2092 4571 2296 4617 llientes
2327 4577 2392 4619 ne
2428 4559 2968 4628 deprehenderentur.
3009 4557 3136 4611 Tale
3163 4555 3303 4610 enim
3344 4553 3657 4610 adulterium

2090 4661 2192 4719 est,
2224 4650 2398 4721 spuria
2426 4650 2590 4720 gignit
2617 4659 2670 4703 et
2707 4648 2848 4702 facit.
2882 4648 3050 4701 Porro
3071 4645 3391 4701 Severianus
3411 4651 3466 4697 et
3494 4641 3654 4705 socii,

2093 4755 2310 4814 accepto
2337 4744 2504 4815 pretio
2524 4783 2538 4804 ,
2569 4756 2662 4810 per
2687 4750 2898 4795 montes
2926 4748 2982 4793 et
3006 4739 3143 4792 invia
3169 4737 3282 4791 loca
3317 4735 3498 4805 fugere
3517 4776 3531 4799 ,
3562 4733 3656 4788 bu.

2095 4851 2307 4890 manum
2337 4832 2548 4902 quidem
2589 4832 2852 4886 evitantes
2898 4828 3185 4898 periculum
3209 4867 3222 4888 .
3256 4826 3348 4880 sed
3389 4824 3620 4878 divinam
3646 4864 3660 4889 ,

2094 4942 2251 4996 quam
2282 4924 2629 4995 ignorabant,
2663 4922 3073 4992 indignationem
3106 4921 3451 4974 incurrentes.
3481 4915 3665 4971 Soluto

2094 5027 2271 5072 autem
2293 5015 2468 5086 populi
2488 5013 2810 5084 spectaculo,
2836 5011 3148 5082 populisque
3178 5010 3228 5064 in
3247 5009 3428 5064 urbem
3455 5022 3665 5076 regres-

2095 5107 2186 5170 sis,
2213 5107 2509 5160 nuntiatum
2540 5105 2668 5173 ipsis
2693 5113 2774 5158 est
2810 5102 2934 5172 quid
2973 5099 3266 5171 Porphyrio
3292 5099 3586 5159 evenisset,
3615 5107 3668 5150 et

2095 5195 2218 5264 quid
2249 5195 2472 5249 Aeacius
2507 5193 2720 5263 egisset.
2768 5191 3103 5246 Sustinentes
3132 5204 3258 5258 ergo
3289 5187 3544 5254 tantisper
3571 5200 3665 5239 ve-

2097 5301 2252 5354 spere
2281 5287 2374 5340 illo
2403 5299 2569 5354 usque
2608 5285 2660 5337 in
2689 5283 2978 5338 crastinum
2999 5321 3014 5345 ,
3044 5281 3188 5334 velut
3225 5288 3441 5348 propter
3467 5275 3666 5331 adulte-

2101 5379 2234 5432 rium
2278 5375 2538 5446 perculsi,
2579 5386 2963 5428 consurrexere
2987 5412 3002 5437 ,
3034 5385 3096 5426 ac
3132 5369 3445 5425 conﬂuxere
3465 5410 3480 5434 ,
3512 5367 3668 5422 simul

2100 5483 2288 5524 omnes
2308 5483 2428 5524 cum
2451 5467 2574 5536 igne
2593 5474 2650 5520 et
2668 5463 2968 5527 sarmentis,
2986 5462 3334 5532 Porphyrium
3355 5470 3512 5527 atque
3528 5456 3668 5509 aedes

2101 5563 2215 5632 ejus
2240 5562 2420 5616 delere
2451 5560 2712 5614 volentes.
2747 5556 3071 5626 Porphyrius
3111 5564 3288 5609 autem
3328 5569 3430 5606 non
3461 5551 3669 5616 ignarus

2102 5671 2206 5724 quo
2234 5651 2356 5708 odio
2383 5649 2685 5718 haberetur,
2713 5647 2897 5704 relicto
2923 5646 3048 5712 Deo,
3082 5644 3148 5700 ad
3182 5645 3483 5716 praelectum
3514 5650 3659 5691 exer'
