4110 6148
449 315 518 371 55
1712 323 2026 382 PALLADll
2065 325 2406 385 Dt.\t.oct:s
3629 319 3697 372 56

446 433 585 486 citus
611 434 839 506 confugit
860 477 873 500 ,
905 437 1234 506 impletisque
1264 437 1312 492 ei
1355 438 1595 494 manibus
1616 480 1631 506 ,
1662 437 1858 495 bellum
1883 441 2020 504 gerit

447 524 701 582 adversus
729 527 1022 582 Servatoris
1049 528 1316 583 auditores
1340 569 1354 593 ,
1395 545 1514 583 eum
1550 538 1793 586 avertens
1820 547 1850 586 a
1879 531 2021 586 bello

449 617 698 671 Isaurico.
731 619 795 671 Et
825 617 985 671 Isauri
1016 619 1228 686 quidem
1271 620 1485 674 maximi
1516 620 1792 690 praedones
1819 621 2018 675 Rosum

445 720 498 765 et
524 712 814 767 Seleuciam
847 713 1123 766 vastabant
1170 730 1183 766 :
1227 713 1551 783 Porphyrius
1590 729 1715 768 vero
1741 725 1793 769 et
1820 712 2018 768 Valen-

447 804 587 857 tinus
624 802 814 858 Comes
839 846 852 869 ,
884 817 1002 858 cum
1031 804 1248 858 armatis
1289 804 1565 859 ecclesiam
1603 804 2018 859 orthodoxorum

444 892 908 963 tlepraulabautur;
936 895 1268 949 tremendum
1284 894 1456 950 crucis
1473 895 1702 965 signum,
1723 895 1860 965 quod
1879 895 2020 950 velut

446 984 752 1051 magistrum
769 981 818 1037 in
835 985 1070 1039 numeris
1081 994 1265 1054 portau
1275 997 1369 1049 tes,
1386 987 1436 1039 in
1454 995 1590 1040 terra
1605 985 1798 1039 inculta
1814 985 2020 1040 litanias

446 1073 691 1142 agebant,
735 1075 957 1144 pedibus
989 1076 1222 1144 ipsorum
1252 1077 1646 1132 couculeantes.
1672 1077 1796 1131 Post
1821 1076 2022 1147 aliquot

446 1171 622 1217 autem
651 1163 762 1219 dies
789 1163 1034 1220 festinato
1061 1165 1126 1220 ad
1151 1165 1466 1221 Comitatum
1491 1167 1670 1234 mittit,
1696 1176 1853 1237 atque
1880 1166 2020 1238 apud

449 1255 753 1324 huiusmodi
794 1257 1131 1325 magistratus
1171 1265 1472 1327 comparat,
1506 1265 1564 1311 ut
1597 1257 1808 1327 quidam
1836 1256 2020 1312 viridis

447 1359 510 1401 ac
536 1344 729 1400 crudus
754 1360 914 1402 senex
935 1387 950 1414 ,
983 1347 1218 1402 tnoribus
1247 1347 1506 1417 perversis
1525 1388 1540 1413 ,
1567 1347 1809 1418 obliquus
1832 1387 1846 1413 ,
1873 1347 2019 1402 Pras-

449 1433 618 1490 fectus
643 1435 869 1506 Vigilum
895 1447 1188 1505 crearetur,
1220 1448 1274 1492 ut
1305 1438 1568 1492 licentiam
1601 1439 1803 1494 habens
1830 1439 2022 1508 probos

446 1541 682 1595 quosque
703 1526 1076 1594 calumniandi,
1106 1529 1369 1583 civitatem
1395 1530 1446 1583 in
1474 1545 1630 1583 manu
1654 1530 1886 1595 haberet,
1918 1529 2022 1585 Ne-

444 1615 612 1682 ronis,
638 1616 726 1670 Dei
745 1615 934 1685 hostis,
958 1634 1135 1673 mores
1165 1619 1394 1672 imitans.
1417 1619 1530 1674 Non
1558 1621 1697 1674 enim
1721 1621 1818 1690 ipsi
1840 1620 2019 1673 datum

445 1717 529 1761 est
545 1708 783 1762 oratione
798 1710 1231 1778 persuadere,sed
1251 1710 1700 1766 irrationabilitate
1712 1722 1764 1765 et
1781 1711 2024 1765 immani-

450 1807 554 1852 tate
574 1813 786 1855 vexare.
813 1799 1015 1868 Quippe
1039 1801 1124 1869 qui
1148 1815 1241 1870 pro
1263 1816 1424 1869 scopo
1447 1816 1548 1855 nou
1581 1801 1797 1857 haberet
1817 1802 2023 1870 placere

449 1893 577 1957 Deo,
601 1902 842 1946 errantes
880 1893 1083 1946 animas
1107 1891 1397 1956 reducenti,
1421 1893 1512 1946 sed
1544 1893 1764 1960 implere
1783 1905 2022 1946 ventrem

445 1983 728 2052 serpentis,
752 1983 838 2052 qui
857 1997 1015 2051 SUper
1033 1991 1213 2050 pectus
1234 1982 1490 2052 graditur.
1513 1982 1697 2053 Populi
1715 1983 1870 2053 igitur
1885 1983 2023 2038 relu-

445 2082 668 2140 ctantes,
685 2073 735 2126 in
753 2072 973 2128 ecclesia
987 2073 1162 2140 specie
1177 2072 1388 2143 quidem
1403 2073 1740 2140 conveniunt,
1760 2083 1902 2128 metu
1917 2089 2025 2128 vcr-

448 2167 653 2231 herum,
669 2179 848 2220 revera
866 2173 1041 2219 autent
1054 2165 1213 2219 vitam
1233 2179 1380 2219 suam
1397 2175 1917 2236 exsecrantes,atque
1931 2165 2024 2221 Dei

447 2246 708 2300 ultionem
724 2244 1208 2316 exspectantes.Ad
1227 2246 1339 2301 lure
1357 2248 1692 2318 stupefactus
1707 2250 2026 2310 Theodorus

441 2339 603 2392 dixit:
624 2336 1088 2394 Praetcrnaturam
1107 2346 1160 2393 et
1179 2339 1469 2405 rationem,
1489 2339 1667 2409 Pater,
1685 2358 1772 2398 res
1787 2345 1921 2402 istas
1935 2361 2026 2401 au-

442 2432 552 2484 dio.
577 2429 643 2484 Ut
663 2430 955 2501 plurimum
976 2431 1120 2485 enim
1143 2431 1486 2500 vanreglorite
1499 2433 1680 2502 cupidi
1709 2435 2028 2495 hominibus

449 2526 656 2594 placere
671 2526 927 2592 ambiunt,
950 2537 1000 2580 et
1013 2526 1310 2581 adulatores
1326 2526 1842 2597 inveniuntur,atque
1858 2527 2026 2582 lautas

448 2630 660 2670 mensas
689 2616 981 2680 instruunt,
1011 2625 1066 2670 ut
1091 2627 1332 2670 amentur
1354 2627 1403 2670 ct
1433 2616 1568 2671 bene
1594 2618 1839 2686 audiant,
1867 2619 2022 2673 etiam

448 2717 600 2776 sputa
619 2722 759 2777 stupe
774 2708 1078 2762 tolerantes.
1095 2707 1369 2775 Quomodo
1390 2708 1548 2778 igitur
1565 2709 2026 2780 Porphyrius,sive

450 2799 584 2851 alius
613 2799 894 2868 quispiam,
927 2799 1096 2853 minas
1122 2809 1175 2853 et
1200 2800 1456 2869 supplicia
1479 2810 1635 2870 atque
1656 2803 1838 2856 exsilia
1868 2817 2024 2856 excr—

452 2888 676 2952 ruerint,
708 2888 911 2958 ignoro.
941 2890 1113 2944 Ertse.
1145 2889 1256 2945 lloc
1281 2907 1408 2946 vero
1431 2891 1778 2946 admiratione
1808 2893 2024 2963 dignum

449 2991 553 3047 est,
575 2978 872 3048 Theodore,
897 2981 1036 3052 quod
1059 2981 1122 3035 ad
1148 2990 1348 3037 tantum
1378 2983 1728 3052 improbitatis
1747 3001 2024 3040 excessum

449 3072 804 3140 proruperint,
830 3083 882 3126 ut
915 3087 1019 3126 non
1050 3073 1209 3128 modo
1234 3073 1535 3129 hominibus
1556 3075 1765 3146 placere
1787 3093 1890 3131 non
1911 3088 2023 3133 stu-

449 3163 626 3229 deant,
655 3179 834 3218 verum
867 3164 1160 3219 facinorum
1187 3181 1398 3236 quoque
1419 3181 1635 3221 suorum
1658 3168 2022 3225 confusionem

450 3255 666 3312 minime
687 3272 873 3313 curare
898 3276 911 3310 :
936 3259 1132 3314 malitia
1159 3259 1299 3314 enim
1329 3261 1581 3315 malitiam
1609 3261 1660 3316 in
1687 3262 1881 3318 mah‘tia
1907 3281 2027 3334 pro-

451 3356 645 3403 movet.
683 3348 829 3404 ‘l‘une
851 3351 991 3405 enim
1022 3351 1220 3406 malitia
1247 3352 1458 3408 inanem
1497 3353 1716 3424 gloriam
1745 3356 2022 3425 producit,

447 3455 571 3493 cum
598 3440 868 3494 blanditiis
894 3442 1005 3496 suis
1028 3441 1288 3512 imperare
1314 3443 1520 3498 stolidis
1539 3453 1716 3514 sperat
1744 3465 1755 3500 :
1789 3461 1908 3500 eum
1935 3461 2028 3500 au-

449 3542 553 3586 tem
580 3533 666 3601 qui
698 3542 1006 3602 captantur,
1042 3534 1310 3588 blanditiis
1343 3543 1502 3604 atque
1528 3536 1698 3604 epulis
1725 3537 2027 3606 superiores

451 3621 648 3676 inventi
693 3621 920 3687 fuerint,
956 3623 1126 3678 minas
1167 3634 1219 3678 et
1249 3625 1504 3695 supplicia
1547 3625 1779 3694 profert,
1809 3636 1861 3681 ut
1894 3642 2028 3697 quos

453 3711 718 3768 blanditiis
742 3726 899 3783 atque
938 3715 1106 3784 epulis
1136 3729 1240 3770 non
1282 3716 1452 3784 potuit
1482 3715 1754 3781 inescare,
1788 3716 2030 3771 immani-

452 3815 557 3858 tate
584 3820 646 3858 ac
670 3814 872 3859 terrore
896 3805 1142 3874 percellat
1166 3821 1180 3871 ;
1213 3807 1349 3860 sicut
1377 3807 1573 3861 sanetis
1597 3806 1918 3878 martyribus
1943 3821 2029 3862 ac-

452 3895 602 3949 cidit.
645 3895 720 3949 lbi
768 3895 908 3950 enim
957 3904 1237 3966 utrumque
1286 3896 1726 3966 impendebatur,
1767 3895 2028 3952 donorum

450 3996 608 4056 atque
638 3987 896 4041 honorum
937 3988 1230 4058 excogitata
1261 3986 1446 4057 pedica
1472 4027 1488 4053 ,
1519 3997 1738 4058 captans
1766 3987 2030 4044 inhiantes

452 4077 706 4146 gloriolae,
730 4089 781 4133 et
807 4080 1185 4150 suppliciorum
1215 4079 1393 4146 minae,
1419 4081 1714 4150 sartagines
1732 4089 1888 4150 atque
1908 4095 2032 4136 ecu-

454 4171 517 4224 lei
549 4181 603 4226 et
630 4171 811 4227 bestiae
833 4213 847 4239 ,
879 4182 932 4228 et
958 4189 1304 4244 quateumque
1331 4172 1396 4228 ad
1423 4188 1642 4243 magnos
1670 4172 1886 4230 dolores
1911 4189 2030 4231 mo-

459 4263 659 4318 vendos
687 4263 876 4320 idonea
908 4273 1064 4328 sunt,
1091 4278 1427 4334 praeparans,
1455 4263 1619 4320 fortes
1645 4275 1700 4320 et
1727 4265 1818 4321 Dei
1848 4281 2030 4321 aman-

456 4369 536 4412 tes
562 4356 838 4412 exhibens.
878 4357 1065 4413 Clerus
1103 4356 1316 4428 quidem
1361 4357 1737 4414 Antiochensis
1776 4358 2031 4430 insignior

455 4451 590 4504 clam
624 4450 833 4521 plebem
863 4450 1082 4520 colligit,
1113 4465 1181 4504 ne
1207 4449 1332 4521 ipsis
1359 4449 1570 4520 quidem
1595 4450 1834 4506 ecclesiae
1862 4451 2033 4520 parie-

455 4541 594 4597 tibus
608 4543 1056 4614 appropinquans,
1076 4557 1282 4597 necnon
1303 4550 1357 4598 et
1377 4549 1485 4596 tota
1508 4541 1726 4612 insignis
1748 4540 2029 4596 mulierum

451 4635 697 4701 societas,
727 4647 943 4706 propter
966 4650 1100 4705 quas
1131 4635 1362 4690 maxime
1389 4635 1659 4690 insaniunt
1689 4633 2028 4703 pecuniarum

452 4727 590 4781 avidi
627 4735 888 4796 pastores.
932 4727 1007 4781 De
1033 4727 1193 4782 rebus
1227 4735 1404 4780 autem
1433 4723 2032 4793 Coustantiuopolitanis

453 4817 577 4886 quid
595 4818 785 4872 attinet
805 4818 983 4872 dicere
999 4827 1192 4886 quanta
1222 4815 1502 4870 multitudo
1519 4815 1587 4870 ab
1611 4816 1836 4871 ecclesia
1857 4829 2026 4870 reces-

455 4909 618 4963 serit?
643 4909 967 4962 conveniens
992 4908 1091 4962 sub
1113 4907 1224 4973 dio,
1247 4914 1308 4960 ut
1331 4907 1578 4975 superius
1601 4907 1850 4972 diximus,
1884 4911 1952 4962 ita
1976 4916 2033 4963 ut

453 5001 543 5068 qui
584 5015 763 5054 rerum
795 4998 1275 5054 ecclesiasticarum
1326 4999 1628 5066 potiuntur,
1665 5014 1768 5051 nou
1806 4999 2033 5054 habeant

454 5090 673 5146 totidem
743 5087 1010 5146 auditores
1079 5089 1272 5143 silentii
1341 5088 1424 5143 sui
1475 5103 1489 5140 :
1565 5103 1820 5158 nusquam
1889 5089 2030 5144 enim

455 5182 592 5252 apud
631 5197 726 5238 eos
766 5197 961 5239 sermo.
997 5183 1144 5236 Duc.
1199 5179 1418 5235 Dubiam
1458 5187 1512 5235 et
1539 5195 1849 5249 suspensam
1884 5196 2033 5235 men-

455 5285 560 5328 tem
613 5289 824 5338 meam,
854 5270 1042 5340 Pater,
1087 5271 1352 5336 liberasti,
1398 5271 1484 5342 qui
1535 5271 1700 5326 oculis
1749 5272 1883 5326 meis
1946 5287 2032 5327 res

455 5365 599 5434 ipsas
624 5362 936 5433 subjeceris.
978 5361 1108 5418 Nam
1137 5361 1419 5417 verborum
1447 5361 1813 5427 consonantia,
1845 5370 1899 5417 et
1925 5376 2029 5416 non

456 5457 575 5511 ficta
605 5455 839 5510 narratio
867 5456 1150 5511 certiorem
1194 5469 1281 5510 me
1325 5453 1449 5510 fecit
1492 5453 1560 5509 de
1591 5455 1811 5510 veritate
1851 5469 2028 5510 rerum

452 5557 743 5617 gestarum.
776 5545 916 5602 Fieri
945 5546 1086 5603 enim
1118 5561 1223 5602 non
1255 5555 1460 5616 potest,
1492 5553 1551 5600 ut
1577 5545 1704 5600 falsa
1733 5544 1904 5599 oratio
1930 5543 2029 5598 sibi

457 5640 650 5711 ubique
677 5649 958 5694 consonet.
987 5637 1064 5694 Ne
1089 5637 1247 5708 igitur
1270 5637 1528 5706 graveris,
1556 5635 1598 5690 si
1625 5634 1749 5705 quid
1783 5633 1940 5696 nosti,
1969 5647 2029 5687 ea

452 5734 604 5789 nobis
621 5749 859 5802 narrare,
883 5748 1001 5804 quae
1022 5730 1385 5803 Olympiadem
1409 5738 1672 5802 spectant.
1697 5727 1868 5782 Ertse.
1893 5724 2031 5794 Qua-

2129 441 2193 496 lis
2215 457 2273 497 ea
2299 442 2414 496 est?
2435 457 2562 496 nam
2592 441 2771 513 plures
2797 456 2859 497 eo
2888 440 3118 496 nomine.
3147 439 3299 494 Due.
3329 436 3696 492 Constantino-

2126 534 2373 603 politanae
2404 533 2655 589 Ecclesim
2692 535 3006 598 diaconissa,
3039 549 3156 604 qua:
3185 545 3376 600 sponsa
3413 527 3696 598 aliquando

2126 623 2222 676 fuit
2248 623 2482 678 Nebridii
2515 623 2852 694 Expraefecti.
2887 624 3056 678 Ertsc.
3087 623 3232 676 Illam
3258 620 3470 690 quidem
3499 619 3697 688 nptituo

2126 713 2268 765 novi.
2302 714 2448 767 Duc.
2481 713 2662 781 Qualis
2693 715 2778 767 illa
2810 713 3000 767 mulier
3027 713 3141 768 est?
3171 713 3340 767 Ense.
3371 711 3464 774 Ne,
3493 725 3694 778 qua-so,

2125 802 2270 856 dicas
2295 845 2308 866 ,
2343 805 2514 872 qualis
2539 804 2727 858 mulier
2747 845 2761 866 ,
2791 804 2882 858 sed
2914 804 3084 874 qualis
3124 802 3283 856 homo
3308 819 3320 853 :
3345 801 3424 854 vir
3453 802 3590 855 enim
3615 810 3698 854 est

2127 901 2318 960 pra‘ler
2338 896 2574 963 corporis
2597 893 2852 948 habitum.
2877 893 3027 948 Duc.
3053 893 3107 946 In
3130 893 3267 961 quo?
3295 891 3465 945 Ertsc.
3493 889 3545 942 lu
3567 890 3695 956 vita,

2127 985 2177 1038 iu
2211 983 2511 1050 laboribus,
2547 987 2596 1039 itt
2628 985 2848 1040 scientia
2891 995 2946 1040 et
2987 984 3382 1039 tribulationum
3424 982 3696 1052 patientia.
3740 1012 3755 1025 -

2127 1072 2278 1128 DIAC.
2303 1073 2412 1128 Cur
2432 1089 2558 1144 ergo
2584 1075 2658 1129 illi
2687 1075 3007 1129 conviciatus
3030 1084 3113 1129 est
3137 1071 3496 1142 Theophilus?
3520 1071 3697 1126 Ertsc.

2125 1163 2376 1229 Quisnam
2396 1165 2481 1220 ille
2498 1165 2612 1220 cSt?
2637 1166 2784 1219 Due.
2805 1164 3192 1219 Alexandrinus
3207 1164 3502 1233 episcopus.
3524 1163 3699 1217 Ense.

2129 1253 2335 1308 Videris
2359 1255 2511 1318 mihi,
2539 1255 2842 1322 Theodore,
2875 1264 2950 1310 tot
2974 1254 3230 1309 orationis
3255 1253 3420 1322 spatia
3447 1252 3700 1306 oblivioni

2127 1345 2424 1401 tradidisse.
2455 1348 2601 1402 Duc.
2647 1347 2762 1416 Qua
2799 1348 2862 1402 in~
2896 1347 2993 1402 re?
3037 1347 3210 1401 Ertsc.
3242 1345 3340 1412 Qui
3367 1345 3569 1398 veritati
3597 1361 3704 1398 non

2126 1439 2392 1508 pepercit,
2423 1439 2515 1493 sed
2562 1439 2706 1493 illam
2751 1439 3115 1505 conculcavit,
3147 1446 3206 1491 ut
3245 1437 3486 1506 superior
3527 1451 3706 1490 sermo

2125 1528 2523 1599 comprobavit;
2555 1537 2608 1583 et
2649 1529 2738 1599 qui
2787 1528 3080 1583 Ecclesiam
3122 1541 3244 1596 qua:
3292 1525 3392 1580 sub
3421 1527 3553 1580 caelo
3589 1534 3704 1591 est,

2086 1688 2089 1692 ι
2126 1632 2342 1690 prepter
2365 1636 2522 1689 quam
2555 1620 2862 1690 Unigenitus
2884 1660 2900 1684 ,
2929 1626 2987 1673 ut
3013 1616 3116 1673 diei
3146 1617 3311 1680 solet,
3343 1616 3619 1682 laboravit,
3652 1623 3709 1669 ut

2125 1725 2242 1766 enm
2266 1712 2456 1775 uuiret,
2485 1727 2586 1765 non
2619 1710 2919 1774 honoravit,
2951 1709 3043 1764 sed
3069 1707 3385 1763 contumelia
3407 1705 3584 1761 affecit
3611 1707 3707 1760 ha-

2127 1802 2236 1856 bitu
2265 1817 2382 1867 suo,
2416 1802 2623 1856 mulieri
2651 1811 2833 1871 posset
2859 1815 3079 1871 parcere
3108 1799 3302 1866 viduae,
3331 1814 3448 1868 quae
3472 1799 3630 1852 vitam
3655 1800 3708 1854 in

2127 1893 2366 1948 oratione
2395 1893 2702 1948 consumit?
2733 1894 2942 1949 Discute
2971 1902 3024 1948 et
3049 1892 3168 1947 vide
3197 1892 3240 1946 si
3270 1907 3428 1962 quem
3459 1908 3707 1962 umquam

2128 1983 2427 2052 improbum
2467 1982 2907 2052 reprehenderit,
2941 1983 3026 2052 qui
3061 1982 3335 2052 probitatis
3365 1997 3575 2052 semper
3614 1982 3711 2037 ho-

2127 2074 2225 2128 stis
2249 2083 2352 2128 est.
2395 2074 2504 2128 Cur
2527 2083 2704 2128 autem
2731 2083 2786 2129 et
2828 2089 2895 2129 ex
2920 2073 3036 2143 ejus
3065 2073 3302 2142 epistolis
3334 2088 3438 2126 non
3467 2073 3710 2140 eonjicis,

2127 2163 2394 2234 quomodo
2422 2165 2527 2218 illae
2566 2165 2705 2219 inter
2731 2179 2791 2218 se
2834 2163 3173 2234 repugnent?
3199 2162 3298 2230 Qui
3325 2163 3466 2218 enim
3499 2161 3710 2216 beatum

2129 2253 2478 2324 Epiphanium
2504 2254 2827 2308 Constantia:
2855 2254 2908 2308 in
2935 2255 3108 2325 Cypro
3139 2254 3466 2323 episcopum,
3495 2253 3584 2322 qui
3614 2253 3712 2306 tri-

2127 2349 2271 2417 ginta
2295 2355 2350 2401 et
2377 2362 2468 2401 sex
2494 2362 2664 2402 annos
2689 2346 2943 2401 Ecclesia:
2973 2343 3201 2416 praefuit,
3232 2345 3442 2415 probris
3465 2343 3714 2399 affecerat

2129 2448 2186 2492 ut
2232 2438 2573 2504 hacretieum,
2603 2447 2694 2492 aut
2738 2438 3131 2493 Schismaticum
3159 2479 3173 2503 ,
3215 2436 3313 2491 sub
3357 2437 3578 2490 Damaso
3620 2446 3713 2492 aut

2130 2530 2286 2585 beato
2315 2527 2538 2594 Sit-icio;
2581 2538 2762 2600 postea
2794 2529 2845 2583 in
2889 2542 2983 2583 sua
3011 2526 3079 2581 ad
3121 2527 3481 2582 Innocentium
3517 2527 3710 2596 Papam

2128 2621 2350 2691 epistola
2376 2622 2680 2691 vituperans
2704 2621 2913 2677 beatum
2943 2621 3222 2684 Joannem,
3247 2619 3596 2690 Epiphanium
3619 2634 3717 2674 no-

2129 2712 2297 2767 minat
2321 2714 2736 2768 sanctissimum.
2765 2711 2982 2780 Quoties
3010 2724 3184 2765 autem
3209 2752 3223 2777 ,
3253 2720 3427 2780 putas,
3459 2719 3513 2765 et
3541 2726 3712 2781 genua

2129 2803 2456 2876 Olympiadis
2483 2805 2748 2859 osculatus
2787 2811 2890 2868 est,
2923 2817 3018 2873 spe
3046 2817 3407 2868 nummorum,
3447 2801 3532 2855 cui
3572 2815 3716 2856 nunc

2130 2894 2491 2949 conviciatur?
2519 2895 2609 2947 Illa
2642 2893 2786 2948 humi
2828 2893 3136 2962 procidente
3175 2892 3243 2947 ob
3273 2907 3388 2946 eam
3419 2907 3529 2946 rem
3558 2901 3612 2946 et
3639 2892 3715 2946 la-

2130 3003 2340 3058 crymas
2361 2986 2634 3049 fundente,
2662 2986 3004 3041 nihilominus
3031 2985 3132 3049 ista
3158 2984 3440 3054 episcopus
3465 2983 3710 3038 faciebat.

2133 3078 2326 3133 Verum
2343 3093 2444 3148 qua
2471 3079 2522 3131 in
2553 3092 2610 3132 re
2637 3077 2708 3130 illi
2735 3077 3061 3130 eonviciatus
3086 3074 3206 3130 est?
3237 3074 3384 3128 Due.
3414 3073 3562 3140 Quod
3591 3087 3712 3127 sus-

2129 3167 2333 3238 ceperit
2373 3167 2664 3222 monachos
2717 3166 2813 3220 abs
2852 3181 2910 3220 se
2949 3165 3161 3235 ejectos.
3211 3164 3388 3219 Ense.
3427 3163 3562 3219 Num
3591 3165 3716 3218 licet

2129 3258 2379 3328 episeopo
2404 3265 2495 3311 aut
2514 3256 2687 3320 decet,
2715 3255 2956 3325 quemvis
2981 3269 3010 3308 e
3031 3253 3325 3324 discipulis,
3348 3269 3442 3308 seu
3462 3252 3716 3308 Christia-

2131 3365 2256 3403 num
2301 3363 2617 3418 quemquam
2644 3388 2658 3412 ,
2699 3346 2919 3400 omnino
2963 3344 3262 3414 projicere,
3291 3343 3483 3398 nedum
3525 3357 3715 3398 mona-

2131 3440 2328 3518 Clllll’ft?
2352 3440 2502 3495 Duc.
2547 3439 2602 3494 Si
2633 3454 2753 3494 eum
2794 3439 3074 3504 l:eserunt,
3112 3446 3202 3491 aut
3227 3437 3275 3492 ei
3305 3435 3715 3491 maledixerunt.

2131 3529 2306 3584 Ense.
2340 3529 2474 3584 Nunt
2503 3529 2633 3583 iram
2661 3544 2808 3583 suam
2850 3527 3064 3597 explere
3093 3527 3271 3582 debuit
3295 3569 3307 3588 ,
3341 3527 3405 3581 de
3433 3525 3718 3582 maledicto

2131 3619 2428 3674 sollicitus?
2456 3618 2733 3686 Quomodo
2781 3618 2952 3673 adhuc
3002 3617 3195 3672 Christi
3235 3616 3584 3671 contumelias
3613 3616 3715 3669 sibi

2133 3721 2336 3782 qumret
2379 3711 2500 3775 ille,
2529 3711 2614 3780 qui
2662 3710 2842 3782 gloria:
2889 3725 3000 3764 sua:
3043 3709 3376 3764 velificatur?
3403 3707 3512 3763 Cur
3535 3717 3714 3763 autem

2135 3805 2352 3858 omnino
2394 3804 2626 3857 imitatus
2666 3818 2771 3857 non
2800 3811 2882 3857 est
2921 3802 3231 3871 magistrum
3260 3800 3502 3868 Paulum,
3528 3798 3715 3855 dicen-

2135 3903 2240 3951 tem
2273 3911 2286 3947 :
2323 3892 2676 3948 Maledicimur
2699 3933 2714 3958 ,
2745 3902 2790 3947 et
2833 3892 3164 3946 benedicimus
3197 3892 3256 3964 (Ι
3319 3890 3436 3945 Car.
3466 3891 3520 3944 4.
3570 3891 3718 3962 12)ἳ

2134 3987 2285 4042 Duc.
2316 3985 2452 4054 Quid
2488 3986 2644 4054 igitur
2664 4025 2679 4051 ,
2711 3984 2755 4039 si
2787 3983 3020 4039 lta:retici
3069 3983 3291 4038 fuissent
3319 3982 3560 4037 monachi
3601 3981 3720 4036 illi?

2136 4078 2312 4133 Ense.
2345 4077 2503 4148 Atqui
2546 4079 2765 4132 omnino
2804 4076 3039 4147 oportuit
3074 4090 3168 4131 eos
3203 4075 3487 4131 emendare
3511 4085 3565 4128 et
3594 4090 3719 4144 prr-

2133 4169 2380 4234 suadere,
2408 4180 2458 4222 at
2487 4183 2591 4224 non
2619 4167 2897 4238 projicere.
2928 4166 3075 4222 Due.
3109 4166 3172 4220 Et
3197 4167 3238 4219 si
3267 4165 3366 4220 hoc
3389 4165 3615 4229 fecisset,
3640 4164 3715 4219 illi

2134 4274 2238 4314 non
2258 4259 2574 4328 paruissent,
2591 4259 2678 4328 qui
2701 4259 2995 4327 pertinaces
3015 4265 3212 4312 essent.
3237 4257 3406 4311 Ense.
3426 4255 3720 4326 Oportebat

2134 4349 2263 4404 illud
2293 4349 2640 4420 apostolicum
2668 4348 2886 4419 exsequi
2919 4366 2932 4402 :
2975 4346 3279 4402 Ilwreticum
3322 4347 3574 4400 hominem
3602 4356 3719 4415 post

2133 4458 2284 4496 unam
2316 4450 2363 4494 et
2396 4441 2606 4494 alteram
2643 4441 3002 4510 correptione»:
3045 4441 3207 4492 devita
3230 4480 3245 4505 ,
3273 4438 3432 4493 sciens
3459 4437 3576 4509 quia
3601 4454 3718 4506 per-

2133 4549 2302 4588 versus
2327 4542 2398 4585 est
2428 4532 2718 4601 Imjusmodt'
2747 4531 2883 4604 (Tit.
2914 4533 2967 4587 3.
3014 4529 3100 4585 10.
3149 4530 3206 4584 ll
3235 4529 3289 4600 );
3316 4539 3365 4582 at
3397 4544 3499 4582 non
3527 4525 3715 4598 expel-

2135 4625 2244 4679 lere
2265 4665 2278 4688 ,
2315 4633 2369 4678 et
2398 4622 2535 4677 bona
2565 4621 2828 4691 diripere,
2874 4630 3032 4691 atque
3067 4636 3130 4675 ex
3162 4619 3327 4689 patria
3369 4619 3562 4688 ejicere
3591 4631 3714 4671 cum

2135 4715 2533 4784 magistratuum
2557 4713 2734 4767 minis.
2767 4713 2916 4768 Dtac.
2946 4711 3053 4766 Viri
3083 4708 3298 4780 perfecti
3327 4708 3556 4764 officium
3579 4705 3710 4760 mihi

2136 4821 2356 4873 narras,
2388 4816 2441 4861 et
2483 4805 2648 4860 Deum
2677 4804 2941 4870 amantis,
2981 4812 3035 4858 et
3079 4802 3389 4871 injuriarum
3437 4798 3706 4871 patientis.

2136 4897 2315 4954 Ense.
2347 4899 2414 4952 Et
2437 4906 2584 4952 certe
2615 4898 2730 4950 laus
2757 4911 2945 4965 magna
2986 4911 3089 4950 non
3121 4903 3202 4949 est
3229 4892 3546 4948 deteriorem
3575 4889 3714 4945 tole-

2134 5003 2273 5043 rare.
2297 4989 2557 5042 Caeterum
2588 4986 2686 5040 nisi
2727 4984 2988 5056 perfectus
3027 4994 3138 5050 est,
3167 4992 3418 5053 quantum
3443 4978 3712 5044 convenit,

2133 5077 2400 5148 quomodo
2431 5079 2712 5148 episcOpus
2748 5085 2831 5132 est
2857 5074 3160 5147 ejusmodi?
3205 5071 3541 5144 imperfectus
3569 5071 3713 5126 enim

2134 5170 2458 5244 imperfectis
2476 5186 2579 5225 non
2601 5169 2859 5226 consulet.
2883 5167 3159 5234 Quomodo
3180 5175 3354 5220 autem
3376 5175 3430 5219 et
3448 5159 3716 5231 TheOphi-

2134 5271 2216 5326 lus
2240 5268 2450 5330 dicitur,
2482 5264 2571 5336 qui
2596 5279 2701 5318 non
2729 5269 2872 5318 amat
2899 5262 3085 5327 Deum,
3115 5267 3332 5330 prepter
3355 5271 3510 5328 quem
3541 5265 3593 5309 et
3615 5252 3714 5308 hoc

2135 5362 2336 5416 minum
2364 5358 2586 5428 injurias
2615 5355 2875 5425 patienter
2900 5351 3038 5408 ferre
3063 5350 3282 5406 debuit?
3311 5349 3364 5404 Si
3396 5362 3524 5402 vero
3548 5346 3711 5400 Deum

2135 5466 2241 5505 non
2271 5459 2412 5502 amat
2435 5489 2450 5515 ,
2485 5461 2552 5502 ne
2576 5462 2634 5501 se
2677 5445 2888 5515 quidem
2933 5443 3106 5512 ipsum
3141 5459 3154 5496 :
3195 5441 3282 5510 qui
3314 5448 3491 5492 autem
3520 5437 3714 5491 suimet

2135 5541 2379 5594 inimicus
2408 5547 2522 5604 est,
2554 5533 2821 5607 quomodo
2853 5532 3063 5588 tandem
3105 5532 3237 5586 alios
3263 5526 3494 5583 amabit?
3525 5525 3714 5580 Mirum

2135 5631 2293 5700 igitur
2321 5645 2427 5684 non
2457 5637 2567 5692 est,
2596 5628 2638 5680 si
2678 5624 2748 5679 ob
2785 5623 2836 5678 id
2875 5621 3242 5694 Olympiadem
3282 5619 3468 5674 oderat
3489 5659 3502 5679 ,
3536 5627 3718 5686 utpute

2139 5738 2254 5792 qua:
2283 5719 2568 5776 monachos
2594 5715 2935 5788 suscepisset.
2973 5715 3116 5770 Duc.
3151 5712 3204 5767 lu
3231 5709 3475 5768 confesso
3503 5708 3718 5779 quidem
