4110 6148
314 404 420 464 .55

244 568 247 571 ς
342 529 438 582 ἐπὶ
469 525 560 580 τὸν
601 525 1116 598 στρατοπεδάρχην,
1156 526 1253 580 καὶ
1295 526 1588 599 πληρώσας
1628 525 1792 580 αὑτοῦ
1824 525 1922 590 τάς

345 612 558 681 χεῖρας,
601 608 1012 682 ἀντιστρατεύει
1044 612 1156 675 τοῖς
1185 610 1483 681 ἀκροαταῖς
1516 610 1612 663 τοῦ
1649 608 1922 680 Σωτῆρος,

349 690 701 762 ἀποστρέψας
753 690 862 746 τῶν
908 692 1228 762 Ὶσαυρικῶν
1274 692 1545 763 πολέμων.
1582 693 1693 746 Καὶ
1731 692 1782 744 οἱ
1830 691 1928 761 μὲν

347 774 780 849 λῃστρικώτατοι
808 776 1053 845 Ἰσαυροι
1090 776 1274 830 Ῥόσον
1304 778 1398 833 καὶ
1424 775 1746 829 Σελεύκειαν
1767 774 1930 844 01:09-

346 858 475 911 θουν
498 875 512 889 ο
557 858 868 930 Πορφύριος
910 858 966 913 δέ
1003 861 1099 914 καὶ
1125 860 1478 924 Οὑαλεντῖνος
1516 861 1544 913 ό
1574 860 1749 930 κόμης
1792 856 1929 927 μετὰ

344 939 455 993 τῶν
486 940 726 995 ὁπλιτῶν
762 941 859 1012 τὴν
888 942 1188 1013 ἐκκλησίαν
1226 942 1333 995 τῶν
1375 941 1669 1015 ὀρθοδόξων
1710 939 1932 1011 ἐλεηλά-

344 1040 503 1076 τουν·
535 1023 598 1076 τὸ
623 1023 1062 1094 φρικωδέστατον
1084 1024 1176 1078 τοῦ
1202 1027 1435 1096 σταυροῦ
1470 1026 1721 1096 σημεῖον,
1754 1022 1784 1076 ὃ
1810 1023 1931 1076 ἀντὶ

343 1102 673 1159 διδασκάλου
712 1108 801 1159 ἐπ’
830 1104 997 1177 ὤμων
1017 1107 1272 1180 φέροντες
1296 1108 1389 1160 ἐπὶ
1417 1110 1522 1178 γῆς
1559 1107 1802 1179 ἀσπόρου
1823 1105 1932 1158 ἐλισ

348 1188 610 1252 τάνευον,
655 1190 768 1252 τοῖς
804 1187 1013 1242 ἑαυτῶν
1054 1191 1183 1243 ποσὶ
1218 1190 1690 1261 συμπατήσαντες.
1730 1192 1926 1257 Διαγε-

348 1269 593 1341 νομένων
638 1270 695 1324 δέ
740 1269 986 1342 ήμερῶν,
1019 1272 1339 1325 ἀποστέλλει
1377 1275 1435 1326 ἐν
1466 1270 1544 1342 τῷ
1588 1271 1933 1344 στρατοπέδῳ

350 1353 685 1418 σπουδαίως,
736 1354 832 1407 καὶ
865 1355 1272 1425 παρασκευάζει
1326 1355 1460 1427 πρὸς
1506 1357 1620 1418 τοῖς
1665 1353 1930 1418 τοιούτοις

350 1435 616 1507 ἄρχουσιν
649 1436 780 1490 ἴδιόν
803 1453 923 1490 τινα
951 1437 1320 1508 ὠμογέροντα,
1346 1439 1664 1509 δύστροπον,
1700 1436 1931 1500 σκολιὸν,

351 1518 799 1591 χειροτονηθῆναι
831 1520 1222 1591 νυκτέπαρχον,
1249 1521 1338 1575 ἵνα
1363 1522 1448 1573 ἐπ’
1478 1521 1658 1584 ἀδείας
1684 1520 1819 1591 ἔχων
1838 1519 1932 1573 τοῦ

352 1605 713 1672 συκοφαντεῖν
737 1602 863 1664 τοὺς
893 1602 1237 1667 σπουδαίους,
1269 1603 1601 1676 χειρὼσηται
1630 1604 1729 1676 τήν
1756 1603 1930 1667 πόλιν,

353 1683 608 1755 Νέρωνος
633 1682 728 1736 τοῦ
765 1682 1030 1755 θεομάχου
1051 1686 1497 1757 ἀπομιμούμενος
1524 1688 1650 1749 τοὺς
1677 1687 1931 1758 τρόπους.

355 1767 434 1820 Οὑ
459 1766 569 1839 γὰρ
593 1766 742 1837 αύτῷ
765 1767 1028 1836 πάρεστιν
1050 1768 1127 1839 τῷ
1152 1768 1294 1838 λόγῳ
1327 1769 1552 1834 πείθειν,
1575 1769 1710 1823 ἀλλά
1744 1769 1937 1839 ἀλογίᾳ

354 1852 453 1903 καὶ
502 1850 794 1921 δυσμενείᾳ
840 1849 1065 1913 θλίϐειν,
1102 1851 1203 1904 οὑκ
1249 1851 1426 1923 ἔχοντι
1483 1852 1686 1905 σκοπὸν
1738 1852 1934 1923 ἀρέσαι

350 1930 509 2001 Θεῷ,
550 1933 911 2003 πλανωμένας
942 1933 1270 2002 προσάγοντι
1301 1934 1630 2004 ψυχὰς,ἀλλ’
1660 1934 1935 2005 ἐμπλῆσαι

351 2012 564 2085 ὀφιώδη
588 2016 830 2084 γαστέρα
857 2015 952 2068 ἐπὶ
975 2014 1052 2085 τῷ
1083 2015 1267 2087 στήθει
1297 2016 1637 2091 βαδίζουσαν.
1673 2017 1827 2070 Εἰσὶν
1841 2013 1936 2070 οὖν

353 2097 452 2149 καὶ
500 2096 729 2160 ἄκοντες
771 2109 796 2137 ει
835 2099 883 2149 οί
927 2097 1048 2151 λαοὶ
1092 2097 1169 2168 τῷ
1215 2098 1316 2170 μὲν
1361 2099 1539 2153 δοκεῖν
1579 2099 1936 2169 συναγόμενοι

353 2179 510 2250 φόϐῳ
552 2179 661 2234 τῶν
698 2180 972 2250 αἰκισμῶν
1017 2183 1074 2235 ἐν
1102 2183 1167 2252 τῇ
1201 2181 1486 2253 ἐκκλησίᾳ,
1522 2185 1586 2253 τῇ
1621 2182 1677 2235 δὲ
1710 2181 1938 2253 ἀληθείᾳ

353 2262 773 2333 δυσφημοῦντες
802 2263 983 2316 αὑτῶν
1009 2264 1106 2335 τὴν
1139 2262 1307 2336 ζωὴν,
1338 2263 1480 2329 ἕξειν
1525 2267 1623 2336 τὴν
1664 2265 1815 2336 παρά
1841 2264 1935 2319 τοῦ

355 2344 497 2398 Θεοῦ
527 2345 809 2416 ἀντίληψιν
849 2344 874 2383 δ
909 2347 1294 2417 ἀναμένοντες.
1339 2348 1480 2419 Πρὸς
1527 2347 1699 2403 ταῦτα
1749 2350 1778 2401 0
1810 2347 1938 2401 Θεό-

354 2425 535 2498 δωρος
581 2427 1017 2498 ἐκπληττόμενος
1065 2427 1216 2498 ἔλεγε
1238 2444 1250 2457 ·
1283 2429 1442 2501 Παρά
1476 2429 1636 2500 φύσιν
1686 2429 1800 2501 ὁρῶ
1831 2428 1936 2483 τῶν

352 2512 535 2579 λόγων
557 2511 623 2565 τά
646 2514 968 2585 πράγματα,
997 2513 1199 2585 Πάτερ.
1239 2514 1324 2578 Ὠς
1351 2513 1459 2587 γὰρ
1489 2514 1583 2567 ἐπὶ
1610 2514 1670 2568 τὸ
1692 2513 1937 2568 πλεῖστον

353 2598 406 2650 οι
439 2596 734 2663 κενόδοξοι,
764 2596 1216 2670 ἀνθρωπάρεσκοι
1246 2598 1400 2662 ὄντες
1419 2638 1434 2663 ,
1472 2599 1565 2653 και
1592 2599 1821 2660 κόλακες
1848 2597 1937 2651 εὑ-

358 2679 676 2752 ρίσκονται,
725 2681 822 2733 καὶ
850 2680 1130 2751 τραπέζας
1160 2680 1472 2744 πολυτελεῖς
1510 2683 1934 2753 ἐπιτεχνῶνται,

355 2760 456 2814 τοῦ
485 2760 840 2833 ἀγαπηθῆναι
867 2761 1028 2832 χάριν
1062 2763 1157 2816 καὶ
1191 2765 1349 2817 καλοὶ
1386 2762 1614 2818 ἀκοῦσαι
1636 2806 1652 2830 ,
1703 2767 1799 2820 καὶ
1841 2768 1939 2837 ἐμ-

359 2844 696 2915 πτυσμάτων
718 2846 1030 2917 ἀνεχόμενοι
1065 2846 1342 2911 πολλάκις.
1376 2847 1501 2910 Πῶς
1527 2848 1703 2903 τοίνυν
1735 2851 1763 2902 0
1794 2850 1938 2922 Πορ-

356 2927 577 2996 φύριος,
604 2926 638 2998 ἢ
670 2938 692 2967 ο
722 2927 878 2992 ἄλλος
907 2945 1012 2992 τις,
1041 2929 1140 2992 τάς
1169 2929 1396 2994 ἀπειλὰς
1429 2932 1525 2984 καὶ
1543 2930 1641 2993 τὰς
1670 2933 1940 3003 τιμωρίας

358 3015 455 3065 καὶ
504 3012 605 3075 τάς
657 3010 872 3082 ἐξορίας
921 3012 1263 3084 ἐξήσκησαν,
1325 3014 1540 3085 ἀπορῶ.
1585 3014 1644 3068 '0
1688 3016 1936 3070 ‘EHIXK.

356 3090 532 3147 Τοῦτο
550 3093 660 3164 γάρ
683 3094 796 3147 ἐστι
825 3093 883 3147 τὸ
905 3094 1233 3165 θαυμαστὸν,
1256 3095 1517 3166 Θεόδωρε.
1539 3097 1620 3150 ὅτι
1644 3098 1724 3161 είς
1752 3098 1942 3151 τοσοῦ-

355 3190 452 3229 τον
502 3175 702 3239 κακίας
730 3175 967 3244 ἡλάκασι
1011 3176 1231 3247 μέτρον,
1266 3177 1341 3241 ὡς
1373 3178 1434 3231 οὑ
1465 3179 1624 3248 μόνον
1658 3180 1732 3251 μὴ
1765 3179 1939 3234 σπεύ-

355 3257 473 3312 δειν
522 3258 777 3330 ἀρέσκειν
819 3257 1148 3329 ἀνθρώποις,
1181 3259 1317 3313 ἀλλά
1365 3262 1455 3314 καὶ.
1501 3261 1601 3331 τῆς
1642 3263 1783 3334 ὑπὲρ
1831 3262 1939 3316 τῶν

361 3340 763 3411 πραττομένων
808 3341 1072 3411 αίσχύνης
1104 3344 1225 3412 μηδ’
1245 3342 1381 3405 ὅλως
1402 3344 1709 3414 φροντίζειν
1728 3361 1742 3373 ·
1771 3348 1939 3400 κακία

359 3422 472 3493 γάρ
514 3422 714 3486 κακίας
758 3426 817 3476 ἐν
862 3422 1032 3494 κακίᾳ
1063 3424 1317 3496 προάγει.
1355 3426 1489 3479 Τότε
1530 3426 1638 3499 γὰρ
1681 3430 1713 3497 ὴ
1773 3430 1940 3483 κακία

362 3504 731 3576 προϐάλλεται
765 3506 862 3579 τήν
895 3507 1219 3574 κενοδοξίαν,
1248 3510 1337 3563 ὅτε
1366 3510 1574 3576 ἐλπίζει
1598 3515 1823 3585 κρατεῖν
1853 3513 1944 3567 διά

359 3590 461 3660 τῆς
485 3589 775 3653 κολακείας
808 3590 915 3643 τῶν
946 3592 1190 3663 ἀνοήτων
1208 3610 1224 3625 ·
1256 3593 1385 3647 ὅταν
1408 3595 1465 3647 δὲ
1494 3594 1760 3668 ἀνώτεροι
1788 3599 1939 3668 εὑρε-

361 3672 500 3726 θῶσι
554 3674 650 3726 καὶ
701 3674 990 3739 κολακείας
1018 3677 1111 3728 καὶ
1144 3677 1424 3748 τραπέζης
1471 3680 1522 3732 οί
1560 3682 1935 3751 θηρευόμενοι,

348 3754 457 3820 τὰς
485 3757 720 3822 ἀπειλὰς
743 3760 839 3812 καὶ
864 3759 963 3823 τὰς
995 3762 1265 3832 τιμωρίας
1291 3761 1578 3834 προφέρει,
1610 3764 1696 3828 ἵν’,
1726 3763 1820 3824 οὓς
1846 3766 1946 3819 οὐκ

358 3836 613 3893 ἐδελέασε
638 3840 891 3914 τραπέζῃ
915 3842 948 3913 ἢ
986 3843 1266 3915 κολακείᾳ,
1292 3846 1618 3919 καταπτήξῃ
1651 3846 1944 3919 ἀπανθρω-

360 3920 462 3993 πίᾳ
504 3923 602 3975 καὶ
655 3923 792 3988 δέει,
822 3924 904 3987 ὡς
955 3926 1049 3979 ἐπὶ
1098 3925 1211 3979 τῶν
1266 3928 1582 3999 μαρτύρων.
1643 3930 1789 3982 Ἐκεῖ
1837 3930 1947 4001 γὰρ

355 4004 649 4077 ἀμφότερα
680 4006 1040 4072 ἐτεκταίνετο,
1071 4010 1164 4062 καὶ
1198 4011 1229 4080 ή
1271 4010 1362 4064 διά
1390 4010 1579 4082 δώρων
1621 4013 1717 4065 καὶ⁵
1768 4012 1947 4081 τιμῶν

358 4090 778 4160 μηχανευομένη
811 4091 995 4160 παγὶς,
1023 4093 1148 4154 τοὺς
1171 4109 1237 4145 πε
1248 4093 1299 4161 ρὶ
1322 4093 1389 4147 τὰ
1411 4093 1632 4166 δοξάρια
1651 4095 1946 4166 κεχηνότας

358 4172 609 4242 θηρῶσα,
664 4175 829 4244 καὶ,ή
876 4174 963 4226 διὶι
1007 4174 1283 4228 κολάσεων
1327 4175 1554 4247 ἀπειλὴ,
1600 4179 1812 4246 τήγανα
1854 4176 1947 4230 καὶ

358 4254 714 4326 ἀρθρέμϐολα
741 4257 833 4308 καὶ⁵
870 4256 1056 4326 θηρία,
1084 4256 1176 4310 καὶ
1206 4258 1305 4310 ὅσα
1334 4259 1463 4329 περὶ
1496 4260 1731 4331 σφοδράν
1755 4258 1947 4331 ὀδύνην

355 4336 645 4407 ἐπιτήδεια
672 4338 1088 4410 εὑτρεπίζουσα,
1112 4341 1237 4404 τοὺς
1261 4342 1542 4412 ἀνδρείους
1558 4345 1649 4397 καὶ
1669 4343 1946 4412 φιλοθέους

359 4418 804 4476 ἀναδεικνύουσα.
836 4423 895 4476 '0
927 4422 1111 4493 μέντοι
1135 4424 1335 4495 κλῆρος
1364 4428 1392 4478 0
1435 4427 1750 4496 ’Λντιοχέων
1778 4427 1806 4479 0
1830 4426 1946 4478 ἐπί-

361 4517 538 4573 σημος
565 4505 970 4575 κεκρυμμένως
1006 4509 1250 4575 συνάγει,
1304 4509 1439 4579 μηδέ
1474 4509 1790 4578 πλησιάζων
1834 4511 1947 4572 τοῖς

356 4587 562 4657 τοίχοις
591 4588 693 4658 τῆς
722 4589 1038 4660 ἐκκλησίας,
1066 4591 1160 4643 καὶ
1187 4592 1336 4646 πᾶσα
1375 4595 1408 4664 ή
1454 4594 1727 4664 ἐπίσημος
1758 4608 1946 4661 γυναι-

360 4672 602 4736 ωιίτις,
632 4671 700 4724 δι’
734 4672 799 4736 ἃς
834 4672 1068 4744 μάλιστα
1088 4674 1351 4747 ἔκφρονες
1378 4677 1664 4745 γεγόνασιν
1701 4678 1751 4729 οί
1773 4677 1945 4746 ἀργυ-

361 4753 576 4831 ρολόγοι
613 4756 723 4809 τῶν
747 4758 1086 4827 ήγουμένων.
1114 4759 1252 4831 Περὶ
1282 4759 1341 4813 δέ
1372 4761 1482 4813 τῶν
1512 4763 1948 4814 Κωνσταντινου-

359 4830 572 4903 πόλεως
604 4839 660 4893 τί
686 4840 768 4894 δεῖ
796 4842 892 4894 καὶ
936 4841 1138 4909 λέγειν,
1185 4830 1308 4896 ὅσον
1357 4842 1562 4915 πλῆθος
1598 4844 1810 4915 ἀπέστη
1848 4844 1947 4914 τῆς

352 4925 676 4996 ἐκκλησίας,
708 4929 942 4997 συνάγον
976 4932 1034 4983 ἐν
1062 4930 1141 5000 τῷ
1176 4930 1427 5003 ὑπαίθρῳ
1449 4971 1463 4996 ,
1505 4933 1583 4996 ὡς
1611 4936 1945 5004 προειρήκα-

354 5029 481 5081 μεν,
516 5013 595 5076 ὡς
625 5015 763 5085 μηδέ
788 5017 913 5080 τους
952 5018 1292 5089 κρατοῦντας
1322 5019 1430 5073 τῶν
1473 5019 1946 5091 ἐκκλῳιαστικῶν

350 5101 700 5172 πραγμάτων
727 5103 872 5174 ἔχειν
904 5105 1194 5169 τοσούτους
1218 5106 1493 5178 ἀκροατὰς
1510 5108 1607 5179 τῆς
1647 5107 1834 5178 σιγῆς;
1861 5108 1945 5161 λό-

349 5205 450 5255 γος
483 5189 592 5259 γὰρ
617 5190 854 5260 οὐδαμοῦ
881 5192 1012 5264 παρ’
1042 5194 1246 5257 αὑτοῖς.
1283 5196 1343 5247 '0
1376 5192 1553 5247 A'AK.
1615 5194 1944 5266 Ἢλευθέρω-

351 5275 455 5337 σάς
487 5292 590 5344 μου
617 5276 716 5347 τὴν
740 5278 1000 5343 διάνοιαν,
1033 5280 1237 5349 Πάτερ,
1272 5283 1338 5351 τῇ
1362 5279 1662 5351 ἀμφιϐολία
1684 5281 1935 5335 6500010)-

352 5361 550 5429 μένην,
584 5365 699 5427 τοῖς
729 5364 1032 5435 ὀφθαλμοῖς
1058 5382 1159 5436 μου
1201 5367 1561 5437 παραστήσας
1589 5365 1657 5420 τά
1686 5368 1945 5437 πράγμα-

346 5465 439 5505 τα.
490 5451 554 5505 Ἦ
579 5453 691 5525 γάρ
717 5455 1009 5526 συμφωνία
1050 5454 1160 5508 τῶν
1206 5454 1402 5525 λόγων,
1456 5456 1610 5527 καλή
1663 5456 1942 5527 ἀσκηπτος

347 5537 605 5609 διήγησις
630 5541 1049 5614 ἐπληροφόρησέ
1073 5560 1142 5614 με
1176 5542 1351 5615 ἀληθῆ
1384 5538 1521 5596 εἶναι
1550 5543 1620 5596 τὰ
1643 5543 1943 5615 γεγενημέ-

348 5644 414 5680 να
441 5644 456 5657 ·
503 5628 771 5685 ἀδύνατον
805 5632 917 5703 γάρ
945 5631 1115 5705 ψευδῆ
1163 5632 1319 5699 λόγον
1343 5630 1523 5703 ἐαυτῷ
1557 5632 1936 5703 συμφωνῆσαι.

409 5797 442 5898 ἱ
581 5799 1059 5910 Βὶιῖ.ἆπα·ιτες.ςοᾶ.
1077 5803 1935 5878 Μεᾶίςεεικᾷ-κοντεςνςὶςυίθίασοι-ε.

475 5894 483 5905 ι
510 5863 556 5909 ic
576 5874 645 5910 co:
673 5901 683 5910 .
711 5863 838 5910 Med.
868 5864 1063 5910 hdllmn
1089 5866 1237 5910 fueral
1264 5868 1509 5910 αἰκιπθιιν.

410 5857 442 5925 ξ)
470 5859 561 5925 Sig
576 5857 683 5925 tot].
711 5863 838 5912 Med.
868 5857 1063 5912 Edilmn
1089 5866 1238 5915 fueral
1264 5864 1509 5925 ἀνάληψιν·

411 5924 438 5953 ε
465 5922 561 5971 Καί
579 5924 708 5974 εοίι..
744 5925 944 5989 ιὶὶδοιυε
968 5932 1131 5975 autem
1154 5929 1203 5985 ἦ.

1260 472 1267 475 ς
1347 405 1435 460 DE
1469 406 1628 463 YlTA
1668 405 1727 464 S.
1767 402 2050 462 JOANNIS
2086 400 2587 461 CIIRYSOSTOMI.
3533 389 3602 441 δί’

2040 521 2385 594 Ἀνεπαχθῶς
2415 522 2595 575 τοίνυν
2628 518 2888 589 διήγησαι
2926 515 3060 586 ἡμῖν
3083 511 3179 567 καὶ
3221 508 3484 594 1171:010—

2042 592 2395 676 Ὀλυμπιάδα,
2444 603 2560 671 είγε
2585 602 2667 665 τίς
2697 617 2780 654 σοι
2803 597 3025 667 γνῶσις.
3062 597 3119 648 '0
3164 593 3411 647 'EHIEK.
3441 592 3608 676 Ποίαν

2032 674 2267 760 ταύτην;
2299 688 2487 758 ἐπειδή
2525 689 2630 740 είσι
2672 684 2767 738 καὶ
2794 684 3001 754 ἐτεραι.
3043 681 3104 734 '0
3129 680 3315 733 AIAK.
3342 677 3454 747 Τὴν
3493 674 3610 760 διά-

2026 757 2844 830 κονονΚωνσταντινουπόλεως,
2883 764 3101 835 νύμφην
3137 762 3270 814 ποτέ
3309 757 3610 829 γενομένην

2030 853 2313 925 Νεϐριδίου
2355 851 2450 907 τοῦ
2491 850 2598 904 ἀπὸ
2632 850 2908 918 ἐπάρχων.
2945 848 3005 899 '0
3032 845 3295 899 "EIIIEK.
3335 843 3442 925 Ιξαὶ
3468 840 3610 896 πάνυ

2028 955 2092 1007 γε
2116 924 2253 991 οἶδα.
2295 938 2353 991 '0
2381 937 2563 990 ΔΙΑΚ.
2595 933 2818 1004 Ποταπὴ
2870 932 3009 1002 γυνὴ
3033 930 3293 1000 τυγχάνει
3317 924 3488 991 οὖσα;
3543 925 3601 978 '0

2042 1022 2288 1075 ’EIIIZK.
2334 1022 2426 1092 Μὴ
2471 1020 2596 1087 λέγε
2633 1016 2802 1088 γυνὴ,
2831 1016 2945 1070 ἀλλ’
2976 1012 3087 1077 οἷος
3120 1012 3432 1083 ἄνθρωπος·
3472 1009 3613 1079 ἀνὴρ

2028 1104 2138 1173 γάρ
2162 1106 2278 1157 ἐστι
2312 1103 2464 1173 παρά
2495 1102 2668 1156 τὸτοῦ
2701 1101 2953 1171 σώματος
2978 1094 3182 1168 σχῆμα.
3214 1097 3271 1149 '0
3299 1095 3483 1147 AIAK.
3524 1093 3613 1146 Ἐν

2031 1188 2173 1252 τίνι;
2217 1188 2274 1240 '0
2309 1187 2558 1240 'EﬂlEK.
2586 1185 2683 1238 'Ev
2719 1201 2778 1237 τε
2814 1182 2916 1254 βίῳ
2949 1182 3044 1235 καὶ
3079 1179 3264 1241 πόνοις
3295 1178 3388 1230 καὶ
3413 1175 3613 1254 γνώσει

2032 1270 2126 1324 καὶ
2147 1273 2211 1341 τῇ
2248 1268 2354 1322 τῶν
2388 1267 2760 1337 περιστάσεων
2782 1252 3049 1336 ὑπομονῇ.
3075 1263 3135 1315 '0
3162 1258 3497 1341 ΔιΑΚ.Πῶς
3521 1252 3615 1312 οὖν

2032 1353 2062 1404 0
2110 1340 2364 1421 Θεόφιλος
2420 1349 2589 1421 αὑτὴν
2627 1348 3000 1420 ἐλοιδόρησεν;
3048 1346 3105 1399 Ὀ
3157 1340 3401 1398 ἘΠΙΣΚ.
3457 1343 3615 1404 Ποῖος

2030 1427 2214 1498 οὗτος;
2279 1434 2336 1488 '0
2382 1434 2568 1487 AIAK.
2610 1434 2671 1485 '0
2724 1430 3121 1501 Ἀλεξανδρέων
3169 1426 3495 1500 ἡγούμενος.
3554 1424 3615 1478 ’0

2048 1518 2293 1570 ἘΠΙΣΚ.
2323 1517 2547 1580 Ἐοικάς
2581 1515 2975 1586 μοι,Θεόδωρε,
3002 1513 3129 1575 τοὺς
3161 1509 3446 1572 τοσούτους
3467 1506 3618 1561 διαύ-

2034 1600 2161 1664 λους
2205 1600 2316 1654 τῶν
2362 1600 2537 1668 λόγων
2580 1598 2720 1672 λήθῃ
2766 1597 3152 1666 κεκαλυφέναι.
3199 1596 3259 1649 '0
3309 1593 3492 1647 AIAK.
3527 1590 3617 1646 Ἐν

2034 1683 2175 1751 τίνι;
2215 1686 2274 1737 ’0
2316 1685 2563 1738 ἘΠΙΣΚ.
2605 1684 2664 1737 '0
2693 1684 2793 1754 τῆς
2823 1682 3082 1754 ἀληθείας
3119 1682 3193 1752 μὴ
3254 1678 3615 1749 φεισάμενος,

2035 1767 2172 1821 ἀλλά
2206 1767 2412 1839 ταύτην
2447 1770 2873 1839 καταπατήσας,
2915 1769 2991 1830 ὡς
3021 1768 3069 1820 οί
3104 1764 3437 1836 προάγοντες
3462 1761 3613 1831 λόγοι

2036 1851 2404 1923 παρέστησαν,
2433 1854 2528 1905 καὶ
2557 1854 2586 1904 ό
2607 1852 2705 1923 τὴν
2740 1851 3067 1923 Ἐκκλησίαν
3103 1849 3196 1903 ὑπ’
3221 1847 3450 1918 οὐρανὸν
3476 1886 3492 1909 ,
3540 1844 3609 1897 δι’

2034 1934 2102 2005 ἣν
2118 1937 2147 1988 0
2162 1934 2493 2006 Μονογενὴς,
2525 1935 2587 1988 τὸ
2610 1934 2675 2005 δὴ
2698 1934 3009 2004 λεγόμενον,
3034 1931 3257 2001 ἐσκύλη,
3290 1931 3378 1984 ἵνα
3408 1930 3616 1998 ταύτην

2036 2017 2234 2091 ἐνώσῃ,
2284 2017 2358 2089 μὴ
2397 2020 2665 2090 τιμήσας,
2709 2016 2822 2071 ἀλλ’
2871 2015 3162 2087 ἐνυϐρίσας
3208 2012 3287 2084 τῷ
3339 2014 3440 2084 σχή
3452 2030 3614 2083 ματι.

2036 2101 2295 2171 γυναικὸς
2338 2100 2452 2170 ἔχει
2494 2099 2782 2170 φείσασθαι
2828 2099 3022 2170 χήρας,
3077 2101 3134 2152 ἐν
3176 2098 3509 2167 προσευχαῖς
3555 2097 3618 2148 τὸ

2037 2184 2136 2256 ζῇν
2162 2183 2592 2252 ἀναλισκούσης;
2638 2182 3155 2254 Ἐμπερινόστησον,
3179 2180 3271 2233 καὶ
3299 2179 3376 2233 ίδε
3398 2179 3451 2231 εί
3490 2179 3617 2233 τινά

2039 2285 2169 2322 ποτε
2201 2266 2309 2320 τῶν
2350 2266 2536 2320 κακῶν
2579 2264 2926 2336 ἐλοιδόρησε,
2977 2260 3617 2335 μισευλαϐής·ὑπάρχων

2037 2351 2145 2405 ἀεί.
2186 2349 2286 2404 Διά
2312 2350 2363 2403 τί
2394 2349 2451 2403 δὲ
2483 2350 2577 2403 καὶ¹
2609 2350 2673 2402 ἐκ
2706 2348 2814 2401 τῶν
2855 2347 3154 2402 ἐπιστολῶν
3187 2344 3352 2400 αὑτοῦ
3386 2344 3448 2398 οὑ
3492 2360 3616 2398 στο-

2038 2434 2200 2509 χάζῃ,
2231 2433 2348 2497 πῶς
2375 2435 2515 2487 εἰσιν
2544 2432 2785 2486 ἐναντίαι
2824 2431 3115 2503 ἀλλήλαις;
3156 2429 3472 2500 Ἐπιφάνιον
3508 2428 3618 2499 γάρ

2038 2520 2128 2572 τὸν
2150 2519 2421 2589 μακάριον
2458 2516 2549 2569 τὸν
2579 2516 2965 2578 Κωνσταντίας
2992 2515 3089 2587 τῆς
3133 2513 3362 2586 Κύπρου
3393 2513 3616 2567 ἐπίσκο⁴

2041 2617 2160 2665 πον,
2190 2597 2541 2672 τριακονταὲξ
2580 2597 2672 2668 έτη
2694 2596 2935 2669 ἄρξαντα
2967 2597 3066 2667 τῆς
3108 2596 3454 2668 Ἐκκλησίας,
3489 2594 3618 2648 δυσ-

2040 2685 2334 2752 φημήσας,
2389 2681 2465 2745 ὼς
2513 2679 2791 2751 αἱρετικὸν
2818 2679 2851 2750 ἢ
2881 2678 3272 2751 σχισματάριον
3306 2678 3397 2730 ἐπὶ
3436 2677 3619 2748 Δαμά-

2040 2781 2134 2818 σου
2167 2764 2200 2835 ἢ
2237 2763 2495 2835 Σηρικίου
2541 2762 2635 2816 τοῦ
2682 2763 2988 2834 μακαρίου,
3027 2760 3252 2833 ὕστερον
3287 2762 3344 2814 ἐν
3382 2762 3448 2831 τῇ
3484 2758 3620 2830 πρὸς

2040 2847 2129 2901 τὸν
2163 2848 2349 2901 πάπαν
2393 2846 2735 2900 ἰννοκέντιον
2779 2845 3058 2916 ἐπιστολῇ,
3088 2841 3343 2915 λοιδορῶν
3377 2842 3471 2896 τὸν
3516 2858 3622 2913 μα-

2039 2931 2232 3002 κάριον
2259 2930 2533 3001 Ἰωάννην,
2563 2931 2879 3001 εὑρίσκεται
2906 2929 3204 2999 ἁγιώτατον
3229 2925 3509 2998 ὀνομάζων
3528 2925 3620 2979 τὸν

2054 3013 2389 3083 Ἐπιφάνιον.
2421 3014 2661 3078 Ποσάκις
2682 3014 2739 3067 δὲ
2771 3012 2946 3076 θέλεις
2969 3013 3061 3066 καὶ⁵
3087 3012 3155 3065 τά
3175 3012 3378 3080 γόνατα
3415 3008 3619 3079 ταύτης
3728 3080 3737 3087 .

2041 3097 2317 3170 ἐφίλησεν,
2344 3096 2519 3151 ἐλπίδι
2547 3097 2642 3149 τοῦ
2668 3097 2954 3169 ἀργυρίου,
2977 3095 3043 3166 ήν
3076 3095 3171 3149 νῦν
3194 3095 3441 3165 λοιδορεῖ,
3478 3092 3620 3145 ἐκεί-

2041 3198 2139 3251 νης
2170 3179 2344 3250 χαμαὶ
2369 3180 2675 3251 πιπτούσης
2707 3180 2799 3232 ἐπὶ
2824 3177 2902 3249 τῷ
2936 3178 3245 3249 πράγματι,
3277 3178 3371 3230 καὶ
3405 3175 3617 3246 δάκρυα

2044 3263 2352 3335 ραινυύσης,
2385 3262 2686 3317 ἐπισκόπου
2719 3261 2892 3314 ταῦτα
2916 3260 3218 3323 ποιοῦντος.
3251 3258 3400 3329 Πλὴν
3427 3259 3486 3312 έν
3513 3259 3620 3311 τίνι.
3650 3266 3657 3275 ³

2043 3345 2375 3417 ἐλοιδόρησεν
2405 3346 2605 3417 αὑτήν;
2635 3345 2694 3398 '0
2724 3342 2900 3398 ΔΙΑΚ.
2947 3345 3033 3406 Ὠς
3064 3342 3466 3413 ὑποδεξαμένην
3493 3343 3621 3406 τοὺς

2045 3430 2135 3482 ὑπ’
2158 3426 2323 3481 αὑτοῦ
2385 3427 2639 3499 ριφέντας
2669 3425 2955 3498 μοναχούς.
2998 3427 3058 3479 ὐ
3098 3426 3343 3480 ἘΠΙΣΚ.
3381 3426 3491 3478 Καὶ
3532 3424 3620 3492 ιε-

2044 3527 2193 3565 εστιν
2212 3511 2494 3580 ἐπισκόπῳ
2525 3510 2558 3581 ἢ
2604 3510 2813 3580 πρέπον
2841 3509 2978 3572 ὅλως
3014 3510 3223 3580 ῥίπτειν
3265 3509 3357 3562 τὸν
3389 3508 3620 3579 τυχόντα

2049 3594 2315 3667 μαθητὴν,
2343 3595 2472 3665 μήτι
2494 3610 2556 3662 γε
2581 3594 2674 3646 καὶ
2707 3593 3035 3663 μονάζοντα;
3072 3594 3132 3644 '0
3162 3593 3345 3646 ΔΙΛΚ.
3394 3591 3483 3655 Ὠς
3524 3592 3619 3645 ἐάν

2044 3677 2368 3751 παρώξυναν
2407 3677 2590 3741 αὑτὸν,
2626 3677 2658 3748 ἢ
2688 3677 2876 3741 κακῶς
2914 3672 3088 3730 εἷπον.
3125 3672 3185 3730 '0
3227 3676 3476 3729 ἘΠΙΣΚ.
3510 3676 3620 3728 Καὶ

2042 3764 2141 3833 τὴν
2175 3762 2310 3815 ἰδίαν
2338 3761 2506 3831 ὀργὴν
2530 3758 2758 3828 ὤφειλεν
2792 3758 3166 3831 ἐκπληρῶσαι,
3194 3757 3493 3829 φροντίζων
3524 3758 3619 3828 τῆς

2046 3829 2417 3915 κακηγορίας;
2465 3829 2590 3905 Πῶς
2636 3841 2717 3895 ἔτι
2777 3829 3084 3905 οὑτοςητὰς
3143 3840 3380 3912 Χριστοῦ
3430 3829 3662 3913 ὑϐρεις⁰

2046 3928 2294 3999 ζητήσει,
2325 3929 2354 3980 0
2396 3919 2524 3995 περὶ
2554 3923 2654 3990 τὰς
2696 3926 2831 3988 ιδίας
2864 3924 3257 3996 ἀσχολούμενος
3287 3925 3479 3990 δόξαςς
3521 3926 3618 3979 Διά

2045 4010 2098 4062 τί
2139 4010 2196 4063 δέ
2240 4009 2377 4073 ὅλως
2417 4008 2510 4063 τὸν
2542 4008 2763 4063 εἰπόντα
2791 4007 3110 4061 διδάσκαλον
3142 4008 3241 4060 οὑκ
3277 4008 3618 4078 ἐμιμήσατο,

2046 4092 2499 4162 Λοιδορούμενοι
2523 4093 2927 4162 εὐλογοῦμενς
2958 4092 3014 4145 '0
3042 4092 3222 4146 ΔΙΑΚ.
3249 4090 3314 4144 Τί
3331 4087 3443 4150 οὖν.
3472 4091 3547 4155 ὡς
3572 4094 3618 4144 εί

2046 4176 2341 4246 ἑτερόδοξοι
2369 4177 2615 4248 ὑπῆρχον
2649 4179 2698 4229 οἱ
2736 4174 3091 4247 μονάζοντες;
3125 4175 3181 4229 '0
3227 4173 3471 4229 ’EHIZK.
3510 4176 3620 4229 Καὶ

2045 4259 2262 4321 πάντως
2289 4259 2398 4313 ἔδει
2430 4258 2825 4332 διορθώσασθαι
2846 4260 2940 4313 καὶ
2976 4262 3178 4322 πεῖσαι,
3207 4257 3281 4329 μὴ
3300 4257 3405 4330 γὰρ
3442 4257 3617 4328 ῥῖψαι.

2058 4342 2117 4394 '0
2152 4338 2331 4393 ΔΙᾹΚ.
2377 4342 2462 4405 Ὠς
2498 4344 2546 4394 εί
2588 4342 2682 4394 καὶ
2712 4342 2869 4394 τοῦτο
2903 4342 3193 4412 ἐποίησεν,
3234 4342 3389 4395 αὑτοὶ
3427 4340 3484 4394 δὲ
3520 4343 3620 4394 οὑκ

2047 4421 2378 4493 ἐπείσθησαν
2434 4424 2725 4492 φιλόνεικοι
2775 4424 2959 4487 δντες;
3004 4424 3062 4477 '0
3109 4422 3349 4480 'El'IlXK.
3380 4424 3454 4477 Τὸ
3482 4426 3618 4477 ἀπο-

2049 4506 2292 4561 στολικὸν
2344 4506 2450 4560 ἔδει
2487 4506 2745 4576 ποιῆσαν
2804 4507 2914 4559 Teir
2959 4506 3259 4573 αἱρετικὸν
3307 4504 3620 4573 ἄνθρωπον

2042 4595 2193 4659 μετά
2222 4590 2370 4659 μίαν
2396 4588 2491 4642 καὶ
2518 4587 2805 4656 δευτέραν
2846 4588 3170 4641 νουθεσίαν
3199 4587 3505 4653 παραιτοῦ,
3542 4590 3622 4641 εὶ-

2047 4673 2165 4739 δὼς
2187 4674 2273 4728 ὅτι
2296 4672 2689 4741 ἐξέστραπται
2727 4674 2759 4724 ὁ
2789 4670 3087 4736 τοιοῦτος·
3124 4670 3199 4741 μὴ
3221 4669 3327 4742 γὰρ
3357 4668 3507 4742 ῥίψαι
3527 4671 3620 4724 7.0::

2045 4757 2375 4828 λεηλατῆσαι
2411 4757 2505 4809 καὶ
2530 4754 2635 4821 ἔξω
2661 4757 2761 4827 τῆς
2792 4753 3138 4825 θρεψαμένης
3178 4752 3449 4807 ἀπελάσαι
3481 4756 3619 4825 μετά

2045 4840 2143 4909 τῆς
2168 4840 2275 4893 τῶν
2300 4840 2573 4910 ἀρχόντων
2596 4838 2842 4909 ἀπειλῆς.
2889 4839 2947 4890 '0
2980 4836 3157 4890 AIAK.
3183 4836 3401 4891 Τελείου
3427 4836 3618 4908 ἀνδρός

2049 4940 2138 4994 μοι
2157 4923 2336 4989 λέγεις
2379 4923 2554 4993 μέτρα
2582 4922 2675 4975 καὶ
2709 4921 2993 4992 θεοφιλοῦς
3036 4921 3129 4975 καὶ
3161 4919 3504 4985 ἀνεξικάκου.
3558 4922 3618 4975 '0

2058 5007 2304 5060 ‘EIIIEK.
2333 5007 2443 5060 Καὶ
2467 5005 2572 5077 μὴν
2595 5006 2696 5060 οὑκ
2711 5006 2826 5059 ἐστι
2849 5006 2992 5076 μέγα
3016 5004 3288 5076 ἐγκώμιον
3309 5005 3398 5059 τὸν
3419 5006 3550 5077 ἤττο
3584 5025 3617 5059 α

2047 5091 2330 5160 βαστάσαι.
2364 5090 2511 5162 Πλὴν
2535 5092 2583 5144 εί
2620 5090 2696 5162 μὴ
2728 5090 2843 5144 ἐστι
2871 5091 3096 5154 τέλειος,
3125 5092 3249 5143 ὅσον
3267 5086 3463 5163 ἦκενᾶ,
3500 5091 3616 5155 πῶς

2044 5177 2137 5230 καὶ
2166 5177 2462 5240 ἐπίσκοπος
2500 5177 2530 5229 0
2561 5174 2832 5239 τοιοῦτος;
2866 5175 3064 5244 ἀτελὴς
3096 5176 3203 5246 γάρ
3240 5174 3447 5229 ἀτελῶν
3476 5176 3621 5230 οὑδὲο

2042 5276 2171 5312 ’τοτε
2219 5260 2529 5329 προνοήσει.
2580 5257 2701 5322 Πῶς
2736 5258 2793 5311 δὲ
2834 5258 2929 5311 καὶ
2962 5258 3219 5327 Θεόφιλος
3266 5258 3502 5325 λέγεται,
3542 5261 3614 5329 μή

2044 5342 2214 5410 φιλῶν
2265 5342 2358 5396 τὸν
2394 5341 2549 5404 Θεὸν,
2594 5340 2662 5395 δι’
2700 5339 2760 5393 ὸν
2794 5339 2992 5410 ῶφειλε
3023 5340 3123 5405 τὰς
3172 5341 3281 5395 τῶν
3314 5341 3617 5413 ἀνθρώπων

2042 5425 2229 5497 ὑϐρεις
2263 5424 2461 5497 ῥᾳδίως
2487 5423 2704 5496 φέρειν;
2728 5424 2793 5476 EE
2817 5423 2873 5476 δὲ
2906 5424 3038 5477 Θεὸν
3064 5424 3126 5478 οὑ
3156 5424 3316 5494 φιλεῖ.
3352 5424 3512 5494 δῆλον
3536 5426 3619 5479 οὖ-

2040 5508 2097 5562 δέ
2132 5509 2324 5562 ἑαυτόν
2345 5526 2357 5538 ·
2399 5509 2427 5559 0
2454 5507 2510 5561 δέ
2538 5505 2732 5559 ἐαυτοῦ
2772 5505 2963 5578 ἐχθρὸς
2992 5545 3007 5567 ,
3059 5507 3173 5570 πῶς
3203 5507 3386 5561 λοιπὸν
3427 5508 3616 5570 ἄλλους

2042 5593 2288 5663 φιλήσεις
2329 5590 2536 5645 Ούκοῦν
2561 5590 2712 5643 οὐδὲν
2742 5589 2912 5656 ξένον,
2942 5592 2989 5643 εί
3022 5588 3214 5642 τούτου
3249 5591 3407 5661 χάριν
3428 5588 3617 5657 ἔψεξεν

2053 5675 2413 5744 Ὀλυμπιάδα,
2430 5674 2507 5737 ὡς
2527 5673 2649 5736 τοὺς
2664 5671 2991 5743 μονάζοντας
3007 5670 3323 5743 δεξαμένην.
3356 5672 3414 5722 '0
3431 5671 3535 5722 ΔΙᾹ
3547 5671 3610 5722 Κ.

2053 5757 2409 5827 Ὡμολόγηται
2442 5758 2559 5827 μὲν,
2600 5757 2681 5809 δτι
2711 5754 2964 5826 Θεόφιλος
2985 5754 3200 5826 ὀργίλον
3232 5751 3452 5820 ἐποίησε
3483 5751 3615 5822 πρᾶ-

2104 5924 2131 5964 ἀ
2156 5924 2258 5974 [mo
2279 5924 2443 5988 potius
2466 5925 2588 5981 ἥκει.
