4110 6148
371 343 447 401 57
1366 342 1451 397 DE.
1495 342 1648 398 ΠΤκὶ
1686 344 1742 401 5’.
1783 343 1968 399 δυωὲ

2095 343 2230 400 Citii
2238 342 2589 401 ¥SOSTOML
3581 346 3653 402 58

270 500 281 512 .
374 464 482 522 est.
508 454 864 524 Theophilum
886 453 1154 509 iracumiia
1188 455 1446 524 percitum
1476 453 1525 509 id
1547 456 1741 525 egisse,
1761 456 1849 525 qui
1866 470 1963 510 em

382 545 646 616 eiecerit,
671 545 994 616 quicumque
1018 544 1097 598 illi
1129 543 1364 610 fuerint,
1392 546 1507 600 sive
1545 545 1826 601 orthodoai
1854 548 1968 602 sive

385 636 623 694 literctici
658 653 674 689 :
716 652 902 693 nonne
951 637 1249 692 discurrisse.
1289 637 1470 692 debuit
1513 638 1632 693 illos
1664 639 1969 708 suscipere?

383 730 561 786 Ense.
590 728 730 795 Quid
763 729 924 800 igitur
940 729 1045 783 tibi
1075 729 1303 794 videtur,
1335 729 1469 784 bene
1498 746 1564 784 an
1593 730 1731 785 male
1754 730 1969 801 egisset?

384 822 532 875 Duc.
560 819 699 882 Dixi,
725 819 884 874 male.
910 819 1083 873 Episc.
1105 819 1456 891 Διιίιιιιιιιιειηι
1478 819 1826 874 beneﬁcentia
1840 834 1963 875 cou-

377 910 701 969 dentnatur?
728 911 882 965 Bue.
910 909 982 964 Et
1007 909 1225 964 cumino
1247 910 1479 978 quidem,
1502 924 1624 964 cum
1646 910 1704 964 lit
1728 909 1780 964 in
1803 909 1972 965 malos

375 1011 436 1058 et
468 1001 733 1059 beneﬁcio
761 1001 1026 1070 indignos.
1052 1000 1235 1056 'Ertsc.
1275 1000 1499 1068 Quinam
1536 1001 1692 1070 igitur
1715 1013 1866 1055 erant
1896 1001 1969 1054 illi

381 1094 666 1164 quicqum
686 1091 835 1147 mille
857 1102 994 1161 quos
1013 1091 1265 1148 Set-vetor
1280 1091 1520 1162 quinque
1540 1089 1855 1146 hordeaccis
1881 1104 1973 1161 ps-

384 1186 546 1243 sibus
567 1185 850 1250 saturavit,
873 1183 997 1238 boni
1024 1199 1091 1237 an
1118 1183 1279 1238 mali?
1308 1184 1458 1239 Due.
1485 1183 1616 1238 Boni
1637 1182 1859 1248 scilicet,
1885 1190 1972 1236 ut-

377 1284 513 1346 pote
540 1293 570 1330 a
596 1277 877 1331 Servatore
904 1274 1106 1330 nutriti.
1142 1276 1232 1328 Er.
1264 1274 1440 1343 Quare
1478 1275 1635 1344 igitur
1663 1273 1974 1329 hordeaccis

382 1367 525 1436 pasti
552 1376 694 1428 sunt,
730 1367 820 1435 qui
852 1366 976 1420 boni
1003 1365 1221 1419 essent?
1250 1365 1397 1419 huc.
1426 1365 1505 1419 Ob
1534 1364 1805 1432 penuriam
1839 1364 1973 1416 forte

388 1457 717 1511 triticeorum
736 1488 755 1519 ,
785 1464 876 1509 aut
914 1454 986 1508 ob
1017 1452 1230 1507 famem.
1262 1454 1356 1507 Er.
1402 1451 1679 1520 Quomodo
1710 1452 1868 1521 igitur
1903 1451 1973 1504 ob

384 1546 818 1602 incredulitatem
849 1546 1211 1612 increpantur,
1235 1555 1293 1598 ut
1314 1545 1436 1598 bum
1464 1559 1531 1597 an
1557 1553 1613 1597 ut
1634 1543 1795 1597 mali?
1821 1542 1970 1597 Dtsc.

390 1634 587 1706 Utique
606 1636 733 1689 ntali
755 1676 769 1701 ,
796 1637 885 1704 qui
915 1636 1278 1703 increpautur.
1320 1634 1422 1689 Er.
1457 1636 1535 1687 An
1579 1633 1702 1688 boui
1731 1632 1887 1688 iidem
1920 1641 1974 1688 ct

380 1727 520 1781 ntali
543 1740 661 1781 esse
678 1725 945 1794 possunt?
975 1724 1127 1803 Βιιιιι.
1153 1724 1332 1780 Certe.
1362 1725 1456 1778 Er.
1482 1723 1798 1791 Quomodo?
1821 1725 1968 1779 litae.

380 1818 728 1873 Deterierutn
771 1816 987 1885 quidem
1042 1806 1440 1885 comparatione
1484 1815 1607 1870 boni
1631 1855 1645 1879 ,
1693 1814 1972 1870 meliorum

388 1923 521 1963 vero
578 1907 724 1962 ntali.
789 1907 885 1960 Ep.
934 1907 1063 1962 Mire
1115 1906 1312 1962 dixisti.
1359 1906 1470 1961 lloc
1512 1906 1669 1975 igitur
1708 1904 1866 1960 modo
1918 1915 1972 1960 et

377 1998 638 2052 monachi
672 1996 743 2050 illi
785 2006 840 2051 et
886 1996 1007 2049 ὺοιιι
1053 2006 1205 2050 erant
1246 2004 1300 2049 et
1343 1995 1489 2050 mali.
1531 1994 1597 2048 Et
1639 1994 1729 2048 illa
1759 1994 1970 2064 quidem

382 2087 702 2142 ﬁdelissima
750 2100 845 2140 eos
889 2094 945 2140 ut
996 2086 1163 2140 bonos
1206 2085 1442 2155 hospitio
1491 2086 1727 2154 accepit,
1783 2083 1971 2138 miriti-

376 2191 487 2231 cus
538 2190 665 2231 vero
705 2175 792 2230 ille
843 2186 895 2230 ut
938 2175 1106 2229 nudos
1151 2175 1310 2245 eiecit
1356 2191 1369 2228 :
1421 2176 1559 2245 quod
1609 2191 1714 2229 non
1765 2176 1967 2229 debuit.

388 2267 544 2322 Duc.
573 2265 679 2321 Sed
722 2264 864 2320 dicet
907 2265 999 2320 tibi
1027 2265 1189 2335 quis:
1224 2264 1291 2321 Ut
1334 2266 1608 2320 molestias
1648 2265 1776 2318 mibi
1817 2280 1969 2320 crea-

376 2372 504 2421 ,res.
535 2357 774 2411 mimicus
803 2370 950 2412 meos
978 2356 1278 2426 suscepisti.
1304 2357 1403 2411 ΕΡ.
1437 2356 1665 2411 Prorsus
1694 2356 1851 2425 igitur
1877 2354 1971 2410 de-

389 2451 572 2504 lictum
601 2450 653 2503 in
680 2466 748 2505 eo
780 2458 895 2515 est,
927 2448 1067 2518 quod
1095 2458 1148 2504 et
1176 2449 1420 2504 inimicos
1458 2448 1723 2518 appellat,
1756 2447 1842 2516 qni
1867 2487 1882 2509 ,
1916 2456 1968 2501 ut

385 2539 591 2594 Christt
617 2539 871 2604 imitator,
895 2539 1114 2608 injurias
1142 2539 1413 2595 remittere
1432 2539 1634 2594 debuit.
1668 2539 1812 2594 Duc.
1845 2537 1971 2595 Ubi-

388 2644 516 2683 nam
568 2644 694 2683 vero
717 2631 1082 2699 vituperantur
1108 2629 1343 2700 quinque
1378 2630 1538 2685 millia
1580 2645 1608 2684 n
1653 2630 1968 2694 Servatum,

388 2729 449 2773 ut
473 2719 698 2774 disisti?
724 2735 829 2775 non
859 2720 1001 2775 enim
1027 2720 1282 2790 scriptum
1309 2729 1411 2775 est.
1441 2720 1534 2775 Er.
1557 2720 1689 2776 Cum
1734 2720 1972 2775 secundo

388 2810 701 2881 congregati
755 2810 822 2866 ad
849 2810 1121 2869 Christum
1153 2819 1528 2877 accesserunt,
1558 2819 1612 2867 et
1654 2810 1967 2867 audierunt:

391 2904 634 2971 Quartus
662 2918 759 2969 me,
788 2904 1030 2971 nonquia
1055 2904 1250 2958 uidistis
1290 2903 1438 2974 signa
1483 2911 1532 2957 et
1585 2902 1817 2974 prodigia
1842 2944 1858 2967 ,
1882 2901 1972 2957 sed

382 2995 510 3063 quia
536 2995 878 3049 utauducastis
901 3011 965 3050 ea:
998 2996 1249 3065 panibus,
1276 3005 1324 3051 et
1375 2997 1585 3051 saturati
1629 2998 1744 3051 estis
1790 2994 1967 3070 (Joau.

390 3086 443 3138 6.
471 3085 587 3155 26).
639 3084 952 3141 Theodorus
989 3087 1096 3141 ait:
1150 3086 1574 3142 Manifestissima
1607 3098 1698 3142 res
1723 3096 1824 3142 est.
1877 3088 1968 3142 Er.

390 3175 491 3243 Qui
512 3186 696 3230 autem
720 3176 1080 3245 vituperabilis
1105 3216 1120 3241 ,
1152 3177 1252 3231 hoc
1278 3178 1463 3246 ipso-et
1489 3177 1658 3231 malus
1684 3187 1789 3233 est.
1818 3178 1967 3233 Duo.

392 3265 466 3320 lta
491 3282 645 3321 sane.
672 3266 771 3320 Er.
797 3266 960 3321 Malos
987 3267 1164 3337 igitur,
1192 3280 1261 3321 an
1288 3268 1455 3322 bonos
1496 3267 1640 3336 pavit
1674 3267 1971 3324 Servatur?

380 3359 545 3412 oliuo.
571 3357 627 3411 in
655 3358 1045 3425 W081,
1075 3361 1216 3429 quod
1237 3361 1445 3416 malos:
1481 3359 1602 3415 Non
1643 3362 1786 3415 enim
1830 3371 1972 3432 egent

389 3451 479 3518 qui
496 3451 612 3505 simi
639 3463 753 3505 stest
778 3453 991 3516 medico,
1011 3454 1099 3509 sed
1124 3456 1209 3522 qui
1237 3454 1368 3509 male
1394 3455 1572 3509 habent
1603 3455 1750 3524 (Luc.
1771 3457 1824 3512 5.
1853 3458 1967 3527 51).

392 3540 570 3595 Esse.
602 3541 739 3605 Quid
774 3540 972 3611 igitur?
1002 3544 1140 3599 male
1183 3543 1309 3599 fecit
1348 3546 1655 3616 Olympias,
1689 3547 1968 3603 Dominum

390 3644 549 3687 suttm
582 3634 814 3687 imitata.
860 3633 968 3699 Qui
1014 3636 1144 3706 pluit
1191 3646 1238 3690 et
1288 3638 1447 3691 solem
1489 3639 1612 3692 oriri
1659 3639 1779 3709 facit
1821 3652 1972 3709 super

386 3723 556 3791 iustos
586 3731 634 3777 ot
662 3723 881 3795 istjustos
918 3724 1135 3794 (Matth.
1165 3727 1219 3782 5.
1249 3727 1373 3797 45):
1408 3727 1532 3783 licet
1573 3728 1823 3784 Phnrimri
1873 3744 1970 3783 ex-

376 3813 652 3880 probrent
688 3814 998 3883 discipulis,
1052 3814 1288 3872 dicentes
1325 3835 1339 3871 :
1382 3817 1626 3888 Magister
1658 3828 1815 3873 vester
1854 3835 1969 3873 cum

378 3901 676 3971 publicanis
722 3911 769 3957 et
820 3905 1163 3974 peccatoribus
1207 3907 1476 3962 manducat
1535 3917 1582 3962 et
1632 3908 1752 3963 bibit
1804 3908 1966 3978 (Ibid.

389 3993 444 4047 9.
499 3994 611 4062 ll).
660 3993 809 4050 Duc.
858 3997 1056 4051 Praeter
1108 3997 1538 4068 intelligentiam,
1595 4012 1653 4055 ut
1705 4001 1891 4068 video,
1938 4017 1968 4056 ιι

391 4083 574 4137 multis
620 4084 984 4154 vituperantur
1024 4087 1237 4156 quidem
1278 4089 1538 4156 honesta,
1585 4101 1639 4145 et
1682 4093 1850 4162 turpia
1889 4092 1970 4147 di-

378 4174 645 4245 liguntur.
680 4176 772 4229 Er.
800 4176 909 4232 Cur
961 4178 1058 4232 ista
1111 4178 1268 4245 dicis,
1320 4180 1554 4235 Veritatis
1611 4182 1971 4238 amantissime

391 4265 716 4321 Theodore?
764 4266 912 4322 Date.
964 4268 1096 4334 Quia
1137 4269 1237 4326 nisi
1290 4282 1592 4326 sermonem
1655 4281 1800 4326 tuum
1846 4288 1971 4327 cum

378 4355 795 4412 ratiocinatione
843 4359 1144 4428 aperuisscs
1178 4369 1275 4414 aut
1317 4361 1662 4430 explicuisses
1685 4404 1700 4428 ,
1748 4362 1803 4417 in
1853 4373 1967 4418 sto-

378 4444 556 4500 lidam
606 4445 910 4515 abripit-bar
948 4448 1267 4511 sententiam
1289 4489 1304 4515 ,
1346 4464 1511 4520 scopo
1561 4451 1820 4507 libertatis
1862 4466 1967 4507 non

376 4537 710 4601 attcmieiis,
757 4538 852 4593 sed
884 4538 1159 4609 Theophili
1186 4541 1379 4596 abulis.
1434 4543 1529 4597 ΕΡ.
1558 4543 1693 4611 Quid
1739 4544 1895 4613 igitur
1935 4559 1968 4599 e

376 4626 698 4690 contrario,
743 4628 787 4681 si
826 4628 926 4682 viri
960 4627 1033 4683 illi
1071 4633 1239 4685 sancti
1275 4630 1738 4698 demonstrentur,
1775 4634 1966 4689 nedum

384 4717 549 4782 mali,
601 4717 697 4773 sed
732 4726 792 4773 et
828 4720 918 4789 qui
971 4720 1167 4774 tntiltos
1205 4721 1274 4777 ab
1311 4721 1649 4791 improbitate
1695 4722 1762 4778 ad
1806 4724 1968 4779 virtu-

378 4817 494 4864 tem
543 4808 895 4865 rcduseriut?
939 4810 1225 4867 manifeste
1270 4813 1546 4882 apparebit
1587 4813 1795 4870 illorum
1847 4831 1968 4883 pcr-

379 4908 603 4953 secutor
643 4914 750 4954 non
788 4897 977 4970 dignus
1017 4902 1419 4970 persecutione,
1462 4901 1556 4957 scd
1600 4903 1963 4972 miseratione,

370 4997 444 5041 ιιι
484 4989 574 5057 qui
604 4988 774 5042 bonos
801 5003 1013 5059 semper
1039 4992 1277 5057 vexavit,
1307 4992 1474 5046 malos
1506 4992 1780 5061 suscipiat.
1818 4993 1965 5050 Duc.

374 5079 459 5132 tta
501 5090 616 5147 est,
654 5092 716 5134 ut
755 5081 908 5137 dicis.
946 5082 1079 5138 Nam
1125 5084 1249 5139 licet
1293 5084 1367 5140 illi
1402 5087 1667 5155 sapientes
1705 5096 1760 5143 et
1796 5089 1967 5144 sancti

381 5185 493 5223 non
523 5168 752 5236 iuerint,
784 5183 838 5227 ut
865 5173 1102 5245 plerique
1149 5174 1366 5240 dicunt,
1410 5188 1558 5232 extra
1598 5179 1967 5248 reprehensio-

379 5276 507 5315 nem
529 5263 636 5317 erit
663 5262 973 5334 Olympias,
1006 5274 1064 5320 ut
1086 5275 1231 5335 patet
1252 5281 1321 5322 ex
1354 5267 1615 5337 superiori
1661 5270 1965 5337 ratiocinio,

371 5369 499 5423 qua:
526 5353 831 5410 Sen-storis
861 5355 1207 5414 imitationem
1228 5359 1548 5415 exhibuerit.
1567 5360 1661 5416 Er.
1689 5362 1967 5428 Quodnam

369 5457 793 5517 serogestornm
814 5448 1022 5505 ﬁdelius
1038 5451 1394 5507 testimonium
1415 5452 1598 5507 vides?
1617 5454 1962 5524 Evangeliian

372 5535 697 5609 :Tltcopbili?
720 5539 871 5595 Duc.
893 5539 1074 5610 Apage
1089 5540 1182 5603 sis.
1205 5557 1414 5612 quaeso:
1438 5553 1644 5597 constat
1667 5544 1805 5597 enim
1823 5545 1965 5612 apud

368 5643 597 5697 annos,
623 5629 772 5687 illum
803 5629 878 5684 ira
904 5632 1129 5701 quadam
1159 5642 1214 5688 ct
1249 5634 1533 5689 ambitione
1561 5635 1843 5704 impulsum
1872 5651 1965 5692 eos

372 5722 701 5792 proiecisse,
713 5732 769 5779 et
795 5720 931 5783 itane
957 5724 1027 5777 ab
1053 5724 1425 5795 superstitione
1450 5737 1504 5783 et
1523 5724 1643 5784 odio
1668 5726 1959 5797 profectam

2066 470 2216 522 eme,
2240 460 2496 512 camarae
2517 455 2815 527 Theophila
2838 496 2853 521 ,
2880 462 3169 511 monachos
3203 456 3372 524 ipsum
3399 458 3651 513 conviciis

2073 550 2377 619 appetiisse.
2396 551 2525 605 Cum
2540 550 2681 605 enim
2692 548 2972 604 servilibus
2988 548 3382 603 suisblattditiis
3394 548 3522 603 nihil
3534 564 3654 623 pro-

2068 637 2316 703 fecisset,
2337 647 2398 695 ct
2418 640 2548 694 nihil
2573 639 2643 694 ab
2665 648 2727 694 ea
2750 646 2943 708 pmtcr
2960 639 3132 693 edulia
3158 647 3212 692 et
3230 639 3383 692 xenia
3412 639 3649 707 accepis-

2064 739 2175 796 set,
2194 730 2259 785 ad
2275 731 2510 786 convicia
2528 731 2689 787 vertit
2702 745 2761 786 se
2778 748 2792 783 :
2811 730 2927 800 ejus
2945 731 3086 786 enim
3107 731 3152 785 is
3167 744 3281 786 mos
3309 731 3360 785 in
3383 732 3649 787 onmibus.

2145 821 2272 876 Cn.
2300 837 2430 875 "tvn.
2454 851 2524 861 ——
2553 821 2733 878 Ense.
2776 821 2912 875 Audi
2947 821 3125 891 igitur,
3168 821 3507 877 diaconorutu
3557 838 3651 891 op-

2066 912 2379 968 time..Nam
2408 913 2563 969 video
2612 912 2822 983 publico
2845 911 3094 982 prodesse
3135 922 3221 967 te:
3279 912 3369 967 illa
3405 912 3545 967 enim
3599 914 3651 966 in

2067 1002 2347 1070 iuventute
2368 1003 2601 1072 gravitas
2626 1003 2813 1072 pignus
2838 1001 3105 1071 quiddam
3146 1011 3264 1063 est.
3307 1011 3359 1056 te
3405 1001 3459 1055 in
3499 1017 3653 1056 seuo-

2066 1102 2221 1148 tctute
2242 1093 2606 1149 ltonorabilem
2630 1092 2763 1148 lore.
2782 1092 2894 1148 Viri
2915 1093 3001 1147 isti
3022 1108 3051 1146 a
3074 1093 3378 1162 parentibus
3388 1092 3651 1147 Christia-

2076 1183 2161 1238 nis
2199 1183 2301 1239 orti
2322 1224 2336 1247 ,
2377 1192 2428 1238 et
2452 1198 2482 1238 a
2512 1182 2711 1238 teneris
2738 1182 3032 1253 unguiculis
3055 1183 3163 1237 Deo
3208 1182 3407 1238 subditi
3431 1222 3445 1244 .
3495 1199 3650 1237 tutur-

2076 1287 2235 1343 quam
2260 1275 2405 1344 passi
2430 1281 2583 1339 sunt,
2611 1288 2680 1328 ne
2698 1273 2987 1328 admodum
3006 1272 3224 1344 quidem
3269 1272 3650 1328 adolescentuli

2076 1378 2196 1419 cum
2224 1373 2404 1419 essem
2426 1405 2442 1430 ,
2470 1366 2672 1421 servire
2695 1363 2946 1428 vanitati,
2978 1378 3149 1434 neque
3174 1378 3293 1418 cum
3324 1364 3474 1418 turba
3531 1380 3652 1418 ver-

2074 1455 2183 1509 sari
2203 1494 2219 1521 ,
2248 1455 2342 1509 sed
2373 1464 2693 1525 occupantes
2730 1454 3066 1510 solitudinem
3087 1495 3100 1519 ,
3125 1470 3245 1524 qua:
3268 1453 3336 1509 ad
3377 1454 3653 1509 meridiem

2075 1556 2155 1602 est
2177 1585 2193 1612 ,
2223 1546 2407 1615 procul
2433 1545 2501 1600 ab
2531 1546 2807 1601 hominum
2831 1544 3103 1601 domicilio
3132 1544 3313 1609 sitam,
3337 1543 3435 1599 sibi
3456 1546 3653 1598 ('Oltsll-

2080 1648 2285 1691 tuerunt
2313 1637 2549 1708 tuguria,
2574 1638 2765 1708 quibus
2794 1646 2996 1693 tantum
3026 1636 3153 1691 solis
3195 1635 3458 1691 radiorum
3486 1634 3652 1689 mols-

2064 1729 2206 1784 stias
2223 1730 2482 1785 evitarent
2504 1740 2560 1785 et
2571 1731 2710 1788 aeris
2735 1746 2935 1786 rorem.
2960 1730 3015 1784 lu
3032 1729 3224 1800 quibus
3248 1729 3504 1794 viventes,
3533 1742 3654 1782 ora-

2079 1820 2207 1874 tioni
2236 1828 2394 1891 atque
2426 1820 2640 1875 lectioni
2670 1828 2892 1890 tempus
2910 1835 3062 1875 suum
3099 1818 3498 1888 impenderunt,
3521 1817 3654 1873 adeo

2077 1911 2319 1966 contritis
2341 1910 2477 1965 votis
2501 1926 2753 1977 manuum
2776 1912 2828 1965 in
2844 1910 3096 1979 operibus
3121 1910 3380 1979 corporis,
3396 1917 3650 1978 quantum

2078 2001 2208 2056 satis
2233 2010 2379 2056 esset
2405 2002 2470 2055 ad
2503 2011 2715 2058 tenuem
2738 2002 2931 2055 victum
2955 2016 2966 2052 :
2996 1999 3185 2054 melius
3211 1997 3309 2050 rati
3328 1998 3503 2054 vivere
3524 2010 3648 2051 cum

2076 2091 2281 2160 capreis
2302 2100 2356 2147 et
2374 2090 2820 2146 struthiocamelis
2865 2098 2921 2145 et
2945 2088 3181 2153 bubalis,
3236 2101 3396 2156 quant
3444 2085 3650 2155 epulari

2075 2196 2196 2237 cum
2224 2182 2526 2237 hominibus
2550 2182 2638 2252 qui
2662 2182 2912 2252 ignorant
2931 2181 3114 2235 Deum.
3148 2179 3345 2234 llorum
3366 2186 3494 2232 natu
3533 2192 3650 2232 ma-

2079 2274 2250 2326 ximus
2268 2312 2284 2338 ,
2312 2272 2591 2342 nonaginta
2620 2273 2786 2328 ferme
2812 2282 3059 2341 egressus
3077 2284 3245 2324 annos
3262 2311 3279 2335 ,
3309 2276 3654 2323 conversatus

2072 2373 2162 2418 est
2183 2372 2301 2418 cum
2332 2363 2486 2418 beato
2515 2363 2766 2429 Antonio,
2805 2363 2996 2417 l-lierax
3024 2361 3135 2430 ipse
3153 2359 3450 2443 appellatus
3468 2398 3483 2424 ,
3509 2357 3649 2427 quod

2070 2456 2346 2527 proprium
2375 2471 2568 2509 nomen
2592 2468 2765 2524 usque
2789 2452 2855 2507 ad
2883 2453 3025 2508 hunc
3049 2451 3189 2506 diem
3238 2449 3451 2505 retinet.
3502 2448 3652 2503 Alius

2077 2564 2203 2604 vero
2238 2547 2552 2603 Ammonius
2571 2546 2946 2618 sexagenarius
2986 2559 3104 2599 cum
3151 2542 3356 2598 duobus
3403 2540 3653 2596 fratribus

2066 2636 2351 2693 monachis
2375 2646 2430 2693 et
2458 2650 2564 2692 uno
2582 2635 2834 2706 episcopo
2850 2674 2869 2701 ,
2890 2634 2980 2704 qui
3002 2633 3103 2689 sub
3126 2631 3342 2688 Valente
3362 2645 3484 2685 cum
3503 2627 3653 2683 boias

2074 2730 2353 2794 tulissent,
2401 2727 2749 2793 chularunt,
2798 2734 2860 2781 ut
2906 2725 3052 2779 novit
3091 2722 3264 2777 omnis
3306 2718 3650 2776 Alexandria:

2066 2829 2222 2875 tanta
2252 2820 2460 2890 praediti
2486 2819 2706 2875 scientia
2726 2859 2741 2884 ,
2767 2817 2972 2872 utnibil
2997 2816 3387 2886 Scripturarum
3436 2827 3531 2868 eos
3573 2810 3651 2867 fu-

2066 2920 2222 2983 lgeret
2241 2952 2257 2978 ,
2287 2918 2404 2982 qua:
2421 2910 2692 2980 plerisque
2716 2908 2988 2978 impervia:
3006 2915 3150 2961 sunt.
3182 2905 3260 2959 Ex
3287 2903 3371 2959 his
3397 2902 3504 2958 duo
3530 2901 3650 2971 qui-

2072 3003 2196 3059 dem
2224 3004 2540 3074 quiescunt.
2568 3000 2760 3056 mortui
2809 2997 3304 3066 Constantinopoli:
3336 2993 3653 3049 Ammonius

2076 3100 2288 3157 autem,
2346 3102 2402 3147 ut
2453 3099 2733 3146 narrarunt
2771 3088 3016 3144 Aurelius
3065 3094 3119 3142 et
3168 3085 3464 3149 Sisinnius,
3510 3084 3650 3138 circa

2077 3186 2198 3238 vitae
2221 3184 2419 3238 exitum
2451 3180 2820 3252 prepltetavit,
2858 3187 2979 3248 post
3028 3191 3273 3246 magnam
3323 3174 3648 3244 persecutio-

2078 3289 2196 3328 nem
2228 3283 2280 3327 et
2317 3271 2545 3327 schisma
2579 3271 2629 3324 in
2656 3269 2888 3324 Ecclesia
2917 3266 3201 3337 pessimum
3228 3265 3424 3318 exitum
3465 3277 3648 3331 repor-

2078 3370 2279 3417 taturus
2306 3362 2421 3431 ejus
2444 3370 2724 3424 auctores,
2777 3369 2831 3414 et
2863 3358 2940 3412 sic
2994 3355 3256 3411 Ecclesias
3311 3353 3510 3407 unitum
3563 3353 3641 3407 iri.

2067 3453 2226 3522 Quod
2253 3453 2464 3523 quidem
2492 3467 2557 3508 ex
2591 3460 2736 3521 parte
2765 3449 2956 3505 factum
2972 3456 3094 3512 est,
3124 3457 3179 3502 et
3205 3447 3314 3501 lict.
3344 3445 3470 3500 inde
3506 3444 3644 3500 enim

2075 3545 2422 3616 quorumdam
2436 3544 2820 3613 -cpisc0porum
2843 3549 2900 3596 et
2919 3540 3170 3595 laicorum
3191 3552 3413 3608 corpora
3435 3535 3648 3591 morbus

2074 3651 2341 3708 occupans
2362 3677 2379 3705 ,
2399 3636 2561 3691 variis
2579 3634 2856 3690 doloribus
2881 3630 3206 3687 distraliebat
3223 3671 3238 3693 ,
3271 3630 3408 3684 lenta
3435 3626 3646 3698 quidem

2076 3729 2224 3785 febre
2243 3728 2444 3783 viscera
2470 3741 2759 3796 perurens,
2786 3732 2947 3794 atque
2973 3719 3293 3777 intolerabili
3320 3719 3526 3789 pruritu
3569 3727 3643 3771 to-

2066 3830 2183 3875 tam
2195 3818 2436 3889 corporis
2452 3815 2788 3886 superﬁciem
2816 3814 3078 3884 unguibus
3109 3811 3365 3878 fodicans,
3383 3809 3649 3879 crassique

2076 3908 2309 3965 intestini
2349 3907 2585 3964 continui
2614 3905 2849 3960 dolores.
2883 3903 3002 3958 Alio
3043 3917 3178 3972 aqua
3215 3899 3475 3955 intercute
3503 3898 3651 3953 labo-

2075 4009 2246 4068 rante,
2259 3999 2402 4055 lividi
2415 3998 2605 4069 pedum
2620 4007 2853 4052 tumores
2871 4013 2884 4048 :
2897 3993 3051 4049 alteri
3063 4001 3238 4047 autem
3252 3991 3500 4045 humores
3512 4004 3650 4043 nunc

2073 4093 2260 4158 calidi,
2285 4107 2426 4147 nunc
2452 4088 2647 4160 frigidi,
2671 4103 2766 4159 per
2792 4097 3020 4158 quatuor
3045 4083 3296 4139 articulos
3323 4081 3616 4136 detinentes
3632 4120 3648 4145 ,

2066 4183 2267 4253 digitos
2284 4225 2300 4249 ,
2330 4182 2419 4254 qui
2441 4182 2577 4238 male
2596 4179 3018 4249 subscripserant
3036 4218 3053 4244 ,
3073 4186 3303 4231 tremore
3317 4172 3646 4229 aiiiciebant:

2075 4284 2130 4329 et
2155 4273 2450 4328 abdominis
2473 4272 2816 4328 inﬂammatio
2834 4284 2931 4327 seu
2954 4278 3144 4333 tumor,
3168 4276 3222 4322 et
3242 4282 3335 4336 per
3355 4265 3649 4321 membrum

2072 4361 2339 4434 quoddam
2362 4361 2594 4431 putredo
2628 4361 2915 4430 pessimum
2942 4359 3160 4412 odorem
3213 4357 3395 4426 procul
3441 4355 3648 4424 disper-

2066 4468 2239 4524 gens,
2267 4462 2322 4507 et
2364 4466 2574 4506 vermes
2607 4464 2890 4520 generatis.
2944 4449 3207 4502 Prwtcrca
3243 4446 3554 4513 ortbopncea
3596 4452 3650 4497 t-t

2075 4541 2366 4613 respirandi
2393 4540 2695 4607 difﬁcultas,
2726 4547 2883 4608 atque
2909 4537 3142 4591 omnium
3165 4535 3520 4589 membrorum
3540 4534 3651 4589 dis-

2074 4636 2242 4692 tentio
2275 4652 2290 4690 :
2319 4635 2443 4690 item
2470 4640 2746 4688 nocturna:
2775 4630 3033 4701 imagines
3058 4629 3110 4683 in
3138 4627 3376 4682 rabiosos
3399 4639 3578 4687 canes.
3597 4634 3651 4680 et

2072 4727 2269 4783 strictis
2280 4727 2496 4781 ensibus
2506 4723 2778 4789 barbaros,
2797 4718 3552 4792 peregrinametturbulentam
3565 4733 3651 4771 vo-

2072 4832 2190 4872 cem
2241 4828 2493 4872 sonantes
2529 4813 3036 4870 transformabantur
3070 4813 3364 4867 insomnem
3402 4825 3645 4865 somnum

2060 4908 2467 4979 -perageotibus.
2485 4907 2636 4964 Alius
2655 4918 2856 4976 autem,
2872 4908 2963 4978 qui
2990 4921 3056 4961 cx
3077 4919 3214 4975 equo
3233 4902 3507 4970 decidens,
3526 4916 3649 4956 cum

2072 5002 2241 5057 caulis
2268 5002 2321 5056 in
2346 5016 2552 5057 morem
2581 5000 2826 5057 dextrum
2853 5013 2978 5055 crus
3001 4998 3101 5053 sibi
3151 4995 3427 5068 fregisset,
3469 4994 3647 5049 statim

2016 5148 2033 5158 ,
2074 5093 2234 5148 vitam
2259 5092 2500 5162 abrupit:
2531 5092 2703 5158 alius,
2750 5090 3034 5147 interclusa
3065 5102 3225 5153 voce,
3268 5096 3390 5142 octo
3441 5098 3651 5139 menses

2074 5182 2127 5240 in
2156 5185 2296 5241 lecto
2324 5194 2622 5241 maceratus
2647 5192 2760 5251 est,
2784 5184 2872 5253 qui
2892 5197 2959 5238 ne
2978 5182 3058 5236 ori
3087 5179 3304 5249 quidem
3333 5192 3431 5232 suo
3460 5191 3650 5232 manus

2070 5275 2357 5331 admovere
2378 5277 2606 5331 valebat.
2630 5275 2794 5330 Alteri
2823 5275 2942 5329 vivo
2960 5287 3113 5327 crura
3152 5270 3220 5326 ad
3270 5285 3443 5342 genua
3475 5282 3642 5337 usque

2072 5366 2326 5435 paulatim
2372 5381 2469 5437 per
2511 5364 2797 5420 triennium
2844 5363 3073 5418 dissecta
3123 5369 3282 5426 sunt,
3330 5359 3647 5431 erysipelate

2073 5455 2321 5512 videlicet
2366 5456 2643 5512 materiam
2691 5453 3107 5524 suppeditante:
3152 5451 3287 5505 alius
3330 5449 3546 5514 inﬂata,
3589 5454 3647 5499 ut

2072 5547 2253 5614 aiunt,
2283 5546 2490 5617 lingua,
2513 5562 2632 5601 cum
2663 5545 2812 5601 febre
2854 5543 3153 5600 vehementi
3174 5584 3190 5610 ,
3215 5551 3273 5597 ut
3323 5537 3648 5612 gnrgulionis

2073 5639 2418 5709 interseptqu
2441 5639 2492 5693 in
2525 5654 2618 5692 ore
2642 5646 2785 5692 esset
2802 5635 3051 5690 dentibus
3100 5633 3364 5695 adfixum,
3394 5642 3512 5682 cum
3538 5625 3644 5678 lin-

2073 5746 2175 5798 gua
2203 5731 2255 5787 in
2278 5730 2393 5786 loco
2419 5728 2521 5785 sibi
2541 5745 2569 5783 a
2592 5738 2778 5783 natura
2804 5724 3021 5783 definito
3046 5740 3152 5781 non
3174 5726 3436 5778 haereret.
3467 5716 3518 5769 iu
3548 5729 3638 5776 DU-
