4110 6148
294 340 373 398 30
1322 339 1408 394 DE
1447 339 1605 397 VITA
1646 340 1703 396 S.
1753 340 2038 400 JOANNIS
2073 342 2578 401 CIIRYSOSTOMI.
3503 349 3573 404 60

298 456 631 528 ἀντερείδων
678 456 793 518 τοῖς
844 452 1042 519 ὀδοῦσι,
1077 453 1153 525 μὴ
1184 456 1472 528 χωρούσης
1508 459 1607 528 τῆς
1643 456 1894 530 γλώσσης

302 542 366 596 ἐν
396 539 476 610 τῷ
497 537 793 609 ὡρισμένῳ
826 536 977 607 παρά
1027 537 1126 608 τῆς
1172 537 1388 606 φύσεως
1427 540 1598 611 τόπῳ,
1637 543 1696 596 ἐν
1719 540 1892 612 πυξίῳ

304 622 526 694 γράψας
560 619 950 690 ἐξομολόγησιν
983 622 1241 674 ἐποιεῖτο.
1282 623 1393 676 Καὶ
1431 618 1500 693 ἦν
1535 623 1662 677 ἰδεῖν
1693 625 1891 696 θεήλα-

302 722 400 761 τον
427 706 593 777 ὀργὴν
621 704 902 775 διαφόροις
927 704 1220 775 τιμωρίαις
1252 707 1679 778 στρατηγοῦσαν.
1703 710 1764 761 υἰ
1786 709 1893 783 γὰρ

305 788 400 844 τὸν
432 788 540 841 τῶν
564 786 756 858 ψυχῶν
792 786 977 858 ἰατρὸν
1019 788 1112 840 καὶ
1160 788 1410 843 ἐπαοιδὸν
1456 790 1889 860 παροξύναντες,

304 873 400 929 καὶ
433 874 878 945 μεταστήσαντες
922 870 1017 924 τοῦ
1071 872 1174 943 τῆς
1225 874 1499 945 σωτηρίας
1531 875 1891 947 ἐργαστηρίου

304 959 394 1012 τον
421 959 711 1028 ὑποφήτην
737 956 953 1022 τούτου,
982 959 1097 1021 τοῖς
1120 957 1231 1011 τῶν
1268 959 1537 1030 σωμάτων
1571 960 1775 1032 ἰατροῖς
1812 961 1893 1024 εἰς

300 1041 562 1113 αἰκισμὺν
610 1040 984 1110 παρεδίδοντο,
1014 1040 1208 1112 ὀδύνην
1263 1042 1364 1112 μὲν
1413 1043 1892 1113 ἐπιχορηγούντων

300 1127 423 1188 τοῖς
475 1123 857 1195 νομιζομένοις
926 1123 1280 1195 φαρμάκοις,
1350 1125 1625 1196 σωτηρίαν
1691 1124 1735 1178 δ’
1792 1126 1892 1179 οὑκ

300 1205 700 1279 ἐμποιούντων.
735 1207 833 1269 Τίς
876 1206 987 1278 γάρ
1041 1207 1252 1261 ἰάσεται
1279 1207 1370 1261 τὸν
1418 1207 1525 1260 ὑπο
1555 1207 1690 1262 Θεοῦ
1719 1226 1891 1280 τιμω-

304 1292 592 1364 ρούμενον,
649 1291 727 1354 ὡς
778 1291 809 1342 6
849 1291 1135 1361 προφήτης
1169 1290 1337 1360 λέγει·
1393 1292 1492 1361 Μὴ
1532 1293 1716 1361 ἰατροὶ
1745 1295 1892 1349 ἀνα-

300 1376 650 1444 aviaeum,
706 1376 810 1429 κιιί
874 1374 1431 1445 έξομολοπηξσονταί
1488 1391 1634 1440 σοι;
1704 1375 1892 1443 Οὑτως

300 1459 627 1513 ἀπώλλυντο
679 1457 885 1521 πάντες
921 1459 969 1510 οἰ
998 1458 1453 1530 ἀντιπράττοντος
1478 1462 1543 1531 τῇ
1577 1462 1764 1532 εἰρήνη
1791 1461 1891 1532 τῆς

312 1542 650 1613 Ἐκκλησίας
677 1558 796 1605 σου,
843 1540 1039 1612 Κύριε.
1083 1542 1317 1611 Λέγεται
1367 1540 1423 1596 δὲ
1465 1543 1527 1595 τὸ
1557 1543 1748 1614 μνῆμα
1795 1545 1890 1599 τοῦ

305 1625 635 1694 μονάζοντος
680 1624 993 1695 ’Δμμωνίου
1036 1625 1224 1688 νόσους
1251 1624 1350 1689 τάς
1392 1626 1520 1697 περί
1561 1629 1712 1698 ῥῖγος
1733 1627 1889 1682 ἐλαύ-

299 1725 440 1763 νειν.
465 1709 746 1764 Τέθαπται
767 1709 827 1763 δὲ
850 1710 907 1761 ἐν
930 1707 1008 1778 τῷ
1037 1709 1323 1780 μαρτυρίῳ
1357 1708 1465 1764 τῶν
1517 1711 1854 1766 Ἀποστόλων
1871 1751 1886 1776 ,

301 1793 482 1866 πέραν
529 1792 826 1864 θαλάσσης.
887 1791 948 1846 Ὀ
996 1792 1053 1845 δὲ
1103 1793 1402 1857 ἐπίσκοπος
1454 1794 1762 1865 Διόσκορος,
1814 1795 1890 1861 ῶς

301 1895 493 1947 φασιν,
526 1877 826 1949 εὐξάμενος
858 1876 1105 1941 πλεῖστα,
1140 1878 1174 1949 ἢ
1202 1879 1426 1950 εἰρήνην
1465 1877 1590 1932 ἰδεῖν
1617 1878 1728 1932 τῶν
1763 1880 1887 1934 Ἑκ-

301 1961 569 2033 κλησιῶν,
599 1960 633 2031 ἦ
662 1959 816 2023 τέλος
846 1960 909 2013 16
940 1960 1156 2025 ἑαυτοῦ,
1199 1960 1512 2034 κατηξιιῦοη
1549 1961 1642 2015 τοῦ
1670 1961 1886 2027 τέλους,

301 2044 495 2115 ἐπειδὴ
525 2045 627 2097 οὑκ
649 2038 719 2114 ἦν
748 2041 897 2107 ἄξιος
947 2046 978 2096 6
1025 2043 1230 2114 κόσμος
1263 2044 1363 2114 τῆς
1411 2045 1656 2116 εἰρήνης.
1685 2046 1890 2115 Ταφεὶς

301 2129 362 2181 ἐν
383 2127 463 2199 τῷ
488 2128 598 2199 πρὸ
623 2126 726 2197 τῆς
751 2125 927 2196 πύλης
976 2127 1259 2197 μαρτυρίῳ
1297 2136 1338 2190 ⁸,
1384 2127 1460 2191 ὡς
1499 2128 1597 2192 τὰς
1632 2129 1889 2195 πλείστας

299 2213 413 2267 τῶν
436 2208 717 2281 γυναικῶν
768 2209 1173 2280 καταλειψάσας
1211 2212 1312 2282 τῆς
1345 2210 1624 2282 μάρτυρος
1646 2214 1771 2277 τοὺς
1796 2215 1888 2284 ὃρο

299 2312 458 2358 κους,
511 2294 651 2348 κατά
678 2293 789 2347 τῶν
845 2292 1019 2364 εὐχῶν
1069 2294 1361 2365 Διοσκόρου
1399 2294 1638 2362 ὀμνύειν.
1673 2296 1807 2366 Περὶ
1833 2296 1890 2351 δὲ

297 2377 413 2432 τῶν
440 2377 644 2431 λοιπῶν
663 2370 923 2447 ἀσκητῶν
943 2375 1108 2440 πολύς
1131 2392 1220 2447 μοι
1251 2376 1409 2446 λόγος
1435 2378 1889 2433 καταναλίσκεται

297 2464 381 2525 εἰς
429 2461 494 2515 16
527 2458 917 2532 διηγήσασθαι,
981 2459 1111 2522 ῐσως
1174 2461 1533 2531 ἐπειγομένου
1573 2478 1701 2527 σου,
1765 2479 1892 2535 φερ-

297 2544 488 2615 ώνυμε
517 2544 793 2614 ἄνθρωπε.
834 2544 892 2597 '0
926 2545 1110 2599 AIAK.
1138 2544 1247 2597 Καὶ
1279 2544 1362 2608 τίς
1392 2543 1534 2599 οὑτω
1554 2546 1887 2617 τρισάθλιος,

297 2632 413 2693 τοῖς
443 2629 548 2701 τῆς
575 2629 777 2700 ἀρετῆς
803 2628 1107 2699 διηγήμασι
1145 2627 1219 2698 μὴ
1253 2627 1428 2693 διδοὺς
1483 2628 1704 2702 χώραν;
1749 2631 1889 2698 Λέγε

296 2713 503 2774 τοίνυν,
541 2712 867 2784 παρακαλῶ,
891 2714 986 2765 καὶ
1015 2712 1313 2783 οἰῳδήποτε
1342 2712 1486 2783 λόγῳ
1526 2714 1734 2785 εὐλόγῳ
1785 2716 1889 2768 ἀπ-

297 2798 482 2866 άγαγέ
537 2814 638 2869 μου
685 2797 777 2850 τὸν
827 2796 953 2850 νοῦν
998 2796 1109 2850 τῶν
1171 2797 1436 2867 βιωτικῶν
1482 2798 1789 2869 νοημάτων.
1832 2799 1890 2852 '0

309 2880 570 2934 ‘EHIZK.
606 2881 761 2933 Ἔστι
785 2880 962 2934 τοίνυν
987 2880 1175 2951 ἕτερος
1218 2878 1413 2951 Ἱέραξ,
1453 2879 1750 2952 Ἑλληνικῷ
1790 2881 1889 2952 μὲν

296 2962 637 3034 καλούμενος
683 2964 928 3034 ὀνόματι,
963 2967 1355 3034 πνευματικοῖς
1381 2963 1438 3016 δέ
1478 2965 1887 3035 κεκοσμημένος

294 3049 546 3121 τρόποις·
574 3048 635 3113 ὃς
662 3048 731 3104 τὰ
758 3049 858 3119 μὲν
888 3047 1083 3120 πρῶτα
1134 3047 1239 3113 ἔξω
1268 3046 1451 3118 πάσης
1493 3047 1770 3116 Αἰγύπτου
1798 3049 1890 3102 καὶ

294 3131 567 3203 Θηϐαΐδος
595 3133 653 3184 ἐν
680 3130 757 3202 τῷ
791 3130 1109 3202 Πορφυρίτῃ
1158 3130 1273 3201 ϐρει
1306 3129 1464 3200 μόνος
1494 3131 1889 3204 ἀναχωρήσας,

294 3217 430 3270 ἄνευ
459 3214 630 3281 πνοῆς
663 3213 1034 3284 ἀνθρωπίνης,
1087 3214 1331 3283 τέσσαρα
1371 3214 1738 3286 ἐκαρτέρησεν
1770 3214 1889 3286 ἔτη,

296 3300 500 3372 μόναις
531 3302 655 3361 ταῖς
693 3299 916 3370 ἀρεταῖς
978 3297 1319 3369 ἀρκούμενος
1384 3299 1461 3362 εἰς
1514 3297 1891 3368 παράκλησιν·

294 3385 497 3438 ἒπειτα
523 3382 583 3435 δέ
627 3383 695 3453 τῇ
742 3381 844 3452 τῆς
889 3380 1124 3451 Νιτρίας
1175 3380 1369 3451 ἐρήμῳ
1420 3379 1762 3435 εἰκοσιπέντε
1795 3380 1891 3453 ἔτη

295 3472 418 3538 ἅμα
450 3469 564 3531 τοῖς
594 3465 1011 3538 προειρημένοις
1057 3464 1359 3535 Πατράσιν.
1419 3463 1608 3535 Τούτῳ
1639 3463 1893 3536 δαίμονες

294 3552 647 3615 ἐπιστάντες,
677 3549 754 3614 ὡς
809 3548 972 3613 αὑτὸς
1018 3550 1151 3619 ήμίν
1184 3548 1504 3621 διηγήσατο,
1543 3549 1893 3621 πολυχρόνιον

293 3637 450 3709 ζωὴν
492 3635 907 3698 ὑποϐάλλοντες,
958 3632 1067 3686 ἀπὸ
1123 3635 1225 3704 τῆς
1271 3633 1644 3706 προκειμένης
1679 3633 1894 3698 ἐλπίδος

298 3719 554 3774 σαλεύειν
584 3715 934 3781 ἐσπούδαζον,
976 3716 1583 3787 μετασχηματισθέντες
1612 3718 1692 3780 εἰς
1720 3717 1891 3785 ἀγγέ-

295 3804 431 3869 λους
455 3804 653 3873 φωτός·
679 3803 1022 3871 Πεντήκοντα
1072 3800 1188 3870 ἐτη,
1218 3799 1487 3870 λέγοντες,
1520 3800 1662 3870 ἔχεις
1698 3799 1889 3871 ζῆσαι,

299 3887 425 3951 πῶς
451 3886 820 3958 καρτερήσεις
848 3885 905 3937 ἐν
938 3886 1004 3954 τῇ
1036 3884 1264 3955 ἐρήμῳ;
1302 3883 1359 3935 Ὀ
1386 3883 1443 3935 δὲ
1472 3885 1538 3954 τῇ
1572 3884 1783 3936 συνέσει
1805 3882 1894 3936 διὰ

296 3971 406 4041 τῆς
469 3970 709 4032 πίστεως
769 3967 1138 4040 ἀνθυποφέρει
1193 3967 1393 4038 φήσας·
1435 3967 1771 4038 Ἐλυπήσατέ
1802 3975 1905 4037 με,

298 4053 567 4105 ἐλάττονα
600 4052 700 4122 τῆς
728 4049 1038 4122 προθέσεως
1088 4049 1178 4103 τὸν
1230 4050 1420 4122 χρόνον
1470 4050 1735 4112 εἰπόντες·
1781 4048 1896 4102 δια-

299 4134 505 4188 κοσίων
548 4133 660 4205 γὰρ
714 4133 853 4187 ἐτῶν
910 4133 1266 4205 παρασκευὴν
1324 4133 1669 4203 ἐποιησάμην
1719 4133 1776 4185 ἐν
1826 4133 1892 4203 τῇ

298 4220 517 4290 ἐρήμῳ.
564 4220 628 4272 Ol
676 4219 733 4271 δέ
768 4217 1098 4280 ἀκούσαντες
1130 4216 1334 4287 ᾣχοντο
1380 4215 1743 4282 ὀλολύζοντες.
1784 4215 1895 4268 Καὶ

298 4301 496 4356 τοῦτον
525 4301 614 4355 τὸν
648 4300 912 4361 τοιοῦτον,
952 4300 1013 4353 ὃν
1042 4300 1092 4353 οἰ
1138 4299 1390 4370 δαίμονες
1424 4299 1525 4352 οὑκ
1569 4297 1891 4361 ἐσάλευσαν,

300 4387 600 4459 πολυμήκη
629 4386 822 4457 χρόνον
851 4388 931 4449 εἰς
950 4384 1184 4456 ἀκηδίαν
1223 4383 1598 4454 σοφισάμενοι,
1634 4383 1659 4433 6
1706 4381 1896 4445 πάπας

299 4470 564 4539 θεόφιλος
613 4470 703 4523 διά
753 4469 1178 4545 προστάγματος
1247 4468 1409 4521 αὑτὸν
1463 4466 1891 4538 μετανέστησεν,

302 4556 398 4615 καὶ
429 4556 511 4618 εἰς
574 4554 848 4625 τοσαύτην
904 4554 1262 4627 περιέστησεν
1319 4552 1603 4620 ἀνάγκην,
1664 4549 1740 4615 ὡς
1802 4550 1893 4605 καὶ

304 4640 676 4712 στρατόπεδον
701 4638 1050 4693 καταλαϐεῖν·
1109 4637 1167 4703 ὃς
1201 4636 1296 4693 νῦν
1329 4635 1468 4708 μετά
1509 4634 1607 4704 τὴν
1643 4632 1896 4703 κοίμησιν

317 4723 634 4794 ’Λμμωνίου
668 4721 767 4796 τὴν
810 4722 1130 4795 πανέρημον
1187 4720 1347 4774 πάλιν
1410 4718 1738 4788 κατείληφε,
1798 4718 1896 4788 τὴν

305 4806 402 4859 τοῦ
464 4806 702 4877 ἀρότρου
757 4805 1075 4882 παραϐολὴν
1152 4801 1428 4872 φοϐηθείς.
1492 4801 1685 4863 Ἀλλος
1736 4798 1896 4853 πάλιν
1959 4843 1986 4864 .,

306 4890 681 4962 πρεσϐύτερος
721 4888 908 4943 Ἰσαὰκ
951 4886 1263 4958 λεγόμενος,
1313 4883 1563 4957 μαθητὴς
1609 4883 1895 4953 Μακαρίω

303 4974 403 5028 τοῦ
437 4974 684 5049 μαθητοῦ
720 4973 1028 5035 Ἀντωνίου,
1068 4970 1368 5045 φιλέρημος
1420 4969 1670 5039 εἰσάγειν,
1702 4984 1898 5038 πεντη-

303 5058 504 5112 κοστὸν
532 5058 652 5122 ἔτος
677 5058 849 5126 ἄγων,
881 5056 1024 5111 κατά
1059 5055 1297 5109 διάνοιαν
1329 5053 1516 5118 σώζων
1570 5052 1671 5125 τὴν
1714 5054 1897 5105 πᾶσαν

304 5141 557 5217 Γραφὴν,
612 5143 886 5215 κεράστας
931 5140 1086 5212 ὄφεις
1115 5140 1173 5193 ἐν
1200 5140 1322 5203 ταῖς
1366 5139 1554 5210 χερσὶν
1599 5137 1898 5200 ἀκινδύνως

299 5228 620 5303 βαστάζων,
648 5225 919 5299 παρθένος,
939 5226 1004 5286 ἐκ
1040 5225 1275 5296 μήτρας,
1311 5221 1580 5292 ἐπταετὴς
1613 5221 1638 5261 b
1662 5221 1898 5275 καταλα-

299 5310 419 5363 ϐὼν
447 5311 547 5381 τὴν
600 5308 829 5381 ἔρημον,
869 5308 1008 5380 μετά
1059 5304 1472 5377 τεσσαράκοντα
1512 5304 1606 5376 ἐτη
1663 5305 1758 5358 σὺν
1789 5306 1900 5367 τοῖς

302 5393 732 5465 προειρημένοις
762 5392 914 5463 παρά
952 5388 1045 5446 τοῦ
1096 5389 1253 5444 πάπα
1281 5387 1536 5457 Θεοφίλου
1578 5386 1897 5451 ὲσινιάζετο.

301 5480 536 5549 Ἕτερος
574 5476 765 5530 Ἰσαάκ
795 5474 1187 5548 πρεσϐύτερος,
1222 5471 1318 5526 καὶ
1342 5471 1504 5535 αὐτὸς
1535 5471 1783 5542 μαθητὴς
1809 5469 1901 5523 καὶ

296 5561 546 5632 διαδοχος
583 5561 821 5631 Κρονίου
842 5558 934 5613 τοῦ
970 5557 1368 5630 πρεσϐυτέρου,
1407 5554 1648 5626 μαθητοῦ
1685 5555 1777 5607 καὶ
1807 5553 1903 5608 0.6-

295 5646 397 5700 τοῦ
455 5644 784 5709 Ἀντωνίου,
837 5642 1139 5714 γνωστικὸς
1193 5641 1286 5696 καὶ
1340 5639 1500 5705 αὐτὸς
1550 5639 1607 5693 ἐν
1658 5638 1900 5711 Γραφαῖς

362 5833 391 5866 ³
417 5832 571 5884 Addit
594 5834 780 5892 Georg.
805 5831 873 5896 τῷ
898 5831 944 5879 ἐν
966 5837 1020 5896 τῇ
1049 5831 1178 5896 Δρνί.

310 5933 314 5937 .
340 5896 395 5945 ,δ
416 5896 603 5965 Georg.
631 5895 906 5957 πενταετής.
1092 5895 1111 5909 ⁷⁵

1999 459 2445 530 ὑπερϐαλλόντως
2466 501 2482 529 ,
2540 460 2814 532 φιλόξενος
2841 464 2888 516 εἰ
2922 463 3015 516 καί
3069 480 3152 528 τις
3187 464 3365 529 ἀλλος,
3401 466 3477 530 ὡς
3502 467 3575 525 δι’

1995 540 2300 614 ὑπερϐολὴν
2336 544 2765 618 ’φιλανθρωπίας
2799 546 3122 617 ξενοδοχεῖον
3164 550 3572 606 κατασκευάσαι

1992 626 2052 678 ἐν
2082 629 2146 698 τῇ
2180 629 2481 700 πανερήμῳ
2529 631 2609 694 εἰς
2655 629 2915 700 ἀνάψυξιν
2949 631 3043 684 καί
3075 630 3182 683 τῶν
3231 633 3573 704 ἀρρωστούν-

1992 726 2102 763 των
2133 711 2405 782 μοναχῶν,
2462 714 2557 766 καὶ
2588 713 2698 767 τῶν
2745 713 3216 785 ἐπιχωριαζόντων
3244 714 3407 780 ξένων
3441 716 3572 781 θέας

1992 792 2179 846 ἕνεκεν
2214 794 2323 847 τῶν
2356 795 2637 866 μακαρίων
2680 796 2960 865 Πατέρων,
3008 797 3139 865 φασὶ
3169 796 3245 858 δέ,
3278 798 3446 870 ὀργῆς
3473 799 3570 853 άλ-

1992 875 2222 948 λότριος,
2262 878 2582 949 τριακοστὸν
2619 878 2739 942 ἔτος
2779 879 2928 946 άγων
2991 880 3049 932 ἐν
3079 881 3144 950 τῇ
3205 881 3569 954 ἀναχωρήσει,

1995 961 2092 1015 σὺν
2133 959 2344 1025 τούτοις
2394 963 2763 1031 ἐκακουχείτο.
2808 961 3023 1015 Τούτων
3076 963 3105 1015 6
3155 963 3252 1032 μὲν
3308 965 3570 1038 πρότερος

2005 1043 2192 1097 Ἰσαάκ
2218 1044 2412 1097 ἑκατὸν
2438 1046 2774 1115 πεντήκοντα
2796 1040 2941 1115 εἶχεν
2972 1046 3062 1114 ὑφ’
3092 1045 3282 1099 ἐαυτὸν
3304 1046 3568 1117 ἀσκητάς·

1991 1122 2052 1183 οὗ
2079 1129 2174 1181 καὶ
2230 1127 2478 1199 μαθητὰς
2523 1127 2855 1192 ἐπισκόπους
2899 1128 3233 1189 κατέστησεν
3256 1129 3285 1181 6
3311 1128 3571 1199 Θεόφιλος

1992 1211 2097 1276 ἕως
2123 1211 2316 1282 ἐπτὰῆ
2350 1210 2514 1276 ὀκτὼ,
2546 1211 2708 1282 ήνίκα
2732 1209 2978 1279 θεόφιλος
2993 1206 3085 1281 ἦν·
3119 1213 3147 1264 6
3174 1210 3220 1263 δ’
3247 1210 3434 1282 ἕτερος
3457 1211 3573 1265 δια-

1993 1294 2211 1358 κοσίους
2236 1294 2386 1358 δέκα,
2411 1289 2470 1349 οὗ
2498 1296 2591 1347 καὶ
2613 1293 2778 1348 αὑτοῦ
2810 1292 2994 1345 πολλοὶ
3021 1295 3079 1346 ὲν
3119 1294 3439 1359 ἐπισκόποις
3468 1312 3573 1361 μα·-

1994 1378 2156 1449 θηταὶ
2185 1377 2701 1449 κατηριθμήθησαν.
2732 1370 2890 1430 Οὗτοί
2929 1379 3055 1439 εἰσι,
3101 1377 3230 1446 περὶ
3269 1370 3343 1430 ὧν
3379 1378 3572 1449 τρίτην

1991 1462 2210 1534 ἡμέραν
2241 1460 2642 1533 διηγησάμεθα,
2693 1458 2965 1530 ’ἰσιδὼρου
2998 1460 3156 1531 χάριν
3198 1459 3293 1513 τοῦ
3329 1461 3571 1531 πρεσϐυ-

1992 1548 2154 1618 τέρου
2182 1546 2284 1617 τῆς
2306 1547 2517 1618 ἐρήμου
2544 1542 2775 1615 ήλάσθαι
2802 1543 2952 1612 παρὰ
2985 1543 3242 1609 Θεοφίλου
3276 1543 3367 1597 τοῦ
3390 1545 3567 1599 πάπα.

1994 1626 2151 1687 Οὗτοί
2176 1632 2332 1695 εἰσιν,
2367 1627 2461 1692 οὒς
2487 1627 2736 1698 παρεῖδον
2769 1628 2934 1697 ἱερεῖς
2964 1624 3057 1678 καί
3077 1624 3327 1691 Λευῖται,
3361 1626 3456 1679 καὶ
3491 1628 3573 1690 εἰς

1995 1713 2257 1784 αἰσχύνην
2286 1711 2497 1783 ἀνδρῶν
2540 1708 2761 1782 ἀνδρεία
2817 1708 2955 1778 γυνὴ
3009 1706 3323 1772 ὑπεδέξατο,
3370 1709 3465 1761 καὶ
3494 1710 3572 1771 εἰς

1994 1799 2168 1868 κρῖμα
2220 1795 2538 1848 ἐπισκόπων
2599 1793 2845 1855 διάκονος
2891 1790 3080 1862 θήλεια
3144 1789 3404 1855 ἐξένισεν,
3448 1785 3516 1860 ἧς
3543 1791 3574 1844 ό

1993 1879 2213 1941 ἔπαινος
2258 1880 2317 1931 ἐν
2360 1880 2478 1941 ταῖς
2513 1876 2861 1947 Ἐκκλησίαις
2911 1874 3328 1946 ἐμπολιτεύεται
3363 1873 3577 1928 πολλῶν

1993 1964 2199 2027 ἕνεκεν,
2240 1962 2331 2016 τὸν
2369 1959 2717 2031 Σαμαρείτην
2765 1960 2991 2024 ἐκεῖνον,
3037 1959 3189 2021 ὅστις
3240 1958 3370 2011 ποτέ
3420 1960 3573 2024 ἐστι,

1995 2046 2381 2118 μιμησαμένη,
2409 2044 2469 2108 ὃς
2495 2043 2586 2096 16v
2641 2042 2746 2096 ὑπὸ
2780 2040 2989 2113 λῃστῶν
3020 2040 3392 2112 συντριϐέντα,
3439 2043 3574 2111 ήμι-

1992 2130 2151 2200 θανῆ,
2187 2132 2244 2183 ἐν
2264 2132 2329 2200 τῇ
2362 2127 2659 2182 καταϐάσει
2694 2126 2904 2198 Ἱεριχὼ
2960 2124 3159 2197 εὑρὼν,
3215 2126 3309 2178 ἐπὶ
3344 2125 3407 2177 16
3439 2124 3572 2177 ῑδιον

1991 2213 2317 2268 ἐπεϐίϐασεν
2349 2211 2641 2279 ὑποζύγιον
2675 2210 2836 2281 μέχρι
2886 2209 2980 2263 τοῦ
3041 2209 3358 2279 πανδοχείου
3388 2209 3572 2275 ἐνηνο-

1992 2298 2122 2369 χὼς,
2148 2297 2242 2350 καὶ
2280 2296 2344 2348 16
2393 2295 2494 2366 τῆς
2545 2293 2955 2366 φιλανθρωπίας
3004 2293 3181 2347 ἔλαιον
3210 2293 3306 2345 σὺν
3336 2290 3414 2361 τῷ
3444 2289 3570 2342 στύ-

1994 2396 2145 2451 φοντι
2182 2378 2309 2450 οἴνῳ
2334 2379 2576 2450 κεράσας
2613 2379 2802 2432 ἰάσατο
2830 2378 2898 2431 τά
2933 2377 3222 2448 οἰδήματα.
3257 2374 3367 2427 Καὶ
3400 2373 3572 2426 ταῦτα

1995 2465 2094 2537 μὲν
2124 2461 2381 2535 εἰρήσθω.
2407 2462 2579 2531 Ὄσην
2603 2462 2659 2514 δὲ
2684 2460 3002 2532 περιουσίαν
3030 2459 3327 2530 χρημάτων
3355 2458 3387 2528 ἢ
3438 2474 3572 2527 κτη-

1996 2550 2180 2619 μάτων
2201 2548 2314 2609 τοῖς
2337 2544 2610 2614 δεομένοις
2666 2544 2955 2610 διένειμεν,
2988 2543 3089 2595 οὑκ
3115 2541 3244 2612 ἐμὸν
3271 2541 3331 2594 16
3356 2540 3536 2608 λέγειν
3553 2580 3568 2603 ,

1990 2630 2127 2684 ἁλλά
2150 2628 2258 2682 τῶν
2296 2624 2357 2680 εὖ
2415 2625 2716 2679 παθόντων·
2759 2625 3047 2697 ὑπερόριος
3070 2623 3178 2695 γὰρ
3224 2623 3320 2687 ὢν,
3362 2622 3575 2692 ἀϐαρὴς

1993 2712 2327 2785 ἐφυλάχθην.
2356 2712 2624 2764 Ἀκουσον
2652 2708 2710 2763 δὲ
2754 2709 2855 2779 τῆς
2887 2709 3130 2779 μείζονος
3184 2706 3408 2777 ἀρετῆς.
3459 2706 3576 2775 ’ορ-

1993 2797 2134 2868 φανὴ
2160 2795 2268 2866 γάρ
2301 2793 2457 2866 ἀνδρὶ
2512 2791 2842 2861 συναφθεῖσα
2894 2792 2955 2844 οὑ
3011 2788 3364 2860 συνεχωρήθη
3424 2787 3576 2858 παρὰ

1976 2866 2084 2933 ’τοῦ
2121 2866 2468 2949 προγνὼστου
2499 2875 2656 2938 Θεοῦ,
2692 2874 2785 2928 τοῦ
2857 2872 3199 2946 προορῶντος
3223 2871 3322 2935 τὰς
3351 2868 3459 2924 τῶν
3483 2870 3574 2922 ἀν-

1992 2960 2226 3033 θρώπων
2253 2959 2510 3023 ἐκϐάσεις
2575 2999 2590 3021 ,
2619 2957 2741 3011 οὐδὲ
2768 2956 2940 3010 εἰκοσι
2971 2954 3146 3027 μῆνας
3181 2953 3463 3007 δουλεῦσαι
3507 2955 3572 3023 τῇ

1991 3045 2093 3115 τῆς
2155 3042 2355 3113 σαρκὸς
2411 3041 2570 3113 ήδονῇ
2620 3039 2723 3110 τῆς
2761 3039 2979 3092 πάντων
3034 3036 3443 3108 βασιλευούσης,
3479 3035 3573 3089 τοῦ

1982 3125 2355 3195 συναφθέντος
2410 3124 2548 3193 αὐτῇ
2595 3120 2877 3192 συντόμως
2906 3121 2965 3172 16
2993 3121 3095 3190 τῆς
3150 3119 3368 3188 φύσεως
3415 3117 3575 3189 χρέος

1993 3208 2408 3280 άπαιτηθέντος.
2461 3206 2697 3274 Λέγεται
2747 3203 2804 3257 δέ
2853 3201 3122 3272 παρθένος
3177 3202 3464 3272 ὑπάρχειν,
3500 3200 3579 3262 ὡς

1991 3297 2023 3365 ή
2073 3296 2226 3363 φήμη
2277 3289 2541 3342 διδάσκει.
2586 3286 2866 3358 Δυναμένη
2927 3285 3037 3357 γάρ
3092 3283 3170 3354 τῷ
3234 3282 3577 3352 ἀποστολικῷ

1992 3377 2144 3446 νόμῳ
2174 3372 2458 3428 δουλεῦσαι
2489 3370 2588 3440 τῷ,
2614 3371 2915 3438 Βούλομαι
2939 3365 3231 3434 νεωτέρας
3260 3365 3452 3435 χήρας
3475 3381 3579 3435 γα-

1989 3458 2147 3530 μεῖν,
2189 3453 2665 3512 οἰκοδεσποτεῖν·
2699 3452 2800 3505 οὑκ
2827 3450 3103 3521 ἠνέσχετο,
3136 3450 3339 3518 καίπερ
3369 3450 3463 3500 καὶ
3484 3447 3578 3515 γέ-

1994 3560 2073 3596 νει
2097 3541 2191 3596 καὶ
2225 3538 2441 3606 πλούτῳ
2490 3535 2586 3590 καὶ
2627 3533 2846 3605 παιδεία
2880 3532 3222 3604 μαθημάτων
3249 3531 3574 3598 πολυτελῶν,

1994 3624 2089 3679 καὶ
2120 3623 2319 3693 εὐφυΐᾳ
2366 3620 2580 3690 φύσεως
2619 3618 2714 3672 καὶ
2757 3615 2952 3679 ἄνθους
2997 3615 3119 3687 ῶρᾳ
3164 3614 3575 3684 κεκοσμημένη,

1992 3708 2248 3780 δορκάδος
2281 3704 2435 3775 δίκην
2460 3703 2554 3756 τοῦ
2584 3700 2837 3772 δευτέρου
2886 3698 3069 3770 γάμου
3102 3698 3202 3769 τὴν
3253 3697 3455 3780 παγίδα
3485 3698 3579 3751 ἀν-

1994 3779 2167 3854 εκτῶς
2194 3786 2645 3859 ύπερπηδήσασα.
2677 3785 2890 3849 Δικαίῳ
2912 3784 3022 3853 γὰρ
3050 3783 3236 3850 νόμος
3263 3782 3335 3834 οὐ
3367 3779 3577 3845 κεῖται,

1997 3874 2134 3928 ἀλλ’
2179 3866 2639 3931 ἀνυποτάκτοις,
2674 3866 2985 3935 βεϐήλοις,
3051 3864 3404 3933 ἁκορέστοις
3444 3863 3578 3931 περὶ

1997 3955 2244 4027 φθοράν.
2302 3955 2501 4024 Ἔτυχε
2559 3951 2617 4005 δὲ
2662 3950 2804 4004 κατά
2857 3965 2982 4002 τινα
3039 3948 3231 4018 φθόνον
3290 3947 3581 4001 σατανικὺν

1995 4036 2462 4110 δηλατορευθῆναι
2497 4033 2702 4105 ταύτης
2759 4034 2859 4104 τὴν
2889 4032 3067 4102 ἄωρον
3114 4030 3342 4101 χηρείαν
3376 4029 3582 4110 εἰςῇτάς

1995 4100 2163 4186 ἀκοὰς
2190 4100 2468 4175 Θεοδοσίου
2532 4119 2626 4173 τοῦ
2658 4100 3042 4187 ’βασιλέωςίὸς
3097 4100 3366 4167 ἔσπευσεν
3412 4100 3580 4181 αὑτὴν

2009 4204 2259 4275 Ἐλπιὸίῳ
2283 4204 2392 4258 τινὶ
2441 4202 2695 4270 συγγενεῖ
2731 4197 2926 4253 ἐαυτοῦ
2968 4196 3166 4267 Σπάνῳ
3215 4194 3449 4264 συνάψαι
3502 4193 3581 4257 εἰς

1996 4290 2196 4360 γάμον.
2224 4287 2335 4339 Καὶ
2356 4284 2528 4340 πολλά
2550 4283 2861 4355 λιπαρήσας
2888 4280 2984 4352 τὴν
3022 4280 3329 4351 ἄνθρωπον,
3370 4278 3580 4331 ἀποτυ-

1996 4371 2107 4443 χὼν
2135 4368 2402 4441 ἐλυπήθη,
2453 4366 2780 4436 δηλωσάσης
2830 4364 3022 4433 αὑτῆς·
3053 4364 3116 4416 Εἰ
3152 4361 3405 4416 ἐϐούλετό
3437 4377 3503 4431 με
3555 4362 3585 4414 6

1996 4454 2127 4527 ἐμὸς
2166 4451 2415 4525 βασιλεὺς
2439 4450 2631 4521 ἄρρενι
2661 4447 2850 4517 ωζῇν,
2886 4448 2985 4499 οὐκ
3008 4445 3072 4498 ἄν
3108 4461 3210 4527 μου
3237 4446 3329 4498 τὸν
3368 4444 3584 4527 πρῶτον

1996 4526 2267 4609 ἀφείλετο·
2292 4534 2405 4590 ἀλλ’
2427 4531 2613 4601 ἐπειδὴ
2642 4528 3015 4600 ἀνεπιτήδειον
3054 4545 3119 4597 με
3143 4526 3221 4597 τῷ
3248 4526 3583 4609 πεφυρμένω

1998 4605 2099 4693 βίῳ
2118 4621 2281 4690 ἔγνω,
2313 4620 2387 4690 μὴ
2420 4610 2915 4693 δυναμένηνῗάνδρὶ
2942 4609 3168 4693 ἀρέσαι,
3196 4608 3446 4693 κάκεῖνον
3485 4605 3582 4693 τού

1997 4685 2195 4774 δεσμού
2215 4685 2583 4773 ἠλευθέρωσε,
2620 4692 2767 4763 κάμέ
2796 4691 2891 4745 τοῦ
2934 4690 3239 4764 βαρυτάτου
3270 4685 3436 4774 ζυγοῦ
3466 4686 3583 4774 μκαξ

1997 4767 2107 4856 τῆς
2123 4767 2383 4857 ἀνδρικῆς
2414 4767 2659 4839 δουλείας
2692 4775 2989 4846 ἀπήλλαξε,
3024 4776 3117 4828 16v
3145 4770 3384 4857 χρηστόν
3420 4767 3583 4857 αύτού

1999 4852 2161 4937 ζυγὸν
2192 4852 2288 4936 της
2323 4852 2653 4936 ἐγκρατείας
2691 4861 2901 4925 ἐπιθείς
2930 4878 3033 4931 μου
3080 4862 3147 4930 τῇ
3180 4855 3407 4925 διανοίᾳ.
3430 4852 3584 4937 Μετά

1998 4935 2093 5021 τὴν
2135 4935 2437 5020 ἀπόκρισιν
2469 4945 2676 5019 ταύτην
2722 4943 3057 5017 προστάσσει
3106 4938 3188 5010 τῷ
3227 4938 3454 5010 ἐπάρχῳ
3480 4935 3584 5021 τῆς

2002 5018 2226 5097 πόλεως,
2271 5018 2639 5103 φρουρεῖσθαι
2684 5029 2890 5098 ταύτης
2940 5026 3009 5079 τά
3061 5023 3386 5096 πράγματα.
3427 5018 3585 5091 μέχρι

1999 5109 2062 5168 οὗ
2094 5112 2371 5187 πληρώσει
2414 5113 2713 5186 τριάκοντα
2764 5111 2859 5183 ἐτη
2903 5108 3002 5179 τὴν
3045 5106 3139 5160 τοῦ
3176 5104 3425 5174 σώματος
3467 5103 3586 5175 ήλιο

2002 5199 2145 5253 κίαν.
2203 5200 2301 5261 ⁸ος
2360 5198 2591 5269 ἐξαυτῆς
2647 5194 2828 5251 λαϐὼν
2869 5193 2969 5263 τὴν
3009 5188 3106 5244 τοῦ
3155 5188 3418 5259 βασιλέως
3469 5188 3586 5241 ἐπιο

1998 5282 2227 5355 τροπὴν,
2264 5283 2345 5345 εἰς
2369 5280 2627 5334 τοσοὶτον
2679 5277 2850 5347 αὐτὴν
2885 5272 3119 5355 ἐθλιϐεν,
3152 5269 3589 5355 ὑποϐαλλόμενος

2009 5351 2105 5419 λεδ
2131 5351 2227 5418 τοῦ
2268 5363 2560 5425 Ἐλπιδίου,
2602 5362 2679 5425 ὼς
2733 5357 2808 5431 μὴ
2846 5356 2990 5427 ἔχειν
3037 5352 3283 5418 ἐξουσίαν
3317 5351 3451 5423 μηδέ
3474 5354 3586 5416 τοῖς

2002 5450 2289 5520 ἐπισήμοις
2324 5443 2708 5515 συντυγχάνειν
2760 5440 2869 5493 τῶν
2924 5438 3258 5520 ἐπισκόπων,
3293 5434 3425 5520 μηδέ
3459 5436 3588 5520 ςΕκο

2004 5517 2200 5602 κλησία
2234 5527 2628 5601 παραϐάλλειν,
2660 5524 2751 5578 ἵνα
2804 5519 3134 5576 στενωθεῖσα
3168 5518 3275 5572 ὑπὸ
3308 5517 3589 5602 τῆςῌάκητ

2000 5595 2140 5681 δίας,
2175 5595 2479 5683 ’καταπέσῃ
2517 5611 2598 5672 εἰς
2641 5608 2740 5677 τὴν
2779 5607 2994 5679 αἵρεσιν
3036 5603 3129 5658 τοῦ
3161 5602 3361 5674 γάμου.
3413 5598 3489 5683 Ἦ-
3531 5595 3590 5654 δὲ

2004 5677 2165 5755 πλέον
2217 5677 2478 5769 ἡσθεῖσα,
2520 5692 2608 5748 καὶ
2662 5689 2738 5761 τῷ
2774 5677 2893 5764 Θεῷ
2945 5686 3409 5763 εὑχαριστήσασα,
3465 5677 3590 5757 ἀνττ

2077 5880 2096 5908 ε
2120 5874 2303 5936 Codex,
2327 5873 2407 5930 τὰς
2428 5873 2519 5921 τῶν
2545 5871 2707 5935 ψυχῶν
2736 5869 2836 5921 ἐκϐ.
