4110 6148
528 334 596 390 ss
1768 315 2086 372 PALLADII
2128 313 2461 371 Dl.\l.OCUS
3718 309 3799 366 ω,

531 456 637 497 tuttt
664 443 1078 498 incredulitatem
1111 437 1361 508 lacrymis
1398 435 1658 506 deplorat,
1689 443 1738 487 et
1769 432 1946 486 addit:
1980 433 2104 496 Quis

529 536 665 588 dabit
695 535 844 602 capiti
867 549 971 584 meo
998 547 1201 599 aquam,
1226 539 1375 596 atque
1400 527 1559 580 oculis
1586 525 1704 578 meis
1727 529 1910 595 fontem
1943 523 2106 591 lacrg-

530 625 756 679 marum."
779 635 824 676 et
854 622 1059 691 plorabo
1081 622 1161 673 die
1189 637 1247 672 ac
1269 630 1410 672 nocte
1431 618 1670 688 populum
1693 631 1879 670 meum:
1900 630 2101 679 rursus,

534 715 658 780 Quis
687 713 824 766 dabit
855 713 977 765 mihi
999 713 1050 764 in
1076 711 1348 765 solitudine
1369 709 1696 760 diversorium
1736 707 1968 759 ultimum
1991 705 2016 756 1’
2062 713 2107 758 et

532 806 876 875 derelinquant
919 804 1163 875 populum
1203 821 1369 857 meum
1392 844 1406 868 ,
1452 812 1496 856 et
1521 801 1750 855 recedam
1778 799 1838 852 ab
1873 800 1962 864 eis,
1991 797 2108 865 quia

532 913 701 951 omnes
739 896 956 949 adulteri
993 904 1106 948 sunt
1137 894 1274 966 (Jer.
1311 894 1366 949 9.
1400 894 1453 952 1.
1479 893 1514 946 2
1537 892 1590 963 );
1637 899 1832 945 emtum
1860 888 2110 957 prmvari-

532 997 771 1041 calorum
791 994 1110 1040 conventum
1137 985 1417 1038 nominans
1448 982 1695 1034 falsorum
1727 978 2102 1049 prophetarum

533 1093 596 1134 ac
615 1077 978 1140 sacerdotum;
1015 1078 1150 1129 sicut
1172 1075 1296 1130 alibi
1319 1075 1481 1128 Detun
1513 1073 1812 1140 alloquitur,
1843 1085 1945 1124 non
1969 1066 2110 1139 quod

540 1167 629 1222 ille
657 1168 903 1236 ignoret,
948 1165 1040 1219 sed
1090 1165 1226 1219 sicut
1257 1179 1353 1218 nos
1383 1179 1502 1217 eum
1546 1162 1736 1215 imitari
1785 1159 2106 1214 debeamus:

539 1255 770 1321 Domine,
799 1257 841 1310 si
871 1256 978 1310 sedi
1016 1257 1066 1308 in
1095 1256 1307 1308 concilio
1336 1254 1635 1318 ludentium,
1669 1251 1756 1304 sed
1794 1249 2048 1304 reverebar
2080 1265 2112 1300 a

539 1349 672 1416 facie
695 1357 815 1400 tua:
842 1347 978 1400 solus
1010 1346 1272 1410 sedebam,
1304 1345 1538 1414 quoniam
1585 1342 1919 1395 amaritudine
1948 1340 2110 1410 reple-

551 1448 629 1491 tus
657 1455 766 1491 sum
813 1437 962 1507 (Jer.
1009 1437 1094 1490 l5.
1150 1435 1268 1508 17).
1313 1437 1556 1490 Consona
1606 1435 1685 1489 eis
1730 1435 1888 1487 etiam
1950 1431 2111 1486 David

547 1528 810 1598 loquitur:
840 1527 960 1581 Non
983 1527 1089 1581 sedi
1105 1544 1216 1580 cum
1237 1527 1447 1580 concilio
1473 1526 1723 1588 vanitatis,
1747 1533 1791 1578 et
1814 1541 1925 1576 cum
1945 1524 2115 1591 iniqua

539 1618 820 1689 gerentibus
873 1634 972 1671 non
1016 1618 1251 1670 introibo.
1295 1617 1446 1684 Quod
1493 1617 1763 1684 explicans
1802 1615 1978 1668 addit:
2012 1614 2113 1667 Oili

539 1708 794 1762 ecclesiam
822 1708 1222 1777 malignantium,
1251 1715 1295 1760 et
1320 1725 1430 1760 cum
1457 1707 1622 1776 impiis
1665 1723 1765 1760 non
1790 1705 1968 1760 sedebo
1992 1720 2010 1758 :
2036 1705 2116 1759 la-

540 1799 663 1852 vabo
699 1800 828 1852 inter
871 1799 1157 1851 innocentes
1186 1815 1366 1851 nianas
1406 1814 1538 1851 meas
1565 1838 1577 1859 ,
1634 1798 1734 1851 hoc
1754 1807 1834 1851 est
1858 1837 1873 1860 ,
1919 1795 2118 1849 activas

543 1887 845 1942 facultates:
877 1899 920 1941 et
957 1889 1275 1941 circamdabo
1305 1887 1464 1940 altare
1485 1898 1645 1953 tuam,
1677 1887 1894 1941 Domine
1933 1886 2117 1957 (Psal.

539 1982 629 2035 25.
674 1979 831 2049 4-6).
866 1979 962 2047 Qui
1003 1989 1177 2034 autem
1223 1980 1400 2032 minus
1438 1979 1620 2033 altaris
1659 1994 1842 2033 curam
1882 1977 2115 2040 habent,

541 2081 594 2126 et
623 2068 670 2125 ei
699 2080 843 2140 terga
873 2080 1103 2134 vertunt,
1138 2086 1242 2126 non
1275 2071 1546 2140 proposito
1566 2113 1579 2134 ,
1609 2069 1702 2124 sed
1735 2071 1839 2123 vita
1867 2083 1982 2133 sua,
2011 2083 2118 2123 non

540 2161 710 2214 Solum
750 2161 907 2214 illatis
958 2161 1200 2216 nantibus
1241 2169 1296 2215 et
1333 2160 1793 2230 sanguinolentis,
1839 2173 2118 2214 munerum

543 2252 828 2306 donatione
851 2267 913 2305 ac
942 2253 1300 2322 perceptione,
1325 2261 1481 2320 atque
1508 2250 1652 2304 falsis
1673 2250 2119 2316 accusationibus,

546 2335 642 2396 sed
671 2342 940 2395 lutulentis
988 2342 1206 2410 pedibus
1237 2341 1573 2397 calcitrantes
1597 2383 1612 2408 ,
1643 2340 1769 2394 illud
1806 2340 2118 2394 concedant.

546 2432 619 2485 De
643 2433 830 2502 quibus
848 2433 1087 2487 Ezechiel
1113 2433 1364 2502 prepheta
1389 2433 1800 2502 prcesignilicaus
1817 2433 1888 2484 ait
1908 2431 2118 2501 (Ezech.

546 2522 595 2575 Β.
639 2523 764 2575 7-17
787 2525 831 2592 );
878 2521 1170 2575 Introduxit
1201 2539 1277 2574 me
1304 2523 1370 2574 ad
1407 2522 1702 2575 vestibulum
1735 2522 1872 2586 atrii,
1907 2530 1954 2574 et
1996 2521 2118 2587 vidi,

545 2619 589 2663 st
610 2628 718 2664 ecce
750 2615 976 2679 foramen
1015 2627 1168 2664 unum
1189 2612 1238 2664 in
1257 2613 1466 2681 pariete.
1496 2611 1562 2664 Et
1607 2613 1732 2665 dixit
1760 2611 1826 2664 ad
1849 2627 1959 2664 me:
1989 2609 2121 2665 Per-

546 2699 680 2763 fotle,
707 2700 782 2765 ﬁli
807 2700 1040 2752 hominis.
1069 2700 1130 2753 Et
1151 2702 1278 2770 fodi,
1303 2717 1363 2754 ac
1393 2702 1514 2764 ridi,
1543 2711 1588 2755 et
1614 2718 1724 2756 ecce
1743 2703 1923 2756 ostium
1944 2719 2117 2756 unum.

549 2787 613 2843 Et
644 2790 771 2842 dixit
811 2790 878 2842 ad
909 2807 987 2844 me
1005 2807 1023 2843 :
1053 2789 1348 2861 Ingredere,
1383 2803 1428 2845 et
1456 2793 1566 2845 vide
1589 2793 1983 2846 abominationes
2007 2809 2122 2862 pes-

546 2880 718 2945 simus,
751 2897 874 2948 quas
893 2881 1084 2951 faciunt
1112 2882 1212 2934 hic.
1237 2881 1303 2936 Et
1327 2884 1580 2954 ingressus
1605 2901 1736 2949 sum,
1760 2893 1807 2936 et
1832 2900 1942 2937 ecce
1962 2885 2124 2941 omnis

545 2970 821 3023 similitudo
851 2972 1042 3041 reptilis
1068 2982 1114 3025 et
1136 2974 1352 3040 iumenti
1370 3016 1384 3038 ,
1435 2983 1482 3028 et
1513 2974 1650 3028 idola
1680 2992 1808 3028 varia
1850 2975 2118 3028 abomina-

552 3061 731 3115 tiones.
759 3061 821 3114 Et
843 3063 971 3116 dixit
993 3064 1152 3117 mihi:
1183 3063 1384 3128 Vidisti,
1409 3065 1486 3133 ﬁli
1509 3065 1746 3131 hominis,
1773 3082 1884 3135 qum
1909 3067 2125 3120 seniores

547 3153 726 3208 domus
755 3151 923 3207 Israel
947 3155 1141 3224 faciunt
1172 3157 1221 3208 in
1254 3157 1489 3221 tenebris,
1519 3156 1572 3208 in
1598 3156 1861 3220 cubiculo,
1891 3165 2123 3210 mentem

548 3245 794 3300 innitens.
839 3243 964 3299 Ideo
994 3247 1262 3301 dixerunt:
1294 3246 1414 3300 Non
1443 3247 1572 3300 videt
1615 3264 1704 3300 nos
1737 3246 2012 3302 Dominus:
2039 3248 2124 3301 de-

546 3334 743 3402 reliquit
782 3334 1029 3388 Dominus
1051 3345 1248 3390 terram.
1287 3335 1351 3390 Et
1382 3337 1509 3390 dixit
1543 3338 1610 3390 ad
1641 3353 1759 3391 me:
1793 3338 1968 3390 Adhuc
1994 3337 2126 3391 vide-

548 3421 622 3476 bis
648 3424 1038 3480 abominationes
1065 3428 1303 3497 majores,
1337 3444 1464 3498 quas
1512 3429 1594 3480 isti
1623 3431 1836 3499 faciunt.
1865 3429 1930 3482 Et
1960 3430 2126 3482 intro-

551 3514 693 3570 duxit
719 3531 796 3567 me
836 3517 887 3569 in
912 3518 1068 3570 aliam
1111 3519 1297 3583 locum,
1344 3530 1494 3587 atque
1520 3521 1732 3572 ostendit
1763 3521 1921 3574 mihi:
1947 3530 1993 3574 et
2019 3537 2128 3575 ecce

552 3604 620 3656 ibi
647 3607 878 3661 mulieres
903 3609 1156 3672 sedebant,
1191 3610 1482 3680 plangentes
1516 3610 1783 3663 Thambos.
1814 3613 1880 3664 Et
1907 3628 2120 3666 rursus:

565 3695 857 3750 Introduxit
903 3715 978 3751 me
1022 3700 1071 3751 in
1099 3699 1302 3751 donmm
1337 3699 1538 3752 Domini
1585 3701 1912 3755 interiorem:
1946 3712 1990 3755 el
2017 3719 2128 3756 ecce

553 3788 621 3840 ibi
652 3789 822 3857 viginti
864 3798 1078 3857 quatuor
1107 3789 1324 3840 seniores
1347 3829 1362 3853 ,
1390 3799 1433 3842 et
1465 3790 1618 3861 [acies
1644 3807 1813 3843 eorum
1835 3830 1852 3857 ,
1893 3802 1937 3844 et
1976 3793 2127 3846 dorsa

552 3893 722 3928 eorum
749 3886 923 3928 contra
951 3877 1128 3929 altare.
1164 3876 1227 3929 Et
1259 3879 1385 3930 dixit
1413 3880 1479 3931 ad
1507 3895 1622 3933 me:
1652 3878 1910 3950 Numquid
1929 3882 2032 3936 leve
2056 3892 2128 3936 est

553 3967 646 4018 hoc
675 3965 809 4032 quod
827 3965 947 4033 facit
975 3969 1151 4022 domas
1181 3965 1386 4022 Israel?
1406 3969 1583 4023 Coacti
1617 3968 1810 4025 fuimus
1832 3970 1982 4040 hujus
2008 3988 2128 4042 pro-

553 4059 726 4129 phet:e
751 4060 961 4128 capituli
987 4062 1312 4126 ιιιοιιιὶηἱεςε,
1341 4072 1554 4130 propter
1579 4061 2012 4131 impudentiores,
2037 4064 2127 4132 qui

552 4167 612 4206 se
639 4167 755 4205 esse
782 4153 976 4220 aliquid
1004 4162 1206 4221 putant,
1234 4162 1285 4207 ct
1311 4154 1514 4221 scipsos
1533 4153 1856 4220 dementant,
1887 4171 1948 4211 ac
1967 4157 2130 4211 cccle-

554 4243 818 4295 siasticam
863 4258 1042 4310 pacem
1085 4243 1428 4312 perturbant:
1461 4259 1526 4299 eo
1573 4245 1712 4312 quod
1746 4253 1889 4316 terga
1921 4256 2128 4312 vertunt

557 4348 755 4387 mensa:
780 4333 1005 4398 Domini,
1035 4332 1224 4396 Quibus
1244 4334 1500 4403 judicium
1521 4353 1620 4388 non
1644 4347 1826 4402 cessat,
1849 4347 1896 4391 et
1919 4339 2130 4406 perditio

555 4439 724 4476 eorum
768 4439 864 4476 non
903 4421 1140 4475 dormitat
1184 4421 1257 4496 (‘2
1331 4422 1472 4477 Petr.
1526 4424 1578 4477 2.
1612 4426 1679 4495 3)
1725 4441 1740 4479 :
1785 4427 1872 4495 qui
1922 4439 2128 4480 terrena

555 4518 787 4584 sapiunt,
815 4515 880 4568 de
907 4517 1097 4585 quibus
1125 4515 1308 4580 Iudas,
1339 4515 1498 4570 frater
1525 4515 1730 4579 Jacobi,
1759 4517 1862 4570 ait:
1895 4515 1966 4569 Hi
1989 4527 2125 4582 sunt,

555 4609 639 4678 qui
686 4609 734 4661 in
765 4609 926 4678 epulis
955 4609 1128 4663 vestris
1171 4607 1402 4672 maculw,
1434 4609 1747 4662 convivantes
1775 4608 1883 4660 sine
1911 4608 2089 4660 timore
2111 4648 2126 4672 ,

567 4701 855 4768 sena-(ipsos
879 4712 1135 4769 pascentes
1159 4715 1177 4751 :
1208 4701 1361 4752 nubes
1406 4700 1513 4753 sine
1555 4717 1686 4768 aqua
1706 4740 1720 4762 ,
1768 4715 1879 4768 qua:
1916 4717 1946 4752 a
1975 4700 2130 4753 ventis

561 4793 1004 4861 εἱιτηηιίῑνηηηινε
1033 4791 1217 4858 ﬂuctus
1247 4791 1340 4858 feri
1387 4791 1563 4857 maris,
1609 4791 1965 4861 despamantes
2011 4808 2131 4844 suas

559 4883 874 4952 conlusiones
895 4894 913 4931 :
943 4880 1110 4931 sidera
1148 4881 1393 4940 errantia,
1421 4881 1599 4944 quibus
1629 4881 1792 4949 caligo
1821 4882 2131 4934 tenebrarum

557 4981 750 5024 servata
771 4979 841 5022 est
871 4970 923 5021 in
949 4979 1189 5021 cateruam
1236 4967 1408 5038 (Iuda:
1439 4983 1485 5021 υ.
1519 4969 1602 5021 12.
1635 4969 1751 5038 13).
1778 4969 1909 5024 Cum
1955 4982 2130 5026 autem

559 5062 712 5115 nubes
759 5061 863 5114 sine
897 5077 1027 5130 aqua
1069 5059 1313 5125 vocavit,
1367 5060 1556 5113 malam
1586 5074 1771 5113 eorum
1822 5063 2133 5132 signiﬁcavit

560 5155 891 5226 grandinem,
920 5155 1087 5207 vinea:
1116 5152 1504 5206 adversariam:
1535 5167 1652 5205 cum
1683 5153 1910 5204 errantia
1939 5155 2128 5218 sidera,

562 5247 777 5301 insidias
803 5247 953 5301 navis
977 5244 1298 5314 designavit:
1331 5260 1446 5313 qua:
1475 5243 1687 5312 quidem
1721 5245 1870 5298 navis
1898 5254 1950 5300 et
1981 5246 2131 5302 vinea

563 5338 795 5395 Ecclesia
821 5347 921 5392 est.
951 5338 1202 5403 Quantam
1247 5347 1422 5389 autent
1468 5335 1555 5390 illa
1587 5346 1708 5389 sunt
1728 5375 1743 5398 ,
1774 5351 1894 5406 qua».
1919 5337 2040 5391 talia
2066 5354 2129 5393 ex

558 5429 875 5487 necessitate
899 5429 1325 5498 subsequentur?
1363 5426 1498 5481 Audi
1532 5442 1716 5482 rursus
1752 5429 1996 5484 eumdem
2019 5445 2132 5500 pro-

562 5527 773 5598 phetam
815 5521 1148 5576 Ezechieiem
1179 5529 1519 5574 narrantem:
1556 5518 1619 5572 Et
1649 5521 1863 5574 ostendit
1905 5521 2047 5583 mihi,
2081 5531 2126 5575 et

559 5635 669 5673 ecce
694 5617 785 5670 riri
815 5613 1065 5668 veniebant
1094 5613 1156 5668 de
1180 5614 1257 5666 via
1288 5621 1446 5684 porta:
1471 5611 1766 5680 superioris,
1799 5627 1911 5682 qua:
1932 5613 2132 5682 respicit
2183 5603 2189 5609 ’

561 5716 621 5768 ad
665 5709 976 5780 Aquilonem,
1018 5716 1061 5760 et
1090 5705 1476 5775 uniuscujusque
1501 5702 1687 5758 securis
1726 5703 1778 5758 in
1809 5719 1964 5760 ntauu
2002 5704 2126 5774 ejus.

2216 427 2305 482 Vir
2327 445 2518 498 quoque
2541 444 2668 481 unus
2689 429 2738 482 in
2767 427 2930 482 medio
2956 444 3129 482 eorum
3153 428 3353 482 uestitus
3383 428 3554 494 talari,
3582 442 3630 483 et
3655 447 3801 484 zona

2210 520 2439 588 sapphiri
2466 519 2518 572 in
2546 517 2743 572 renibus
2773 520 2900 589 ejus.
2948 517 3012 571 Et
3037 518 3248 588 ingressi
3277 527 3394 571 sunt
3419 559 3432 583 ,
3462 528 3506 571 et
3545 530 3797 574 steterunt

2201 612 2356 680 juxta
2381 612 2542 663 altare
2565 627 2772 664 (ereum:
2802 621 2848 663 et
2874 610 3036 680 gloria
3059 609 3267 663 Domini
3292 609 3456 663 Israel
3480 613 3700 665 ascendit
3728 614 3800 668 cla

2215 700 2479 754 Cherubim
2498 742 2512 766 ,
2557 715 2668 771 qua:
2691 710 2796 753 erat
2823 700 2874 752 in
2901 701 3024 768 ipsis
3054 698 3122 752 ad
3149 700 3335 752 atrium
3364 699 3564 754 domus.
3594 701 3659 754 Et
3688 718 3786 756 tta-

2211 793 2339 845 cauit
2367 793 2528 846 virum
2555 793 2641 862 qui
2667 792 2874 846 indutas
2903 800 3008 845 erat
3036 791 3204 856 talari,
3237 792 3320 861 qui
3341 792 3548 846 habebat
3575 793 3628 847 in
3652 794 3800 846 lam-

2214 883 2286 935 bis
2309 884 2415 936 suis
2439 899 2638 937 zonam.
2673 880 2737 934 Et
2768 883 2893 935 dixit
2925 881 3171 935 Dominus
3200 881 3268 934 ad
3287 899 3401 936 eum
3431 899 3449 935 :
3474 882 3655 937 Transi
3703 901 3801 953 per

2212 974 2426 1034 mediam
2450 974 2696 1027 civitatem
2721 971 3024 1035 Ierusalem,
3050 983 3094 1024 et
3119 972 3185 1025 da
3208 973 3404 1043 signant
3423 989 3575 1042 super
3594 973 3796 1043 {rantes

2213 1064 2434 1118 virorum
2465 1063 2766 1134 gementium
2809 1072 2856 1116 et
2883 1062 3159 1116 dolentium
3197 1079 3348 1131 super
3375 1064 3567 1116 cunctis
3594 1064 3798 1117 abomi-

2215 1155 2518 1218 nationibus,
2551 1170 2663 1223 qaw
2705 1155 2834 1222 ﬁunt
2871 1155 2922 1206 in
2965 1153 3126 1207 medio
3155 1170 3349 1209 eorum.
3391 1153 3456 1207 Et
3485 1155 3587 1208 illis
3622 1155 3752 1209 dixit
3779 1197 3800 1222 ,

2216 1260 2308 1300 sex
2341 1246 2446 1299 illis
2472 1246 2697 1309 scilicet,
2729 1247 2816 1315 qui
2852 1245 3116 1300 habebant
3139 1260 3352 1299 secures
3373 1287 3386 1308 ,
3414 1246 3663 1300 Audiente
3688 1264 3796 1312 me,

2216 1337 2243 1390 Ι
2253 1349 2298 1392 te
2321 1339 2374 1392 in
2398 1339 2642 1391 civitatein
2667 1377 2681 1402 ,
2716 1346 2973 1408 sequentes
3017 1353 3128 1391 eum
3152 1378 3168 1401 ,
3217 1338 3462 1391 videlicet
3493 1354 3612 1391 eum
3637 1379 3653 1402 ,
3701 1341 3801 1408 qui

2217 1429 2367 1498 signa
2398 1429 2572 1498 posuit
2596 1444 2758 1497 super
2791 1428 3028 1493 frontes;
3060 1436 3103 1481 et
3131 1429 3389 1495 percutite,
3434 1437 3480 1480 et
3506 1445 3568 1481 ne
3605 1430 3805 1500 parcite

2218 1520 2376 1573 oculis
2406 1521 2591 1584 vestris,
2638 1536 2792 1589 neque
2821 1519 3153 1572 misereamini
3169 1534 3188 1572 :
3218 1535 3402 1583 senem,
3432 1519 3794 1574 adolescentu-

2219 1609 2322 1662 lum
2343 1652 2358 1674 ,
2395 1610 2656 1679 virginem,
2686 1609 2943 1679 parvulos,
2992 1618 3040 1662 et
3079 1609 3312 1662 mulieres
3343 1609 3603 1677 interﬁcite
3634 1626 3800 1680 usque

2220 1702 2286 1756 ad
2315 1703 2720 1756 internecionem.
2754 1702 2833 1754 Ad
2862 1717 3032 1755 omnes
3067 1711 3254 1766 autem,
3302 1718 3452 1771 super
3475 1718 3596 1770 quos
3624 1712 3695 1754 est
3720 1702 3800 1754 si-

2221 1813 2396 1868 gnam,
2426 1812 2490 1850 ne
2513 1796 2752 1861 accedite,
2781 1804 2827 1850 et
2852 1811 2882 1847 a
2907 1794 3090 1848 sanctis
3118 1794 3238 1847 meis
3266 1793 3486 1863 incipite.
3529 1791 3802 1862 Cmperuut

2221 1906 2337 1958 ergo
2384 1905 2416 1942 a
2457 1887 2574 1940 viris
2620 1885 2932 1948 senioribus,
2981 1885 3065 1954 qui
3111 1893 3251 1938 erant
3283 1889 3336 1938 in
3385 1884 3533 1938 domo
3585 1882 3803 1938 Domini

2223 1978 2433 2053 (Ezech.
2479 1978 2533 2034 9.
2567 1977 2718 2049 1-6).
2748 1977 2803 2031 Si
2830 1977 2946 2046 quis
2989 1985 3165 2030 autem
3193 1983 3338 2046 putet
3368 1977 3479 2030 hsce
3505 1975 3571 2030 de
3599 1975 3804 2048 Iudaeis

2225 2081 2424 2126 tantum
2449 2069 2685 2140 praedici,
2718 2070 2761 2124 is
2784 2067 3084 2123 Servatoris
3108 2067 3394 2122 adventum
3419 2066 3628 2121 videtur
3650 2066 3811 2138 igno-

2229 2177 2348 2216 rare
2375 2180 2385 2214 :
2413 2176 2516 2214 non
2544 2159 2686 2215 enim
2715 2169 2837 2212 ante
2875 2157 3231 2227 captivitatem
3257 2156 3553 2212 sacerdotio
3589 2156 3809 2212 functus

2223 2261 2305 2306 est
2337 2249 2603 2305 Ezechiel.
2630 2249 2815 2303 Adhuc
2837 2249 2976 2302 enim
3010 2262 3140 2316 puer
3177 2246 3461 2302 admodum
3506 2262 3629 2300 cum
3657 2248 3810 2304 tribu

2226 2341 2350 2397 Levi
2376 2341 2428 2395 in
2457 2339 2808 2410 captivitatem
2840 2338 3096 2392 abductus
3125 2347 3245 2401 est;
3282 2353 3375 2406 per
3398 2336 3489 2392 Dei
3515 2338 3804 2406 dispensa-

2227 2434 2420 2488 tionem
2441 2431 2706 2501 trigesimo
2731 2445 2872 2483 anno
2896 2429 3098 2484 visione
3118 2427 3408 2482 futurorum
3431 2428 3619 2498 dignus
3645 2427 3810 2482 habi-

2227 2532 2308 2578 tus
2337 2531 2415 2578 est
2438 2565 2452 2589 ,
2494 2521 2744 2576 sacerdos
2771 2521 2822 2574 in
2849 2520 2958 2590 ipsa
2989 2520 3318 2590 captivitate,
3350 2529 3406 2574 ut
3437 2520 3549 2590 ipse
3575 2529 3759 2574 narrat
3787 2537 3806 2576 :

2227 2615 2294 2669 Et
2315 2619 2506 2686 factum
2535 2623 2605 2667 est
2627 2614 2677 2666 in
2700 2613 2951 2682 trigesimo
2971 2628 3126 2676 anno,
3151 2612 3201 2664 in
3226 2627 3391 2665 mense
3409 2621 3608 2682 quarto,
3629 2611 3811 2680 quinta

2226 2707 2407 2760 mensis
2423 2721 2441 2758 :
2466 2713 2509 2758 et
2531 2720 2621 2775 ego
2645 2721 2781 2758 erant
2802 2704 2855 2756 in
2884 2704 3046 2756 medio
3071 2703 3374 2773 captiritatis
3399 2719 3549 2774 super
3595 2703 3812 2772 ﬂuvium

2227 2795 2426 2851 Chobar
2451 2795 2670 2867 (Ezech.
2707 2797 2754 2849 l.
2789 2792 2890 2864 l):
2924 2803 2979 2849 et
3006 2808 3189 2847 rursus
3218 2793 3373 2862 paulo
3415 2801 3565 2862 post:
3614 2790 3815 2848 Factus

2227 2895 2296 2940 est
2323 2902 2484 2941 sermo
2501 2885 2707 2938 Domini
2734 2886 2802 2937 ad
2826 2883 3160 2948 Ezechielem,
3193 2883 3353 2952 ﬁlium
3382 2881 3530 2946 Bazi,
3562 2881 3809 2936 sacerdo-

2228 2988 2326 3032 tem
2345 2979 2398 3032 in
2417 2988 2550 3030 terra
2567 2977 2918 3031 Chaldaeorum
2940 2977 3006 3029 ad
3027 2977 3213 3045 [tamen
3231 2973 3430 3030 Chobar
3456 2973 3619 3042 (Ibid.
3648 2989 3700 3028 ι’.
3719 2973 3807 3042 5).

2227 3069 2281 3125 Si
2313 3071 2431 3138 quis
2455 3078 2629 3122 autem
2662 3067 2784 3121 hinc
2813 3068 2862 3120 in
2895 3066 3164 3134 angustias
3189 3064 3456 3127 redactus,
3487 3062 3680 3117 dixerit
3705 3076 3813 3116 no-

2229 3161 2308 3215 bis
2329 3160 2488 3214 :Cum
2509 3160 2834 3228 praecesserit
2859 3159 3123 3221 Servatur,
3154 3157 3306 3226 quiet
3331 3156 3506 3211 crucis
3520 3156 3726 3225 signum
3757 3155 3816 3210 in

2229 3250 2399 3305 fronte
2414 3249 2572 3312 dedit,
2600 3264 2762 3318 quare
2780 3247 3056 3301 advenisse
3079 3246 3310 3301 creditus
3326 3260 3430 3299 non
3454 3255 3536 3299 est
3557 3245 3819 3299 Servator

2231 3343 2319 3411 qui
2356 3341 2678 3409 Vespasiano
2716 3338 2968 3392 Roinanis
2997 3337 3318 3405 imperante,
3348 3334 3546 3390 delevit
3578 3333 3818 3402 quadra-

2228 3434 2432 3502 gesimo
2459 3440 2576 3501 post
2599 3447 2737 3484 anno
2765 3443 3107 3500 synagogam,
3135 3442 3252 3496 qua:
3279 3426 3454 3495 iniqua
3477 3423 3820 3495 patraverat?

2229 3521 2555 3590 suscepimus
2574 3520 2788 3590 quidem
2811 3519 2906 3572 ista
2929 3517 3244 3572 sentientem
3271 3557 3284 3578 ,
3319 3515 3490 3584 ipsum
3535 3524 3715 3569 autem
3748 3522 3814 3568 ut

2229 3612 2354 3666 novi
2399 3611 2721 3665 Tcstamenti
2745 3610 2948 3676 lilium,
2993 3622 3244 3672 oramus,
3276 3616 3332 3660 ut
3379 3605 3535 3658 fidem
3583 3604 3821 3659 habeant

2229 3704 2392 3758 l’aulo
2419 3703 2599 3758 talium
2623 3703 2892 3772 magistro,
2917 3701 3003 3770 qui
3031 3699 3097 3755 de
3117 3699 3363 3754 omnibus
3381 3697 3640 3767 ejusmodi
3664 3697 3822 3751 lilris

2230 3795 2388 3849 dicit:
2425 3793 2550 3848 Ilazc
2581 3803 2746 3847 autent
2789 3794 2839 3846 in
2869 3794 3033 3863 ﬁgura
3072 3791 3420 3859 contingebant
3446 3789 3584 3853 illis;
3623 3789 3821 3854 scripta

2231 3901 2341 3938 vero
2363 3892 2476 3937 sunt
2501 3883 2569 3936 ad
2595 3884 2958 3951 cerreptionem
2987 3891 3228 3942 nostram,
3262 3881 3312 3933 in
3334 3885 3458 3949 quos
3488 3881 3614 3947 fines
3642 3895 3814 3932 sa'ca—

2208 3971 2405 4028 .lorum
2457 3971 2769 4028 devenerant
2813 3973 2885 4045 (l.
2910 3972 3028 4026 Cor.
3063 3971 3150 4025 10.
3182 3968 3291 4041 1-1).
3322 3969 3444 4024 11ωο
3470 3979 3642 4023 autem
3671 3969 3820 4051 dico,

2231 4078 2560 4133 nequaquam
2584 4076 2895 4132 apprecans,
2925 4071 2981 4115 ut
2999 4061 3204 4132 gladius
3225 4059 3430 4114 ferreus
3452 4060 3631 4114 veniat
3649 4072 3820 4128 super

2231 4157 2474 4210 inimicos
2505 4155 2616 4219 Dei,
2643 4155 2801 4209 absit.
2836 4153 3016 4222 Neque
3044 4153 3184 4208 enim
3213 4152 3279 4207 de
3307 4152 3482 4222 gladio
3528 4152 3706 4206 ferreo
3733 4152 3818 4228 lo-

2232 4247 2410 4315 quitur
2434 4245 2710 4315 propheta,
2735 4244 2824 4298 sed
2848 4243 2912 4296 de
2937 4244 3040 4296 alia
3070 4243 3294 4312 quadam
3315 4243 3575 4312 punitrice
3597 4241 3818 4309 virtute,

2234 4338 2301 4392 dc
2327 4353 2428 4406 qua
2455 4335 2702 4390 Ezechiel
2724 4335 2876 4388 dicit:
2909 4332 3067 4388 Terra
3095 4350 3243 4404 super
3287 4351 3435 4403 quam
3473 4333 3700 4404 gladium
3729 4333 3819 4386 in-

2234 4431 2417 4484 ducam
2465 4429 2736 4500 (inducam
2781 4445 2906 4482 vero
2947 4428 2998 4482 id
3024 4435 3106 4482 est
3136 4427 3493 4496 permittam),
3540 4434 3585 4480 et
3631 4425 3822 4494 ceperit

2235 4523 2452 4592 populus
2473 4531 2617 4575 terra:
2642 4523 2799 4574 virum
2828 4537 3004 4584 unum,
3026 4530 3072 4574 et
3099 4528 3284 4589 ponent
3307 4518 3400 4572 sibi
3427 4517 3814 4588 speculatorem,

2235 4626 2280 4670 et
2303 4616 2474 4668 viderit
2495 4613 2777 4685 speculator
2803 4612 3028 4682 gladium
3049 4613 3340 4676 uenientem,
3365 4618 3412 4663 et
3433 4609 3548 4662 tuba
3571 4608 3815 4671 senuerit,

2235 4718 2282 4762 et
2307 4709 2505 4778 signum
2529 4706 2720 4760 dederit
2746 4705 2930 4776 papula
2954 4744 2967 4766 .
3011 4713 3159 4767 atque
3197 4702 3411 4756 audierit
3451 4700 3536 4764 qui
3563 4698 3737 4758 audit.
3768 4706 3819 4750 et

2235 4814 2334 4852 non
2351 4797 2552 4861 caverit;
2568 4796 2762 4850 veniens
2779 4807 2942 4848 autem
2965 4794 3164 4864 gladius
3177 4789 3556 4862 apprehenderit
3576 4787 3818 4857 aliquem:

2238 4890 2531 4958 sanguinem
2559 4889 2669 4956 ejus
2705 4887 2766 4940 ab
2786 4903 2843 4940 eo
2867 4887 3137 4952 requiram,
3165 4885 3282 4952 quia
3308 4899 3406 4936 non
3434 4879 3623 4934 audit-it
3649 4895 3816 4932 vocem

2237 4980 2384 5032 iubar.
2417 4979 2483 5032 Et
2517 4993 2733 5032 rursus:
2767 4976 2826 5031 Si
2851 4986 3016 5029 autem
3035 4976 3316 5040 speculator
3345 4971 3516 5025 viderit
3542 4969 3817 5026 venientem

2236 5072 2480 5142 gladium,
2497 5080 2542 5123 et
2562 5070 2676 5122 tuba
2692 5086 2788 5122 non
2805 5068 3056 5131 cecinerit,
3072 5083 3229 5136 neque
3243 5065 3428 5131 populo
3443 5061 3819 5132 signiﬁcaverit;

2238 5163 2436 5216 veniens
2466 5170 2632 5212 autem
2671 5159 2872 5229 gladius
2910 5157 3298 5228 apprehenderit
3330 5156 3581 5224 aliquem:
3610 5151 3818 5220 sangui-

2240 5269 2349 5306 nem
2378 5252 2486 5320 ejus
2512 5252 2574 5304 de
2602 5267 2751 5303 manu
2779 5248 3105 5318 speculatoris
3136 5247 3389 5316 requiram
3413 5287 3426 5308 ,
3451 5243 3568 5312 quia
3596 5258 3710 5295 cam
3747 5240 3820 5292 ri-

2240 5343 2377 5396 deret
2426 5341 2689 5411 gladium,
2741 5339 2856 5391 tnba
2887 5355 2986 5392 non
3039 5338 3217 5391 cecinit
3260 5334 3485 5405 (Ezech.
3536 5334 3624 5387 55.
3651 5330 3756 5385 2-6
3774 5331 3814 5398 ).

2242 5430 2518 5501 Ejusmodi
2550 5430 2837 5498 periculum
2866 5469 2880 5494 ,
2928 5443 3260 5496 nequaquam
3288 5425 3560 5479 dormiens
3591 5421 3816 5478 iulideli-

2243 5521 2363 5576 tatis
2401 5536 2610 5585 somno,
2657 5535 2829 5588 neque
2876 5519 3160 5589 voluptatis
3191 5517 3396 5587 pigritia
3421 5517 3604 5587 piger,
3635 5514 3820 5568 beatus

2238 5611 2470 5670 Ioatuies
2489 5619 2610 5665 ante
2626 5610 2810 5664 oculos
2834 5608 3053 5672 habens,
3085 5608 3240 5662 altius
3267 5608 3388 5662 tuba
3411 5604 3692 5668 clamabat,
3714 5619 3819 5656 non

2241 5703 2522 5758 obscurum
2553 5700 2714 5760 edens
2742 5714 2949 5769 sonum,
2983 5697 3074 5753 sed
3103 5709 3338 5769 apertam
3365 5698 3518 5766 plane
3540 5693 3821 5767 scientiam
