4110 6148
215 291 290 350 63
1251 297 1336 354 οε
1374 301 1535 358 VITA
1574 303 1631 360 S.
1671 304 1955 364 JOANNIS
1991 306 2500 366 CIIRYSOSTOML
3428 313 3496 368 64

216 410 441 490 ρεμίας,
470 410 789 481 ὀὸάκρυσιν
840 409 1234 481 ὀλοφυρόμενος
1258 412 1365 465 τῶν
1400 414 1674 484 ἀρχόντων
1715 417 1809 470 καὶ

212 497 329 553 τῶν
359 495 553 567 ίιρέων
583 494 683 563 τὴν
717 494 997 556 ἀπιστίαν,
1045 494 1335 563 ἐπιλέγων·
1372 497 1459 562 Τίς
1494 495 1671 552 δώσει
1692 517 1809 567 μου

210 578 295 649 τῇ
326 575 568 648 κεφαλῇ
596 577 776 643 ὕδωρ,
822 577 920 630 καὶ
953 578 1280 646 ὀφθαλμοῖς
1304 594 1423 647 μου
1474 579 1670 648 πηγὰς
1721 580 1817 634 διι-

212 662 457 731 κρύων;
490 661 584 714 καὶ
623 661 967 728 κλαύσομαι
1009 659 1116 714 τὸν
1140 662 1293 715 λαόν
1310 678 1430 731 μου
1459 661 1685 731 ἡμέρας
1712 666 1811 719 καὶ

212 746 466 811 ⁴νυκτός-
498 743 680 806 πάλιν,
718 745 817 807 Τίς
838 741 1017 797 δώσει
1035 760 1137 813 μοι
1164 745 1432 814 σταθμὸν
1462 746 1726 815 ἔσχατον
1750 748 1808 800 ἐν

216 827 297 897 τῇ
320 826 553 895 ἐρήμφ;
589 824 695 878 καί
721 825 1066 893 καταλείψω
1086 826 1190 879 τὸν
1211 828 1366 881 λαόν
1384 844 1526 897 μου,
1579 830 1678 882 καί
1708 831 1816 884 ἀπο

222 911 557 978 ἐλεύσομαι
591 908 695 962 ἀπ’
733 906 954 973 αὐτῶν,
1008 907 1160 962 διότι
1211 908 1433 975 πάντες
1466 911 1812 980 μοιχῶνταν

225 993 445 1049 σύνοδον
463 989 810 1045 ἀθετούντων
839 991 933 1045 τὸν
968 990 1225 1058 σύλλογον
1249 992 1530 1064 ὀνομάζων
1554 995 1661 1064 τῶν
1682 995 1816 1065 ψευ-

217 1073 581 1146 δοπροφητῶν
611 1075 704 1126 καὶ
751 1074 960 1145 ίερέων·
990 1074 1067 1137 ὡς
1105 1074 1201 1128 καὶ
1230 1073 1463 1147 ἀλλαχοῦ
1504 1081 1817 1147 προσφωνεῖ

217 1159 299 1229 τῷ
338 1157 482 1228 θεῷ,
535 1157 637 1228 οὐχ
686 1158 763 1221 ὡς
817 1156 978 1212 αὐτοῦ
1018 1156 1358 1223 ἀγνοοῦντος,
1400 1159 1513 1212 ἀλλ’
1541 1160 1616 1223 ὡς
1659 1159 1814 1231 ἡμῶν

218 1240 544 1310 ὀφειλόντων
576 1241 887 1311 μιμεῖσθαι·
956 1242 1153 1310 Κύριε,
1190 1243 1242 1296 εί
1278 1240 1529 1297 ἐκάθισα
1559 1244 1630 1297 ἐν
1662 1260 1812 1297 συν-

218 1323 394 1393 εδρίῳ
447 1323 652 1377 αὐτῶν
700 1322 1045 1387 παιᾷῖντων,
1082 1324 1220 1379 ἀλλ’
1256 1327 1638 1395 εὐλαϐούμην
1695 1325 1811 1380 ἀπὸ

217 1409 551 1476 προσώπου
579 1424 719 1462 σου’
753 1409 1090 1476 καταμόνας
1110 1408 1438 1477 ἐκαθήμην,
1463 1409 1549 1463 δτι
1574 1411 1814 1479 πικριάς

217 1491 631 1559 ἐνεπλήσθην.
667 1492 883 1563 Συνῳδα
945 1491 1003 1545 δὲ
1061 1491 1275 1556 τούτοις
1329 1493 1421 1546 καὶ
1472 1493 1653 1560 Δαυῒδ,
1691 1498 1812 1549 Οὐκ

214 1577 476 1631 ἐκάθισα
490 1578 641 1644 μετὰ
664 1575 987 1643 συνεδρίου
1011 1576 1427 1644 ματαιότητος,
1458 1577 1651 1646 λέγων,
1714 1579 1813 1633 καί

216 1661 370 1729 μετὰ
393 1659 995 1727 παρανομούντωνού
1025 1656 1111 1727 μὴ
1142 1658 1410 1712 εισέλθω·
1436 1659 1531 1713 καὶ
1561 1661 1812 1733 ἐπιφέρει

221 1740 561 1814 σαφηνίζωψ
592 1740 888 1810 Ἑμίσησα
919 1741 1258 1809 ἐκκλησίαν
1295 1743 1809 1811 πονηρευομένων,

218 1827 317 1879 καὶ
342 1824 501 1895 μετὰ
526 1823 762 1880 ἀσεϐῶν
782 1826 854 1879 οὐ
870 1824 955 1894 μὴ
974 1824 1222 1879 καθίσω·
1240 1825 1487 1894 νίψομαι
1510 1825 1581 1879 ἐν
1603 1825 1813 1892 ἀθώοις

218 1910 328 1974 τὰς
360 1906 568 1976 χεῖράς
615 1925 760 1977 μου,
789 1907 885 1971 τὰς
916 1907 1226 1979 πρακτικὰς
1253 1907 1529 1979 δυνάμεις,
1563 1908 1662 1963 καὶ
1707 1925 1813 1964 κυ-

215 1992 442 2045 κλώσω
473 1989 542 2043 τὸ
574 1987 1016 2057 θυσιαστήριόν
1046 2004 1187 2055 σου,
1217 1990 1489 2058 Κύριε.οί
1517 1990 1572 2045 δὲ
1596 1989 1812 2045 ἔλαττον

221 2073 613 2142 φροντίσαντες
664 2070 758 2125 τοῦ
825 2069 1231 2143 θυσιαστηρίου,
1273 2073 1366 2125 καὶ
1425 2073 1607 2137 δόντες
1660 2073 1811 2144 αὐτῷ

219 2155 369 2208 νῶτα
398 2155 461 2208 οὐ
488 2153 744 2227 προθέσει
769 2152 886 2208 ἀλλ’
933 2148 966 2229 ᾗ
1003 2153 1228 2224 βιοῦσιν,
1269 2154 1329 2207 ού
1373 2155 1534 2226 μόνον
1566 2155 1811 2220 ἀνίπτοις

218 2238 381 2309 χερσὶ
409 2237 510 2291 καὶ
561 2237 933 2309 ᾑμαγμέναις,
979 2237 1293 2310 δωροδοκία,
1349 2237 1665 2309 δωροληψίᾳ
1718 2239 1813 2292 καὶ

216 2321 624 2393 ψευδογραφίᾳ,
660 2321 797 2374 ἀλλὰ
829 2321 923 2375 καὶ
951 2321 1369 2392 πεπηλωμένοις
1415 2323 1540 2375 ποσὶ
1575 2322 1675 2387 λὰξ
1704 2340 1809 2375 πα-

222 2404 474 2469 τοῦντες·
502 2407 630 2478 περὶ
664 2401 740 2459 ὧν
762 2405 1130 2476 αἰνιττόμενος
1167 2407 1195 2458 ὀ
1228 2406 1512 2478 προφήτης
1554 2405 1812 2479 Ἰεζεκιήλ

224 2506 410 2561 φησιν·
459 2488 767 2557 Είσήγαγέ
810 2504 887 2557 με
913 2488 1013 2541 ἐπὶ
1058 2488 1129 2543 τὰ
1151 2488 1418 2556 πρόθιφα
1451 2487 1561 2557 τῆς
1589 2488 1810 2556 αὐλῆς,

224 2570 325 2625 καί
348 2566 540 2631 εἶδον.
572 2569 671 2624 καὶ
702 2568 831 2624 ιδοὺ
855 2570 974 2638 ὀπὴ
995 2571 1105 2639 μία
1127 2570 1196 2624 ὲν
1214 2569 1295 2636 τῷ
1320 2570 1517 2639 τοίχῳ.
1550 2571 1658 2626 Kal
1683 2569 1815 2627 εἶπε

225 2656 376 2724 πρῦς
399 2653 502 2723 μέ⁶
537 2652 842 2720 Διόρυξον,
887 2654 980 2706 υίέ
1015 2652 1348 2722 ἀνθρώπου.
1380 2655 1489 2709 Kal
1532 2653 1810 2722 διώρυξα,

223 2736 323 2789 καὶ
367 2732 558 2799 εἶδον,
602 2734 700 2789 καί
744 2735 872 2789 ίδοὺ
920 2736 1069 2804 θύρα
1089 2737 1216 2805 μία.
1247 2735 1354 2790 Kal
1381 2732 1511 2791 εἷπε
1542 2737 1690 2805 πρὸς
1710 2737 1809 2807 μέ’

222 2819 503 2883 Ετσελθε,
540 2817 637 2871 καί
678 2817 768 2871 ιδε
797 2818 906 2885 τὰς
950 2818 1203 2887 ἀνομίας
1251 2818 1359 2885 τὰς
1401 2827 1689 2888 πονηρὰς,
1742 2821 1815 2887 «lc

225 2902 514 2956 ποιοῦσιν
558 2896 694 2957 ὧδε.
752 2902 861 2956 Kal
920 2902 1254 2970 εἰσῆλθον,
1306 2903 1404 2957 καί
1458 2904 1588 2958 ίδοὺ
1646 2903 1815 2958 πᾶσα

224 2987 511 3056 ὁμοίωσις
535 2986 787 3054 ἑρπετοῦ
810 2986 908 3040 καί
927 2986 1209 3055 κτήνους,
1235 2988 1331 3041 καί
1361 2987 1580 3041 είδωλα
1594 2987 1816 3057 μάταια

219 3068 633 3138 βδελύγματα.
670 3069 781 3123 Kal
805 3069 937 3123 εἶπέ
968 3087 1088 3139 μοι·
1137 3069 1453 3138 Ἑώρακας,
1482 3071 1574 3125 υἱὲ
1596 3072 1805 3139 ἀνθρώ-

225 3167 366 3215 που,
394 3151 435 3205 ἁ
456 3152 743 3206 ποιοῦσιν
768 3155 820 3205 οι
849 3154 1237 3221 πρεσϐύτεροι
1264 3153 1436 3207 οἴκου
1473 3153 1718 3221 Ἰσραὴλ
1746 3154 1816 3207 ἐν

226 3233 525 3299 σκοτεινῷ
547 3234 619 3287 ἐν
649 3235 730 3301 τῷ
755 3235 1011 3302 κοιτῶνι,
1038 3236 1218 3289 αὐτῶν
1251 3232 1488 3291 διᾶνοιαν
1518 3237 1816 3307 αἰνιττόμε-

224 3334 337 3381 νος.
355 3317 512 3370 Διότι
539 3312 737 3371 εἶπον·
758 3320 880 3387 Οὐχ
905 3318 1014 3388 ὁρᾷ
1046 3320 1258 3386 Κύριος
1281 3317 1461 3389 ἡμᾶς,
1499 3319 1809 3391 ἐγκαταλέ

224 3404 405 3454 λοιπε
463 3402 682 3468 Κύριος
729 3400 846 3470 τὴν
874 3401 1009 3471 γῆν.
1061 3402 1172 3456 Καὶ
1200 3399 1332 3456 εἷπε
1373 3401 1525 3471 πρὸς
1569 3401 1660 3472 μέ·
1688 3403 1817 3457 Ἔτι

225 3483 367 3552 ὄψει
418 3483 672 3552 ἀνομίας
717 3482 1014 3551 μείζονας,
1075 3482 1149 3551 ἀς
1185 3481 1350 3541 οὗτοι
1402 3484 1664 3541 ποιοῦσι.
1706 3484 1817 3541 Kal

220 3564 520 3635 σισήτατέ
552 3582 630 3634 με
658 3569 745 3632 είς
768 3566 975 3635 ἕτερον
999 3568 1205 3633 τόπον,
1236 3568 1335 3622 καί
1364 3567 1555 3633 ἔδειξέ
1578 3584 1699 3638 μοι·
1720 3567 1818 3623 καὶ

224 3648 363 3703 ίδοὺ
384 3647 516 3703 ἐκεῖ
526 3648 810 3717 γυναῖκες
830 3648 1157 3719 καθήμεναι
1179 3651 1499 3705 κλαίουσαι
1520 3650 1637 3719 τὴν
1667 3653 1819 3722 Θαμ-

224 3729 390 3793 ϐούζ.
431 3732 543 3785 Καὶ
567 3732 747 3785 πάλιν*
784 3731 1086 3803 Εὶσήγαγέ
1125 3750 1204 3802 με
1238 3735 1327 3801 είς
1353 3733 1460 3787 τὸν
1488 3730 1660 3788 οἷκον
1697 3738 1816 3789 Κυ-

220 3817 365 3884 ρίου
384 3814 493 3869 τόν
513 3814 831 3883 ἐσώτερονο
848 3816 947 3870 καί
973 3815 1101 3871 ίδοὺ
1126 3816 1256 3870 ἐκεῖ
1266 3817 1461 3871 εἴκοσι
1478 3817 1575 3870 καί
1594 3820 1818 3872 τέσσα-

221 3915 335 3968 ρες
384 3900 799 3968 πρεσϐύτεροι,
852 3897 951 3952 καί
996 3899 1070 3953 τὰ
1117 3900 1412 3966 πρόσωπα
1488 3900 1687 3955 αὐτῶν
1730 3901 1820 3956 δι-

223 3979 632 4050 εστραμμένα,
651 3981 751 4036 καί
768 3980 928 4036 νῶτα
941 3980 1139 4036 αὐτῶν
1151 3981 1249 4035 ἐπὶ
1273 3982 1340 4036 τὸ
1366 3983 1816 4051 θυσιαστήριον.

229 4065 341 4118 Kal
381 4064 515 4117 εἷπε
570 4065 721 4133 πρὸς
769 4065 868 4134 μέ·
915 4063 1015 4132 Μὴ
1047 4063 1231 4135 μικρά
1271 4064 1478 4126 ταῦτα.
1517 4064 1557 4120 ά
1590 4068 1622 4120 ό
1656 4061 1820 4132 οἶκος

242 4147 498 4218 Ἰσραὴλ
535 4147 721 4215 ποιεῖ;
770 4146 1227 4219 Ἦναγκάτθημεν
1269 4147 1327 4201 δέ
1357 4147 1458 4219 τῆς
1484 4148 1577 4203 τοῦ
1609 4149 1822 4221 προφή-

228 4225 329 4284 του
356 4230 668 4302 περικοπῆς
721 4229 1094 4301 μνημονεῦσαι
1144 4229 1234 4284 διὰ
1260 4232 1387 4294 τοὺς
1408 4230 1823 4301 ἀφειδεστέρους

228 4313 347 4367 τῶν
371 4314 637 4386 οἰομένων
668 4308 807 4367 εἷναί
839 4330 913 4377 τι,
939 4314 1033 4367 καὶ
1067 4313 1293 4378 ἑαυτοὺς
1308 4313 1817 4387 φρεναπατούντων,

235 4399 333 4451 καὶ
359 4398 464 4468 τὴν
500 4396 959 4467 ἐκκλησιαστικὴν
988 4398 1212 4469 εἰρήνην
1243 4397 1601 4468 συγχεόντων,
1652 4395 1740 4451 διὰ
1761 4395 1823 4449 τὺ

228 4480 383 4535 νᾶντα
407 4479 593 4534 δοῦναι
632 4483 698 4552 τῇ
728 4480 822 4534 τοῦ
869 4480 1075 4552 Κυρίου
1102 4481 1368 4552 τραπέζῃ,
1409 4475 1509 4548 Οἷς
1547 4480 1614 4535 τὸ
1645 4479 1823 4549 κρῖμα

232 4564 349 4616 οὐκ
411 4560 601 4632 ἀργεῖ,
653 4562 753 4619 καί
813 4561 853 4629 ή
918 4562 1185 4616 ἀπώλεια
1238 4562 1440 4617 αὐτῶν
1487 4565 1560 4617 οὐ
1603 4560 1825 4616 νυστά-

234 4641 352 4705 Cu-
415 4646 468 4698 οἱ
532 4645 604 4700 τὰ
663 4644 883 4714 ἐπίγεια
949 4644 1312 4718 φρονοῦντες,
1372 4645 1503 4718 περὶ
1555 4639 1631 4700 ὧν
1687 4644 1821 4698 Ἰού-

234 4728 333 4794 δας
391 4730 422 4783 ὁ
479 4728 707 4799 ἁδελφὸς
749 4728 1005 4783 Ἰακώσου
1064 4727 1258 4798 φησίν·
1330 4723 1509 4783 Οὗτοί
1562 4731 1722 4782 εἰσιν
1769 4730 1823 4781 οί

236 4812 311 4866 ἐν
351 4812 484 4878 ταῖς
553 4810 811 4881 ἀγάπαις
850 4810 1018 4881 ὑμῶν
1052 4809 1351 4877 σπιλάδες
1373 4849 1390 4875 ,
1440 4811 1824 4879 συνευωχού-

231 4907 409 4962 μενοι
459 4892 715 4961 ἀφόϐως,
764 4890 1020 4956 ἑαυτοὺς
1074 4889 1516 4960 ποιμαίνοντεςο
1576 4889 1826 4959 νεφέλαι

235 4968 627 5037 ἄνυδροιιύπό
654 4968 892 5039 ἀνέμων
903 4971 1243 5040 φερόμεναι,
1267 4971 1366 5025 καί
1393 4971 1627 5041 κύματα
1652 4970 1827 5040 ἄγρια

234 5049 564 5118 θαλάσσης
620 5049 1020 5119 ἐπαφρίζοντα
1062 5052 1171 5117 τὰς
1212 5051 1442 5106 ἐαυτῶν
1490 5051 1786 5120 αίσχύνας
1807 5090 1823 5116 ,

234 5129 487 5199 ἀστέρες
521 5129 851 5199 πλανῆται,
881 5126 974 5197 οἷς
1012 5134 1045 5186 ό
1089 5130 1265 5201 ζόφος
1299 5132 1407 5187 τοῦ
1447 5132 1709 5199 σκότους
1738 5134 1827 5198 είς

234 5211 427 5264 αίῶνα
463 5210 796 5278 τετήρηται.
829 5206 909 5283 ᾞ
956 5210 1055 5282 μὶν
1089 5212 1198 5283 γὰρ
1230 5210 1490 5281 νεφέλας
1528 5210 1826 5280 ἀνύδρους

236 5287 497 5354 ἐκάλεσε,
527 5288 630 5359 τὴν
660 5287 905 5359 πονηρὰν
947 5289 1128 5344 αὐτῶν
1178 5290 1401 5361 ᾐνίξατο
1427 5289 1690 5360 χάλαζαν,
1728 5291 1825 5363 τὴν

236 5370 336 5439 τῆς
362 5368 615 5440 ἀμπέλου
663 5368 953 5423 ἀντίδικον·
1066 5369 1123 5423 δέ
1171 5369 1492 5439 πλανῆτας
1530 5371 1790 5440 ἀστέρας
1809 5412 1824 5438 ,

236 5448 298 5500 τὸ
326 5448 431 5519 τῆς
458 5447 590 5518 νηὸς
622 5447 910 5502 ἐπίϐουλον
948 5448 1260 5519 ὑπῃνίξατο
1292 5449 1413 5519 ἥτις
1438 5447 1568 5512 ναῦς
1590 5448 1684 5503 καὶ
1715 5449 1826 5520 ἀμ-

240 5528 397 5593 πελός
421 5528 576 5582 ἐστιν
594 5529 628 5599 ὴ
667 5526 983 5599 Ἐκκλησία.
1015 5529 1149 5583 Τίνα
1176 5529 1234 5584 δέ
1261 5530 1430 5595 ἐστιν,
1456 5527 1494 5584 δ.
1523 5530 1636 5592 τοῖς
1660 5531 1829 5584 τοιού-

238 5659 478 5717 ιιιιιειιιρε
496 5651 631 5703 oculi
650 5658 960 5711 emerentur.
989 5651 1033 5703 si
1055 5651 1107 5703 in
1138 5651 1473 5705 οαειίηιοηίιιυι
1507 5651 1823 5717 peccauerim,

239 5714 284 5760 Id
306 5721 403 5773 est,
431 5720 490 5763 ut
513 5714 683 5777 pglius
722 5720 1027 5777 emerentur
1048 5715 1179 5765 oculi
1224 5729 1371 5777 quam
1396 5718 1445 5766 In
1487 5713 1822 5777 caglimoniam

242 5774 527 5844 gerat-901.:
553 5774 703 5823 Forte
727 5776 1146 5844 τερροχίιιιυτιοτ
1164 5777 1224 5825 ad
1242 5774 1395 5829 ’τρι-ιη
1420 5778 1504 5829 illa
1530 5776 1821 5842 Evangelii:

228 5835 296 5887 '31"
315 5836 488 5887 oculus
510 5841 625 5887 tum
642 5835 943 5889 stanaalizel
962 5842 1023 5901 le,
1035 5850 1153 5891 erue
1168 5849 1297 5889 eum.

1915 435 2029 482 τοις
2062 420 2249 487 ἕψεται
2282 418 2341 483 ἐξ
2379 419 2660 486 ἀνάγκηςς
2722 419 2985 474 ’Ἄκουσον
3014 422 3176 477 πάλιν
3207 424 3299 476 τοῦ
3332 422 3499 479 αὐτοῦ

1916 500 2273 571 διηγουμένου
2317 501 2596 571 προφήτου
2655 500 2942 574 Ἰεζεκιήλ·
2983 505 3092 558 Kal
3146 506 3339 571 ἕδειζέ
3372 524 3496 577 μοι,

1916 584 2016 636 καί
2053 582 2185 637 ίδοὺ
2234 581 2452 650 ἄνδρες
2498 582 2826 652 ἐξήρχοντο
2879 587 2998 641 ἀπὸ
3045 587 3154 656 τῆς
3195 589 3338 643 ὁδοῦ
3386 591 3497 660 τῆς

1914 668 2117 732 πύλης
2145 663 2255 731 τῆς
2278 663 2530 732 ὑψηλῆς
2553 664 2664 732 τῆς
2678 666 3037 737 ,βλεπούσης
3068 670 3220 738 πρὸς
3240 672 3494 741 βορρᾶν,

1914 751 2009 802 καί
2044 748 2305 802 ἑκάστου
2336 745 2531 811 πέλυξ
2559 747 2628 801 ὲν
2661 746 2734 817 τῇ
2770 751 2923 817 χειρὶ
2957 754 3164 807 αὑτοῦ.
3202 756 3309 808 Kal
3343 757 3496 825 ἀνὴρ

1912 827 2000 897 εἵς
2030 831 2100 885 ἐν
2121 829 2289 900 μέσῳ
2320 829 2537 895 αὐτῶν,
2567 829 2901 897 ἐνδεδυκὼς
2924 835 3178 903 ποδήρη,
3220 840 3315 893 καί
3346 839 3495 907 ζώνη

1914 915 2252 984 σαπφείρου
2277 913 2374 966 ἐπὶ
2406 911 2518 980 τῆς
2548 914 2780 983 ὀσφύος
2804 916 3012 971 αὐτοῦ.
3039 920 3147 972 Kal
3179 920 3492 990 είσῆλθον,

1914 998 2013 1052 καὶ
2041 998 2315 1065 ἔστησαν
2335 996 2607 1065 ἐχόμενοι
2632 997 2737 1051 τοῦ
2766 1001 3200 1068 θυσιαστηρίου
3223 1003 3331 1057 τοῦ
3358 1010 3499 1072 χαλ-

1914 1080 2024 1134 κοῦ
2046 1097 2060 1110 ·
2087 1081 2185 1133 καὶ
2211 1082 2246 1149 ἡ
2270 1079 2418 1143 δόξα
2438 1079 2544 1133 τοῦ
2573 1080 2720 1134 Θεοῦ
2758 1080 2997 1149 Ἰσραὴλ
3020 1083 3204 1151 ἀνέϐη
3237 1083 3355 1138 ἀπὸ
3377 1086 3499 1141 τῶν

1918 1166 2218 1233 κερουϐὶμ,
2258 1163 2296 1231 ἠ
2333 1159 2493 1216 οὖσα
2522 1161 2613 1216 ἐπ’
2647 1163 2848 1216 αὐτῶν
2877 1166 2965 1231 εἰς
3003 1166 3070 1219 τὸ
3111 1166 3343 1233 αίθριον
3388 1169 3496 1224 τοῦ

1914 1247 2105 1300 οἴκου.
2137 1247 2189 1296 Κ
2214 1245 2251 1297 Il
2288 1242 2550 1298 ἐκάλεσε
2591 1245 2696 1299 τέν
2724 1244 2912 1314 ἄνδρα
2954 1246 3061 1300 τὸν
3100 1248 3499 1319 ἐνδεδιψένον

1914 1329 2024 1383 τόν
2044 1327 2296 1394 ποδήρη,
2331 1327 2399 1393 ὃς
2428 1324 2594 1398 εἶχεν
2622 1328 2720 1382 ἐπὶ
2758 1329 2869 1399 τῆς
2906 1332 3137 1400 ὀσφύος
3162 1334 3351 1388 αὐτοῦ
3384 1333 3499 1402 τὴν

1915 1412 2121 1480 ζώνην.
2169 1412 2277 1466 Kal
2315 1408 2443 1465 εἷπε
2482 1413 2691 1479 Κύριος
2716 1412 2866 1481 πρὸς
2905 1415 3112 1467 αὐτόν·
3152 1416 3357 1471 Δίελθε
3392 1416 3497 1486 μέ-

1913 1511 2036 1563 σην
2064 1494 2180 1561 τὴν
2216 1497 2399 1549 πόλιν
2428 1495 2543 1564 τὴν
2581 1495 3001 1566 Ἰερουσαλὴμ,
3033 1495 3129 1551 καί
3155 1498 3261 1566 δὸς
3286 1498 3354 1551 τὸ
3380 1515 3496 1566 ση-

1908 1579 2081 1648 μεῖον
2116 1577 2215 1631 ἐπὶ
2259 1579 2333 1632 τὰ
2365 1577 2607 1648 μέτωπα
2644 1576 2763 1632 τῶν
2789 1578 3027 1647 ἀνδρῶν
3056 1578 3175 1633 τῶν
3203 1598 3497 1635 καταστε-

1913 1660 2210 1722 ναζόντων
2262 1660 2362 1717 καί
2400 1661 2906 1731 κατοδυνωμένων
2951 1661 3051 1716 ἐπὶ
3096 1662 3321 1730 πάσαις
3365 1664 3498 1731 ταῖς

1914 1745 2187 1813 ἀνομίαις
2233 1742 2365 1808 ταῖς
2411 1744 2752 1812 γινομέναις
2789 1743 2861 1797 ἐν
2889 1743 3060 1814 μέσῳ
3112 1744 3331 1803 αὐτῶν.
3386 1747 3496 1801 Kal

1913 1826 2118 1893 αὐτοῖς
2142 1826 2292 1891 εἷπε,
2331 1824 2531 1897 δηλαδὴ
2565 1829 2675 1890 τοῖς
2706 1825 2763 1894 ἐξ
2811 1830 2924 1892 τοῖς
2963 1827 3144 1899 ἔχουσι
3172 1829 3298 1892 τοὺς
3328 1828 3497 1882 πέλυ-

1913 1924 2037 1976 κας,
2077 1909 2406 1974 ἀκούοντός
2446 1925 2598 1977 μου·
2642 1911 2977 1976 Πορεύεσθε
3025 1914 3106 1977 είς
3157 1910 3277 1979 τὴν
3319 1913 3499 1965 πόλιν

1913 1994 2107 2047 ὀπίσω
2132 1990 2353 2053 αὐτοῦ,
2390 1990 2593 2061 δηλαδὴ
2644 1989 2738 2044 τοῦ
2781 1992 2848 2045 τὰ
2883 1996 3082 2063 σημεῖα
3121 1993 3360 2058 τιθέντος
3404 1994 3496 2047 ἐπὶ

1912 2076 2021 2129 τῶν
2048 2074 2334 2146 μετώπων,
2362 2073 2460 2126 καί
2487 2074 2736 2128 κόπτετε
2754 2118 2766 2139 ,
2803 2074 2900 2127 καί
2932 2074 3019 2144 μὴ
3052 2077 3350 2145 φείσησθε
3371 2076 3497 2141 τοῖς

1914 2156 2244 2228 ὀφθαλμοῖς
2268 2155 2459 2226 ὑμῶν,
2493 2157 2592 2209 καί
2613 2156 2699 2226 μὴ
2726 2156 3023 2225 ἐλεήσητε
3041 2175 3057 2190 ·
3088 2160 3499 2229 πρεσϐύτερον

1912 2241 2010 2295 καὶ
2049 2241 2379 2302 νεανίσκον
2419 2239 2518 2294 καί
2560 2241 2863 2307 παρθένον
2901 2241 2999 2294 καὶ
3031 2242 3221 2310 νήπια
3259 2242 3357 2296 καί
3401 2259 3497 2310 γυ-

1912 2325 2124 2389 ναῖκας
2152 2323 2548 2378 ἀποκτείνατε
2576 2325 2663 2389 είς
2693 2322 3030 2393 ἐξάλειψιν.
3075 2324 3206 2378 Ἐπί
3247 2322 3316 2378 δέ
3347 2324 3498 2376 πάνυ

1912 2426 2040 2475 τας,
2072 2409 2166 2476 ἐφ’
2221 2407 2333 2474 οὕς
2365 2408 2497 2461 ἐστι
2530 2406 2597 2460 τὸ
2642 2406 2913 2476 σημεῖον,
2946 2407 3033 2476 μὴ
3063 2408 3366 2477 έγγίσητε,
3394 2408 3493 2461 καί

1912 2489 2031 2544 ἀπὸ
2048 2489 2163 2543 τῶν
2184 2490 2368 2558 ἁγίων
2381 2506 2501 2558 μου
2520 2488 2802 2555 άρξασθε.
2835 2489 2944 2541 Kal
2964 2489 3226 2557 ἤρξαντο
3250 2491 3367 2544 ἀπὸ
3379 2488 3499 2543 τῶν

1912 2570 2148 2642 ἀνδρῶν
2175 2570 2293 2625 τῶν
2324 2569 2763 2640 πρεσϐυτέρων,
2806 2569 2864 2624 οἳ
2901 2568 3066 2640 ἦσαν
3109 2574 3179 2625 ἐν
3228 2573 3310 2638 τῷ
3353 2574 3499 2640 οῖκφ

1913 2657 2158 2724 Κυρίου.
2199 2655 2260 2707 Εί
2298 2653 2354 2707 δέ
2387 2670 2472 2717 τις
2500 2652 2709 2723 νομίζει
2753 2654 3018 2725 περὶτῶν
3049 2655 3187 2709 κατὰ
3225 2655 3321 2724 τὴν
3362 2657 3496 2709 ’1ου-

1913 2739 2068 2790 δαίαν
2104 2735 2540 2808 προφητεύεσθαι
2561 2734 2752 2798 ταῦτα,
2787 2731 2941 2799 οὗτος
2975 2736 3118 2790 ἔοικε
3151 2738 3244 2791 καὶ
3271 2738 3370 2810 τὴν
3400 2737 3495 2790 τοῦ

1916 2820 2167 2889 Σωτῆρος
2213 2818 2508 2889 ἐπιδημίαν
2553 2818 2917 2889 ἠγιοηκέναιο
2970 2820 3031 2873 ού
3087 2821 3195 2892 γὰρ
3242 2820 3349 2892 πρὸ
3395 2819 3497 2889 τῆς

1914 2902 2289 2972 αἰχμαλωσίας
2330 2899 2645 2971 ίεράτευσεν
2686 2909 2715 2953 ο
2776 2899 3059 2973 Ἰεξεκιήλ.
3096 2904 3232 2966 Παῖς
3271 2903 3378 2974 γὰρ
3417 2901 3497 2955 ἔτι

1916 2983 2109 3053 νεαρὸς
2153 2982 2709 3053 συναιχμαλωτισθεὶς
2743 2983 2882 3036 κατὰ
2916 2984 3225 3056 οἰκονομίαν
3266 2984 3402 3038 Θεοῦ
3430 2988 3496 3056 τῇ

1919 3066 2057 3136 φυλῇ
2088 3065 2182 3117 τοῦ
2225 3065 2375 3125 Λευῖ,
2403 3063 2481 3132 τῷ
2511 3064 2822 3136 τριακοστῷ
2856 3067 2966 3119 ἐτει
2990 3067 3085 3136 τῆς
3103 3068 3346 3138 ὁράσεως
3371 3084 3500 3120 κατ-

1918 3149 2163 3214 αξιοῦται
2213 3148 2321 3201 τῶν
2353 3146 2677 3217 μελλόντων,
2706 3148 3000 3219 ίερατεύων
3035 3151 3093 3201 ἐν
3122 3151 3187 3220 τῇ
3217 3147 3498 3219 αἰχμαλωο

1920 3233 2031 3303 σίᾳ,
2077 3231 2152 3295 ὼς
2192 3230 2352 3293 αὐτὸς
2393 3230 2714 3298 ὑφηγεῖται’
2758 3231 2866 3286 Kal
2894 3230 3129 3301 ἐγένετο
3153 3231 3223 3283 ἐν
3245 3230 3324 3294 τῷ
3346 3248 3503 3300 τρια-

1916 3313 2117 3379 κοστῷ
2162 3313 2300 3379 ἔτει,
2336 3311 2407 3364 ἐν
2444 3311 2525 3376 τῷ
2574 3313 2831 3382 τετάρτῳ
2872 3314 3058 3384 μηνὶ,
3104 3313 3343 3382 πέμπτῃ
3392 3313 3499 3367 τοῦ

1911 3399 2107 3468 μηνός
2129 3414 2144 3429 ο
2180 3397 2275 3450 καί
2321 3396 2435 3468 ἐγὼ
2461 3395 2626 3465 ἤμην
2653 3397 2724 3449 ἐν
2746 3396 2915 3467 μέσῳ
2942 3397 3053 3466 τῆς
3086 3398 3500 3467 αίχμιιλωσάς

1916 3481 2014 3535 ἐπὶ
2038 3481 2143 3534 τοῦ
2172 3479 2441 3549 ποταμοῦ
2471 3478 2575 3532 τοῦ
2602 3478 2812 3547 Χοϐάρ.
2845 3479 2956 3533 Καὶ
2981 3479 3143 3532 πάλιν
3177 3479 3293 3549 μετ’
3316 3478 3493 3547 ὀλίγα·

1930 3563 2197 3634 Ἐγένετο
2209 3564 2392 3632 λόγος
2411 3564 2633 3633 Κυρίου
2650 3563 2800 3632 πρὸς
2831 3562 3123 3631 Ἰεζεκιὴλ,
3144 3564 3283 3617 υἱὸν
3304 3560 3498 3626 Βουζῖ,

1918 3646 2024 3701 τὸν
2056 3646 2212 3714 ἱερέα
2254 3646 2324 3699 ἐν
2351 3645 2428 3715 τῇ
2468 3644 2780 3699 Χαλδαίων
2809 3645 2909 3699 ἐπὶ
2934 3646 3042 3701 τοῦ
3089 3645 3361 3714 ποταμοῦ
3391 3647 3501 3698 Xo-

1920 3730 2046 3799 ϐάρ.
2073 3732 2136 3784 El
2166 3730 2224 3783 δέ
2248 3728 2497 3782 ἐντεῦθεν
2518 3728 2872 3799 στενούμενός
2898 3746 2983 3793 τις
3002 3732 3117 3802 ἐρεῖ
3142 3731 3299 3799 ἡμῖν’
3356 3729 3502 3799 Προ-

1919 3813 2272 3886 ηγησαμένου
2288 3810 2379 3865 τοῦ
2401 3812 2651 3881 Σωτῆρος
2671 3851 2685 3872 ,
2717 3811 2776 3875 ὃς
2801 3812 2895 3865 καὶ
2922 3812 2983 3866 τὸ
3021 3815 3244 3883 σημεῖον
3271 3811 3501 3865 δέδωκεν

1921 3898 2014 3951 ἐπὶ
2059 3897 2167 3951 τῶν
2218 3894 2483 3967 μετώπων
2533 3893 2628 3946 τοῦ
2684 3892 2957 3965 σταυροῦ,
3002 3894 3502 3965 ἐπηκολουθηκέναι

1920 3978 2308 4050 ἀπιστηθέντος
2334 3976 2429 4031 τοῦ
2460 3977 2732 4047 Σωτῆρος,
2756 3976 2855 4048 τὴν
2883 3976 3160 4046 βασιλείαν
3213 3976 3501 4045 Ῥωμαίων

1923 4064 2016 4119 ἐπὶ
2064 4059 2475 4116 Οὐεσπασιανοῦ
2532 4059 2898 4129 συγκόψαντος
2952 4059 3030 4130 τῷ
3078 4058 3500 4129 τεσσαρακοστῷ

1923 4147 2032 4200 ἐτει
2059 4145 2157 4216 τὴν
2178 4144 2248 4198 τὰ
2278 4143 2569 4216 παράνομα
2594 4141 2977 4213 ἐργασαμένην
3001 4143 3338 4212 συναγωγήν⁸
3366 4141 3502 4195 ἁπο-

1920 4228 2186 4300 δεχόμεθα
2220 4228 2317 4297 μὲν
2342 4225 2434 4279 τὸν
2472 4224 2646 4279 ταῦτα
2691 4224 2935 4291 νοοῦντα,
2981 4224 3406 4298 παρακαλοῦμεν
3444 4223 3503 4277 δὲ

1922 4310 2104 4374 αὐτὸν,
2140 4309 2215 4374 ὡς
2249 4309 2364 4361 υίδν
2395 4308 2495 4378 τῆς
2521 4308 2728 4378 Καινῆς
2758 4307 3035 4381 Διαθήκης
3056 4350 3070 4375 ,
3105 4306 3388 4362 πείθεσθαι
3424 4305 3503 4376 τῷ

1922 4392 2031 4447 τῶν
2063 4390 2320 4445 τοιούτων
2348 4390 2527 4462 μύστῃ
2556 4389 2753 4460 Παύλῳ
2777 4390 2857 4460 τῷ
2889 4391 3098 4459 λέγοντι
3130 4392 3257 4460 περὶ
3287 4390 3503 4444 πάντων

1920 4477 2029 4531 τῶν
2055 4474 2311 4530 τοιούτων
2342 4473 2562 4544 βιϐλίων
2585 4472 2668 4539 τὸ,
2706 4473 2901 4527 Ταῦτα
2941 4473 3010 4526 δέ
3041 4472 3306 4539 τυπικῶς
3352 4488 3504 4526 συν-

1921 4559 2159 4614 έϐαινεν
2176 4556 2449 4621 ἐκείνοις·
2463 4553 2688 4624 ἐγράφη
2703 4553 2772 4606 δέ
2790 4553 2942 4622 πρὸς
2961 4555 3286 4608 νουθεσίαν
3310 4550 3501 4620 ἡμῶν,

1922 4644 2011 4708 είς
2038 4641 2148 4706 οὓς
2186 4639 2260 4694 τὰ
2288 4636 2432 4705 τέλη
2465 4637 2585 4691 τῶν
2613 4634 2847 4690 αίώνων
2876 4634 3271 4702 κατήντηκεν.
3317 4631 3504 4686 Ταῦτα

1924 4722 1980 4775 δέ
2005 4721 2167 4789 λέγω,
2207 4719 2329 4790 οὐχὶ
2363 4718 2433 4771 δι’
2467 4716 2634 4787 εὐχῆς
2676 4715 2815 4785 ἔχων
2848 4715 3075 4787 σιδηρᾶν
3114 4712 3388 4785 ῥομφαίαν
3420 4711 3506 4763 ἐλ-

1928 4801 2039 4855 θεῖν
2082 4801 2176 4853 ἐπὶ
2211 4801 2339 4862 τοὺς
2368 4796 2597 4867 ἐχθροὺς
2627 4795 2724 4849 τοῦ
2755 4795 2914 4860 Θεοῦ,
2964 4795 3177 4863 ἄπαγεί
3228 4791 3351 4847 οὒτε
3395 4791 3506 4862 γὰρ

1928 4882 2055 4952 περ)⁸
2078 4880 2303 4951 σιδηρᾶς
2332 4881 2360 4933 δ
2381 4877 2664 4949 προφήτης
2689 4876 2973 4952 σημαίνει,
2993 4874 3129 4930 ἀλλὰ
3151 4875 3277 4945 περὶ
3311 4873 3504 4944 ἐτέρας

1925 4950 2071 5024 τινὸς
2102 4950 2429 5029 κολαστικῆς
2458 4957 2758 5027 δυνάμεως,
2790 4958 2919 5029 περὶ
2942 4950 3011 5029 ἦς
3051 4957 3080 5009 ό
3120 4954 3283 5018 αὐτὸς
3337 4953 3501 5017 Ἰεζε-

1926 5038 2051 5110 κιὴλ
2072 5038 2251 5107 λέγει’
2279 5035 2369 5106 Γῆ
2401 5037 2493 5107 ἐφ’
2524 5034 2607 5103 ῆν
2633 5037 2939 5106 ,ῥομφαίαν
2958 5036 3157 5104 ἐπάγω
3182 5034 3277 5088 ἐπ’
3307 5032 3505 5100 αὐτὴν

1926 5118 2026 5189 (τὸ
2055 5117 2132 5180 δὲ,
2166 5114 2386 5185 ἐπάγω,
2417 5114 2538 5169 ἀντὶ
2574 5114 2691 5180 τοῦ,
2717 5112 3148 5186 συγχωρήσω),
3180 5112 3442 5181 nam"
3473 5115 3507 5167 ό

1924 5196 2074 5262 λαὸς
2097 5194 2208 5264 τῆς
2238 5193 2353 5265 γῆς
2392 5193 2582 5263 ἄνδρα
2618 5193 2730 5249 ἕνα
2748 5233 2764 5257 ,
2792 5194 2891 5249 καί
2928 5193 3237 5248 δώσουσιν
3269 5192 3507 5260 ἑαυτοῖς

1925 5279 2012 5343 είς
2034 5274 2271 5332 σκοπὸν
2296 5272 2398 5328 καὶ
2427 5272 2524 5342 ιδῃ
2545 5275 2578 5327 ό
2604 5273 2840 5339 σκοπὸς
2867 5271 2983 5340 τὴν
2994 5271 3304 5341 ῥομφαίαν
3332 5270 3504 5340 ἐρχο-

1919 5355 2135 5424 μένην,
2171 5352 2271 5408 καί
2316 5352 2595 5420 σαλπίση
2635 5349 2712 5420 τῇ
2747 5350 3072 5422 σάλπιγγι,
3121 5349 3222 5404 καί
3259 5348 3503 5422 σημάνῃ

1924 5432 2005 5499 τῷ
2033 5431 2181 5498 λαῷ,
2208 5431 2307 5486 καί
2333 5431 2571 5499 ἀκούσῃ
2603 5432 2636 5484 ὀ
2662 5430 2921 5498 ἁκούων,
2963 5429 3062 5484 καὶ
3095 5426 3183 5498 μὴ
3225 5427 3508 5498 φυλάξη-

1925 5531 2048 5568 ται·
2090 5509 2434 5567 ἐπελθοῦσα
2460 5509 2529 5563 δέ
2554 5510 2592 5577 ή
2624 5510 2887 5579 ῥομφαία
2920 5509 3224 5578 καταλάϐῃ
3255 5511 3406 5577 τινὰ,
3437 5507 3502 5562 τό

1929 5588 2069 5661 αἷμα
2105 5590 2294 5647 αὐτοῦ
2324 5588 2394 5653 ἐξ
2436 5588 2624 5643 αὐτοῦ
2651 5588 2975 5657 ἐκζητήσω,
3005 5589 3095 5644 ὅτι
3133 5591 3243 5644 οὐκ
3273 5589 3497 5657 ἤκουσε

1926 5670 2037 5740 τῆς
2064 5668 2271 5739 φωνῆς
2299 5666 2409 5736 τῆς
2440 5667 2793 5739 σάλπιγγος.
2832 5670 2942 5723 Kal
2966 5669 3148 5723 πάλινο
3202 5667 3343 5723 Ἐὰν
3366 5665 3433 5718 δὲ
3466 5666 3501 5717 δ

1925 5747 2157 5815 σκοπὸς
2205 5746 2305 5815 ιδῃ
2354 5746 2471 5813 τὴν
2512 5748 2819 5817 ῥομφαίαν
2860 5748 3208 5818 ἐρχομένην,
3264 5743 3360 5797 καὶ
3410 5743 3499 5817 μὴ

1929 5827 2205 5898 σαλπίσῃ
2232 5823 2305 5897 τῇ
2333 5824 2643 5899 σάλπιγγι,
2676 5826 2775 5882 καὶ
2823 5822 2905 5892 τῷ
2931 5826 3059 5892 λαῷ
3090 5825 3178 5897 μὴ
3216 5821 3458 5893 muttire:
3477 5869 3498 5901 ,
