4110 6148
258 303 329 358 65
1260 291 1349 348 DE
1388 290 1545 346 VITA
1586 288 1624 346 S
1685 286 1964 352 JOANNIS
1999 285 2492 347 CIIRY505TOMI.
3459 299 3529 360 ως

253 415 392 470 dans
410 409 664 470 diaboliei
674 407 857 480 gladii,
876 407 1054 481 iugere
1067 417 1252 460 omnes
1267 403 1593 466 hortabatur.
1608 400 1847 468 Quicum-

255 520 362 574 que
375 513 553 558 autem
575 498 952 557 conscientiam
967 511 1176 568 puram,
1191 494 1352 549 veluti
1363 495 1572 564 signum
1591 493 1642 548 in
1658 491 1847 545 animae

258 596 460 658 fronte.
491 593 786 652 habuerunt
811 629 826 654 ,
857 603 949 657 per
975 587 1200 659 gratiam
1225 585 1315 639 Dei
1343 599 1461 640 cum
1483 583 1632 638 vobis
1654 582 1850 635 Roma—

257 685 348 738 nis
363 683 600 738 ﬁdelibus
620 681 815 735 servati
833 687 955 733 sunt
976 693 990 731 :
1013 676 1102 748 qui
1121 691 1246 734 vero,
1265 675 1609 744 inquinatam,
1627 673 1847 743 pupulas

257 791 325 831 ac
369 774 672 830 sacerdotes
714 773 772 826 in.
809 780 1046 824 mutuum
1074 777 1342 834 certamen
1372 766 1761 828 accenderunt,
1792 774 1846 816 ut

260 866 488 936 publicis
517 863 668 918 malis
709 877 804 916 sua
851 859 1251 920 obuntbrarent.
1289 857 1436 911 DIAG.
1466 855 1596 910 Mire
1633 853 1843 927 quidem

259 957 472 1016 dixisti.
521 953 741 1010 Constat
781 961 955 1006 autem
986 950 1095 1004 ﬁeri
1129 964 1232 1006 non
1269 962 1457 1024 posse,
1509 956 1565 1000 ut
1603 945 1764 1002 homo
1792 943 1843 998 in

258 1049 362 1104 hac
383 1058 590 1104 terrena
614 1047 722 1102 vita
752 1041 1234 1112 irreprehensibilis
1259 1053 1475 1108 prorsus
1505 1037 1803 1092 inveniatur
1825 1076 1840 1102 ,

258 1141 478 1194 dicente
512 1136 751 1206 pluribus
794 1135 861 1191 in-
877 1133 1012 1190 locis
1040 1131 1315 1200 Scriptura
1345 1147 1358 1184 :
1391 1129 1515 1194 Quis
1547 1127 1844 1198 gloriabitur

257 1230 508 1284 mundum
530 1244 583 1285 se
609 1227 790 1279 habere
809 1224 934 1278 cor?
958 1233 1043 1279 aut
1080 1222 1189 1290 quis
1216 1219 1455 1289 ﬁduciam
1493 1216 1718 1281 habebit,
1747 1233 1844 1286 pit.-

256 1337 373 1375 rttm
393 1336 445 1373 se
470 1335 626 1373 essen
655 1326 857 1386 peccato
880 1314 1060 1387 (Prov.
1087 1313 1178 1369 20.
1207 1313 1299 1382 9),?
1331 1312 1520 1366 Verum
1554 1326 1657 1363 non
1698 1310 1844 1363 novit

257 1411 334 1471 uti
359 1421 601 1480 tempore
628 1408 680 1464 Β,
710 1407 945 1467 Joannes
976 1423 988 1458 ε
1021 1420 1108 1460 res
1134 1405 1274 1459 enim
1299 1403 1613 1456 constitutas
1644 1411 1842 1456 temere

258 1515 480 1556 movere
507 1515 609 1554 non
642 1507 870 1566 Oportet.
898 1497 1074 1558 Ense.
1103 1494 1305 1549 Videris
1334 1492 1482 1558 mihi,
1511 1492 1648 1547 bone
1668 1490 1842 1548 Theo.-

255 1590 412 1654 dore,
443 1590 661 1644 nimium
690 1597 895 1646 astutus
927 1601 1064 1640 esse.
1090 1585 1223 1640 Cum
1253 1583 1393 1636 enim
1433 1582 1586 1639 initio,
1621 1582 1841 1638 misera-

259 1682 504 1746 tionem,
538 1691 594 1742 ut
642 1678 821 1740 decuit
847 1716 863 1741 ,
896 1676 1048 1732 nobis
1095 1673 1398 1734 exhibueris
1442 1687 1564 1732 cum
1612 1671 1837 1740 quadam

256 1771 676 1839 compunctione
701 1811 715 1832 ,
743 1768 866 1830 inde
890 1766 1141 1837 paulatim
1182 1765 1334 1827 dicax
1374 1763 1557 1821 irrisor
1589 1762 1840 1816 inveniris

251 1863 376 1906 esse
402 1868 414 1902 :
438 1863 615 1916 neque
638 1846 730 1915 qui
751 1846 1080 1913 putabantur
1098 1845 1326 1914 inimici,
1345 1854 1454 1900 tam
1473 1847 1671 1905 acriter
1689 1848 1844 1904 illum

254 1940 504 2008 vitupera
515 1945 664 1995 runt.
687 1936 836 1989 Duc.
857 1935 997 2001 Quid
1013 1935 1526 2006 indignaris,Pater,
1544 1939 1636 2010 qui
1653 1941 1849 1994 verita-

256 2029 326 2083 tis
346 2043 543 2089 atnans
557 2028 738 2094 audis,
757 2028 901 2098 quod
917 2026 1146 2080 dixerim
1168 2044 1275 2080 non
1294 2030 1618 2088 observasse
1631 2038 1847 2101 tempus

253 2119 475 2172 beatum
497 2117 805 2171 Joannem?
827 2132 949 2173 cum
975 2116 1256 2185 Scriptura
1282 2117 1460 2171 dicat:
1495 2117 1561 2171 In
1595 2120 1722 2174 locis
1752 2139 1848 2190 po-

255 2212 482 2274 tentium
503 2228 566 2264 ne
595 2210 857 2272 subsistas
883 2210 1068 2280 (Prov.
1095 2208 1186 2268 23$.
1211 2210 1290 2280 6.)
1315 2230 1328 2264 :
1358 2221 1412 2265 et
1442 2227 1658 2278 rursus,
1690 2212 1849 2267 Redi-

253 2312 454 2356 mentes
474 2312 675 2368 tempus
694 2302 907 2373 (Ep/tes.
927 2302 1091 2370 5.16;
1114 2303 1371 2373 6014.5),
1392 2306 1691 2373 praesertim
1710 2305 1759 2359 in
1779 2307 1846 2362 iis

251 2395 344 2464 qui
367 2397 578 2448 monita
603 2396 1005 2470 utilitatemque
1023 2414 1131 2452 non
1154 2397 1466 2455 admittunt.
1495 2397 1671 2453 Entsc.
1694 2398 1843 2462 Beati

251 2487 407 2548 estis.
430 2489 526 2556 qui
549 2488 630 2541 sic
651 2486 965 2558 Scripturas
985 2490 1440 2560 interpretamini.
1467 2488 1520 2544 ld
1539 2491 1682 2544 enim
1701 2493 1842 2561 apud

253 2577 656 2641 Ecclesiasten,
689 2577 752 2633 In
778 2580 908 2634 locis
929 2591 1200 2648 potentum
1227 2600 1288 2636 ne
1315 2583 1544 2649 steteris,
1575 2582 1842 2644 adversus

251 2666 512 2736 indignos
534 2677 589 2720 et
617 2667 907 2737 ineapaces
938 2670 1231 2725 sacerdotii
1254 2671 1458 2725 dictum
1483 2681 1589 2737 est,
1615 2690 1682 2728 ne
1707 2675 1840 2727 illud

251 2758 490 2827 rapiant.
507 2756 770 2813 Potentes
800 2760 967 2826 enim,
991 2761 1210 2817 virtutis
1227 2764 1520 2834 magistros
1533 2765 1666 2820 dicit
1693 2785 1706 2820 :
1731 2767 1842 2835 pri-

252 2863 398 2902 mum
423 2849 650 2926 quidem
680 2849 984 2925 apostolos,
1012 2850 1105 2922 qui
1131 2860 1289 2905 erant
1319 2859 1592 2921 potentes,
1618 2853 1838 2924 virtutis

252 2939 505 3008 spiritum
529 2939 746 3001 induti:
781 2939 977 2998 deinde
997 2957 1186 2997 eorum
1214 2941 1533 3009 imitatores.
1577 2942 1642 2996 Et
1666 2944 1799 2999 illud
1821 2987 1836 3012 ,

249 3028 522 3090 Redimerr
541 3041 766 3099 tempus.
788 3033 1016 3105 perinde
1028 3044 1113 3090 est
1129 3050 1214 3100 ac,
1232 3033 1306 3089 Ne
1320 3035 1615 3106 hypocrilae
1638 3036 1834 3101 sin'tus,

248 3129 367 3167 cum
397 3113 602 3180 furibus
630 3122 904 3180 currentes
929 3155 948 3190 ,
972 3122 1166 3167 etcum
1193 3112 1445 3167 adulteris
1488 3121 1689 3184 partem
1729 3129 1827 3186 poe

249 3213 475 3268 nentes;
505 3203 599 3272 sed
629 3211 686 3257 ut
724 3212 963 3272 tempore
1000 3218 1097 3258 suo
1146 3214 1354 3273 tempus
1392 3204 1594 3273 peccati
1635 3203 1829 3257 virtute

246 3293 572 3349 redimamus
595 3335 610 3360 ,
636 3309 739 3347 non
766 3293 892 3347 illud
921 3301 1137 3363 peccato
1165 3293 1474 3347 vendentes.
1505 3291 1606 3360 Qui
1651 3300 1826 3346 autem

243 3387 350 3442 hoc
392 3387 555 3441 modo
601 3386 854 3456 paulatim
894 3395 1102 3455 tempus
1145 3384 1380 3452 redimit,
1413 3391 1576 3450 totam
1617 3384 1830 3444 redimit

242 3482 410 3534 vitam
443 3495 592 3534 suam
613 3521 629 3546 ,
659 3488 716 3534 ut
741 3479 952 3533 omissis
988 3478 1165 3544 saeculi
1205 3477 1562 3550 voluptatibus
1596 3477 1826 3550 cmlestia

241 3575 386 3629 dona
413 3573 749 3627 nanciscatur
774 3589 786 3625 :
811 3571 1076 3641 quomodo
1095 3579 1147 3641 et
1169 3578 1428 3640 martyres
1453 3570 1713 3636 fecerunt,
1738 3569 1827 3646 qui

244 3665 386 3719 hanc
401 3679 713 3735 corpoream
736 3663 893 3723 vitam
916 3672 1262 3730 exponentes,
1281 3660 1826 3730 incorruptibilitatem

243 3757 522 3809 consecuti
568 3763 941 3818 sunt,revera
985 3752 1083 3822 ipsi
1129 3763 1335 3820 tempus
1383 3751 1722 3824 redimentes.
1769 3751 1827 3806 Si

246 3862 377 3901 veto
405 3847 502 3899 ista
532 3860 638 3902 non
665 3845 742 3898 sic
767 3843 1128 3914 intelliguntur
1150 3883 1166 3906 ,
1193 3841 1402 3913 Moyses
1427 3853 1574 3898 certe
1601 3853 1653 3896 et
1683 3843 1827 3898 Elias

246 3945 303 3991 ct
329 3936 580 3993 Michzeas
619 3944 673 3989 et
705 3933 886 3988 Daniel
915 3943 972 3988 et
996 3932 1229 3987 Joannes
1255 3933 1488 4002 Baptista
1511 3941 1564 3988 et
1591 3933 1751 3988 Isaias
1776 3941 1829 4007 ct

247 4026 440 4089 Petrus
463 4035 620 4094 atque
644 4023 854 4087 Paulus,
879 4037 947 4088 ne
967 4023 1145 4093 plures
1164 4037 1600 4088 commemorem,
1623 4033 1828 4093 tempus

243 4133 404 4173 suum
422 4118 698 4187 ignorasse
717 4114 1049 4175 invenientur
1064 4131 1075 4166 :
1089 4113 1337 4188 quoniam
1362 4113 1449 4168 ille
1465 4113 1584 4184 fuga
1605 4114 1826 4168 salutem

244 4209 350 4263 sibi
378 4207 569 4278 quaerit
596 4206 665 4260 ob
689 4205 1158 4275 reprehensionem
1185 4205 1412 4273 alicujus
1428 4246 1442 4272 ,
1464 4203 1589 4264 dum
1615 4204 1828 4279 gentilis

243 4298 528 4368 cujusdam
558 4312 691 4352 oves
715 4297 767 4350 in
790 4305 970 4359 monte
1000 4306 1274 4366 pasceret:
1299 4294 1434 4352 alius
1459 4310 1567 4364 pra:
1592 4305 1824 4372 torpore,

245 4393 434 4447 dolore
459 4405 769 4461 oppressus,
803 4389 855 4445 in
881 4405 1125 4445 somnum
1155 4389 1388 4454 decidit;
1414 4404 1581 4460 neque
1610 4389 1825 4460 parietis

242 4493 334 4537 aut
363 4482 478 4539 saxi
502 4481 776 4538 inveniens
805 4482 1066 4548 umbram,
1096 4480 1190 4536 sed
1211 4481 1311 4537 sub
1327 4481 1557 4551 juniperi
1578 4481 1824 4554 virgulto,

243 4573 390 4644 quod
416 4584 470 4628 et
499 4569 669 4643 ipSum
698 4573 834 4628 exile
854 4582 990 4640 erat,
1015 4587 1076 4631 se
1097 4574 1320 4642 collocat
1344 4575 1363 4644 (
1384 4573 1419 4628 '5
1444 4573 1571 4646 Reg.
1597 4574 1683 4628 19.
1712 4575 1744 4628 4
1765 4573 1784 4645 )
1809 4592 1822 4628 :

247 4669 383 4722 alius
425 4681 574 4721 serra
628 4665 949 4722 secabatur:
982 4665 1115 4719 alius
1145 4680 1242 4735 pro
1286 4670 1480 4739 pietate
1520 4666 1573 4720 in
1621 4665 1827 4720 foveam

251 4757 464 4810 leonum
505 4755 883 4824 demittebatur
908 4773 922 4809 :
949 4755 1085 4812 alius
1119 4755 1170 4808 in
1211 4769 1457 4818 carcere,
1489 4754 1590 4808 hoc
1631 4762 1747 4820 est,
1775 4755 1824 4810 iu

245 4862 410 4919 specu
427 4846 655 4916 quodam
673 4847 879 4901 vinctus
897 4847 1227 4912 servabatur,
1245 4859 1434 4914 panem
1455 4843 1826 4922 tribulationis,

247 4947 299 4991 et
331 4923 526 5008 aquam
565 4937 822 5007 angustia:
869 4951 1080 4994 sumere
1126 4936 1508 4991 condemnatus
1532 4977 1544 5000 ,
1572 4945 1628 4989 ut
1669 4936 1827 5012 longo

248 5040 492 5098 tempore
516 5029 898 5084 contabeseens
918 5071 936 5095 ,
959 5030 1118 5083 vitam
1147 5029 1194 5082 vi
1222 5029 1581 5099 abrumperet,
1613 5040 1827 5107 propter

245 5138 395 5177 suam
423 5123 681 5177 adversus
705 5138 881 5193 regem
915 5121 1197 5193 quemdam
1228 5121 1476 5190 loquendi
1506 5122 1823 5194 libertatem.

241 5213 382 5282 Quid
429 5221 609 5280 autem
653 5211 782 5266 mihi
810 5209 956 5266 dices
996 5211 1062 5271 de
1099 5211 1334 5276 Joanne,
1369 5211 1458 5280 qui
1507 5211 1645 5264 inter
1674 5195 1832 5265 natos‘

242 5305 524 5358 mulierum
553 5318 736 5374 parem
755 5319 858 5363 non
883 5303 1074 5358 habet?
1093 5317 1161 5354 an
1179 5301 1392 5359 minime
1413 5309 1565 5356 norat
1590 5310 1827 5369 tempore

242 5398 340 5459 uti.
366 5395 621 5466 quoniam
650 5403 867 5464 propter
885 5403 1120 5463 apertam
1147 5401 1200 5446 et
1219 5391 1436 5445 minime
1461 5390 1826 5445 adumbratam

244 5491 487 5545 adulterii
539 5489 767 5544 Herodis
797 5474 1208 5556 increpationem
1242 5484 1414 5553 capite
1449 5484 1680 5539 mimttu‘s
1703 5491 1821 5548 est,

245 5592 520 5648 curans,ut
539 5565 1052 5642 medicusllerodem
1067 5577 1339 5648 insanabili
1361 5575 1546 5632 morbo
1553 5567 1822 5660 affectum,

244 5690 326 5733 aut
348 5693 532 5744 urens,
554 5685 646 5732 aut
665 5675 883 5734 secans?
900 5673 1010 5742 Qua
1027 5673 1228 5746 ratione
1249 5680 1300 5726 et
1319 5657 1824 5744 Joannesmiserans

1959 408 2014 454 et
2049 415 2236 460 amans
2261 441 2276 467 ,
2311 401 2617 470 increpabat
2663 401 2920 462 inﬁrmos.
2967 403 3022 462 St
3076 415 3252 467 autem
3295 407 3527 468 Joannes

1956 492 2190 559 Baptista
2237 502 2447 563 tempus
2495 509 2602 554 non
2653 505 2807 554 norat
2833 537 2848 562 ,
2897 498 3162 568 quomodo
3212 503 3525 566 saeculorum

1952 583 2194 650 Opiﬁcem
2241 594 2298 638 et
2341 585 2593 640 faetorem
2636 587 2852 656 agnovit
2879 629 2893 649 ,
2927 588 3151 646 dicens:
3185 590 3313 654 Ecce
3353 593 3528 664 Agnus

1950 672 2084 738 Dei,
2112 673 2196 742 qui
2226 674 2355 734 tollit
2385 685 2586 743 peccata
2612 677 2786 736 mundi
2815 676 2988 746 (toan.
3015 681 3066 732 1.
3096 680 3184 750 56)
3213 681 3234 733 ?
3261 683 3526 750 quomodo

1952 760 2147 818 Paulus
2172 772 2225 817 et
2249 763 2459 828 Petrus,
2489 764 2751 818 columna:
2781 766 3052 831 Ecclesite,
3082 779 3286 838 tempus
3318 771 3523 841 ignora-

1949 853 2076 907 bant
2103 893 2118 919 ,
2150 855 2238 923 qui
2280 855 2442 910 etiam
2469 864 2584 924 post
2630 865 2852 911 mortem
2890 858 3189 914 volentibus
3223 871 3380 933 atque
3412 862 3526 931 pul-

1950 944 2188 998 santibus
2212 945 2492 1014 aperiunt,
2525 953 2575 999 et
2602 945 2854 1000 claudunt
2885 949 3204 1015 pamitentia:
3244 954 3524 1022 tempora?

1948 1035 2194 1103 quoniam
2227 1037 2453 1090 maxime
2498 1036 2582 1090 hic
2610 1037 2753 1091 cruci
2796 1037 2988 1094 afﬁxus
3015 1050 3128 1106 est,
3157 1043 3381 1111 pedibus
3424 1045 3522 1098 ob-

1948 1126 2135 1191 versis,
2169 1127 2304 1180 viam
2334 1127 2384 1180 in
2417 1127 2603 1181 cmlum
2632 1129 2966 1198 signiﬁcans;
3001 1131 3086 1189 ille
3109 1135 3280 1202 capite
3310 1144 3520 1196 trunca-

1948 1226 2033 1271 tur
2062 1218 2129 1272 ob
2158 1233 2306 1273 suam
2338 1219 2388 1272 in
2411 1219 2622 1278 Christo
2643 1221 3224 1290 loquendilibertatem,
3249 1242 3312 1280 ne
3341 1241 3377 1286 a.
3399 1241 3523 1283 vero

1945 1306 2214 1368 excideret
2237 1310 2431 1378 capite.
2447 1309 2521 1363 Ne
2538 1310 2694 1379 igitur
2710 1311 2986 1367 admiseris
3001 1328 3114 1377 eos,
3131 1315 3216 1383 qui
3246 1331 3366 1370 eum
3392 1333 3521 1386 qua-

1944 1397 2065 1456 dam
2089 1400 2444 1467 increpatione
2466 1409 2771 1458 sanctorum
2801 1403 3048 1473 loquendi
3074 1406 3379 1468 libertatem,
3412 1410 3522 1464 cul-

1947 1498 2091 1558 pant.
2106 1489 2388 1545 Gentilium
2410 1493 2550 1546 enim
2573 1501 2625 1545 et
2639 1491 2838 1561 judicio
2854 1479 2949 1547 suo
2969 1495 3262 1568 sapientum
3281 1497 3376 1550 ista
3395 1511 3522 1558 ceu.-

1944 1579 2165 1634 suetudo
2181 1590 2255 1633 cst
2267 1622 2280 1646 ,
2299 1582 2387 1651 qui
2410 1596 2590 1637 amore
2611 1581 2764 1651 hujus
2780 1583 2900 1636 vita:
2918 1585 3074 1639 etiam
3095 1597 3384 1656 martyrum
3402 1603 3521 1644 con-

1941 1668 2190 1721 stantiam
2216 1670 2454 1724 irrident.
2486 1670 2668 1740 Neque
2694 1673 2836 1726 enim
2862 1675 2943 1728 vel
2974 1673 3203 1742 gladium
3231 1676 3476 1734 obtunsum
3498 1720 3516 1743 ,

1941 1761 2026 1815 vel
2073 1761 2297 1815 otiosam
2354 1777 2472 1820 esse
2527 1765 2774 1834 loquendi
2831 1765 3126 1824 libertatem
3177 1779 3404 1836 Oportet.
3452 1769 3519 1836 Et

1939 1853 2381 1920 quemadmodum
2419 1854 2486 1912 ab
2517 1841 2783 1925 unguento
2813 1855 3092 1926 fragrantia
3138 1861 3371 1928 separari
3411 1879 3516 1920 nou

1943 1952 2150 2011 potest,
2179 1947 2255 2000 sic
2301 1961 2471 2014 neque
2503 1962 2530 1998 a
2574 1948 2818 2016 loquendi
2850 1949 3094 2004 libertate
3128 1951 3512 2010 benevolentia.

1940 2032 2016 2085 Ac
2057 2033 2102 2086 si
2136 2035 2347 2102 quidem
2391 2051 2570 2094 coram
2602 2038 2810 2090 tauutlis
2834 2079 2849 2104 ,
2881 2048 2972 2092 aut
2999 2040 3214 2106 amicis,
3246 2051 3336 2094 aut
3365 2043 3474 2101 suis
3496 2085 3512 2108 ,

1938 2123 2280 2192 reprehensio
2300 2125 2466 2192 ﬁeret,
2490 2141 2670 2184 coram
2693 2128 2881 2196 quibus
2898 2129 3211 2189 erubescere
3233 2132 3511 2190 molestum

1936 2221 2016 2265 est
2046 2229 2059 2264 :
2088 2211 2222 2268 forte
2251 2214 2586 2274 accusandus
2611 2207 2757 2280 esset,
2797 2218 2886 2287 qui
2928 2218 3092 2275 libere
3138 2221 3510 2291 redargueret,

1935 2303 2129 2371 quippe
2157 2304 2244 2372 qui
2276 2315 2479 2374 tempus
2508 2315 2561 2362 et
2600 2306 2772 2361 locum
2817 2308 3080 2378 ignoraret
3109 2309 3199 2364 :Si
3237 2321 3415 2366 autem
3459 2314 3513 2373 iu

1936 2394 2194 2458 Ecclesia,
2218 2396 2362 2457 velut
2382 2397 2432 2450 in
2454 2397 2695 2462 macello,
2718 2399 3003 2468 proborum
3025 2401 3264 2456 encomia
3287 2402 3435 2470 ﬁunt,
3462 2415 3518 2460 et

1935 2484 2320 2554 increpationes
2335 2488 3514 2560 negligentiumzquidexasperamuradversus

1934 2575 2338 2645 increpationes,
2353 2592 2469 2646 qua:
2486 2577 2600 2632 sine
2616 2578 2847 2643 nomine,
2868 2588 2920 2633 et
2937 2581 3130 2636 utiliter
3149 2581 3300 2636 ﬁunt?
3314 2583 3514 2640 alentes

1931 2668 2172 2732 erimina,
2199 2684 2296 2725 nec
2309 2669 2736 2738 obtemperantes
2756 2670 2824 2734 ei,
2843 2670 2931 2740 qui
2953 2671 3103 2737 dixit,
3131 2670 3289 2725 Omne
3303 2674 3438 2742 quod
3458 2675 3510 2736 in

1932 2759 2140 2819 macer
2155 2762 2306 2827 venit,
2328 2761 2646 2828 manducate,
2670 2763 2800 2820 nihil
2827 2763 3161 2817 discernentes
3179 2763 3197 2832 (
3209 2765 3226 2818 Ι
3278 2763 3396 2820 Cor.
3421 2765 3508 2820 10.

1929 2848 2047 2920 25).
2072 2850 2341 2917 Quodnisi
2360 2852 2701 2918 itasit,sancti
2725 2854 3512 2924 iteruminvenientur-civitates

1930 2940 2181 3010 quasdam
2206 2950 2298 2995 aut
2325 2942 2565 3010 regiones
2591 2943 2975 3002 scandalizasse
3002 2945 3070 3001 ob
3100 2945 3509 3022 inerepationes,

1930 3029 2064 3084 alias
2102 3046 2228 3085 vero
2261 3031 2506 3086 laudibus
2529 3032 2639 3088 suis
2676 3033 3016 3107 subvenisse.
3047 3034 3254 3094 Primus
3297 3047 3512 3100 sanctus

1929 3118 2030 3175 Job
2059 3121 2348 3183 Plimnieen
2377 3121 2653 3191 quamdam
2699 3123 2978 3194 regionem
3002 3123 3285 3193 objurgans
3312 3167 3326 3192 ,
3359 3127 3507 3195 quasi

1925 3205 2182 3263 Satanam
2198 3209 2408 3270 hostem
2437 3226 2588 3264 suum
2635 3211 2686 3266 in
2717 3228 2775 3266 se
2801 3213 3160 3268 attrahen’tem.
3186 3254 3201 3278 ,
3231 3215 3306 3267 sic
3332 3216 3458 3272 dicit
3493 3234 3504 3268 :

1933 3295 2138 3350 Partem
2162 3306 2328 3354 autem
2352 3299 2398 3351 ei
2425 3299 2548 3351 dant
2589 3309 2757 3368 gentes
2808 3300 3104 3366 Phoenicum
3137 3301 3274 3373 (Job
3299 3302 3388 3365 40.
3414 3303 3504 3373 25.

1930 3389 1983 3442 in
2028 3387 2204 3454 erco
2232 3391 2268 3452 ).
2313 3389 2512 3446 Deinde
2560 3390 2762 3460 Moyses
2805 3400 2857 3445 et
2902 3391 3172 3467 propheta:
3220 3391 3507 3465 Aigyptum

1930 3481 2278 3534 criminantur
2301 3523 2316 3545 ,
2345 3479 2610 3538 fornacem
2642 3479 2866 3535 ferream
2913 3481 3238 3556 appellantes
3276 3490 3329 3534 et
3361 3489 3508 3548 tene-

1930 3569 2072 3636 bras,
2095 3579 2253 3639 atque
2282 3570 2614 3630 Pala-stinam
2644 3570 2886 3640 laudibus
2906 3571 3182 3638 extollunt,
3208 3579 3508 3640 terramque

1931 3661 2294 3730 promissionis
2320 3671 2510 3714 vocant
2540 3679 2552 3714 :
2586 3677 2704 3715 cum
2736 3660 3000 3732 {Egyptus
3019 3661 3312 3733 inveniatur
3337 3661 3506 3730 probo.

1930 3750 2140 3822 quidem
2171 3761 2308 3806 terra
2340 3753 2726 3822 promissionis,
2757 3753 2948 3822 ignavo
2973 3762 3148 3806 autem
3182 3752 3456 3806 Palaestina
3486 3793 3505 3826 ,

1931 3855 2035 3894 non
2085 3842 2260 3895 solum
2293 3841 2477 3894 fornax
2522 3841 2690 3898 ferrea
2717 3883 2732 3906 ,
2756 3841 2847 3896 sed
2873 3850 2926 3894 et
2958 3842 3185 3896 tenebra:
3216 3827 3507 3912 exteriores

1932 3932 2256 4008 inﬁdelitatis
2291 3948 2448 3987 causa
2479 3950 2492 3986 :
2519 3934 2765 4002 quoniam
2799 3948 2901 4002 non
2935 3932 3047 3986 loca
3081 3931 3342 3999 vituperio
3367 3972 3383 3998 ,
3415 3940 3506 3986 aut

1931 4023 2085 4078 laude
2125 4023 2281 4098 digna
2315 4033 2436 4078 sunt
2459 4065 2474 4090 ,
2505 4024 2595 4078 sed
2627 4023 2895 4086 hominum
2940 4021 3134 4076 studia.
3161 4022 3296 4090 Quid
3329 4031 3505 4075 autem

1932 4130 2150 4170 necesse
2176 4115 2304 4168 mihi
2335 4124 2418 4169 est
2441 4129 2740 4168 sermonem
2774 4113 2824 4176 in
2856 4112 3066 4184 longum
3097 4111 3384 4167 «includere
3408 4153 3423 4177 ,
3452 4121 3507 4166 et

1931 4221 2034 4272 non
2065 4221 2094 4258 a
2122 4205 2367 4259 brevibus
2411 4205 2676 4278 incipere?
2705 4191 2965 4273 Numquid
3011 4201 3203 4271 Paulus
3241 4202 3506 4276 ntendaces

1930 4296 2185 4352 Cretenses
2215 4295 2338 4366 (Tit.
2369 4297 2420 4351 1.
2463 4296 2552 4363 12)
2581 4295 2852 4364 appellans
2877 4337 2892 4361 ,
2918 4304 2971 4350 et
2991 4293 3203 4349 Galatas
3229 4285 3508 4356 insensataa

1933 4389 2072 4462 (Gal.
2102 4389 2155 4443 5.
2186 4387 2258 4456 1),
2281 4397 2333 4440 et
2359 4387 2662 4448 Corinthios
2687 4387 2890 4455 inﬂatos
2915 4385 2992 4455 (1.
3015 4373 3133 4438 Cor.
3153 4386 3206 4440 5.
3231 4384 3290 4456 2)
3309 4425 3324 4450 ,
3350 4394 3508 4455 atque

1931 4483 2063 4536 alios
2102 4481 2255 4535 aliter
2283 4519 2299 4546 ,
2332 4478 2414 4533 his
2457 4477 2582 4532 solis
2627 4477 2748 4530 vitia
2796 4475 3156 4540 condonavit,
3183 4474 3332 4544 quasi
3381 4475 3507 4543 ipsis

1930 4574 2058 4629 solis
2087 4571 2555 4642 reprehensionem
2584 4567 2842 4628 adhibens
2866 4607 2880 4631 ,
2905 4580 3082 4620 nonne
3124 4573 3178 4619 et
3215 4564 3461 4637 omnibus
3486 4566 3508 4618 τ

1930 4674 2019 4722 aut
2046 4676 2227 4718 contra
2257 4676 2377 4717 cum
2410 4660 2675 4724 Romanos
2705 4657 2880 4726 ﬁdeles
2923 4654 3098 4725 (Rom.
3133 4655 3183 4709 1.
3217 4651 3272 4723 6,)
3303 4663 3452 4719 vocat
3489 4694 3506 4720 ,

1929 4761 1982 4807 et
2019 4751 2281 4820 Ephesios
2318 4759 2506 4820 mystas
2535 4745 2808 4818 (Ephes.l.
2828 4743 3152 4816 l8),quihus
3169 4742 3511 4812 etsublirnius

1930 4837 2430 4908 seribit,etfratrum
2448 4833 2750 4908 amantes“
2767 4835 2938 4907 Thess.
2973 4836 3026 4891 5.
3062 4835 3149 4907 11)
3176 4833 3512 4906 Thessaloni-

1929 4947 2134 4996 Censes,
2160 4931 2242 4984 bis
2265 4931 2392 4984 solis
2413 4929 2595 4999 laudes
2614 4927 2897 5000 adscripsit
2923 4928 2946 4979 Υ
2975 4926 3190 5001 Minime
3215 4941 3344 4998 sane
3371 4941 3386 5002 ξ
3415 4925 3508 4994 sed

1929 5033 1986 5081 ut
2015 5024 2239 5093 Spiritus
2262 5022 2427 5078 Sancti
2459 5022 2662 5092 plenus,
2686 5030 2740 5076 et
2765 5019 3019 5090 vituperia
3050 5031 3102 5075 et
3130 5019 3313 5084 laudes
3337 5033 3506 5092 appo-

1861 5110 1866 5115 ’
1930 5115 2035 5170 suit
2054 5157 2068 5178 ,
2097 5122 2154 5167 ut
2181 5113 2268 5183 qui
2297 5128 2353 5167 se
2381 5113 2534 5174 laude
2561 5111 2774 5180 dignum
2805 5109 3100 5180 agnoverit,
3129 5108 3318 5180 majori
3343 5109 3504 5166 animi

1930 5204 2204 5259 alacritate
2230 5203 2528 5257 roboretur.
2560 5201 2705 5254 Alius
2731 5216 2855 5254 vero
2876 5200 3132 5270 vitnpcria
3159 5199 3358 5267 legens,
3382 5199 3508 5266 sub-

1935 5296 2167 5350 ntonitus
2192 5293 2366 5346 doleat
2389 5333 2407 5366 ,p
2434 5301 2488 5364 et
2516 5290 2689 5359 probri
2718 5304 2931 5347 causam
2958 5289 3191 5354 abjiciat.
3218 5286 3329 5344 Non
3353 5287 3512 5358 igitur

1929 5385 2026 5439 soli
2054 5383 2252 5439 Galatae
2280 5381 2530 5436 insensati
2554 5421 2569 5444 ,
2603 5394 2700 5433 nec
2736 5379 3015 5432 Cretenses
3047 5375 3328 5430 mendaces
3360 5415 3374 5439 ,
3413 5390 3510 5428 nec

1929 5478 2184 5533 Corinthii
2213 5473 2461 5545 superbi:
2484 5472 2678 5542 ubique
2703 5469 2842 5545 enim
2874 5468 2988 5522 hmo
3017 5467 3193 5521 omnia
3222 5475 3364 5542 sunt,
3388 5482 3506 5534 eum

1931 5586 2031 5625 una
2076 5570 2144 5624 sit
2189 5578 2372 5623 natura
2404 5607 2417 5632 ,
2449 5580 2566 5636 quae
2597 5571 2648 5617 et
2678 5571 2856 5636 peccat
2888 5572 2936 5614 et
2969 5569 3114 5614 recte
3139 5558 3286 5627 agit,
3319 5567 3370 5611 et
3400 5559 3509 5609 sive

1935 5665 2036 5722 hoc
2060 5663 2170 5720 sive
2197 5658 2322 5716 illud
2348 5659 2398 5711 in
2423 5671 2479 5711 se
2506 5654 2874 5724 sit,volnntate
2902 5667 3013 5705 sua.
3044 5650 3150 5704 lloc
3176 5651 3331 5719 igitur
3354 5643 3510 5697 modo
