4110 6148
588 331 656 386 ετ
1811 307 2129 368 PALLADll
2169 305 2503 362 DlALOGUS
2562 264 2570 270 ’
3773 304 3845 359 cs

587 447 640 500 in
689 441 919 500 Ecclesia
950 439 1110 494 libere
1152 433 1464 504 loquebatur
1491 423 1722 485 Joannes
1755 443 1768 480 :
1799 426 1958 479 immo
1984 423 2160 493 potius

584 534 936 592 esurientibus
987 525 1312 599 partiehatur
1361 522 1571 578 virtutis
1621 521 1794 574 cibum
1825 557 1839 580 ,
1884 525 2160 586 peccatum

583 623 876 682 manifestis
904 616 1406 688 reprehensionibus
1443 613 1802 667 exterminans
1825 651 1839 674 ,
1872 619 1925 664 et
1952 607 2160 662 obtem-

585 731 776 788 perans
813 713 978 768 l’aulo
1003 709 1197 765 dicenti
1229 725 1243 761 :
1277 707 1572 761 Peccantem
1603 721 1770 759 ceram
1811 702 2036 756 omnibus
2082 719 2164 752 ar-

583 827 698 880 gue,
724 817 776 860 ut
803 817 846 860 et
873 805 1037 859 cwteri
1058 804 1282 856 timorem
1304 799 1514 853 habeant
1533 798 1606 870 (Ι.
1633 797 1761 850 Tim.
1784 797 1836 851 5.
1863 793 1975 866 ‘20).
1999 793 2162 880 Porro

586 878 628 952 si
660 897 745 966 qui
775 895 1037 966 superbia:
1067 901 1158 947 aut
1180 891 1410 946 vesania:
1435 889 1621 942 morbo
1649 887 1969 946 laborantes,
1996 878 2164 935 velint

585 991 743 1044 etiam
766 987 1062 1056 voluntates
1089 999 1211 1038 suas
1235 998 1354 1038 cum
1385 980 1624 1035 laudibus
1645 977 1856 1041 efferre,
1874 975 2010 1028 hanc
2037 988 2170 1027 con-

587 1081 919 1137 suetudinem
945 1093 1047 1131 non
1070 1076 1266 1130 habent
1283 1072 1374 1127 Dei
1393 1070 1654 1137 serviQui
1669 1069 1808 1122 enim
1827 1065 2166 1134 indignantur

592 1173 661 1226 ob
691 1175 1035 1238 vituperatarn
1057 1167 1328 1220 avaritiam
1356 1173 1408 1218 et
1439 1161 1857 1224 fornicationem,
1891 1165 1980 1210 aut
2006 1155 2161 1208 aliam

591 1261 833 1331 quamvis
865 1259 1055 1314 fmdam
1087 1256 1354 1310 libidinem
1382 1295 1395 1318 ,
1430 1253 1560 1307 nihil
1585 1249 1726 1304 aliud
1757 1248 1928 1315 reipsa
1959 1246 2161 1308 dicunt,

589 1367 744 1423 quam
765 1348 1062 1418 hujusmodi
1087 1344 1438 1414 perniciosum
1472 1343 1615 1394 virus
1643 1337 1836 1392 debere
1864 1335 2162 1388 admittere.

663 1441 786 1494 Car.
824 1455 934 1492 χιχ.
967 1467 1038 1478 --
1070 1437 1216 1489 Duc.
1245 1433 1557 1495 Maximam,
1590 1429 1776 1491 Pater,
1824 1425 1993 1479 habeo
2043 1439 2166 1492 gra-

593 1533 719 1586 tiam
767 1529 888 1583 huic
927 1527 990 1581 ad
1046 1542 1140 1580 nos
1199 1522 1579 1578 humanissimo
1619 1515 1864 1571 adventui
1911 1523 2000 1568 tuo
2031 1531 2042 1564 :
2073 1513 2166 1567 fuit

594 1625 733 1675 enim
759 1621 906 1673 nobis
928 1617 1068 1671 utilis
1090 1625 1141 1671 et
1164 1613 1426 1674 salutaris,
1445 1621 1602 1680 atque
1621 1609 1740 1662 vita:
1762 1607 2162 1660 monimentum.

593 1713 726 1767 Cum
755 1720 928 1764 autem
966 1716 1084 1778 post
1125 1705 1353 1775 prolixus
1393 1701 1572 1756 Iaudes
1603 1699 1912 1754 Theodorus
1939 1697 2168 1766 quievis-

595 1814 694 1870 sct,
746 1818 807 1856 ex
850 1798 1179 1854 adstantibus
1221 1793 1408 1864 aliquis
1449 1791 1622 1861 erupit
1665 1790 1716 1843 in
1763 1789 1894 1842 hanc
1938 1803 2164 1841 vocem:

595 1892 870 1960 Quomodo
917 1890 1110 1958 igitur,
1157 1885 1358 1954 inquit,
1404 1883 1561 1935 tantis
1603 1891 1890 1935 exornatus
1935 1877 2163 1942 dotibus,

595 1984 854 2053 superbus
895 1979 1042 2033 erat?
1091 1978 1261 2030 Ertsc.
1317 1974 1397 2027 An
1446 1975 1557 2042 ipse
1600 1984 1836 2040 pnesens
1884 1968 2168 2036 superbum

594 2092 712 2130 cum
743 2069 1152 2141 deprehendisti,
1177 2083 1242 2120 an
1268 2067 1401 2120 alius
1425 2066 1512 2118 tibi
1542 2061 1813 2117 narravit?
1840 2061 1930 2116 Ille
1951 2077 2171 2130 respon-

594 2165 671 2220 dit
701 2182 715 2219 :
745 2161 862 2216 Non
893 2161 1012 2215 novi
1055 2159 1245 2224 virum,
1278 2157 1379 2223 ait;
1423 2155 1516 2210 sed
1554 2155 1726 2209 audivi
1759 2169 1788 2208 a
1815 2152 2040 2223 quodam
2083 2167 2173 2206 co-

595 2256 776 2316 riario,
814 2253 900 2322 qui
944 2249 1190 2305 narrabat
1232 2263 1351 2302 raro
1392 2247 1560 2316 ipsum
1599 2244 1678 2299 sui
1725 2244 1932 2312 copiam
1979 2243 2170 2309 facere,

596 2347 696 2401 nisi
727 2346 778 2398 iu
811 2343 1055 2406 ecclesia,
1081 2350 1133 2395 et
1156 2338 1375 2394 moleste
1398 2337 1536 2393 ferre
1564 2336 1651 2390 diu
1681 2335 1909 2404 colloqui
1933 2349 2051 2388 cum
2074 2349 2170 2388 vo-

597 2437 846 2490 lentibus.
889 2432 1000 2488 lloe
1033 2446 1158 2486 vero
1185 2430 1454 2498 specimen
1493 2435 1574 2482 est
1613 2423 1872 2495 superbia:
1901 2432 1954 2478 et
1984 2422 2166 2488 fastus,

597 2527 777 2596 fugere
823 2537 1137 2593 congressus
1185 2519 1494 2574 volentium.
1551 2516 1726 2570 Ense.
1780 2514 1847 2568 Et
1893 2514 2170 2583 cujusnam

595 2619 731 2671 alius
760 2626 872 2670 erat
895 2613 1111 2668 Joannis
1139 2611 1449 2679 sapientiam
1479 2607 1794 2676 vituperare,
1819 2621 1974 2676 quam
2002 2605 2172 2660 coria—

596 2710 679 2769 rii,
709 2710 796 2777 qui
841 2707 1078 2761 fauorem
1122 2703 1348 2756 officina:
1389 2715 1498 2754 sua:
1528 2699 1686 2754 veluti
1715 2697 2025 2753 familiarem
2053 2712 2168 2750 am-

599 2797 874 2868 plectitur?
901 2796 954 2849 Si
983 2805 1159 2848 autem
1189 2792 1368 2862 fugere
1399 2790 1598 2854 turbas,
1628 2789 1889 2858 superbia:
1916 2789 2168 2843 indicium

595 2897 699 2953 est,
731 2889 829 2941 erit
849 2897 898 2939 et
927 2886 1157 2940 Joannes
1185 2884 1412 2952 Baptista
1442 2881 1716 2951 superbus,
1746 2881 2033 2936 secundum
2055 2896 2171 2935 scr-

599 2995 811 3034 monem
840 2987 1005 3042 tuum;
1032 2976 1119 3046 qui
1147 2975 1198 3029 in
1229 2989 1464 3029 eremum
1493 2971 1773 3026 secedebat
1803 2989 1813 3024 :
1840 2973 1940 3025 erit
1965 2980 2019 3026 et
2039 2971 2168 3026 Ser-

599 3081 752 3123 vator
783 3087 795 3122 :
823 3069 1076 3138 scriptum
1104 3065 1243 3121 enim
1271 3071 1380 3126 est,
1415 3064 1551 3133 quod
1595 3061 1776 3116 l’idens
1804 3063 1970 3116 turbas
1997 3063 2168 3129 Jesus,

596 3161 818 3216 ascendit
864 3161 915 3213 in
953 3167 1200 3222 montem;
1241 3166 1285 3209 et
1322 3172 1432 3208 cum
1478 3155 1719 3220 sedisset,
1761 3165 2070 3208 accesserunt
2106 3155 2174 3208 ad

596 3271 706 3308 eum
737 3252 969 3322 discipuli
990 3252 1099 3321 ejus
1130 3249 1339 3322 (Matth.
1373 3249 1424 3303 5.
1451 3246 1526 3320 1),
1558 3264 1660 3301 non
1684 3256 1856 3301 autem
1888 3248 2074 3301 turbm.
2108 3247 2173 3302 Et

598 3360 780 3402 rursus
810 3364 822 3399 :
863 3344 1044 3398 l'idens
1064 3343 1252 3408 turbas,
1281 3341 1477 3394 secessit
1509 3357 1732 3394 seorsum
1771 3338 1941 3414 (Ibid.
1969 3341 2021 3396 8.
2049 3341 2168 3411 18).

601 3438 766 3501 Quem
788 3449 885 3503 pro
911 3435 1106 3488 viribus
1125 3434 1334 3486 imitans
1348 3433 1576 3501 optimus
1595 3431 1845 3494 Joannes,
1868 3442 1920 3486 et
1941 3433 2050 3502 ipse
2069 3442 2171 3486 tur-

601 3525 682 3578 bis
699 3539 757 3577 se
769 3522 1114 3585 subducebat,
1136 3521 1315 3589 eisque
1335 3521 1561 3574 maxime
1576 3521 1956 3587 delectabatur,
1975 3523 2063 3592 qui
2085 3539 2172 3576 ve-

599 3615 791 3670 raciter
835 3611 1030 3682 aliquid
1074 3611 1278 3666 discere
1323 3612 1534 3665 vellent.
1582 3612 1728 3666 Duc.
1775 3612 1917 3667 Bene
1958 3613 2170 3683 quidem

600 3706 886 3774 Scriptura:
913 3704 1167 3771 exemplis
1195 3703 1496 3771 persuades.
1523 3705 1656 3770 Quid
1684 3713 1855 3760 autem
1878 3705 1941 3759 ad
1968 3705 2069 3760 hoc
2093 3708 2172 3760 tli-

599 3813 726 3860 ces,
768 3796 905 3866 quod
954 3797 1364 3850 contumeliosus
1408 3795 1569 3851 fuisse
1609 3797 1830 3862 dicitur,
1864 3813 1963 3854 nec
2000 3800 2168 3853 solum

603 3887 986 3940 ltttlltitttdittetn
1029 3886 1240 3956 fugisse,
1269 3885 1360 3941 sed
1388 3887 1468 3940 vel
1503 3904 1661 3941 unum
1687 3897 1774 3940 aut
1799 3889 1965 3943 duos?
1994 3890 2168 3945 EPISC.

603 3976 744 4030 liene
770 3976 979 4045 quidem
1007 3977 1194 4030 :etiam
1221 3990 1356 4030 uuns
1382 3976 1579 4030 inutilis
1607 3986 1656 4030 et
1681 3987 1860 4047 agyrla
1886 3978 2033 4032 turba
2059 3990 2169 4046 est;

600 4067 766 4136 qualis
801 4075 914 4120 erat
958 4066 1002 4119 is
1038 4066 1125 4135 qui
1169 4066 1299 4119 dixit
1335 4061 1546 4119 Christo
1571 4083 1583 4117 :
1611 4065 1870 4136 Magister,
1901 4085 2078 4138 sequar
2104 4079 2169 4136 te,

601 4173 906 4227 quocumque
929 4156 1043 4209 ieris
1078 4154 1182 4226 (Ib.
1218 4170 1264 4205 v.
1289 4156 1374 4211 l9.
1397 4167 1444 4210 et
1471 4155 1540 4210 20
1559 4154 1600 4226 ).
1629 4155 1812 4210 Nonne
1833 4156 2036 4226 fugiens
2066 4169 2175 4213 tur-

602 4246 695 4323 bas
715 4245 982 4308 Servatur,
1007 4245 1138 4299 dixit
1163 4263 1176 4299 :
1205 4243 1388 4316 Vulpes
1418 4249 1585 4318 foveas
1621 4247 1830 4314 habent,
1862 4259 1913 4302 et
1943 4249 2174 4319 reliqua?

605 4336 835 4390 Probare
860 4346 1034 4389 autem
1067 4335 1193 4389 mihi
1221 4351 1323 4391 non
1353 4346 1523 4408 potes,
1556 4337 1831 4402 Joannem,
1858 4354 1920 4393 ex
1949 4355 2053 4408 quo
2084 4341 2174 4394 ba-

601 4427 826 4497 ptizatus
855 4436 951 4491 est,
986 4435 1074 4480 aut
1105 4427 1349 4497 jurasse,
1382 4436 1472 4482 aut
1506 4443 1820 4498 quemquam
1863 4429 2134 4499 adjurasse
2156 4471 2171 4496 ,

600 4529 690 4572 aut
721 4518 1071 4582 maledixisse,
1103 4528 1190 4572 aut
1213 4519 1510 4583 mentitum,
1541 4528 1631 4572 aut
1662 4519 2002 4588 imprecatum
2030 4536 2172 4586 esse,

605 4622 691 4666 aut
711 4612 924 4667 facetias
946 4611 1288 4667 sustinuisse?
1328 4611 1472 4666 Duc.
1505 4610 1614 4681 Ego
1641 4611 1850 4680 quidem
1879 4626 2050 4680 neque
2080 4609 2176 4664 ho-

605 4717 718 4758 rum
748 4704 1027 4774 quidquam
1054 4704 1191 4768 dico,
1231 4701 1323 4756 sed
1359 4701 1703 4755 contumelias
1744 4700 1947 4755 fecisse.
1997 4701 2090 4754 Er.
2132 4701 2175 4756 0

604 4795 821 4864 Optime,
849 4793 1132 4861 quomodo,
1160 4793 1247 4861 qui
1274 4793 1401 4846 nihil
1434 4793 1620 4846 horum
1641 4792 1886 4862 patravit,
1911 4801 2176 4848 contume-

605 4883 726 4938 liam
757 4882 996 4945 l'aciebat,
1020 4883 1208 4950 lingua:
1236 4895 1346 4934 sua:
1373 4881 1589 4936 minime
1619 4883 1873 4951 parcens?
1916 4881 2007 4937 Est
2034 4884 2174 4938 enim

605 4973 657 5026 in
679 4987 738 5026 re
759 4987 935 5040 parva,
966 4981 1021 5024 ut
1044 4970 1099 5024 in
1127 4985 1312 5037 magna
1339 5011 1353 5034 ,
1396 4985 1488 5038 par
1526 4983 1820 5040 peccatum.
1855 4975 2000 5029 Duc.
2040 4975 2175 5044 Quid

606 5077 732 5131 ergo
751 5070 851 5125 est,
881 5075 1080 5130 qumso,
1104 5059 1243 5129 quod
1275 5061 1560 5128 loquuntur
1587 5061 1859 5116 homines?
1887 5075 1941 5118 et
1965 5065 2176 5134 quando

609 5151 750 5221 loqui
781 5151 1052 5205 desinent?
1083 5150 1174 5203 Er.
1209 5149 1287 5203 De
1314 5148 1534 5218 singulis
1572 5149 1729 5219 igitur
1753 5152 1894 5216 audi,
1929 5164 1981 5207 et
2012 5171 2174 5224 nugas

603 5241 902 5310 hujusmodi
934 5241 1039 5294 noli
1061 5241 1287 5310 amplius
1311 5240 1457 5310 sequi
1493 5257 1508 5296 :
1538 5241 1734 5294 nullam
1760 5242 1898 5296 enim
1932 5259 2176 5314 umquam

605 5335 810 5389 veniam
852 5334 1173 5406 impetrabis.
1209 5333 1478 5398 llomines,
1519 5334 1606 5404 qui
1643 5346 1786 5390 recte
1829 5351 1933 5391 non
1975 5337 2173 5405 vivunt,

607 5435 747 5479 recta
769 5425 969 5495 opinari
999 5443 1102 5479 non
1127 5435 1378 5496 possunt;
1411 5442 1622 5496 semper
1642 5436 1840 5483 temere
1855 5428 2175 5498 elfutientes,

606 5525 660 5571 et
703 5516 753 5569 in
795 5515 846 5569 id
893 5518 1217 5572 insumentes
1259 5527 1485 5589 tempus,
1517 5528 1570 5572 et
1610 5519 1840 5574 maxime
1871 5537 2029 5587 nunc,
2058 5538 2176 5578 cum

607 5608 782 5663 nullus
804 5618 985 5662 contra
1012 5609 1295 5679 quidquam
1319 5609 1522 5664 hiscere
1543 5610 1715 5665 audet.
1747 5609 1875 5665 Nam
1903 5622 1953 5667 ct
1978 5611 2045 5667 de
2064 5612 2178 5668 Ser-

607 5713 807 5765 vatorc,
840 5699 926 5769 qui
962 5700 1098 5754 Deus
1125 5711 1257 5768 erat,
1288 5711 1338 5756 et
1363 5717 1522 5772 supra
1549 5701 1814 5760 hominem
1856 5713 1910 5759 et
1949 5706 2177 5774 prophe-

2267 425 2371 472 tam
2412 418 2651 488 quemvis
2687 417 2895 474 vivebat
2934 426 3092 488 atque
3133 417 3448 488 loquebatur
3489 431 3550 472 ac
3587 414 3844 484 faciebat,

2264 508 2490 563 absurda
2529 508 2881 578 loquebantur
2904 551 2920 576 ,
2957 520 3239 580 porcorum
3269 509 3436 562 instar
3460 516 3513 562 et
3539 522 3847 563 muscarum

2265 599 2378 652 ha-c
2420 601 2487 653 de
2528 614 2592 654 eo
2631 611 3003 654 coacervantes
3035 599 3199 653 :illud
3246 599 3386 652 enim
3413 613 3474 652 ea
3504 607 3739 667 tempora
3771 613 3853 654 re-

2263 693 2561 761 quirebant.
2587 692 2687 746 Alii
2717 692 2856 746 enim
2885 691 3152 758 dicebant,
3178 690 3376 760 Decipit
3395 691 3637 744 mundum
3665 689 3847 762 (Joan.

2267 783 2316 834 7.
2364 783 2453 850 12)
2482 799 2494 836 :
2523 784 2612 837 alii
2651 798 2791 849 vero,
2821 782 2887 836 In
2921 781 3194 836 Beelzebub
3229 781 3456 851 principe
3485 781 3851 835 dtemoniornm

2266 875 2398 944 ejicit
2425 875 2671 929 dtemonia
2693 875 2842 946 (Luc.
2878 877 2962 930 11.
2987 876 3070 934 15)
3108 893 3120 927 :
3154 875 3264 940 alii,
3289 873 3422 928 Ecce
3449 875 3596 928 homo
3626 892 3785 928 vorax
3808 883 3852 928 et

2267 967 2367 1019 vini
2397 976 2595 1034 potator
2617 965 2834 1035 (Matth.
2876 967 2963 1020 11.
2995 963 3092 1038 19)
3117 985 3130 1020 :
3160 967 3279 1031 alii,
3313 965 3667 1020 Samaritanus
3694 976 3764 1020 cst
3807 975 3852 1018 et

2268 1056 2568 1108 dwmoninm
2612 1057 2756 1109 habet
2795 1056 2984 1128 (Joan.
3008 1057 3060 1111 8.
3091 1057 3220 1126 48).
3262 1056 3328 1110 Et
3366 1056 3488 1126 quid
3534 1073 3618 1111 me
3661 1058 3855 1111 attinet

2269 1145 2478 1200 illorum
2505 1146 2729 1216 ineptias
2758 1147 3006 1217 colligere
3034 1162 3095 1202 ac
3131 1149 3444 1202 recensere?
3474 1148 3622 1202 Adeo
3655 1159 3711 1201 ut
3737 1150 3854 1217 ipse

2269 1238 2537 1303 Servator,
2570 1239 2667 1292 ista
2691 1240 2882 1304 sciens,
2913 1239 3052 1294 dicat
3078 1240 3332 1309 apostolis
3356 1258 3368 1293 :
3397 1241 3552 1305 Quem
3579 1257 3654 1293 me
3679 1243 3855 1294 dictmt

2273 1327 2494 1381 homines
2523 1345 2627 1382 esse
2651 1326 2838 1382 Filium
2863 1330 3075 1384 hominis
3102 1331 3118 1399 (
3145 1329 3330 1386 Matth.
3363 1330 3448 1385 16.
3487 1332 3571 1385 15.
3610 1340 3657 1384 et
3711 1333 3778 1385 1-1
3797 1334 3856 1401 )?

2271 1420 2366 1474 Cui
2410 1421 2730 1491 respondent
2769 1422 3032 1492 discipuli,
3078 1425 3323 1479 meliores
3365 1426 3430 1480 de
3467 1440 3532 1480 eo
3574 1425 3857 1494 opiniones

2272 1511 2603 1568 referentes:
2636 1515 2738 1568 Alii
2778 1517 2976 1585 quidem
3022 1516 3217 1581 Etiam,
3262 1519 3352 1571 alii
3387 1535 3501 1572 vero
3537 1517 3814 1573 Ieremiam
3839 1562 3854 1586 ,

2273 1605 2362 1657 alii
2418 1605 2666 1659 Joannem
2718 1605 3002 1677 Baptistam
3055 1609 3228 1662 dicunt
3274 1624 3293 1662 :
3341 1609 3856 1678 improbissimorum

2273 1697 2469 1752 scilicet
2511 1713 2786 1754 sermones
2831 1700 3242 1770 supprimentes.
3282 1701 3427 1769 Quos
3468 1717 3649 1758 rursus
3685 1703 3857 1758 inter-

2273 1796 2461 1856 rogat,
2501 1804 2592 1842 eos
2635 1789 2701 1843 ab
2745 1789 3045 1846 hominibus
3085 1806 3371 1861 segregans
3408 1792 3548 1864 (non
3578 1795 3718 1848 enim
3745 1806 3861 1848 am-

2275 1880 2412 1948 plius
2434 1888 2584 1933 erant
2610 1889 2785 1934 mente
2808 1890 2861 1936 et
2877 1882 3194 1951 cogitatione
3217 1883 3477 1950 homines,
3497 1883 3588 1938 sed
3611 1884 3701 1937 lilii
3727 1881 3820 1938 Dei
3843 1903 3857 1939 :

2278 1969 2427 2023 Dedit
2470 1971 2611 2025 enim
2655 1972 2807 2026 nobis
2838 1971 3067 2028 Verbum
3104 1984 3395 2045 potestatem
3429 1976 3563 2043 ﬁlias
3609 1975 3704 2028 Dei
3746 1976 3860 2044 ﬁeri

2275 2059 2470 2133 [Joan.
2497 2067 2546 2117 1.
2580 2061 2704 2136 12])
2733 2081 2744 2117 :
2778 2063 2877 2118 Vos
2902 2075 3068 2119 autem
3101 2083 3247 2136 quem
3275 2083 3353 2120 me
3385 2084 3490 2121 esse
3508 2067 3710 2122 dicitis?
3748 2069 3859 2123 Be-

2275 2155 2538 2225 spondent
2554 2171 2660 2210 non
2676 2172 2879 2221 omnes,
2897 2159 2988 2210 sed
3002 2157 3148 2213 solus
3165 2157 3376 2222 Petrus,
3397 2167 3598 2212 mentes
3617 2160 3857 2213 omnium

2277 2247 2628 2318 interpretans
2654 2268 2666 2303 :
2698 2247 2771 2302 Tu
2786 2267 2837 2304 es
2859 2249 3104 2314 Christus,
3127 2249 3293 2304 Filius
3316 2248 3413 2304 Dei
3447 2252 3562 2304 vivi.
3584 2251 3748 2320 Cujus
3769 2267 3859 2307 re-

2276 2341 2455 2408 sponsi
2495 2341 2862 2394 rectitudinem
2893 2341 3121 2411 probans
3149 2341 3421 2408 Servator,
3455 2340 3814 2411 pronuntiavit
3841 2384 3858 2408 ,

2276 2429 2459 2485 dicens
2483 2448 2494 2483 :
2531 2429 2606 2484 Tu
2634 2448 2684 2484 es
2725 2429 2939 2494 Petrus,
2967 2443 3012 2485 et
3037 2449 3186 2503 super
3217 2433 3346 2486 hanc
3370 2442 3594 2504 petram,
3624 2431 3725 2487 hoc
3750 2441 3858 2496 est,

2277 2521 2663 2575 confessionem
2683 2521 2836 2586 hanc,
2856 2523 3117 2592 ardiﬁcabo
3140 2521 3417 2578 Ecclesium
3435 2539 3614 2586 meam,
3636 2531 3681 2576 et
3697 2533 3861 2592 porta:

2275 2610 2465 2681 inferni
2512 2628 2612 2666 non
2645 2613 2982 2682 prwvalebunt
3011 2615 3244 2668 adversus
3272 2631 3381 2668 eam
3411 2612 3620 2682 (Matth.
3647 2614 3733 2669 16.
3769 2615 3858 2668 15.

2279 2702 2366 2757 16.
2403 2712 2449 2756 ct
2489 2703 2609 2774 i8).
2653 2704 2733 2757 Ad
2779 2703 2915 2758 hanc
2969 2705 3126 2773 igitur
3167 2706 3401 2774 regulam
3447 2706 3736 2760 etiamnum
3781 2707 3861 2758 in.

2277 2796 2478 2859 venies,
2509 2808 2614 2847 non
2640 2794 2689 2847 in
2718 2793 2920 2849 Joanne
2945 2796 3134 2860 solum,
3169 2795 3260 2850 sed
3287 2794 3339 2849 in
3369 2795 3614 2850 omnibus
3638 2805 3692 2848 et
3719 2795 3862 2848 vitu-

2279 2887 2425 2955 pcria
2452 2895 2506 2940 et
2535 2884 2739 2940 laudes.
2780 2884 2846 2939 Et
2869 2885 3005 2940 sicut
3033 2901 3127 2955 per
3151 2885 3201 2939 id
3232 2886 3486 2952 temporis
3511 2885 3647 2939 male
3671 2885 3861 2954 loque-

2277 2977 2467 3032 bantur
2495 2976 2562 3031 de
2581 2975 2793 3031 Christo
2816 2986 2971 3046 atque
2999 2975 3252 3046 apostolis
3285 2975 3498 3046 Ephesii
3527 2976 3818 3030 clamantes
3843 2993 3859 3030 :

2283 3063 2356 3120 Ili
2377 3077 2511 3133 sunt,
2543 3067 2628 3137 qui
2658 3065 2998 3120 subuerterant
3033 3067 3198 3122 orbem
3229 3075 3473 3121 terrarum
3495 3065 3630 3136 (Act.
3664 3067 3750 3120 17.
3776 3067 3857 3135 6),

2279 3173 2418 3214 nunc
2442 3169 2617 3214 autem
2665 3167 2945 3214 cessarunt
2973 3159 3109 3214 male
3152 3159 3322 3228 loqui,
3363 3157 3666 3230 gloriﬁcatis
3692 3158 3858 3227 ipsis:

2279 3250 2357 3304 sic
2397 3250 2632 3318 reperies
2675 3259 2795 3320 post
2837 3249 2973 3304 hanc
3017 3251 3450 3320 generationem,
3500 3249 3759 3306 Joannem
3806 3259 3862 3305 ut

2279 3351 2568 3413 martyrem
2599 3343 2914 3396 honoratum
2959 3342 3057 3409 iri,
3099 3342 3322 3396 mortuis
3349 3342 3447 3408 iis,
3489 3342 3578 3411 qui
3605 3342 3719 3411 ejus
3749 3342 3854 3396 lat-

2279 3431 2432 3488 dibus
2473 3433 2734 3487 adversati
2763 3441 2920 3486 sunt:
2952 3442 3004 3488 et
3031 3433 3348 3503 quicumque
3373 3433 3515 3487 suilli
3556 3441 3648 3486 aut
3685 3433 3862 3487 canim

2277 3532 2420 3589 sunt,
2449 3524 2655 3590 dicent,
2685 3523 2880 3592 Decipit
2912 3523 3177 3590 mundum,
3206 3531 3259 3578 et
3282 3532 3472 3578 caetera
3499 3541 3511 3578 :
3542 3524 3864 3594 quicumque

2277 3623 2452 3668 autem
2479 3613 2724 3682 discipuli
2746 3656 2760 3679 ,
2798 3629 2922 3668 vere
2957 3622 3010 3668 et
3036 3614 3264 3668 scienter
3303 3614 3472 3683 ipsum
3507 3614 3858 3684 perquirunt,

2277 3703 2537 3769 dicentes,
2565 3703 2644 3756 Tu
2664 3721 2715 3758 cs
2735 3701 2982 3768 Christus,
3006 3702 3054 3756 F
3057 3705 3172 3757 ilius
3201 3702 3293 3758 Dei
3323 3704 3438 3758 vivi.
3471 3702 3527 3757 Si
3556 3713 3734 3758 autem
3762 3703 3864 3757 sub

2279 3793 2560 3849 Servatorc
2592 3793 2803 3848 Christo
2840 3794 2976 3848 inter
3019 3803 3093 3848 tot
3126 3793 3291 3846 millia
3325 3792 3618 3858 hominum,
3659 3790 3863 3846 duode-

2277 3885 2381 3940 cim
2413 3885 2561 3938 initio
2589 3884 2784 3938 inventi
2826 3893 2982 3949 suat,
3019 3885 3108 3954 qui
3137 3881 3404 3937 Christum
3440 3883 3670 3937 scienter
3696 3896 3864 3951 agno-

2279 3975 2450 4028 verint
2469 4017 2483 4041 ,
2512 3989 2630 4029 eum
2659 3973 2892 4044 plerique
2917 3989 3102 4029 omnes
3128 3974 3414 4028 etiamnum
3441 3971 3665 4028 delirent
3689 3991 3701 4024 :
3733 3968 3862 4041 quid

2278 4065 2344 4122 de
2367 4067 2570 4122 Joanne
2609 4067 2764 4121 anxie
2804 4065 3175 4136 disquirimus,
3206 4064 3448 4127 homine,
3480 4064 3568 4134 qui
3611 4063 3674 4117 ad
3701 4062 3862 4117 Chri-

2279 4161 2345 4214 sti
2375 4159 2592 4214 salivam
2631 4175 2737 4215 non
2775 4159 3017 4213 accessit.
3055 4157 3189 4226 Quid
3233 4167 3410 4212 autem
3447 4157 3596 4223 dico,
3629 4157 3695 4211 ad
3732 4159 3861 4211 sali-

2280 4251 2435 4302 vam?
2465 4262 2532 4303 ne
2559 4247 2625 4303 ad
2655 4248 2913 4303 fimbriam
2941 4247 3176 4318 quidem,
3221 4247 3418 4302 Omnes
3467 4248 3607 4302 enim
3651 4259 3862 4319 gentes,

2282 4349 2336 4392 ut
2362 4339 2434 4391 ait
2463 4339 2641 4405 Isaias,
2665 4333 2945 4410 Tamquam
2983 4337 3118 4392 stilla
3156 4338 3340 4405 situla,
3369 4348 3417 4392 et
3443 4349 3497 4392 ut
3526 4339 3684 4392 saliva
3710 4356 3866 4407 repu-

2281 4430 2515 4484 tabuntur
2544 4426 2696 4500 (Isui.
2731 4430 2820 4485 40.
2849 4429 2960 4501 15).
2991 4429 3105 4497 Quo
3139 4439 3312 4484 autem
3347 4429 3505 4484 modo
3529 4430 3704 4482 dixisti
3731 4445 3867 4483 con-

2283 4502 2550 4576 tumeliam
2577 4536 2699 4574 eum
2743 4519 2952 4586 fecisse,
2986 4519 3242 4588 ejusmodi
3270 4526 3353 4573 est
3390 4537 3402 4571 :
3436 4516 3607 4588 primo
3643 4518 3864 4588 quidem

2282 4628 2568 4682 numquam
2588 4621 2941 4666 consueverat
2959 4611 3126 4665 cuivis
3151 4611 3307 4664 obvio
3331 4609 3530 4664 facetus
3551 4619 3605 4664 et
3627 4609 3866 4663 urbanus

2281 4719 2419 4769 esse,
2444 4702 2610 4757 multo
2636 4701 2808 4757 minus
2829 4701 3202 4756 contumeliam
3227 4700 3399 4756 facere
3432 4717 3444 4753 :
3469 4702 3511 4754 si
3541 4715 3666 4754 vero
3694 4717 3862 4769 quos-

2283 4797 2401 4852 dam
2428 4812 2457 4850 c
2477 4796 2743 4866 germanis
2777 4791 3047 4864 discipulis
3074 4790 3205 4860 suis,
3229 4803 3317 4848 aut
3357 4789 3591 4857 clericis,
3623 4803 3714 4846 aut
3749 4795 3862 4861 epi-

2283 4888 2477 4956 scopis,
2497 4885 2735 4952 vidisset,
2755 4893 2972 4956 propter
3002 4883 3222 4955 alicujus
3249 4883 3324 4938 rei
3341 4882 3736 4948 abstinentiam,
3771 4890 3865 4936 aut

2286 4991 2498 5049 propter
2515 4987 2718 5033 rectum
2735 4992 3006 5046 corporea:
3033 4975 3254 5045 alicujus
3280 4975 3486 5030 virtutis
3516 4989 3651 5045 opus
3669 4989 3864 5043 supcr-

2285 5069 2425 5132 hire;
2460 5067 2600 5136 ipsos
2637 5065 2941 5136 objurgans,
2970 5065 3250 5120 contrariis
3293 5061 3596 5118 nominibus
3628 5061 3868 5132 appella-

2284 5158 2371 5211 bat
2400 5175 2413 5211 :
2442 5155 2600 5210 veluti
2645 5172 2794 5226 aqute
2836 5167 3073 5226 potorem
3115 5158 3404 5219 ebriosum,
3433 5166 3484 5210 et
3515 5155 3642 5209 nihil
3695 5154 3863 5223 possi-

2283 5249 2494 5306 dentem
2527 5246 2754 5302 habendi
2784 5247 2896 5316 phts
2917 5247 3252 5317 cupidum,et
3275 5247 3672 5302 misericordem
3692 5245 3865 5302 furetr.

2286 5345 2585 5398 nominans.
2619 5342 2742 5396 lla:c
2758 5343 2899 5398 enim
2923 5342 3151 5412 gratiosa
3179 5353 3261 5398 est
3301 5343 3646 5399 institutionis
3693 5344 3865 5398 forma

2285 5452 2407 5506 erga
2431 5450 2585 5490 veros
2605 5435 2912 5505 discipulos,
2941 5451 3036 5506 per
3056 5452 3117 5491 ea
3147 5453 3265 5507 qua:
3287 5453 3392 5491 non
3424 5439 3624 5500 insunt,
3650 5451 3712 5490 ea
3745 5453 3869 5507 qua:

2287 5526 2465 5582 =nsunt
2483 5527 2795 5597 approbare.
2819 5523 3080 5581 Craterum
3129 5527 3230 5582 hoc
3269 5537 3473 5582 certum
3521 5538 3623 5595 est,
3663 5536 3872 5596 tempe-

2289 5630 2491 5674 rantem
2519 5617 2909 5672 adolescentem
2941 5618 3104 5686 pluris
3131 5617 3449 5684 aestimabat,
3481 5633 3637 5688 quam
3668 5619 3867 5672 intem-

2286 5721 2558 5782 perantem
2581 5724 2783 5780 senem,
2807 5719 2858 5766 ct
2879 5724 3060 5766 senem
3107 5709 3340 5768 discendi
3382 5711 3654 5782 cupidum,
3705 5723 3869 5783 quam
