4110 6148
281 286 346 340 69
1315 284 1403 340 DE
1446 285 1600 341 “TA
1637 286 1699 344 S.
1739 285 2019 343 JOANNIS
2057 287 2547 348 CHRYSDSTUMI.
3498 303 3564 356 τυ

282 399 680 453 adolescentem
713 397 1006 469 indoctum,
1023 408 1076 453 et
1100 399 1314 454 idiotam
1341 403 1472 456 nihil
1491 401 1871 471 possidentem,

279 508 438 560 quam
463 491 682 545 doctum
712 491 952 562 pecunia:
977 491 1212 553 avidum.
1242 503 1401 562 atque
1433 496 1738 550 secutorem
1769 494 1874 548 vir-

283 593 400 638 tute
431 585 732 654 prmditum,
761 601 922 655 quam
943 585 1259 640 monachum
1288 587 1513 642 inertem
1540 603 1602 641 ac
1621 590 1871 642 otiosum.

280 681 415 745 Qua:
441 675 577 731 forte
589 678 941 732 contumelias
951 678 1246 747 vocantqui
1267 679 1500 734 honores
1511 687 1781 734 sectantur
1797 697 1810 734 :
1827 691 1880 735 et

280 769 646 834 quidem,cum
662 767 936 836 Scriptura
950 769 1295 822 contumelias
1306 769 1639 838 aliquatenus
1657 770 1871 834 habeat,

280 860 481 914 Joanne
507 859 726 928 quidem
755 859 967 913 dicente
1008 860 1072 913 iis
1092 902 1106 926 ,
1137 861 1223 929 qui
1255 862 1319 914 ad
1361 876 1418 915 se
1446 861 1786 926 accedebant,
1820 869 1875 914 ut

282 954 620 1007 docerentur.
663 950 930 1004 Geuimiua
974 953 1290 1021 viperarum,
1333 953 1443 1020 quis
1487 953 1619 1006 vobis
1661 953 1876 1006 Ostendit

279 1051 454 1116 [agere
482 1061 513 1096 a
557 1053 765 1096 ventura
808 1043 884 1096 ira
918 1040 1064 1112 (Luc.
1099 1044 1150 1097 5.
1183 1044 1270 1109 7)?
1299 1053 1352 1096 et
1394 1043 1555 1097 Paulo
1600 1057 1782 1096 rursus
1823 1043 1874 1096 in

281 1138 429 1189 Actis
451 1136 829 1204 Apostolorum
852 1135 1060 1190 dicente
1083 1135 1313 1202 pontiﬁci
1337 1155 1349 1188 :
1379 1135 1626 1188 l’ercutiet
1649 1146 1694 1188 te
1715 1135 1872 1199 Deus,

277 1228 447 1296 paries
479 1227 716 1280 dealbate
742 1227 875 1295 (Act.
913 1226 1000 1280 ‘35.
1023 1229 1084 1296 ὅ)
1111 1246 1122 1280 :
1156 1237 1208 1281 ct
1238 1227 1446 1282 dicente
1476 1229 1665 1282 alicubi
1694 1229 1878 1283 Serva-

282 1328 393 1368 tore
422 1316 662 1370 Judaeis:
696 1315 962 1370 Cencratio
987 1331 1142 1384 prava
1174 1325 1220 1369 et
1257 1316 1488 1370 adultera
1509 1319 1708 1386 signant
1741 1333 1876 1386 qum-

279 1406 340 1457 rit
371 1405 586 1475 (Matth.
621 1407 702 1460 l2.
729 1407 818 1475 59)
847 1423 860 1458 :
891 1417 942 1459 et
968 1407 1092 1460 alibi
1118 1409 1320 1460 cunctis
1341 1408 1592 1474 apostolis
1619 1449 1632 1462 .
1668 1407 1712 1459 0
1735 1408 1877 1461 stulti

279 1507 323 1548 et
351 1496 489 1548 tardi
518 1497 667 1550 corde
695 1496 846 1564 (Luc.
879 1496 968 1550 24.
999 1496 1091 1568 9.5)
1118 1515 1130 1550 :
1158 1508 1209 1552 et
1239 1497 1362 1551 alibi
1393 1496 1873 1552 PetrutnSatanam

280 1589 631 1642 nominante:
672 1587 809 1641 Vade
833 1599 946 1658 post
978 1587 1298 1652 me,Satana,
1322 1590 1556 1652 quoniam
1578 1588 1874 1641 scandalum

279 1681 406 1732 mihi
427 1697 481 1733 es
507 1679 717 1750 (Matth.
747 1680 834 1734 16.
861 1679 951 1748 ‘25)
981 1697 994 1731 :
1022 1694 1140 1732 cum
1166 1679 1306 1732 ttnlla
1333 1679 1508 1746 gravis
1527 1695 1682 1734 causa
1708 1688 1871 1744 esset,

279 1771 350 1823 ob
381 1786 542 1840 quam
575 1770 656 1824 hac
684 1771 1020 1824 contumelite
1057 1769 1265 1823 fierent.
1295 1769 1471 1838 Itaque
1497 1785 1618 1823 cum
1663 1768 1874 1823 silentio

279 1862 527 1916 discendi
557 1862 880 1916 desiderimn
909 1861 1314 1929 amplectamur,
1343 1864 1431 1931 qui
1459 1877 1562 1914 non
1591 1875 1876 1930 possumus

280 1955 552 2022 spiritales
581 1953 888 2024 dijudicarc.
917 1952 1099 2023 Neque
1134 1957 1275 2006 enim
1313 1953 1436 2007 odio
1462 1953 1716 2008 habentes
1747 1969 1876 2007 cou-

278 2045 530 2098 tuznelias
577 2043 805 2109 faciunt,
849 2059 1020 2112 neque
1061 2043 1224 2096 inﬂati
1269 2043 1608 2098 solitudinem
1651 2053 1872 2098 sectan-

279 2146 389 2200 tnr,
420 2135 600 2188 omnia
647 2135 794 2188 utilia
836 2150 898 2188 ex
939 2133 1160 2188 caritate
1197 2133 1470 2187 facientes.
1513 2133 1680 2202 llujus
1717 2134 1875 2204 igitur

277 2228 361 2279 rei
404 2227 576 2294 gratia
616 2228 777 2280 etiam
822 2226 892 2291 ii,
951 2227 1038 2294 qui
1085 2226 1136 2278 in
1181 2225 1347 2278 sacris
1386 2223 1674 2292 Scripturis
1722 2224 1874 2293 probi

276 2328 339 2370 et
379 2317 606 2371 studiosi
646 2316 798 2370 nobis
850 2315 998 2369 relati
1048 2324 1206 2380 sunt,
1249 2313 1582 2369 indoctorum
1633 2329 1876 2384 congres-

277 2424 404 2462 som
431 2407 631 2477 fugisse
661 2417 714 2461 et
739 2407 1033 2461 declinasse
1072 2407 1426 2472 inveniuntur,
1457 2423 1522 2461 ne
1555 2407 1704 2476 lapsu
1745 2418 1876 2462 tem-

280 2499 432 2567 poris
473 2499 544 2553 ob
579 2513 697 2551 eam
727 2497 1161 2552 consuetudinem
1192 2509 1281 2551 aut
1309 2497 1506 2567 aliquid
1534 2498 1743 2553 virtutis
1776 2498 1872 2553 de-

278 2591 601 2659 perderent,
645 2600 734 2644 aut
781 2591 1048 2660 quidpiam
1095 2606 1279 2645 eorum
1317 2590 1673 2660 improbitatis
1717 2591 1772 2646 in
1816 2605 1875 2648 se

277 2685 634 2739 attrahererti.
665 2683 821 2738 Sarra
856 2686 950 2753 pri.
974 2701 1002 2738 r
1046 2693 1292 2752 precatur
1317 2687 1486 2739 virum
1531 2701 1685 2740 suum
1713 2688 1874 2742 Abra-

279 2775 537 2838 hamum,
594 2784 652 2829 ut
711 2775 875 2828 lilium
935 2777 1140 2829 ancilla:
1191 2776 1364 2831 adhuc
1417 2777 1872 2835 adolescentulum

277 2865 554 2920 coturnuni
584 2866 696 2920 lare
723 2876 933 2920 arceret
961 2884 973 2918 :
1010 2867 1280 2936 indignum
1315 2869 1457 2922 enim
1491 2869 1742 2938 putabat,
1782 2873 1874 2942 qui

281 2973 407 3010 eum
442 2957 552 3012 tilio
587 2972 686 3012 suo
726 2955 906 3012 lsaaco
932 2958 1173 3026 luderet,
1218 2976 1284 3014 ne
1325 2959 1459 3014 forte
1501 2963 1697 3018 mutuis
1725 2962 1875 3018 oble-

278 3049 569 3101 ctamentis
597 3049 650 3102 in
678 3048 795 3118 ejus
826 3065 999 3104 mores
1027 3066 1090 3104 ac
1116 3051 1286 3105 studia
1313 3053 1688 3108 attraheretur.
1711 3053 1876 3109 Jacoh

280 3153 418 3194 vero
442 3149 496 3192 et
531 3139 644 3207 ipse
674 3139 796 3209 fuga
823 3140 1046 3196 salutem
1091 3142 1302 3211 qumrit,
1345 3143 1397 3196 in
1443 3143 1876 3213 Mesopotamiam

283 3228 772 3297 peregrinationem
795 3230 1116 3302 suscipiens.
1149 3232 1213 3285 lit
1240 3231 1339 3286 Lot
1367 3234 1433 3286 ab
1457 3234 1659 3302 angelis
1687 3234 1878 3289 suade-

281 3330 375 3375 tur
402 3322 702 3391 demigrare
727 3322 796 3376 ab
824 3322 1000 3392 impiis
1040 3323 1347 3378 Sodomitis.
1396 3323 1500 3380 Sed
1547 3336 1602 3380 ct
1644 3326 1873 3399 Moyses,

281 3424 343 3466 ut
367 3415 514 3482 prius
539 3414 677 3481 dixi,
708 3431 932 3486 magnus
950 3418 1036 3486 qui
1070 3416 1187 3480 t‘uit,
1234 3428 1287 3472 et
1315 3417 1456 3473 filius
1490 3418 1611 3474 {ilhc
1642 3420 1876 3476 Pharao-

282 3505 372 3558 nis
393 3505 494 3558 diei
528 3506 812 3572 recusavit,
837 3518 1101 3570 monetur,
1122 3517 1179 3562 ut
1203 3509 1417 3563 secedat
1440 3525 1469 3564 a
1493 3518 1718 3581 tyranno
1735 3512 1877 3580 ejus.

277 3611 389 3663 que
421 3595 719 3661 satellibus,
753 3606 806 3652 et
833 3597 1115 3663 excitatur,
1146 3609 1202 3653 ut
1227 3599 1326 3654 sibi
1357 3604 1756 3659 consentientes
1787 3620 1876 3659 se-

279 3704 408 3741 cum
435 3689 684 3755 abducat,
713 3701 765 3743 et
793 3688 862 3742 de
887 3689 1030 3744 exitu
1058 3691 1272 3759 cogitet.
1293 3691 1403 3747 lmo
1425 3694 1582 3748 etiam
1605 3696 1877 3765 propheta:

285 3778 654 3846 improborum
681 3779 1069 3834 multitudinem
1097 3783 1379 3847 evitantes,
1413 3784 1465 3837 in
1492 3784 1717 3840 desertis
1743 3787 1878 3842 locis

282 3872 483 3937 saepius
503 3870 770 3936 vixerunt,
796 3869 863 3924 de
878 3870 1076 3939 quibus
1093 3871 1377 3942 Apostolus
1402 3876 1476 3928 ait
1499 3890 1514 3926 :
1539 3873 1606 3928 1η
1639 3877 1877 3930 solitudi-

283 3959 434 4012 nibus
453 3969 698 4025 errantes,
732 3961 781 4012 in
805 3959 1054 4014 montibus
1081 3971 1126 4014 et
1145 3963 1417 4030 speluncis,
1446 3973 1594 4034 atque
1618 3965 1669 4018 iu
1708 3983 1878 4020 caver-

283 4051 366 4104 m's
387 4062 534 4104 terra:
557 4048 713 4120 (Heb.
741 4051 826 4114 ll,
855 4050 968 4120 58),
993 4051 1062 4104 ob
1085 4051 1367 4122 impiorum
1395 4054 1600 4110 scilicet
1619 4057 1876 4110 commix-

282 4144 487 4196 tioncm
517 4158 532 4194 :
560 4140 796 4212 alioquin
821 4142 1244 4212 scientes,quam
1274 4143 1429 4199 facile
1459 4148 1627 4215 possit
1645 4162 1876 4203 consue-

285 4233 414 4287 tudo
443 4232 651 4298 fallere,
679 4242 733 4286 et
761 4233 918 4287 simul
945 4245 1323 4290 conversantes
1358 4236 1410 4290 in
1437 4237 1626 4292 eadem
1668 4249 1876 4307 pertra-

285 4327 439 4381 here.
475 4325 661 4396 Neque
687 4326 738 4380 id
767 4327 959 4390 modo;
989 4343 1175 4382 verum
1214 4329 1337 4398 quia
1369 4330 1482 4398 ipse
1513 4345 1607 4399 per
1648 4346 1707 4385 se
1753 4348 1878 4386 con-

283 4434 502 4485 gressus
523 4417 890 4486 vituperabilis
909 4429 992 4472 est
1029 4426 1187 4486 atque
1207 4419 1482 4484 exitiosus,
1502 4430 1757 4490 praeterea
1786 4440 1880 4476 au-

288 4523 395 4565 tem
439 4519 497 4566 et
538 4513 724 4581 turpis.
751 4510 865 4565 Non
895 4512 1036 4566 enim
1058 4527 1088 4565 a
1113 4523 1298 4567 natura
1324 4514 1500 4579 habet,
1525 4514 1575 4568 id
1606 4515 1745 4585 quod
1773 4532 1877 4571 non

287 4604 545 4668 oblectat,
575 4604 862 4668 suStinere,
896 4603 1002 4657 imo
1029 4619 1096 4658 ne
1123 4604 1204 4658 vel
1255 4604 1522 4659 modicum
1577 4607 1649 4659 illi
1698 4607 1880 4661 immo-

291 4696 394 4750 rari
429 4713 442 4748 :
478 4711 601 4748 nam
633 4696 807 4749 simile
828 4695 988 4749 simili
1015 4710 1228 4764 semper
1250 4711 1431 4750 carum
1459 4705 1634 4762 est,ut
1662 4697 1875 4752 dicitur:

294 4787 454 4839 Omne
473 4786 666 4839 animal
677 4785 840 4839 simile
851 4785 1012 4856 diligit
1026 4784 1433 4856 (Eccli.l3.l9);
1447 4786 1688 4841 dissimili
1702 4797 1876 4842 autem

292 4878 564 4932 inimicum
591 4888 692 4943 est,
708 4885 867 4946 atque
886 4878 1138 4931 alienum.
1162 4877 1291 4943 Quis
1304 4878 1446 4932 enim
1465 4893 1712 4948 umquam
1738 4877 1880 4933 indu-

289 4979 372 5024 cet
390 4971 840 5039 cofumbam,qu:c
857 4985 1018 5040 grana
1041 4970 1183 5040 tegit,
1198 4981 1288 5023 aut
1306 4971 1734 5039 turturem,pasci
1757 4987 1876 5026 cum

290 5061 468 5115 milvis
486 5071 576 5114 ant
593 5060 772 5114 corvis
783 5060 1097 5124 earnivorts,
1109 5069 1202 5114 aut
1217 5060 1557 5115 herbivorum
1575 5076 1815 5116 anserem
1828 5072 1882 5117 et

289 5168 472 5220 gruem
503 5167 621 5204 cum
648 5149 943 5205 vulturibus
974 5151 1172 5204 ossium
1217 5150 1496 5205 voracibus
1525 5153 1880 5221 congregari?

290 5245 416 5308 Qua:
443 5242 587 5297 cnim
615 5244 844 5298 societas
877 5243 978 5296 luci
1000 5242 1064 5298 ad
1091 5242 1361 5307 tenebras,
1386 5251 1478 5296 aut
1500 5244 1676 5297 virtuti
1703 5245 1766 5296 ad
1797 5244 1876 5296 vi-

291 5337 419 5388 tium
438 5378 455 5399 ,
481 5344 534 5388 et
563 5333 747 5404 probis
774 5333 839 5386 ad
871 5334 1178 5402 improbos?
1209 5335 1357 5388 Duc.
1400 5333 1676 5401 Quomodo
1722 5334 1879 5404 igitur

287 5421 755 5492 Apostolusdicil:
793 5422 980 5479 Factus
1025 5441 1135 5477 sum
1175 5423 1402 5477 omnibus
1447 5424 1651 5487 omnia;
1679 5421 1876 5478 Judwis

288 5528 543 5571 tnmauam
579 5508 800 5569 ludens
824 5556 838 5583 ,
870 5526 920 5568 ut
959 5515 1170 5569 Juda'os
1229 5516 1614 5584 lucrifacerem;
1663 5516 1876 5584 inﬁrmis

285 5620 538 5678 tamquam
573 5607 830 5676 inﬁrmus,
855 5617 904 5659 ut
927 5607 1272 5675 lucrifacere»:
1295 5607 1553 5674 infirmos;
1581 5606 1644 5658 iis
1659 5606 1744 5674 qui
1771 5606 1876 5658 sine

288 5708 388 5769 lege
425 5710 594 5766 erant,
627 5708 883 5765 tamquam
915 5697 954 5750 si
984 5698 1089 5749 sine
1119 5697 1224 5766 lege
1250 5713 1425 5760 essent,
1450 5703 1501 5747 ut
1528 5695 1876 5764 lucrifaccrcm

1987 421 2089 470 eos,
2118 406 2204 474 qui
2227 407 2336 460 sine
2363 408 2470 476 lege
2508 418 2649 460 erant
2675 410 2750 476 (Ι.
2792 408 2910 462 Cor.
2941 410 2992 464 9.
3016 411 3103 466 20.
3126 413 3261 469 2H?
3303 415 3392 468 Er.
3424 417 3564 469 istud

1987 502 2368 558 testimonium,
2387 515 2420 550 ο
2450 500 2682 554 virorum
2711 502 2930 570 Optime,
2955 502 3083 557 nihil
3111 504 3177 558 ad
3206 521 3268 558 ea
3291 522 3409 572 qua:
3426 506 3566 561 dicta

1985 593 2142 650 sunt,
2171 586 2395 640 confert.
2436 589 2549 642 Non
2600 591 2744 644 enim
2790 592 2981 647 Paulus
3019 595 3186 658 dixit,
3211 595 3403 652 Factus
3447 613 3564 653 sum

1987 676 2375 746 negligentibus
2405 680 2673 749 negligens
2691 721 2707 746 ,
2731 692 2819 736 aut
2839 684 3064 751 garrulis
3089 687 3331 754 garrulus
3350 728 3365 752 ,
3393 689 3570 742 avaris

1986 781 2197 830 avarus,
2226 778 2315 822 aut
2361 770 2484 837 quid
2517 771 2855 840 hujusmodi;
2889 773 3016 838 sed,
3048 775 3243 830 Facms
3283 791 3399 830 sum
3425 789 3567 832 tant-

1985 875 2146 924 quam
2173 857 2272 912 hoc
2300 859 2381 913 vel
2433 861 2597 929 illud,
2637 877 2743 916 non
2785 864 2886 918 hoc
2909 865 3254 931 :illudenim,
3288 867 3566 937 Tamquam

1986 947 2107 1012 hoc,
2135 964 2239 1003 non
2271 950 2412 1004 idem
2443 961 2524 1006 est
2543 995 2557 1018 ,
2581 968 2643 1007 ac
2674 953 2793 1008 hoc.
2826 955 2952 1010 'l‘ale
2990 968 3165 1012 autem
3194 969 3305 1026 est,
3333 963 3471 1030 quod
3501 965 3568 1015 ah

1988 1043 2444 1111 Apostolotit,aut
2467 1044 2660 1098 dicitur
2683 1062 2694 1098 :
2723 1047 2873 1114 cujus
2901 1048 3309 1116 condescensus,
3332 1051 3431 1105 etsi
3459 1067 3564 1106 non

1984 1146 2231 1200 magnum
2257 1135 2672 1190 emolumentum
2696 1138 2746 1190 in
2773 1154 2831 1193 se
2855 1138 3120 1204 habebat,
3150 1141 3348 1194 nullum
3377 1143 3564 1197 saltem

1986 1221 2245 1277 inferebat
2268 1223 2666 1280 detrimentum.
2701 1227 2892 1282 Factus
2920 1229 3051 1282 enim
3079 1245 3188 1282 sum
3213 1229 3408 1284 Judwis
3433 1240 3566 1285 tam-

1982 1329 2133 1381 quam
2174 1313 2424 1381 Judwus,
2475 1329 2527 1370 ut
2545 1315 2757 1372 Judwos
2793 1320 3157 1391 lucrifacerem.
3189 1322 3396 1376 Etenim
3443 1338 3564 1377 cum

1985 1421 2048 1460 ex
2076 1405 2273 1462 Judmis
2311 1419 2482 1472 esset,
2524 1411 2870 1466 circumcisus
2916 1423 3068 1468 erat:
3100 1415 3366 1484 quomodo
3413 1415 3568 1484 igitur

1987 1497 2144 1563 dicit,
2177 1496 2456 1569 Tamquam
2490 1499 2736 1567 Judams,
2767 1514 2820 1557 et
2861 1503 3248 1566 nonJudams?
3273 1504 3384 1560 Una
3421 1508 3563 1559 enim

1985 1591 2261 1644 sabbatum
2287 1592 2564 1648 celebrans
2592 1602 2646 1648 et
2681 1611 2782 1648 una
2814 1596 3060 1666 jejunans
3101 1599 3293 1668 saepius
3329 1599 3563 1652 invenie-

1982 1681 2157 1748 batur,
2207 1699 2312 1736 non
2369 1692 2546 1738 tamen
2584 1686 2785 1740 violans
2813 1697 3075 1756 przecepta
3118 1687 3460 1744 Servatoris:
3508 1701 3565 1744 ut

1980 1775 2358 1829 consuetudine
2384 1791 2503 1829 cum
2529 1777 2608 1831 eis
2636 1786 2688 1832 et
2713 1781 2967 1832 comitatu
2992 1779 3058 1832 ad
3093 1778 3458 1848 perfectiorem
3475 1794 3566 1834 eo-

1979 1866 2268 1935 gnitionem
2304 1882 2398 1921 eos
2435 1868 2726 1922 attraheret
2754 1885 2767 1920 :
2795 1870 2933 1922 sicut
2970 1869 3158 1923 medici
3201 1868 3396 1924 faciunt
3418 1911 3432 1935 ,
3474 1872 3562 1938 qui

1981 1955 2140 2024 aegris
2169 1970 2275 2009 non
2300 1971 2512 2026 semper
2535 1957 2761 2023 adsunt,
2795 1975 2892 2013 nec
2915 1959 3103 2014 eodem
3125 1977 3228 2029 quo
3257 1962 3354 2030 ipsi
3377 1961 3564 2015 morbo

1979 2045 2262 2112 laborant,
2294 2063 2468 2116 neque
2494 2049 2678 2104 iisdem
2708 2051 3116 2120 appetitionibus
3135 2053 3420 2121 agitantur.
3451 2052 3563 2108 lloc

1981 2137 2122 2190 enim
2153 2139 2274 2191 vita:
2296 2138 2592 2193 institutum
2622 2141 2874 2210 magistro
2898 2143 3144 2196 convenit
3163 2183 3176 2206 ,
3210 2153 3416 2211 tempus
3443 2158 3565 2198 cum

1981 2227 2316 2284 multitudine
2358 2245 2462 2284 non
2515 2241 2703 2296 terere,
2743 2231 2838 2287 sed
2882 2231 3055 2300 quiete
3083 2241 3139 2285 et
3185 2233 3408 2286 sollicite
3438 2249 3562 2304 por-

1980 2319 2192 2386 quirere
2234 2321 2430 2374 variam
2485 2336 2690 2375 morum
2739 2332 2896 2391 atque
2940 2323 3268 2391 ingeniorum
3313 2323 3557 2378 dill‘ereno

1981 2408 2148 2474 tiam,
2208 2409 2342 2464 sicut
2393 2412 2546 2480 periti
2600 2413 2786 2466 medici
2851 2412 3069 2468 faciunt.
3125 2413 3254 2466 Nam
3305 2415 3376 2467 illi
3421 2430 3563 2484 sa-pe

1980 2500 2130 2556 libris
2191 2501 2567 2570 immorantes,
2614 2506 2920 2560 morbormn
2981 2522 3167 2562 causas
3227 2507 3560 2576 prtedicunt.

1980 2601 2034 2645 et
2077 2593 2311 2647 remedia
2367 2594 2598 2658 tradunt.
2636 2605 2840 2650 tantum
2889 2581 3009 2650 cum
3054 2597 3210 2666 aegris
3249 2609 3560 2662 versantes,

1980 2691 2236 2752 quantum
2267 2684 2462 2737 suflicit
2481 2685 2545 2738 ad
2573 2685 2941 2740 inveniemlam
2970 2701 3184 2741 causam
3211 2687 3402 2754 ntorhi,
3427 2699 3478 2742 et
3498 2691 3564 2742 ad

1981 2774 2273 2828 remedium
2308 2774 2702 2842 adhibendum,
2738 2791 2837 2830 nec
2871 2791 2990 2830 cum
3026 2776 3152 2845 ipsis
3184 2776 3422 2831 ludentes
3464 2791 3564 2832 nec

1981 2864 2320 2933 prandentes.
2355 2865 2479 2920 Htec
2505 2867 2645 2920 enim
2675 2867 2894 2920 medica:
2925 2868 3132 2921 virtutis
3173 2867 3428 2936 professio
3459 2882 3563 2924 non

1979 2965 2082 3020 est,
2100 2971 2219 3011 cum
2237 2957 2670 3026 mgrisconvivari
2688 2967 2778 3012 aut
2807 2957 3005 3024 ludere,
3031 2959 3122 3013 sed
3135 2969 3477 3031 mgrotantem
3496 2956 3563 3014 ad

1980 3045 2258 3101 sanitatem
2289 3046 2561 3102 reducere.
2580 3049 2768 3103 Desine
2791 3049 2968 3118 igitur,
2986 3065 3187 3120 (11111350,
3215 3061 3271 3107 et
3297 3052 3364 3106 de
3395 3052 3476 3106 bis
3497 3067 3565 3106 ne

1981 3137 2210 3206 amplius
2227 3137 2462 3208 disquire
2480 3180 2493 3200 .
2523 3153 2642 3194 cum
2670 3139 2840 3193 virtus
2877 3155 3164 3211 numquam
3190 3143 3429 3198 vincatur
3451 3146 3566 3198 oris

1980 3227 2197 3282 ell’renis
2227 3227 2500 3286 hominum
2528 3230 2830 3302 vituperiis;
2863 3233 2954 3286 sed
3003 3233 3177 3302 potius
3220 3233 3346 3287 mihi
3381 3233 3564 3299 crede,

1980 3329 2034 3374 et
2073 3321 2288 3375 auribus
2339 3322 2441 3375 tuis
2489 3324 2743 3377 ostiarum
2789 3323 3089 3392 prcstitue,
3129 3330 3187 3376 ut
3235 3339 3303 3378 ne
3348 3339 3562 3379 omnem

1981 3426 2280 3465 sermonem
2329 3411 2642 3477 admittant,
2685 3423 2845 3482 atque
2891 3414 3026 3467 intra
3082 3413 3350 3482 penetrale
3399 3416 3566 3470 susci~

1984 3500 2149 3570 piant,
2177 3501 2267 3571 qui
2299 3512 2530 3557 mentem
2559 3510 2702 3556 tuam
2729 3503 3019 3571 perturbet.
3046 3504 3110 3557 la't
3138 3503 3267 3558 mihi
3298 3506 3565 3572 permitte,

1981 3607 2042 3647 ea
2064 3609 2183 3662 qua:
2205 3591 2327 3647 huic
2348 3593 2637 3648 narrationi
2655 3594 2848 3649 desunt
2868 3594 3160 3665 adimplere
3181 3613 3191 3648 :
3211 3595 3400 3650 festino
3422 3597 3564 3651 enim

1983 3683 2087 3738 iter
2103 3698 2278 3738 meum
2303 3683 2580 3754 perlicere.
2609 3685 2759 3739 Tunc
2789 3684 3099 3739 Theodorus
3119 3686 3316 3754 inquit:
3339 3686 3564 3742 Ubinam

1983 3789 2107 3832 sunt
2132 3778 2363 3846 episc0pi
2390 3819 2404 3841 ,
2435 3777 2524 3846 qui
2550 3792 2672 3831 cum
2693 3778 2890 3832 nostris
2921 3779 3065 3831 missi
3095 3786 3248 3843 sunt,
3279 3779 3524 3849 Eulysius
3545 3818 3564 3847 ,

1987 3866 2270 3933 Palladius,
2289 3867 2541 3937 Cyriacus
2566 3875 2622 3922 et
2643 3867 2769 3921 Dem
2783 3867 2984 3921 carius?
3010 3869 3234 3922 obscure
3259 3869 3452 3939 quippe
3469 3885 3561 3924 au-

1982 3956 2209 4011 divimus
2228 3958 2278 4011 in
2306 3958 2547 4012 exsilium
2571 3958 2759 4012 missos
2787 3973 2925 4012 esse.
2953 3959 3126 4013 EPlSC.
3159 3959 3214 4013 Si
3235 3960 3408 4028 priora
3433 3959 3514 4014 illa
3538 4001 3552 4022 ,

1988 4065 2106 4117 qua:
2127 4065 2156 4102 a
2174 4051 2326 4104 nobis
2341 4049 2552 4104 audiisti
2566 4049 2633 4104 de
2653 4049 2807 4104 beato
2820 4049 3191 4115 loanne,clara
3207 4060 3254 4106 et
3275 4051 3551 4108 manifesta

1987 4142 2078 4196 tibi
2098 4151 2242 4207 sunt,
2260 4143 2388 4196 nihil
2421 4143 2665 4197 habentia
2687 4142 2968 4208 mendacii,
2989 4153 3145 4213 atque
3175 4143 3218 4197 si
3245 4157 3430 4198 eorum
3455 4160 3558 4199 mo-

1985 4231 2181 4286 tninisti
2207 4271 2224 4296 ,
2257 4235 2484 4288 narrabo
2513 4235 2670 4288 etiam
2695 4250 2786 4298 ea,
2813 4234 2878 4289 de
2911 4235 3101 4305 quibus
3129 4250 3216 4290 me
3245 4237 3560 4308 interrogas.

2055 4323 2185 4376 CAP.
2215 4339 2303 4376 xx.
2333 4353 2403 4364 ——
2427 4325 2574 4380 Dtac.
2609 4325 2683 4378 lta
2710 4325 2922 4380 abunde
2947 4342 3231 4396 persuasus
3263 4343 3404 4396 sum,
3429 4339 3563 4384 tam-

1985 4429 2141 4484 quam
2160 4414 2204 4468 si
2219 4430 2450 4484 praesens
2469 4418 2596 4470 locis
2617 4417 2745 4484 ipsis
2765 4418 3070 4473 adfuissem.
3087 4419 3367 4476 Sufficiens
3382 4432 3558 4476 autem

1987 4522 2120 4562 mea:
2144 4509 2502 4576 persuasionis
2530 4508 2781 4562 indicium
2808 4509 2900 4562 tibi
2925 4511 2994 4562 sit
3022 4511 3244 4564 attentio
3271 4511 3336 4564 ad
3357 4528 3418 4566 ea
3443 4529 3560 4581 qua:

1985 4600 2122 4655 dicta
2147 4609 2288 4663 sunt,
2310 4615 2536 4670 quorum
2565 4600 2736 4655 adhuc
2757 4602 2973 4656 auribus
2993 4603 3324 4658 insonantem
3359 4620 3561 4658 mento.

1985 4692 2118 4744 riam
2149 4690 2348 4745 habens
2373 4731 2386 4754 ,
2416 4689 2549 4744 forte
2576 4689 2775 4758 scripto
2799 4706 2860 4745 ea
2883 4691 3146 4746 mandabo
3178 4692 3227 4745 in
3254 4694 3559 4748 membrana

1985 4783 2181 4852 optima
2203 4793 2501 4838 atramento
2533 4783 2820 4853 descripta.
2849 4784 2915 4838 ad
2945 4785 3254 4838 memoriam
3286 4785 3558 4842 hominum

1985 4875 2156 4928 aetatis
2177 4884 2394 4940 nostrai,
2417 4885 2572 4944 atque
2589 4875 2866 4929 utilitatem
2889 4890 3074 4930 eorum
3093 4876 3179 4946 qui
3200 4879 3559 4948 episcopatum

1984 4965 2320 5030 desiderant;
2347 4977 2403 5020 ut
2421 4967 2526 5020 sint
2554 4967 2846 5022 secundum
2874 4967 3086 5022 beatum
3107 4967 3365 5026 Joannem
3392 4979 3446 5026 et
3467 4985 3562 5026 eos

1987 5055 2142 5124 hujus
2184 5056 2456 5125 temporis,
2507 5057 2596 5126 qui
2649 5073 2746 5127 pro
2798 5059 3024 5113 veritate
3067 5069 3359 5129 martyrum
3416 5059 3558 5116 viam

1993 5146 2215 5199 emulati
2259 5155 2402 5210 sunt,
2457 5157 2547 5201 aut
2593 5148 2845 5202 desinant
2887 5164 3024 5202 onus
3067 5163 3228 5218 supra
3255 5149 3396 5205 vires
3435 5167 3560 5208 suas

1987 5248 2216 5304 portare,
2258 5239 2443 5292 laicam
2489 5247 2543 5292 et
2573 5239 2792 5307 periculi
2835 5247 3109 5308 expertem
3159 5239 3318 5294 vitam
3357 5243 3561 5312 amplo-

1985 5347 2002 5381 ι
2016 5339 2208 5384 tentes.
2237 5328 2459 5384 Praestat
2475 5330 2614 5383 enim
2638 5329 2774 5398 apud
2793 5332 2990 5400 peritos
3015 5331 3415 5401 gubernatores,
3436 5335 3561 5391 dato

1989 5421 2143 5474 naulo
2167 5431 2409 5476 vectores
2433 5421 2610 5475 salvos
2633 5421 2880 5485 evadere,
2905 5438 3062 5490 quam
3090 5423 3462 5494 gubernatoris
3475 5428 3557 5483 ιο-

1985 5528 2103 5566 cum
2131 5521 2400 5566 sumentes
2419 5552 2434 5574 ,
2464 5527 2650 5566 navem
2677 5526 2797 5565 cum
2835 5512 3100 5566 mercibus
3125 5514 3398 5585 naufragio
3437 5531 3557 5585 pcr-

1986 5603 2134 5657 dere.
2168 5603 2258 5658 llis
2285 5602 2442 5672 igitur
2475 5603 2543 5659 de
2575 5603 2728 5658 beato
2751 5601 2956 5658 Joanne
2985 5605 3258 5674 oxpositis,
3291 5605 3557 5678 quomodo

1987 5696 2307 5751 severiorem
2340 5695 2495 5747 sitam
2524 5694 2839 5756 exercuerit,
2866 5703 2918 5748 et
2939 5695 3208 5762 quomodo
3230 5695 3281 5748 in
3311 5691 3563 5747 Ecclesiis
