4110 6148
558 290 606 344 τι
1825 289 2136 346 PALLADII
2181 289 2518 351 DlALOGUS

542 403 835 464 4-«Jttlserit,
864 405 971 458 sive
999 401 1362 467 Antiochensi,
1393 403 1502 458 sive
1518 402 2126 474 Constantinopolitana,

536 505 601 547 -ίι
623 495 888 563 qumnudo
919 503 1188 562 promotus
1210 494 1385 572 fuerit,
1409 505 1498 549 aut
1533 503 1661 565 quot
1694 496 1912 551 insidias
1943 513 2128 565 passus

539 587 700 638 fuerit
725 625 738 646 ,
769 595 925 650 atque
950 598 1138 638 onmes
1163 585 1300 639 inter
1328 600 1390 639 ea
1420 586 1738 641 acerbitates
1758 629 1772 651 ,
1797 603 1868 655 qu
1887 604 1915 640 e
1937 589 2003 642 ab
2031 589 2122 641 into

549 676 726 741 probis
773 675 994 728 moleste
1035 676 1321 729 elaborate
1364 685 1508 740 sunt,
1551 693 1668 730 cum
1698 677 1895 730 dixeris
1923 688 1972 732 et
2013 693 2130 746 qua:

539 763 899 834 “Porphyrium
932 776 1203 834 spectant,
1251 775 1306 819 et
1346 766 1658 820 Eunuchum
1704 767 1896 835 Ephesi
1927 767 2130 835 (pisco-

551 871 704 920 tum;
745 857 984 921 enuntio,
1013 872 1222 925 precor,
1257 859 1413 913 nobis
1449 858 1645 928 reliqua
1683 877 1695 912 :
1741 868 1792 913 et
1817 860 2031 928 quiane:
2074 859 2124 912 ia

550 960 575 999 r.
613 961 763 1001 icere
795 948 985 1001 mortui
1011 949 1112 1001 sint
1132 990 1146 1013 ,
1173 950 1386 1018 quinam
1417 949 1466 1002 in
1495 951 1738 1004 exsilium
1768 951 1870 1005 acti
1896 990 1910 1013 ,
1946 967 2126 1004 eorum

548 1039 780 1105 quicum
818 1038 1021 1092 Joanne
1061 1039 1527 1094 conununicabant
1571 1058 1584 1094 :
1621 1042 1818 1110 Ῑυπιιιιη
1859 1043 1944 1096 cui
1972 1059 1999 1092 ’τ
2047 1050 2128 1095 est

543 1132 700 1184 etiam
735 1131 921 1186 borum
949 1133 1255 1186 memoriam
1282 1132 1454 1187 facere
1480 1133 1545 1186 ad
1573 1133 1901 1187 excitandam
1932 1134 2126 1186 al..:ri-

545 1231 702 1274 tatem
731 1223 1036 1276 viventium.
1067 1221 1120 1277 Si
1149 1222 1286 1275 enim
1313 1222 1363 1274 iu
1392 1223 1474 1276 his
1499 1224 1840 1277 saecularibus
1867 1224 2118 1278 rebuzi‘a-

545 1313 690 1376 ntuli,
729 1312 815 1381 qui
849 1327 942 1380 pro
969 1312 1198 1366 dominis
1239 1313 1288 1366 itt
1329 1327 1596 1368 carcerem
1626 1315 2000 1382 conjiciuntur,
2031 1324 2123 1368 aut

548 1403 893 1456 verberantur
916 1443 931 1468 ,
963 1411 1053 1455 aut
1081 1410 1390 1472 torquentur
1409 1443 1424 1468 ,
1456 1403 1875 1457 benevolentiam
1909 1405 2124 1459 liberta-

547 1505 757 1562 temque
805 1494 870 1546 ab
907 1495 1032 1562 ipsis
1075 1503 1512 1563 consequuntur:
1563 1503 1760 1564 quanto
1816 1495 1984 1564 magis
2033 1498 2123 1565 qui

549 1595 760 1652 propter
804 1583 1070 1638 Christum
1117 1585 1389 1652 suppliciis
1432 1584 1754 1649 afficiuntur,
1805 1585 1946 1652 digni
1998 1597 2122 1641 sunt

547 1677 747 1731 honore
787 1679 1165 1743 ecclesiastico,
1215 1690 1372 1748 atque
1410 1680 1818 1734 benevolentia?
1847 1683 1911 1736 de
1933 1684 2122 1751 quibus

545 1768 838 1837 Apostolus
858 1770 964 1825 ait:
1014 1770 1202 1824 l’inctis
1247 1773 1390 1841 quasi
1433 1773 1581 1825 simul
1627 1773 1773 1825 cincti
1827 1773 1978 1843 (nuo.
2033 1775 2115 1828 l0.

514 1861 630 1928 W34)
662 1902 674 1922 ,
721 1871 877 1929 atque
938 1862 1002 1914 iis
1050 1864 1136 1930 qui
1196 1863 1516 1915 vexabantur
1546 1905 1558 1925 ,
1608 1864 1754 1931 quasi
1824 1864 2119 1919 vexationis

512 1953 897 2021 -socii,utpote
942 1962 996 2015 et
1023 1953 1120 2022 ipsi
1170 1954 1221 2006 in
1275 1968 1499 2021 corpore
1549 1954 1841 2007 constituti.
1888 1954 2120 2009 Pretiosa

499 2042 676 2093 'eniu'
709 2053 780 2096 est
831 2044 882 2104 in
927 2054 1191 2112 conspectu
1240 2042 1443 2096 Domini
1507 2060 1639 2097 mors
1682 2053 1968 2098 mactarunt
2009 2044 2120 2115 ejus

536 2131 704 2188 (Paul.
754 2132 1021 2202 “5.15).
1068 2132 1163 2186 Er.
1221 2133 1429 2202 Optime
1481 2133 1661 2188 dixisti
1712 2153 1724 2186 :
1784 2135 1903 2188 audi
1935 2135 2112 2205 igitur.

543 2225 780 2294 Episcopi
821 2226 1058 2294 quidem,
1106 2236 1159 2279 ut
1209 2227 1355 2278 initio
1405 2225 1538 2281 fama
1594 2228 1840 2296 vulgavit,
1873 2227 1922 2281 in
1971 2244 2116 2283 mare

497 2341 502 2346 -
537 2315 760 2368 demersi
789 2325 909 2368 sunt
933 2333 944 2366 :
971 2326 1026 2368 ut
1062 2328 1237 2369 autem
1267 2332 1328 2369 se
1362 2316 1518 2370 habet
1548 2317 1759 2381 veritas,
1791 2317 1842 2370 in
1871 2318 2112 2372 exsilium

535 2407 870 2476 lnzgiuquum
923 2409 1053 2474 pulsi
1083 2419 1205 2461 sunt
1245 2408 1301 2460 in
1334 2408 1582 2462 barbaras
1631 2411 1903 2477 regiones,
1937 2410 2114 2479 ibique

529 2497 688 2550 etiam
744 2512 882 2549 nunc
948 2513 976 2549 a
1031 2498 1198 2550 servis
1259 2498 1482 2565 publicis
1529 2500 1915 2552 custodiuntur.
1981 2499 2110 2553 Nam

530 2605 648 2642 cum
703 2589 930 2643 venisset
996 2589 1208 2656 quidam
1279 2588 1576 2654 diaconus,
1631 2591 1719 2658 qui
1775 2591 1930 2644 simul
1987 2606 2109 2645 eum

530 2681 608 2732 eis
637 2678 736 2732 iter
764 2679 1206 2740 fecerat,~retulit,
1232 2680 1510 2749 (lyriacum
1546 2680 1760 2748 quidem
1790 2681 2108 2735 Emesenum

533 2769 789 2840 Palmyra:
819 2769 868 2822 iu
901 2769 1179 2822 Persarum
1203 2769 1424 2823 castello
1452 2784 1592 2832 esse,
1621 2771 1888 2839 octoginta
1918 2771 2110 2826 millia-

517 2860 674 2914 .ribus
706 2859 838 2913 ultra
871 2860 1113 2912 limesaut
1150 2878 1162 2912 :
1195 2860 1463 2930 Euiysiunt
1494 2861 1737 2914 similiter
1757 2903 1770 2926 ,
1801 2863 2106 2931 episeopum

517 2951 750 3015 “808nm,
778 2951 995 3004 ulterius
1023 2951 1210 3005 itinere
1231 2952 1386 3004 trium
1414 2952 1614 3005 dierum
1644 2953 1696 3005 i-n
1731 2955 1950 3008 castello
1976 2957 2107 3008 Ara-

531 3043 674 3106 bum,
707 3042 817 3109 ltlis;
843 3043 936 3095 has
963 3041 1126 3106 dicto,
1157 3043 1436 3096 Saracenis
1474 3041 1748 3111 adjacente
1774 3061 1786 3096 :
1814 3043 2104 3100 Palladiunt

527 3133 831 3204 episcopum
864 3134 916 3186 iu
950 3133 1136 3188 vicinia
1183 3135 1508 3205 Blctnmyum
1543 3145 1634 3188 aut
1664 3135 1980 3205 fEthiopum
2009 3153 2073 3191 cu
2102 3175 2104 3177 -

527 3225 730 3290 stodiri,
779 3226 826 3278 in
869 3227 1063 3294 oppido
1099 3225 1272 3297 Syene
1303 3226 1443 3280 dicto
1479 3244 1490 3278 :
1530 3227 1851 3282 Demetrium
1885 3228 2107 3282 interius

529 3316 579 3370 in
603 3319 745 3378 0asi,
771 3317 1050 3372 Mazicibus
1076 3319 1347 3387 proxima;
1379 3329 1501 3371 sunt
1523 3319 1665 3373 enim
1694 3328 1744 3371 et
1769 3319 1882 3372 alim
1905 3319 2102 3374 Oases:

528 3411 868 3478 Serapionem
901 3419 1077 3464 autem
1111 3421 1229 3479 post
1250 3411 1568 3464 innumeras
1598 3411 1798 3480 absque
1829 3412 1931 3464 ulla
1979 3428 2104 3481 ιη’οθ

531 3503 741 3555 batioue
772 3501 1066 3554 calumnias
1087 3543 1100 3565 ,
1145 3517 1353 3556 summa
1381 3518 1501 3556 cum
1530 3503 1765 3571 judicum
1795 3503 2106 3558 crudelitate

528 3611 744 3658 ezesum,
778 3595 842 3648 ad
873 3595 1238 3649 cxcussionem
1266 3611 1432 3664 usque
1461 3595 1718 3656 dentium,
1752 3605 1810 3649 ut
1840 3596 1971 3648 fama
1998 3607 2102 3662 est,

529 3689 581 3739 in
612 3686 834 3755 patriam
866 3700 1012 3737 suam
1052 3685 1375 3753 relegarunt.
1411 3685 1640 3738 llilarius
1660 3725 1673 3748 ,
1702 3685 1785 3737 vir
1814 3695 2028 3738 sanctus
2054 3696 2106 3739 et

529 3793 712 3840 senex,
738 3777 789 3828 in
815 3777 1055 3828 intinnnn
1083 3777 1304 3828 Pontum
1330 3776 1511 3844 pulsus
1530 3784 1630 3840 est,
1655 3775 1816 3844 plagis
1837 3777 2101 3842 concisus,

530 3884 633 3922 non
664 3884 692 3920 a
715 3866 912 3936 judice,
946 3865 1037 3919 sed
1065 3880 1094 3918 a
1121 3867 1265 3919 clero
1301 3883 1312 3917 :
1343 3865 1431 3934 qui
1476 3865 1658 3919 decem
1685 3875 1739 3920 et
1767 3874 1888 3918 octo
1916 3867 2107 3920 abhinc

528 3960 679 4014 annis
717 3975 903 4030 pauent
936 3975 1037 4012 non
1071 3959 1324 4029 gustavit,
1361 3959 1505 4011 olera
1544 3958 1655 4012 sola
1694 3967 1748 4012 et
1785 3958 2104 4012 frumentum

527 4063 735 4107 coctum
765 4050 948 4104 edens.
995 4050 1257 4104 Antonius
1305 4050 1356 4102 in
1388 4048 1654 4116 speluncis
1688 4049 1978 4104 Palmstinm
2017 4065 2105 4103 se‘

525 4146 698 4213 ipsum
742 4140 1044 4194 conclusit:
1085 4139 1396 4193 'l'imotheus
1445 4139 1739 4204 Maronem,
1784 4148 1838 4194 ct
1874 4139 2106 4194 Joannes

527 4232 707 4302 Lydiae
733 4231 1006 4298 episcopi,
1041 4231 1093 4283 in
1137 4229 1438 4283 Macedonia
1467 4244 1588 4284 esse
1630 4231 1877 4285 dicuntur
1907 4249 1919 4284 :
1956 4231 2104 4283 libo--

528 4323 652 4387 don,
685 4321 965 4391 episcopus
991 4321 1162 4383 Asiae,
1194 4319 1479 4390 Mitylenen
1513 4319 1777 4389 profectus
1808 4330 1890 4375 est
1921 4338 1933 4371 :
1967 4320 2104 4375 Grc-

526 4413 739 4481 gorius,
781 4411 961 4482 Lydia:
988 4412 1300 4483 episcopus,
1345 4412 1396 4467 iu
1443 4412 1667 4483 Phrygia
1709 4428 1826 4477 esse
1863 4413 2056 4466 dicitur
2093 4434 2100 4463 ;

529 4506 708 4561 Brisso
733 4511 932 4570 autem,
955 4503 1118 4560 frater
1145 4504 1384 4569 Palladii,
1415 4505 1644 4559 Ecclesia
1673 4520 1767 4558 sua
1797 4505 1934 4557 ultro
1955 4504 2107 4558 derc-

529 4600 685 4664 licta,
728 4597 781 4652 in
811 4597 984 4668 agello
1012 4614 1110 4652 suo
1151 4597 1325 4668 degit,
1359 4607 1550 4651 terram
1596 4597 1820 4666 propriis
1863 4597 2105 4650 manibus

525 4689 750 4744 fodiens.
793 4687 1100 4759 Lampetius
1126 4703 1272 4754 vero,
1321 4700 1376 4742 ut
1406 4689 1572 4754 aiunt,
1607 4689 1655 4741 in
1701 4686 1894 4756 oppido
1924 4686 2103 4757 Lydia:

525 4796 551 4830 a
583 4778 812 4848 quodam
846 4777 1132 4832 Eleuthcro
1152 4778 1388 4846 adjutus,
1423 4777 1736 4832 lectionibus
1767 4785 1916 4830 vacat
1946 4794 1960 4830 :
1994 4777 2102 4830 Eu-

523 4870 712 4939 genius
739 4868 790 4920 iu
819 4867 985 4934 patria
1014 4875 1098 4921 est
1124 4884 1137 4918 :
1172 4866 1424 4935 Elpidius,
1463 4883 1683 4937 magnus
1715 4867 1802 4922 ille
1833 4866 2104 4921 Laodicea:

523 4960 691 5032 Syria:
719 4957 1021 5028 episcopus,
1055 4967 1108 5012 et
1132 4956 1363 5026 Pappus,
1404 4972 1498 5026 per
1529 4968 1694 5012 totum
1722 4959 2004 5014 triennium
2035 4959 2103 5013 de

523 5050 667 5106 scala
712 5049 902 5104 domus
957 5064 1068 5103 sua:
1115 5063 1220 5102 non
1273 5048 1664 5104 descenderunt
1712 5051 2101 5117 precationibus

523 5151 774 5196 vacantes
815 5158 827 5192 :
874 5137 1180 5196 Heraclidas
1230 5139 1492 5210 Ephesius
1544 5140 1944 5208 quadriennium
1989 5141 2099 5210 jam

525 5229 844 5286 Nicomedia:
887 5231 940 5285 in
984 5245 1197 5284 carcere
1245 5230 1478 5284 inclusus
1520 5240 1622 5284 est.
1669 5228 1876 5300 Reliqui
1920 5240 2098 5286 autem

521 5321 756 5392 episcopi
784 5321 851 5377 de
878 5322 1250 5378 communione
1277 5321 1498 5378 Joannis
1519 5362 1532 5385 ,
1565 5321 1707 5376 omni
1735 5336 1830 5390 spe
1872 5323 2096 5391 abjceta,

520 5411 609 5467 alii
639 5412 850 5481 quidem
889 5413 1346 5469 communicarent
1376 5413 1569 5477 Attico,
1601 5421 1653 5467 et
1678 5412 1729 5466 in
1757 5412 1888 5468 alias
1925 5413 2098 5467 Thra-

520 5505 616 5558 ciae
647 5499 914 5558 Ecclesias
959 5502 1196 5558 translati
1247 5511 1415 5565 sunt;
1463 5503 1550 5558 alii
1598 5519 1723 5558 vero
1763 5502 2096 5558 delitescunt.

519 5594 820 5651 Anatolium
844 5595 993 5650 aiunt
1015 5610 1134 5652 esse
1160 5596 1211 5650 in
1239 5596 1441 5652 Galliis.
1475 5597 1640 5650 Porro
1667 5595 2096 5666 presbyterorum

518 5685 608 5743 alii
630 5703 681 5741 In
704 5685 954 5742 Arabiam
981 5694 1036 5742 et
1061 5687 1391 5743 Palaestinam
1412 5687 1681 5744 amandati
1705 5695 1830 5742 sunt
1855 5704 1864 5738 :
1893 5686 2099 5756 'l'igrius

3751 307 3828 364 ἠ

2238 407 2289 462 in
2321 409 2752 478 Mesopotamiam
2785 413 3044 482 relegatus
3081 424 3161 470 est
3195 435 3206 470 :
3241 417 3513 487 Philippus
3554 421 3603 474 in
3651 422 3825 478 Ponto

2233 499 2382 553 exsul
2415 508 2656 554 mortuus
2681 510 2760 555 est
2791 520 2804 554 :
2832 502 3158 571 Theophilus
3188 507 3236 559 in
3257 507 3609 578 Paphlagonia
3641 512 3818 580 degit:

2231 588 2483 649 Joannes,
2515 590 2711 645 )Ellll'li
2743 594 2900 656 filius,
2930 592 3186 649 Caesarea:
3215 600 3510 653 construxit
3543 613 3820 657 monaste-

2238 681 2372 733 rimn
2401 700 2412 733 :
2439 683 2766 751 Slepbanmn
2793 686 2840 738 in
2869 686 3114 740 Arabiam
3148 688 3460 759 relegatum,
3484 707 3514 745 e
3537 693 3820 748 custodum

2236 776 2482 829 manibus
2511 778 2852 842 abstractum,
2899 778 3062 832 Isauri
3095 779 3146 832 in
3178 780 3408 835 Taurum
3459 783 3776 840 dimiserunt
3804 803 3819 840 :

2234 864 2540 920 Sallustium
2588 867 2638 921 in
2683 869 2836 922 Creta
2867 883 2987 923 esse
3029 870 3228 924 dicunt.
3281 873 3467 928 Audivi
3514 875 3821 946 Philippum

2234 957 2573 1019 monachum,
2605 968 2658 1013 et
2685 963 3048 1031 presbyterum
3080 962 3416 1030 Seltofarum,
3447 967 3496 1020 iu
3529 969 3818 1038 Campania

2230 1057 2508 1116 aegrotare.
2551 1049 2879 1118 Sophronias
2908 1052 3164 1107 diaconus
3195 1056 3247 1107 in
3279 1055 3564 1112 Thebaidis
3591 1076 3818 1116 carcere

2230 1137 2497 1194 detinetur
2529 1159 2540 1191 :
2576 1141 2768 1196 Paulus
2797 1141 3084 1208 diaconus,
3123 1149 3386 1200 0:00ll0ttli
3414 1149 3643 1217 adjutor,
3676 1153 3822 1207 dici-

2228 1237 2317 1284 tur
2344 1231 2395 1284 in
2422 1232 2593 1285 Africa
2625 1234 2825 1287 versari
2860 1252 2873 1288 :
2909 1235 3041 1289 alius
3070 1235 3280 1302 Paulus,
3310 1239 3566 1295 diaconus
3588 1245 3822 1298 Anasta-

2229 1321 2342 1385 sizr,
2370 1322 2750 1393 Hierosolymis
2775 1325 2903 1378 v-ivit
2935 1343 2946 1378 :
2979 1326 3270 1392 llelladius,
3298 1331 3576 1401 presbyter
3604 1333 3818 1399 Palatii,

2229 1413 2280 1467 in
2311 1414 2485 1483 agclio
2509 1430 2606 1468 suo
2634 1415 2894 1487 Bithynae
2917 1418 3073 1470 vitam
3102 1419 3225 1488 agit.
3257 1420 3441 1474 Plures
3469 1433 3644 1478 autem
3664 1423 3817 1479 Con-

2227 1507 2568 1575 stantinopoli
2592 1507 2909 1562 delitescunt
2935 1527 2947 1562 :
2972 1511 3057 1563 alii
3093 1512 3141 1564 iu
3173 1513 3372 1578 patrias
3397 1530 3520 1569 suas
3541 1517 3813 1573 abierunt.

2225 1596 2496 1661 Silvanus,
2528 1610 2742 1652 sanctus
2769 1601 3048 1670 episcopus
3069 1644 3082 1664 ,
3114 1603 3322 1659 Troade
3351 1607 3582 1675 piseatur
3601 1649 3614 1670 ,
3645 1619 3700 1663 ct
3725 1611 3813 1678 pi-

2225 1696 2371 1740 seatu
2402 1689 2529 1741 vivit
2563 1708 2575 1742 :
2621 1691 2919 1760 Stephanus
2949 1694 3239 1748 incltae-ltus
3261 1735 3274 1758 ,
3322 1697 3410 1765 qui
3449 1695 3811 1754 Romanorum

2223 1777 2474 1846 epistolas
2525 1779 2749 1844 detulit,
2799 1781 2868 1835 ob
2917 1781 2966 1835 id
3023 1783 3190 1852 ipsum
3238 1786 3568 1855 verberatus,
3622 1789 3812 1844 decom

2225 1884 2435 1923 menses
2471 1869 2928 1941 ConstantinOpoli
2976 1874 3028 1926 in
3057 1890 3271 1930 carcere
3301 1878 3458 1931 vitam
3503 1881 3628 1949 egit.
3673 1881 3812 1936 Cum

2221 1969 2398 2015 autem
2441 1963 2487 2015 ci
2517 1964 2818 2018 conununio
2850 1968 3113 2035 proposita
3159 1977 3335 2034 esset,
3367 1982 3422 2024 et
3461 1987 3564 2025 non
3594 1974 3814 2042 acquie-

2223 2051 2404 2118 visset,
2431 2052 2684 2108 lateribus
2714 2063 2766 2109 et
2802 2064 3014 2124 pectore
3037 2058 3349 2127 ungularum
3383 2061 3630 2116 violentia
3667 2063 3816 2118 lace-

2222 2141 2380 2204 ratis,
2409 2143 2558 2211 cujus
2589 2143 2662 2197 rei
2691 2145 2804 2212 ipse
2827 2146 3070 2200 oculatus
3099 2147 3246 2201 testis
3273 2147 3368 2213 fui,
3401 2149 3598 2204 Christi
3623 2154 3812 2222 provi-

2220 2230 2395 2284 dentia
2439 2233 2490 2285 in
2536 2234 2763 2287 secunda
2796 2235 3022 2290 fortasse
3059 2240 3346 2292 certamina
3376 2254 3644 2308 servatus,
3685 2254 3812 2312 post

2221 2322 2482 2376 decinmm
2509 2325 2799 2379 curationis
2825 2341 2934 2380 sua:
2963 2342 3222 2390 mensem,
3251 2329 3518 2385 Pelusium
3543 2333 3810 2403 relegatus

2219 2422 2319 2465 est.
2368 2413 2712 2468 Provincialis
2740 2415 2950 2484 quidam
2980 2417 3148 2479 miles,
3195 2435 3258 2472 ex
3287 2420 3498 2474 Scholis
3531 2423 3803 2488 Palatinis,

2220 2512 2494 2557 accuratus
2523 2514 2784 2573 tamquam
2813 2505 3034 2559 Joannis
3064 2506 3255 2573 fautor,
3286 2518 3403 2576 post
3433 2513 3561 2565 varii
3592 2517 3810 2581 generis

2219 2591 2397 2661 plagas
2421 2601 2475 2646 ct
2495 2593 2854 2648 atrocissimas
2882 2596 3188 2650 abrasioncs
3217 2598 3396 2653 Petrus
3425 2601 3573 2654 exsul
3603 2602 3805 2658 misms

2217 2692 2318 2738 est.
2368 2684 2559 2752 Elpidii
2592 2700 2717 2738 vero
2764 2686 3056 2756 presbyteri
3107 2687 3350 2754 famulus,
3395 2693 3802 2762 quinquaginta,

2219 2785 2275 2829 ιιι
2302 2781 2468 2842 aiunt,
2499 2778 2674 2830 aureis
2701 2777 3016 2844 conductus,
3047 2789 3104 2832 ut
3129 2792 3365 2834 sanctum
3393 2783 3655 2838 Joannem
3677 2787 3808 2841 dolo

2216 2866 2536 2920 interticeret
2577 2885 2590 2919 :
2622 2883 2740 2920 cum
2772 2869 3134 2936 deprehensus
3166 2883 3304 2923 esset
3337 2882 3446 2926 tres
3473 2875 3674 2942 gladios
3701 2877 3806 2930 ba-

2215 2957 2356 3021 bere,
2383 2967 2583 3026 septem
2613 2975 2674 3011 ex
2705 2958 2765 3011 iis
2795 2961 2882 3027 qui
2915 2961 3084 3029 ipsum
3113 2963 3590 3030 apprehenderant,
3617 2967 3806 3036 singil-

2211 3047 2355 3102 latim
2411 3050 2718 3117 percussit:
2768 3067 2987 3117 quorum
3037 3061 3264 3119 quatuor
3307 3055 3559 3108 continuo
3605 3059 3804 3126 sepulti

2211 3151 2354 3206 sunt,
2384 3142 2469 3194 alii
2500 3151 2675 3194 autem
2707 3150 2814 3195 tres
2844 3153 2956 3209 post
2986 3143 3286 3196 diuturnam
3311 3146 3638 3200 curationem
3661 3151 3798 3203 salvi

2211 3242 2517 3293 evaserunt,
2551 3233 2794 3285 absoluto
2826 3233 3108 3288 homicida.
3142 3235 3334 3289 Beatus
3363 3238 3666 3307 Eutr0pius,
3698 3257 3800 3310 pu-

2213 3337 2304 3376 rus
2330 3339 2358 3375 a
2390 3323 2718 3385 mulieribus,
2749 3336 2952 3387 cantor,
2987 3324 3303 3380 verberibus
3321 3342 3514 3394 ca'sus,
3543 3339 3597 3383 et
3623 3331 3805 3385 lateri-

2214 3412 2310 3467 bus
2337 3428 2398 3466 ae
2429 3413 2599 3466 frente
2644 3429 2811 3480 usque
2851 3414 2982 3466 adeo
3014 3413 3306 3479 laceratus,
3341 3425 3398 3469 ut
3433 3426 3487 3471 ct
3514 3421 3802 3487 supercilia

2211 3518 2420 3572 quoque
2448 3503 2629 3556 evulsa
2659 3504 2764 3555 sint
2785 3544 2797 3564 ,
2835 3503 3034 3556 facibus
3063 3516 3332 3572 postremo
3358 3507 3422 3559 ad
3457 3508 3644 3576 latera,
3677 3521 3802 3579 post

2210 3607 2330 3645 os.~a
2363 3593 2555 3645 nudata
2579 3632 2594 3653 ,
2634 3595 2901 3660 utrimque
2946 3593 3173 3647 admotis
3216 3595 3338 3648 oleo
3367 3598 3568 3664 plenis,
3599 3598 3649 3651 in
3683 3601 3803 3668 ipso

2209 3685 2437 3753 equuleo
2457 3685 2686 3736 animam
2719 3683 3010 3744 exhalavit,
3047 3684 3322 3754 mediaque
3353 3697 3511 3740 nocte
3553 3690 3800 3757 sepultus

2210 3783 2292 3828 est
2332 3790 2360 3827 a
2397 3774 2640 3838 clericis,
2671 3775 2756 3841 qui
2807 3773 2905 3826 hoc
2950 3782 3250 3842 patrarunt;
3293 3789 3414 3828 cum
3459 3777 3593 3830 Deus
3637 3781 3798 3833 morti

2213 3866 2326 3934 ejus
2354 3867 2709 3918 testimonium
2757 3865 3068 3933 praebuisset
3101 3866 3304 3920 visione
3333 3868 3694 3935 psallentium,
3725 3872 3800 3924 ob

2213 3958 2512 4012 Servatoris
2567 3957 2824 4026 passionis
2867 3957 3314 4010 conformitatem.
3373 3959 3570 4012 Retulit
3617 3973 3796 4016 autem

2213 4051 2472 4105 diacono.
2507 4051 2593 4118 qui
2623 4049 2688 4102 ab
2709 4049 2973 4119 episcopis
3003 4049 3178 4114 rediit,
3199 4065 3232 4104 a
3256 4049 3494 4103 Pra'fccti
3518 4052 3796 4118 militibus,

2211 4142 2299 4211 qui
2329 4157 2420 4196 eos
2450 4142 2803 4206 deduxerunt,
2833 4156 2999 4210 usque
3034 4139 3168 4194 adeo
3194 4140 3344 4208 jussu
3371 4141 3668 4210 aliquorum
3697 4158 3798 4196 ve-

2211 4243 2395 4298 xatos,
2431 4243 2488 4286 ut
2531 4233 2664 4286 llltll‘l
2693 4241 2940 4301 optarent
2968 4239 3021 4284 ct
3060 4229 3242 4286 vivere
3283 4242 3609 4286 recusarent.
3659 4233 3795 4288 Nam

2211 4325 2466 4394 pecunias
2486 4367 2500 4386 ,
2533 4339 2663 4392 quas
2688 4325 2741 4377 in
2781 4332 3024 4391 sumptus
3051 4322 3256 4376 itineris
3285 4322 3383 4375 sibi
3414 4335 3794 4391 sumpserant,

2211 4417 2419 4485 penitus
2463 4417 2712 4483 abreptas
2758 4415 2895 4469 inter
2938 4429 2995 4469 se
3043 4415 3219 4484 partiti
3249 4423 3405 4478 sunt,
3447 4416 3580 4468 etin
3612 4431 3796 4471 macra

2204 4508 2442 4574 jumenta
2471 4521 2564 4561 eos
2595 4507 2912 4574 injicientes,
2942 4505 3086 4560 bidui
3115 4506 3213 4558 iter
3245 4520 3349 4559 uno
3377 4506 3461 4560 die
3492 4505 3792 4561 faciebant:

2209 4599 2370 4651 multa
2403 4607 2556 4651 nocte
2602 4599 2652 4649 iu
2683 4597 2974 4651 diversoria
3023 4596 3451 4661 introducentes,
3494 4609 3547 4650 et
3582 4614 3795 4651 summo

2208 4703 2364 4743 tuane
2389 4700 2512 4743 ante
2553 4686 2723 4740 lucem
2762 4687 3106 4750 reducentes,
3141 4687 3206 4738 ita
3239 4697 3286 4738 ut
3322 4703 3388 4740 ne
3419 4691 3640 4741 miseras
3670 4687 3794 4756 qui—

2208 4778 2327 4833 dem
2359 4793 2511 4833 escas
2542 4777 2848 4832 stumaclms
2877 4777 3105 4831 retinere
3137 4787 3332 4844 posset.
3367 4777 3630 4844 Turpibus
3656 4793 3796 4846 pnn-

2208 4876 2350 4922 terea
2382 4877 2435 4922 et.
2477 4866 2769 4921 inhonestis
2793 4867 2968 4920 verbis
3008 4881 3100 4921 eos
3148 4865 3403 4935 impetere
3451 4881 3554 4920 non
3599 4882 3795 4936 parce-

2207 4957 2352 5012 bant.
2399 4957 2630 5011 Palladio
2660 4958 2817 5011 etiam
2861 4957 3110 5010 famulum
3141 4957 3473 5010 abstulerunt
3497 4998 3510 5019 ,
3545 4958 3648 5010 vim
3693 4959 3792 5026 ipsi

2207 5047 2526 5112 inferentes,
2559 5060 2614 5102 ut
2655 5049 2874 5103 tabellas
2914 5048 3225 5116 deponeret.
3262 5047 3583 5102 Demetrium
3611 5057 3794 5103 autem

2207 5158 2338 5195 uitus
2390 5158 2420 5195 e
2461 5141 2839 5196 deductoribus
2881 5155 3049 5209 usque
3090 5139 3224 5193 adeo
3268 5138 3500 5204 vexavit,
3543 5147 3602 5192 ut
3630 5139 3795 5194 multa

2206 5243 2360 5284 nocte
2393 5232 2601 5300 Bizyaui
2638 5230 2970 5299 pervenerit;
3014 5229 3101 5298 qui
3133 5228 3308 5282 statim
3335 5227 3662 5297 gravissimis
3691 5227 3792 5281 do-

2207 5325 2406 5379 lorilnts
2453 5335 2561 5377 ιυιιι
2601 5338 2826 5392 corpore
2867 5323 3132 5376 cruciatus
3161 5320 3368 5374 vivendi
3414 5320 3572 5374 linem
3621 5318 3790 5372 fecit:

2207 5417 2274 5470 ita
2306 5425 2364 5470 ut
2392 5416 2565 5468 Cllﬂt'll
2595 5415 2757 5468 Deum
2785 5419 3121 5474 venerantes,
3149 5420 3501 5478 agnoscerent
3523 5425 3641 5462 cant
3670 5422 3792 5463 esse

2205 5522 2414 5576 pennam
2466 5505 2774 5574 iujuriaruut
2811 5522 2823 5556 :
2856 5519 2976 5556 cum
3024 5499 3358 5572 ptmdixisset
3399 5499 3448 5554 ei
3497 5495 3789 5559 Palladius,

2207 5608 2260 5650 ut
2291 5598 2455 5650 redux
2482 5595 2694 5663 quidam
2735 5594 3030 5650 commilito
3060 5592 3294 5646 narravit
3326 5608 3339 5642 :
3374 5589 3525 5644 Aliud
3555 5589 3656 5644 iter
3682 5604 3790 5644 non

2211 5689 2441 5752 inceucs,
2468 5686 2560 5741 scd
2585 5685 2957 5741 miserabiliter
2981 5683 3244 5738 morieris.
3277 5680 3530 5737 Ecclesiis
3559 5693 3792 5750 namque

3847 627 3856 671 l
