4110 6148
314 355 385 413 π
1346 344 1434 399 or.
1477 342 1637 399 vnn
1675 340 1730 396 s.
1773 333 2051 395 tonans
2087 334 2579 397 coarsosrout.
2665 296 2671 301 ’
3521 337 3594 393 7s

317 474 463 525 viros
507 472 724 521 satietas
767 461 985 516 omnino
1022 457 1448 529 appropinquare
1490 469 1594 508 non
1637 449 1901 514 sinebant,

318 563 647 615 dirimentes
674 561 768 607 aut
793 553 846 607 in
873 550 1106 615 stabula,
1138 547 1225 603 ubi
1253 555 1550 602 scortorum
1580 551 1695 597 erat
1726 541 1874 596 multi

319 651 484 716 tudo;
512 656 606 703 aut
632 648 683 701 in
712 643 1189 703 Samaritanorum,
1222 637 1305 693 vel
1347 636 1650 692 Judzeorum
1677 645 1906 704 synago-

320 756 437 816 gas,
463 741 729 812 pracipue
758 737 910 793 Tarsi
941 753 955 790 :
986 735 1057 790 ita
1082 743 1136 789 ut
1169 731 1278 787 illic
1308 730 1360 784 in
1389 728 1660 798 angustias
1684 724 1905 790 redacti,

323 837 477 890 etiam
504 830 650 887 aliud
680 827 806 899 quid
837 826 1166 898 cogitarent,
1197 820 1338 892 quod
1368 828 1486 875 erat
1527 817 1745 871 minime
1775 828 1909 883 prae-

324 926 657 982 meditatum.
689 922 841 978 Unus
883 927 1059 973 autem
1088 932 1152 972 ex
1180 912 1446 984 episeOpis
1473 909 1605 965 dixit
1636 926 1649 962 :
1678 907 1813 975 Quid
1841 905 1910 960 ob

321 1015 615 1073 diversoria
660 1011 978 1068 tristamur?
1020 1024 1144 1064 num
1182 1007 1323 1063 enim
1371 1006 1425 1058 in
1472 1003 1625 1057 nobis
1662 1007 1778 1066 est,
1820 998 1908 1054 ubi

323 1110 678 1170 diversemur,
723 1115 782 1159 ut
825 1103 1035 1172 propria
1059 1100 1333 1155 voluntate
1374 1095 1623 1151 indecore
1671 1100 1907 1162 agentes,

324 1215 509 1271 ponas
537 1198 728 1253 demus
747 1196 773 1251 ἳ
801 1207 869 1249 an
896 1192 1150 1264 ignoratis
1172 1191 1287 1245 haec
1306 1189 1479 1244 omnia
1496 1187 1607 1258 jam
1629 1185 1913 1255 contigisse

322 1310 383 1348 ar
411 1292 590 1346 futura
619 1304 757 1356 esse,
782 1303 903 1343 cum
927 1286 1067 1341 Deus
1095 1285 1149 1340 in
1174 1282 1256 1338 his
1285 1281 1528 1336 omnibus
1548 1273 1911 1349 glorificetur?

323 1388 494 1455 Quam
516 1381 700 1437 multa:
724 1395 789 1436 ex
818 1378 922 1433 illis
945 1375 1315 1432 meretricibus
1338 1389 1457 1444 qua:
1478 1372 1569 1427 Dei
1592 1369 1912 1425 oblivionem

323 1488 603 1553 ceperant,
630 1489 723 1534 aut
746 1478 814 1532 ab
840 1475 992 1529 initio
1019 1488 1142 1530 eum
1170 1487 1236 1527 ne
1274 1477 1466 1525 norant
1493 1466 1728 1538 quidem,
1761 1463 1915 1518 nobis

326 1577 455 1631 visis
482 1575 557 1629 ita
587 1571 814 1634 vexatis,
849 1568 902 1623 in
930 1568 1174 1622 timorem
1207 1565 1295 1619 Dei
1338 1572 1389 1618 et
1419 1563 1792 1632 cogitationem
1819 1573 1914 1613 ve—

327 1675 540 1731 nerunt,
579 1664 802 1718 fortasse
831 1661 882 1714 in
911 1658 1099 1714 melius
1127 1670 1423 1720 conversm,
1446 1664 1539 1708 aut
1578 1652 1766 1709 saltem
1807 1668 1916 1707 non

328 1757 597 1829 prolapsae
635 1755 688 1808 in
728 1752 879 1822 pejus
900 1750 925 1801 τ
951 1748 1066 1805 Non
1104 1761 1290 1817 parum
1319 1754 1404 1800 est
1428 1743 1674 1799 rationali
1699 1743 1913 1811 animae,

328 1864 451 1921 qua:
475 1863 506 1903 a
538 1843 1029 1917 perturbationibus
1052 1850 1303 1905 vexatur,
1335 1836 1420 1892 vel
1446 1837 1711 1890 modicum
1741 1837 1916 1905 respi-

328 1955 477 2006 rare,
500 1937 641 2006 quod
665 1944 747 1989 est
764 1932 1095 1988 castimoniae
1115 1929 1407 1985 fomentum
1434 1946 1446 1981 :
1470 1927 1605 1983 adeo
1622 1936 1682 1981 ut
1701 1926 1914 1992 dixerit,

327 2032 417 2102 qui
450 2030 568 2083 hsce
591 2027 857 2087 sustinuit,
881 2039 1156 2079 sacrorum
1195 2021 1457 2089 interpres
1481 2018 1675 2073 Paulus
1696 2036 1708 2071 :
1729 2016 1919 2073 Christi

329 2124 494 2175 bonus
517 2118 646 2173 odor
669 2135 840 2172 sumus
860 2118 910 2170 in
933 2116 1008 2168 Itis
1032 2115 1118 2185 qui
1142 2112 1270 2167 salui
1291 2113 1440 2182 fiunt,
1461 2120 1507 2165 et
1530 2111 1584 2165 in
1602 2110 1678 2163 Itis
1702 2110 1790 2181 qui
1806 2126 1922 2179 per-

330 2224 454 2268 cunt
487 2211 567 2284 (9..
588 2209 705 2267 Cor.
735 2211 786 2264 2.
815 2210 902 2277 15)
929 2250 943 2273 ,
977 2224 1033 2261 eo
1059 2204 1194 2277 quod
1227 2204 1564 2276 spectaculum
1603 2203 1722 2271 facti
1748 2218 1921 2256 sumus

328 2305 530 2376 angelis
572 2311 620 2355 et
658 2299 939 2356 hominibus
966 2299 983 2367 (
1009 2299 1055 2352 Ι.
1080 2296 1198 2352 Cor.
1226 2298 1278 2352 4.
1307 2295 1401 2367 9).
1433 2294 1512 2349 Eo
1550 2302 1726 2348 autem
1753 2308 1921 2363 usque

328 2393 671 2450 crudelitatis
697 2398 1055 2461 proruperunt
1078 2387 1315 2443 locorum
1348 2387 1560 2441 illorum
1591 2385 1823 2454 episcopi
1854 2385 1922 2438 de

329 2483 713 2538 communione
759 2475 1039 2549 Theophili
1091 2492 1185 2545 per
1229 2486 1394 2531 totum
1435 2474 1738 2540 Orientem,
1786 2474 1922 2528 sicut

330 2574 519 2632 retulit
562 2570 856 2629 monachus
894 2571 980 2641 qui
1022 2568 1144 2624 inde
1170 2568 1346 2632 rediit,
1380 2576 1437 2621 ut
1467 2566 1706 2636 plerique
1734 2580 1919 2619 eorum

331 2681 441 2720 non
484 2663 646 2717 modo
687 2661 921 2716 debitam
950 2659 1334 2715 humanitatem
1367 2657 1562 2711 nostris
1610 2671 1714 2710 non
1761 2655 1919 2710 exhi-

331 2755 554 2811 lmerint
572 2796 587 2820 ,
631 2767 811 2807 verum
841 2752 978 2806 datis
1006 2751 1315 2806 muneribus
1342 2748 1697 2803 Prretorianos
1727 2746 1922 2802 milites

331 2847 687 2912 induxerint,
736 2854 792 2899 ut
837 2858 933 2900 eos
976 2844 1125 2898 ocius
1161 2858 1192 2897 e
1230 2841 1531 2898 civitatibus
1574 2840 1919 2909 expellerent.

330 2939 478 2996 Sunt
504 2948 683 2993 autem
715 2937 804 3006 qui
837 2937 950 2991 lucc
974 2935 1242 3006 praecipue
1267 2934 1458 2997 fecere,
1483 2932 1632 2987 Tarsi
1661 2940 1716 2985 et
1740 2932 1928 2985 Antio-

281 3050 293 3063 .
327 3032 473 3088 ἀπίω
500 3030 771 3100 episcopi,
803 3038 960 3100 atque
1003 3027 1256 3097 Eulogius
1283 3026 1543 3080 Caesareas
1584 3023 1921 3087 Palmslinuz;

331 3132 465 3178 ante
509 3137 699 3179 omnes
744 3129 921 3175 autem
968 3120 1250 3190 episcopus
1282 3120 1502 3189 Ancyrae
1532 3125 1585 3171 et
1611 3116 1926 3170 Ammonius

329 3215 562 3278 Pelusii,
590 3213 781 3283 partim
808 3212 981 3278 donis,
1012 3211 1202 3281 partim
1230 3208 1411 3272 minis,
1441 3206 1759 3263 deducturos
1787 3206 1925 3260 mili-

326 3318 419 3363 tes
461 3306 723 3361 adversus
764 3318 860 3360 eos
902 3304 1069 3374 magis
1114 3311 1524 3370 exasperantes,
1575 3307 1628 3353 ut
1665 3314 1732 3354 ne
1774 3298 1925 3354 laicis

329 3400 557 3471 quidem
608 3411 705 3452 eos
757 3395 1004 3468 excipere
1056 3394 1354 3451 volentibus
1405 3391 1456 3446 id
1510 3391 1920 3461 permitterent:

330 3494 478 3548 sicut
520 3491 575 3545 in
602 3487 890 3544 Catholieis
916 3488 1102 3543 scribit
1147 3487 1212 3541 ad
1237 3485 1420 3541 Caium
1468 3485 1652 3540 beatus
1695 3482 1926 3539 Joannes

332 3582 599 3637 adversus
640 3579 922 3651 quemdam
963 3579 1305 3650 episcopum,
1353 3576 1769 3645 hosmtalitatem
1815 3574 1925 3629 Caii

333 3674 567 3730 laudans
586 3714 602 3736 ,
631 3688 859 3743 eumque
888 3685 1069 3733 orans,
1100 3687 1167 3726 ne
1195 3670 1467 3739 improbos
1498 3669 1776 3739 episcOpos
1802 3667 1925 3722 imi-

334 3776 503 3824 tetur.
555 3767 644 3822 Sic
683 3775 859 3820 autem
891 3765 1049 3819 verba
1090 3779 1147 3819 se
1193 3763 1394 3818 habent
1425 3779 1438 3816 :
1476 3761 1598 3818 Caio
1642 3761 1923 3829 carissimo,

331 3875 485 3930 quem
517 3873 609 3928 ego
635 3857 791 3928 diligo
815 3857 868 3910 in
894 3856 1116 3910 veritate.
1145 3854 1435 3922 Carissimo,
1464 3852 1527 3907 de
1550 3852 1778 3906 erunibus
1803 3868 1924 3905 ora-

330 3953 527 4006 tionem
554 3950 687 4019 facio
712 3965 950 4020 prospere
972 3957 1017 4002 te
1038 3946 1236 4018 ingredi
1259 3956 1305 4003 et
1333 3947 1514 4010 valere,
1538 3948 1663 4001 sicut
1690 3963 1928 4018 prospere

334 4042 446 4113 agit
473 4041 645 4094 anima
677 4051 784 4094 tua.
816 4039 1032 4095 Gauisus
1071 4055 1180 4094 sum
1210 4038 1355 4093 ualde
1381 4039 1687 4093 venientibus
1717 4037 1925 4106 quibus-

334 4136 482 4200 dam,
511 4142 558 4187 et
583 4131 904 4187 narrantibus
932 4131 1057 4185 mihi
1077 4172 1092 4195 ,
1121 4129 1257 4201 quod
1281 4130 1335 4185 in
1362 4130 1567 4185 veritate
1591 4128 1820 4183 ambulas
1841 4172 1852 4192 ,
1883 4137 1928 4183 et

333 4228 394 4280 in
413 4224 593 4295 quibus
615 4233 811 4278 sanctos
830 4222 1068 4289 refecisti.
1097 4220 1268 4288 Majus
1289 4220 1366 4274 his
1388 4236 1487 4274 non
1510 4219 1665 4274 habeo
1684 4219 1928 4290 gaudium

334 4317 418 4386 (3.
441 4314 600 4370 Joan.
632 4315 786 4385 1-4).
816 4314 885 4368 Et
907 4313 1055 4367 addit
1084 4329 1095 4365 :
1132 4311 1328 4382 Scripsi
1362 4310 1636 4375 Ecclesiae;
1660 4313 1749 4365 sed
1774 4312 1819 4366 is
1842 4315 1928 4382 qui

336 4415 481 4461 ornat
525 4405 805 4477 primatum
843 4419 1012 4476 gerere
1049 4404 1101 4457 in
1141 4402 1212 4456 eis
1241 4401 1560 4472 Diotrephes,
1606 4418 1706 4455 non
1753 4401 1928 4470 recipit

337 4514 457 4563 nos,
496 4497 657 4552 verbis
695 4496 928 4567 malignis
959 4494 1203 4566 garricns,
1237 4502 1284 4548 et
1311 4494 1454 4562 quasi
1491 4510 1590 4546 non
1615 4492 1660 4545 ei
1692 4495 1788 4545 ista
1812 4490 1927 4561 suf-

341 4590 557 4658 ficiant;
595 4602 751 4657 neque
777 4588 884 4656 ipse
913 4585 1124 4655 suscipit
1150 4590 1353 4655 fratres,
1382 4593 1429 4638 et
1454 4601 1538 4638 eos
1566 4584 1650 4653 qui
1675 4584 1929 4653 suscipere

341 4680 541 4743 colunt,
568 4678 815 4748 prohibet,
843 4676 968 4730 etde
991 4675 1199 4731 ecclesia
1228 4675 1379 4747 ejicit.
1408 4675 1607 4730 Deinde
1633 4690 1816 4729 rursus
1834 4674 1929 4729 ad-

342 4778 531 4824 monet
561 4787 577 4824 :
605 4766 891 4831 Carissime,
922 4766 1028 4820 noli
1051 4767 1239 4819 imitari
1264 4764 1452 4817 malum
1478 4780 1495 4818 :
1532 4765 1620 4834 qui
1654 4765 1784 4818 enim
1808 4764 1929 4819 bene

347 4860 491 4930 facit,
533 4874 598 4913 ea:
634 4856 745 4912 Deo
795 4867 904 4921 est;
935 4857 1021 4927 qui
1073 4856 1207 4910 male
1252 4855 1405 4925 facit,
1456 4870 1558 4909 non
1598 4855 1722 4908 vidit
1763 4853 1928 4909 Deum

344 4949 509 5018 (ibid.
527 4963 580 5005 υ.
604 4949 733 5005 9-11
762 4949 804 5020 ).
845 4948 996 5003 llunc
1019 4958 1194 5001 autem
1223 4955 1422 5001 textum
1450 4945 1516 5001 de
1539 4947 1704 5000 veteri
1728 4947 1928 5002 malitia

344 5042 612 5110 integrum
653 5040 943 5105 attulimus,
992 5048 1051 5093 ut
1090 5038 1247 5108 hujus
1291 5038 1548 5107 temporis
1580 5037 1927 5106 Diotrephum

343 5133 615 5205 ingenium
646 5147 1057 5203 exponercmus.
1099 5132 1361 5186 Caeterum
1393 5130 1639 5186 laudabat
1668 5141 1721 5185 et
1763 5131 1926 5185 mira-

343 5225 503 5279 batur
527 5224 777 5279 secundas
804 5221 1153 5294 Cappadocia:
1196 5221 1505 5292 episcopos,
1538 5231 1597 5275 ut
1634 5222 1721 5292 qui
1758 5220 1924 5291 pluri-

345 5317 445 5370 mis
470 5330 593 5371 cum
634 5315 883 5387 lacrymis
923 5313 1321 5369 condoluisscnt
1349 5312 1617 5366 exsulibus
1642 5311 1928 5380 episcopis,

344 5407 645 5474 pra~sertim
684 5405 1023 5459 mitissimum
1056 5401 1394 5458 Theodorum
1418 5443 1432 5467 ,
1465 5401 1767 5471 Tyanorum
1812 5400 1930 5470 cpi-

343 5510 586 5568 scopum,
616 5506 672 5551 et
697 5496 1010 5565 Bosporium
1040 5494 1275 5549 Colonia:
1294 5535 1309 5560 ,
1346 5492 1432 5563 qui
1462 5491 1925 5561 quadragesimum

344 5596 589 5642 octauum
612 5588 665 5641 in
688 5588 992 5656 episcopatu
1014 5585 1202 5656 agebat
1225 5597 1455 5650 annum;
1484 5590 1537 5636 et
1558 5581 1922 5650 Serapionem,

346 5676 642 5734 Ostracina:
666 5679 973 5748 episcopum
983 5702 999 5742 ,-
1022 5675 1111 5746 qui
1138 5674 1485 5746 quadraginta
1505 5670 1738 5743 quinque
1758 5684 1926 5724 annos

347 5784 541 5827 manus
579 5769 917 5839 episcopatus
959 5766 1191 5838 gerebat.
1222 5764 1355 5819 Cum
1387 5761 1706 5834 aliquamdiu
1746 5759 1926 5815 Thco-

2011 456 2171 511 dorus
2200 472 2308 526 prae
2334 466 2550 526 stupore
2573 452 2944 516 obmutulssct,
2973 450 3106 508 dixit
3135 470 3148 506 :
3176 450 3315 519 Quid
3340 452 3497 522 igitur
3524 452 3588 505 ad

2011 546 2126 602 haec
2152 546 2391 602 dicemus
2410 588 2423 611 ,
2444 544 2644 601 Pater?
2684 543 2817 600 Num
2848 543 2979 599 hora
3018 544 3129 613 jam
3159 544 3445 600 novissima
3485 554 3588 609 est,

2012 648 2067 695 et
2090 636 2338 700 defectio,
2365 637 2654 692 secundum
2677 635 2919 701 Paulum,
2944 650 3038 704 per
3062 636 3160 690 ista
3182 634 3388 689 initium
3414 636 3587 704 capit:

2016 726 2084 782 Ut
2130 727 2344 782 demum
2399 727 2645 782 reveletur
2694 726 2831 795 ﬁlius
2894 723 3187 795 perditionis
3208 765 3223 789 ,
3277 724 3592 780 adversarius

2013 821 2092 891 (2.
2112 820 2296 876 Thess.
2324 822 2378 874 2.
2404 820 2504 889 5)?
2541 818 2672 874 Nam
2705 818 2875 872 malos
2901 831 3154 887 prospere
3180 831 3367 887 agere.
3394 823 3451 871 et
3479 815 3592 871 haec

2014 922 2258 982 patrare,
2292 919 2345 964 et
2372 911 2565 964 durare
2600 920 2656 963 et
2682 908 3004 979 praevalere,
3036 916 3091 962 et
3124 907 3294 962 bonos
3332 908 3502 979 premi
3530 922 3592 960 ar

2015 1002 2252 1074 spoliari,
2279 1002 2427 1056 illum
2457 1000 2883 1071 apprOpinqttare
2907 1013 3028 1054 cum
3055 996 3279 1053 horrore
3305 1012 3392 1052 me
3410 997 3596 1052 adma-.-

2017 1105 2125 1147 net.
2159 1092 2333 1148 EPISC.
2364 1090 2643 1146 Proximus
2669 1089 2882 1160 quidem
2909 1097 2994 1142 est
3024 1086 3142 1141 linis
3163 1127 3176 1151 ,
3208 1085 3595 1155 sapientissimo

2018 1184 2315 1247 Theodore,
2344 1183 2493 1253 juxta
2516 1197 2643 1237 eum
2671 1181 2758 1251 qui
2789 1181 2864 1234 ait
2892 1197 2905 1232 :
2936 1177 3112 1233 Filioli
3132 1220 3146 1243 ,
3174 1178 3445 1233 nouissima
3472 1178 3597 1233 hora

2018 1285 2090 1331 est
2114 1277 2131 1345 (
2158 1277 2208 1329 1.
2231 1274 2387 1328 Joan.
2411 1274 2466 1327 2.
2493 1272 2634 1345 18)_:
2668 1282 2719 1327 et
2747 1270 2903 1340 juxta
2936 1268 3102 1324 illud:
3133 1268 3271 1324 Exiit
3299 1269 3619 1337 paterfanti»

2019 1365 2116 1420 fias
2160 1365 2295 1419 circa
2340 1342 2658 1418 undecimam
2708 1361 2883 1415 horam
2931 1359 3213 1414 conducere
3250 1359 3509 1429 operarios
3546 1360 3601 1412 in

2019 1458 2215 1513 vineam
2253 1471 2399 1510 suam
2431 1452 2644 1526 (Matth.
2670 1452 2759 1507 20.
2786 1452 2839 1523 1)
2867 1469 2882 1507 :
2913 1451 3041 1506 hora
3081 1459 3257 1516 autem
3287 1449 3617 1504 duodecima

2020 1550 2202 1604 ultima
2240 1558 2343 1604 est.
2375 1546 2433 1602 Si
2473 1560 2599 1601 vero
2638 1552 2761 1600 ante
2804 1544 3217 1614 quadringentos
3255 1556 3424 1598 annos
3461 1540 3602 1596 dicta

2021 1650 2102 1693 est
2129 1638 2198 1695 ab
2227 1639 2484 1708 Apostolo
2528 1636 2745 1700 ultima,
2794 1635 2962 1690 multo
2992 1633 3159 1704 magis
3201 1647 3343 1688 nunc
3387 1640 3602 1703 propter

2022 1732 2138 1788 haec
2162 1732 2359 1786 omnia.
2390 1728 2592 1786 Deinde
2618 1728 2734 1782 huic
2758 1726 2825 1781 ab
2846 1726 2997 1780 initio
3021 1714 3359 1795 contigerunt
3382 1724 3605 1778 Domino

2023 1823 2384 1894 permittente,
2428 1821 2494 1876 ad
2531 1818 2861 1875 exercendus
2887 1828 3131 1882 sanctos,
3174 1831 3296 1870 cum
3320 1831 3413 1871 eos
3439 1830 3613 1885 ωερε-ί

2023 1923 2157 1970 teret
2200 1911 2462 1975 diabolus,
2503 1910 2642 1965 sicut
2680 1909 2756 1963 ait
2795 1908 3049 1963 Servatur
3087 1924 3100 1960 :
3146 1904 3360 1969 Simon,
3403 1905 3602 1967 Simon,

2023 2003 2257 2074 expetivit
2292 2018 2379 2056 vos
2401 2001 2650 2065 Satanas,
2695 2008 2749 2053 ut
2790 1997 3028 2051 cribraret
3056 1997 3187 2050 sicut
3230 1996 3490 2048 triticum:
3517 2010 3607 2063 ego

2023 2105 2190 2150 autent
2214 2095 2388 2166 rogavi
2427 2108 2518 2163 pro
2541 2101 2609 2158 te,
2634 2100 2687 2144 ut
2721 2106 2821 2145 non
2848 2088 3054 2157 deficiat
3089 2087 3215 2156 fides
3239 2096 3325 2140 tua
3347 2084 3495 2156 (Luc.
3515 2085 3606 2140 2‘2.

2025 2187 2111 2242 51.
2135 2186 2249 2257 δί).
2292 2184 2473 2253 Neque
2496 2197 2623 2238 vero
2650 2196 2746 2252 pro
2776 2181 2890 2236 solo
2921 2179 3079 2236 Petro
3121 2179 3324 2250 rogavit
3342 2178 3609 2244 Christus,

2024 2277 2117 2332 sed
2166 2291 2258 2346 pro
2306 2274 2558 2329 omnibus
2605 2272 2802 2327 Christi
2851 2270 3009 2326 tidem
3052 2269 3371 2326 habentibus
3419 2288 3432 2323 :
3477 2266 3613 2324 nihil-

2025 2366 2164 2422 aliud
2192 2366 2524 2439 significante
2553 2363 2751 2427 cribro,
2790 2378 2951 2433 quam
2981 2361 3165 2417 orbem
3199 2372 3480 2423 terrarum,
3511 2376 3609 2415 vo-

2025 2460 2284 2529 luptatum
2331 2472 2393 2512 ac
2438 2456 2685 2511 dolorum
2732 2454 2983 2524 plenum,
3030 2469 3124 2523 per
3159 2469 3279 2524 quae
3317 2454 3476 2508 veluti
3517 2468 3613 2524 por

2025 2550 2283 2605 foramina
2345 2549 2542 2604 terreni
2605 2546 2850 2600 homines
2896 2544 2950 2599 in
3014 2559 3196 2599 orcum
3246 2543 3499 2601 excidunt
3544 2547 3613 2598 ab

2025 2645 2200 2699 alente
2229 2643 2421 2707 tritico,
2447 2641 2573 2696 dum
2603 2639 2747 2695 velut
2773 2654 2803 2693 a
2838 2636 3185 2694 foraminibus
3212 2646 3567 2693 secernuntur
3594 2655 3608 2688 :

2026 2736 2145 2790 aliis
2186 2733 2399 2804 quidem
2430 2729 2791 2787 diffluentibus
2821 2729 2982 2784 veluti
3013 2744 3108 2799 per
3157 2728 3395 2783 foramen
3438 2728 3611 2799 inglu-

2028 2826 2150 2880 viei.
2193 2824 2419 2889 Quorum
2442 2820 2582 2877 Deus
2615 2830 2784 2876 uenter
2822 2830 2895 2873 est
2933 2818 3204 2891 (Philipp.
3227 2819 3283 2874 '5.
3309 2819 3452 2890 19);
3495 2819 3613 2873 aliis

2027 2927 2203 2971 autem
2229 2930 2326 2984 per
2351 2914 2680 2983 voluptatum
2709 2911 3007 2976 illecebras,
3036 2909 3103 2965 de
3125 2909 3316 2979 quibus
3343 2908 3603 2980 prepheta

2027 3007 2119 3071 ait,
2139 3006 2334 3077 Spiritu
2351 3003 2697 3076 fornicationis
2712 3001 2902 3055 seducti
2914 3013 3029 3054 sunt
3044 3017 3062 3053 :
3078 3016 3238 3068 neque
3251 3000 3383 3053 enim
3401 3001 3615 3069 fornica-

2029 3108 2159 3153 tores
2176 3138 2190 3164 ,
2213 3113 2370 3163 neque
2389 3094 2627 3160 adulteri,
2652 3109 2810 3160 neque
2831 3091 3025 3158 molles,
3049 3107 3258 3162 regnum
3276 3089 3372 3144 Dei
3393 3091 3614 3161 possideo

2028 3190 2149 3244 bunt
2172 3189 2247 3257 (1.
2272 3187 2387 3242 Cor.
2411 3187 2463 3240 6.
2492 3184 2582 3256 10)
2609 3202 2620 3236 :
2646 3184 2763 3238 aliis
2790 3198 2883 3252 per
2908 3181 3183 3235 avaritiam
3210 3199 3223 3233 :
3252 3182 3455 3237 scilicet
3488 3183 3609 3251 qui-

2028 3295 2255 3349 cumque
2280 3277 2594 3332 idololatria:
2611 3275 2893 3344 conjugem
2919 3271 3019 3327 sibi
3041 3271 3430 3340 desponsarunt
3455 3291 3468 3328 :
3494 3272 3615 3329 aliis

2028 3387 2125 3443 per
2153 3372 2284 3427 iram
2308 3377 2365 3423 et
2385 3368 2636 3431 furorem,
2666 3367 2757 3435 qui
2787 3363 2980 3420 ferales
3005 3362 3251 3418 tenebras
3282 3372 3613 3431 amaverunt,

2029 3464 2097 3520 de
2128 3463 2317 3533 quibus
2346 3461 2581 3516 Joannes
2609 3477 2621 3513 :
2650 3457 2751 3523 Qui
2774 3457 2878 3512 odit
2905 3461 3112 3527 fratrem
3135 3472 3300 3521 suum,
3322 3457 3374 3510 in
3403 3457 3617 3511 tenebris

2026 3564 2101 3609 est
2143 3568 2296 3624 usque
2317 3550 2485 3604 adhuc
2511 3546 2761 3621 (1.10am
2808 3543 2857 3599 ﬁt.
2891 3547 2981 3615 9):
3006 3544 3097 3600 Ira
3120 3546 3284 3613 enim,
3308 3556 3365 3600 ut
3384 3545 3617 3610 ait_Pro-

2029 3646 2329 3702 verbiorum
2360 3652 2566 3709 auctor,
2593 3640 2756 3712 perdit
2776 3640 2923 3693 etiam
2942 3639 3190 3710 sapientes
3205 3638 3382 3710 (Prov.
3404 3639 3493 3696 15.
3517 3638 3608 3708 1):

2029 3738 2146 3792 aliis
2170 3751 2267 3806 per
2296 3734 2551 3791 incuriam
2578 3741 2632 3788 et
2676 3730 2997 3787 oblivionem
3024 3770 3039 3796 ,
3072 3731 3123 3785 in
3156 3730 3428 3786 memoria:
3470 3730 3609 3802 vigi-

2031 3828 2191 3883 lantia
2234 3841 2338 3881 non
2389 3823 2735 3895 perdurantes
2763 3863 2777 3888 ,
2825 3830 2882 3877 'et
2916 3821 3041 3876 illud
3086 3829 3366 3892 precantes
3395 3820 3612 3876 dicunt:

2032 3918 2331 3977 Dormitavit
2374 3919 2547 3973 anima
2577 3932 2688 3970 mea
2732 3912 2838 3985 pra:
2890 3913 3038 3968 taedio
3091 3916 3110 3983 (
3144 3913 3283 3968 Psal.
3314 3911 3438 3969 118.
3472 3911 3544 3969 28
3570 3912 3611 3983 ).

2031 4014 2176 4084 Quos
2208 4014 2470 4068 miserans
2501 4011 2796 4080 Scriptura,
2827 4008 2935 4061 ait:
2972 4005 3062 4061 Va:
3088 4007 3225 4061 vobis
3259 4007 3344 4074 qui
3390 4004 3614 4075 perdidi-

2031 4108 2121 4163 stis
2147 4107 2438 4178 patientiam
2456 4106 2477 4161 .'
2505 4113 2551 4159 et
2586 4102 2706 4173 quid
2726 4101 2919 4172 facietis
2939 4142 2954 4167 ,
2978 4116 3091 4154 cum
3126 4097 3344 4155 uisitabit
3357 4095 3609 4151 Dominus

2034 4197 2217 4269 (Eccli.
2238 4197 2292 4252 2.
2322 4196 2551 4266 16.17)?
2572 4194 2688 4251 aliis
2721 4182 2817 4263 per
2859 4188 3274 4246 irrationabilem
3296 4187 3608 4242 ostentatio-

2032 4305 2178 4354 nem,
2206 4287 2274 4343 de
2298 4289 2489 4357 quibus
2513 4285 2794 4341 Psalmista
2826 4282 3144 4352 pradicebat
3173 4298 3187 4335 :
3222 4279 3470 4345 Quoniam
3507 4276 3613 4332 dis-

2031 4380 2213 4452 sipavit
2237 4377 2378 4432 Deus
2401 4392 2516 4432 ossa
2539 4373 2824 4429 hominibus
2862 4372 3205 4442 placcntium(
3236 4368 3383 4425 Psal.
3405 4366 3493 4423 δὲ.
3523 4367 3612 4442 6);

2031 4472 2149 4528 aliis
2190 4485 2286 4539 per
2309 4467 2665 4538 arrogantiam
2694 4474 2746 4519 et
2779 4462 2971 4516 fastum
2993 4503 3009 4527 ,
3032 4460 3172 4531 quod
3211 4470 3291 4514 est
3321 4457 3567 4530 superbia
3598 4474 3614 4513 :

2033 4579 2168 4637 quos
2190 4560 2354 4617 veluti
2403 4558 2606 4613 ordinis
2649 4553 2956 4610 desertores
2995 4549 3252 4620 prepbeta
3299 4548 3569 4603 insimulat
3599 4566 3625 4603 τ,

2026 4655 2254 4728 Superbi
2277 4653 2447 4723 inique
2473 4650 2685 4722 agebant
2720 4658 3069 4714 usquequaque
3093 4660 3111 4707 ;
3138 4657 3169 4694 a
3204 4638 3313 4711 lege
3342 4649 3510 4693 autem
3529 4648 3637 4693 tua-

2033 4767 2135 4805 non
2149 4745 2393 4803 declinari
2410 4741 2577 4815 (Psal.
2599 4738 2720 4795 118.
2742 4738 2852 4807 51).
2874 4732 3301 4805 Unumquodque
3317 4741 3493 4788 autem
3513 4729 3618 4787 ho-

2032 4855 2151 4897 rum
2182 4839 2429 4893 vitiorum
2462 4832 2612 4903 plura
2653 4829 2754 4883 alia
2798 4826 3193 4896 subsequuntur
3220 4841 3232 4876 :
3262 4821 3453 4877 fastum
3482 4821 3619 4876 invi-

2032 4932 2141 4999 dia,
2163 4928 2435 4985 avaritiam
2466 4924 2667 4989 odium,
2699 4919 3026 4975 illiberalitas
3064 4915 3394 4971 mendacium
3424 4931 3439 4980 ;
3468 4914 3617 4969 foro.

2032 5039 2146 5081 rem
2175 5023 2251 5078 ira
2279 5021 2362 5075 vel
2394 5012 2855 5080 excandescentia,
2885 5008 3238 5073 contumeliae,
3270 5006 3612 5073 invidentia;

2033 5114 2435 5173 fornicationem
2483 5109 2679 5164 oblivio
2703 5148 2718 5174 ,
2770 5104 3030 5161 securitas
3053 5145 3066 5169 ,
3096 5102 3324 5173 pigritia,
3354 5100 3455 5156 zeli
3487 5099 3611 5155 honl

2032 5209 2289 5271 defectus,
2318 5203 2625 5271 inutilisque
2665 5199 2878 5268 vigilia;
2923 5211 3110 5249 vanam
3172 5194 3392 5263 gloriam
3437 5192 3616 5248 curio-

2036 5303 2186 5364 sitas,
2220 5295 2496 5368 perceptio
2522 5292 2809 5354 donorum,
2840 5300 3053 5357 pompa,
3082 5283 3468 5349 simulationes,
3492 5296 3617 5351 per-

2034 5403 2284 5446 sonarum
2323 5383 2680 5452 acceptiones,
2712 5377 2967 5440 fallacia;
2997 5372 3301 5443 superbiam
3326 5371 3614 5437 dementia,

2035 5476 2506 5539 immisericordiae,
2535 5470 2695 5538 impia
2724 5468 2880 5532 facta,
2909 5463 3105 5520 mentis
3121 5462 3434 5527 emotiones,
3459 5469 3617 5527 atque

2037 5573 2168 5628 alias
2195 5570 2333 5634 alias,
2366 5580 2433 5622 ne
2457 5565 2632 5635 plures
2656 5572 2965 5623 recensens,
2983 5548 3285 5609 sermonem
3316 5551 3457 5604 hunc
3486 5561 3603 5603 onev

2038 5678 2150 5718 rem
2178 5703 2192 5727 ,
2242 5673 2362 5715 cum
2410 5652 2621 5709 abunde
2649 5650 3070 5705 demonsuatum
3113 5643 3201 5706 sit,
3243 5639 3383 5710 quod
3412 5636 3609 5692 dictum

2043 5764 2141 5812 est.
2182 5726 2483 5818 Unicuique
2530 5754 2704 5798 autem
2748 5740 2936 5793 horum
2997 5734 3239 5788 vitiorum
3294 5726 3624 5783 contrariam
