4110 6148
452 349 523 410 75
1720 328 2031 391 PALLA-Dll
2072 320 2409 390 menaeus
3649 343 3718 399 ἰε

456 464 708 520 virtutem
731 463 868 516 Deus
888 453 1137 528 opposuit
1169 471 1176 479 ’
1205 451 1355 508 verbi
1393 452 1559 522 gratia
1585 491 1600 516 ,
1627 450 1851 504 luxuria:
1875 448 2039 502 casti-v

458 567 643 617 tatem,
684 550 946 623 gniositsti
992 544 1435 616 temperantiam,
1463 541 1699 597 avaritia:
1741 539 2032 611 justitiam,

455 648 547 700 ine
580 645 867 707 lenitatem,
888 638 1110 693 tristitia
1133 636 1403 708 gaudium,
1430 634 1680 691 oblivioni
1703 631 2033 698 memoriam,

458 733 715 788 socordiae
743 730 1072 800 patientiam,
1109 726 1390 782 dementia:
1430 725 1785 796 prudentiam,
1812 722 2034 794 ignavia:

459 822 842 887 fortitudinem,
870 818 1088 875 vanitati
1117 818 1490 881 humilitatem,
1521 824 1576 870 ct
1614 815 1730 869 aliis
1752 815 1883 868 alias
1913 813 2041 868 :his

464 908 707 963 omnibus
733 906 965 960 divinam
996 902 1324 971 Scriptorum
1350 919 1364 954 :
1393 901 1491 954 soli
1525 909 1702 953 autem
1745 897 1898 952 {asini
1926 896 2036 952 vir-

464 1006 627 1052 tutem
657 993 978 1049 contrariam
1004 1008 1108 1046 non
1153 991 1300 1046 dedit
1323 991 1393 1044 ob
1421 989 1853 1059 exsuperantiam
1896 987 2033 1053 vitii,

464 1089 688 1156 seipsnm
720 1085 791 1139 illi
833 1098 1133 1147 reservans,
1159 1083 1294 1136 sicut
1332 1080 1465 1136 dixit
1496 1098 1508 1133 :
1541 1080 1676 1135 Deus
1703 1077 1928 1148 superbis
1953 1093 2036 1132 re-

463 1179 587 1233 sistit
626 1177 762 1245 (Jac.
805 1177 856 1230 ti.
898 1176 931 1230 6
960 1178 977 1244 )
1013 1193 1026 1228 :
1057 1173 1194 1227 sicut
1224 1173 1382 1227 etiam
1422 1173 1535 1241 ipse
1563 1170 1819 1241 propheta
1849 1184 2037 1238 preca-

463 1285 574 1334 mr,
608 1267 792 1322 dicens
820 1285 833 1318 ε
868 1265 1000 1318 Lena
1043 1280 1220 1318 manus
1248 1274 1362 1317 tuas
1401 1263 1452 1316 in
1499 1261 1760 1331 superbius
1793 1275 1966 1315 eorum
1984 1260 2037 1314 in

465 1360 609 1412 ﬁnem
638 1362 654 1427 (
687 1357 828 1411 Psal.
861 1360 946 1410 75.
980 1358 1014 1411 '5
1044 1356 1063 1426 )
1104 1372 1116 1408 :
1145 1363 1201 1409 et
1227 1369 1409 1409 rursus
1428 1396 1443 1421 ,
1469 1352 1645 1407 Redde
1665 1350 2038 1406 retributionem

465 1452 687 1520 superbis
715 1451 732 1520 (
767 1449 905 1504 Psal.
927 1450 1014 1504 95.
1043 1447 1078 1502 Ω
1105 1449 1148 1519 ).
1182 1448 1247 1502 Ει
1297 1445 1741 1517 quemadmodum
1772 1459 1835 1499 ex
1866 1442 2036 1499 l‘ructu

464 1543 619 1596 arbor
653 1539 1010 1611 cognoscitur,
1044 1549 1101 1592 ut
1123 1539 1199 1592 ait
1225 1538 1527 1592 Dominus:
1558 1534 1643 1591 Ea:
1677 1535 1921 1606 fructibus
1947 1550 2036 1589 eo-

464 1646 574 1685 rum
594 1631 899 1702 cognoscetis
927 1645 1009 1684 eos
1040 1629 1060 1702 (
1085 1628 1270 1683 Matth.
1316 1628 1368 1683 7.
1404 1628 1501 1697 16)
1530 1644 1546 1680 :
1578 1629 1646 1682 ita
1676 1628 2038 1696 unusqmsque

465 1718 771 1778 hominum,
802 1715 914 1769 sive
955 1713 1060 1769 sint
1084 1713 1248 1768 sancti
1274 1753 1290 1779 ,
1317 1712 1429 1767 sive
1454 1712 1714 1767 dicantur.
1745 1712 1833 1768 Sic
1859 1724 2037 1768 autem

465 1807 662 1875 ubique
688 1815 813 1860 sunt
839 1804 1197 1874 improborum
1225 1802 1601 1872 prosperitates
1627 1802 1861 1859 immota:
1885 1846 1905 1870 ,
1930 1804 2040 1859 Deo

467 1911 591 1966 erga
619 1896 762 1965 ipsos
805 1894 1067 1964 patienter
1093 1903 1301 1963 agente.
1331 1893 1443 1948 Hoc
1469 1894 1610 1949 enim
1640 1893 1809 1963 ipsum
1836 1892 1989 1949 decet
2020 1913 2034 1948 :

463 1986 536 2039 ita
567 1994 624 2038 ut
666 1986 833 2038 sancti
862 1984 1088 2053 idipsum
1115 1998 1181 2038 es
1211 1997 1436 2052 persona
1465 1998 1649 2037 eorum
1669 2026 1687 2049 ,
1725 1984 1812 2052 qui
1839 1998 2036 2040 vexan-

463 2086 568 2140 tur,
601 2073 972 2143 proclamarint
995 2073 1061 2127 ad
1078 2072 1495 2129 consolationem
1522 2075 1759 2128 omnium
1773 2083 2034 2137 nostrum,

462 2168 550 2241 qui
574 2180 713 2227 nunc
746 2164 990 2240 patimur.
1045 2164 1253 2227 Primus
1300 2164 1568 2240 patientiae
1595 2164 1734 2218 lilius
1760 2164 1880 2230 Job,
1912 2164 2039 2235 quid

463 2274 582 2333 post
608 2264 771 2318 multa
801 2265 874 2318 ait
902 2265 927 2318 ?
965 2264 1091 2335 quid
1115 2265 1262 2319 enim
1281 2265 1313 2319 ?‘
1337 2262 1601 2335 Numquid
1627 2281 1689 2318 ea:
1729 2256 1928 2317 [tantine
1966 2279 2037 2315 re-

462 2355 723 2421 prehensio
768 2354 916 2409 meo?
953 2356 1270 2426 inculpatum
1311 2371 1369 2410 se
1417 2370 1535 2411 esse
1585 2353 1904 2424 signiﬁcans.
1969 2353 2037 2408 Et

460 2460 616 2511 quare
652 2462 752 2499 non
771 2445 962 2499 irascar
982 2446 1009 2499 .’
1033 2448 1118 2514 qui
1146 2446 1408 2513 adspicitis
1445 2462 1541 2506 me.
1574 2446 1912 2508 adntiramiui,
1946 2460 2039 2513 po-

463 2544 633 2590 nentes
658 2551 859 2588 umnam
885 2551 1033 2604 super
1052 2535 1329 2588 maxillam.
1352 2534 1413 2589 Si
1429 2535 1560 2587 enim
1584 2532 1874 2588 recordatus
1893 2534 2036 2602 [uero

469 2626 701 2695 religiose
738 2626 860 2689 vixi,
890 2634 936 2677 ct
963 2627 1162 2679 dolores
1184 2623 1400 2679 obtinent
1422 2636 1620 2679 carnem
1660 2639 1839 2677 meam.
1866 2623 2039 2688 Quare

471 2715 614 2784 impii
640 2716 807 2769 vivunt
831 2758 845 2781 ,
891 2724 937 2769 et
977 2716 1310 2769 inveterarunt
1337 2717 1387 2769 in
1407 2715 1633 2770 dicitiis?
1659 2715 1839 2771 Semen
1869 2732 2045 2770 eorum

463 2810 736 2858 secundum
780 2805 1032 2870 animam,
1066 2806 1165 2874 ﬁlii
1185 2815 1351 2861 autem
1389 2823 1560 2861 eorum
1595 2808 1646 2861 in
1683 2808 1842 2863 oculis
1875 2819 1991 2863 sunt
2010 2825 2034 2861 .-

466 2898 646 2952 donius
674 2914 844 2952 eorum
872 2898 1166 2964 abundant,
1195 2901 1345 2954 timor
1385 2911 1546 2955 autem
1591 2900 1772 2955 nullibi
1799 2916 1818 2955 :
1859 2901 2038 2972 flagel-

467 2990 575 3043 lum
595 2989 686 3043 Dei
703 3006 803 3043 non
828 2999 901 3044 est
926 3007 1079 3060 super
1101 2991 1237 3046 illos.
1260 2990 1365 3047 Bos
1391 3008 1561 3047 eorum
1588 3008 1689 3047 non
1716 2993 2042 3049 immaturum

466 3080 656 3151 peperit
687 3094 705 3133 :
730 3088 924 3134 serrata
948 3088 1027 3135 est
1044 3079 1106 3133 ab
1131 3090 1275 3147 testu,
1305 3082 1358 3135 in
1385 3090 1554 3136 ventre
1580 3082 1768 3138 habens
1797 3100 1897 3138 non
1926 3085 2039 3155 fru-

465 3179 624 3222 strata
647 3177 738 3224 cst.
775 3168 983 3223 Manent
1009 3178 1175 3223 autem
1202 3170 1330 3225 sicut
1358 3186 1471 3226 oves
1500 3183 1773 3241 perpetuat.
1805 3172 2039 3246 Infantes

462 3270 637 3315 eorum
665 3259 939 3327 adludunt,
967 3271 1182 3317 tenentes
1202 3262 1495 3333 psalterium
1515 3274 1561 3319 et
1586 3265 1853 3332 citharam,
1875 3276 1921 3320 et
1950 3267 2043 3322 lte-

474 3352 645 3406 lnntur
671 3353 724 3405 in
768 3368 886 3407 cccc
921 3353 1103 3420 psalmi
1140 3369 1159 3407 :
1188 3365 1595 3410 consummarunt
1622 3357 1675 3412 in
1711 3359 1853 3412 bonis
1888 3359 2047 3413 vitam

473 3455 646 3503 suam,
680 3439 806 3493 etin
829 3441 999 3508 requie
1019 3441 1215 3508 inferni
1243 3441 1656 3498 obdormierunt.
1692 3445 1829 3500 Dicit
1863 3457 2040 3504 autem

476 3528 702 3583 Domino
728 3544 747 3582 :
771 3526 966 3583 Recede
1004 3544 1037 3581 a
1062 3545 1162 3593 me,
1191 3530 1302 3584 vias
1325 3540 1444 3586 tuas
1475 3534 1610 3587 scire
1630 3535 1752 3589 nolo
1783 3535 1925 3608 (Job.
1949 3538 2048 3608 2i,

473 3619 657 3688 1.-14).
685 3616 822 3673 Huic
842 3633 1084 3675 consona
1105 3622 1370 3678 malorum
1392 3625 1634 3681 tolerans
1653 3636 1707 3682 et
1733 3628 2048 3687 divinorum

468 3711 800 3776 judiciorum
832 3726 1009 3781 praeco
1041 3712 1206 3767 David
1226 3714 1322 3777 ait,
1349 3714 1504 3783 juxta
1531 3716 1663 3772 illud
1690 3738 1702 3773 :
1730 3717 2040 3778 Misericor-

470 3801 615 3857 diam
640 3813 688 3858 et
711 3804 972 3872 judicium
996 3806 1221 3859 cantabo
1243 3806 1360 3869 tibi,
1390 3808 1631 3864 Domine.
1669 3812 1844 3878 Quam
1872 3814 2038 3873 bonus

473 3892 614 3948 Deus
647 3892 840 3948 Israeli
876 3895 1029 3949 rectis
1070 3898 1224 3952 corde
1251 3896 1693 3969 (Psal.l(lt).i.et
1718 3904 1801 3958 72.
1836 3906 1906 3976 1).
1936 3906 2043 3963 Mel

470 3994 644 4041 autem
655 3999 781 4052 pene
794 3987 922 4040 moti
932 3995 1052 4041 sunt
1068 3985 1244 4053 pedes,
1256 4003 1382 4055 pene
1392 3990 1548 4058 e/j‘usi
1564 4002 1685 4047 sunt
1701 4011 1912 4063 gressus
1937 4000 2039 4052 mei

473 4074 647 4146 (Psal.
670 4076 755 4130 72.
779 4076 855 4146 2).
880 4077 1028 4131 Cur?
1050 4078 1191 4143 Quia
1216 4079 1383 4133 solari
1408 4098 1569 4150 super
1586 4084 1822 4155 irriguos,
1856 4105 2039 4157 pacem

464 4174 796 4233 peccatorum
825 4165 1021 4219 videns.
1056 4163 1119 4218 Et
1149 4167 1275 4221 alzbi
1306 4182 1528 4235 rursus,
1560 4185 1691 4240 opes
1717 4188 1906 4231 eorum
1943 4175 2043 4232 da-

469 4254 835 4317 mnans,dicit
854 4274 866 4309 :
885 4254 1045 4309 Boves
1063 4272 1241 4310 eorum
1260 4273 1473 4325 crassaz,
1495 4278 1609 4316 oves
1623 4280 1802 4320 eorum
1817 4268 2039 4336 fretam,

468 4345 796 4407 abundantes
817 4349 872 4401 in
887 4348 1179 4418 egressibus
1202 4351 1336 4415 suis,
1359 4358 1726 4424 promptuaria
1741 4375 1925 4415 eorum
1937 4363 2044 4432 ple.

467 4454 558 4504 na,
589 4439 886 4493 eructantia
900 4454 966 4494 ea:
984 4439 1080 4493 hoc
1097 4441 1151 4495 in
1172 4441 1306 4496 illud
1326 4460 1346 4498 :
1368 4446 1497 4514 ﬁlia:
1511 4464 1689 4503 eorum
1713 4455 2040 4521 compositae,

464 4529 662 4581 circum
679 4539 902 4594 ornatas,
925 4538 982 4583 ut
998 4531 1291 4587 similitudo
1303 4534 1481 4602 templi
1495 4535 1667 4607 (Psal.
1686 4540 1809 4597 H3.
1834 4542 1928 4599 14.
1947 4544 2035 4600 15.

464 4617 575 4691 ﬁ).
601 4618 706 4675 Sed
722 4627 776 4676 et
798 4622 993 4676 malam
1015 4637 1205 4679 eorum
1225 4628 1577 4683 concordiam
1596 4639 1648 4685 et
1663 4646 1849 4701 pacem
1864 4633 2041 4691 admi-

461 4726 592 4767 rans
604 4712 775 4767 addit:
796 4711 918 4767 Non
930 4723 1006 4768 est
1024 4715 1226 4770 clamor
1237 4717 1289 4771 in
1297 4718 1487 4785 plateis
1501 4736 1678 4774 eorum
1687 4739 1870 4794 ,neque
1883 4727 2040 4783 ruina

460 4805 707 4859 macerie
717 4803 773 4857 in
788 4802 1032 4860 domibus
1051 4821 1234 4860 eorum
1254 4809 1273 4876 (
1290 4807 1431 4864 Ibid.
1450 4828 1497 4866 υ.
1524 4811 1610 4867 ii.
1632 4823 1678 4866 et
1703 4815 1810 4877 15).
1833 4816 2038 4877 Deinde

459 4891 778 4960 vituperans
796 4898 1110 4960 corruptam
1134 4895 1276 4962 vulgi
1298 4896 1635 4965 opinionem,
1665 4904 1742 4956 ait
1769 4924 1782 4959 :
1808 4906 2041 4965 Beatum

461 4978 699 5030 dixerunt
723 4979 988 5047 populum,
1015 4982 1100 5036 cui
1124 4984 1233 5038 haec
1265 4994 1399 5040 sunt.
1442 4989 1506 5043 Et
1531 4990 1679 5047 addit
1706 5012 1720 5047 :
1748 4994 1935 5054 Beatus
1956 5019 2040 5071 po-

467 5067 619 5136 pulus
644 5106 662 5134 ,
693 5070 837 5138 cujus
883 5069 1129 5128 Dominus
1174 5073 1336 5131 Iacob
1372 5079 1576 5150 adjutor
1615 5084 1745 5152 ejus.
1792 5088 1855 5142 Et
1883 5067 2039 5148 neco

465 5171 631 5225 usque
661 5158 853 5215 sistens
883 5164 1179 5218 tesdmonia
1208 5204 1221 5233 ,
1264 5166 1451 5223 iaciam
1473 5211 1486 5229 .
1519 5181 1575 5225 ut
1598 5175 2037 5242 periclitetur-ini-

465 5245 697 5314 perlecta
728 5250 897 5304 oratio
923 5292 938 5317 ,
967 5252 1090 5308 audi
1135 5271 1319 5312 rursus
1361 5259 1633 5319 Abbaeum
1661 5281 1781 5323 cum
1806 5273 2035 5341 quodam

462 5337 672 5408 planctu
702 5353 862 5408 super
889 5341 1189 5412 hujusmodi
1231 5347 1608 5420 indignantem,
1637 5373 1702 5413 ac
1731 5337 1993 5418 dicentem
2020 5382 2033 5418 :

464 5424 750 5495 Usquequo,
781 5428 1014 5498 Domine,
1045 5436 1270 5492 clamabo
1291 5480 1304 5504 ,
1333 5440 1579 5513 injuriam
1606 5449 1795 5512 patiens
1814 5492 1829 5517 ,
1862 5464 1909 5507 rt
1936 5472 2036 5511 non

459 5516 696 5573 emudies
718 5518 968 5613 (illabac.
998 5527 1047 5581 1.
1076 5527 1110 5582 ‘2
1160 5559 1184 5571 ι-
1204 5530 1237 5585 4
1263 5530 1314 5601 )‘l
1345 5533 1561 5604 injurias
1611 5540 1751 5595 enim
1786 5546 2031 5613 proximi,

456 5625 579 5707 suos
611 5612 1009 5707 appellavit.th
1030 5617 1248 5680 fratrum
1275 5639 1460 5683 amans
1485 5629 1666 5686 addit:
1709 5612 2035 5707 Vociferabor

456 5702 525 5750 ad
550 5708 616 5765 te,
659 5712 704 5755 et
727 5719 826 5758 non
849 5705 1080 5762 salvebis.
1112 5712 1280 5780 Quare
1302 5719 1559 5773 ostendisti
1589 5722 1714 5777 mihi
1750 5702 1944 5783 labores
1984 5742 2031 5787 et

2151 442 2358 499 dolores
2391 444 2559 498 cillere
2580 446 2634 499 in
2653 462 2944 504 irrumnum
2966 466 3037 506 ac
3052 453 3372 524 impietatem
3388 462 3416 518 ξ
3429 478 3497 517 ex
3513 466 3733 524 adverso

2152 537 2251 590 mei
2270 535 2469 604 factum
2481 546 2557 589 est
2569 536 2833 619 judicium
2845 582 2856 601 .
2876 553 2924 594 et
2932 541 3102 610 judea:
3123 547 3334 614 accipit.
3357 547 3565 608 Idcirco
3578 556 3733 607 dissi—

2147 633 2273 690 pata
2307 633 2385 678 est
2431 624 2536 690 lex,
2579 635 2629 679 et
2676 642 2778 680 non
2830 629 3135 696 perducitur
3171 633 3441 702 judicium
3484 641 3538 693 in
3576 643 3736 710 ﬁnem

2146 714 2273 783 quia
2318 715 2511 782 impius
2557 718 2804 783 praealet
2854 719 3105 777 adversus
3152 723 3362 792 justum
3396 729 3520 797 (Job
3571 733 3657 787 17.
3702 739 3736 790 9

2147 812 2248 867 sqq
2275 797 2292 868 )
2314 797 2511 853 Eodem
2538 801 2741 869 spiritu
2753 804 2915 857 etiam
2939 806 3493 868 misericordissimus
3512 829 3734 872 saneto-

2144 900 2289 943 rum.
2306 882 2594 944 Jeremias.
2615 889 2872 945 hmsitaus
2892 907 3005 961 prae
3021 890 3381 958 aliis,clamat
3402 917 3414 953 :
3434 900 3625 959 Justus
3652 922 3731 970 es,

2145 966 2387 1031 Domine,
2405 972 2653 1038 quoniam
2680 973 2820 1040 apud
2843 986 2890 1041 te
2918 977 3269 1047 defensionem
3295 983 3569 1042 instituant
3596 1005 3617 1044 :
3641 966 3731 1045 re;

2144 1064 2441 1108 ramtamcn
2470 1056 2682 1123 judicia
2715 1060 2903 1129 loquar
2936 1065 3005 1117 ad
3038 1079 3116 1128 te,
3152 1066 3391 1126 Domine.
3430 1073 3610 1141 Quare
3645 1080 3732 1134 via

2140 1153 2475 1235 peccatorum
2509 1154 2890 1233 prosperatur.’
2917 1153 3188 1235 abigidant
3226 1176 3428 1235 omnet,
3464 1167 3552 1233 qui
3584 1183 3724 1235 pra-

2137 1218 2445 1272 varicantur
2465 1220 2950 1286 praevaricationes.
2989 1222 3261 1282 Plantasti
3282 1246 3369 1284 eos
3390 1218 3488 1293 .ἐῖ
3513 1218 3719 1294 radices

2134 1305 2489 1377 egerunt(hoo
2511 1316 2619 1372 est,
2642 1308 2872 1364 licenter
2893 1312 3126 1378 vivunt),
3151 1326 3197 1369 et
3224 1317 3459 1386 fecerunt
3484 1324 3721 1393 fructum

2136 1398 2156 1455 l
2172 1415 2279 1452 non
2321 1399 2480 1469 plane
2513 1401 2783 1470 spiritus)
2822 1422 2835 1456 :
2873 1407 3195 1476 propinquus
3228 1426 3282 1464 es
3315 1414 3401 1466 ori
3426 1432 3629 1482 eorum,
3666 1430 3718 1474 et

2136 1493 2287 1570 longe
2316 1506 2349 1541 a
2378 1489 2593 1570 renibus
2636 1506 2815 1570 eorum
2840 1492 3002 1570 ⁸(ιιεν.
3034 1498 3129 1567 12.
3163 1504 3206 1554 l.
3249 1501 3340 1570 2).
3396 1502 3497 1560 llis
3535 1518 3725 1564 autem.

2138 1566 2363 1616 omnino
2389 1566 2540 1632 paria
2570 1569 2791 1635 sapiens
2814 1566 3076 1638 propheta
3119 1566 3430 1644 Soplionias
3457 1578 3586 1649 [imo
3612 1583 3730 1635 illa-

2140 1650 2371 1723 lachias]
2402 1692 2415 1715 ,
2460 1653 2712 1710 homines
2760 1665 2817 1711 ut
2848 1660 3145 1716 maledicos
3180 1665 3440 1734 culpatis,
3489 1672 3578 1737 qui
3629 1670 3724 1726 Dei

2139 1738 2541 1818 providentiam
2570 1755 2853 1805 accusant.
2876 1756 3209 1818 sanctosque
3239 1754 3473 1808 miseros
3505 1759 3717 1817 tlzmml.

2143 1829 2209 1869 ex
2223 1829 2456 1884 persona
2476 1817 2685 1872 Domini
2711 1821 2787 1874 ait
2805 1840 2817 1875 :
2840 1817 3169 1892 Ingrauastis
3182 1844 3339 1897 super
3363 1846 3444 1885 me
3462 1848 3731 1891 sermones

2143 1914 2370 1972 vestros,
2398 1909 2472 1961 ait
2504 1908 2760 1966 Dominus
2780 1953 2795 1972 .
2834 1924 2884 1967 et
2920 1915 3134 1972 dixistis
3167 1935 3184 1973 :
3236 1919 3298 1974 In
3330 1939 3431 1991 quo
3459 1936 3641 1981 contra
3673 1939 3735 1983 te

2145 1992 2313 2046 locuti
2338 1998 2566 2051 citatus?
2602 1997 2827 2053 Dixistis
2876 2016 2895 2054 :
2941 2000 3142 2066 Vanus,
3181 2008 3273 2075 qui
3301 2011 3458 2061 servit
3497 2010 3623 2066 Deo.
3656 2013 3723 2067 Et

2140 2076 2262 2145 quid
2291 2078 2506 2145 amplius
2543 2080 2713 2137 nobis,
2769 2082 2890 2151 quia
2925 2085 3280 2141 custodirimus
3309 2090 3547 2143 mandata
3575 2093 3682 2162 ejus
3705 2135 3723 2156 ,

2140 2175 2187 2220 et
2228 2168 2343 2235 quia
2405 2169 2774 2228 ambulauintus
2817 2173 3070 2240 supplices
3128 2188 3246 2231 ante
3293 2181 3472 2249 faciem
3520 2180 3732 2238 Domini

2142 2259 2546 2327 omnipotentis?
2573 2269 2620 2314 et
2648 2278 2782 2317 nitu"
2809 2282 2902 2317 nos
2931 2265 3271 2335 beati/immite
3295 2271 3506 2335 alienos,
3532 2283 3577 2326 et
3595 2276 3724 2328 cuili-

2140 2349 2358 2423 ρεηηιιιι·
2393 2367 2564 2405 omnes
2585 2395 2598 2415 ,
2650 2354 2739 2423 qui
2775 2356 2969 2426 faciunt
3015 2357 3283 2424 injustt'tias
3314 2402 3329 2424 ,
3361 2371 3407 2414 et
3441 2365 3722 2418 restiterunt

2142 2447 2272 2515 Deo,
2303 2463 2347 2503 ρι
2389 2447 2574 2503 εει-ιιαεὶ
2611 2456 2749 2500 sunt.
2793 2446 2918 2501 Ilwc
2945 2449 3196 2518 obloquitti
3243 2462 3395 2517 sunt,
3439 2456 3525 2521 qui
3553 2456 3729 2508 timent

2142 2539 2439 2607 Dominum,
2464 2537 2802 2613 unusquisque
2822 2538 2890 2590 ad
2906 2540 3188 2607 proximum
3207 2558 3350 2594 suum
3377 2544 3453 2611 (.l!
3463 2545 3531 2596 al.
3557 2545 3610 2599 5.
3632 2546 3726 2600 15o

2142 2632 2280 2704 16).
2304 2633 2504 2700 Quibus
2542 2629 2737 2687 similia
2800 2629 2985 2693 infert,
3021 2632 3231 2700 pictatis
3266 2648 3457 2700 praveo,
3492 2634 3722 2690 l‘attlus:

2143 2722 2274 2777 Mali
2297 2732 2464 2777 autent
2493 2724 2718 2779 homines
2744 2736 2788 2779 ct
2831 2721 3118 2779 πιιιιειονσδ
3175 2725 3436 2792 Pro/“50'”
3465 2726 3515 2777 θη
3543 2728 3687 2795 luti-"3
3705 2768 3721 2791 ν

2140 2827 2396 2883 errantes,
2426 2817 2473 2869 ei
2504 2817 2557 2870 in
2602 2834 2818 2871 errorem
2867 2819 3114 2871 mittentes
3165 2813 3265 2883 (‘2.
3314 2814 3442 2869 Tim.
3492 2817 3555 2871 3.
3580 2819 3643 2872 15
3679 2819 3721 2888 )ν.

2145 2907 2348 2963 Deinde
2406 2917 2715 2963 sanctorum
2773 2910 3028 2964 vilitatem
3070 2905 3390 2975 drsignans,
3445 2907 3737 2963 ait:l’uto-

2141 2998 2273 3052 enim
2303 2998 2447 3069 quod
2472 2997 2608 3052 Deus
2628 3016 2719 3054 nos
2743 3000 2997 3069 apostolos
3026 2999 3322 3057 notissimos
3348 3000 3723 3064 demonstravit,

2139 3089 2283 3157 quasi
2314 3089 2462 3142 morti
2506 3089 2780 3144 destinatos
2809 3108 2826 3145 :
2871 3092 2988 3162 quia
3012 3096 3352 3163 spectaculum
3395 3093 3519 3167 [arti
3548 3109 3724 3147 smnus

2140 3179 2329 3235 mundo
2353 3189 2399 3233 et
2423 3181 2614 3251 angelis
2646 3190 2693 3235 et
2719 3182 3018 3237 hominibus.
3045 3184 3181 3237 Nam
3213 3203 3366 3255 usque
3394 3188 3444 3241 in
3473 3188 3605 3240 hanc
3638 3182 3726 3237 ho-

2139 3286 2251 3324 ram
2290 3278 2338 3324 et
2383 3271 2629 3325 esurimus
2655 3281 2701 3326 et
2725 3273 2918 3328 sitimus
2964 3285 3011 3327 et
3058 3277 3182 3329 nudi
3209 3293 3381 3333 sumus
3419 3288 3465 3333 et
3493 3276 3723 3349 colaphis

2140 3362 2382 3416 caedimur
2410 3371 2457 3416 et
2504 3362 2767 3419 instabiles
2805 3382 2981 3420 sumus
3032 3376 3077 3420 ct
3130 3369 3408 3440 fatigamur
3458 3382 3722 3439 operantes

2143 3450 2375 3507 manibus
2424 3453 2609 3508 nostris
2653 3470 2670 3508 :
2719 3470 3002 3524 corporeas
3043 3472 3307 3513 {erumnas
3356 3460 3723 3516 dinumerans.

2144 3540 2521 3607 Maledicimur,
2555 3552 2603 3597 et
2633 3544 3447 3619 benedicimus;persequutionem
3475 3551 3723 3621 patimur,

2140 3642 2188 3687 et
2235 3634 2577 3701 sustinemus;
2617 3634 3043 3704 blasphematur,
3088 3647 3134 3692 et
3186 3639 3538 3708 obsecramus;
3585 3652 3718 3696 tam-

2140 3738 2291 3792 quam
2317 3735 2648 3794 purgamenta
2679 3726 2855 3781 mundi
2897 3729 3022 3795 facti
3055 3745 3261 3795 sumus,
3307 3731 3525 3784 omnium
3551 3733 3722 3801 perip-

2139 3831 2276 3870 scma
2325 3831 2480 3886 usque
2538 3817 2755 3887 adhuc(
2808 3820 2856 3873 1.
2884 3819 3000 3874 Cor.
3032 3822 3085 3876 4.
3138 3820 3360 3893 9-15);
3412 3839 3530 3877 eum
3583 3824 3721 3879 Deus
3763 3849 3773 3858 -

2141 3907 2337 3974 bonus,
2351 3917 2403 3963 et
2418 3909 2613 3979 justus,
2635 3911 2925 3967 secundum
2947 3928 3168 3969 arcanas
3191 3915 3453 3985 quasdam
3463 3917 3717 3986 rationes,

2141 3998 2296 4053 stadii
2325 3998 2508 4065 instar,
2534 4001 2788 4055 mundum
2809 4003 3104 4071 explicarit,
3123 4014 3178 4060 et
3205 4007 3372 4060 nostri
3396 4007 3598 4062 arbitrii
3622 4024 3721 4064 uos

2142 4086 2347 4153 fecerit,
2373 4098 2433 4144 ut
2454 4091 2663 4160 propria
2686 4093 2956 4148 voluntate
2982 4110 3093 4149 rem
3136 4097 3527 4167 aggredicntes,
3548 4098 3721 4168 justas

2144 4192 2329 4248 pennas
2356 4180 2794 4246 Solvamus,sicut
2814 4182 2922 4237 Lex
2946 4185 3052 4238 ait:
3079 4184 3364 4242 Posuiante
3385 4188 3563 4258 faciem
3583 4200 3722 4244 tuam

2142 4268 2294 4321 vitam
2359 4278 2405 4322 et
2447 4279 2655 4323 mortem
2695 4272 2869 4342 :elige
2907 4275 3041 4342 quod
3078 4275 3151 4328 ris
3193 4274 3212 4349 (
3250 4275 3412 4330 Eccli.
3454 4279 3539 4333 15.
3585 4279 3720 4351 18).

2142 4358 2252 4414 Cur
2276 4370 2450 4414 autem
2479 4363 2715 4430 posuerit
2740 4405 2754 4427 ,
2799 4376 3015 4424 nonest
3058 4366 3213 4437 hujus
3245 4371 3496 4439 temporis
3522 4370 3723 4439 dicere,

2145 4448 2246 4503 nisi
2289 4449 2427 4518 quod
2459 4452 2649 4520 posuit.
2689 4452 2871 4523 Neque
2899 4456 3039 4509 enim
3079 4459 3351 4527 sapientia:
3381 4459 3594 4526 fuisset,
3627 4477 3726 4517 nos

2147 4538 2582 4597 inrouvertibiles
2616 4557 2736 4598 esse
2764 4543 2928 4600 factos
2953 4589 2968 4613 ,
2992 4548 3150 4603 nullis
3181 4551 3463 4619 propositis
3494 4554 3727 4622 praemiis

2143 4641 2196 4685 et
2240 4641 2419 4687 mente
2449 4648 2552 4688 non
2583 4645 2730 4690 recte
2758 4651 2787 4688 a
2824 4647 2983 4692 ente:
3018 4639 3417 4699 inconvertiliile
3457 4646 3596 4698 enim
3622 4646 3728 4701 Soli

2145 4722 2256 4779 Deo
2279 4723 2604 4793 sempiterno
2654 4729 2917 4797 congruit.
2952 4729 3100 4785 Duc.
3133 4731 3396 4787 Praeclare
3421 4742 3473 4788 et
3507 4735 3724 4804 sapien-

2145 4822 2225 4869 tcr
2257 4814 2554 4882 occurristi,
2581 4815 2757 4880 later,
2798 4822 3135 4886 praesentium
3169 4824 3357 4879 mentis
3397 4825 3578 4882 oculos
3605 4827 3727 4880 illu-

2144 4902 2369 4969 minans,
2397 4904 2486 4975 qui
2516 4907 2570 4961 in
2603 4905 2685 4961 his
2716 4922 2929 4978 semper
2949 4909 3220 4966 oll‘euduut
3243 4913 3313 4967 ob
3332 4915 3728 4985 Scripturarnm

2143 4992 2459 5063 imperitiam
2508 5013 2521 5048 :
2558 5006 2609 5051 et
2654 5000 2779 5068 quia
2810 4998 2899 5054 diu
2944 5005 3276 5073 gyntuasimn
3311 5005 3544 5060 Ecclesia
3588 5008 3685 5063 l'uit
3711 5051 3730 5074 ,

2147 5092 2373 5148 victores
2400 5080 2524 5149 suos
2573 5096 2869 5153 ostendens
2905 5101 3047 5153 v'uos
3068 5115 3130 5155 ac
3156 5103 3431 5168 mulieres,
3468 5108 3730 5162 anteactis

2146 5184 2472 5250 temporibus
2502 5225 2517 5249 ,
2543 5184 2738 5241 Christi
2789 5202 3004 5243 carnem
3045 5205 3148 5243 non
3191 5193 3357 5262 grauis
3405 5194 3728 5250 comedisse.

2142 5274 2435 5331 Coutristat
2479 5286 2655 5331 autem
2697 5291 2801 5334 nos
2839 5289 3011 5334 vestra
3046 5281 3361 5337 instaliilitas
3408 5299 3502 5339 sou
3543 5300 3727 5353 perse-

2140 5376 2345 5434 quutio,
2373 5376 2530 5436 atque
2558 5368 2910 5427 Ecclesium
2924 5373 3216 5427 snhvcrsio.
3237 5373 3339 5428 Er.
3360 5373 3434 5445 (α)
3468 5375 3626 5430 Miror
3650 5385 3729 5441 te,

2143 5455 2375 5509 virorum
2432 5459 2840 5521 lmnoratissime
2863 5501 2879 5525 ,
2913 5460 3212 5526 Theodore,
3244 5465 3332 5534 qui
3377 5466 3730 5535 multiplicem

2145 5547 2423 5602 utilitatem
2453 5548 2733 5605 confessus
2754 5567 2936 5606 rursus
2958 5554 3224 5609 Contraria
3255 5555 3510 5626 loqueris.
3535 5556 3728 5611 Beatos

2143 5637 2284 5693 enim
2312 5654 2410 5694 nos
2438 5640 2732 5708 praedicans
2759 5653 2819 5696 ut
2840 5642 3090 5712 victores,
3122 5645 3451 5701 miserabiles
3491 5646 3625 5701 dicis
3665 5659 3725 5703 ut

2208 5744 2279 5804 (α)
2312 5744 2392 5791 llic
2413 5746 2577 5805 incipit
2599 5742 2919 5809 fragmentum
2942 5748 3177 5813 Cujacian.
3202 5751 3248 5799 in
3271 5748 3388 5801 edit.
3412 5756 3486 5800 ιτ.
3511 5752 3692 5802 nutat.
