4110 6148
371 367 446 426 7'7
1371 363 1455 420 DE
1493 364 1651 420 VITA
1690 364 1746 420 5.
1785 361 2065 420 JOANNIS
2099 363 2587 424 CHRYSOSTOML
3585 375 3658 429 78

374 484 624 553 expulsos
652 521 666 542 ,
699 481 948 552 quoniam
1009 476 1260 533 Etclcsii‘s
1293 477 1482 547 privati
1540 491 1741 532 sumus.
1795 476 1959 536 Idem,

375 574 502 630 mihi
548 573 654 643 pati
709 571 908 625 videris
935 613 948 632 ,
977 570 1118 640 quod
1173 569 1396 634 rustici,
1428 569 1515 638 qui
1568 569 1808 639 Olympia
1846 584 1966 638 Spe-

376 673 522 719 ctant
551 681 566 714 :~
599 663 674 716 illi
706 663 856 717 enim
877 677 972 716 ore
1001 661 1166 726 hiant,
1199 659 1523 729 perlibenter
1560 661 1811 722 videntes
1837 676 1970 728 prac-

312 752 320 758 ’
379 758 478 810 mia
511 797 524 816 ,
573 755 938 826 lacrymantur
983 763 1159 806 autem
1215 752 1594 805 miserabiliter
1636 749 1707 804 ad
1754 759 1966 804 certau-

378 849 504 899 tium
534 845 735 913 plagas.
785 844 911 897 Mihi
955 851 1130 896 autem
1171 851 1391 912 przestat
1427 842 1588 896 valles
1617 849 1672 896 et
1721 841 1882 895 silvas
1916 851 1968 895 et

375 940 546 992 maria
575 937 855 1006 pervagari
879 952 997 990 cum
1024 936 1246 988 veritate
1269 976 1285 999 ,
1313 950 1469 1002 quam
1499 933 1716 986 multam
1746 933 1965 1001 gloriam

373 1029 657 1098 praesentis
697 1029 964 1083 felicitatis
1011 1027 1295 1081 habentem
1327 1067 1342 1090 ,
1371 1025 1648 1080 mendacio
1673 1026 1965 1094 subiacere.

384 1119 678 1173 Veritatem
710 1121 852 1172 enim
896 1117 1098 1171 habens
1119 1159 1132 1179 ,
1163 1116 1370 1170 habebo
1395 1116 1570 1169 omnia
1600 1133 1616 1180 ;
1643 1117 1836 1170 etenim
1869 1117 1965 1185 ipsi

374 1213 614 1265 serviunt
667 1211 845 1263 omnia
892 1226 903 1260 :
947 1209 1280 1262 mendacium
1312 1222 1438 1261 vero
1463 1206 1759 1276 possidens,
1788 1223 1854 1260 ne
1883 1221 1967 1261 me

375 1302 549 1368 ipsum
583 1300 798 1369 quidem
829 1299 1054 1361 habebo,
1084 1313 1206 1351 cum
1248 1297 1386 1350 illius
1417 1312 1520 1350 non
1552 1297 1671 1349 sim.
1705 1297 1965 1349 (Ia-terum

373 1392 655 1445 veritatem
692 1389 898 1444 habens
921 1431 936 1454 ,
970 1405 1075 1442 non
1114 1388 1424 1458 simpliciter
1445 1403 1559 1442 eam
1587 1387 1781 1441 habere
1809 1389 1928 1442 volo
1946 1430 1960 1452 ,

375 1491 436 1534 ut
463 1481 736 1535 dominam
767 1491 858 1536 aut
881 1496 1085 1535 servam
1114 1490 1204 1533 aut
1225 1480 1472 1543 vicinam,
1497 1479 1590 1533 sed
1622 1490 1677 1532 ut
1703 1495 1960 1542 sororem,

371 1583 427 1629 et
457 1575 502 1627 si
552 1573 668 1628 ﬁeri
701 1575 886 1642 possit,
910 1582 973 1628 ut
1009 1573 1312 1643 conjugem,
1347 1573 1512 1641 ipsius
1531 1573 1797 1639 voluptate
1825 1574 1960 1640 frui,

374 1673 427 1718 et
455 1673 643 1733 postea
675 1664 924 1718 heredem
944 1705 960 1730 ,
989 1674 1254 1732 tamquam
1300 1663 1566 1733 propriam
1603 1679 1842 1717 uxorem.
1875 1663 1962 1717 Fi-

374 1756 442 1808 lia
469 1756 612 1809 enim
642 1763 725 1809 est
753 1755 975 1808 sincerae
1017 1755 1158 1808 illius
1207 1754 1443 1808 veritatis
1473 1794 1488 1819 ,
1519 1754 1668 1822 cujus
1695 1768 1857 1823 gener
1887 1755 1964 1807 vir

373 1845 598 1914 probus.
627 1844 727 1911 Qui
757 1845 898 1899 enim
923 1844 1025 1899 hoc
1069 1845 1396 1914 signaculum
1426 1845 1661 1913 possidet
1687 1886 1702 1909 ,
1740 1845 1963 1913 repube-

371 1938 497 2002 scit,
517 1951 806 2006 numquam
834 1937 1062 1991 senescit
1086 1952 1183 1992 nec
1215 1939 1512 2002 marcescit,
1543 1938 1662 2006 igne
1690 1937 1960 1991 ardentio-

371 2043 488 2080 rem
515 2025 724 2082 habens
755 2029 950 2092 zelum,
983 2030 1273 2083 acutiorem
1301 2029 1475 2098 gladio
1505 2044 1803 2082 sermonem
1827 2069 1840 2091 ,
1887 2029 1962 2084 le-

367 2117 578 2170 viorem
601 2117 772 2186 aquila
800 2118 959 2171 vitam
995 2135 1008 2171 :
1035 2117 1252 2188 impigre
1280 2119 1446 2171 currit
1473 2118 1537 2170 ad
1565 2117 1958 2186 Scripturarum

369 2205 778 2259 meditationem
804 2249 819 2272 ,
856 2207 999 2261 velut
1041 2207 1104 2260 ad
1159 2215 1380 2261 matrem
1421 2208 1608 2260 domus
1647 2208 1955 2262 custodem:

373 2294 536 2348 ﬂoret
564 2294 761 2363 jugitcr
786 2295 939 2348 laetus
961 2336 974 2359 ,
1003 2311 1104 2350 non
1134 2296 1338 2365 capitur
1370 2303 1510 2349 metu
1540 2338 1554 2361 ,
1591 2297 1844 2364 gloriatur
1873 2298 1956 2350 in-

369 2382 634 2453 trepidus,
663 2398 817 2438 sacro
854 2383 1030 2438 furore
1081 2385 1356 2454 tripudiat,
1393 2387 1660 2441 neminem
1703 2387 1829 2450 odit,
1857 2387 1956 2441 mi-

366 2481 581 2526 seratur
625 2487 717 2527 eos
754 2474 844 2542 qui
896 2475 1092 2529 sa-culo
1139 2476 1456 2539 abutuntur,
1492 2476 1674 2530 beatos
1703 2477 1829 2531 dicit
1869 2478 1954 2546 qui

366 2561 472 2615 sibi
503 2563 685 2615 vivunt
717 2565 975 2629 contenti,
1007 2565 1244 2618 tristatur
1273 2565 1494 2636 spiritali
1536 2567 1744 2620 tristitia
1771 2568 1838 2621 ob
1865 2583 1954 2622 ec-

367 2654 798 2708 elesiastieorum
830 2655 1126 2710 socordiam
1165 2672 1178 2708 :
1222 2656 1288 2710 de
1333 2657 1522 2726 quibus
1543 2659 1950 2727 aitApostolus:

367 2743 442 2795 Et
471 2743 723 2811 Spiritum
749 2756 974 2797 sanctum
1017 2747 1170 2800 nolite
1205 2749 1497 2800 contristare
1518 2790 1531 2810 ,
1577 2749 1628 2799 in
1653 2765 1747 2817 quo
1773 2750 1955 2819 signati

364 2834 489 2886 estis
522 2834 575 2886 in
607 2835 737 2888 diem
767 2835 1122 2904 redemptionis
1145 2836 1163 2908 (
1187 2837 1371 2906 Ephes.
1408 2839 1460 2892 4.
1492 2838 1592 2908 50)
1634 2854 1647 2891 :
1681 2841 1954 2892 contristat

361 2935 550 2979 autem
578 2926 831 2995 Spiritum
881 2927 968 2996 qui
1016 2936 1158 2996 terga
1204 2929 1250 2982 ei
1290 2928 1381 2981 dat
1409 2944 1502 2997 per
1545 2930 1935 2997 negligentiam.

365 3015 575 3087 Ecquid
603 3019 780 3072 omnia
815 3020 1144 3087 percenseo?
1173 3021 1398 3073 moritur
1434 3035 1553 3074 cum
1601 3021 1842 3075 libertate
1870 3023 1947 3074 lo-

359 3107 566 3175 quendi
593 3149 607 3171 ,
639 3109 849 3162 nemine
901 3110 1210 3163 contristato
1240 3119 1430 3178 pru'lcr
1458 3109 1726 3164 dzcmones
1746 3153 1760 3175 ,
1792 3119 1846 3166 et
1865 3112 1951 3180 qui

363 3199 498 3268 ipsis
523 3199 746 3266 proximi
777 3208 897 3253 sunt
923 3215 934 3250 :
966 3200 1195 3254 abundat
1223 3201 1294 3253 illi
1321 3211 1545 3270 tempus,
1575 3217 1678 3254 non
1703 3217 1950 3255 consum-

361 3289 472 3357 psit
498 3289 616 3344 dies
651 3291 702 3343 in
748 3290 1038 3346 malefactis
1070 3309 1082 3343 :
1113 3291 1400 3360 duplicavit
1428 3291 1603 3345 datam
1637 3293 1944 3360 pecuniam,

363 3381 740 3452 honorumque
783 3395 1000 3448 cperunt
1032 3380 1284 3448 praemisit
1321 3395 1510 3434 usuras
1531 3419 1546 3446 ,
1580 3380 1788 3434 modico
1818 3390 1947 3435 tem-

361 3487 498 3540 pore
543 3472 810 3542 longzevos
837 3470 1072 3543 implevit
1108 3487 1276 3524 annos
1309 3488 1322 3535 ;
1372 3479 1744 3526 testamentum
1782 3471 1948 3525 bono-

361 3577 485 3613 rum
519 3577 623 3614 non
655 3565 872 3629 scribit;
919 3565 1098 3618 vivens
1128 3562 1292 3630 enim,
1324 3572 1375 3617 ct
1403 3561 1634 3615 sentiens
1660 3577 1719 3616 ea
1747 3562 1951 3631 disper-

361 3651 452 3702 sit.
507 3651 738 3707 Pulsavit
781 3670 923 3707 mors
965 3655 1263 3725 corpusculi
1312 3653 1552 3708 ostium?
1606 3655 1748 3721 prius
1793 3669 1946 3723 quam

359 3750 596 3796 mortem
644 3743 832 3798 viderit
867 3760 984 3813 qua:
1011 3745 1140 3798 foris
1183 3753 1263 3800 est
1287 3788 1300 3812 ,
1329 3745 1543 3808 clamat,
1598 3744 1938 3799 Discedamus

362 3831 512 3896 hinc,
544 3832 794 3886 accinens
824 3852 837 3885 :
872 3833 989 3888 Heu
1030 3835 1173 3900 mihi,
1228 3837 1348 3905 quia
1373 3833 1618 3890 iaculatus
1656 3851 1792 3887 meus
1827 3852 1947 3902 pro-

357 3921 599 3991 longata:
640 3933 710 3975 est
747 3925 765 3995 (
791 3923 932 3978 Psal.
961 3926 1081 3979 119.
1113 3928 1146 3981 5
1177 3930 1193 3995 )
1219 3929 1233 3981 !
1275 3943 1336 3982 ac
1394 3926 1492 3981 nisi
1521 3939 1734 3997 propter
1781 3926 1944 3984 Deum

358 4013 454 4078 qui
480 4027 598 4064 eam
635 4013 886 4077 miserat,
910 4013 1009 4082 ipsi
1045 4015 1164 4069 lites
1196 4016 1524 4080 intenderet,
1565 4019 1779 4088 exigens
1803 4018 1941 4088 quod

357 4103 536 4156 serius
567 4103 726 4157 venit.
772 4105 1074 4173 Acquieseit
1109 4107 1320 4161 demum
1362 4109 1612 4163 liberatus
1641 4110 1707 4164 ab
1746 4127 1942 4165 terum-

360 4205 498 4244 nosn
524 4207 767 4261 corpore,
792 4204 842 4247 ut
869 4210 896 4247 a
921 4194 1107 4249 vitioso
1131 4197 1413 4265 lmspitiolo
1441 4201 1644 4253 ruinam
1675 4202 1939 4256 minante:

361 4295 547 4334 aurem
578 4285 778 4336 arrexit
808 4284 871 4336 ad
899 4300 1017 4338 eum
1049 4286 1136 4355 qui
1179 4287 1308 4340 dixit
1333 4305 1345 4342 :
1375 4288 1540 4358 Euge,
1581 4307 1718 4344 serve
1747 4291 1870 4344 bone
1895 4302 1942 4344 et

364 4371 871 4440 ﬁdelis(1llattli.‘23.
895 4374 1011 4446 2|),
1030 4377 1304 4430 auditurus
1335 4388 1386 4432 et
1413 4379 1632 4449 reliqua.
1657 4379 1735 4433 Sit
1765 4393 1939 4435 au:em

364 4461 455 4514 tibi
487 4477 672 4516 eorum
718 4480 836 4533 quze
866 4465 1089 4520 dicimus
1124 4480 1323 4522 certum
1371 4470 1618 4524 indicium
1657 4474 1939 4526 verborum

364 4551 514 4621 copia
549 4570 562 4605 :
591 4550 676 4605 Ea:
721 4554 1034 4607 abundantia
1075 4558 1205 4610 enim
1253 4559 1418 4612 cordis
1447 4577 1500 4613 os
1533 4559 1748 4629 loquitur
1777 4562 1937 4631 (Ibid.

362 4641 453 4698 1‘2.
483 4643 597 4712 54).
645 4643 811 4699 Porro
838 4647 923 4715 qui
955 4662 1072 4701 cum
1114 4649 1388 4702 mendacio
1418 4651 1560 4715 vivit,
1593 4652 1748 4704 vitam
1782 4650 1941 4706 habet

368 4735 725 4802 perturbatam
747 4779 762 4803 ,
809 4737 1088 4808 aliquando
1115 4741 1326 4809 quidem
1367 4741 1644 4795 immodice
1674 4743 1937 4811 gaudens,

369 4824 434 4875 ob
464 4823 849 4880 incrementum
882 4831 1116 4897 pecunitc
1148 4839 1235 4882 aut
1266 4846 1438 4898 parvae
1465 4832 1721 4900 gloriolae,
1754 4843 1842 4886 aut
1872 4839 1940 4888 ob

365 4929 598 4970 amorem
629 4919 996 4984 meretriculae,
1027 4931 1114 4973 aut
1141 4930 1352 4989 propter
1371 4921 1698 4976 inimicorum
1727 4939 1938 4978 suorum

366 5004 644 5059 adversam
673 5007 934 5062 fortunam
964 5026 974 5060 :
999 5010 1280 5079 aliquando
1309 5021 1482 5064 autem
1514 5013 1749 5066 tristatur
1774 5030 1940 5080 usque

362 5095 426 5147 ad
477 5106 722 5162 mortem,
772 5099 898 5152 dntn
953 5102 1272 5154 mutationes
1327 5102 1556 5156 somniat
1611 5112 1663 5156 et
1712 5103 1941 5158 incertos

365 5195 583 5238 eventus
606 5227 622 5252 ,
658 5197 945 5258 noctesque
974 5190 1130 5244 habet
1157 5193 1444 5258 insomnes,
1475 5209 1535 5248 ac
1562 5196 1696 5248 male
1726 5196 1938 5249 dormit.

360 5275 494 5339 Quin
537 5285 592 5330 et
639 5278 928 5332 amicormn
977 5279 1191 5334 insidias
1233 5282 1343 5349 ipse
1388 5285 1700 5352 suspicatur,
1741 5302 1805 5338 ne
1844 5287 1940 5339 sibi

362 5364 571 5431 quidem
605 5369 908 5432 conlidens,
954 5371 1196 5424 omnibus
1230 5372 1488 5441 derogans
1519 5373 1670 5428 tidem
1703 5385 1754 5428 ut
1797 5392 1944 5432 men-

361 5454 596 5507 dacibus.
640 5457 746 5523 Qui
799 5458 1094 5527 hujnsmodi
1135 5471 1234 5524 est,
1279 5463 1491 5515 timidus
1529 5473 1609 5517 est
1656 5474 1711 5519 ut
1760 5465 1938 5536 lepus,

359 5544 529 5597 audax
565 5557 622 5599 ut
668 5563 895 5615 porcus,
944 5549 1098 5603 fallax
1137 5563 1187 5604 ut
1220 5551 1506 5607 rhamzeleo
1531 5595 1545 5620 ,
1592 5553 1842 5624 deceptor
1890 5570 1944 5612 ut

366 5633 568 5698 perdix,
597 5635 976 5692 immisericors
1006 5651 1058 5693 ut
1089 5642 1262 5711 lupus,
1296 5643 1674 5698 immansuetus
1706 5653 1760 5697 ut
1787 5661 1939 5700 mus:

361 5723 610 5792 s'tiipsins
661 5726 943 5796 inimicus,
995 5731 1352 5787 indesinenter
1399 5735 1657 5801 invidens,
1709 5736 1936 5803 seipsum

2081 481 2380 533 necessario
2409 482 2680 548 crucians,
2713 497 2811 536 nec
2837 481 2888 537 id
2919 483 3079 537 sentit
3103 502 3114 537 :
3138 498 3256 538 cum
3283 485 3422 540 enim
3455 489 3650 540 malum

2074 579 2257 622 contra
2290 571 2449 624 alium
2481 572 2695 641 cogitat,
2729 574 2960 642 seipsum
2993 573 3138 642 prius
3165 574 3391 644 pessime
3423 585 3650 646 torquet.

2075 659 2302 715 Pulsavit
2335 663 2514 716 mors?
2543 663 2719 717 omnia
2753 663 2862 730 dat,
2894 675 2949 718 ut
2980 665 3242 719 modicum
3270 666 3442 721 adhuc
3467 667 3650 734 duret,

2073 750 2294 818 Cupidus
2325 752 2445 806 vita:
2471 769 2484 804 :
2510 753 2769 807 indultum
2801 754 2897 807 sibi
2934 764 3141 824 tempus
3173 755 3363 809 frustra
3401 771 3650 810 consum-

2068 837 2475 908 psitzprzeterca
2490 843 2761 897 denarium
2791 860 2894 898 non
2926 843 3230 912 duplicavit,
3253 861 3422 914 neque
3445 844 3647 899 salvum

2073 932 2373 986 custodivit.
2396 932 2600 1002 Jugiter
2627 933 2806 988 tremit
2829 946 2879 987 ut
2913 934 3115 998 folium,
3138 950 3419 989 senescere
3440 935 3644 1002 nolens,

2072 1031 2126 1075 et
2149 1039 2268 1092 qua:
2284 1023 2618 1078 delirantium
2638 1039 2821 1080 senum
2845 1034 2968 1078 sunt
2987 1025 3211 1094 patitur:
3233 1038 3456 1080 mortem
3477 1026 3644 1091 timet,

2073 1122 2129 1166 ut
2149 1114 2305 1168 deum
2334 1134 2347 1169 :
2370 1115 2498 1170 deus
2526 1115 2598 1169 illi
2619 1125 2700 1170 est
2727 1116 2945 1170 visibilis
2969 1116 3216 1170 mundus.
3240 1117 3306 1170 Et
3326 1117 3448 1184 quid
3473 1117 3648 1172 ultra?

2071 1204 2344 1271 pallescit,
2375 1206 2590 1272 horret,
2621 1207 2808 1261 anxius
2836 1206 3203 1260 estzdivinum
3229 1207 3482 1276 judicium
3515 1224 3649 1278 pra:-

2071 1294 2323 1357 veniens,
2368 1296 2598 1364 seipsum
2632 1297 2818 1364 punit,
2858 1297 3184 1352 conscientia
3226 1298 3372 1352 illum
3399 1300 3647 1354 atrociter

2072 1390 2383 1453 torquente,
2432 1393 2486 1439 et
2515 1385 2925 1454 umtmquodque
2955 1396 3226 1456 peccatum
3259 1387 3310 1440 in
3338 1389 3644 1442 memoriam

2072 1481 2374 1538 revocante,
2397 1475 2637 1542 graviora
2668 1477 2886 1544 patitur,
2911 1493 3068 1546 quam
3101 1477 3135 1530 ii
3165 1492 3386 1546 quorum
3417 1493 3641 1549 corpora

2069 1567 2378 1621 verberibus
2394 1567 2740 1622 concidantur
2764 1586 2777 1622 :
2801 1569 3063 1624 serviliter
3085 1585 3142 1624 se
3168 1569 3396 1624 demittit
3419 1570 3484 1623 ad
3510 1579 3644 1623 tem-

2070 1657 2280 1725 porales
2307 1667 2625 1725 potestates,
2673 1658 2810 1713 fmde
2841 1659 3103 1714 blanditur
3131 1661 3326 1714 tnundo
3349 1703 3362 1725 ,
3409 1676 3505 1732 pro
3540 1675 3646 1714 uno

2069 1745 2286 1801 domino
2312 1747 2545 1803 intinitos
2571 1747 2729 1804 habet
2760 1749 2935 1816 heros,
2968 1759 3024 1805 ut
3053 1766 3156 1805 non
3185 1753 3379 1807 serviat
3405 1754 3642 1808 veritati:

2080 1835 2250 1890 timeri
2281 1837 2452 1906 cupit,
2476 1854 2593 1892 cum
2619 1839 2730 1908 ipse
2751 1855 2938 1894 omnes
2976 1841 3156 1896 timeat
3178 1841 3271 1912 (τι).
3317 1840 3440 1898 Haec
3467 1852 3642 1897 autem

2069 1925 2158 1979 tibi
2192 1942 2286 1996 pro
2318 1929 2450 1982 virili
2478 1946 2505 1980 a
2535 1929 2687 1984 nobis
2710 1931 2847 1984 dicta
2872 1931 2998 1984 sint.
3029 1932 3084 1986 Si
3117 1935 3234 2002 quis
3264 1943 3438 1987 autem
3467 1935 3643 1988 verius

2066 2026 2120 2070 et
2144 2018 2434 2085 elegantius
2460 2018 2680 2085 dicens,
2723 2020 3137 2075 imbecillitatem
3186 2033 3416 2076 nostram
3461 2039 3642 2078 emen-

2067 2105 2302 2171 daverit,
2337 2109 2476 2163 hunc
2515 2109 2738 2165 libenter
2770 2111 3087 2178 accipiemus
3123 2121 3176 2164 ut
3206 2121 3558 2167 correctorem
3589 2121 3641 2167 et

2065 2196 2286 2252 fratrum
2331 2210 2595 2253 amantem
2621 2241 2634 2264 ,
2686 2209 2841 2270 atque
2880 2201 3146 2255 Servatori
3195 2203 3388 2270 gratias
3427 2218 3642 2273 agemus

2064 2296 2279 2357 propter
2304 2291 2500 2343 omnia.
2537 2290 2729 2344 Verum
2763 2288 2874 2359 ipse
2901 2292 3027 2345 mihi
3060 2308 3266 2361 expone
3290 2292 3640 2348 Occidentalis

2062 2379 2257 2449 Synodi
2292 2395 2508 2447 scopum
2540 2395 2600 2434 ac
2629 2380 2897 2435 decretum
2920 2423 2932 2446 ,
2966 2393 3018 2436 et
3049 2383 3262 2452 obsigna
3291 2384 3449 2437 verba
3483 2400 3595 2437 mea
3621 2425 3636 2447 ,

2062 2470 2320 2539 siquidem
2349 2471 2438 2524 tibi
2468 2472 2792 2540 placuerunt,
2825 2483 2877 2524 ut
2900 2474 3098 2528 utiliter
3117 2473 3274 2528 dicta.
3303 2473 3430 2528 Cum
3461 2486 3637 2529 autem

2062 2559 2200 2629 loqui
2249 2561 2511 2625 desiisset,
2565 2563 2676 2615 hare
2720 2565 2794 2616 ait
2843 2564 3154 2618 Theodorus
3188 2584 3199 2619 :
3231 2567 3345 2619 Tibi
3391 2566 3637 2636 quidem,

2061 2651 2144 2720 qui
2184 2651 2294 2704 luce
2336 2653 2589 2718 narrasti,
2627 2653 2715 2707 det
2762 2653 2900 2708 Deus
2935 2655 3348 2709 misericordiam
3385 2659 3634 2728 consequi

2061 2740 2110 2793 in
2135 2740 2217 2794 illa
2243 2741 2347 2808 die,
2375 2749 2480 2794 tum
2507 2743 2622 2812 quia
2652 2759 2678 2794 a
2705 2743 2883 2796 talium
2915 2745 3285 2798 communione
3314 2746 3637 2813 abstinuisti,

2061 2841 2166 2885 tum
2199 2835 2317 2903 quia
2349 2834 2499 2888 nobis
2527 2836 2638 2887 hzcc
2665 2845 2843 2903 aperte
2882 2835 3197 2889 disseruisti.
3230 2837 3487 2891 Cmtcrum
3530 2837 3633 2890 Do—

2060 2929 2231 2982 minus
2263 2930 2558 2983 mcminerit
2579 2931 2750 2984 omnis
2777 2929 3018 2983 sacriﬁcii
3041 2929 3277 2993 Joannis,
3298 2931 3383 3001 qui
3401 2932 3464 2984 ad
3490 2948 3636 2984 mor-

2061 3027 2164 3072 tem
2203 3035 2367 3088 usque
2395 3019 2639 3089 loquendi
2670 3020 2962 3074 libertatem
3011 3037 3112 3075 non
3165 3021 3373 3090 abjccit.
3431 3021 3634 3092 Scapti:

2059 3109 2309 3162 Ecclesia:
2329 3109 2576 3162 Romana:
2599 3110 2694 3162 istc
2720 3118 2820 3174 est,
2841 3126 2944 3161 non
2968 3111 3359 3163 communicare
3385 3127 3628 3180 umquam

2057 3200 2410 3255 Orientalibus
2450 3201 2730 3269 episcopis,
2783 3202 3071 3269 praesertim
3117 3202 3431 3270 'l‘heOphilo,
3461 3203 3630 3258 donec

2059 3291 2310 3344 Dominus
2337 3290 2542 3344 dederit
2566 3291 2735 3343 locum
2761 3291 3038 3344 univcrsztli
3057 3291 3286 3359 Synodo,
3310 3308 3424 3359 qua:
3448 3302 3626 3360 putre-

2057 3381 2202 3434 factis
2235 3382 2486 3434 membris
2515 3397 2714 3445 ctirum,
2751 3380 2837 3448 qui
2873 3381 2982 3434 lucc
3015 3390 3302 3450 patrarunt,
3335 3381 3624 3435 medeatur.

2057 3470 2166 3524 Etsi
2194 3472 2332 3525 enim
2365 3471 2558 3524 dormit
2587 3471 2772 3524 beatus
2800 3470 3059 3536 Joannes,
3103 3471 3281 3541 vigilat
3319 3480 3491 3526 tamen
3533 3489 3624 3528 ve-

2055 3561 2184 3614 ritas
2209 3602 2221 3624 ,
2265 3568 2481 3628 propter
2519 3576 2675 3629 quam
2708 3559 2973 3630 inquisitio
2999 3562 3116 3614 erit.
3162 3562 3264 3614 Eos
3309 3571 3504 3624 autem,
3537 3563 3629 3632 qui

2056 3652 2172 3704 talia
2195 3652 2244 3704 in
2267 3652 2495 3704 Ecclesia
2524 3659 2908 3719 perpelrarunt,
2939 3651 3161 3706 libenter
3190 3654 3546 3717 eouvcniiem,
3574 3658 3622 3707 iu

2054 3741 2239 3794 faciem
2279 3742 2494 3795 dicens:
2520 3741 2743 3796 Ubinam
2775 3741 3168 3795 sacerdotium?
3212 3743 3296 3796 ubi
3341 3743 3622 3802 Sanctitas.

2055 3834 2137 3886 ubi
2177 3833 2522 3886 manmetudo
2553 3842 2605 3886 et
2634 3834 2936 3886 communio
2967 3834 3300 3888 naturai?ubi
3329 3835 3624 3888 Servatoris

2053 3925 2334 3978 mandata?
2365 3925 2451 3978 ubi
2497 3924 2622 3978 illud
2651 3941 2662 3976 :
2689 3924 2748 3978 Si
2791 3923 2941 3989 offers
2972 3942 3151 3979 manus
3187 3936 3356 3986 tuum,
3387 3935 3432 3978 ct
3460 3943 3624 3978 recor-

2049 4016 2199 4072 datus
2247 4015 2401 4084 [acris
2435 4015 2550 4084 quia
2592 4015 2749 4083 frater
2795 4023 2907 4067 tuus
2951 4015 3094 4068 habet
3131 4017 3323 4085 aliquid
3360 4017 3621 4069 adversum

2049 4123 2113 4175 te,
2154 4110 2295 4175 vade,
2333 4109 2471 4178 prius
2501 4107 2824 4160 reconciliare
2847 4108 2996 4176 fratri
3025 4117 3105 4161 tuo
3126 4149 3140 4173 ,
3170 4117 3216 4161 et
3257 4109 3327 4161 sic
3359 4107 3483 4174 a/I'er
3509 4126 3621 4162 mu-

2041 4191 2141 4255 nus
2171 4215 2306 4255 tuum
2327 4202 2532 4271 (Matth.
2559 4202 2610 4257 5.
2632 4203 2723 4258 ‘23.
2750 4196 2882 4272 2i)?
2915 4198 2998 4253 ubi
3036 4199 3161 4253 illud
3187 4217 3198 4250 ε
3226 4199 3287 4253 Si
3305 4201 3412 4270 quis
3435 4210 3480 4253 te
3504 4218 3620 4270 per-

2049 4293 2253 4344 cusserit
2296 4292 2346 4344 in
2389 4292 2650 4344 maxillam
2689 4293 2950 4354 dextram,
2991 4288 3183 4342 obverte
3213 4289 3288 4342 illi
3328 4300 3372 4342 et
3409 4290 3622 4344 alterum

2049 4380 2201 4447 (lbirl.
2245 4397 2292 4434 ι’.
2339 4381 2466 4450 59)?
2494 4382 2577 4433 ubi
2614 4381 3001 4449 Scripturarum
3044 4379 3343 4435 meditatio?
3375 4389 3428 4434 et
3469 4381 3616 4446 illud,

2049 4470 2179 4522 Ecce
2214 4487 2359 4540 quam
2403 4471 2583 4522 bonum
2625 4479 2670 4522 et
2698 4487 2844 4538 quam
2861 4470 3163 4539 jucundum,
3193 4472 3415 4522 habitare
3439 4475 3618 4540 fratres

2047 4561 2098 4613 in
2125 4577 2279 4612 unum
2298 4558 2462 4630 (Psal.
2495 4559 2611 4612 152.
2641 4558 2728 4628 l)?
2756 4558 2841 4611 tibi
2874 4559 3018 4622 illud,
3042 4558 3246 4611 Fratres
3273 4560 3324 4611 in
3351 4560 3616 4612 necessita-

2048 4650 2177 4703 tibus
2211 4650 2354 4702 utiles
2381 4648 2519 4701 sint?
2552 4663 2644 4700 cur
2675 4647 2800 4700 illud
2851 4668 2863 4703 :
2907 4644 3098 4698 Frater
3151 4647 3239 4718 qui
3267 4663 3296 4698 a
3338 4651 3494 4716 fratre
3522 4649 3618 4700 atl-

2037 4741 2274 4810 juvatur,
2323 4749 2374 4790 ut
2412 4739 2580 4789 civitas
2610 4737 2798 4789 munita
2843 4735 3018 4806 (Prov.
3053 4737 3136 4789 l7.
3170 4738 3254 4801 17,
3287 4748 3330 4790 ct
3362 4737 3447 4792 18.
3483 4739 3570 4808 l9)
3600 4780 3614 4804 ,

2047 4829 2404 4899 pervertistis,
2462 4837 2515 4882 et
2560 4827 2635 4881 sic
2671 4825 2910 4882 fecistis?
2958 4827 3176 4891 Frater,
3227 4828 3313 4897 qui
3364 4843 3392 4880 a
3459 4827 3617 4882 fratre

2047 4926 2268 4972 vexatur
2294 4929 2382 4970 aut
2410 4918 2699 4986 spoliatur,
2747 4925 2804 4970 ut
2846 4918 3032 4971 civitas
3073 4919 3389 4972 miserabilis
3420 4926 3473 4972 et
3502 4919 3618 4974 sine

2047 5008 2230 5060 muris.
2260 5006 2392 5073 Quid
2425 5006 2632 5060 tandem
2666 5006 2824 5076 igitur
2849 5009 3005 5061 veluti
3039 5024 3148 5063 rem
3190 5025 3294 5062 non
3334 5010 3618 5063 c0ncilian~

2047 5097 2166 5151 dam
2195 5098 2498 5167 persequuti
2528 5099 2678 5164 estis,
2711 5115 2741 5151 o
2778 5108 2878 5166 ter,
2911 5109 2963 5154 et
3001 5116 3102 5154 nou
3144 5103 3304 5155 semel
3338 5102 3622 5158 infelices?

2047 5207 2146 5262 qua
2178 5192 2383 5246 tandem
2414 5193 2614 5245 ratione
2645 5191 2898 5246 adversus
2937 5193 3102 5257 illum,
3141 5203 3402 5261 tamquam
3436 5195 3618 5247 adver-

2047 5299 2135 5337 sus
2167 5285 2433 5337 inimicum
2453 5326 2467 5347 ,
2499 5283 2695 5338 cardem
2725 5285 2985 5337 intentare
3015 5302 3118 5338 non
3150 5287 3454 5354 refugistis?
3483 5303 3618 5355 quo-

2050 5375 2205 5428 modo
2249 5376 2390 5427 venit
2443 5378 2490 5425 iu
2546 5384 2774 5427 mentem
2822 5383 3048 5427 vestram
3097 5377 3174 5429 sic
3223 5379 3474 5432 adversus
3526 5394 3619 5431 vos

2049 5465 2270 5518 invicem
2317 5465 2557 5518 cllerari?
2609 5466 2747 5518 unde
2803 5475 2998 5518 tantam
3049 5469 3396 5524 mutationem
3439 5477 3617 5521 osten-

2050 5558 2238 5620 distis,
2286 5566 2334 5608 ut
2376 5573 2403 5608 a
2451 5567 2724 5610 mansueto
2771 5558 2833 5609 ad
2878 5559 3076 5613 inunitc
3118 5569 3170 5614 ct
3211 5562 3618 5614 immansuetum

2051 5648 2380 5700 transiretis?
2411 5647 2675 5708 Admiror,
2698 5659 2748 5699 et
2768 5647 2899 5700 hanc
2924 5650 3321 5704 conversimiem
3349 5648 3618 5702 admirans

2113 5751 2184 5809 (τι)
2219 5748 2297 5794 llic
2323 5745 2498 5796 desinit
2523 5746 2859 5806 fragmentum.
