4110 6148
444 394 516 450 19
744 424 745 427 γ
1584 353 1596 361 ’
1735 377 1955 437 eum
1968 371 2033 429 ut

2140 369 2432 431 MLUGUS
3216 328 3233 343 ’
3655 370 3729 429 tu

449 515 791 581 i-bstnpcsco,
823 507 1034 563 intuens
1058 503 1234 558 omnia
1264 499 1331 555 ob
1357 500 1407 554 id
1433 498 1590 554 nimis
1614 505 1899 553 commota.
1926 493 2034 548 Cur

448 611 592 658 tattta
627 598 842 654 audacia
885 594 1038 657 elati,
1086 593 1347 648 mamilius
1394 591 1717 662 pra‘beutent
1750 598 1801 642 et
1839 597 2034 656 pueros

446 712 545 751 vos
567 694 909 756 nutricnlem,
935 689 1027 744 Dei
1057 687 1367 749 Ecclesiam,
1391 694 1447 738 ut
1474 679 1771 739 fo‘cmtdam
1795 681 2031 736 Vulvam.

445 783 782 840 contumeliis
816 780 1066 836 all'ecistis
1095 788 1145 833 et
1176 776 1517 832 concidistis?
1548 782 1605 828 ut
1646 773 1951 840 impleretur
1982 770 2033 822 in

451 874 602 929 vobis
652 870 1023 943 prephetirum
1065 869 1192 923 illud
1220 888 1233 922 :
1263 867 1364 921 Pro
1391 865 1569 937 quibus
1607 862 1892 934 persrqtmtt'
1920 869 2036 913 sunt

446 967 501 1020 in
542 964 713 1037 gladio
755 968 960 1033 fratrem
1008 976 1155 1015 situm
1183 1003 1198 1026 ,
1245 968 1289 1011 et
1329 959 1529 1011 vulvam
1574 956 1941 1024 inbefuctaruut
1983 950 2034 1002 iu

449 1065 584 1111 terra
610 1054 784 1126 (Amos
811 1056 856 1109 Ι.
893 1053 996 1124 Η).
1016 1051 1146 1107 Cum
1177 1051 1276 1104 hac
1302 1049 1453 1102 vulva
1480 1059 1798 1117 congressus
1827 1042 2037 1096 divinus

446 1158 501 1203 et
545 1148 792 1203 salutans
839 1160 1036 1210 sermo,
1089 1159 1183 1199 vos
1223 1151 1381 1211 atque
1429 1140 1574 1193 illmn
1621 1137 1937 1199 seminavit,
1983 1145 2036 1189 et

449 1239 707 1309 plantavit
738 1240 789 1291 in
822 1236 974 1290 bonis
1016 1234 1306 1287 innumeris
1336 1248 1397 1284 ac
1433 1230 1649 1284 utilibus
1692 1227 1870 1281 rebus.
1902 1221 2033 1278 Nam

444 1345 567 1386 cum
613 1328 882 1384 deberetis
908 1326 1060 1379 vobis
1087 1326 1311 1379 invicem
1357 1337 1511 1392 opem
1563 1323 1702 1375 l‘crre
1726 1318 1791 1372 ad
1819 1333 1879 1373 ea
1916 1331 2036 1386 qua:

446 1419 703 1484 decebat;
752 1416 875 1490 quid
920 1433 1094 1473 causze
1132 1426 1246 1481 est,
1293 1430 1387 1470 cur
1427 1413 1703 1484 quiescere
1752 1419 1805 1464 et
1849 1417 2035 1479 pacate

446 1513 640 1585 degere
668 1513 854 1567 saltent
887 1513 937 1565 iu
973 1520 1245 1582 posterum
1279 1524 1385 1562 non
1413 1505 1742 1561 censuistis?
1770 1502 1846 1557 Ad
1880 1516 2033 1556 usum

447 1604 609 1675 igitur
650 1613 703 1659 et
750 1612 990 1657 mutuum
1032 1600 1282 1655 auxilium
1324 1597 1550 1658 conditi,
1596 1596 1720 1666 quid
1765 1610 1883 1647 eam
1936 1608 2033 1647 tte-

446 1695 684 1764 glexistis
718 1695 974 1764 gratiam,
1024 1708 1128 1746 non
1176 1690 1333 1744 modo
1384 1703 1490 1742 non
1538 1686 1879 1741 sublevantes
1932 1683 2036 1737 l'ra-

445 1788 543 1841 tris
574 1787 829 1849 laborcm,
876 1785 969 1840 sed
1001 1793 1055 1837 et
1084 1782 1399 1853 repellentes
1436 1788 1594 1850 atque
1631 1794 1660 1832 a
1696 1778 1908 1849 propria
1944 1791 2041 1830 co-r

444 1876 693 1947 gnatione
721 1874 1130 1931 abscindeutes?
1156 1888 1275 1927 cum
1309 1871 1563 1941 pmpheta
1592 1869 1782 1923 clamet
1805 1867 1869 1922 ad
1900 1880 2029 1920 vos:

447 1970 633 2039 Nonne
660 1968 811 2022 Pater
836 1984 967 2021 unus
989 1970 1210 2020 omnium
1243 1963 1512 2017 nostram?
1553 1977 1716 2015 nonne
1745 1959 1878 2013 Deus
1903 1975 2034 2012 unus

444 2046 669 2114 condidit
698 2078 788 2115 nos
819 2058 1067 2130 (Malae/1.
1096 2057 1150 2111 2.
1183 2058 1312 2127 10’)?
1339 2055 1442 2110 Sed
1478 2050 1666 2109 dicetis
1701 2051 1828 2106 mihi
1854 2070 1868 2103 :
1897 2047 2032 2106 Pec-

443 2154 583 2207 cavit
610 2153 659 2207 in
692 2153 883 2223 legem.
913 2150 1172 2220 Qualem?
1197 2165 1353 2219 quant
1381 2163 1475 2202 vos
1500 2146 1851 2201 conculcastis
1871 2188 1884 2209 ,
1913 2159 2029 2198 eam

443 2263 539 2315 per
569 2246 851 2315 nequitiam
882 2245 1218 2313 dissipantcs.
1256 2241 1351 2297 Ubi
1384 2256 1510 2308 ergo
1541 2248 1742 2292 natura:
1772 2238 1876 2302 lex,
1909 2252 2030 2289 cor-

442 2314 617 2405 rigere
657 2314 774 2392 cum
804 2335 1055 2389 leuitate?
1084 2333 1241 2401 Quid,
1276 2346 1486 2401 q'uzeso,
1506 2331 1622 2399 lege
1653 2328 1882 2381 hostium
1938 2326 2032 2379 ab-

443 2412 674 2489 utentes.
705 2425 1119 2496 pt-rse’ptimini,
1152 2423 1274 2476 dum
1309 2418 1583 2475 consulitis
1623 2427 1677 2473 et
1715 2417 1868 2488 agitis
1912 2432 2031 2487 qute

440 2520 705 2574 contraria
750 2528 873 2573 sunt
916 2526 971 2571 et
1015 2514 1304 2571 inimicitiis
1344 2515 1544 2582 digna?
1587 2513 1795 2581 Quanto
1841 2512 2031 2566 melius

442 2608 643 2674 fuerat,
679 2621 735 2664 ut
762 2610 921 2665 simul
954 2608 1284 2685 habitantes,
1316 2617 1474 2677 atque
1505 2606 1557 2659 in
1589 2621 1749 2659 tntum
1783 2604 2029 2658 victitan-

440 2712 554 2767 tes,
582 2703 879 2757 communia
909 2711 961 2754 et
987 2700 1122 2754 bona
1151 2699 1372 2754 consilia
1404 2698 1629 2752 invicem
1670 2698 2031 2752 couununica-

442 2793 571 2847 retis
591 2833 605 2856 ,
637 2792 701 2845 ad
745 2792 967 2861 gloriam
999 2801 1053 2845 et
1090 2790 1311 2861 gratiam
1342 2789 1513 2844 Patris
1541 2787 1741 2843 vestri?
1772 2787 2029 2842 Filiorum

440 2883 581 2938 enim
619 2884 785 2936 virtus
814 2892 867 2936 et
909 2881 1195 2952 gratiarum
1242 2889 1531 2935 concentus
1574 2879 1725 2932 valde
1764 2876 2032 2946 jucundus

440 2984 524 3028 est
553 2972 858 3042 parentibus
879 3018 894 3036 ,
930 2974 1015 3041 qui
1050 2972 1181 3027 nihil
1206 2972 1346 3027 aliud
1375 2988 1402 3025 a
1432 2968 1613 3026 liberis
1639 2972 1747 3024 suis
1777 2980 2032 3038 expetunt

441 3081 598 3135 quam
627 3062 773 3118 illud.
807 3064 917 3118 Hoc.
947 3064 1105 3116 etiam
1141 3062 1307 3131 probe
1333 3063 1471 3115 nosti
1496 3105 1509 3127 ,
1541 3060 1679 3130 qttod
1711 3062 1956 3115 amicitia:
1977 3070 2031 3115 et

441 3155 824 3210 benevolentia:
869 3153 1133 3208 vinculum
1185 3152 1316 3207 nihil
1364 3151 1507 3206 aliud
1553 3153 1655 3216 sit,
1698 3167 1854 3222 quam
1903 3150 2028 3204 eniti

442 3259 495 3305 ct
520 3249 695 3303 omnia
740 3245 915 3301 facere
945 3262 1063 3317 qua:
1090 3246 1337 3315 placeant
1364 3243 1500 3313 patri
1522 3284 1535 3307 ,
1561 3252 1729 3307 ortus,
1755 3242 2033 3296 educatioa

443 3341 525 3396 nis
566 3350 722 3411 atque
770 3337 1191 3393 conservatiouis
1233 3336 1455 3389 auctori.
1506 3337 1671 3401 Quem
1706 3344 1763 3387 ut
1803 3333 2029 3388 delirum

441 3439 881 3495 contemnentes,
930 3429 1064 3483 bella
1114 3431 1165 3481 in
1216 3428 1448 3481 Ecclesia
1488 3425 1842 3491 accendistis,
1882 3425 2031 3492 juxta

443 3524 779 3594 prophetam,
809 3521 897 3590 qui
932 3518 1058 3574 dicit
1083 3539 1095 3574 :
1128 3517 1391 3573 Insaniam
1420 3518 1473 3571 in
1494 3516 1642 3571 domo
1672 3515 1876 3570 Domini
1906 3517 2034 3583 ﬁxe-

441 3626 560 3669 runt
595 3615 744 3686 (Osce
769 3614 821 3669 9.
854 3612 942 3681 8);
975 3626 1094 3666 cmn
1135 3610 1368 3665 excitare
1416 3617 1573 3679 atque
1616 3608 1815 3661 hortari
1849 3616 2032 3660 mutuo

443 3705 710 3761 deberetis
736 3723 747 3755 :
779 3702 971 3757 deinde
999 3710 1193 3770 praeter
1228 3708 1458 3754 mentem
1495 3708 1548 3752 et
1576 3697 1893 3752 sententiam
1927 3697 2030 3751 Pa-

444 3798 542 3851 tris
569 3795 702 3849 bella
735 3791 1084 3862 implacabilia
1117 3790 1254 3844 inter
1290 3804 1385 3843 vos
1411 3796 1675 3858 gerentes.
1710 3787 1862 3842 Addo
1890 3787 2031 3858 quod

443 3896 498 3941 ct
527 3886 691 3940 Deum
721 3892 773 3939 et
799 3898 983 3936 omnes
1012 3880 1101 3952 qui
1142 3879 1207 3933 ad
1252 3895 1372 3934 cum
1401 3878 1690 3943 accedunt,
1721 3878 1886 3948 ipsius
1911 3877 2032 3948 qui-

444 3977 566 4032 dem
599 3975 733 4030 filios
750 4015 767 4041 ,
798 3983 1004 4028 vestros
1030 3987 1159 4026 vero
1189 3971 1379 4026 fratres
1405 3969 1751 4024 vehementer
1775 3969 2031 4039 obstupe-

446 4068 571 4121 facit
603 4081 666 4121 ac
708 4073 921 4127 movet,
970 4079 1067 4118 nec
1115 4070 1291 4117 tacere
1336 4060 1628 4130 permittit:
1672 4075 1844 4130 neque
1887 4061 2031 4116 enim

446 4157 674 4212 ﬁliorum
697 4156 935 4210 utilitatis
960 4152 1230 4224 negligens
1250 4163 1327 4207 est
1351 4161 1405 4207 et
1428 4151 1800 4206 sollicitudinis
1817 4166 2033 4221 expers.

446 4250 689 4305 Vestram
719 4248 879 4318 igitur
901 4246 1222 4302 dementiam
1255 4261 1393 4316 :rgre
1422 4244 1596 4299 ferens
1616 4287 1630 4311 ,
1660 4253 1818 4315 atque
1845 4259 2031 4300 eorum

446 4338 848 4410 oppressionem
870 4378 885 4402 ,
916 4336 1004 4406 qui
1044 4335 1290 4405 iujuriam
1318 4336 1625 4406 patiuntur:
1655 4335 1775 4390 ideo
1816 4337 2033 4404 impune

444 4448 542 4487 vos
581 4429 807 4487 evadere
826 4429 1028 4501 justum
1074 4443 1176 4483 non
1220 4436 1399 4498 putat,
1451 4427 1588 4483 sicut
1629 4427 1810 4498 carpit.
1851 4426 2039 4498 Neque

444 4524 586 4579 enim
615 4523 710 4594 ipsi
733 4522 1007 4588 decorum,
1034 4535 1208 4592 neque
1229 4519 1377 4574 vobis
1401 4529 1569 4574 tuttun
1591 4528 1713 4576 est:
1742 4529 1796 4575 et
1817 4519 2033 4575 morbus

445 4624 622 4670 vester
644 4615 935 4671 tolerabilis
964 4629 1069 4669 neu
1100 4623 1203 4679 est,
1237 4627 1335 4667 nee
1362 4626 1502 4667 curm
1525 4611 1826 4678 cujuslibet.
1858 4610 2034 4682 Plagis

446 4707 589 4761 enim
628 4714 686 4762 et
729 4705 1022 4761 innumeris
1067 4705 1226 4758 etiam
1268 4703 1552 4773 castigatos
1581 4701 1836 4755 vibicibus
1880 4699 2033 4755 dete-

446 4796 617 4850 riores
653 4793 821 4850 iactos
850 4810 970 4850 esse
998 4807 1095 4846 vos
1120 4793 1280 4847 videt.
1312 4793 1526 4845 Multum
1555 4792 1696 4846 enim
1728 4791 2033 4847 insensibile

447 4897 503 4943 et
528 4886 815 4942 inﬂexibile
844 4886 894 4939 in
924 4884 1074 4938 vobis
1100 4881 1391 4945 redundat,
1422 4882 1606 4936 fratres
1629 4924 1642 4944 ,
1674 4898 1953 4953 germanos
1982 4892 2037 4938 et

446 4976 879 5039 contubernales,
914 4982 1168 5043 pr.etcrea
1194 4980 1249 5026 et
1272 4971 1683 5037 conitnderatos,
1711 4983 1870 5042 atque
1894 4973 2038 5040 ejus-

450 5070 572 5123 dem
604 5081 803 5122 menSte
832 5082 894 5121 ac
925 5065 1044 5119 lecti
1092 5065 1373 5133 participes
1412 5072 1466 5117 et
1510 5064 1665 5116 unius
1692 5063 2037 5135 ejusdemque

449 5156 801 5229 cognationis,
833 5157 969 5211 adeo
998 5155 1049 5208 itt
1078 5154 1257 5207 odium
1289 5153 1647 5221 turpissimum
1675 5154 2034 5222 pervertistis,

452 5261 502 5304 ut
536 5264 630 5306 eos
659 5249 818 5302 etiam
861 5263 888 5301 a
932 5246 1124 5300 ﬁnibus
1152 5244 1379 5315 prepriis
1413 5255 1461 5299 et
1494 5244 1762 5298 communi
1794 5243 1906 5298 lare
1945 5259 2039 5298 ex-

451 5338 697 5412 puleritis
723 5350 776 5395 et
804 5338 984 5410 procul
1031 5337 1294 5407 t-jeceritis
1314 5378 1326 5402 ,
1360 5337 1474 5390 sine
1500 5335 1710 5390 civitate
1753 5351 1816 5390 ac
1841 5335 2034 5400 domo;

451 5435 679 5505 denique
700 5434 943 5499 exsoles,
973 5441 1226 5502 quantum
1269 5430 1319 5484 in
1353 5422 1499 5485 vobis
1530 5428 1626 5484 fuit
1654 5446 1667 5481 :
1699 5440 1751 5484 et
1784 5430 1895 5484 lucc
1924 5445 2034 5483 mo-

453 5528 550 5595 Ιὶεἰ,
582 5540 687 5581 non
717 5524 782 5581 ad
810 5523 1031 5596 aliquod
1054 5533 1261 5594 tempus
1288 5523 1531 5577 exsilium
1559 5523 1925 5586 Ierutiuantes,
1943 5521 2035 5576 sed

452 5619 503 5672 in
534 5626 786 5689 quantum
813 5616 1075 5688 potuistis.
1101 5616 1151 5669 in
1185 5615 1444 5669 ittliuitttm
1478 5614 1657 5679 etiam,
1690 5628 1782 5682 per
1803 5611 2036 5667 crudeli-

453 5720 612 5762 tatem
646 5723 712 5762 ac
741 5707 954 5762 ttimiam
987 5706 1179 5760 mentis
1212 5714 1402 5759 vestra:
1430 5705 1771 5757 cutotionem.
1802 5701 1950 5770 Quod
1984 5702 2035 5756 in

453 5798 535 5854 his
574 5806 626 5851 ct
668 5797 719 5853 itt
769 5797 923 5854 beato
973 5794 1173 5851 Joanne
1221 5795 1447 5861 fecistis,
1501 5792 1807 5848 intestinum
1853 5792 2031 5847 odiutn

2139 489 2586 553 reaccendeutes,
2631 502 2696 544 ac
2727 488 2886 545 veluti
2935 474 3148 547 acutum
3197 489 3429 562 gladitun
3475 496 3540 551 ad
3585 496 3729 553 hunc

2140 592 2306 649 usque
2329 580 2468 634 diem
2496 579 2751 636 adversus
2774 598 2896 637 eum
2934 583 3162 653 linguam
3201 586 3567 654 imminentes,
3596 591 3726 644 itam

2137 668 2515 742 ample‘ctitttini
2557 688 2653 743 pro
2678 674 2790 728 utili
2818 673 3058 730 doctritta
3078 717 3092 739 ,
3121 679 3497 733 contumeliam
3538 680 3589 733 in
3621 680 3728 735 Ec-

2138 764 2298 818 clesia
2327 763 2391 817 ad
2435 764 2762 820 audientium
2794 766 3251 837 inquinamentum
3279 770 3633 828 eﬂ'uudentes.
3662 774 3730 828 Et

2142 855 2255 908 base
2280 856 2493 924 quidem
2526 856 2630 911 illis
2654 857 2792 912 dicta
2817 859 2944 916 sint.
2976 858 3168 928 quibus
3199 860 3452 918 Dominus
3476 864 3530 917 in
3559 865 3727 918 misc-

2142 945 2371 1000 rieordia
2400 957 2454 1001 et
2492 947 2711 1002 lenitate
2754 949 3002 1003 retribuit
3044 952 3336 1007 secundum
3380 968 3562 1024 opera.
3608 957 3726 1011 Tibi

2140 1052 2288 1104 vero,
2321 1037 2383 1093 Β.
2415 1038 2648 1093 Jtoamtes
2665 1082 2679 1104 ,
2707 1042 2901 1110 quibus
2927 1059 2991 1096 cx
3019 1044 3208 1099 verbis
3232 1045 3726 1105 imumrcescihilcm

2140 1142 2391 1183 coronam
2447 1130 2729 1185 coniiciunt
2786 1144 3195 1205 coutextamque
3253 1136 3557 1205 imponam,
3607 1150 3728 1208 post

2139 1222 2341 1276 exitum
2367 1237 2398 1277 e
2429 1223 2546 1277 vita:
2579 1225 2734 1293 hujus
2759 1226 2932 1279 stadio
2963 1236 3013 1281 te
3039 1227 3280 1282 laudibus
3305 1229 3496 1286 efferre
3524 1247 3628 1285 non
3655 1234 3726 1286 ti-

2140 1314 2332 1366 mens?
2361 1313 2575 1368 evasisti
2608 1316 2750 1369 enim
2781 1318 3083 1385 procellam.
3117 1318 3198 1373 Au
3225 1319 3574 1375 Mosaicornm
3604 1322 3727 1377 illo.

2141 1419 2255 1458 rum
2289 1405 2627 1460 tlosculormn
2654 1421 2907 1462 coronam
2934 1418 3135 1476 texam,
3166 1426 3299 1480 quos
3322 1411 3467 1468 dedit
3496 1412 3606 1480 ille,
3633 1416 3727 1484 qui

2140 1494 2411 1549 benedixit
2451 1506 2725 1551 actuosum
2755 1497 2950 1568 Joscph
2974 1542 2987 1564 ,
3020 1508 3077 1554 et
3098 1503 3568 1571 contemplativum
3596 1504 3727 1561 Levi

2137 1587 2513 1643 sacerdotem?
2545 1591 2596 1644 in
2627 1600 2679 1645 te
2716 1592 2858 1646 enim
2888 1604 3169 1663 utrumque
3205 1594 3380 1650 video.
3426 1594 3490 1650 In
3518 1595 3722 1652 θεηεῶ

2138 1676 2304 1732 ctione
2330 1677 2540 1733 Domini
2567 1690 2699 1735 terra
2727 1693 2834 1748 tua,
2876 1693 2923 1737 et
2961 1701 2994 1736 α
3036 1685 3286 1740 montibus
3315 1688 3426 1741 cali
3452 1699 3500 1742 et
3530 1704 3641 1743 rore
3678 1699 3724 1744 et

2135 1769 2317 1839 abysso
2344 1771 2558 1840 fontium
2586 1768 2902 1842 subj'acente,
2928 1783 2976 1828 et
3003 1784 3226 1846 tempore
3250 1779 3533 1848 germinum
3555 1819 3569 1842 ,
3596 1780 3723 1833 uiis

2137 1861 2515 1913 ccuvcrsionum
2535 1871 2581 1914 et
2613 1877 2970 1932 congressurum
2997 1867 3239 1919 mensium
3258 1906 3273 1929 ,
3312 1883 3346 1919 α
3370 1869 3551 1923 vertice
3574 1885 3724 1923 more.

2137 1951 2263 2003 tium
2289 1952 2545 2020 principii,
2573 1963 2620 2006 et
2645 1970 2676 2006 a
2697 1956 2877 2008 vertice
2901 1956 3109 2009 collium
3135 1966 3437 2010 teter-norum
3459 1969 3606 2012 erum
3627 1970 3714 2015 stt-

2137 2056 2228 2110 pcr
2253 2051 2405 2112 caput
2431 2041 2624 2113 Ioseph
2656 2043 2731 2116 (et
2759 2046 2802 2098 si
2846 2047 2965 2115 quis
3004 2047 3194 2101 similis
3228 2046 3467 2121 Ioseph),
3499 2060 3547 2104 et
3571 2067 3725 2120 super

2134 2135 2364 2189 verticem
2390 2135 2605 2204 fratrum
2643 2137 2820 2207 quibus
2863 2140 3097 2208 praefuit,
3130 2140 3446 2210 gloriﬁcatus
3474 2143 3724 2213 primoge-

2136 2225 2272 2279 nitus
2295 2227 2423 2281 inter
2451 2228 2652 2296 fratres.
2685 2227 2838 2282 Tauri
2870 2230 3196 2299 pulchritudo
3220 2233 3331 2300 ejus
3360 2249 3570 2298 cornua,
3603 2237 3721 2287 uni-

2134 2317 2301 2370 cornis
2345 2334 2536 2371 cornua
2583 2320 2721 2373 illius
2749 2336 2767 2373 :
2795 2321 2849 2373 in
2889 2321 3013 2389 ipsis
3062 2323 3312 2375 rentilubit
3356 2333 3524 2393 gentes
3571 2327 3723 2380 simul

2132 2422 2290 2477 usque
2330 2409 2397 2460 ad
2437 2411 2676 2465 terminos
2704 2420 2851 2465 terra:
2877 2411 3050 2484 (Deut.
3075 2414 3162 2469 '55.
3188 2415 3255 2469 15
3279 2445 3304 2458 -
3329 2416 3440 2484 17).
3478 2416 3541 2471 Et
3592 2418 3719 2473 Levi

2133 2495 2265 2550 dixit
2294 2497 2369 2567 (et
2397 2499 2441 2552 si
2471 2505 2587 2567 quis
2617 2516 2737 2554 cum
2771 2503 3003 2557 imitatus
3032 2503 3133 2575 est)
3160 2523 3172 2558 :
3209 2504 3336 2558 Date
3359 2505 3476 2560 Levi
3502 2510 3724 2581 ttmuifr-

2134 2596 2237 2641 stos
2265 2589 2407 2659 ejus,
2451 2598 2497 2642 et
2529 2591 2781 2644 veritatem
2812 2594 2921 2662 ejus
2945 2594 3053 2646 viro
3078 2605 3252 2647 sancto
3270 2637 3286 2662 ,
3325 2612 3469 2666 quem
3497 2607 3720 2653 tentare-

2131 2690 2251 2732 γυνη
2295 2682 2345 2733 in
2372 2684 2673 2749 nutatione,
2719 2684 3084 2739 mafedi’xernnt
3128 2688 3173 2741 ei
3200 2688 3268 2740 ad
3295 2704 3478 2758 aquari
3514 2700 3719 2744 contra-

2133 2769 2387 2825 dictiouis.
2438 2770 2536 2833 Qui
2578 2773 2705 2827 dixit
2747 2775 2880 2844 patri
2916 2784 2964 2829 ct
3007 2777 3195 2830 matri:
3239 2776 3360 2831 Non
3404 2778 3509 2831 ridi
3550 2789 3629 2844 te;
3672 2792 3733 2835 ct

2136 2867 2318 2933 fratres
2341 2881 2457 2919 suos
2483 2881 2581 2918 non
2609 2867 2831 2936 agnovit,
2860 2870 3121 2921 custodiuit
3159 2870 3356 2938 eloquia
3397 2881 3484 2924 tua
3502 2912 3525 2937 γ
3545 2882 3594 2925 et
3626 2891 3720 2943 pi:-

2135 2965 2271 3006 ctum
2316 2965 2453 3008 tuum
2495 2957 2707 3010 servavit
2729 2974 2747 3011 :
2797 2959 3133 3028 manifestat'it
3176 2959 3563 3030 iustiﬁcationes
3590 2972 3721 3018 tuas

2134 3044 2317 3112 Jacob,
2349 3057 2393 3099 et
2422 3047 2585 3117 legem
2608 3058 2757 3101 tuam
2788 3046 2988 3104 l'sracﬁ.
3029 3050 3187 3105 Ponet
3220 3069 3415 3122 semper
3444 3055 3721 3125 thymiama

2134 3138 2187 3191 in
2219 3139 2486 3208 festiuitate
2510 3150 2598 3192 tua
2626 3157 2777 3208 super
2804 3140 2965 3197 altare
2995 3153 3154 3197 tuum.
3186 3143 3431 3210 Benedic,
3477 3147 3717 3217 Domine,

2136 3230 2423 3299 fortiiudiui
2447 3232 2577 3303 ejus,
2608 3242 2653 3286 el
2680 3252 2833 3305 opera
2862 3252 3101 3290 manuum
3123 3238 3232 3308 rjus
3256 3241 3455 3310 suscipe
3476 3257 3494 3293 :
3520 3253 3721 3310 percute

2134 3322 2459 3389 supercilitmt
2501 3324 2819 3378 inimicorum
2862 3329 3227 3396 insurgentium
3270 3329 3322 3382 in
3365 3346 3509 3396 eum,
3556 3341 3603 3385 et
3633 3334 3720 3402 qui

2135 3414 2348 3468 oderunt
2395 3431 2537 3481 eum,
2590 3433 2690 3470 non
2737 3429 3039 3488 consurgant
3098 3417 3268 3491 (Ibid.
3311 3420 3477 3476 8-H
3511 3423 3551 3494 ).
3606 3423 3722 3493 Ego

2134 3514 2312 3559 autem
2344 3516 2397 3559 et
2442 3505 2569 3560 illud
2611 3507 2942 3562 addiderim:
2976 3510 3074 3576 Qui
3120 3511 3344 3581 diligunt
3386 3528 3553 3579 eum,
3591 3513 3722 3569 Jesu

2133 3591 2368 3659 Christe,
2392 3612 2494 3648 nott
2527 3594 2957 3654 confundantur:
2988 3610 3133 3655 tuum
3164 3601 3307 3655 enim
3346 3603 3624 3674 imperium
3666 3606 3720 3659 in

2136 3687 2349 3740 szccula.
2385 3687 2573 3742 Amen.
2606 3688 2779 3745 Ertsc.
2811 3689 2875 3744 Et
2910 3691 3011 3746 hoc
3037 3700 3141 3747 tuze
3166 3693 3525 3766 intelligentia!
3554 3696 3723 3753 docu-

2135 3786 2374 3832 mentum
2396 3822 2410 3841 ,
2453 3794 2705 3834 sensuum
2738 3794 3004 3838 scrutator
3029 3785 3339 3851 Theodore,
3376 3789 3613 3858 proferre
3652 3789 3721 3846 de

2136 3866 2387 3922 thesauro
2411 3870 2602 3924 mentis
2629 3879 2753 3938 tum,
2786 3881 2842 3927 ttt
2869 3874 2943 3927 ait
2967 3872 3241 3938 Servator,
3279 3876 3425 3932 Nova
3452 3889 3499 3933 et
3519 3889 3721 3936 vetera:

2134 3967 2315 4014 vetera
2343 3960 2553 4030 quidem
2576 4004 2589 4027 ,
2622 3961 2866 4017 humanm
2894 3966 3166 4035 sapientia:
3202 3968 3551 4035 documenta;
3583 3986 3720 4027 nova

2133 4065 2285 4115 vero,
2306 4051 2477 4105 sancti
2496 4051 2727 4119 Spiritus
2749 4053 2976 4122 eloquia.
3003 4055 3081 4110 Ex
3103 4058 3290 4126 quibus
3313 4058 3576 4115 thesauris
3597 4063 3727 4117 utri-

2135 4157 2238 4212 que
2267 4144 2401 4212 parti
2425 4142 2563 4214 quod
2587 4147 2907 4215 congruebat
2928 4147 3178 4204 tribuisti.
3206 4150 3331 4205 Tite
3353 4152 3564 4221 quidem
3593 4170 3723 4224 pru-

2136 4235 2330 4291 dentie
2348 4246 2427 4291 cst
2449 4239 2622 4308 clorpti
2641 4255 2756 4309 qum
2780 4242 3144 4308 peccatoribus
3161 4244 3563 4309 conveniebant,
3583 4247 3722 4301 etde

2136 4329 2368 4384 Mosaica
2384 4331 2750 4385 benedictione
2771 4331 2961 4387 Joanui
2981 4332 3211 4389 debitam
3230 4351 3481 4391 coronam
3502 4348 3680 4394 texere
3702 4356 3718 4392 :

2138 4422 2227 4492 qui
2250 4422 2551 4476 sacerdotio
2579 4423 2694 4478 sine
2714 4422 2904 4478 affectu
2933 4424 3165 4491 functus,
3190 4442 3312 4481 vere
3339 4427 3597 4497 ignoravit
3623 4443 3721 4497 pa-

2139 4520 2272 4569 trem
2317 4524 2370 4567 ct
2415 4524 2636 4569 matrem
2663 4524 2718 4570 et
2755 4517 3201 4586 consanguineum
3249 4533 3417 4590 genus
3448 4518 3521 4573 ob
3555 4534 3722 4574 essu—

2137 4606 2432 4678 perantiam
2473 4607 2729 4674 justitiae,
2774 4607 2871 4662 sed
2911 4608 3054 4664 solos
3093 4619 3314 4664 noverat
3357 4610 3503 4665 verbi
3548 4610 3721 4666 divini

2138 4704 2407 4751 amatores
2432 4706 2485 4750 et
2509 4697 2783 4765 operarios
2849 4699 3014 4754 Porro
3043 4700 3131 4770 qui
3161 4708 3344 4754 nostro
3372 4710 3610 4771 tempore
3634 4702 3721 4756 vi-

2140 4788 2333 4843 dentur
2362 4789 2631 4859 episcopi,
2662 4790 2864 4844 luteum
2888 4791 3100 4860 quidem
3127 4807 3294 4861 genus
3325 4792 3376 4846 in
3406 4801 3638 4863 quaestus
3663 4802 3723 4848 et

2141 4880 2356 4934 militiis
2381 4890 2432 4934 et
2454 4879 2733 4947 dignitates
2761 4881 3111 4947 invexerunt,
3141 4883 3468 4951 prmvaricati
3509 4884 3682 4953 legem
3701 4922 3725 4950 ,

2139 4986 2258 5040 qttte
2284 4970 2412 5023 dicit
2436 4988 2449 5022 :
2476 4968 2598 5023 Non
2626 4970 2818 5023 dabunt
2841 4970 3123 5025 sacerdotes
3153 4973 3286 5041 filios
3307 4989 3429 5026 suos
3451 4972 3502 5025 in
3532 4973 3731 5043 princi-

2141 5078 2226 5133 pes
2254 5072 2296 5114 ct
2326 5060 2679 5116 obambuloucs
2708 5062 2813 5132 regi
2839 5061 3022 5133 (Levii.
3051 5062 3133 5117 18.
3173 5060 3263 5135 2i)
3293 5063 3592 5134 :spiritales
3623 5079 3727 5118 aui-

2142 5162 2248 5207 tem
2278 5152 2417 5206 viros
2444 5153 2648 5206 insidiis
2667 5196 2680 5215 ,
2707 5155 2960 5208 :erumuis
2981 5197 2995 5219 ,
3020 5155 3275 5209 custodiis
3319 5164 3476 5225 atque
3519 5157 3725 5210 exsiliis
3750 5146 3755 5149 ‘

2141 5256 2495 5307 consumunt,
2545 5262 2852 5317 metamque
2891 5246 3081 5301 bibunt
3123 5247 3472 5318 ignorantiam
3495 5290 3510 5313 ,
3541 5265 3605 5302 ex
3641 5247 3728 5302 his

2146 5348 2390 5409 putantes
2435 5353 2494 5393 se
2537 5339 2747 5394 virtutis
2786 5339 2987 5393 anticus
3020 5339 3409 5405 dehonestare,
3437 5339 3506 5396 dc
3531 5339 3733 5409 quibus

2144 5431 2381 5502 pracdiin
2407 5430 2659 5485 Servatur
2682 5447 2694 5483 :
2729 5429 2933 5484 chicut
2955 5430 3085 5497 dies,
3110 5431 3159 5484 in
3180 5430 3359 5501 quibus
3377 5432 3621 5500 putabunt
3639 5431 3737 5499 qt-i'

2144 5521 2415 5575 occiderint
2436 5537 2541 5585 vos,
2561 5521 2845 5590 obsequium
2870 5538 2923 5574 se
2942 5532 3180 5589 prtrstare
3202 5520 3308 5575 Deo
3338 5521 3512 5592 (Joau.
3538 5521 3619 5576 l6.
3642 5521 3733 5591 2).

2144 5612 2326 5683 Neque
2351 5613 2590 5669 videlicet
2617 5613 2684 5666 dc
2713 5612 2998 5683 gentilibus
3017 5613 3168 5679 dixit,
3188 5612 3311 5682 quia
3332 5613 3570 5677 dixis-et,
3590 5612 3726 5667 diis:

2145 5703 2230 5772 qui
2265 5704 2441 5771 plures
2459 5713 2507 5757 cl
2532 5719 2636 5757 non
2668 5719 2826 5756 unum
2849 5704 3165 5772 signiﬁcant.
3185 5703 3336 5771 Quod
3356 5711 3534 5756 autem
3565 5719 3735 5758 unum

2147 5802 2200 5847 et
2226 5793 2395 5867 Sttltlm
2427 5792 2715 5845 nominavit
2736 5834 2749 5850 .
2783 5793 3013 5847 Ostendit
3040 5808 3164 5859 eos,
3189 5794 3276 5862 qui
3310 5807 3450 5846 nunc
3479 5792 3732 5850 Ecclesia:
