4110 6148
469 263 530 318 81
1739 261 2060 316 PALIADH
2107 263 2355 318 MALOC
2366 261 2452 317 US
3659 269 3732 324 82

463 379 531 432 ἐκ
583 377 788 430 τούτων
852 375 1166 445 νομίζοντες
1221 376 1506 446 ἀτιμάζειν
1553 377 1677 438 τοὺς
1717 375 1904 444 φίλους
1947 375 2046 444 τῆς

462 457 691 530 ἀρετῆς,
729 460 860 528 περὶ
898 452 972 510 ὧν
1000 461 1261 528 προεῖπεν
1313 460 1342 510 0
1383 459 1606 529 Σωτήρ·
1666 457 2048 511 Ἐλεύσονται

463 541 698 610 ἡμέραι,
723 540 793 592 ἐν
823 535 920 604 αἶς
944 539 1238 602 δόξουσιν
1259 543 1314 593 οἱ
1354 541 1818 605 ἀποκτείνοντες
1867 539 2044 608 ὑμᾶς,

460 624 746 690 λατρείαν
778 621 1146 690 προσφέρειν
1172 621 1252 690 τῷ
1288 622 1432 690 Θεῷ.
1459 625 1569 678 Καὶ
1616 625 1678 677 οὐ
1710 623 1881 694 δήπου
1919 625 2048 697 περὶ

469 707 740 777 Ἑλλήνων
773 702 946 768 εἶπεν,
975 707 1099 760 ἐπεὶ
1123 707 1190 760 ἂν
1221 709 1453 779 εἰρήκει,
1477 709 1591 770 τοῖς
1615 708 1774 771 θεοῖς,
1795 707 1846 760 οἳ
1871 707 2036 760 πλείο-

459 807 558 853 νας
595 788 748 860 παρά
775 789 869 844 τὸν
913 790 1011 843 ἕνα
1048 792 1424 862 σημαίνουσιν.
1485 791 1573 858 Ἐξ
1604 785 1680 845 ὧν
1723 792 1781 845 δὲ
1827 792 1919 846 τὸν
1950 791 2046 845 ’ἐνα

459 871 556 928 καὶ
585 871 745 941 μόνον
771 871 1075 942 ὠνόμασεν,
1099 874 1337 946 ἐδήλωσε
1357 876 1484 939 τοὺς
1506 875 1603 928 νῦν
1631 876 1778 945 ἡμᾶς
1807 881 2047 948 προσχη-

465 971 594 1023 ματι
629 956 730 1027 τῆς
765 957 1096 1028 Ἐκκλησίας
1146 958 1564 1030 λεηλατοῦντας.
1612 960 1722 1023 Τάς
1772 959 1880 1028 γὰρ
1910 957 2046 1022 ἰδίας

459 1043 836 1113 κακοτροπίας
873 1043 966 1096 καὶ
993 1042 1221 1111 φθόνους
1258 1043 1713 1116 ἐπικρυψάμενοι,
1745 1043 1885 1113 ὑπὲρ
1913 1041 2046 1095 ταύ-

459 1139 560 1195 της
589 1125 897 1196 φροντίζειν
927 1127 1496 1198 κατασχηματίζονται
1532 1126 1676 1197 λόγῳ
1697 1165 1714 1190 ,
1748 1127 1815 1196 ἠν
1840 1125 2044 1196 ἐλυμή-

458 1223 620 1261 ναντο
641 1207 842 1276 ἔργοις.
891 1209 1052 1262 Ἀλλά
1073 1210 1174 1265 κᾶν
1210 1209 1354 1264 οὕτω
1385 1209 1794 1280 σοφίσωνται,“ή
1821 1207 2044 1272 ἔκϐασις

459 1290 570 1345 τῶν
611 1294 998 1364 γεγενημένων
1040 1295 1240 1358 αὐτοὺς
1282 1294 1544 1362 διελέγξει
1587 1293 2045 1364 ὑπουργήσαντας

460 1372 540 1444 τῷ
591 1377 1031 1448 καυχησαμένῳ·
1078 1379 1162 1430 Οὐ
1212 1375 1300 1446 μὴ
1348 1377 1626 1432 σαλευθῶ
1662 1377 1780 1431 ἀπὸ
1832 1374 2044 1447 γενεᾶς

458 1459 548 1522 είς
595 1458 810 1526 γενεὰν
839 1459 988 1514 ἄνευ
1038 1461 1248 1516 κακοῦ.
1300 1463 1494 1515 Οὐκέτι
1546 1461 1656 1532 γὰρ
1702 1463 2042 1531 ἐφευρίσκων

462 1536 602 1600 εἶδος
650 1539 916 1612 αἱρέσεως
945 1543 1260 1616 καινοτέρας
1291 1547 1320 1598 0
1353 1544 1651 1616 ἐφευρετὴς
1683 1545 1783 1614 τῆς
1815 1545 2043 1614 ἀνομίας

462 1623 558 1676 καὶ
578 1625 820 1696 γεωργὸς
839 1626 938 1698 τῆς
958 1628 1222 1700 κακίστης
1241 1630 1536 1700 ἐπιθυμίας
1559 1630 1700 1698 ὅφις,
1727 1629 2041 1701 ἐξοίστρησε

462 1707 589 1769 τοὺς
620 1707 972 1776 προεστῶτας
1010 1711 1110 1781 τῆς
1137 1711 1462 1782 Ἐκκλησίας
1495 1715 1574 1776 εἰς
1603 1712 2039 1780 ἀλληλοκτονίαν,

460 1789 881 1865 φιλοκαθεδρίας
901 1793 996 1848 καὶ
1025 1796 1504 1871 πρωτοκαθεδρίας
1529 1797 1712 1861 πάθει,
1731 1797 1798 1850 δι’
1828 1789 1903 1850 ὧν
1927 1798 2042 1866 εἰρε-

459 1875 702 1943 γάσαντο
726 1877 786 1930 τὸ
820 1877 1045 1948 σχίσμα.
1081 1870 1146 1934 Εί
1404 1881 1722 1952 Πνεύματος
1752 1881 1885 1934 Θεοῦ
1907 1897 2045 1950 συμ-

461 1957 640 2026 φωνία
685 1960 742 2011 ἐν
781 1961 895 2022 τοῖς
941 1961 1296 2025 ἐπισκόποις,
1331 1964 1425 2016 καὶ
1454 1965 1530 2026 ὼς
1559 1965 1730 2024 αἴτιος
1781 1962 2039 2033 πλημμε-

460 2041 632 2104 λείας,
665 2041 939 2112 ἧάνάξιος
975 2045 1295 2117 ἱερωσύνης,
1327 2046 1382 2118 ἦ,
1410 2045 1484 2110 ὡς
1519 2048 1548 2100 0
1585 2046 1842 2116 Θεόφιλος
1871 2045 2038 2114 λέγει,

461 2122 862 2195 ὑπερηφανίας,
900 2123 1132 2195 ὤφειλεν
1161 2127 1444 2198 εἱρχθῆναι
1499 2131 1528 2182 0
1585 2129 1869 2200 Ἰωάννης·
1920 2129 2041 2182 ἐδύ-

459 2222 590 2260 νατο
637 2207 670 2278 ἡ
726 2208 1132 2280 παντοδύναμος
1171 2209 1306 2264 Θεοῦ
1349 2211 1508 2281 σοφία
1552 2212 1832 2282 ἐνθέσμως
1878 2213 2042 2266 αὐτὸν

461 2289 705 2346 κωλῦσαι
749 2293 848 2364 τῆς
892 2294 1203 2364 ίερατείας,
1254 2297 1287 2366 ἦ
1339 2297 1589 2367 ἐφευρείν
1635 2297 1855 2369 τρόπον,
1887 2297 1951 2350 δι’
1979 2292 2040 2352 οῦ

461 2373 755 2446 ἀταράχως
784 2375 880 2429 καὶ
927 2377 1193 2430 ἀκλαυστὶ
1221 2377 1538 2444 ἐξεϐάλλετο
1565 2373 1719 2443 οὗτος
1744 2379 1772 2450 ἢ
1803 2378 2036 2450 θανάτῳ,

459 2456 496 2528 ἢ
530 2457 858 2529 παραλύσει,
895 2461 926 2528 ἦ
963 2459 1194 2530 ἀφωνία,
1221 2459 1298 2524 ὡς
1326 2461 1546 2531 οἴδαμέν
1577 2478 1729 2526 τινας
1757 2463 1866 2514 τῶν
1895 2463 2040 2516 ἀντι-

447 2541 739 2605 ,πεσόντων
791 2541 941 2610 αὐτῷ
987 2541 1347 2607 πεπονθότας,
1399 2544 1493 2597 καί
1536 2561 1696 2607 τινας
1748 2544 2040 2615 μέλλοντας

460 2622 709 2693 πάσχειν.
754 2623 842 2690 Ἐξ
873 2617 947 2677 ὧν
979 2623 1035 2677 δέ
1072 2623 1310 2677 τοσαῦτα
1337 2625 1816 2698 παρηκολούθησεν
1843 2626 2038 2690 ἀνάξια

459 2705 554 2758 τοῦ
583 2706 833 2776 Σωτῆρος
859 2705 1016 2778 ἔργα,
1059 2707 1154 2760 καὶ
1182 2707 1341 2770 αὐτὸς
1361 2709 1422 2762 οὐ
1463 2707 1762 2780 καθῃρέθη,
1791 2707 1904 2762 ἀλλ’
1955 2708 2040 2775 ἐξ·

459 2786 692 2858 ωρίσθη,
717 2786 939 2859 εὔδηλον
957 2789 1050 2842 τοῦ
1072 2789 1318 2844 διαϐόλου
1343 2787 1481 2846 εἷναι
1507 2792 1568 2845 τὸ
1582 2791 1784 2862 δρᾶμα,
1813 2786 1874 2847 οὗ
1909 2811 2039 2848 κατ-

460 2869 648 2922 ελύετο
676 2873 740 2942 τῇ
782 2871 1100 2942 διδασκαλία
1144 2876 1176 2944 ἡ
1231 2873 1479 2943 βασιλεία
1511 2887 1564 2929 δ.
1596 2873 1729 2928 Οἶδα.
1782 2873 1893 2944 ἐγὼ
1945 2875 2038 2929 τὸν

473 2951 727 3021 Ἰωάννην
758 2953 819 3018 ἒξ
844 2953 1142 3010 καθελόντα
1165 2955 1350 3022 ἀξίως,
1368 2957 1442 3024 ῶς
1467 2957 1682 3030 ὠνητὰς
1716 2958 1816 3028 τῆς
1839 2961 2038 3030 ἱερατι-

461 3036 564 3107 κῆς
587 3035 765 3102 ἀξίας,
814 3039 942 3110 περὶ
990 3034 1065 3094 ὧν
1091 3043 1347 3114 ἀνωτέρω
1369 3039 1543 3098 εἷπον.
1581 3043 1676 3107 Τίς
1707 3044 2036 3114 ἐδάκρυσεν;

460 3119 608 3184 τίνος
635 3121 690 3175 δὲ
727 3125 871 3193 ῥῖνες
895 3121 1124 3189 ἐσταξαν
1161 3120 1332 3197 αἷμας
1365 3127 1495 3180 ποία
1530 3127 1740 3198 ἀράχνη
1772 3126 2036 3197 ἐσχίσθη;

459 3207 544 3266 τίς
564 3203 621 3257 δὲ
649 3205 748 3276 τῆς
768 3205 944 3270 οἰκίας
973 3207 1138 3261 αὑτοῦ
1169 3207 1424 3280 ἐξῆλθεν;
1468 3209 1555 3274 τίς
1581 3209 1638 3263 δέ
1687 3209 1872 3263 ὀϐολὸν
1909 3208 2038 3280 ἐζη-

464 3288 678 3360 μιῶθης
715 3293 864 3354 ποῖος
892 3291 948 3345 δὲ
980 3293 1079 3364 τῆς
1115 3293 1301 3358 Ἀσίας
1327 3294 1650 3368 ἀγύρτης,ἢ
1685 3294 2036 3366 δημιουργὸς,

459 3370 494 3439 ἦ
533 3372 794 3442 γηπόνος.
825 3373 858 3444 ἢ
889 3375 1241 3447 σκυτοτόμος,
1291 3377 1324 3447 ἢ
1359 3377 1602 3450 δημότης
1643 3378 1744 3430 οῦκ
1779 3377 2039 3448 ὴσμένισε

458 3453 520 3508 τὸ
549 3455 915 3524 γεγενημένον
944 3458 1036 3511 ἐπὶ
1074 3459 1286 3531 ἐκδικίᾳ
1311 3459 1420 3516 τῶν
1453 3461 1614 3533 ίερῶν
1638 3461 1852 3531 νόμων;
1882 3463 2041 3514 ἐπευ-

461 3537 658 3608 φημῶν
674 3553 687 3568 ·
737 3540 829 3606 Ὠς
849 3541 1220 3610 ἐμεγαλὺνθη
1240 3545 1312 3598 τὰ
1331 3543 1477 3613 ἔργα
1495 3559 1634 3608 σου,
1665 3545 1842 3612 Κύριε
1858 3559 1876 3606 ;
1892 3543 2042 3598 πάν·

459 3637 534 3672 τα
551 3621 624 3674 ἐν
643 3623 834 3691 σοφίῃ
863 3623 1178 3692 ἐποίησας.
1211 3626 1388 3680 Ὅπου
1413 3626 1524 3699 γάρ
1564 3625 1697 3690 Θεὸς
1724 3626 2038 3698 ἐργάζεται,

461 3703 640 3759 πάντα
661 3707 870 3774 γίνεται
898 3708 957 3760 ἐν
985 3709 1146 3779 σοφίᾳ
1165 3725 1180 3740 ο
1203 3709 1338 3764 ὃπου
1355 3709 1412 3764 δὲ
1439 3713 1468 3763 0
1492 3709 1786 3782 μισόκαλος
1807 3711 2036 3780 δαίμων,

461 3788 662 3859 ὁμοίως
695 3791 912 3844 ᾶπαντα
940 3792 997 3842 ἐν
1024 3793 1244 3866 ἀσοφίᾳ.
1281 3794 1690 3866 Παρακολουθεί
1721 3795 1779 3848 δέ
1812 3797 1876 3866 τῇ
1914 3795 2043 3848 ἀσο·

461 3874 560 3943 φίᾳ
589 3872 852 3928 ἀλλόκοτα
875 3875 1197 3947 πράγματα,
1222 3877 1424 3946 φθόνοι,
1454 3878 1625 3948 φόνοι,
1647 3877 1764 3950 ἔρις
1786 3878 1836 3943 ι),
1856 3878 2036 3950 ζῆλος,

461 3955 642 4026 θυμοὶ,
681 3955 902 4026 ἐριθίαι,
934 3959 1288 4028 διχοστασίαι,
1326 3961 1550 4027 κτύπος,
1585 3960 1837 4031 κλωσμὸς
1879 3963 2042 4016 ἀπαι-

457 4039 680 4105 δεύτων,
718 4039 976 4106 ἐξουσιῶν
1010 4043 1190 4109 ξέσις,
1250 4043 1420 4114 ἴκρια,
1472 4044 1680 4115 ξεσμοὶ,
1736 4044 2036 4117 λαμπάδες,

461 4124 678 4194 κρουνοὶ
699 4123 966 4194 αίμάτων,
993 4125 1254 4198 ἀφόρητοι
1280 4127 1494 4200 ζημίαι,
1516 4127 1829 4198 δημεύσεις,
1861 4127 2040 4192 λύσεις

461 4206 680 4277 θεσμῶν
711 4205 894 4272 θείων,
927 4211 1361 4282 καταφρονήσεις
1380 4211 1580 4280 νόμων,
1621 4210 1905 4283 ἀθετήσεις
1935 4229 2040 4266 σω-

461 4289 758 4362 φροσύνης,
785 4292 1106 4364 οἰκουμένης
1133 4295 1356 4366 σχίσμα,
1393 4296 1785 4368 παραφυλακαὶ
1819 4299 1924 4370 γῆς
1944 4301 2037 4354 καὶ

459 4375 756 4446 θαλάσσης,
791 4379 1075 4444 ναυτικαί,
1123 4380 1364 4445 ἱππικαὶ,
1410 4380 1632 4446 πεζικαὶ
1674 4388 1914 4454 μηχαναὶ
1957 4389 2036 4450 είς

459 4457 792 4530 ἱμποδισμὸν
819 4459 928 4514 τῶν
954 4459 1044 4515 διὰ
1072 4461 1170 4534 τὴν
1193 4463 1448 4534 ἀλήθειαν
1479 4465 1876 4537 ἐκδημοῦντων.
1911 4465 2038 4529 Πῶς

459 4541 635 4597 τοίνυν
660 4542 898 4614 τολμῶσι
933 4543 1113 4616 λέγειν
1139 4562 1151 4573 '
1185 4547 1320 4604 Θεοῦ
1342 4549 1628 4622 οἰκονομίᾳ
1659 4549 1984 4619 ἐκϐέϐληται
2013 4551 2042 4602 0

471 4624 750 4700 Ἰωάννηςς
807 4629 1134 4686 Είπάτωσαν
1165 4632 1224 4686 δέ
1256 4650 1348 4702 μοι
1398 4634 1447 4688 οἱ
1477 4631 1801 4704 ἐξηχοῦντες
1839 4632 2037 4688 ταῦτα·

455 4709 722 4785 Ἡπόρειή
740 4712 1140 4785 παντοδύναμος
1164 4715 1257 4768 τοῦ
1287 4714 1423 4769 Θεοῦ
1457 4715 1638 4784 σοφία.
1663 4716 1738 4779 ὼς
1768 4716 2035 4787 προέφην,

459 4795 676 4866 ἀοράτῳ
705 4794 934 4866 δυνάμει
966 4797 1170 4851 παῦσαι
1203 4799 1294 4852 τὸν
1331 4800 1581 4871 Ἰωάννην
1625 4800 1840 4868 ἀνάξιον
1873 4801 2034 4866 ὄντας

459 4875 704 4947 ῆπεῖσαι
753 4879 880 4941 τοὺς
932 4879 1414 4951 ἀμφισϐητοῦντας
1457 4883 1623 4938 αὐτοῦ
1661 4884 1784 4955 δίχα
1837 4885 2034 4956 πολλῆς

517 5009 546 5075 f
571 5009 718 5075 ,ιάαίι
732 5009 918 5075 georg.
953 5013 1191 5064 Ἰωάννου.

519 5067 550 5112 δ
569 5071 705 5136 Lege
727 5071 844 5136 ἕρεις
863 5067 922 5132 ξι
931 5087 1042 5126 0x
1066 5075 1270 5140 ἐριθείαι.

2154 375 2398 446 ἀνάγκης
2417 374 2696 444 ἀρχόντων
2717 373 2944 438 ἀπαθῶς
2962 375 3148 446 φέρειν
3175 376 3237 429 τὸ
3260 377 3492 447 πρᾶγμα
3511 393 3524 440 ;
3547 378 3610 430 ΕΙ
3626 378 3736 451 γάρ

2149 460 2178 511 0
2207 459 2368 521 αὐτὸς
2429 458 2562 520 Θεός
2611 457 2758 510 ἐστιν
2794 460 2823 511 0
2863 457 2944 528 τῷ
2997 460 3202 528 Μωῦσῇ
3257 461 3601 532 συνεργήσας
3655 465 3736 527 εις

2149 540 2462 612 ἐλευθερίαν
2487 541 2582 593 τοῦ
2621 539 2836 612 Ἰσραὴλ
2863 543 2959 596 καὶ
2983 543 3254 613 ὑπακοὴν,
3271 543 3366 596 τοῦ
3391 544 3591 615 Φαραὼ
3607 547 3736 599 ἀνα-

2150 623 2347 694 φανδὸν
2375 623 2606 694 βοῶντος
2625 643 2638 656 ·
2670 627 2792 679 οὐκ
2822 621 2955 679 οἶδα
2979 625 3087 678 τόν
3113 625 3282 688 Θεὸν.
3319 627 3417 680 καὶ
3465 627 3572 681 τὸν
3615 630 3737 682 Ἰσ-

2139 706 2301 775 ραὴλ
2331 710 2442 762 οὐκ
2467 707 2886 772 ἐξαποστελῶ·
2919 707 3036 770 πῶς
3056 708 3237 762 τοίνυν
3265 707 3517 778 βοηθείας
3551 711 3737 780 δεδέη-

2145 809 2234 846 ται
2264 792 2355 845 ἐπὶ
2394 793 2640 846 Ἰωάννου
2693 791 2794 860 τῆς
2845 791 2956 845 τῶν
2986 792 3244 860 ἐπιγείων
3295 793 3610 863 ἀρχόντωνς
3657 795 3736 857 ὡς

2146 876 2417 947 γηράσας,
2447 875 2480 947 ἢ
2509 875 2588 939 ὡς
2607 875 2898 946 ἀτονήσας,
2920 877 2954 947 ἦ
2983 876 3059 938 ὡς
3080 877 3389 947 ἀπορήσας.
3421 874 3553 930 Εἶτα
3578 880 3606 931 0
3631 877 3735 942 τάς

2151 959 2397 1029 μοιχείας
2453 958 2615 1012 τινῶν
2651 959 2744 1012 καὶ
2781 957 2882 1022 τάς
2937 959 3330 1030 παιδεραστίας
3382 961 3585 1030 ἐτέρων
3635 963 3732 1015 καὶ

2145 1043 2399 1114 γοητείας
2427 1041 2603 1097 ἄλλων
2627 1043 3013 1114 δημοσιεύσας,
3045 1044 3325 1114 ἠπόρησεν
3351 1044 3431 1098 ἐτι
3460 1043 3732 1114 διελέγξαι

2144 1126 2235 1180 τὸν
2305 1125 2596 1195 Ἰωάννην;
2649 1125 2682 1198 ἢ
2716 1126 3002 1191 ἀνάπαλιν,
3051 1131 3080 1181 0
3123 1127 3278 1180 τοῦδε
3316 1128 3417 1197 τὴν
3476 1129 3732 1196 γλῶσσαν

2147 1211 2388 1281 συνάγχῃ
2427 1208 2678 1278 ὀγκώσας
2709 1212 2824 1279 μετ’
2850 1209 3290 1281 ἐξομολογήσεως
3318 1211 3730 1282 ἐγγράφου,κα“ι

2144 1292 2234 1347 τόν
2265 1293 2423 1348 ἄλλον
2445 1291 2780 1363 κλιμακτῆρι
2813 1296 3130 1364 περιπεσεῖν
3157 1297 3520 1365 συγχωρήσας
3560 1294 3730 1348 θανα-

2143 1377 2386 1449 τηφόρῳ,
2408 1377 2442 1446 ἦ
2463 1377 2492 1429 6
2521 1375 2852 1446 ταριχεύσας
2877 1376 3028 1429 τόνδε
3059 1376 3196 1447 μετά
3219 1377 3486 1446 γενέσεως
3520 1381 3730 1449 σκωλή-

2145 1478 2256 1513 κων
2287 1461 2503 1528 ᾰφωνον
2533 1459 2626 1512 ἐπὶ
2659 1457 2848 1528 κλίνης
2876 1459 3119 1512 ἐνιαυτὸν
3154 1462 3283 1530 παρ’
3318 1460 3498 1529 ὀλίγον
3522 1461 3662 1524 ὅλον,
3692 1464 3724 1532 ἦ

2143 1545 2171 1596 0
2199 1541 2300 1604 τὰς
2339 1541 2704 1613 άπηρημένας
2751 1541 3176 1612 ἐκδειματώσεις
3222 1543 3514 1612 ἐπαγαγὼν
3555 1545 3728 1616 ἑτέρῳ

2149 1624 2286 1695 μετά
2319 1627 2418 1695 τῆς
2442 1624 2740 1695 συντρόφου
2766 1623 3118 1695 ποδάγρας,ἢ
3151 1627 3180 1677 0
3210 1623 3280 1677 τά
3307 1625 3472 1695 σκέλη
3510 1628 3728 1695 πρήσας

2142 1702 2203 1761 οὗ
2233 1707 2576 1779 ἐϐουλήθη,ἦ
2613 1709 2641 1760 0
2666 1707 2814 1760 τόνδε
2859 1706 3085 1761 δυσώδει
3135 1707 3352 1778 θανάτῳ
3403 1709 3728 1780 ἀναρπάσας

2143 1791 2356 1854 θᾶττον,
2379 1790 2439 1844 ὃν
2473 1790 2622 1843 ίσασι
2663 1789 2887 1855 πάντες,
2921 1789 3184 1860 ἡτόνησεν
3207 1791 3300 1844 ἐπὶ
3341 1792 3612 1858 Ἰωάννου,
3647 1793 3724 1857 ῶς

2143 1889 2301 1944 φατε,
2331 1871 2606 1945 ίεροσύλου
2635 1871 2808 1936 ὄντος,
2839 1871 2896 1924 ἐν
2927 1890 2981 1925 τι
3009 1872 3215 1926 τούτων
3263 1873 3576 1944 ἐνεργῆσαι,
3607 1875 3724 1929 ἀλλ’

2141 1957 2334 2028 ἐδεήθη
2366 1957 2460 2010 τοῦ
2491 1957 2584 2009 καὶ
2627 1955 2744 2012 τοῦ.
2783 1957 2868 2010 ἴνα
2896 1957 3170 2027 ἀτιμάσας
3201 1956 3379 2028 ἐξώσῃ
3408 1957 3499 2011 τὸν
3541 1959 3724 2012 Ἰωάν-

2142 2060 2261 2113 νην,
2303 2041 2464 2095 πλέον
2510 2041 2673 2094 αὑτὸν
2726 2042 2790 2093 ἐκ
2840 2041 3032 2093 τούτου
3079 2040 3346 2106 δοξάσας;
3385 2041 3726 2097 Ἀπατῶνται

2140 2125 2317 2178 τοίνυν
2351 2124 2426 2194 μὴ
2464 2125 2561 2194 τὴν
2611 2123 2828 2194 ἐντολὴν
2879 2122 2972 2176 τοῦ
3017 2123 3175 2192 λόγου
3197 2134 3244 2176 ο.
3286 2123 3577 2197 Ἰερόσυλος
3614 2125 3726 2199 γάρ

2142 2208 2346 2280 κυρίως
2380 2209 2478 2278 οὐχ
2510 2210 2538 2260 ὁ
2566 2207 2844 2279 χρυσὸν,ἢ
2875 2207 3192 2279 ἅργυρον,ἢ
3223 2207 3290 2262 τὰ
3331 2209 3513 2279 σηρῶν
3545 2212 3726 2279 νήμα-

2139 2307 2230 2352 τα,
2267 2291 2446 2360 σητῶν
2483 2290 2769 2361 βρώματα,
2797 2293 3032 2361 πτωχοῖς
3066 2290 3349 2362 διανείμας
3372 2331 3386 2354 ,
3427 2290 3542 2344 ἀλλ’
3573 2293 3602 2344 0
3625 2291 3726 2362 ἀρ-

2141 2372 2317 2443 γυρίῳ
2351 2373 2446 2425 καὶ
2481 2373 2743 2444 κολακείᾳ
2781 2372 2878 2426 καὶ
2903 2372 3153 2445 τραπέζῃ
3177 2373 3511 2444 ἀπεμπολῶν
3539 2374 3610 2426 τὰ
3635 2374 3724 2426 δό-

2141 2473 2326 2527 γματα
2354 2457 2448 2510 καὶ
2471 2458 2597 2520 τοὺς
2632 2457 2866 2526 θεσμοὺς
2893 2455 2988 2510 τοῦ
3023 2457 3307 2527 Σωτῆρος·
3344 2456 3533 2511 ἔπειτα
3575 2460 3603 2511 0
3631 2458 3724 2510 λυ-

2145 2539 2468 2610 μαινόμενος
2492 2539 2634 2610 ἱερὸν
2664 2539 2855 2611 ἄνδρα,
2883 2539 2982 2610 βίῳ
3002 2541 3096 2593 καὶ
3121 2539 3266 2610 λόγῳ
3289 2541 3720 2610 κεκοσμημένον,

2142 2622 2210 2676 δι’
2237 2617 2298 2676 οὗ
2319 2625 2348 2677 0
2374 2623 2565 2693 Σωτὴρ
2585 2621 2662 2686 ὡς
2687 2623 2774 2676 διὰ
2803 2623 3076 2694 κρατῆρος
3103 2622 3137 2694 ἦ
3165 2623 3446 2694 κειμηλίου
3477 2623 3725 2692 ἐλογοπό-

2140 2723 2221 2760 τει
2249 2709 2360 2769 τοῖς
2394 2708 2651 2776 ἐρασταῖς
2681 2705 2772 2773 τοῦ
2801 2704 2960 2773 λόγου
2991 2704 3059 2759 τά
3097 2706 3381 2777 πρόσφορα
3413 2705 3515 2776 τῆς
3549 2723 3723 2775 σωτη-

2145 2790 2282 2860 ρίας.
2319 2787 2677 2858 Λεγέσθωσαν
2705 2786 2884 2841 τοίνυν
2907 2787 3171 2858 ἱερόσυλοι
3205 2783 3371 2851 οὗτοι,
3405 2789 3454 2840 οἱ
3480 2788 3724 2856 συλαγω-

2140 2875 2406 2944 γήσαντες
2425 2872 2524 2943 τὴν
2549 2871 2914 2944 ἀποστολικὴν
2950 2871 3298 2940 Ἐκκλησίαν,
3326 2871 3583 2925 τοιούτων
3609 2889 3726 2924 στε-

2144 2959 2406 3028 ρήσαντες
2457 2953 2809 3018 διδασκάλων,
2871 2955 2965 3008 καὶ
2999 2953 3302 3017 πωλοῦντες
3345 2955 3594 3026 ἀργυρίῳ
3623 2955 3723 3016 τάς

2141 3037 2508 3112 χειροτονίας,
2555 3036 2649 3100 οὓς
2684 3036 2786 3108 ῆδη
2826 3035 3210 3107 μετελεύσεται
3263 3039 3293 3107 ἠ
3323 3037 3442 3090 θεία
3479 3037 3602 3109 δίκη
3641 3042 3723 3101 είς

2140 3122 2509 3194 ἐπανόρθωσιν
2538 3121 2637 3192 τῆς
2668 3121 2848 3174 αὐτῶν
2874 3121 3274 3193 κακοπραγίας.
3313 3123 3376 3175 Εἰ
3413 3123 3520 3193 γάρ
3548 3123 3597 3175 οί
3627 3124 3723 3176 τὸν

2140 3207 2420 3270 Μωῦσέως
2449 3204 2939 3277 παραχαράξαντες
2959 3205 3122 3275 νόμον
3141 3205 3228 3258 διά
3242 3207 3340 3278 τῆς
3355 3206 3493 3275 ἄγαν
3516 3207 3723 3276 ἀπροσο

2138 3289 2288 3355 εξίας
2326 3288 2638 3360 φρκγελλίῳ
2666 3287 3023 3358 ἐκϐέϐληνται
3051 3287 3143 3342 τοῦ
3175 3287 3310 3352 νεὼς
3355 3289 3460 3343 ὑπὸ
3490 3289 3583 3342 τοῦ
3610 3290 3724 3343 Σω-

2139 3373 2328 3444 τῆρος,
2367 3373 2462 3426 καὶ
2493 3371 2652 3426 τοῦτο
2681 3371 2917 3442 σχοινίου
2948 3368 2999 3435 ά,
3033 3371 3109 3436 ὡς
3141 3370 3288 3426 ἔνδον
3327 3370 3424 3434 τὰς
3467 3388 3725 3441 περιστεο

2143 3456 2242 3528 ράς
2276 3453 2619 3518 πωλοῦντες·
2669 3454 2722 3506 τί
2762 3454 3040 3508 πείσονται
3075 3452 3183 3525 ἄρα
3229 3454 3278 3506 οἱ
3317 3453 3724 3525 καπηλεύοντες

2139 3539 2237 3609 τῆς
2261 3537 2405 3601 Νέας
2429 3536 2704 3608 Διαθήκης
2735 3537 2834 3608 τὴν
2860 3537 3152 3608 ἱερατείαν,
3175 3535 3206 3606 ἦ
3245 3536 3306 3589 τὸ
3331 3535 3509 3607 ῥάϐδῳ
3527 3536 3724 3606 σιδηρᾷ.

2142 3621 2491 3692 συντριϐῆναι
2515 3619 2620 3674 ὑπὸ
2650 3618 2746 3672 τοῦ
2767 3619 3188 3692 ἀρχιποιμένος;
3214 3616 3398 3683 καθὼς
3420 3618 3724 3672 0101;00:0-

2139 3703 2230 3768 λος
2256 3703 2434 3773 λέγει·
2470 3702 2788 3770 Ἀθετήσας
2820 3721 2910 3769 τις
2937 3704 3127 3773 νόμον
3169 3703 3488 3770 Μωῢσέως,
3539 3704 3724 3772 χωρίς

2139 3788 2454 3858 οἰκτιρμῶν
2477 3788 2578 3841 ἐπὶ
2613 3788 2798 3843 δυσὶν
2826 3787 2866 3857 ἢ
2905 3788 3064 3856 τρισὶ
3111 3787 3417 3858 μάρτυσιν
3453 3789 3724 3855 ἀποθνή-

2140 3886 2296 3926 σκει.
2322 3873 2498 3938 Πόσῳ
2528 3871 2758 3926 δοκεῖτε
2799 3870 3074 3940 χείρονος
3103 3870 3498 3937 ἀξιωθήσεται
3547 3889 3724 3941 τιμωο

2131 3957 2272 4025 ριίις·
2303 3958 2336 4009 ό
2367 3954 2470 4009 τὸν
2507 3955 2644 4009 Υίὸν
2675 3953 2781 4008 τοῦ
2827 3953 2978 4008 Θεοῦ
3009 3954 3441 4021 καταπατήσας
3461 3998 3475 4020 ,
3516 3955 3611 4008 καί
3654 3955 3722 4010 τὸ

2138 4033 2280 4108 αἷμα
2301 4037 2404 4104 τῆς
2432 4037 2728 4106 Διαθήκης
2742 4036 2950 4092 κοινὸν
2974 4037 3376 4108 ἡγησάμενος.
3404 4038 3473 4091 ἐν
3490 4031 3538 4104 ᾧ
3555 4037 3724 4106 virui-

2138 4125 2278 4188 σθη,
2319 4122 2418 4175 καὶ
2451 4121 2517 4175 τὸ
2544 4121 2789 4191 Πνεῦμα
2811 4119 2922 4189 τῆς
2949 4121 3189 4190 χάριτος
3225 4121 3582 4189 ὲνυϐρίσαςς
3621 4122 3714 4172 Οἵ-

2139 4203 2326 4276 δαμεν
2343 4203 2449 4274 γὰρ
2480 4205 2588 4258 τίν
2616 4205 2880 4258 εἰπόντα·
2900 4205 3064 4275 Ἐμοὶ
3085 4205 3414 4270 ἐκδίκησις,
3441 4203 3556 4274 ἐγὼ
3573 4205 3721 4259 ἀντ-

2137 4288 2450 4353 αποδώσω,
2474 4288 2636 4357 λέγει
2682 4290 2915 4357 Κύριος.
2951 4287 3208 4356 Φοϐερόν
3241 4287 3306 4340 τὸ
3333 4287 3722 4357 ἐμπεσεῖνείς

2140 4371 2343 4440 χεῖρας
2377 4369 2527 4424 Θεοῦ
2581 4369 2818 4437 ζῶντος.
2875 4370 2934 4424 '0
2983 4371 3040 4424 δὲ
3077 4370 3169 4424 τὸν
3198 4371 3344 4424 ὅσιον
3386 4369 3575 4424 τοῦτον
3626 4373 3723 4424 καὶ

2139 4454 2294 4522 ἀγιον
2319 4453 2554 4523 ποιμένα
2573 4453 2671 4506 καὶ
2699 4453 2796 4524 τῆς
2826 4451 3169 4524 δικαιοσύνης
3196 4453 3460 4524 φωστῆρα
3488 4453 3720 4518 δοξάσας

2137 4535 2296 4600 Θεὸς,
2315 4534 2426 4606 δῴη
2455 4537 2586 4606 ἡμῖν
2624 4536 2788 4606 μέρος
2812 4535 2844 4607 ἢ
2884 4535 3086 4608 κλῆρον
3131 4538 3312 4608 εὑρεῖν
3342 4537 3438 4590 σὺν
3479 4535 3630 4608 αύτῷ
3657 4539 3719 4589 ἐν

2136 4621 2201 4690 τῇ
2229 4619 2437 4690 φοϐερᾷ
2465 4618 2628 4672 αὐτοῦ
2662 4619 2762 4690 τῆς
2783 4617 3180 4689 δικαιοκρισίας
3205 4620 3388 4690 ἡμέρᾳ
3407 4637 3418 4650 ·
3446 4613 3490 4688 ᾧ
3515 4619 3719 4689 πρέπει

2134 4701 2282 4770 δόξα,
2310 4703 2466 4774 τιμὴ,
2501 4701 2858 4772 μεγαλωσύνη
2903 4701 2996 4756 καὶ
3029 4701 3472 4772 μεγαλοπρέπεια
3503 4700 3581 4768 τῷ
3611 4703 3722 4755 Πα-

2133 4785 2248 4856 τρὶ,
2278 4785 2374 4840 καὶ
2407 4785 2486 4856 τῷ
2517 4785 2652 4854 Υίῷ,
2677 4786 2770 4840 καὶ
2793 4784 2872 4854 τῷ
2899 4785 3039 4856 ἁγίῳ
3067 4783 3362 4853 Πνεύματι,
3391 4783 3486 4838 νῦν
3513 4784 3605 4838 καὶ
3629 4785 3720 4838 ἀεὶ

2135 4871 2229 4924 καὶ
2259 4871 2338 4932 είς
2369 4869 2495 4931 τοὺς
2530 4867 2734 4931 αἰῶνας
2769 4866 2878 4920 τῶν
2903 4866 3132 4922 αἰώνων.
3167 4865 3361 4937 ’Λμήν.

2202 5025 2223 5082 (ἲ
2253 5021 2381 5070 Fort.
2409 5019 2734 5082 add.usiao'u;.
2764 5018 2924 5082 Bigot.

2199 5081 2222 5120 δ
2248 5083 2475 5144 Σχοινὶου.
2513 5080 2647 5130 Hanc
2671 5080 2842 5130 vocem
2857 5094 2884 5131 c
2908 5080 3013 5129 cod.
3038 5081 3335 5143 recepimus.
