4110 6148
297 329 358 383 ει
1345 316 1428 370 ως
1473 313 1629 370 vim
1673 313 1729 367 s.
1770 303 2048 361 JOANNIS
2079 294 2574 365 ctutvsosrout.
3500 313 3572 362 se

300 442 564 505 parntem.
595 447 698 486 nos
724 429 1116 500 deprzedantur.
1144 428 1430 482 Perversos
1456 444 1682 498 namque
1709 441 1884 479 mores

296 541 430 580 suos
459 525 828 594 Invidiamque
855 523 1216 584 occultantes,
1247 521 1362 588 ejus
1390 536 1572 575 curam
1601 535 1660 574 se
1691 519 1888 572 habere

298 618 466 670 verbo
506 615 796 678 simulant,
828 627 982 681 quam
1027 609 1175 664 faelis
1215 610 1623 664 labefactat-unt.
1656 608 1758 664 Sed
1791 609 1887 661 etsi

301 707 411 760 hoc
439 705 800 766 simulabant,
825 719 1006 757 rerum
1030 702 1202 756 exitus
1227 702 1368 772 ipsos
1391 701 1669 769 redarguet
1691 741 1704 762 ,
1729 699 1887 753 obse-

302 805 496 864 qnutos
521 810 642 849 esse
657 795 729 859 ei,
751 795 838 862 qui
868 793 1122 862 gloriatus
1140 799 1222 846 est
1248 809 1261 845 :
1288 790 1406 844 Non
1435 792 1662 843 movebar
1687 806 1718 841 α
1744 803 1891 858 gone-

303 891 499 941 ratione
523 888 572 940 in
603 889 977 958 generationem
1007 886 1114 938 sine
1139 885 1270 936 multa
1299 882 1468 956 (Psal.
1502 884 1587 937 l0.
1617 883 1708 950 6).
1739 880 1889 933 Non-

303 980 429 1032 dum
455 980 601 1032 enim
631 979 865 1047 speciem
895 993 1043 1031 novae
1073 976 1340 1029 hmrcscos
1377 975 1652 1028 invenerat
1691 971 1889 1041 iniqui-

306 1070 432 1123 tatis
447 1070 693 1124 inventor
713 1079 762 1122 et
786 1068 1031 1137 pessima:
1057 1067 1498 1134 concupiscentia:
1519 1064 1757 1120 excultor
1776 1077 1889 1116 ser-

306 1175 439 1228 peris
458 1201 471 1223 ,
504 1174 626 1213 cum
663 1159 978 1227 prmpositos
1008 1156 1364 1209 Ecclesiarum
1394 1155 1457 1207 ad
1489 1163 1694 1206 mutuas
1717 1152 1891 1206 czcdcs

305 1249 542 1302 etl‘eravit
573 1250 864 1302 ambitione
894 1247 1162 1302 cathedra:
1185 1258 1233 1300 et
1259 1248 1442 1315 prima:
1470 1245 1631 1310 sedis,
1659 1261 1752 1312 per
1771 1259 1889 1313 quze

305 1341 596 1393 scissuram
641 1339 903 1393 fecerunt.
950 1338 1005 1392 Si
1043 1337 1184 1392 enim
1222 1337 1449 1406 Spiritus
1483 1337 1573 1390 Dei
1607 1335 1888 1389 concordia

303 1439 448 1483 esset
482 1429 622 1483 inter
652 1428 931 1496 cpisc0pos
951 1469 965 1493 ,
997 1437 1051 1480 et
1081 1437 1135 1480 ut
1159 1437 1347 1484 atii-tor
1377 1426 1618 1479 criminis
1639 1467 1652 1490 ,
1683 1434 1773 1478 aut
1805 1425 1889 1478 in-

304 1520 500 1590 dignus
553 1521 852 1575 sacerdotio
874 1564 888 1586 ,
919 1531 1007 1573 aut
1027 1563 1040 1586 ,
1073 1531 1126 1574 ut
1148 1519 1472 1589 TheOphilus
1492 1521 1598 1584 ait,
1627 1519 1890 1588 superbia:

305 1613 596 1675 obnoxius,
625 1615 794 1666 arceri
823 1613 1095 1667 debuisset
1118 1613 1349 1666 Joannes
1374 1630 1387 1666 :
1414 1621 1621 1681 poterat
1650 1612 1891 1680 onmipo-

306 1712 427 1755 lens
459 1703 550 1755 Dei
586 1704 839 1770 sapientia
868 1704 984 1771 jure
1012 1719 1040 1756 a
1063 1703 1361 1756 sacerdotio
1392 1704 1538 1757 illum
1565 1718 1770 1763 arcere,
1801 1711 1889 1757 aut

305 1794 523 1848 modum
551 1796 796 1850 invenire
826 1811 918 1864 per
948 1812 1103 1865 quem
1132 1796 1246 1850 sine
1277 1796 1501 1848 tumultu
1524 1805 1577 1848 et
1607 1796 1722 1848 sine
1749 1794 1889 1848 ﬂeti-

303 1885 402 1938 bus
448 1885 752 1955 ejiceretur,
777 1887 980 1940 scilicet
1008 1897 1098 1938 aut
1126 1897 1296 1939 morte
1315 1927 1328 1950 ,
1377 1895 1467 1939 aut
1510 1885 1734 1954 paralysi
1758 1927 1772 1950 ,
1802 1894 1892 1937 aut

304 1977 598 2030 amissione
624 1979 770 2030 vocis
789 2018 803 2040 ,
831 1987 882 2028 ut
915 1977 1158 2030 novimus
1183 1977 1446 2046 aliquibus
1479 1991 1545 2030 ex
1576 1975 1891 2029 adversariis

303 2067 589 2133 accidisse,
618 2077 672 2121 et
701 2070 910 2136 aliquos
935 2067 1107 2121 adhuc
1141 2069 1189 2121 in
1218 2082 1282 2121 eo
1309 2081 1428 2122 es-e
1455 2077 1510 2122 ut
1542 2067 1653 2121 haec
1681 2068 1889 2135 patian-

304 2170 414 2213 tur.
447 2160 526 2214 Ex
559 2177 662 2229 quo
689 2170 865 2214 autem
899 2171 975 2214 tot
999 2171 1054 2215 et
1083 2169 1224 2216 tanta
1254 2161 1536 2216 Servatore
1568 2161 1778 2231 indigna
1809 2159 1888 2214 fa-

306 2260 392 2302 cta
425 2251 755 2320 subscquuta
787 2262 928 2316 sunt,
961 2251 1073 2321 ipse
1107 2251 1319 2320 quidem
1352 2266 1456 2305 non
1480 2251 1753 2320 depositus
1777 2260 1887 2317 est,

304 2339 398 2394 sed
431 2340 482 2392 in
513 2341 758 2394 exsilium
791 2352 939 2397 actus
965 2361 976 2396 :
1001 2342 1221 2397 evidens
1247 2351 1330 2397 est
1356 2342 1549 2396 diaboli
1585 2359 1703 2396 esse
1733 2359 1886 2411 opus,

303 2429 458 2498 cujus
476 2446 697 2499 regnum
719 2431 936 2486 Joannis
957 2433 1330 2503 praedicatione
1347 2433 1623 2489 destrueba
1637 2446 1737 2490 tur.
1755 2433 1888 2488 Novi

245 2521 254 2531 “
304 2521 518 2588 quidet“
553 2539 645 2576 sex
673 2525 953 2592 episerios
979 2526 1172 2578 merito
1213 2543 1241 2578 a
1273 2525 1476 2579 Joanne
1503 2526 1804 2595 depositus,
1837 2535 1892 2578 ut

301 2613 658 2667 sacerdotalis
685 2614 957 2684 dignitatis
993 2626 1290 2686 emptores,
1333 2617 1398 2671 de
1427 2619 1618 2688 quibus
1642 2620 1890 2686 superius

303 2702 437 2755 disi.
489 2702 623 2770 Quis
650 2705 968 2775 lacrymatus
999 2708 1113 2761 est?
1151 2707 1300 2775 cujus
1342 2721 1371 2761 e
1412 2708 1628 2761 naribus
1669 2710 1887 2762 stillavit

304 2793 558 2860 sai-guis?
581 2809 699 2863 qua:
721 2797 900 2850 aranei
927 2797 1024 2850 tela
1050 2798 1317 2851 conscissa
1339 2800 1452 2852 est?
1478 2799 1597 2868 quis
1616 2799 1775 2852 domo
1798 2815 1890 2853 sua

307 2888 492 2948 pulsus
524 2883 640 2936 est?
680 2888 798 2954 quis
829 2885 909 2939 vel
952 2887 1108 2941 obolo
1153 2888 1441 2943 mulctatus
1470 2890 1587 2943 est?
1617 2890 1735 2958 quis
1765 2905 1892 2943 vero

305 2970 448 3024 Ashe
474 2973 778 3038 circulator,
814 2984 902 3028 aut
929 2976 1108 3044 epil’ex
1133 3018 1146 3042 ,
1171 2986 1262 3031 aut
1301 2978 1528 3047 agricola
1552 3019 1566 3043 ,
1590 2987 1680 3031 aut
1721 2988 1890 3044 sutor,

303 3069 396 3113 aut
429 3061 692 3128 plebeius,
723 3075 994 3133 gratanter
1023 3082 1125 3119 non
1149 3067 1314 3120 audiit
1336 3069 1477 3137 quod
1503 3069 1770 3123 acciderat
1799 3085 1892 3138 pro

304 3152 644 3208 vindicandis
685 3158 851 3210 sacris
893 3158 1128 3225 legibus?
1157 3160 1404 3212 accinens
1429 3177 1441 3209 -.
1469 3159 1632 3224 Quam
1661 3160 1895 3229 magni/i-

305 3255 422 3294 cata
450 3253 568 3297 sunt
596 3262 750 3308 Opera
779 3257 884 3311 tua,
909 3246 1163 3302 Domine!
1193 3251 1361 3302 omnia
1387 3251 1437 3303 in
1462 3252 1708 3319 sapientia
1733 3253 1895 3320 fecisti

305 3332 485 3399 (l’sat.
514 3335 637 3389 105.
663 3337 776 3405 21,).
803 3337 898 3392 Ubi
928 3340 1065 3392 enim
1098 3341 1233 3395 Deus
1260 3351 1530 3410 oneratur,
1553 3343 1731 3396 omnia
1764 3343 1896 3397 ﬁunt

307 3425 354 3478 in
373 3427 640 3494 sapientia
666 3445 678 3481 :
706 3430 791 3483 ubi
815 3447 937 3485 vero
963 3432 1220 3487 bonorum
1247 3450 1373 3487 osor
1398 3435 1626 3500 daemon,
1651 3437 1896 3492 similiter

304 3519 488 3572 omnia
515 3520 564 3571 iu
597 3521 916 3589 insipientia.
961 3523 1127 3578 Porro
1159 3525 1512 3593 insipientiam
1546 3544 1629 3582 res
1651 3529 1894 3583 absurda:

304 3621 630 3677 sequuntur,
661 3613 870 3665 invidia:
889 3655 902 3679 ,
931 3614 1124 3680 caedes,
1146 3615 1379 3686 jurgium
1401 3657 1415 3682 ,
1441 3618 1729 3686 aemulatio,
1755 3620 1896 3673 furo-

307 3714 399 3752 res
418 3741 432 3764 ,
460 3703 591 3753 rix;e
612 3742 625 3764 ,
654 3702 933 3756 discordhe
955 3747 969 3771 ,
997 3706 1255 3774 fragores,
1284 3706 1649 3777 imperitorum
1681 3710 1896 3778 conspi-

309 3793 469 3859 ratio,
503 3794 905 3862 magistratuum
941 3796 1132 3863 fervor,
1163 3813 1370 3861 cruces,
1404 3800 1624 3853 laterum
1656 3801 1894 3855 abrasio-

309 3897 442 3946 nes,
479 3885 666 3948 ιίῐῚῘίΩ,
709 3887 805 3940 rivi
851 3890 1166 3958 sanguinum
1193 3932 1206 3956 ,
1249 3892 1608 3947 intolerabiles
1651 3894 1893 3958 tnulcta‘,

311 3974 704 4039 publicatioues
732 3977 1011 4043 bonorum,
1037 3979 1328 4036 solutiones
1350 3975 1900 4038 divinarum‘sanetio-

310 4081 464 4130 num,
477 4079 816 4138 contemptus
830 4072 1025 4141 legum,
1044 4073 1260 4143 pudoris
1274 4083 1327 4129 et
1341 4073 1650 4145 frugalitatis
1663 4087 1899 4131 contem-

313 4167 437 4220 ptus
461 4199 474 4223 ,
509 4159 656 4214 orbis
687 4173 946 4216 terrarum
973 4166 1224 4230 scissura,
1260 4175 1457 4236 paratze
1490 4178 1626 4222 terra
1658 4170 1897 4239 marique

311 4247 525 4302 insidiae
553 4251 789 4314 navales,
815 4263 1114 4321 equestres,
1146 4258 1524 4328 pedestresque
1551 4260 1807 4314 machina:
1832 4261 1898 4314 ad

314 4338 756 4404 impedimentum
799 4359 982 4397 eorum
1028 4346 1114 4414 qui
1147 4348 1385 4401 veritatis
1428 4365 1584 4403 causa
1631 4351 1893 4404 exsulant.

311 4432 356 4492 ρ
397 4429 596 4482 omodo
645 4431 802 4500 igitur
848 4434 1042 4488 audent
1087 4435 1313 4491 dicere:
1360 4439 1451 4492 Dei
1503 4439 1898 4509 dispensatione

311 4516 356 4570 J-
382 4534 548 4572 azmes
579 4520 782 4588 ejectus
807 4525 922 4577 est?
951 4525 1133 4579 Dicant
1155 4538 1331 4582 autem
1359 4530 1506 4594 mihi,
1529 4533 1617 4600 qui
1651 4532 1748 4586 ista
1782 4549 1900 4601 pcr-

312 4623 507 4664 Eueaut
533 4630 546 4663 ;
572 4612 760 4668 Nonne
797 4617 1003 4685 poterat
1030 4621 1372 4690 omnipotens
1402 4623 1492 4676 Dei
1524 4625 1780 4695 sapientia
1815 4628 1898 4678 iu-

315 4703 531 4767 visibili,
563 4714 616 4759 ut
643 4705 774 4771 dixi,
809 4710 1001 4765 virtute
1023 4711 1306 4777 Joannem,
1340 4715 1383 4767 si
1414 4716 1660 4785 indiguus
1689 4716 1894 4778 fuisset,

316 4808 566 4850 amovere
587 4838 600 4862 ,
634 4809 724 4851 aut
753 4801 978 4856 suadere
1009 4804 1334 4865 adversariis
1365 4807 1480 4859 sine
1510 4807 1807 4861 interventu
1848 4819 1899 4862 et

317 4885 518 4939 viribus
550 4887 846 4955 principum
872 4893 1142 4947 moderate
1167 4910 1276 4948 rem
1311 4895 1486 4950 ferre?
1510 4897 1562 4951 Si
1586 4895 1727 4951 enim
1757 4897 1895 4951 idem

320 4975 457 5030 Deus
503 4987 621 5044 est,
655 4981 744 5049 qui
787 4981 950 5052 Moysi
996 4998 1312 5056 coeperatus
1358 4997 1440 5042 est
1487 4989 1550 5042 ad
1603 4989 1894 5043 libertatem

2000 423 2158 479 Israel
2205 437 2257 480 et
2306 427 2693 493 obedientiam,
2736 429 3010 485 Pharaone
3056 433 3222 501 palatii
3266 435 3570 493 clamante:

2000 518 2118 572 Non
2147 522 2261 572 ποι-ἱ
2285 518 2476 583 Deum,
2500 531 2546 574 et
2575 520 2738 576 Israel
2767 539 2865 576 non
2893 524 3138 578 dimittant
3164 526 3353 596 (Exod.
3384 529 3436 584 5.
3467 529 3536 598 2)
3560 547 3572 582 :

1996 609 2262 678 quomodo
2305 611 2460 679 igitur
2487 610 2684 665 auxilio
2716 622 3044 667 terrenarum
3093 617 3390 686 principum
3440 619 3578 672 iudi-

1997 701 2100 763 guit
2136 699 2185 750 in
2217 715 2377 753 causa
2400 701 2655 756 Joannis?
2679 704 2830 771 quasi
2859 707 3125 768 senuerit,
3157 715 3246 760 aut
3284 707 3474 762 debilis
3504 709 3578 760 l’a-

1997 801 2112 842 etus
2150 791 2253 854 sit,
2297 801 2386 844 aut
2432 809 2534 846 non
2583 795 2831 862 poluerit.
2883 796 3084 850 Deinde
3108 799 3194 866 qui
3226 800 3575 866 quorumdam

1997 882 2296 949 adulteria,
2330 884 2568 940 infandas
2600 886 2878 951 lih'dines,
2911 898 3071 956 atque
3102 891 3322 944 aliorum
3367 879 3568 961 pra'sti-

1996 972 2108 1040 gias
2137 975 2503 1042 publicaverit.
2539 993 2640 1029 non
2673 980 2900 1045 potuerit
2931 980 3102 1033 adhuc
3132 981 3389 1036 Joannem
3418 999 3572 1039 coar—

1997 1063 2191 1131 guere?
2220 1073 2312 1117 aut
2355 1077 2576 1131 eontra,
2619 1068 2706 1137 qui
2756 1068 2909 1137 hujus
2951 1071 3183 1138 linguam
3227 1065 3352 1126 fecit
3387 1074 3576 1142 angina

1999 1163 2328 1222 ttuuescere,
2363 1158 2431 1210 ita
2462 1168 2516 1211 ut
2545 1160 2746 1228 scripto
2777 1161 3052 1214 veritatem
3096 1163 3334 1231 profiteri
3361 1175 3578 1217 coaetus

1999 1243 2176 1308 fuerit,
2201 1255 2256 1300 et
2275 1247 2435 1300 alium
2467 1249 2765 1315 permiserit
2793 1248 3027 1302 incidere
3051 1251 3100 1303 iu
3127 1251 3343 1320 gradus,
3368 1254 3454 1322 qui
3479 1252 3577 1321 ipsi

1999 1333 2210 1388 fuerunt
2251 1335 2658 1402 mortiferi,aut
2697 1339 2857 1392 alium
2901 1341 3302 1408 ermnpentibus
3346 1343 3580 1413 undique

1999 1426 2269 1480 vermibus
2315 1438 2519 1484 nmtmu
2568 1429 2619 1481 in
2667 1429 2804 1482 lecto
2847 1432 3197 1486 maccraverit
3239 1449 3434 1487 anutuu
3466 1433 3578 1488 fere

2000 1520 2280 1586 integrum,
2315 1529 2407 1572 aut
2435 1521 2585 1574 alteri
2612 1521 2849 1590 injecerit
2881 1522 3148 1578 horrenda
3181 1525 3427 1580 terricula
3454 1542 3576 1580 cum

1999 1608 2242 1662 familiari
2286 1611 2546 1680 podagra.
2579 1621 2669 1665 aut
2706 1615 2792 1681 qui
2823 1629 2976 1667 crura
3003 1615 3171 1669 secuit
3197 1616 3347 1684 cujus
3374 1617 3576 1682 voluit,

1999 1708 2090 1752 aut
2131 1700 2217 1768 qui
2261 1699 2398 1756 fmda
2443 1711 2613 1755 morte
2653 1705 2760 1758 cito
2801 1719 2919 1757 cum
2964 1707 3171 1773 rapuit,
3209 1723 3364 1775 quem
3405 1709 3579 1762 sciunt

1999 1807 2221 1845 omnes:
2254 1792 2338 1846 hic
2369 1794 2418 1846 in
2445 1793 2650 1848 Joanne
2674 1837 2686 1855 ,
2717 1797 3008 1865 sacrilego,
3045 1807 3099 1849 ut
3127 1798 3304 1852 dicitis
3327 1841 3340 1863 ,
3375 1800 3575 1869 aliquid

2000 1882 2187 1935 horum
2213 1892 2423 1953 patrare
2449 1899 2554 1937 non
2578 1885 2765 1949 valuit;
2800 1885 2892 1940 scd
2924 1887 3022 1939 hoc
3053 1897 3106 1940 et
3136 1887 3226 1941 illo
3253 1887 3497 1958 indiguit,
3523 1899 3578 1944 ut

1997 1973 2254 2027 Joannem
2284 1989 2403 2027 cum
2433 1975 2718 2042 ignominia
2749 1976 3061 2043 expelleret,
3090 1978 3254 2030 multo
3283 1978 3400 2046 plus
3422 1995 3488 2033 ex
3514 1995 3580 2033 eo

1997 2066 2179 2135 gloria:
2209 2066 2309 2134 ipsi
2339 2065 2665 2119 concilians?
2713 2067 2903 2119 Errant
2931 2067 3117 2136 igitur,
3152 2068 3257 2121 vim
3285 2069 3432 2124 verbi
3462 2067 3577 2139 ejus

2000 2160 2315 2213 nescientes.
2348 2159 2649 2228 Sacrilegus
2674 2158 2813 2212 enim
2843 2159 2932 2212 ille
2964 2160 3173 2228 proprie
3203 2169 3318 2224 est,
3350 2176 3453 2214 non
3484 2161 3576 2231 qtti

1998 2264 2220 2311 aurum,
2254 2258 2343 2302 aut
2387 2259 2698 2317 argentum,
2731 2257 2819 2301 aut
2847 2259 3020 2301 vestes
3045 2253 3240 2302 sericas
3261 2289 3275 2313 ,
3311 2250 3574 2304 tinearum

1999 2341 2200 2406 cibum,
2225 2340 2545 2410 pauperibus
2566 2340 2851 2409 clargilur;
2885 2338 2976 2393 sed
3000 2340 3084 2408 qui
3116 2341 3354 2408 pecunia,
3376 2351 3465 2395 aut
3485 2359 3574 2394 as-

1997 2431 2296 2486 sentatione
2319 2473 2333 2494 ,
2365 2439 2454 2484 aut
2482 2431 2653 2498 epulis
2683 2431 2978 2486 doctrinam
3011 2431 3311 2486 Servatoris
3338 2441 3391 2486 et
3434 2449 3576 2501 pra:-

1998 2531 2147 2594 cepta
2179 2522 2355 2576 vendit
2380 2538 2393 2585 ;
2417 2521 2610 2576 deinde
2645 2523 2733 2590 qui
2772 2537 2981 2575 sacrum
3016 2522 3184 2575 virum
3218 2523 3320 2575 vita
3363 2532 3416 2576 et
3458 2524 3575 2577 elo-

1998 2614 2213 2684 quentia
2240 2623 2483 2667 oruatum
2511 2612 2727 2666 divexat
2747 2655 2760 2677 ,
2794 2628 2888 2680 per
2918 2627 3076 2682 quem
3114 2613 3381 2677 Servator,
3414 2615 3576 2668 veluti

2001 2722 2096 2777 per
2119 2716 2379 2760 craterem
2408 2715 2460 2759 et
2486 2721 2578 2760 vas
2607 2705 2918 2774 pretiosum,
2951 2705 3098 2759 verbi
3125 2706 3450 2760 amatoribus
3479 2707 3575 2760 ad-

1995 2798 2230 2867 jumenla
2258 2797 2442 2850 salutis
2471 2795 2804 2865 propinabat.
2841 2795 2916 2848 Illi
2948 2795 3104 2864 igitur
3129 2794 3368 2865 Sacrilegi
3393 2796 3575 2849 diemi-

2002 2896 2105 2950 tur,
2126 2885 2214 2956 qui
2235 2885 2577 2952 apostolicam
2603 2882 2893 2938 Ecclesium
2917 2883 3203 2952 depraidati
3227 2893 3368 2951 sunt,
3389 2885 3580 2941 talibus

2001 2993 2117 3030 eam
2165 2976 2464 3045 pastoribus
2500 2976 2824 3043 spoliantes,
2869 2985 2920 3028 et
2966 2975 3327 3030 ordinationes
3357 2979 3576 3047 pecunia

2003 3067 2322 3130 vendentes,
2355 3065 2418 3118 ad
2451 3081 2584 3134 quos
2607 3064 2825 3132 jamjam
2861 3066 3132 3132 perveniet
3169 3065 3346 3118 divina
3374 3066 3576 3135 justitia

2003 3159 2066 3212 ad
2093 3158 2519 3213 emendationem
2551 3158 2782 3225 ipsorum
2817 3157 3190 3224 improbitatis.
3223 3157 3278 3212 Si
3309 3160 3451 3213 enim
3487 3161 3577 3229 qui

2002 3251 2170 3320 legem
2199 3250 2390 3320 Moysis
2417 3249 2784 3302 adulterabant
2817 3263 2909 3316 per
2937 3249 3151 3301 nimiam
3182 3249 3575 3319 negligentiam,

2001 3359 2031 3398 e
2057 3344 2255 3411 templo
2281 3360 2308 3394 a
2340 3342 2626 3397 SerVatore
2653 3343 2804 3409 ejecti
2838 3351 2961 3394 sunt
2986 3358 3104 3394 eum
3137 3341 3364 3412 ﬂagello,
3389 3355 3440 3397 et
3462 3346 3579 3413 qui-

2000 3435 2121 3490 dem
2144 3450 2174 3489 c
2196 3433 2459 3499 funiculis,
2484 3433 2604 3502 quia
2635 3434 2773 3485 intus
2801 3433 3070 3487 cohuubas
3099 3433 3431 3487 vendebant:
3454 3433 3578 3503 quid

2003 3527 2074 3582 illi
2102 3542 2243 3581 nunc
2275 3526 2477 3596 passuri
2510 3533 2653 3589 sunt,
2687 3524 2773 3592 qui
2815 3535 3182 3592 cauponantur
3221 3525 3344 3578 novi
3389 3523 3577 3577 Testa-

2004 3617 2164 3673 menti
2192 3615 2570 3675 sacerdotium.
2600 3615 2697 3667 nisi
2730 3623 2836 3667 uta
2869 3624 3134 3679 pastorum
3168 3614 3403 3682 principe
3435 3614 3577 3682 virga

2008 3693 2186 3748 ferrea
2215 3693 2609 3746 conterantur?
2642 3701 2698 3746 ut
2727 3694 2801 3747 ait
2824 3697 3122 3764 Apostolus
3154 3715 3166 3750 :
3203 3698 3305 3764 Qui
3331 3700 3488 3753 violat
3513 3701 3588 3756 le-

2001 3798 2114 3852 gem
2137 3781 2358 3852 Moysis,
2394 3781 2586 3852 absque
2609 3783 2971 3838 misericordia
3013 3786 3108 3839 sub
3143 3787 3344 3843 duobus
3369 3801 3461 3844 aut
3485 3793 3587 3846 tri-

2004 3875 2098 3928 bus
2121 3875 2334 3928 testibus
2359 3875 2603 3927 moritur.
2631 3875 2843 3940 Quanto
2869 3879 3070 3944 putatis
3097 3881 3366 3936 acerbiore
3393 3883 3588 3953 dig-tus

1999 3968 2297 4023 censebitur
2325 3983 2475 4035 paena
2507 3968 2597 4037 qui
2626 3968 2718 4022 Dei
2762 3967 2963 4023 Filium
2993 3973 3320 4027 conculcavit
3343 4017 3356 4036 ,
3389 3988 3436 4028 et
3463 3997 3588 4031 stm-

2000 4061 2208 4129 guinem
2247 4059 2568 4113 Testamenti
2603 4060 2862 4127 pollutum
2883 4063 3230 4124 existimavit,
3256 4068 3307 4118 in
3339 4083 3439 4136 quo
3462 4087 3588 4122 san-

2002 4153 2270 4221 ctiﬁcatus
2293 4163 2392 4215 est,
2417 4165 2464 4206 et
2496 4152 2755 4221 Spiritum
2787 4156 2974 4224 gratia:
3007 4157 3327 4211 contumelia
3363 4160 3537 4228 aﬂ'ccit
3561 4165 3588 4216 .’

2004 4244 2212 4297 Scimus
2245 4243 2382 4294 enim
2410 4244 2498 4312 qui
2527 4243 2688 4296 dicit:
2715 4243 2851 4297 Mihi
2877 4247 3126 4305 uindicta.
3152 4263 3245 4318 ego
3275 4250 3584 4316 retribuam,

2004 4335 2131 4389 dicit
2163 4333 2435 4386 Dominus.
2465 4331 2803 4388 llorreudnm
2827 4345 2903 4390 est
2927 4337 3158 4392 incidere
3186 4341 3237 4393 in
3263 4358 3452 4394 manus
3491 4342 3583 4397 Dei

2004 4428 2218 4483 riventis
2242 4425 2416 4496 (Rom.
2446 4425 2530 4478 1‘2.
2559 4427 2656 4492 l9;
2687 4427 2847 4480 llcbr.
2882 4429 2965 4482 10.
2985 4430 3143 4484 98-5l
3171 4432 3206 4497 ).
3235 4434 3379 4488 Deus
3403 4447 3582 4490 autem

2004 4530 2094 4598 qui
2124 4527 2264 4581 hunc
2291 4525 2436 4593 pium
2459 4530 2510 4576 ct
2530 4530 2770 4574 sanetum
2799 4528 3088 4586 pastorem,
3113 4523 3167 4568 et
3187 4515 3402 4582 justitia:
3431 4513 3576 4569 lumi-

2008 4635 2135 4674 nare
2163 4614 2474 4687 glorificavit
2496 4654 2508 4676 ,
2539 4612 2627 4663 det
2668 4610 2781 4678 ipse
2820 4607 2971 4661 nobis
3003 4613 3206 4673 partem
3237 4613 3290 4657 et
3317 4602 3577 4656 heredita-

2007 4721 2112 4764 tcm
2141 4724 2259 4762 cum
2303 4707 2391 4758 illo
2437 4704 2676 4755 invenire
2716 4700 2766 4754 in
2813 4694 3089 4752 tremendo
3124 4693 3250 4762 justi
3293 4692 3470 4761 iudicii
3502 4689 3580 4744 sui

2005 4801 2092 4855 die
2118 4819 2128 4854 ;
2155 4799 2238 4853 cui
2268 4795 2524 4866 competit
2549 4793 2738 4864 gloria,
2768 4791 2954 4849 honor,
2988 4785 3240 4854 majestas
3267 4795 3317 4839 et
3345 4782 3577 4852 tuagnili.

2006 4893 2206 4957 centia,
2235 4889 2372 4944 l‘alri
2399 4897 2450 4942 et
2481 4885 2614 4940 Filio
2640 4893 2693 4937 et
2723 4879 2940 4951 Spiritui
2970 4887 3176 4939 sancto,
3211 4890 3349 4929 utine
3370 4883 3422 4928 et
3445 4887 3580 4927 sem-

2013 5003 2125 5054 per,
2155 4994 2209 5040 et
2235 4983 2284 5037 in
2313 4979 2506 5036 secula
2534 4976 2867 5032 sa'culorum.
2899 4972 3089 5027 Amen.
