4110 6148
474 274 543 330 ss
1542 284 1598 338 δ.
1639 285 1856 340 rom
1887 287 1922 342 s
1968 287 2460 345 etiarsosrout
2503 287 2689 343 vna.
3669 281 3733 329 ει

1025 418 1117 477 DE
1160 417 1335 474 VITA
1367 415 1428 475 S.
1460 417 1771 482 JOANXlS
1813 424 2340 485 CIIRYSOSTOMI
2377 427 2424 482 Α
2482 423 2700 484 NOBIS
2747 422 3169 482 ΑΒΟΗΝΛΤΑ.

551 583 698 662 Nihil
738 585 910 654 magis
942 596 1310 662 opportunum
1338 588 1402 642 ad
1434 589 1596 642 vitam
1635 588 1672 662 S_
1703 588 1788 644 J0.
1820 591 2060 662 Chryso-

485 655 647 730 rsmmi
679 665 933 708 arcur-le
948 657 1104 710 conci
1149 659 1409 723 ualidam,
1433 677 1596 726 qttam
1623 660 1740 728 ejus
1757 655 1949 730 opt-ra:
1971 664 2062 717 ubi

483 727 770 776 innumera
823 737 958 800 pene
986 742 1168 800 occur.
1195 736 1252 781 nt
1291 731 1359 783 ab
1396 733 1517 785 aliis
1556 727 1916 800 scriptoribus
1960 752 2005 785 ιιι
2033 749 2064 786 ιι

491 805 812 848 memorata.
835 795 1107 870 Palladius
1127 815 1348 868 quoque
1374 802 1428 853 in
1449 795 1786 870 Dialogo'suo
1808 803 2067 856 historico

490 880 596 941 non
617 880 784 941 pauca
805 868 1134 941 suppeditat.
1153 871 1416 938 quaealibi
1451 868 1650 926 [rustra
1673 868 1946 941 quaereres
1974 872 2068 926 His

488 936 720 1005 addi-niti
736 935 1362 1002 Socrates,Sozoim:nus
1383 935 1834 1005 et'l‘heodmetus,
1859 959 2068 998 necnon

489 1002 715 1082 l’hotius
737 1009 964 1082 circaea
983 1011 1238 1082 maxime,
1258 1027 1378 1079 quae
1397 1013 1460 1064 ad
1487 1011 1766 1082 Sydonum
1788 1002 1838 1065 in
1856 1016 2068 1078 Quercu

493 1077 785 1135 pertinent.
809 1079 1042 1154 Aliunde
1070 1081 1193 1154 item
1217 1077 1465 1150 qua-datu
1503 1077 1569 1135 ad
1599 1084 1746 1154 idem
1779 1077 2074 1154 argumen-

493 1156 608 1220 tum
625 1150 934 1220 spectantia
967 1151 1236 1218 expiscari
1255 1169 1574 1220 possumus.
1595 1153 1669 1208 lis
1691 1169 1824 1208 usus
1839 1150 2074 1209 auctori-

498 1218 599 1271 bus
625 1215 800 1298 V'itam
830 1219 947 1287 ejus
964 1215 1059 1274 Gal
1085 1221 1169 1274 ieo
1192 1215 1400 1298 vulgari
1427 1223 1683 1298 idiomate
1705 1226 1926 1298 scripsit
1944 1225 2074 1298 l-lerf

498 1293 758 1364 irritatius,
797 1299 960 1358 alque
990 1307 1183 1364 omnes
1209 1293 1484 1348 interioris
1507 1295 1604 1348 aevi
1639 1293 1956 1364 srriptores,
1981 1296 2075 1364 qui

497 1356 672 1428 Vitam
694 1355 1071 1428 Chrysostomi
1095 1363 1522 1426 adornaverant,
1544 1355 1897 1419 accuraiionc
1919 1355 1968 1419 et
1995 1355 2078 1420 di-

497 1427 512 1478 l
537 1429 714 1495 gentia
749 1427 904 1499 longe
931 1434 1224 1498 superavit.
1246 1433 1377 1488 Post
1401 1437 1550 1489 ἰΗιιιιι
1576 1451 1705 1488 vero
1730 1437 1810 1488 vir
1825 1438 1894 1490 cl.
1925 1437 2076 1489 omni

501 1501 818 1565 esccptione
863 1501 1058 1570 major,
1087 1502 1488 1567 Tillemont‘us,
1527 1515 1584 1558 ut
1633 1506 1866 1559 aliorum
1912 1509 2077 1560 vitam

501 1577 816 1644 sanaturum
854 1587 1071 1644 suunuo
1101 1575 1283 1629 studio
1307 1585 1359 1628 et
1383 1577 1568 1629 labore
1591 1576 1899 1644 descripsit,
1925 1577 1994 1629 ita
2025 1576 2080 1628 in

504 1639 706 1719 latitid-
732 1641 1030 1719 ctorisvita
1054 1645 1185 1719 nihil
1205 1646 1438 1719 neglexit
1462 1661 1676 1703 eorum.
1697 1639 2081 1719 quiein‘hujus‘

505 1711 649 1760 modi
675 1724 850 1788 opere
869 1713 1071 1788 aliquid
1102 1711 1325 1788 possent
1351 1716 1473 1770 aller
1488 1733 1543 1770 re
1568 1711 1852 1770 momenti.
1875 1717 1932 1770 Si
1951 1711 2084 1788 quid

504 1793 633 1858 vero
654 1779 1058 1858 dillicultatisin
1082 1779 1201 1858 ejus
1226 1786 1519 1858 referendis
1545 1789 1712 1855 gestis
1732 1779 2085 1858 oecurrai,in

480 1853 650 1924 _,noti_s
681 1853 796 1903 suis
823 1853 889 1904 ad
917 1853 1121 1924 calcem
1150 1855 1272 1908 libri
1313 1858 1504 1924 positis
1549 1853 1733 1910 oinnia
1776 1857 2084 1911 minutatim

507 1919 785 1999 expia-nat,
823 1922 1208 2001 nequidquam
1237 1919 1655 1994 praetermisisse
1675 1927 2089 2001 videatur.__lloc

509 1997 781 2060 praecipue
803 2004 877 2042 sei
897 1997 1068 2059 iptore
1087 2010 1219 2047 usus
1241 2012 1382 2058 stitit,
1409 2013 1534 2052 cum
1557 1998 1790 2050 maxime
1815 1997 1896 2050 vel
1921 1999 2087 2060 dicta,

510 2058 594 2116 vel
621 2067 771 2128 gesta
795 2058 1175 2130 Chrysostomi
1193 2066 1401 2135 aliquid
1425 2083 1536 2139 pra:
1560 2083 1619 2122 se
1643 2068 1824 2122 l'eruut
1847 2058 2093 2122 obscuri;

509 2273 746 2284 —_——-.-—

2165 591 2313 653 tatis,
2345 591 2488 661 quod
2517 607 2648 645 sane
2676 591 2995 660 plerumque
3013 589 3229 644 accidit:
3259 590 3540 658 fateorque
3564 604 3745 645 tamen

2166 680 2253 715 me
2281 680 2382 715 non
2409 677 2621 730 seraper
2646 662 2778 714 lauti
2807 662 2905 713 viri
2926 661 3248 714 senti-titiam
3278 663 3585 729 amplexum
3602 677 3746 716 esse:

2169 733 2224 786 in
2260 734 2533 786 nonnullis
2555 734 2718 785 etiam
2746 732 2894 785 illum
2921 746 2950 782 a
2977 741 3118 784 recta
3147 733 3232 783 via
3252 732 3564 785 decliuaSse
3594 747 3752 785 com-

2172 804 2306 872 peri.
2327 802 2462 857 Cum
2481 803 2626 856 enim
2655 803 2812 870 longe
2838 802 2956 869 plus
2989 803 3247 872 temporis
3283 802 3336 854 in
3363 802 3623 871 legendis,
3649 801 3757 855 La—

2176 871 2287 927 tine
2319 874 2612 938 vertendis,
2650 873 3000 942 explet-audis
3043 871 3419 942 Chrysostomi
3471 873 3754 940 operibus,

2171 960 2335 1012 quam
2358 943 3188 1012 ille,consumpserim,qu:edam
3208 942 3618 1012 deprehendi,in
3639 943 3758 1011 qui-

2173 1015 2274 1068 bus
2300 1015 2390 1068 ille
2424 1014 2506 1068 vel
2549 1014 2600 1066 in
2641 1014 2901 1082 temporis
2942 1012 3347 1081 supputatione,
3381 1013 3537 1066 velin
3567 1029 3753 1066 rerum

2173 1094 2448 1154 gestarum
2478 1085 2709 1148 ratione,
2743 1099 2772 1136 a
2811 1093 2958 1137 recto
2993 1084 3210 1136 tiamite
3239 1082 3551 1136 deflexerat:
3579 1099 3759 1153 eaque

2174 1157 2243 1208 de
2275 1171 2332 1208 re
2358 1157 2617 1209 lectorem
2663 1155 2994 1222 quandoque
3047 1155 3256 1217 monui,
3295 1169 3419 1208 cum
3457 1167 3520 1206 ea
3549 1163 3758 1218 tamen,

2175 1241 2296 1295 qua;
2325 1234 2472 1278 tanto
2505 1225 2625 1276 viro
2653 1225 2902 1288 debetur,
2925 1225 3290 1278 observant'a.

2246 1294 2384 1361 Quia
2417 1295 2470 1347 in
2502 1295 2604 1348 hac
2638 1305 2908 1356 postrema
2939 1294 3314 1364 Chrysostomi
3338 1291 3763 1362 Operumcolle-

2177 1367 2359 1419 ctione
2389 1365 2524 1418 bene
2559 1364 2726 1416 multa
2750 1375 2896 1421 sunt.
2929 1380 3052 1433 qua:
3083 1379 3378 1432 numquam
3408 1366 3582 1420 lucem
3612 1364 3764 1417 vide-

2180 1445 2324 1500 rant;
2349 1436 2475 1488 hiuc
2500 1435 2662 1488 etiam
2689 1449 2794 1487 non
2815 1450 2987 1502 pauca
3007 1437 3268 1489 hactenus
3300 1436 3480 1503 ignota
3505 1436 3570 1489 ad
3592 1435 3762 1487 vitam

2180 1506 2315 1559 tanti
2334 1506 2576 1559 doctoris
2609 1505 2932 1573 pertinentia
2954 1505 3351 1572 decerpsimus,
3376 1507 3612 1559 maxime
3632 1520 3766 1557 vero

2181 1592 2246 1628 ex
2270 1575 2517 1630 undecim
2536 1572 2639 1627 illis
2659 1572 2908 1627 llomiliis
2927 1576 3084 1629 novis
3107 1577 3157 1626 in
3185 1586 3330 1629 tonio
3349 1573 3438 1628 Xll
3454 1577 3620 1639 ensis,
3641 1589 3768 1642 quae

2183 1645 2249 1699 ad
2273 1645 2555 1699 historiam
2581 1646 2724 1698 illius
2744 1645 3001 1713 temporis
3026 1645 3256 1697 multum
3291 1645 3599 1710 conferunt,
3617 1647 3770 1697 viae-

2183 1716 2308 1770 licet
2331 1732 2360 1769 a
2401 1723 2673 1784 postrema
2707 1724 2858 1783 parte
2881 1716 3012 1767 anni
3049 1715 3154 1769 598
3180 1731 3350 1781 usque
3379 1716 3446 1769 ad
3476 1716 3766 1769 dimidium

2184 1787 2312 1840 anni
2333 1786 2613 1854 sequentis
2644 1786 2768 1854 599:
2798 1787 2861 1838 de
2879 1801 2988 1853 quo
3010 1786 3270 1854 temporis
3289 1786 3463 1852 spatio
3486 1786 3539 1839 in
3568 1787 3651 1839 his
3670 1787 3773 1837 ho-

2187 1853 2624 1924 miliisquazdam
2650 1853 2965 1908 referuntur
2992 1853 3132 1910 scitu
3156 1855 3476 1923 dignissima
3518 1865 3571 1909 et
3609 1865 3772 1907 ante-

2189 1928 2291 1979 hae
2317 1927 2520 1994 ignota,
2540 1939 2661 1995 quae
2674 1925 2814 1995 apud
2835 1926 2971 1980 alios
2996 1927 3292 1994 scriptores
3325 1925 3526 1995 frustra
3550 1940 3774 1994 quaere-

2181 1995 2428 2068 res.ch
2449 1994 2633 2049 omnia
2658 1994 2790 2068 inea
2816 2011 2980 2064 quam
3001 1996 3196 2068 damus
3216 1997 3462 2050 Doctoris
3477 1994 3597 2050 Vita
3615 2011 3777 2048 accn-

2187 2076 2324 2134 rale,
2338 2075 2604 2136 quantum
2623 2066 2927 2135 potuimus,
2946 2067 3150 2137 scripto
3173 2071 3492 2137 consignata
3508 2067 3774 2136 reperies,

2304 2256 2348 2261 _.__
2385 2253 2642 2263 -.-__.__.—_
2654 2250 3400 2259 ——._.—.——-—.—_-—————-~—---—-
3429 2251 3445 2255 —
3472 2250 3638 2256 ———-—-—---

2377 2267 2744 2278 _._.___._..——

3116 2265 3304 2272 7—"-..
3317 2265 3488 2271 mw...
3511 2266 3530 2269 ν.
3553 2265 3564 2269 -
3599 2265 3668 2269 ν-..
3687 2264 3724 2272 υ..

781 2429 1174 2561 VITA
1270 2429 1398 2556 S.
1507 2426 2162 2556 JOANNIS
2260 2422 3446 2586 CHRYSOSTOMI,

1437 2686 1958 2742 ,ιῐιειιιζινιδεοιη
1998 2679 2834 2746 CONSTANTINOPOUTANI,

499 2873 666 2916 NUNC
718 2870 968 2915 PRIMUM
1019 2871 1390 2923 ADORNATA,
1442 2871 1519 2911 ET
1587 2871 1813 2912 MULTIS
1869 2869 2074 2912 AUCTA

2183 2869 2339 2910 NTEA
2407 2867 2682 2918 lGN’OTlS,
2727 2865 2865 2916 QII/'8
2922 2863 3000 2903 EI
3067 2861 3393 2903 DUODECHI
3451 2857 3737 2902 HOMILHS

1197 2949 1963 2991 CONSTANTINOPDLITAXIS
2001 2948 2206 2990 SUPER
2252 2943 2557 2987 REPERTIS
2591 2942 2920 2985 EXCERPTA
2961 2941 3142 2984 SUNT.

551 3151 782 3205 Joannes
819 3145 1178 3200 Antiochcnus
1209 3141 1474 3196 nobilibus
1521 3150 1670 3194 ortus
1709 3149 1786 3192 est
1830 3136 2068 3207 parenti.

483 3241 602 3295 bus.
636 3240 761 3308 Ejus
794 3247 940 3307 pater
977 3236 1221 3304 Magister
1249 3233 1475 3286 militum
1502 3231 1670 3301 Syrize
1703 3229 1815 3290 fuit,
1855 3228 2070 3280 nomine

482 3332 792 3394 Secundus;
825 3339 993 3384 mater
1025 3327 1261 3381 Anthusa
1299 3324 1529 3398 (Pallad.
1558 3322 1691 3375 Dial.
1719 3338 1769 3391 p.
1795 3321 1863 3374 40
1890 3320 1931 3390 ).
1961 3318 2069 3372 Νο-

485 3440 605 3476 men
636 3423 798 3490 patris
825 3429 878 3474 et
906 3421 1090 3472 matris
1118 3433 1222 3472 non
1255 3416 1413 3469 modo
1456 3414 1716 3482 Georgius
1753 3409 2072 3465 Alexandri-

490 3529 589 3568 nus
617 3514 777 3567 refert
805 3511 1011 3582 ((lcorg.
1039 3511 1183 3562 Alex.
1213 3527 1262 3577 ιι.
1319 3507 1464 3576 159),
1495 3507 1586 3558 sed
1628 3505 1786 3556 etiam
1825 3502 2072 3556 Socrates

487 3605 661 3674 (Socr.
695 3604 729 3656 ι.
755 3603 786 3656 6
836 3620 880 3655 c.
910 3603 985 3670 5).
1032 3605 1363 3669 Quapropter
1408 3596 1598 3650 merito
1644 3593 1878 3660 rejicitur
1915 3591 2074 3644 Cani-

489 3699 599 3751 sius
633 3696 887 3766 (Curtisius
918 3693 954 3748 ι.
984 3695 1044 3756 9.,
1080 3710 1129 3761 ρ.
1165 3693 1316 3756 8δ7),
1350 3690 1438 3758 qui
1487 3696 1633 3756 putat
1674 3685 1930 3739 Joannem
1978 3699 2074 3736 no-

489 3797 658 3842 strum
691 3796 888 3840 sancta:
922 3785 1060 3837 illius
1085 3793 1139 3838 et
1161 3792 1392 3835 strenua:
1435 3779 1674 3832 mulieris
1707 3775 1926 3838 l’ubliar,
1956 3789 2074 3843 qua:

488 3880 588 3934 Sub
617 3879 828 3934 Juliano
859 3881 1108 3947 Apostata
1137 3873 1333 3936 ﬂoruit,
1369 3871 1532 3924 lilium
1574 3869 1754 3922 fuisse.
1777 3865 1912 3920 Natu
1963 3881 2071 3918 ma-

485 3974 658 4043 joretn
687 3984 929 4022 sororem
960 3966 1213 4021 habuisse
1235 3971 1415 4017 narrat
1454 3959 1737 4020 Palladius,
1779 3957 1928 4024 cujus
1975 3971 2073 4010 no-

491 4079 612 4118 men
633 4078 734 4116 non
759 4070 1039 4116 memorat.
1063 4059 1235 4113 Amita
1267 4067 1478 4124 quoque
1505 4051 1668 4120 ipsius
1693 4049 1856 4103 fuisse
1884 4048 2076 4104 dicitur

490 4153 798 4215 Sabiniana,
849 4151 915 4205 dc
957 4166 1057 4220 qua
1111 4147 1350 4218 pluribus
1392 4152 1578 4214 agetur
1618 4141 1684 4196 ad
1730 4156 1927 4196 annum
1970 4143 2076 4197 405

495 4243 729 4316 (Pallad.
755 4242 870 4296 un.
902 4240 1081 4313 Laus).

566 4334 941 4404 Explodeudus
991 4343 1167 4387 autem
1214 4332 1474 4404 Georgius
1523 4334 1936 4400 Alexamlrinus,
1985 4332 2075 4401 qui

493 4435 674 4482 miri-at
697 4436 873 4480 ortum
892 4425 1037 4479 ilhun
1059 4440 1180 4480 esse
1204 4441 1271 4479 ex
1299 4427 1608 4494 parentibus
1628 4427 1934 4495 gentilibus,
1957 4425 2080 4479 deo-

491 4536 717 4590 rumque
739 4519 1054 4583 cultoribus,
1077 4527 1130 4573 et
1163 4529 1441 4588 p03tquam
1469 4518 1584 4588 ipse
1627 4519 1860 4573 Joannes
1904 4516 2076 4585 bapti-

495 4620 642 4666 zatus
671 4613 854 4676 fuerat,
889 4621 943 4663 et
969 4620 1172 4678 patrem
1201 4618 1254 4664 ct
1291 4618 1515 4664 matrem
1562 4609 1676 4677 ejus
1722 4607 2077 4663 Christianam

492 4703 766 4772 amplexos
791 4716 909 4755 esse
955 4701 1265 4771 religionem
1302 4699 1321 4770 (
1339 4699 1521 4770 Georg.
1548 4701 1692 4753 Alex.
1722 4717 1770 4769 p.
1797 4699 1884 4754 59.
1909 4697 1958 4752 ὁ.
1987 4715 2034 4751 c.
2059 4699 2078 4769 )

493 4793 623 4847 Nam
651 4792 884 4847 Joannes
911 4789 982 4844 28
1008 4805 1178 4843 annos
1222 4800 1377 4844 natus
1419 4792 1715 4860 baptizatus
1762 4791 1877 4844 fuit.
1923 4789 2080 4844 Pater

494 4894 670 4939 autem
699 4884 835 4952 ejus,
864 4881 988 4935 dmn
1020 4882 1070 4934 in
1097 4880 1373 4935 cunabulis
1400 4893 1542 4936 esset
1561 4882 1808 4946 Joannes,
1842 4892 2080 4936 mortuus

494 4984 577 5029 est
605 4991 618 5027 :
653 4989 718 5026 ex
745 4982 957 5026 narratu
989 4987 1116 5025 vero
1149 4972 1336 5026 matris
1365 4971 1531 5039 liquet
1569 4973 1687 5027 illos
1737 4985 1860 5028 ante
1904 4983 2078 5027 ortum

496 5064 718 5119 Joannis
747 5063 1076 5118 Christianos
1104 5062 1286 5117 fuisse.
1319 5062 1484 5116 Natus
1512 5071 1687 5116 autem
1721 5081 1840 5118 esse
1871 5082 1938 5134 pu
1965 5077 2084 5118 :uur

503 5167 644 5204 anno
681 5153 786 5207 547
815 5152 915 5224 (De
942 5152 1155 5207 Sacerd.
1184 5163 1220 5204 ι.
1253 5153 1304 5206 Ι.
1338 5154 1437 5205 col.
1493 5153 1619 5217 ὕει,
1680 5157 1717 5207 ι.
1770 5155 1860 5207 25.
1889 5166 1932 5206 et
1974 5171 2081 5223 sqq.

503 5245 613 5314 (ἐρ’.
650 5255 686 5296 ι.
723 5246 774 5300 l.
803 5246 903 5299 col.
937 5244 1061 5300 60L
1092 5244 1129 5298 ι.
1163 5245 1256 5300 10.
1295 5256 1341 5299 el
1372 5247 1529 5316 sqq.).
1563 5245 1685 5299 llaéc
1714 5257 1794 5300 est
1824 5249 2083 5298 sententia

501 5338 781 5403 lilondelli,
809 5337 1100 5394 licrtnautii
1136 5346 1190 5392 et
1216 5337 1564 5418 Tillemontii.
1594 5337 1693 5402 Qui
1737 5351 1868 5392 vero
1913 5354 2083 5392 annos

498 5432 668 5486 Solum
695 5431 764 5486 52
791 5441 844 5486 et
864 5431 998 5486 duos
1027 5446 1236 5486 menses
1261 5431 1457 5486 vixisse
1476 5429 1676 5491 dicunt,
1703 5441 1882 5484 natum
1903 5429 2083 5486 dicant

497 5534 704 5594 oportet
736 5540 877 5580 anno
1043 5541 1055 5578 :
1082 5525 1221 5591 quod
1249 5535 1395 5580 certe
1425 5532 1680 5595 pugnaret
1699 5540 1819 5578 eum
1849 5540 1970 5578 vera
1998 5525 2081 5578 hi-

496 5617 674 5671 stat-ia:
711 5617 848 5672 serie
887 5627 942 5671 et
980 5617 1287 5672 narratione
1330 5635 1341 5670 :
1385 5630 1557 5686 exque
1600 5616 1738 5671 notis
1785 5626 2078 5686 temporum

2179 3152 2310 3204 quas
2336 3137 2467 3189 inl'ra
2503 3137 2767 3203 dabimus,
2799 3139 2944 3194 nullo
2971 3140 3128 3194 modo
3158 3152 3300 3197 stare
3336 3159 3493 3213 posse
3521 3161 3768 3216 eninpcro

2180 3237 2289 3281 tmn
2317 3231 2435 3283 crit.

2255 3321 2444 3390 Viginti
2493 3339 2751 3378 annorum
2792 3334 2909 3379 erat
2937 3335 3125 3388 mater,
3159 3328 3371 3397 quando
3415 3332 3606 3399 conjux
3652 3332 3771 3401 ejus

2181 3413 2323 3468 illam
2353 3416 2473 3468 vidu
2497 3432 2560 3468 ;m
2590 3427 2639 3470 et
2672 3416 2930 3472 Joannem
2962 3421 3212 3472 tenellam
3252 3422 3483 3492 reliquit.
3532 3424 3770 3480 Antlmsa

2180 3519 2308 3558 vero
2335 3507 2560 3574 apostoli
2592 3508 2806 3561 menitis
2831 3509 3096 3574 roborata,
3117 3511 3212 3562 etsi
3234 3511 3412 3577 junior
3435 3513 3611 3568 adhuc
3631 3526 3768 3580 erat,

2179 3595 2482 3649 asecundis
2511 3598 2706 3666 nuptiis
2744 3599 2996 3652 abstinuit
3052 3617 3066 3653 :
3118 3601 3442 3656 instituendo
3489 3613 3667 3658 autem
3718 3616 3773 3660 et

2181 3685 2454 3740 educando
2480 3686 2669 3742 Joanni
2699 3690 2894 3742 nullam
2927 3707 3032 3742 non
3064 3691 3307 3744 adhibuit
3349 3708 3600 3760 operam;
3641 3695 3771 3748 nihil

2181 3777 2320 3846 quod
2351 3778 2414 3832 ad
2441 3778 2555 3847 t'jtts
2582 3779 2900 3846 profer-tum,
2949 3790 3059 3833 ttun
3111 3782 3162 3834 iu
3207 3782 3517 3836 liberalibus
3563 3793 3671 3836 tmn
3721 3802 3771 3838 ιιι

2181 3865 2496 3922 Christianis
2551 3870 2865 3939 disciplinis,
2911 3884 3264 3941 opportunum
3323 3885 3466 3928 es.~et
3521 3876 3770 3944 neglexit.

2182 3957 2334 4024 Quod
2366 3977 2521 4028 quam
2553 3961 2756 4015 felice-ui
2791 3963 2990 4015 exitum
3023 3944 3288 4026 habuerit,
3317 3979 3405 4017 res
3434 3965 3543 4032 ipsa
3595 3965 3772 4020 decla-

2184 4053 2336 4106 ravit.
2369 4052 2549 4123 Neque
2579 4063 2754 4108 tamen
2781 4054 2864 4107 illa
2919 4055 2993 4108 rei
3050 4054 3326 4110 familiaris
3375 4074 3557 4110 curam
3609 4057 3749 4128 depo

2182 4144 2320 4207 suit;
2356 4144 2463 4197 imo
2511 4160 2638 4199 vero
2666 4145 2734 4199 ita
2764 4147 2941 4199 omnia
2976 4148 3311 4216 temperavit,
3342 4159 3397 4202 ut
3427 4165 3490 4203 ex
3522 4166 3616 4205 sua
3647 4150 3774 4206 dote

2183 4233 2398 4304 suisque
2427 4236 2760 4290 facultatibus
2781 4237 2991 4291 abunde
3021 4239 3120 4292 sibi
3151 4249 3204 4293 et
3227 4240 3333 4294 lilio
3361 4251 3603 4308 sumptus
3644 4258 3772 4312 sup-

2186 4325 2464 4394 peditarct,
2502 4335 2856 4397 paternasque
2883 4343 3012 4398 epes
3033 4340 3086 4383 et
3113 4329 3252 4384 bona
3296 4332 3472 4384 omnia
3513 4330 3622 4386 lilio
3657 4348 3775 4387 ser-

2185 4426 2333 4469 varel
2357 4417 2573 4470 intacta.

2256 4507 2474 4562 Joannis
2497 4511 2636 4563 dotes
2659 4522 2703 4562 et
2729 4528 2909 4564 mores.
2928 4542 3000 4551 —
3027 4512 3265 4581 Egregia:
3299 4512 3459 4566 indoli
3485 4513 3552 4566 ila
3577 4512 3777 4581 profuit

2184 4599 2428 4654 educatio
2461 4600 2786 4669 lmjusmndi,
2819 4611 2869 4656 ut
2896 4602 3074 4656 statim
3102 4619 3129 4655 a
3162 4604 3421 4673 principio
3451 4605 3611 4658 animi
3642 4606 3776 4660 tanti

2187 4693 2337 4746 dotes
2365 4693 2680 4746 eminerent.
2712 4694 2835 4747 Erat
2857 4693 3088 4747 Joannes
3115 4694 3414 4747 divinarum
3450 4711 3626 4749 rerum
3661 4706 3778 4749 stu.

2185 4784 2272 4837 dio
2301 4785 2548 4840 incensus
2581 4796 2672 4840 :ct
2695 4787 2780 4839 ubi
2811 4787 2975 4840 semel
3010 4787 3312 4850 veritatem,
3335 4784 3592 4854 justitiam
3617 4796 3671 4840 et
3697 4786 3779 4840 ol-

2188 4877 2289 4931 licii
2310 4877 2546 4932 debitum
2575 4878 3024 4947 apprehenderat,
3061 4877 3130 4931 ita
3171 4888 3422 4932 constans
3462 4888 3516 4933 et
3557 4879 3779 4946 intrepi-

2186 4971 2285 5023 dus
2300 4983 2434 5036 erat,
2467 4980 2523 5024 ut
2554 4989 2578 5022 a
2610 4971 2898 5031 llOlllllllllS,
2930 4971 3017 5039 qui
3044 4970 3126 5023 vel
3158 4970 3222 5022 ad
3259 4971 3496 5022 intimam
3524 4972 3642 5038 ejus
3674 4970 3778 5037 phi-

2189 5063 2482 5132 losophiam
2507 5080 2610 5117 non
2635 5061 3009 5132 penetrabant,
3028 5062 3109 5115 vel
3143 5077 3266 5130 erga
3294 5061 3438 5114 illum
3467 5063 3605 5113 male
3628 5071 3782 5115 erant

2187 5153 2384 5218 allecti,
2411 5163 2464 5205 ut
2495 5165 2776 5221 protervus
2799 5161 2853 5207 et
2878 5165 3134 5220 arrogans
3181 5151 3488 5204 haberetur.
3536 5150 3614 5204 Ad
3646 5139 3781 5203 iram

2189 5263 2412 5314 pronum
2447 5245 2606 5299 luisse
2627 5244 2756 5299 dixit
2785 5244 2995 5313 quidam
3021 5243 3192 5315 (Socr.
3217 5245 3256 5297 ι.
3288 5243 3342 5298 G.
3374 5260 3421 5296 c.
3455 5243 3548 5312 '5);
3579 5243 3670 5296 sed
3713 5258 3778 5297 ex

2188 5355 2370 5394 eorum
2397 5353 2619 5392 ntuncro
2650 5338 2735 5390 ille
2761 5345 2862 5398 est,
2894 5337 2980 5406 qui
3008 5335 3072 5390 ad
3113 5334 3310 5404 judicia
3352 5335 3522 5404 probe
3564 5333 3781 5387 ferenda

2190 5449 2294 5485 linit
2320 5428 2667 5491 assnel'actus,
2701 5427 2960 5482 fervorem
2995 5427 3045 5480 in
3081 5426 3238 5480 rebus
3264 5425 3460 5478 divinis
3487 5435 3544 5477 ut
3574 5425 3785 5476 iracun-

2189 5522 2328 5574 diam
2369 5520 2632 5574 hahuerit.
2661 5520 2732 5572 De
2754 5521 2933 5571 animo
2963 5517 3078 5586 ejus
3109 5515 3173 5569 ad
3207 5515 3338 5568 iram
3384 5516 3573 5585 magis,
3623 5531 3785 5583 quam

2193 5614 2257 5669 ad
2286 5613 2654 5668 verceumliani
2687 5629 2874 5681 prono,
2897 5609 2997 5666 hoc
3022 5625 3084 5664 cx
3114 5608 3332 5661 alterius
3365 5607 3673 5662 testimonio
3700 5622 3781 5664 re.
