4110 6148
277 374 345 435 85
601 378 616 389 ’
1446 363 1626 423 NUNC
1666 363 1924 423 PRIMUM
1965 364 2356 424 ADORNATA.
3490 371 3559 427 86

278 486 375 542 iurt
400 482 681 551 Socrates,
703 482 794 552 qui
823 480 997 553 pergit
1022 488 1080 537 et
1099 480 1175 535 ait
1203 497 1218 536 :
1253 498 1273 532 ι
1308 478 1374 535 Et
1399 479 1460 536 oi:
1504 482 1628 533 vitae
1667 480 1860 533 sancti-

278 577 510 631 moniam
538 589 646 629 non
672 574 744 627 ita
770 581 960 628 cautus
980 571 1124 627 circa
1145 571 1321 626 futura
1343 569 1441 637 ;ob
1470 568 1861 639 simplicitatem

279 680 402 721 vero
417 664 570 723 aditu
597 663 790 719 facilis.
820 661 1110 718 immodica
1151 663 1312 715 etiam
1358 659 1572 716 dicendi
1617 660 1864 714 libertate

279 759 331 813 in
358 755 644 826 colloquiis
672 754 938 816 utebatur.
957 752 1028 807 Et
1052 753 1104 806 in
1134 751 1375 808 docendo
1398 750 1612 821 quidem
1639 751 1862 805 multum

275 848 493 920 juvabal.
518 848 585 901 ad
609 845 976 901 informandus
998 843 1299 899 auditorum
1322 857 1498 898 mores
1513 859 1528 907 ;
1542 843 1594 896 in
1610 856 1863 910 congres-

278 941 421 994 sibus
440 953 570 993 vero
590 936 926 1007 arrogantior
949 934 1227 990 videbatur
1248 934 1311 987 iis
1336 933 1425 1004 qui
1442 933 1606 1002 ipsius
1627 932 1862 986 animum

277 1045 381 1086 non
409 1036 690 1084 noverant.
727 1045 748 1078 ι

347 1120 474 1175 Haec
520 1116 765 1175 fortassis
815 1114 1090 1171 acerbiora
1136 1115 1453 1169 videbuntur
1505 1128 1626 1170 esse
1669 1115 1734 1169 iis
1774 1114 1863 1184 qui

282 1209 649 1281 Cbrysostomi
671 1206 1029 1278 eloquentiam
1057 1216 1114 1261 et
1138 1207 1303 1262 animi
1331 1206 1747 1277 magnitudinem
1775 1206 1867 1260 mi-

278 1312 462 1358 rantur
480 1317 500 1356 ;
532 1314 718 1355 verum
747 1299 800 1353 in
826 1297 1026 1353 sanctis
1056 1297 1200 1351 illam
1227 1296 1417 1367 agendi
1447 1297 1757 1352 varietatem
1778 1296 1868 1350 ob-

281 1408 587 1451 servamus.
616 1391 722 1446 Alii
748 1405 978 1459 namque
1005 1389 1304 1444 divinarum
1341 1404 1519 1443 rerum
1562 1388 1738 1443 studio
1780 1388 1865 1442 in-

275 1486 447 1552 censi,
476 1499 584 1540 non
610 1481 789 1540 habita
815 1491 1117 1550 temporum
1164 1494 1621 1549 personarumque
1658 1480 1867 1533 ratione

276 1578 342 1633 ad
386 1591 570 1635 mores
608 1573 971 1629 informandus
1013 1571 1256 1627 feruntur
1295 1571 1569 1626 ardentius
1616 1587 1631 1624 :
1678 1570 1769 1625 alii
1809 1577 1869 1624 ut

277 1668 574 1725 dissolutos
595 1674 939 1734 compescant
966 1676 1145 1718 mores
1168 1661 1411 1718 doctrina
1449 1660 1609 1716 simul
1644 1669 1867 1716 utuntur

276 1770 331 1815 et
349 1768 490 1814 arte.

348 1848 608 1905 Oratoric
638 1847 739 1901 arti
769 1856 818 1900 et
843 1844 1181 1917 philosophia:
1199 1844 1285 1898 dat
1306 1860 1534 1914 operam.
1565 1870 1617 1884 -ι-
1664 1843 1722 1897 in
1749 1842 1865 1897 elo-

275 1941 497 2011 quentia
538 1950 595 1994 et
628 1938 861 1994 oratoria
906 1947 1027 1992 arte
1041 1937 1313 1991 doctorem
1344 1935 1531 1989 habuit
1564 1934 1863 2000 Libanium,

274 2037 329 2092 in
354 2032 695 2106 philosophia
725 2046 857 2087 vero
894 2029 1340 2100 Andragathium,
1368 2037 1621 2083 narrante
1646 2026 1866 2082 Socrate

276 2124 523 2198 (Pallad.
548 2141 602 2193 ρ.
633 2121 759 2176 240.
811 2121 959 2176 Socr.
990 2120 1029 2174 ι.
1062 2119 1116 2186 6,
1145 2135 1192 2173 c.
1224 2117 1303 2189 5).
1337 2118 1486 2174 Licet
1512 2133 1674 2188 porro
1710 2127 1836 2173 ante

270 2233 441 2289 quam
480 2216 800 2287 vigesimum
850 2228 1048 2272 annum
1087 2211 1373 2282 attigisset,
1423 2209 1490 2265 de
1539 2209 1865 2281 capessenda

272 2312 385 2373 vita
411 2308 708 2363 mouastica
730 2320 878 2376 sat-pe
896 2305 1175 2375 cogitaret,
1217 2303 1496 2368 abductus,
1537 2313 1598 2359 ut
1635 2302 1863 2369 videtur,

269 2404 341 2458 ab
361 2400 617 2455 oratoriae
648 2401 786 2453 .artis
833 2407 887 2452 et
932 2395 1284 2467 philosophiae
1334 2394 1531 2461 studio,
1578 2394 1866 2450 theatrales

270 2493 438 2548 ludos
459 2491 801 2561 frequentare
818 2488 1003 2557 coepit,
1030 2496 1087 2541 et
1114 2487 1167 2540 in
1218 2486 1335 2540 foro
1362 2485 1656 2540 oratoriam
1694 2494 1866 2539 artem

268 2585 541 2651 exemuit.
574 2581 997 2637 Declamationes
1020 2578 1205 2634 habuit
1245 2578 1439 2633 multas
1490 2576 1646 2648 (Isid.
1691 2576 1863 2634 Peius.

269 2678 362 2735 lib.
387 2677 450 2733 2.
475 2676 627 2745 epist.
656 2673 770 2741 42)
799 2714 815 2739 ,
841 2686 1110 2741 unamque
1137 2671 1281 2725 misit
1308 2671 1531 2726 Libanio
1576 2671 1628 2725 in
1658 2669 1864 2724 laudem

268 2771 666 2839 imperatorum
691 2764 1086 2830 concinnatam,
1125 2777 1284 2832 quam
1324 2761 1397 2816 ita
1433 2761 1669 2817 celebrat
1709 2760 1868 2815 Libav

267 2863 398 2917 nius
432 2878 446 2913 :
485 2878 506 2911 ι
537 2857 674 2915 Cum
702 2871 952 2926 magnam
981 2864 1124 2909 tuam
1152 2861 1207 2909 et
1229 2853 1529 2924 elegantem
1568 2853 1867 2907 orationem

265 2953 636 3023 accepissem,
663 2951 792 3004 viris
810 2948 1127 3020 quibusdam
1153 2962 1272 3002 eam
1298 2946 1433 3017 legi,
1473 2945 1562 3015 qui
1603 2944 1867 2999 orationi-

267 3049 375 3106 bus
408 3048 542 3104 dant
564 3059 784 3115 operam
815 3061 828 3097 :
857 3057 1085 3113 quorum
1113 3040 1295 3095 nullus
1314 3045 1433 3095 erat
1458 3040 1547 3110 qui
1576 3055 1681 3093 non
1709 3038 1870 3093 salta-

264 3148 377 3201 ret,
411 3136 708 3190 clamorem
730 3132 1122 3201 ederet,eaque
1140 3130 1323 3185 omnia
1344 3128 1565 3193 faceret,
1607 3143 1727 3197 qua:
1774 3127 1872 3181 bo-

264 3230 455 3284 mines
484 3225 851 3281 admiratione
872 3221 1100 3293 perculsi
1126 3220 1304 3276 facere
1331 3220 1523 3275 solent.
1552 3218 1670 3288 Ego
1713 3217 1870 3288 igitur

260 3321 558 3389 voluptate
581 3316 802 3371 aﬂ'ectus
822 3330 963 3377 sum,
990 3313 1135 3384 quod
1159 3312 1226 3367 ad
1252 3310 1520 3366 forensem
1562 3318 1732 3364 artem
1776 3324 1871 3363 ex-

258 3413 571 3471 hibendam
602 3406 1088 3465 demonstrationes
1135 3418 1348 3474 quoque
1388 3401 1665 3472 adjnngas.
1709 3399 1885 3470 Atqui.

257 3516 321 3562 et
354 3515 418 3559 te
437 3503 653 3558 beatum
682 3498 939 3570 praedico,
958 3497 1047 3567 qui
1095 3495 1164 3551 ad
1208 3495 1350 3549 hunc
1384 3493 1602 3549 modum
1652 3490 1871 3546 laudare

255 3608 481 3668 queas;
513 3595 747 3663 itemque
769 3605 875 3646 eos
888 3589 976 3660 qui
1006 3588 1164 3643 talem
1194 3600 1498 3657 pneconem
1526 3585 1668 3640 nacti
1712 3593 1868 3648 sunt;

259 3690 381 3744 hoc
410 3693 498 3740 est
517 3692 574 3739 et
602 3690 831 3752 patrem,
859 3681 948 3751 qui
974 3678 1261 3748 Imperium
1289 3674 1458 3742 dedit,
1505 3686 1558 3730 et
1605 3675 1740 3730 tilios
1780 3676 1871 3744 qui

256 3784 628 3848 acceperunt.
665 3792 686 3826 ι

338 3866 544 3935 Neque
570 3862 767 3920 mirum
792 3860 1057 3916 videbitur
1101 3860 1166 3914 iis
1210 3859 1300 3929 qui
1345 3858 1432 3914 vel
1481 3858 1871 3927 extemporales

252 3942 659 4028 Chrysostomi
684 3951 855 4008 nostri
880 3951 1150 4007 orationes
1176 3949 1397 4005 laudant
1423 3958 1478 4004 et
1504 3948 1794 4011 celebrant,
1824 3947 1870 4002 si

255 4047 457 4103 oratio
480 4042 695 4108 istbzec,
722 4057 879 4113 quam
901 4050 1018 4096 arte
1052 4049 1107 4095 et
1132 4040 1436 4095 urbanitate
1461 4038 1758 4101 limaverat,
1783 4036 1873 4090 Li-

1979 495 2045 541 ne
2070 481 2195 550 quid
2238 481 2291 536 in
2338 481 2517 537 studio
2554 481 2953 555 disciplinarum
3003 495 3150 543 retro
3201 468 3556 558 relinqueret;

1972 571 2210 638 atquein
2242 571 2341 626 ista
2371 571 2503 627 urbe
2543 573 2615 627 ita
2655 573 2967 645 profecisse,
3010 584 3068 629 ut
3110 590 3297 631 omnes
3338 579 3558 633 omnino

1970 672 2270 730 superaret,
2290 678 2342 716 In
2362 677 2528 733 seque
2543 664 2836 719 concitaret
2851 665 3255 723 Atheniensium
3283 668 3554 725 invidiam.

1970 752 2169 809 Verum
2201 753 2313 809 haec
2344 762 2525 815 narrat
2549 770 2684 811 unus
2712 756 2800 812 ille
2827 756 3085 828 Georgius
3102 757 3379 829 fabulator,
3398 776 3557 831 quem

1918 886 1921 891 .
1971 852 2153 899 monet
2192 844 2413 900 Photius
2459 846 2679 900 omnino
2725 845 3125 916 deSpiciendum
3169 863 3309 916 esse,
3346 851 3558 920 quando
3624 902 3627 907 .

1970 937 2173 993 scilicet
2196 954 2258 994 ea
2289 938 2597 1007 refert,qu:e
2612 954 2642 992 a
2662 939 2870 994 caeteris
2889 939 3238 1017 scriptoribus
3257 957 3371 997 awo
3383 940 3556 1013 Chry-

1970 1028 2189 1082 sostomi
2217 1029 2492 1105 proximis,
2516 1044 2622 1083 non
2651 1038 3033 1085 memorantur.

2044 1121 2088 1172 Α
2114 1118 2306 1174 Basilio
2325 1122 2511 1192 juvene
2531 1121 2599 1175 ad
2622 1123 2855 1193 pietatem
2877 1123 3144 1192 pristinam
3184 1132 3459 1182 revocatur.
3488 1155 3559 1167 —-
3639 1186 3647 1191 θ

1973 1211 2100 1267 Erat
2127 1228 2286 1283 porro
2313 1213 2388 1268 illi
2419 1230 2538 1268 cum
2563 1214 2757 1284 juvene
2781 1214 3030 1284 quodam,
3067 1215 3153 1271 cui
3180 1230 3373 1273 nomen
3402 1215 3556 1272 Basi-

1973 1303 2093 1368 lius,
2119 1314 2262 1358 areta
2294 1304 2682 1375 colloquiorum
2713 1306 2940 1360 societas
2980 1304 3090 1375 (De
3110 1305 3404 1364 Sacerdotia
3431 1305 3472 1362 Ι.
3504 1309 3557 1360 l.

1977 1413 2024 1449 ε.
2053 1397 2109 1466 4)
2140 1412 2155 1450 :
2183 1396 2272 1466 qui
2303 1396 2532 1452 Basilius
2558 1396 2876 1453 Christianis
2903 1398 3136 1453 imbutus
3161 1400 3472 1471 prmceptis,
3503 1409 3561 1463 et

1970 1486 2035 1543 ad
2067 1486 2355 1559 perfectius
2375 1489 2498 1544 vitae
2523 1504 2689 1559 genus
2721 1489 2998 1553 anhelans,
3024 1489 3090 1545 ad
3116 1505 3295 1561 parem
3323 1491 3443 1551 vitae
3468 1506 3556 1553 ra-

1969 1577 2169 1633 tionem
2197 1577 2455 1634 Joannem
2481 1581 2709 1640 amicum
2735 1581 2952 1645 allicere
2975 1588 3034 1636 et
3058 1597 3086 1634 a
3124 1580 3245 1640 foro
3281 1581 3558 1639 retrahere

1971 1669 2363 1728 contendebat:
2386 1671 2706 1743 domumque
2731 1672 2782 1726 id
2811 1672 2950 1742 quod
2975 1672 3559 1744 cupiebatasseqnutus

1970 1770 2053 1818 est
2083 1762 2314 1835 (Sozam.
2342 1762 2433 1818 lib.
2487 1763 2540 1821 8.
2573 1780 2619 1817 c.
2650 1761 2731 1835 2).
2764 1762 2931 1833 Hujus
2962 1764 3105 1821 enim
3152 1764 3431 1835 colloquiis
3464 1779 3554 1820 re-

1970 1864 2182 1909 creatus
2209 1854 2442 1919 Joannes
2459 1870 2519 1911 se
2545 1858 2610 1910 ad
2636 1855 2860 1930 pristina
2894 1855 3102 1925 pietatis
3136 1855 3309 1910 studia
3339 1870 3557 1912 revoca-

1969 1945 2046 1999 vit
2077 1944 2251 2017 (Socr.
2275 1945 2312 1999 ι.
2342 1945 2395 2000 6.
2427 1961 2475 1998 c.
2501 1945 2558 2016 3)
2587 1962 2599 1999 :
2629 1958 2691 1999 ac
2730 1952 2931 1999 mutata
2957 1952 3103 2000 veste
3127 1959 3157 1999 a
3186 1945 3301 2000 foro
3334 1953 3388 2018 et
3430 1960 3557 2000 ora-

1972 2036 2124 2091 toria:
2150 2036 2282 2091 artis
2309 2036 2576 2091 exercitiis
2603 2034 2876 2102 abstinuit,
2903 2034 3295 2107 lectionemque
3319 2034 3558 2106 Scriptu-

1971 2140 2148 2183 rarum
2190 2135 2246 2182 et
2281 2126 2595 2184 Christiana:
2628 2126 2750 2185 vita:
2776 2124 2948 2180 ofﬁcia
2976 2125 3271 2197 amplexus,
3314 2133 3556 2183 sanctum

1970 2218 2267 2289 disciplima
2313 2233 2517 2289 genus,
2559 2232 2588 2273 a
2626 2232 2732 2289 quo
2768 2231 3054 2287 numquam
3100 2225 3283 2289 postea
3327 2214 3556 2283 destitit,

1972 2312 2106 2368 inire
2133 2312 2316 2383 erepit.
2380 2312 2392 2322 ’

2041 2403 2341 2475 Baptizatur
2385 2412 2431 2458 et
2476 2401 2654 2458 Lector
2695 2403 2958 2462 ordinatur
3003 2417 3137 2462 anno
3178 2400 3377 2458 circiter
3426 2400 3552 2457 569.

1971 2495 2173 2550 —-E.rat
2195 2505 2321 2550 tunc
2347 2493 2638 2550 Antiochia:
2664 2493 2944 2564 episcopus
2962 2488 3197 2552 Mcle'ius
3220 2489 3389 2565 (Ραιι.
3406 2491 3552 2547 Dial.

1974 2607 2028 2661 p.
2056 2588 2151 2645 40.
2174 2586 2289 2661 ll),
2322 2588 2401 2643 vir
2426 2587 2705 2645 sanctitate
2724 2586 3064 2655 conspicuus,
3089 2584 3177 2655 qui
3208 2600 3327 2639 cum
3357 2584 3560 2640 videret

1971 2680 2230 2736 Joannem
2256 2679 2504 2750 juvenem
2542 2677 2755 2748 ingenio
2777 2685 2835 2732 et
2860 2676 3071 2747 egregia
3110 2674 3289 2730 indole
3330 2674 3554 2745 pollere,

1972 2771 2145 2841 ipsum
2165 2770 2233 2825 ad
2259 2770 2583 2825 consortium
2613 2778 2666 2824 et
2693 2767 2955 2837 colloquia
2989 2782 3084 2822 sua
3114 2766 3418 2837 frequenter
3460 2766 3560 2820 ad~

1972 2860 2236 2928 mittebat,
2259 2876 2484 2931 eumque
2505 2858 2572 2915 de
2593 2858 2684 2913 illo
2707 2873 2949 2929 magnam
2978 2873 3127 2927 spem
3148 2858 3474 2926 conciperet,
3496 2871 3560 2910 ac

1974 2951 2308 3025 prophetico,
2345 2961 2403 3005 ut
2447 2952 2615 3016 aiunt,
2661 2949 2849 3020 Spiritu
2888 2947 2953 3003 ad
2996 2947 3196 3019 majora
3237 2947 3558 3005 destinatum

1975 3053 2355 3116 pramosceret,
2373 3057 2492 3098 cum
2521 3057 2616 3112 pCl‘
2641 3050 2752 3095 tres
2779 3053 2946 3093 annos
2981 3052 3161 3094 secum
3189 3047 3428 3092 versatus
3467 3051 3558 3098 CS-

1974 3144 2075 3201 set,
2107 3137 2277 3206 ipsum
2306 3134 2452 3205 prius
2479 3148 2631 3187 sacro
2652 3131 2866 3191 lavacro
2890 3130 3111 3185 tinctum
3141 3129 3388 3186 lectorem
3418 3129 3561 3193 ordi-

1976 3228 2141 3281 navit.
2194 3226 2478 3294 Postquam
2521 3231 2698 3277 autem
2749 3220 3071 3290 baptismum
3116 3218 3339 3287 aet-cpit,
3393 3218 3562 3288 inquit

1975 3313 2262 3380 Palladius,
2304 3326 2589 3382 numquam
2629 3310 2713 3365 vel
2761 3308 2978 3380 iuravit,
3025 3308 3105 3362 vel
3144 3307 3366 3376 alicujus
3405 3305 3561 3374 fatua:

1974 3407 2222 3473 detraxit,
2252 3405 2335 3461 vel
2362 3405 2634 3474 mentitus,
2656 3404 2738 3458 vel
2758 3382 3090 3472 imprecatus
3114 3409 3213 3467 cst,
3235 3401 3315 3463 vel
3343 3400 3560 3465 facetias

1976 3499 2203 3554 libenter
2224 3496 2432 3565 excepit
2459 3493 2621 3565 (Ραιι.
2647 3493 2784 3548 Dial.
2815 3511 2869 3563 ρ.
2904 3491 3204 3561 $5,184).

2049 3591 2183 3646 Dum
2216 3588 2390 3643 Basilii
2421 3588 2581 3663 igitur
2604 3586 2875 3641 consortio
2914 3584 3163 3655 frequens
3200 3584 3465 3648 frueretur
3506 3594 3561 3646 et

1974 3683 2134 3738 ambo
2158 3680 2226 3737 de
2254 3681 2415 3736 rebus
2438 3679 2630 3740 divinis
2672 3677 2933 3756 colloquia
2979 3678 3263 3740 miscerent
3301 3676 3414 3748 (De
3454 3676 3563 3732 Sa-

1975 3773 2199 3825 cerdoh‘o
2224 3770 2312 3825 tib.
2346 3770 2423 3841 l),
2455 3783 2518 3824 ac
2545 3768 2777 3824 Joannes
2799 3784 2828 3822 a
2856 3768 2969 3822 foro
2996 3777 3050 3823 et
3094 3768 3438 3827 Saecularibus
3465 3783 3562 3837 pe-

1976 3865 2119 3918 nitus
2144 3863 2466 3929 abstractus,
2496 3876 2658 3916 unum
2686 3859 2937 3919 Basilium
2962 3860 3419 3931 frequentaret,ac
3437 3875 3561 3921 cum

1979 3957 2070 4012 illo
2098 3958 2166 4013 dc
2185 3957 2378 4012 divinis
2402 3970 2617 4025 semper
2642 3962 2695 4010 et
2717 3953 2785 4009 de
2812 3953 2918 4007 vita
2954 3952 3248 4013 monastica
3277 3952 3436 4013 verba
3485 3950 3563 4007 fa-
3612 3951 3616 3955 '

1976 4056 2141 4115 ceret,
2164 4048 2410 4114 Basilius,
2436 4047 2523 4118 qui
2549 4049 2666 4103 sine
2691 4044 2894 4104 Joanne
2919 4059 3021 4098 non
3038 4043 3252 4105 vitalem
3276 4043 3375 4100 sibi
3397 4043 3563 4105 vitam

252 4137 446 4193 banio
482 4133 803 4202 erit-terisque
827 4131 1132 4187 oratoribus
1168 4131 1240 4184 ita
1270 4128 1545 4200 placuerit.
1574 4127 1629 4182 in
1658 4127 1722 4181 iis
1745 4142 1873 4183 vero

252 4230 472 4292 etiam,
508 4239 645 4295 quas
672 4221 851 4279 studio
874 4222 1043 4278 multo
1085 4221 1388 4285 concinnat,
1432 4218 1574 4274 nulla
1621 4232 1873 4287 umquam

246 4320 523 4392 suspicio
544 4316 896 4389 apparitionis
913 4322 969 4371 et
982 4312 1592 4385 artiliciosmdiligentim
1611 4313 1869 4382 nascitur,
1900 4348 1905 4357 λ

247 4412 425 4486 quod
445 4419 537 4467 est
555 4410 785 4465 oratoris
811 4408 1008 4464 summi
1036 4421 1252 4462 munus.

332 4504 488 4572 Qme
512 4514 645 4555 vero
664 4508 846 4554 narrat
863 4497 1285 4571 Cbrysostemus
1305 4496 1360 4552 iu
1387 4496 1527 4552 libro
1549 4497 1616 4551 ad
1648 4496 1871 4551 Viduam

242 4594 557 4665 iuniorem
582 4590 651 4646 Τ.
696 4586 742 4654 ι,
779 4588 886 4643 col.
922 4591 1050 4653 80!,
1076 4589 1146 4644 de
1180 4588 1406 4645 Libanio
1447 4588 1630 4645 forsan
1676 4589 1874 4644 intelle-

241 4682 457 4754 genda
482 4680 788 4736 videantur.
816 4680 905 4734 Ait
939 4679 1031 4734 ille
1051 4678 1327 4735 doctorem
1361 4693 1538 4746 suum,
1569 4679 1660 4749 qui
1688 4677 1875 4734 admo-

240 4776 409 4831 dum
439 4772 848 4843 superstitiosus
866 4781 985 4827 erat
1017 4781 1181 4842 atque
1219 4771 1460 4842 gentilis,
1491 4770 1751 4841 quosdam
1794 4772 1874 4826 in-

244 4875 593 4936 terrogasse
621 4864 900 4934 cujusnam
925 4862 1064 4918 illius
1087 4872 1230 4918 esset
1269 4861 1523 4918 Joannes.
1565 4862 1876 4932 Responde-
1904 4886 1911 4899 ν

238 4966 409 5013 runt
434 4954 539 5020 illi,
572 4953 759 5008 Vidua:
783 4953 1061 5024 cujusdam
1090 4968 1211 5008 esse
1232 4951 1419 5007 illium.
1448 4951 1584 5008 Tum
1606 4951 1698 5008 ille
1721 4967 1872 5022 quac—

236 5050 426 5113 sivit,
454 5044 613 5115 cujus
635 5046 811 5101 aetatis
831 5054 975 5101 esset
1020 5054 1213 5109 mater,
1239 5053 1297 5100 et
1319 5059 1349 5098 a
1389 5052 1589 5114 quanto
1633 5053 1875 5114 tempore
1908 5062 1911 5067 ·

232 5141 440 5196 vidua
470 5144 640 5193 esset.
665 5136 949 5207 Beponunt
976 5136 1052 5191 illi
1087 5135 1435 5206 quadraginta
1462 5150 1726 5190 annorum
1753 5150 1872 5191 esse

231 5240 537 5293 matrem,
574 5238 630 5284 et
662 5228 775 5299 jam
822 5228 1137 5297 vigesimum
1175 5227 1447 5282 viduitatis
1473 5242 1669 5281 anitum
1692 5242 1869 5298 agere.

224 5324 436 5379 Tunc
483 5319 752 5374 exclamat
798 5318 893 5373 ille
933 5318 1166 5388 :Papm,
1209 5317 1396 5387 quales
1433 5318 1684 5372 mulieres
1734 5317 1874 5387 apud

224 5414 619 5473 Christianos
646 5413 807 5466 sunt!
830 5411 1024 5476 Tanta,
1075 5410 1249 5481 pergit
1297 5410 1736 5481 ChrysOstomus,
1766 5425 1870 5464 non

222 5506 445 5565 lnodo
471 5506 611 5574 apud
641 5520 764 5571 nos,
791 5505 886 5561 sed
939 5506 1101 5560 etiam
1148 5502 1289 5575 apud
1332 5503 1560 5574 gentiles
1602 5503 1873 5558 viduitatis

221 5607 389 5661 laus
428 5610 509 5654 est
536 5609 592 5655 et
611 5598 916 5653 admiratio.

320 5691 546 5747 Narrat
573 5689 842 5759 Georgius
880 5689 1301 5754 Alexandrinus,
1328 5688 1588 5744 Joannem
1631 5696 1871 5743 nostrum

214 5782 500 5857 juvenili
528 5790 692 5839 :ctate
734 5780 1039 5845 ﬂorentem,
1066 5781 1303 5836 Athenas
1341 5796 1401 5835 se
1449 5782 1758 5850 contulisse,
1804 5790 1860 5836 ut

622 5898 900 5965 Ρᾼτιιοι.
949 5897 1065 5957 Gn.
1115 5898 1364 5966 XLVII.
2100 5970 2103 5979 Ι
2168 5968 2176 5979 ι
2284 5970 2289 5977 ι
3199 5887 3239 5952 9

1977 4156 2097 4197 esse
2124 4140 2363 4212 putabat,
2391 4150 2445 4195 et
2464 4139 2553 4209 qui
2575 4138 2768 4209 smpius
2788 4139 2856 4193 ab
2884 4136 2999 4211 ejus
3013 4136 3378 4217 contubernio
3403 4135 3561 4191 avelli

1977 4231 2285 4301 cogebatur,
2312 4228 2504 4285 Joanni
2526 4228 2818 4299 proposuit,
2849 4236 2909 4282 ut
2936 4228 3092 4283 ambo
3118 4227 3349 4302 paternis
3366 4227 3564 4282 relictis

1977 4322 2199 4384 aedibus,
2232 4320 2283 4373 in
2313 4318 2566 4389 peculiari
2591 4319 2818 4387 quadam
2846 4317 3008 4372 domo
3028 4318 3183 4379 sedes
3205 4326 3488 4396 ponerent,
3509 4327 3566 4373 et

1977 4411 2135 4467 simul
2164 4411 2329 4465 vitam
2366 4408 2626 4464 ducerent
2652 4408 2960 4469 monasticae
2987 4408 3238 4472 similem.
3267 4407 3558 4463 Consiliinn

1981 4502 2191 4558 tandem
2221 4499 2465 4572 probavit
2486 4498 2752 4563 Joannes;
2794 4496 2886 4565 sed
2932 4511 2991 4556 re
3034 4506 3305 4567 comperta
3346 4496 3565 4552 Joannis

1979 4603 2169 4661 mater,
2189 4609 2307 4664 qua:
2329 4592 2541 4647 unicum
2572 4588 2739 4654 lilium
2767 4587 3053 4644 admodum
3073 4588 3345 4659 diligebat,
3386 4590 3559 4659 ipsum
3582 4632 3585 4637 .

1979 4685 2208 4756 profusis
2232 4683 2483 4754 lacrymis
2512 4680 2704 4737 obnixe
2735 4688 2981 4757 precatur
3017 4696 3085 4736 ne
3110 4679 3427 4747 se‘deserat,
3461 4696 3591 4736 nec.

1979 4790 2038 4832 se
2054 4775 2228 4831 viduae
2250 4784 2304 4831 et
2330 4783 2437 4829 tam
2465 4775 2602 4837 bene
2627 4772 2828 4828 affectae
2859 4773 3044 4827 matris
3073 4771 3396 4827 consortium
3414 4774 3565 4828 alteri

1981 4875 2282 4937 postponat,
2313 4865 2376 4919 iis
2405 4880 2497 4919 usa
2524 4863 2722 4929 verbis,
2754 4879 2872 4934 qure
2899 4862 3312 4935 Chrysostomus
3342 4863 3453 4933 ipse
3479 4881 3558 4920 re-
3588 4921 3593 4927 ,

1981 4957 2102 5020 fert,
2126 4971 2350 5026 quaeque
2372 4955 2669 5024 potuissent
2690 4953 2940 5024 juvenem
2967 4952 3175 5009 Joanne
3211 4953 3389 5010 minus
3430 4954 3570 5011 bene

1980 5047 2228 5103 allectum
2257 5061 2286 5101 a
2333 5046 2610 5118 proposito
2654 5060 2926 5102 revocare.
2977 5045 3160 5100 Matris
3202 5046 3381 5117 itaque
3429 5047 3571 5116 votis

1980 5140 2356 5210 obtemperans
2381 5138 2637 5201 Joannes;
2659 5152 2779 5192 cum
2811 5137 2898 5191 illa
2924 5152 3019 5206 pro
3050 5152 3198 5192 more
3222 5153 3323 5192 suo
3350 5140 3560 5205 niausit.

1981 5321 2081 5377 bus
2112 5322 2393 5392 (Anthusa
2422 5323 2617 5390 quippe
2673 5334 2786 5374 rem
2829 5319 3143 5374 familiarem
3171 5333 3384 5389 omnem
3415 5334 3561 5388 cura-

1983 5412 2132 5483 bat),
2162 5411 2395 5466 Joannes
2418 5411 2615 5465 divina:
2647 5418 2850 5464 tantum
2881 5407 3232 5489 philosophize
3256 5409 3412 5477 datm
3441 5425 3559 5486 ρμι.

1981 5520 2093 5559 ram
2114 5544 2129 5568 ,
2162 5516 2356 5572 corpus
2382 5515 2656 5555 maceratis
2700 5499 2947 5569 jejuniis,
2992 5497 3203 5569 vigiliis,
3235 5498 3386 5568 humi
3422 5514 3573 5554 recut-

1979 5598 2114 5651 bans
2132 5637 2146 5661 ,
2177 5610 2369 5666 pravos
2407 5593 2626 5648 allectus
2663 5607 2852 5647 onmes
2876 5592 3156 5655 eliminatis
3175 5633 3191 5659 ,
3218 5609 3367 5660 vanu:
3388 5592 3571 5660 glorias

1982 5690 2183 5744 fumum
2216 5686 2500 5757 ,depellcns
2537 5694 2589 5740 et
2632 5683 2915 5753 dissipans.
2944 5682 3162 5761 Lingua:
3204 5698 3330 5751 vero
3356 5697 3422 5735 no
3442 5680 3570 5750 quid

1983 5786 2165 5833 contra
2215 5776 2510 5845 proximum
2575 5774 2696 5829 mali
2746 5773 3040 5840 proferret,
3086 5773 3322 5841 perpetui
3374 5767 3567 5833 silentii

2056 5231 2110 5286 In
2138 5240 2377 5286 materna
2399 5230 2574 5300 itaque
2599 5229 2760 5284 domo
2783 5246 2813 5283 a
2837 5230 3060 5299 negotiis
3084 5245 3276 5286 vacans
3300 5232 3560 5301 smcutari.
3663 5259 3681 5265 μ
