4110 6148
475 384 543 443 d7
1558 378 1614 436 8.
1646 377 1925 435 JOANNIS
1962 375 2438 435 CHRYSDS'I‘OMI
2480 376 2659 443 VITA,
3682 374 3749 430 83

474 508 701 554 Claustra
756 502 1033 567 posuerat;
1103 493 1367 550 neminem
1419 494 1617 565 quippe
1668 493 2053 563 alloquebatur.

479 588 613 643 llinc
641 585 776 656 apud
804 584 1083 640 nonnullos
1111 584 1290 654 opinio
1314 592 1428 640 erat
1453 598 1698 654 asperum
1730 584 1874 638 illum
1901 599 2020 639 esse
2043 625 2059 649 ,

476 676 562 747 qui
590 679 873 729 htnnanam
911 673 1204 744 quamlibet
1247 673 1554 729 societatem
1585 674 1823 744 lugeret:
1855 688 1917 727 ac
1941 688 2061 728 cum

477 766 668 820 similia
699 764 912 836 quidam
941 763 1104 819 multa
1133 762 1429 835 proferrent
1455 773 1510 819 et
1538 779 1750 820 rumore
1778 765 1962 819 nuntio
2010 763 2062 817 id

480 856 566 911 ille
598 870 700 909 non
728 856 1014 926 ignoraret,
1042 854 1180 909 haud
1208 855 1429 909 libenter
1456 854 1611 909 talem
1635 854 1702 909 de
1726 868 1784 909 se
1811 854 2066 923 suspicio.

479 962 598 1001 nem
632 947 810 1001 ltaberi
842 947 1101 1017 comperit
1141 963 1156 999 :
1195 946 1378 1001 maluit
1406 958 1579 1002 tamen
1610 947 1794 1001 eadem
1847 961 2064 1017 pergere

480 1039 560 1093 via
589 1039 1029 1109 soiitudinemquc
1056 1053 1151 1109 pro
1196 1054 1344 1094 more
1391 1039 1570 1094 colere
1614 1055 1628 1091 :
1674 1049 1924 1108 expertus
1954 1037 2063 1092 ior-

483 1140 627 1186 tasse
651 1171 668 1197 ,
697 1128 823 1185 dum
868 1130 920 1183 in
951 1128 1066 1183 fore
1093 1142 1394 1184 versaretur
1416 1170 1430 1195 ,
1484 1129 1570 1185 vix
1605 1144 1761 1200 posse
1789 1129 2063 1184 hominum

480 1220 751 1277 consortio
778 1220 1161 1291 colloquiisque
1186 1218 1480 1288 fruentem,
1513 1220 1566 1276 in
1596 1221 1684 1275 illa
1711 1220 1919 1275 virtutis
1946 1223 2026 1275 via
2046 1259 2062 1285 ,

482 1326 637 1382 quam
665 1311 777 1381 ipse
801 1312 1075 1383 amplexus
1099 1320 1233 1377 erat,
1259 1313 1374 1366 sine
1401 1313 1547 1384 lapsu
1578 1313 1841 1383 progredi.

556 1401 740 1472 Neque
763 1412 939 1457 tamen
964 1402 1035 1457 ita
1061 1411 1420 1473 sequestratus
1443 1412 1557 1459 erat
1583 1404 1650 1459 ab
1680 1404 1952 1459 hominum
1982 1419 2070 1458 so-

484 1493 698 1558 cietate,
730 1502 787 1548 ut
814 1493 1082 1549 sodalibus
1107 1503 1160 1549 et
1188 1494 1373 1549 amicis
1399 1494 1642 1549 omnibus
1691 1494 2070 1550 intercluderet

488 1585 712 1640 aditum.
743 1585 990 1640 Basilium
1037 1586 1177 1640 enim
1203 1626 1217 1651 ,
1264 1585 1354 1657 qui
1386 1601 1481 1656 par
1523 1586 1726 1641 vivendi
1776 1587 2069 1640 institutum

485 1675 817 1739 sectabatur,
846 1675 912 1730 ad
959 1674 1248 1745 colloquia,
1279 1685 1336 1731 ut
1365 1675 1591 1732 vidimus
1610 1716 1624 1740 ,
1650 1675 1953 1744 frequenter
1977 1675 2073 1731 ad-

491 1766 755 1820 mittebat.
782 1764 965 1836 Neque
990 1782 1206 1835 prorsus
1233 1767 1529 1838 negligebat
1554 1767 1763 1823 sodales
1784 1768 1900 1824 illos
1919 1809 1935 1835 ,
1980 1767 2073 1839 qui

486 1855 673 1911 iisdem
689 1870 871 1910 secum
901 1856 1026 1911 olim
1053 1856 1346 1927 disciplinis
1369 1859 1538 1922 tincti,
1569 1859 1877 1914 saecularem
1909 1861 2070 1915 vitam

483 1948 946 2018 amplectebantur
968 1959 1020 2004 et
1050 1949 1348 2006 forensibus
1387 1953 1575 2008 studiis
1608 1952 1804 2009 dabant
1831 1969 2070 2024 operam.

486 2057 513 2089 ί
550 2038 815 2093 Persuasit
842 2040 1003 2105 enim,
1038 2041 1203 2112 inquit
1236 2041 1483 2100 Socrates
1512 2045 1704 2117 (Socr.
1735 2044 1773 2100 Ι.
1802 2045 1854 2103 6.
1886 2062 1933 2099 c.
1968 2046 2070 2117 5),

490 2125 779 2185 Theodoro
804 2139 856 2185 et
882 2129 1107 2186 Maximo
1126 2134 1499 2206 condiscipulis
1524 2137 1653 2201 suis,
1683 2138 1772 2209 qui
1820 2154 1927 2195 una
1952 2154 2072 2194 cum

484 2216 608 2286 ipso
638 2218 912 2276 Libanium
938 2225 1226 2293 sopitistam
1255 2227 1550 2294 audierant,
1580 2240 1636 2283 ut
1657 2230 1838 2286 relicta
1868 2231 2073 2302 profes-

482 2306 661 2372 sione,
684 2323 801 2379 qute
827 2311 953 2365 nillil
982 2323 1176 2380 praeter
1195 2325 1455 2385 quaestum
1478 2328 1759 2387 Spectarct,
1780 2321 2073 2391 simplicem

495 2397 670 2465 potius
712 2412 775 2453 ac
823 2408 1035 2457 tenuem
1081 2404 1245 2460 vitam
1287 2407 1753 2477 amplecterentur.
1810 2411 1944 2467 tEx
1992 2412 2076 2469 bis

495 2489 808 2546 Theodorus
829 2491 1164 2563 Mopsuestia:
1208 2498 1259 2551 in
1285 2496 1466 2553 Cilicia
1502 2501 1836 2570 postmodum
1863 2502 2073 2573 episco-

490 2593 594 2651 pus
622 2580 752 2646 fuit;
787 2582 1044 2640 Maximus
1085 2602 1214 2642 vero
1257 2588 1512 2646 Seleucia:
1560 2593 1611 2647 in
1662 2593 1876 2649 lsauria.
1927 2596 2077 2651 llnnc

497 2685 654 2737 porro
694 2672 973 2729 Maximum
1005 2676 1150 2731 illum
1198 2687 1347 2748 putat
1395 2680 1557 2738 fuisse
1586 2684 1954 2753 llertuautius,
1987 2688 2074 2757 qui

498 2758 862 2832 Chrysostomi
892 2768 1092 2822 amicus
1117 2777 1170 2823 et
1194 2769 1393 2842 collega
1419 2781 1552 2840 erat,
1578 2776 1771 2846 quique
1796 2777 2079 2832 conciona-

502 2850 658 2906 batur
681 2852 900 2912 alternis
923 2871 1043 2914 cum
1066 2859 1158 2915 illo
1182 2860 1406 2929 vicibus,
1432 2873 1493 2921 ut
1516 2864 1685 2925 fertur
1725 2866 1894 2924 Temo
1921 2871 2078 2926 tertio

493 2945 599 2999 cel.
624 2943 880 3011 225,226.
913 2948 1201 3006 Maximum
1233 2967 1446 3025 quoque
1471 2967 1733 3012 memorat
1758 2956 2081 3033 Clirysosto-

496 3050 615 3090 mus
634 3036 743 3091 sibi
771 3039 1001 3095 amicum
1034 3043 1086 3096 in
1119 3044 1344 3112 epistola
1374 3047 1601 3116 quadam
1618 3050 1683 3104 ad
1705 3049 2077 3124 Olympiadem

496 3128 583 3199 (Τ.
611 3130 664 3185 5.
688 3146 734 3186 c.
759 3130 882 3189 6l0.
911 3134 950 3189 ι.
971 3136 1047 3205 1).
1070 3136 1303 3194 Maximo
1320 3141 1480 3196 etiam
1502 3143 1601 3198 sibi
1627 3147 1803 3202 amico
1821 3151 2080 3218 episcopo

494 3221 711 3292 scripsit
746 3224 834 3280 ille
858 3223 944 3298 (Τ.
984 3228 1038 3284 ‘5.
1080 3245 1127 3283 c.
1168 3230 1323 3300 700).
1357 3231 1549 3289 Verum
1576 3250 1643 3291 an
1669 3237 1720 3291 iu
1745 3239 1807 3293 iis
1834 3240 1965 3295 locis
1996 3251 2080 3298 ter

492 3315 635 3405 idem
653 3330 1001 3389 metueretur,
1020 3337 1087 3376 an
1106 3339 1253 3387 vero,
1273 3326 1315 3380 si
1336 3327 1518 3397 plures
1534 3333 1660 3393 sint,
1678 3349 1869 3390 eorum
1884 3334 2079 3405 aliquis

503 3403 596 3461 ille
621 3406 691 3461 sit
717 3408 785 3464 de
809 3426 914 3480 quo
939 3411 1050 3481 jam
1071 3415 1279 3485 agitur,
1309 3420 1516 3474 nonnisi
1554 3419 1840 3476 divinando
1867 3403 2083 3494 dicipo-

505 3502 645 3551 test:
669 3499 822 3554 multi
849 3501 1042 3571 quippe
1072 3514 1196 3561 tunc
1220 3515 1372 3563 erant
1400 3510 1611 3564 nomine
1635 3510 1866 3566 Maximi.

576 3584 820 3657 Epistolas
835 3592 904 3644 ad
926 3590 1241 3649 Theodorum
1267 3597 1484 3666 lapsum.
1505 3629 1567 3640 —
1604 3601 1914 3657 Theodorus
1934 3618 2080 3672 vero,

511 3675 601 3744 qui
628 3676 886 3735 suadente
906 3679 1136 3749 Joanne,
1160 3685 1420 3741 abdicatis
1444 3687 1602 3743 rebus
1627 3688 1941 3758 forensibus,
1975 3694 2086 3763 pie-

510 3764 632 3820 tatis
657 3768 922 3825 exercitiis
945 3784 1065 3829 sese
1091 3782 1257 3829 totum
1280 3776 1575 3846 dediderat,
1603 3780 1653 3834 in
1681 3784 1949 3852 proposito
1978 3799 2084 3841 non

509 3855 600 3911 diu
631 3861 888 3930 perstitit;
911 3864 1005 3919 sed
1022 3880 1237 3923 rursum
1262 3868 1327 3925 ad
1351 3870 1524 3939 prisca
1552 3886 1798 3928 reversus
1820 3915 1835 3939 ,
1858 3876 2083 3931 stt-cula-

508 3947 586 4002 ria
609 3953 815 4021 negotia
840 3962 1071 4014 tractare
1106 3961 1303 4029 cepit,
1339 3962 1798 4036 voluptatibusque
1840 3965 2080 4038 deditus,

510 4040 808 4101 Hermionis
837 4048 995 4104 etiam
1032 4052 1220 4122 puellae
1246 4052 1522 4124 cujusdam
1556 4071 1739 4114 amore
1782 4057 2036 4131 ﬂagrabat
2066 4078 2080 4117 :

508 4131 700 4199 quibus
724 4139 1012 4205 compertis
1032 4139 1268 4197 Joannes
1310 4142 1494 4199 intimo
1531 4145 1731 4203 doloris
1753 4163 1914 4206 sensu
1956 4153 2087 4209 ail'e-

509 4235 647 4320 ctus,
666 4230 960 4320 orationem
988 4234 1084 4305 ipsi
1103 4236 1460 4309 longissimam
1481 4242 1759 4315 misit,qua
1773 4246 1922 4307 illum
1935 4251 2085 4320 quasi

510 4314 618 4384 jam
647 4319 787 4376 vitiis
809 4320 1042 4379 deditum
1063 4329 1366 4399 compellat,
1396 4329 1461 4387 ad
1491 4314 1854 4402 pmniténtiam
1890 4314 2086 4395 cohor-

513 4415 654 4500 tans,
683 4411 749 4466 ad
778 4424 1066 4483 secessum,
1097 4418 1163 4474 ad
1192 4421 1469 4489 pristinum
1498 4424 1619 4480 vita:
1646 4442 1832 4497 genus,
1860 4430 2003 4500 quod
2028 4446 2090 4487 se

515 4499 770 4590 suadente
798 4517 1105 4579 susceperat
1133 4508 1525 4587 (T.i.c.305).
1554 4499 1975 4590 Exemplumque
2010 4521 2091 4577 aii-

513 4588 614 4644 fert
636 4591 847 4661 juvenis
864 4597 1138 4668 cujusdam
1161 4598 1429 4661 Piimnieis
1456 4603 1652 4663 Urbani
1681 4607 1792 4671 lilii,
1817 4588 2091 4667 nobilitate

514 4689 571 4737 et
597 4684 788 4753 opibus
811 4688 1059 4757 pollentis
1076 4730 1094 4759 ,
1127 4694 1216 4763 qui
1242 4708 1362 4750 cum
1378 4736 1393 4760 ,
1425 4697 1515 4768 pio
1538 4708 1714 4754 motus
1739 4699 1930 4756 all‘ectu
1948 4742 1966 4769 ,
2011 4703 2093 4756 lu-

513 4775 854 4844 dimagistris,
885 4779 1039 4836 fastui
1064 4785 1394 4856 terrenisque
1420 4789 1665 4846 omnibus
1690 4791 1903 4863 longum
1948 4794 2093 4849 vale-

512 4865 756 4931 dixisset,
790 4868 842 4922 in
871 4881 1081 4927 montes
1106 4878 1438 4945 ascenderat,
1467 4890 1522 4936 et
1541 4882 1606 4936 ad
1631 4896 1899 4939 summum
1931 4887 2095 4940 virtu-

514 4960 587 5013 tis
623 4958 842 5029 gradum
885 4963 1195 5032 pervenisse
1236 4968 1546 5037 videbatur;
1573 4974 1667 5029 sed
1719 4987 1900 5046 postea
1942 4994 1975 5032 a
2004 4992 2095 5033 co-

514 5051 688 5119 gnatis
718 5049 979 5110 abductus
1000 5066 1056 5112 et
1082 5060 1147 5112 ad
1180 5056 1399 5126 pristina
1443 5070 1739 5128 revocatus,
1770 5079 1800 5118 a
1827 5066 2097 5122 montibus

516 5143 570 5196 in
600 5142 831 5199 medium
858 5145 1028 5202 forum
1056 5163 1115 5204 se
1139 5151 1384 5219 contulit,
1412 5152 1501 5206 ubi
1527 5167 1664 5222 equo
1691 5163 1873 5211 vectus
1893 5197 1907 5220 ,
1937 5166 1993 5212 et
2019 5157 2099 5214 fa-

518 5237 788 5291 mulorum
848 5238 1286 5313 adulatorumque
1336 5244 1486 5300 turba
1548 5246 1787 5312 emotus,
1848 5247 2096 5304 omnibus

518 5328 825 5398 spectaculo
852 5340 967 5386 erat
996 5350 1011 5387 :
1042 5334 1361 5403 demumque
1385 5350 1415 5390 a
1447 5336 1546 5405 piis
1582 5336 1895 5406 quibusdam
1920 5337 2097 5393 homi—

520 5420 681 5477 nibus
708 5422 904 5476 sensim
928 5423 996 5479 ad
1023 5440 1208 5482 sanant
1239 5436 1470 5483 mentem
1497 5427 1775 5495 reductus,
1807 5428 2096 5484 solitariam

522 5511 681 5563 vitam
714 5512 945 5580 repetiit,
976 5523 1029 5571 et
1057 5516 1123 5571 ad
1146 5517 1353 5574 virtutis
1372 5519 1577 5589 apicem
1596 5518 1811 5574 domum
1837 5521 2096 5589 pervenit.

520 5601 676 5657 Aliud
706 5602 903 5671 profert
929 5611 1231 5680 exemplum
1256 5612 1373 5677 viri,
1396 5611 1486 5681 qui
1511 5627 1631 5667 cum
1662 5625 1756 5682 per
1783 5611 1978 5668 multos
2005 5629 2099 5667 an-

520 5710 619 5749 nos
643 5697 802 5752 vitam
825 5699 1062 5756 duxisset
1098 5702 1385 5773 angelicam
1404 5742 1422 5769 ,
1452 5716 1517 5757 eo
1540 5701 1754 5758 domum
1789 5718 2102 5774 progressus

523 5798 680 5845 estut
708 5790 759 5845 in
790 5790 1089 5864 lupanarse
1125 5792 1416 5857 conferret,
1449 5791 1541 5848 sed
1570 5803 1750 5861 postea
1787 5797 1990 5853 asocio
2034 5796 2100 5852 ad

2174 492 2402 563 priscam
2430 491 2591 545 vitam
2625 498 2926 553 revocatus,
2954 487 3006 541 in
3032 486 3222 543 cellula
3249 499 3308 541 se
3336 485 3631 550 conclusit,
3659 488 3751 543 ubi

2171 602 2307 658 pane
2330 587 2500 641 solum
2544 594 2593 639 et
2623 599 2759 653 aqua
2782 583 2944 637 vitam
2988 587 3293 635 sustentans
3312 619 3327 643 ,
3357 586 3532 633 tantos
3576 593 3751 647 ptent-

2169 678 2347 733 tentia:
2373 675 2574 731 fructus
2601 675 2817 739 emisit,
2864 681 2922 728 ut
2967 672 3125 725 etiam
3168 669 3440 725 miraculis
3476 669 3752 726 claruerit.

2169 769 2330 824 Addit
2374 769 2534 823 etiam
2594 766 2894 830 Valerium,
2944 763 3310 828 Florentium,
3359 761 3750 834 Porphyrium,

2168 861 2407 930 aliosque
2475 860 2620 913 viros
2683 861 2953 928 sapientes
3011 852 3279 910 Theodori
3332 852 3502 907 vicem
3569 852 3755 910 dulcrc

2170 950 2278 1023 (Τ.
2306 954 2418 1010 ‘l.c.
2441 950 2593 1022 διδ).

2240 1042 2486 1114 Epistula
2526 1041 2595 1095 ad
2639 1038 2956 1094 Theodorum
2997 1037 3218 1106 lapsum.
3246 1064 3319 1075 —
3357 1034 3598 1105 Cumque
3646 1051 3753 1092 non

2170 1144 2353 1205 posset
2371 1133 2548 1189 statim
2575 1131 2914 1187 Theodorum
2942 1143 2975 1183 a
3006 1128 3096 1182 tali
3120 1128 3241 1181 Viue
3270 1140 3467 1196 genere
3490 1139 3716 1181 avocare
3733 1167 3749 1192 ,

2171 1227 2288 1284 aliis
2313 1226 2561 1296 epistolis
2575 1236 2627 1281 et
2647 1223 2863 1295 quidem
2909 1220 3092 1293 multis
3113 1261 3128 1284 ,
3160 1225 3218 1273 ut
3244 1233 3311 1273 ex
3339 1218 3505 1287 ipsius
3533 1217 3754 1274 Joannis

2170 1326 2388 1372 narratu
2419 1316 2726 1386 percipitur,
2756 1313 2903 1367 illum
2947 1311 3176 1365 sollicite
3211 1311 3347 1363 urslt
3373 1319 3430 1362 ut
3462 1308 3632 1377 prisca
3664 1322 3755 1363 rc-

2171 1416 2392 1479 petcret.
2424 1407 2536 1461 Etsi
2565 1420 2694 1460 vero
2717 1419 2823 1459 non
2843 1411 3025 1474 aperte
3051 1401 3198 1466 dicit,
3222 1400 3560 1455 Theodorum
3586 1400 3757 1455 literis

2170 1499 2283 1555 suis
2319 1497 2694 1568 respondisse,
2724 1510 2789 1551 ex
2819 1497 2936 1564 ejus
2964 1493 3139 1548 verbis
3165 1490 3315 1562 argui
3354 1506 3511 1561 posse
3548 1492 3759 1546 videtur

2164 1591 2511 1647 Theodorum
2537 1588 2776 1660 epistolis
2817 1584 3183 1656 Citrysostomi
3231 1582 3595 1653 frequentibus
3622 1598 3755 1637 cun-

2172 1685 2389 1740 citatum
2419 1725 2435 1750 ,
2465 1679 2807 1750 respondisse
2830 1678 2905 1732 illi
2934 1694 2948 1730 :
2976 1691 3037 1732 se
3065 1674 3195 1731 nihil
3237 1684 3422 1729 contra
3458 1674 3546 1743 jus
3573 1673 3757 1741 fasque

2175 1779 2387 1842 facere,
2432 1773 2887 1842 Hermionemque
2906 1783 3127 1836 amare,
3174 1766 3296 1838 quia
3343 1766 3490 1820 illam
3534 1781 3755 1820 uxorem

2173 1869 2371 1926 ducere
2395 1865 2679 1936 cogitanat.
2705 1861 2817 1918 Sub
2842 1862 2956 1916 hmc
2978 1869 3159 1915 autem
3183 1858 3572 1930 besostomus
3597 1857 3757 1910 aliam

2176 1961 2277 2031 ipsi
2302 1958 2581 2030 epistolam
2613 1955 2758 2010 misit
2775 1996 2789 2015 .
2820 1969 2921 2024 qua
2950 1953 3097 2007 iilum
3123 1949 3494 2005 vehementius
3518 1948 3757 2002 concita-

2178 2052 2287 2118 bat,
2319 2060 2376 2105 ut
2405 2048 2581 2104 missis
2608 2046 2856 2101 omnibus
2877 2042 3221 2099 srecularibus
3269 2041 3430 2096 rebus
3478 2039 3759 2110 pristinum

2177 2144 2300 2197 vita)
2323 2154 2492 2211 genus
2517 2145 2802 2207 repeteret.

2247 2233 2374 2301 ουκ
2397 2232 2506 2300 jam
2536 2229 2767 2285 diximus
2790 2242 2857 2282 ex
2884 2224 3015 2295 ipsis
3058 2221 3428 2294 Chrysostomi
3459 2219 3633 2275 verbis
3660 2235 3759 2272 ex—

2176 2336 2365 2395 cerpta
2382 2326 2552 2381 fuere.
2566 2322 2746 2393 Longe
2758 2318 2918 2374 aliter
2932 2333 3046 2373 rem
3068 2316 3344 2371 constituit
3369 2313 3760 2377 Tiilctnoutius,

2178 2416 2267 2485 qui
2297 2422 2445 2485 putat
2474 2412 2696 2483 primam
2726 2409 2872 2463 illaut
2906 2407 2975 2462 ad
3006 2405 3345 2462 Theodorum
3391 2404 3608 2458 missam
3639 2417 3765 2456 ora-

2180 2507 2402 2572 tionem,
2426 2520 2533 2559 non
2557 2502 2624 2557 ad
2665 2502 2810 2556 illum
2853 2500 2944 2571 qui
2995 2505 3177 2569 postea
3205 2496 3489 2566 episcopus
3514 2494 3764 2565 Mopsue-

2179 2598 2297 2655 Stite
2322 2595 2449 2662 fuit;
2488 2593 2584 2649 sed
2611 2593 2677 2647 ad
2714 2592 2878 2646 alium
2919 2587 3288 2659 cognominem
3317 2587 3532 2640 missam
3560 2585 3725 2640 fuisse
3745 2625 3762 2651 ,

2178 2690 2269 2760 qui
2298 2688 2542 2743 similiter
2567 2695 2845 2757 postquam
2876 2680 3132 2736 mundum
3158 2679 3461 2749 reliquerat,
3487 2689 3673 2731 rursus
3694 2677 3765 2730 ad

2179 2779 2457 2838 surcularis
2485 2777 2814 2833 cottvoiarat.
2849 2775 2977 2845 Ejus
3002 2781 3313 2843 argumenta
3349 2771 3526 2824 omnia
3553 2770 3765 2838 depuli—

2181 2888 2334 2937 mus,
2366 2871 2601 2941 illudque
2630 2870 2680 2923 in
2713 2868 2925 2939 primis,
2970 2866 3113 2937 quod
3154 2865 3269 2935 ipse
3314 2863 3600 2917 maximum
3648 2876 3770 2917 om-

2184 2964 2330 3021 nium
2375 2977 2496 3017 csse
2540 2970 2726 3033 putat,
2750 2969 2942 3029 estque
2987 2956 3286 3026 bujusmodi
3313 2972 3327 3009 :
3353 2954 3667 3010 Theodorus
3711 2955 3767 3010 iu

2181 3056 2415 3115 secunda
2455 3054 2675 3124 epistola
2724 3059 3048 3107 memoratus
3087 3047 3325 3103 nondum
3364 3045 3547 3116 viginti
3595 3060 3769 3101 annos

2182 3152 2519 3224 expleverat;
2549 3147 2600 3200 in
2630 3145 2801 3216 prima
2850 3156 2979 3197 vero
3002 3139 3138 3196 dixit
3162 3136 3447 3193 Theodoro
3493 3151 3597 3190 non
3645 3136 3770 3206 plus

2182 3239 2564 3312 quinquaginta
2590 3237 2709 3291 vitae
2735 3246 2904 3288 annos
2931 3230 3031 3302 ipsi
3076 3243 3392 3300 superesse,
3440 3236 3497 3281 ut
3536 3226 3602 3281 ad
3644 3228 3765 3282 ulti-

2184 3347 2324 3386 mam
2348 3336 2677 3385 senectutem
2692 3323 3010 3396 perveniret.
3036 3320 3273 3391 Hincque
3295 3319 3467 3389 arguit
3488 3318 3578 3373 ille
3590 3317 3769 3373 Theo-

2182 3422 2372 3479 dorum
2386 3420 2533 3475 illum
2547 3417 2771 3487 primum
2784 3412 3133 3484 quadraginta
3151 3424 3412 3465 annorum
3434 3418 3559 3463 tunc
3575 3406 3764 3467 fuisse.

2185 3512 2329 3568 illam
2361 3510 2600 3565 ultimam
2620 3513 2947 3561 senectutem
2965 3503 3034 3558 de
3056 3499 3413 3571 nonagenario
3440 3506 3643 3553 tantum
3660 3498 3769 3553 dici

2186 3616 2345 3672 posse
2371 3609 2581 3670 putans.
2613 3596 2930 3653 Theodorus
2955 3608 3083 3648 vero
3106 3592 3262 3658 alter,
3304 3591 3398 3662 qui
3424 3601 3548 3646 tunc
3576 3591 3771 3661 vigesi-

2186 3709 2331 3751 mum
2357 3706 2553 3747 annum
2581 3688 2808 3760 agebat,
2833 3685 3025 3742 additis
3052 3692 3234 3755 postea
3264 3681 3638 3753 quinquaginta
3668 3697 3769 3735 an-

2186 3789 2271 3844 nis
2296 3783 2734 3856 septuagennrius
2760 3789 2961 3835 tantum
2989 3776 3193 3831 fuisset.
3247 3775 3355 3828 Ilnc
3394 3785 3770 3843 argumentum

2189 3881 2240 3935 ni
2271 3879 2425 3933 fallor
2449 3875 2661 3946 egregie
2685 3872 2862 3942 depuli
2891 3871 2942 3925 in
2966 3867 3164 3924 Biouito
3187 3865 3250 3921 T.
3285 3866 3312 3920 1
3347 3865 3516 3944 initio.
3536 3862 3643 3919 Sed
3682 3877 3772 3917 sc-

2188 3971 2423 4027 cundum
2453 3968 2567 4023 haec
2604 3968 2659 4022 in
2684 3966 2857 4020 locum
2897 3961 3083 4025 incidi,
3118 3972 3274 4029 quem
3304 3956 3538 4011 nondum
3580 3956 3772 4010 adver-

2188 4073 2379 4127 teram,
2412 4061 2462 4115 in
2490 4073 2599 4131 quo
2642 4056 2851 4112 videtur
2873 4053 3287 4119 Chrys-ostentus
3320 4046 3442 4103 data
3466 4060 3626 4115 opera
3653 4045 3769 4099 Til-

2188 4153 2427 4211 iemoutii
2483 4152 2643 4206 telum
2683 4145 2977 4218 depellere.
3020 4137 3425 4195 Commentario
3468 4149 3662 4206 ηοπιυθ
3716 4135 3769 4187 in

2192 4242 2480 4315 Epistulam
2521 4241 2549 4296 ί
2592 4236 2660 4291 ad
2680 4231 3187 4300 Coriuthies('l'.10.
3206 4224 3363 4286 ε.ὖᾶ
3380 4223 3546 4294 L51),
3572 4224 3642 4279 de
3664 4223 3771 4278 So-

2188 4345 2336 4392 crate
2389 4333 2611 4403 loquens
2649 4328 2756 4383 ait:
2781 4323 2849 4380 Et
2890 4337 3008 4407 cum
3044 4322 3116 4375 ad
3163 4326 3437 4375 extremam
3468 4325 3774 4407 senectutem

2192 4423 2491 4496 peremisset
2521 4436 2540 4475 :
2567 4416 2756 4474 dicebat
2776 4415 2910 4470 enim
2926 4424 2983 4468 se
2998 4426 3250 4466 uiuorum
3299 4406 3616 4496 septuaginta
3639 4420 3772 4467 esse,

2190 4495 2393 4587 quando
2416 4513 2568 4567 vitant
2584 4506 2829 4578 despexit.
2859 4504 2976 4561 ιω
3006 4501 3157 4557 vides
3178 4500 3253 4554 ita
3297 4495 3617 4568 explicanda
3645 4509 3774 4587 esse

2192 4585 2309 4661 loca
2333 4619 2364 4660 a
2388 4599 2724 4657 Tillemoutio
2749 4597 2925 4659 allata,
2948 4600 3009 4648 ut
3020 4592 3088 4648 de
3110 4590 3299 4647 eodem
3315 4589 3371 4642 in
3394 4596 3619 4655 utraque
3644 4585 3771 4653 epi-

2193 4696 2326 4753 stola
2352 4691 2634 4749 Theodoro
2660 4688 2927 4759 loquatur.
2957 4684 3013 4739 in
3041 4682 3211 4753 prima
3233 4680 3363 4735 dicit
3389 4690 3557 4732 annos
3571 4689 3769 4745 super-

2194 4802 2315 4844 esse
2337 4783 2712 4856 quinquaginta
2736 4788 2795 4835 ut
2817 4777 2884 4833 ad
2910 4784 3201 4833 extremam
3229 4777 3557 4826 senectutem
3586 4780 3777 4835 perve-

2195 4878 2327 4945 niat,
2362 4879 2415 4932 in
2437 4872 2669 4933 secunda
2684 4869 2977 4927 vereiilum
2996 4879 3191 4921 annum
3217 4862 3433 4918 circiter
3459 4857 3779 4929 vigesimum

2197 4970 2463 5040 attigisse:
2486 4967 2539 5022 in
2559 4963 2723 5020 allato
2738 4969 2915 5017 autem
2936 4959 3053 5013 loco
3071 4953 3400 5025 septuaginta
3417 4962 3587 5003 annos
3600 4956 3780 5040 natus,

2199 5037 2454 5118 extrema:
2491 5054 2778 5112 senectutis
2792 5065 2919 5108 esse
2944 5048 3159 5104 dicitur.
3177 5043 3366 5099 Iisdem
3405 5053 3533 5094 usus
3562 5037 3785 5091 vocibus

2199 5152 2617 5222 Clirysostomus
2628 5146 2734 5202 duo
2757 5145 2844 5200 illa
2865 5143 3002 5207 loca,
3016 5151 3136 5211 qum
3150 5130 3518 5192 Tillemontius
3544 5140 3789 5222 pugnare

2200 5216 2438 5314 putabat,
2460 5237 2727 5300 conciliat,
2748 5245 3019 5302 unumque
3038 5241 3159 5284 esse
3174 5222 3516 5281 Theodorum
3546 5216 3762 5314 probat.

2271 5307 2431 5389 Circa
2451 5344 2651 5387 annum
2680 5340 2827 5389 vero.
2854 5338 2969 5394 quo,
2988 5320 3074 5376 itte
3100 5317 3313 5386 scripta:
3357 5318 3483 5367 sunt
3507 5307 3776 5378 epistolae,

2204 5438 2233 5478 a
2261 5421 2605 5480 Tillemoutio
2632 5432 2742 5474 non
2793 5410 3079 5470 dissentier
3105 5407 3246 5463 circa
3290 5400 3601 5460 secundam,
3624 5407 3789 5465 quam

2204 5525 2356 5586 putat
2378 5515 2628 5583 scriptam
2649 5509 2811 5564 fuisse
2836 5519 2977 5562 anno
2991 5501 3133 5558 369:
3163 5508 3218 5553 at
3267 5502 3453 5586 contra
3500 5504 3657 5561 quam
3687 5487 3781 5541 ille

2204 5584 2510 5671 arbitratur,
2555 5602 2777 5673 primam
2825 5609 3035 5667 quoque
3066 5589 3255 5646 eodem
3293 5584 3505 5642 circiter
3550 5590 3794 5650 tempore

2211 5700 2387 5755 datam
2416 5697 2578 5751 fuisse
2598 5694 2650 5747 in
2675 5689 2863 5746 eodem
2909 5684 3110 5741 ιιοηίιο
3140 5677 3379 5751 probavi.
3415 5675 3588 5731 Unum
3610 5681 3794 5724 tamen

2223 5801 2306 5848 est
2337 5788 2474 5859 quod
2504 5785 2770 5856 negotium
2816 5779 3078 5835 facessere
3124 5774 3309 5845 possit.
3346 5769 3435 5825 Ait
3475 5763 3799 5833 ChI'YSOle'
