4110 6148
372 331 444 399 39
1516 332 1695 393 nunc
1733 331 1994 392 PRIMUM
2034 334 2425 410 ADOBNATA.
3188 416 3193 421 η
3591 368 3659 426 9ο

372 463 496 503 nnis
526 448 583 504 in
604 445 1024 519 cpistolaprima,
1040 464 1090 507 c.
1106 444 1228 503 502.
1243 444 1373 502 Ι.42;
1392 447 1543 504 Nunc
1569 449 1770 521 quidem
1796 448 1957 502 tristi-

371 540 445 593 tia
477 542 696 599 {rutrum
742 538 956 594 chorum
995 549 1229 611 occupat,
1254 539 1487 605 uoluptas
1507 551 1552 596 et
1577 541 1755 595 latitia
1779 538 1958 608 inﬁde-

371 631 499 686 lium
526 638 844 695 concentum,
860 647 1050 687 necnon
1063 633 1305 701 iuuenum
1332 633 1434 689 otio
1466 635 1627 704 "togis
1652 631 1955 689 deditorum.

370 723 469 780 llic
494 724 715 779 fratrum
745 722 971 779 chorum
1000 724 1110 783 vult
1127 724 1427 796 signiﬁcare
1454 722 1828 783 Tillemontius
1843 736 1958 780 cm-

372 824 481 868 tum
509 812 918 882 monachorum,
946 814 1177 885 hincque
1206 813 1418 886 probari
1441 820 1591 883 putat
1615 812 1957 869 Theodorum

367 906 530 965 istum
574 906 740 962 alium
781 920 811 960 a
853 905 1246 976 Mopsuesteno.
1289 904 1488 964 Verum
1531 904 1601 961 de
1633 905 1958 959 monasterio

363 1008 421 1052 et
473 997 544 1054 de
590 996 871 1057 monachis
928 1013 998 1054 ne
1058 1000 1145 1070 γρῦ
1191 996 1406 1069 quidem
1465 996 1550 1052 hic
1603 995 1733 1052 dicit
1779 995 1956 1067 Chry-

364 1099 659 1154 sostomus,
698 1087 767 1145 de
785 1087 976 1161 quibus
992 1087 1319 1144 mentionem
1365 1085 1507 1143 baud
1530 1084 1691 1153 dubie
1720 1085 1958 1153 facturus

364 1187 502 1245 erat,
528 1178 574 1233 si
604 1178 697 1237 ille
721 1193 790 1244 ex
841 1180 1167 1239 monasterio
1195 1180 1430 1245 exiisset,
1467 1178 1562 1236 sed
1593 1194 1688 1250 per
1733 1178 1955 1241 fratrum

363 1269 595 1330 chorum
627 1267 713 1325 hic
738 1271 960 1336 omnino
983 1284 1179 1326 vocare
1218 1270 1429 1334 videtur
1464 1256 1688 1327 chorum
1717 1268 1956 1336 ﬁdelium

360 1369 515 1418 ncte
532 1362 849 1429 viventium,
873 1376 1009 1434 quos
1032 1377 1139 1417 non
1193 1362 1365 1423 semel
1418 1363 1611 1419 fratres
1640 1363 1730 1426 ille
1777 1371 1954 1433 vocat,

359 1459 420 1507 et
483 1454 706 1525 opponit
745 1455 1031 1519 conventui
1067 1454 1362 1522 inﬁdelium
1388 1465 1444 1512 et
1483 1456 1737 1527 juvenum
1768 1462 1955 1514 eorum

361 1543 455 1614 qui
485 1547 597 1599 otio
617 1553 674 1601 et
695 1547 941 1616 δεεῃὶιίθί
967 1545 1134 1604 dediti
1155 1556 1328 1604 erant.
1344 1547 1457 1608 lmo
1487 1563 1637 1615 vero,
1664 1548 1807 1621 quod
1824 1562 1956 1611 sane

360 1636 534 1703 miror
559 1636 733 1694 virum
771 1640 1008 1695 omnium
1040 1640 1196 1712 longe
1234 1642 1693 1698 accuratissimum
1721 1658 1828 1699 non
1855 1642 1954 1698 ad-

360 1728 606 1795 uenisse,
632 1728 685 1784 in
711 1729 877 1800 prima
903 1730 1152 1787 secundat
1168 1732 1405 1803 epistola:
1428 1733 1672 1806 periodo,
1694 1735 1769 1791 ait
1787 1734 1955 1807 Chry-

358 1827 635 1885 sostomus
658 1819 844 1879 dolere
871 1837 950 1890 se,
971 1822 1114 1894 quod
1142 1838 1203 1880 se
1228 1839 1296 1881 ex
1339 1828 1556 1896 fratrum
1592 1826 1825 1898 catalogo
1854 1828 1954 1883 det-

358 1909 571 1971 laverit.

433 2000 541 2057 'l'ot
590 2001 961 2075 Clirysostomi
1012 2003 1181 2063 literis
1216 2006 1431 2070 tandem
1461 2016 1741 2072 revocatus
1779 2009 1956 2067 Theo-

359 2092 537 2150 dorus
576 2108 680 2149 una
712 2110 835 2152 cum
877 2096 1106 2153 Maximo
1147 2099 1297 2170 (Soz.
1339 2099 1378 2156 ι.
1414 2101 1470 2158 8.
1500 2117 1548 2155 c.
1590 2101 1668 2174 2),
1713 2112 1768 2159 et
1809 2101 1950 2169 haud

348 2187 522 2247 dubie
540 2187 739 2247 Basilio
755 2188 1016 2251 Joannem
1041 2192 1411 2264 frequentabat
1439 2193 1612 2268 (Socr.
1639 2196 1678 2252 ι.
1701 2196 1755 2252 6.
1777 2213 1824 2253 c.
1850 2196 1907 2269 5)
1930 2217 1948 2265 ς

353 2293 577 2350 unaque
604 2279 841 2361 collecti,
870 2297 1051 2337 veram
1076 2284 1469 2361 philosomiiam
1500 2285 1614 2343 sive
1637 2288 1950 2345 monasticae

352 2370 593 2426 similem
621 2360 780 2427 vitam
819 2360 1180 2433 sectabantur.
1208 2376 1538 2451 Scripturam
1569 2392 1702 2434 vero
1740 2393 1948 2439 sacram

346 2472 412 2521 et
439 2461 742 2520 doctrinam
771 2466 1191 2527 ecclesiasticam
1227 2469 1504 2528 discebant
1545 2486 1645 2526 una
1675 2486 1800 2527 cum
1829 2487 1947 2528 mo-

350 2557 585 2621 nasticis
625 2559 928 2624 exercitiis,
972 2558 1288 2623 doctoribus
1328 2560 1584 2630 Diodoro,
1627 2562 1717 2633 qui
1763 2572 1947 2634 postea

350 2650 644 2709 Tarsensis
678 2652 963 2724 episcopus
1001 2652 1122 2719 fuit.
1152 2663 1209 2712 et
1244 2653 1508 2722 Carterio,
1549 2655 1639 2727 qui
1682 2670 1786 2711 una
1825 2670 1945 2719 cum

350 2741 598 2798 Diodoro
626 2744 950 2803 monasteria
975 2744 1309 2811 Antiocheua
1333 2746 1574 2803 curabat.
1920 2812 1931 2821 _

422 2831 656 2895 Joannes
693 2835 1029 2906 episcopalem
1055 2835 1352 2908 dignitatem
1379 2836 1544 2907 fugit,
1582 2836 1825 2910 illumque
1851 2836 1946 2891 Ba-

345 2927 470 2983 silio
489 2928 712 3001 conferri
740 2938 911 2993 curat.
937 2959 1008 2969 —
1029 2928 1127 2996 His
1166 2944 1297 3002 ergo
1335 2930 1528 2991 studiis
1554 2945 1772 3002 operam
1800 2929 1945 2988 dedit

345 3019 505 3076 istaec
533 3029 717 3075 sancta
737 3028 792 3076 et
816 3020 1017 3083 selecta
1039 3021 1315 3094 juventus.
1331 3020 1567 3079 Joannes
1581 3036 1708 3081 vero
1728 3021 1944 3079 assidue

343 3131 475 3171 cum
523 3115 721 3177 Basilio
761 3115 1030 3187 colloquia
1073 3114 1333 3175 miscebat
1370 3115 1576 3190 (Chrys.
1619 3115 1682 3171 de
1722 3115 1937 3179 Sacerd.

343 3207 390 3261 ι.
426 3207 504 3280 l),
539 3218 596 3262 ut
641 3206 754 3278 ipse
790 3205 954 3263 refert
989 3206 1127 3263 libro
1170 3208 1345 3282 primo
1387 3207 1459 3266 de
1496 3207 1832 3275 Sacerdotis,
1872 3207 1942 3264 de

341 3298 474 3351 vitae
504 3299 807 3365 sanctitate,
830 3299 897 3354 de
917 3299 1199 3359 virtutibus
1222 3299 1470 3357 asceticis
1494 3300 1666 3382 deque
1685 3301 1802 3356 aliis
1823 3301 1941 3373 qui-

340 3388 589 3446 buslibet
610 3389 678 3445 ad
704 3391 953 3461 pietatem
983 3391 1368 3463 spectantibus.
1399 3391 1534 3448 Dum
1570 3393 1622 3448 in
1650 3392 1734 3449 his
1756 3408 1939 3456 versa-

339 3491 560 3550 rentur,
616 3492 898 3563 postquam
949 3499 1092 3539 anno
1139 3483 1246 3539 370
1297 3483 1536 3543 Meletius
1588 3485 1642 3540 in
1688 3484 1936 3544 exsilium

342 3573 557 3631 missus
587 3574 780 3642 fuerat,
807 3590 930 3635 cum
956 3575 1290 3647 episcppales
1317 3575 1561 3647 quaedam
1591 3576 1748 3633 sedes
1777 3592 1936 3632 vaca-

338 3676 493 3734 rent,
522 3680 707 3722 rumor
725 3681 945 3738 sparsus
964 3676 1067 3734 est,
1095 3666 1361 3737 Joannem
1384 3675 1439 3731 et
1458 3667 1711 3729 Basiliam
1736 3679 1797 3727 ut
1817 3668 1937 3725 illas

334 3756 508 3817 sedes
548 3756 834 3828 implerent
870 3757 940 3814 ad
978 3758 1336 3836 episcopalem
1371 3758 1681 3829 dignitatem
1722 3773 1938 3831 promo.-

338 3849 554 3907 rendos
580 3864 723 3907 esse.
755 3850 838 3911 lle
862 3858 1135 3922 comperta
1158 3849 1397 3916 Joannes
1429 3851 1621 3913 timore
1658 3852 1936 3923 perculsus

332 3952 469 4002 est:
499 3959 561 4000 se
580 3944 748 4012 enim,
772 3944 844 3999 ita
871 3958 1062 4014 nempe
1087 3942 1361 4000 modestus
1384 3952 1526 4013 erat,
1549 3953 1698 4000 tanto
1722 3945 1933 4001 muneri

338 4035 506 4108 longe
526 4035 787 4106 imparem
817 4035 1068 4107 putabat;
1092 4051 1163 4094 ne
1181 4050 1309 4111 vero
1330 4035 1401 4098 ad
1428 4035 1480 4091 id
1507 4037 1728 4092 honoris
1748 4036 1833 4102 vel
1852 4037 1934 4093 in-

338 4130 491 4184 situs
516 4137 820 4200 raperetur,
849 4142 973 4191 sese
996 4128 1300 4193 occultandi
1320 4128 1603 4192 consilium
1626 4129 1762 4184 iniit.
1791 4127 1936 4189 Inter

338 4221 465 4278 hac
499 4222 729 4277 Basilius
765 4220 993 4292 hujusce
1033 4222 1111 4279 rei
1150 4221 1292 4277 fama
1337 4230 1633 4293 permotus,
1672 4220 1932 4277 Joannem

336 4312 584 4375 amicum
615 4320 674 4369 et
699 4321 1005 4370 consortem
1028 4313 1183 4380 adiit,
1214 4328 1372 4393 quem
1400 4313 1517 4370 haec
1556 4315 1800 4385 ignorare
1839 4328 1934 4384 pu-

338 4404 516 4460 tabat.
546 4404 629 4460 llli
668 4419 797 4461 vero
834 4419 949 4471 rem
989 4405 1183 4475 aperit,
1212 4405 1340 4476 quid
1376 4405 1585 4470 consilii
1614 4405 1932 4477 capiendum

339 4499 422 4553 sit
470 4506 649 4570 rogat,
693 4512 762 4553 an
809 4497 1324 4568 obtemperantium,
1365 4514 1433 4555 an
1481 4497 1823 4570 fugiendum,
1879 4497 1933 4553 in

341 4598 635 4659 utrumque
686 4598 924 4659 paratus,
974 4599 1029 4646 et
1074 4589 1234 4653 amici
1280 4589 1543 4660 judicium
1591 4600 1928 4660 exspectans.

336 4678 582 4737 Joannes
620 4690 823 4745 autem,
849 4682 938 4753 qui
971 4688 1029 4735 ut
1056 4695 1117 4736 se
1145 4681 1418 4751 indigntun
1448 4689 1599 4746 tanto
1628 4681 1804 4745 ofﬁcio
1839 4696 1932 4743 re-

342 4769 524 4837 batur,
547 4770 624 4833 ita
646 4769 897 4826 Basilium
926 4771 1020 4832 illo
1039 4771 1437 4841 dignissimum,
1466 4781 1577 4826 tum
1597 4787 1666 4828 ex
1687 4780 1932 4839 anteacta

343 4862 476 4926 trita,
510 4870 624 4916 tum
663 4876 728 4916 ex
755 4870 906 4924 tanto
931 4861 1280 4935 capessendae
1306 4863 1521 4919 virtutis
1543 4863 1845 4931 desiderio;
1873 4881 1935 4922 se

343 4949 603 5005 dantnum
645 4950 898 5007 Ecclesiae
932 4951 1136 5011 .Cbristi
1176 4952 1468 5017 maximum
1508 4953 1776 5021 illautrum
1808 4968 1935 5013 esse

343 5050 566 5115 putans,
610 5043 655 5096 si
700 5051 807 5101 tam
839 5042 1085 5112 probum.
1124 5053 1230 5101 tam
1269 5042 1338 5099 ad
1376 5044 1603 5101 salutem
1644 5045 1932 5103 multorum

343 5133 624 5199 idoneum,
654 5149 686 5190 a
715 5150 941 5200 munere
969 5134 1310 5205 suscipiendo
1335 5144 1625 5200 averteret,
1655 5137 1935 5207 respondit

346 5225 445 5289 illi,
492 5225 568 5279 rei
608 5225 1057 5288 consultationem
1097 5226 1240 5291 aliud
1273 5226 1324 5293 in
1368 5235 1576 5298 tempus
1613 5226 1929 5284 mittendam

341 5330 488 5384 esse,
518 5316 656 5371 nihil
691 5332 909 5389 urgere,
949 5318 1080 5373 nihil
1126 5326 1451 5388 praemature
1490 5318 1757 5388 agendum
1787 5333 1929 5373 esse.

342 5406 464 5472 Quo
492 5407 779 5465 tenderent
814 5409 963 5465 istme
997 5425 1105 5477 non
1145 5409 1434 5465 advertens
1485 5409 1746 5477 Basilius,
1773 5409 1930 5465 amici

342 5503 631 5565 consilium
659 5503 938 5573 amplexus
958 5511 1061 5559 est.

413 5593 527 5649 Hac
562 5595 648 5665 pia
678 5594 861 5656 fraude
891 5610 1018 5650 usus
1062 5604 1145 5651 est
1171 5594 1426 5659 Joannes,
1457 5603 1512 5649 et
1537 5594 1660 5664 quia
1696 5610 1809 5649 rem
1838 5611 1929 5648 nr-

339 5703 470 5759 εει-θ
501 5702 611 5742 non
650 5687 949 5756 ignorabat,
977 5700 1098 5742 sese
1135 5687 1436 5743 occultavit.
1475 5685 1624 5742 Haud
1660 5686 1731 5740 ita
1767 5686 1933 5741 multo

344 5782 526 5856 elapso
567 5791 830 5853 tempore,
871 5796 991 5836 cum
1036 5783 1080 5836 is
1116 5782 1206 5853 qui
1247 5781 1584 5847 ordinaturus
1622 5790 1734 5844 erat
1766 5779 1931 5847 adve-

2072 449 2471 553 rtisset,::tptus
2497 457 2722 518 Basilius
2741 465 3019 523 adducitur
3050 481 3103 526 ut
3130 474 3407 547 episcopus
3432 483 3651 553 ordina-

2068 549 2234 639 retur.
2262 542 2503 639 Cumque
2518 550 2874 639 reluctaretur
2899 557 3007 626 ille,
3035 542 3247 632 quidam
3273 542 3341 622 ea
3371 542 3650 639 praesenti-

2068 628 2166 728 bus
2185 631 2234 686 ei
2256 633 2414 728 verba
2430 635 2712 728 dederunt,
2731 628 3346 719 clamantes,absurdum
3367 628 3507 728 esse,
3528 628 3649 728 eum

2066 722 2154 829 qui
2166 724 2415 781 omnibus
2438 727 2667 829 ferocior
2681 734 3244 829 vldebatuonannem
3259 722 3646 829 designant“).

2063 825 2186 916 plum
2216 829 2403 887 magna
2443 820 2701 916 modestia
2738 825 2955 889 Patrum
2995 830 3188 902 placito
3219 820 3649 916 obtemperasse;

2066 904 2227 1014 illum.
2252 917 2464 975 autem,
2507 912 2662 987 longe
2701 918 3099 988 prudentiorem
3141 935 3198 983 et
3244 904 3645 1014 modestiorem;

2064 992 2291 1059 ferocire
2314 1008 2372 1056 et
2393 1017 2582 1060 vanam
2610 1006 2833 1077 gloriam
2864 1023 3136 1087 appetere,
3163 1019 3274 1077 Hac
3293 992 3648 1086 delusus

2063 1088 2460 1194 ordinatus-cst
2485 1096 2712 1194 Basilius
2737 1104 3021 1176 episcopus
3049 1108 3352 1183 Rapltaneze
3391 1118 3442 1172 in
3471 1091 3647 1194 Syria,

2063 1184 2123 1243 ut
2144 1181 2487 1250 probabiliter
2513 1190 2780 1249 existimat
2804 1194 3084 1260 Baronius.

2062 1454 2130 1508 sti
2174 1455 2301 1526 372,
2344 1460 2425 1516 vel
2467 1463 2679 1527 circiter
2716 1467 2982 1539 referunt,
3029 1484 3322 1551 putantque
3364 1498 3468 1547 non
3503 1486 3647 1555 ultra

2061 1559 2258 1603 annum
2288 1551 2392 1607 374
2422 1567 2580 1623 posse
2602 1556 2825 1619 dill'crrl.
2857 1561 3029 1620 Unum
3054 1576 3138 1623 est
3162 1570 3303 1641 quod
3322 1588 3351 1627 a
3375 1575 3465 1630 tali
3495 1551 3646 1634 cetu-

2061 1642 2281 1712 putandi
2309 1646 2515 1704 ratione
2538 1660 2786 1708 avertere
2813 1656 3003 1728 possit,
3025 1660 3165 1727 quod
3190 1677 3384 1735 nempe
3412 1665 3646 1734 Joannes

2060 1742 2188 1791 tunc
2220 1736 2312 1805 25,
2341 1739 2426 1794 vel
2463 1740 2528 1796 ad
2555 1756 2821 1801 summum
2846 1747 2916 1815 27
2947 1759 3150 1808 tantum
3179 1770 3438 1819 annorum
3465 1771 3644 1829 esset.

2057 1834 2115 1883 et
2154 1829 2378 1887 Basilius
2421 1832 2659 1908 ejusdem
2694 1837 2908 1901 circiter
2943 1845 3138 1918 aetatis,
3167 1863 3286 1918 qum
3328 1850 3394 1907 ad
3436 1861 3642 1909 tantum

2057 1923 2455 1995 suscipiendum
2486 1943 2680 1993 munus
2711 1947 2816 1999 non
2858 1933 3048 1993 idonea
3086 1939 3341 1999 videatur.
3383 1943 3489 2000 Sed
3520 1946 3646 2008 licet

2059 2022 2210 2082 aetas,
2241 2030 2340 2098 qua
2366 2019 2601 2088 episcnpi
2628 2021 2962 2090 ordinantur,
2987 2027 3158 2097 major
3178 2037 3235 2083 ut
3256 2030 3542 2100 plurimum
3562 2051 3644 2103 re:

2040 2106 2320 2178 ,quiratur,
2349 2125 2454 2175 non
2484 2110 2679 2171 desunt
2703 2115 2947 2185 exempla
2976 2131 3162 2173 eorum
3184 2121 3273 2191 qui
3298 2132 3423 2179 ante
3445 2123 3516 2185 2,5
3540 2140 3639 2180 an-

2057 2216 2184 2254 num
2228 2202 2461 2273 episcopi
2504 2205 2695 2261 adlecti
2739 2215 2793 2262 et
2823 2210 3098 2275 constituti
3136 2221 3279 2277 sunt,
3317 2223 3369 2269 et
3403 2215 3640 2287 alioquin

2058 2289 2172 2360 ipse
2209 2291 2435 2352 Basilius
2475 2295 2614 2367 apud
2655 2294 3096 2370 Cltrysostomum
3140 2304 3214 2364 ait
3261 2304 3312 2359 in
3362 2307 3564 2365 crimen
3609 2326 3637 2365 a

2055 2383 2324 2438 nonnullis
2351 2395 2566 2440 vocatos
2604 2386 2765 2444 fuisse
2790 2403 2904 2457 eos,
2933 2391 3023 2461 qui
3061 2407 3120 2448 se
3155 2394 3552 2462 ordinaverunt,
3585 2407 3641 2463 et

2053 2473 2143 2543 qui
2170 2473 2427 2535 Joannem
2456 2484 2513 2530 ut
2537 2478 2847 2548 episcopum
2871 2493 3249 2538 consecrarent
3270 2483 3466 2541 frustra
3499 2502 3636 2561 qun:-

2052 2566 2288 2631 sierant;
2326 2574 2506 2636 utpote
2530 2568 2619 2639 qui
2651 2579 2728 2623 tot
2756 2571 3019 2642 tantisque
3047 2573 3245 2637 relictis
3269 2576 3397 2631 viris
3411 2617 3430 2646 ,
3460 2578 3638 2640 adole-

2052 2665 2272 2723 scentes,
2318 2655 2432 2712 heri
2474 2673 2539 2713 ac
2582 2659 2965 2716 nudiustertius
3006 2662 3058 2726 in
3102 2665 3446 2729 smcularibus
3492 2667 3637 2723 curis

2052 2748 2334 2815 vnlutatos,
2379 2762 2434 2806 ttt
2473 2751 2539 2806 ad
2585 2752 2745 2811 breve
2788 2763 2999 2826 tempus
3035 2757 3313 2826 supercilia
3354 2759 3638 2826 contrath

2050 2848 2188 2905 rent,
2214 2841 2383 2911 pullas
2410 2850 2585 2898 vestes
2611 2842 2912 2909 induerent,
2946 2847 3228 2917 vultusque
3259 2847 3524 2905 triStitiam
3555 2852 3633 2909 si:-

2050 2932 2334 3000 mularent,
2364 2933 2653 3006 derepente
2686 2934 2756 2992 ad
2779 2945 2981 2992 tantum
3011 2937 3270 2996 honorem
3290 2939 3630 3017 adduxerim,

2047 3032 2303 3094 quantum
2332 3039 2400 3079 ne
2428 3023 2478 3080 in
2506 3026 2710 3082 somnis
2736 3026 2949 3097 quidem
2988 3030 3201 3100 assequi
3230 3032 3630 3101 speravissent;

2047 3129 2154 3188 quo
2177 3115 2417 3186 arguitur
2440 3116 2727 3181 admodum
2761 3118 2985 3186 juvcnes
3010 3129 3139 3185 turre
3180 3120 3344 3177 fuisse
3370 3121 3629 3191 Joannem

2042 3218 2100 3265 et
2127 3208 2381 3263 Basiliam
2407 3209 2522 3279 ejus
2550 3208 2988 3279 condiscipulum.

2116 3297 2206 3354 Sic
2244 3298 2295 3351 in
2340 3298 2649 3369 episcopum
2684 3308 2959 3371 cooptatus
2987 3300 3213 3368 Basilius
3242 3304 3420 3370 statim
3458 3303 3628 3369 .1008:-

2044 3404 2167 3444 nem
2214 3388 2358 3456 adit,
2407 3397 2461 3444 et
2503 3389 2737 3461 graviter
2769 3405 2894 3453 cum
2937 3392 3031 3449 illo
3077 3395 3444 3466 conqueritur,
3485 3398 3626 3466 quod

2043 3478 2230 3538 fraude
2251 3497 2344 3545 sua
2368 3480 2434 3537 ad
2459 3490 2657 3544 tantum
2684 3498 2818 3545 onus
2844 3484 3241 3555 suscipiendum
3268 3495 3484 3544 coactus
3512 3488 3627 3557 fue-

2042 3573 2114 3628 rit
2154 3572 2361 3645 (Chrys.
2398 3573 2463 3628 de
2491 3573 2704 3640 Sacerd.
2736 3582 2776 3628 ι.
2808 3578 2859 3641 1.
2892 3575 2932 3635 ι.
2978 3575 3052 3646 I).
3083 3576 3217 3641 Tum
3255 3577 3527 3645 Joannes,
3569 3591 3627 3648 ut

2040 3677 2161 3720 sese
2200 3674 2470 3736 purgaret,
2502 3664 2696 3725 fatetur
2730 3681 2918 3729 revera
2959 3681 3096 3736 opus
3132 3682 3254 3744 esse
3287 3671 3508 3744 grando,
3537 3674 3623 3742 cui

2040 3754 2267 3813 ferendo
2297 3772 2356 3813 se
2381 3758 2641 3828 imparem
2676 3773 2799 3814 esse
2836 3758 3019 3820 multis
3045 3758 3115 3815 de
3138 3742 3336 3827 causis,
3359 3742 3498 3833 quas
3522 3763 3624 3817 ilii-

2040 3848 2162 3907 dem
2197 3849 2420 3922 profert,
2454 3852 2678 3922 probare
2714 3853 2927 3918 nititur;
2968 3852 3064 3909 sed
3091 3864 3517 3930 quantacumque
3555 3858 3625 3912 sit

2040 3945 2380 4018 episc0patus
2410 3955 2553 4003 recte
2579 3945 2797 4018 gerendi
2827 3945 3130 4011 difficultas,
3162 3958 3413 4018 oportere
3442 3958 3619 4013 tamen

2041 4038 2184 4095 viros
2211 4038 2356 4110 eligi,
2386 4038 2477 4109 qui
2513 4037 2565 4093 id
2601 4038 2839 4101 mtmeris
2875 4036 3242 4106 susciperent,
3276 4052 3507 4109 cumque
3535 4040 3622 4109 ille

2040 4128 2294 4193 Basiliam
2322 4129 2448 4194 huic
2484 4127 2795 4186 exercenda:
2822 4127 3065 4198 dignitati
3103 4127 3335 4196 manune
3370 4127 3620 4193 idoneum

2039 4220 2408 4286 arbitraretur,
2435 4220 2566 4284 nillil
2594 4220 2810 4290 mirum,
2836 4218 2880 4275 si
2904 4220 2970 4280 ad
2992 4218 3043 4273 id
3064 4217 3227 4280 ofllcii
3249 4217 3421 4293 ipsum
3437 4218 3618 4289 deligi,

2037 4322 2293 4384 quantum
2326 4310 2406 4367 fas
2441 4310 2545 4365 sibi
2572 4320 2686 4366 erat
2705 4351 2721 4375 ,
2758 4310 3045 4373 curaverit.
3076 4309 3244 4369 Totus
3271 4325 3401 4365 vero
3425 4309 3621 4380 dialogi

2038 4417 2191 4463 more
2217 4415 2395 4457 sermo
2423 4401 2744 4466 contexitur,
2777 4401 2864 4467 ubi
2903 4410 3010 4456 tam
3036 4401 3291 4470 praeclare
3328 4399 3397 4457 de
3433 4415 3617 4467 sacer-

2038 4493 2221 4559 dotum
2246 4492 2523 4563 dignitate,
2551 4491 2746 4556 cilicio,
2776 4491 3087 4546 muneribus
3114 4489 3361 4551 edisserit
3381 4491 3615 4559 Chryso-

2039 4596 2280 4652 Stontus,
2306 4594 2367 4639 ut
2410 4584 2495 4651 vi;
2536 4597 2718 4654 parem
2761 4580 2861 4643 bac
2889 4580 2959 4641 de
2997 4595 3057 4641 re
3086 4594 3392 4647 sermonem
3428 4579 3620 4647 alicubi

2038 4677 2297 4749 reperias,

2107 4770 2263 4830 .Circa
2288 4777 2521 4837 tempus,
2550 4781 2657 4840 quo
2678 4764 2779 4831 llos
2811 4778 3088 4831 sermones
3107 4760 3275 4826 edidit
3301 4759 3620 4833 Cltrysosto:

2037 4876 2179 4925 mus,
2221 4875 2331 4916 non
2374 4874 2475 4914 una
2513 4867 2597 4919 est
2635 4858 2953 4929 scriptorum
2994 4856 3276 4923 sententia,
3317 4868 3488 4924 neque
3529 4870 3622 4907 an.

2038 4952 2219 5009 diendi
2244 4960 2371 5010 sunt
2393 4951 2481 5021 qui
2502 4950 2690 5005 volunt
2711 4964 2778 5015 eo
2802 4949 2918 5025 ipso
2937 4947 3130 5016 dialogi
3146 4962 3271 5007 cum
3300 4946 3494 5001 Basilio
3523 4946 3589 5015 lia
3604 4973 3622 4984 -

2037 5045 2131 5109 biti
2145 5053 2409 5115 tempore,
2430 5042 2591 5105 hosce
2614 5042 2776 5109 libros
2798 5049 2856 5096 ut
2872 5057 3013 5097 nunc
3036 5040 3319 5108 habentur,
3338 5038 3621 5108 scripsisse

2038 5136 2319 5201 Joannem.
2348 5134 2479 5191 Nam
2517 5135 2598 5189 vel
2636 5134 2749 5205 ipsa
2778 5132 3023 5201 ordiendi
3068 5133 3205 5186 ratio
3245 5131 3457 5200 aliquod
3510 5132 3621 5195 ela-

2040 5243 2194 5300 psum
2222 5237 2432 5297 tempus
2451 5224 2770 5291 subindicat,
2788 5233 2845 5289 et
2868 5225 3036 5279 series
3057 5232 3164 5277 tota
3182 5240 3293 5278 rem
3311 5222 3616 5278 meditatam

2036 5330 2095 5383 et
2115 5321 2167 5374 in
2193 5319 2305 5375 ol'to
2333 5317 2644 5382 adomatam
2670 5330 2780 5386 prae
2818 5329 2879 5375 se
2905 5314 3024 5375 fert.
3057 5314 3147 5377 Ait
3181 5313 3433 5373 Socrates
3460 5312 3621 5369 Joan-

2040 5424 2183 5475 nem,
2229 5425 2349 5465 cum
2395 5409 2650 5469 diaconus
2692 5415 2855 5470 esset,
2897 5420 3088 5475 nempe
3123 5406 3194 5471 ab
3233 5421 3376 5469 anno
3411 5405 3511 5460 581
3555 5403 3622 5465 ad

2039 5516 2236 5557 annum
2260 5501 2387 5567 386,
2413 5515 2523 5572 quo
2551 5497 2829 5571 presbyter
2869 5497 3148 5553 ordinatus
3185 5495 3320 5561 fuit,
3353 5497 3518 5551 libros
3554 5495 3623 5558 de

2039 5592 2351 5654 Sacerdotio
2376 5591 2605 5646 edidisse
2631 5588 2804 5660 (Socr.
2834 5586 2875 5640 Ι.
2907 5587 2961 5641 6.
3001 5602 3046 5639 c.
3077 5586 3155 5659 '5).
3190 5586 3456 5643 Palladius
3495 5599 3622 5638 vero

2042 5685 2330 5743 secundum
2376 5683 2868 5754 interpretationem
2914 5679 3158 5741 Latinam
3199 5677 3468 5734 Ambrosii
3518 5676 3621 5745 ca-

2044 5778 2423 5845 maldnlcnsis,
2462 5775 2716 5841 Joannem
2760 5775 2811 5829 in
2843 5772 3127 5835 solitudine
3162 5771 3260 5829 has
3295 5768 3458 5827 libros
3490 5769 3610 5837 emi-
