4110 6148
447 302 507 362 91
530 310 533 313 ⁷
1542 298 1597 353 S.
1638 297 1913 354 JOANNIS
1946 296 2023 352 Cll

2125 292 2418 354 'SOSTOMI
2444 293 2623 360 VITA,
3657 297 3727 354 92

443 418 579 477 sisse
614 415 767 485 dixit,
805 428 996 486 nempe
1036 414 1104 469 ab
1143 428 1282 468 anno
1323 411 1534 468 circiter
1572 412 1676 467 575
1717 411 1782 466 ad
1826 425 2024 465 annum

442 505 572 575 581,
599 523 705 579 quo
733 523 798 562 es
823 505 1105 561 solitudine
1129 505 1181 558 iu
1210 502 1393 558 urbem
1426 502 1598 557 rediit.
1626 501 1917 557 Palladium
1946 504 2024 556 in-

444 609 756 655 cunctanter
793 612 1162 668 sequeremur,
1208 596 1252 652 si
1305 596 1358 651 in
1402 596 1592 652 Graeco
1641 604 1822 661 textu,
1867 610 2025 664 quem

440 692 611 747 edidit
639 690 916 765 Emericus
937 688 1197 761 Bigotius,
1221 688 1408 745 eadem
1436 688 1759 759 legerentur;
1788 687 1881 743 sed
1902 702 2025 742 cum

447 783 519 838 ibi
550 799 616 838 ne
644 782 850 838 minime
872 782 1089 853 quidem
1115 782 1216 838 hac
1239 781 1308 838 de
1336 797 1395 837 re
1420 789 1742 852 compareat,
1766 797 1796 836 a
1821 780 2026 837 calculo

444 871 669 929 ferendo
692 873 1125 943 supersedemus.

514 965 671 1018 Auno
689 964 814 1029 574,
840 978 961 1019 cum
983 962 1158 1019 adhuc
1183 963 1477 1019 Antiochize
1505 969 1747 1021 maneret
1769 963 2022 1031 Joannes,

445 1053 499 1107 in
537 1052 828 1122 periculum
859 1052 1063 1119 incidit,
1092 1054 1249 1124 quale
1288 1061 1470 1109 narrat
1508 1053 1623 1124 ipse
1664 1057 1717 1109 in
1743 1054 2030 1110 Commen-

443 1138 584 1194 tario
606 1138 659 1193 in
684 1139 816 1196 Acta
839 1140 1218 1205 Apostolorum
1256 1138 1343 1214 (Τ.
1374 1142 1428 1198 9.
1458 1158 1504 1196 c.
1534 1141 1661 1197 274.
1691 1158 1746 1195 rt.
1786 1141 1863 1211 5).
1893 1140 2027 1199 Cum

442 1232 547 1286 sub
574 1232 803 1287 Valente
832 1232 1164 1303 lmperatore
1191 1235 1504 1304 perquisitio
1521 1248 1709 1304 magna
1728 1231 2029 1289 Antiochia:

445 1319 586 1377 facta
615 1330 698 1378 est
725 1323 982 1380 librorum
1009 1324 1334 1394 magicorum
1365 1332 1421 1379 et
1447 1325 1854 1395 praestigiarum,
1882 1325 2026 1380 mili-

446 1421 632 1483 tesque
676 1415 876 1469 circum
927 1415 1113 1470 urbem
1158 1415 1314 1485 positi
1363 1424 1508 1483 sunt,
1556 1430 1625 1470 ne
1661 1415 1780 1486 quis
1818 1416 2029 1471 crimini

445 1499 752 1574 hujusmodi
783 1504 1069 1573 obnoxius,
1114 1503 1255 1560 elabi
1289 1513 1505 1576 posset;
1541 1514 1651 1560 tum
1691 1505 1905 1575 quidam
1936 1505 2028 1575 qui

446 1591 639 1649 librum
667 1594 968 1662 bujusmodi
996 1594 1195 1651 fecerat
1218 1605 1272 1650 et
1298 1596 1603 1666 scripserat,
1635 1611 1702 1651 ne
1730 1595 2030 1666 deprehen-

448 1682 685 1748 deretur,
731 1684 921 1738 librum
966 1684 1019 1739 in
1063 1684 1259 1739 ﬂumen
1304 1684 1546 1755 projecit.
1580 1683 1687 1740 Sed
1726 1700 1848 1740 cum
1888 1683 2026 1738 haud

446 1773 625 1829 dubiis
646 1774 854 1830 indiciis
874 1785 1054 1830 notum
1076 1784 1217 1831 esset
1236 1774 1428 1831 librum
1453 1775 1519 1830 ab
1542 1775 1630 1830 illo
1651 1776 2025 1831 concinnatum

445 1865 628 1929 fuisse,
656 1881 687 1920 a
713 1867 966 1922 militibus
991 1876 1178 1935 captus
1201 1876 1300 1932 est,
1330 1868 1421 1937 qui
1447 1877 1506 1920 ut
1530 1866 1726 1922 librum
1754 1865 1909 1922 daret
1935 1883 2027 1923 ex-

445 1957 715 2025 petebant.
746 1956 838 2012 llle
878 1971 1006 2012 vero
1027 1957 1135 2026 jam
1164 1957 1292 2012 dare
1317 1972 1421 2013 non
1452 1965 1677 2027 poterat,
1714 1957 1831 2024 sed,
1866 1969 1922 2013 ut
1949 1960 2026 2013 vi-

444 2046 617 2110 detur,
669 2062 727 2102 se
770 2046 962 2103 fecisse
1005 2048 1250 2118 negabat,
1293 2064 1477 2104 verum
1513 2050 1681 2104 auctis
1723 2049 1931 2106 indiciis
1972 2058 2029 2106 et

445 2137 863 2207 probationibus,
888 2153 1077 2209 pmuas
1098 2138 1263 2193 dedit.
1293 2140 1425 2195 Dum
1452 2141 1726 2209 conjectus
1752 2142 1803 2196 in
1827 2140 2023 2197 ﬂumen

445 2225 583 2282 liber
622 2228 990 2298 incompactus
1030 2239 1419 2300 supernataret,
1458 2233 1650 2287 accidit
1694 2242 1753 2289 ut
1792 2233 2025 2291 Joannes

445 2326 631 2372 noster
652 2333 772 2373 eum
799 2319 945 2375 socio
973 2319 1039 2375 ad
1068 2322 1375 2393 martyrium
1396 2337 1490 2377 seu
1522 2323 1798 2378 ecclesiam
1825 2324 2023 2396 Marty-

444 2421 562 2461 rum
593 2424 837 2480 pergens,
864 2410 1013 2479 juxta
1052 2411 1251 2468 flumen
1285 2413 1387 2470 iter
1417 2412 1634 2470 faceret.
1676 2415 1865 2474 Socius
1900 2432 2025 2473 vero

446 2498 629 2568 ipsius,
657 2514 718 2557 ut
745 2505 812 2557 ad
839 2520 987 2559 oram
1016 2516 1448 2575 supernatantem
1488 2508 1684 2564 librum
1716 2511 1881 2579 vidit,
1926 2512 2027 2568 lin-

447 2596 590 2644 teum
616 2606 735 2647 esse
780 2594 1000 2661 putavit,
1041 2610 1105 2649 ac
1147 2595 1481 2654 descendens
1518 2602 1744 2671 accepit.
1788 2602 2023 2660 Joannes

445 2692 575 2732 vero
591 2690 872 2751 antequam
893 2684 1016 2753 quid
1046 2684 1097 2739 id
1119 2695 1262 2755 esset
1281 2688 1526 2755 sciretur,
1555 2700 1781 2760 repertae
1808 2695 1884 2749 rei
1907 2710 2026 2765 par-

445 2773 551 2821 tem
582 2769 647 2824 ad
674 2785 732 2825 se
760 2773 1026 2840 pertinere
1057 2774 1276 2832 ridendo
1304 2781 1678 2837 contendebat.
1704 2783 1841 2839 Tum
1873 2800 2026 2840 revo-

445 2859 553 2914 luta
598 2861 789 2931 pagina
841 2865 1016 2921 socius
1061 2869 1267 2938 magica
1304 2872 1498 2940 scripta
1551 2874 1772 2929 invenit.
1820 2875 2026 2933 Accidit

445 2959 621 3004 autem
654 2960 711 3006 ut
737 2952 923 3009 eodem
955 2965 1194 3026 tempore
1222 2960 1372 3015 miles
1396 2963 1665 3019 transiret.
1692 2965 1825 3020 llinc
1853 2975 2025 3023 terror

446 3048 732 3125 utrumque
753 3043 979 3110 invasit;
1014 3047 1204 3103 librum
1235 3051 1466 3122 abjicere
1496 3069 1599 3109 non
1626 3056 1923 3125 audebant,
1958 3074 2023 3116 ne

447 3133 749 3191 viderentur
768 3137 883 3207 ejus
904 3148 1149 3197 auctores
1165 3158 1302 3199 esse.
1323 3145 1557 3201 Tandem
1579 3165 1708 3204 vero
1725 3150 2020 3222 proiecere,

449 3235 500 3279 et
536 3226 643 3280 Deo
664 3227 884 3296 juvante
910 3247 940 3285 a
957 3233 1201 3302 periculo
1221 3237 1388 3306 erepti
1419 3247 1562 3293 sunt.

513 3314 883 3374 Monachorum
936 3323 989 3376 in
1043 3324 1293 3380 montibus
1346 3329 1625 3386 Antiochia!
1679 3332 1852 3387 vicinis
1900 3335 2020 3389 vita.

444 3405 641 3462 --iloc
671 3408 910 3465 fortassis
937 3424 1128 3469 eventu
1160 3418 1442 3486 perculsus
1468 3420 1723 3489 Joannes,
1752 3439 2022 3481 secessum

442 3496 509 3549 ad
538 3502 859 3554 monasteria
897 3503 949 3555 in
978 3506 1246 3561 montibus
1275 3507 1570 3564 Antiochia:
1599 3512 1783 3568 vicinis
1815 3515 1983 3583 posita
2011 3558 2024 3576 .

441 3601 599 3653 quem
635 3587 837 3654 jamdiu
880 3593 1060 3648 animo
1101 3609 1447 3664 conceperat,
1489 3601 1761 3656 ardentius
1801 3605 2023 3673 appetiit

441 3675 611 3745 (Pall.
647 3678 787 3735 Dial.
811 3701 865 3752 ρ.
904 3682 1014 3751 il).
1046 3685 1228 3757 Neque
1272 3691 1412 3743 enim
1448 3691 1522 3744 illi
1553 3693 1841 3764 quidquam
1882 3713 2017 3765 pra--

440 3769 689 3826 stabilius
723 3774 1000 3830 videbatur
1045 3793 1165 3833 esse
1207 3781 1309 3835 vita
1353 3781 1461 3846 illa,
1507 3800 1624 3854 qua:
1674 3795 1782 3841 tota
1829 3788 2021 3846 divinis

443 3858 607 3915 rebus
635 3862 842 3919 addicta
880 3878 1041 3922 esset.
1088 3869 1153 3924 Et
1192 3870 1306 3940 ipse
1334 3873 1547 3943 quidem
1574 3876 1682 3945 jam
1719 3894 1879 3945 penes
1911 3897 2021 3935 ma-

443 3956 581 4004 trem
606 3952 768 4009 ritam
798 3955 1025 4013 ducebat
1056 3963 1364 4017 monastieze
1404 3980 1507 4019 non
1549 3966 1865 4033 absimilem,
1903 3985 2022 4040 pre-

438 4040 661 4107 cationi,
688 4042 904 4114 jejuniis
927 4088 942 4111 ,
975 4049 1185 4119 vigiliis,
1218 4051 1613 4122 Scripturarum
1643 4057 1856 4113 lectioni
1883 4063 2018 4115 assi—

439 4129 549 4184 due
578 4133 830 4201 intentus,
863 4137 1098 4194 inclusus
1128 4157 1340 4212 semper
1370 4160 1610 4215 manens,
1639 4157 1693 4203 et
1713 4163 2019 4221 segregatus

437 4234 468 4272 a
490 4223 686 4277 sarculo
712 4235 761 4279 et
779 4240 809 4281 a
836 4229 1179 4285 smcularibus
1197 4235 1454 4304 negotiis;
1476 4246 1707 4294 attamen
1730 4240 1794 4295 ad
1813 4254 2020 4300 montes

440 4308 586 4365 illum
620 4316 872 4371 evocabat
902 4319 1005 4374 vita
1035 4322 1120 4376 illa
1153 4325 1533 4382 monachorum
1569 4332 1827 4401 angelica,
1857 4351 2015 4403 quam

439 4416 546 4457 non
578 4405 742 4460 semel
775 4408 886 4478 ipse
914 4409 1184 4469 describit.
1218 4416 1295 4471 llli
1333 4434 1586 4489 namque,
1615 4423 1704 4492 qui
1743 4427 2016 4481 saecularia

438 4493 616 4550 omnia
638 4495 1029 4566 abdicaverant,
1058 4504 1147 4560 diu
1186 4517 1310 4563 ante
1339 4508 1510 4565 lucem
1536 4513 1770 4581 quotidie
1797 4529 2017 4585 surgere

438 4598 843 4661 consueverant,
872 4603 927 4651 et
968 4612 1070 4653 una
1113 4600 1320 4655 collecti
1359 4616 1544 4671 preces
1580 4603 1872 4660 fundebant
1912 4608 2016 4661 Do-

437 4678 586 4734 mino
624 4684 1009 4754 supplicantes,
1058 4698 1114 4744 ut
1162 4691 1212 4743 in
1248 4691 1426 4747 medio
1470 4694 1823 4761 periculorum
1861 4695 2016 4765 hujus

437 4767 565 4823 vita:
589 4771 739 4827 illaisi
765 4777 1121 4842 praeterirent,
1144 4793 1207 4834 ac
1235 4780 1451 4837 demum
1481 4792 1603 4838 ante
1629 4784 1863 4840 tribunal
1884 4786 2015 4842 illud

431 4867 732 4913 extremum
768 4859 887 4914 sine
929 4870 1075 4914 metu
1125 4870 1181 4914 et
1226 4860 1425 4917 damno
1468 4864 1807 4921 accederent.
1837 4866 2022 4923 Tunc-

430 4967 539 5022 que
579 4959 862 5021 surgeutcs
900 4949 1063 5005 horas
1091 4953 1380 5006 matutinas
1408 4954 1731 5023 psallebant,
1779 4974 1877 5013 nec
1903 4975 2022 5014 mo-

433 5044 556 5099 dico
608 5044 660 5098 iu
713 5043 798 5098 his
836 5044 1025 5100 officiis
1074 5046 1346 5114 insumpto
1390 5057 1653 5116 tempore,
1685 5052 1749 5106 ad
1782 5053 2019 5109 laborem

434 5150 690 5191 manuum
722 5134 1103 5205 properabant.
1141 5135 1277 5190 Tum
1317 5137 1407 5191 alii
1451 5147 1649 5194 terram
1693 5141 1897 5210 fodere,
1930 5148 2020 5203 alii

433 5227 582 5281 olera
623 5233 678 5281 et
718 5225 990 5296 legumina
1033 5242 1252 5293 curare,
1302 5228 1393 5284 alii
1432 5243 1624 5300 aquam
1668 5245 1898 5303 gestare,
1932 5238 2021 5293 alii

433 5317 598 5373 cistas
645 5328 700 5372 et
755 5317 928 5373 cilicia
982 5319 1193 5390 aliaque
1246 5320 1551 5392 hujusmodi
1605 5334 1792 5380 texere
1850 5345 1864 5380 :
1922 5344 2023 5385 nec

432 5409 658 5465 deerant
705 5409 799 5480 qui
855 5409 1005 5466 libris
1050 5414 1349 5471 scribendis
1403 5422 1457 5470 et
1506 5417 1877 5473 exscribendis
1923 5420 2022 5475 da-

435 5512 558 5558 rent
585 5517 803 5574 operam
838 5501 926 5575 (T.
954 5504 1006 5559 7.
1037 5522 1084 5559 ε.
1117 5505 1241 5562 645.
1272 5525 1325 5562 u.
1357 5509 1410 5563 5.
1441 5507 1566 5563 651.
1601 5527 1653 5564 η.
1699 5510 1751 5564 5.
1785 5510 1846 5564 Τ.
1890 5514 1938 5567 t.
1972 5531 2020 5567 c.

435 5595 559 5651 διδ.
581 5612 633 5649 η.
662 5595 739 5668 δ).

501 5690 715 5749 Partem
785 5691 944 5748 etiam
1012 5691 1390 5748 matutinarum
1460 5692 1713 5749 horarum
1776 5692 2010 5764 legendis

2133 406 2187 462 S.
2216 405 2502 476 Scriptura:
2531 405 2678 460 libris
2705 404 3039 459 iusumebaut
3064 447 3077 470 ,
3112 404 3341 476 Indeque
3366 406 3620 477 quidquid
3657 410 3725 464 ad

2134 497 2419 551 severioris
2471 495 2766 565 disciplinae
2817 497 2984 566 legem
3032 497 3320 565 pertineret
3368 496 3707 553 hauriebam.

2135 586 2378 643 Universi
2410 602 2592 658 porro,
2625 598 2734 640 tum
2765 588 2796 640 ii
2822 588 2913 666 qui
2937 586 3246 642 excolendae
3278 597 3437 643 terra:
3463 592 3723 644 exercitio

2133 693 2253 734 sese
2279 678 2556 743 dederant,
2599 687 2711 733 tum
2749 680 2839 734 alii
2880 681 2968 749 qui
3015 680 3068 733 in
3109 679 3319 735 cellulis
3360 680 3473 735 suis
3505 686 3720 738 texendi

2133 769 2217 824 vel
2245 769 2540 826 consuendi
2571 770 2802 825 officium
2843 769 3187 841 peragebant,
3221 780 3480 842 perpetuo
3503 771 3722 828 silentio

2132 860 2330 916 addicti
2357 870 2535 917 erant.

2204 951 2261 1006 Si
2288 962 2463 1007 tamen
2488 951 2770 1007 smculares
2791 951 2974 1024 aliqui,
3005 960 3112 1008 tam
3143 967 3199 1008 sa
3211 961 3349 1009 ncte
3368 996 3386 1022 ,
3419 962 3527 1009 tam
3555 965 3720 1011 arcta:

2132 1041 2256 1096 vita:
2295 1043 2433 1097 fama
2472 1042 2722 1113 permoti,
2764 1042 2829 1096 ad
2865 1043 3085 1098 cellulas
3131 1059 3316 1099 eorum
3362 1045 3715 1112 accederent;

2133 1146 2237 1186 non
2274 1132 2385 1203 jam
2425 1134 2671 1190 tacebant
2703 1135 2798 1200 illi,
2840 1134 2934 1190 sed
2968 1135 3036 1190 de
3078 1136 3143 1191 iis
3167 1151 3288 1206 qua:
3330 1135 3396 1192 ad
3438 1139 3720 1207 praesentis

2132 1223 2255 1277 vita:
2285 1233 2645 1294 contemptum
2670 1233 2724 1280 et
2756 1223 2945 1279 futurae
2973 1225 3582 1296 beatmquedesiderium
3603 1229 3720 1283 alli-

2131 1328 2257 1368 cere
2298 1324 2542 1383 poterant
2573 1315 2711 1371 baud
2753 1316 3018 1371 illibentcr
3059 1317 3221 1373 verba
3247 1316 3529 1373 faciebant.
3564 1318 3718 1375 Unde

2132 1404 2398 1460 interdum
2444 1405 2742 1473 accidebat,
2787 1417 2847 1463 ut
2890 1408 2925 1463 ii
2971 1409 3061 1479 qui
3108 1408 3207 1465 hos
3255 1409 3517 1464 inviscndi
3555 1427 3717 1483 causa

2133 1501 2336 1550 tantum
2380 1506 2659 1563 venerant,
2704 1497 2796 1553 illo
2839 1498 3067 1567 perculsi
3110 1500 3439 1570 spectaculo,
3483 1500 3716 1572 idipsum

2131 1584 2254 1641 vine
2279 1602 2448 1658 genus
2474 1589 2946 1659 amplecterentur.

2204 1677 2328 1733 Dies
2364 1679 2416 1733 in
2449 1689 2628 1750 partes
2658 1690 2885 1751 quatuor
2917 1680 3196 1736 distributa
3236 1682 3375 1753 apud
3413 1683 3528 1739 illos
3558 1697 3710 1753 erat;

2130 1767 2353 1837 singulae
2398 1784 2525 1823 vero
2566 1779 2745 1839 partes
2796 1770 2981 1826 divino
3025 1772 3202 1827 ofﬁcio
3254 1776 3711 1841 terminabantur;

2129 1854 2309 1912 Tertia
2336 1873 2550 1929 nempe,
2582 1858 2762 1928 Sexta,
2790 1860 2938 1915 Nona
2958 1871 3018 1916 et
3043 1862 3315 1932 Vesperis,
3339 1881 3458 1934 quae
3486 1867 3713 1923 alternis

2128 1947 2305 2004 choris
2355 1949 2684 2019 psalmorum
2738 1960 2899 2007 cantu
2946 1952 3374 2009 celebrabantur.
3424 1955 3713 2026 Postquam

2127 2056 2258 2096 vero
2279 2042 2472 2112 jejuni,
2491 2042 2632 2122 diem
2660 2052 2828 2099 totum
2858 2044 2910 2099 in
2933 2044 3204 2120 precibus,
3228 2045 3412 2101 labore
3435 2062 3708 2113 manuum,

2130 2133 2369 2203 psalmis,
2416 2148 2570 2190 sacra
2609 2135 2838 2191 lectione
2878 2145 3269 2207 transegerant,
3302 2137 3367 2192 ad
3397 2138 3571 2193 cibum
3615 2156 3711 2194 su-

2129 2224 2379 2280 mendum
2403 2225 2616 2281 tandem
2635 2226 3042 2282 conveniebant.
3061 2228 3241 2283 Cinnae
3260 2236 3547 2297 apparatus
3570 2238 3713 2285 totus

2128 2324 2246 2371 erat
2283 2316 2433 2386 panis
2459 2331 2581 2370 cum
2620 2316 2761 2384 sale,
2796 2317 2959 2387 aliqui
2994 2311 3172 2372 oleum
3212 2317 3507 2382 addebant,
3554 2334 3712 2373 senes

2128 2414 2306 2461 autem
2348 2416 2402 2462 et
2440 2407 2762 2462 infirmiores
2804 2406 2950 2462 olera
2994 2408 3079 2463 vel
3121 2408 3383 2480 legumina
3425 2427 3439 2463 :
3477 2425 3613 2479 aqua
3656 2412 3709 2464 iu

2128 2505 2312 2568 potum
2355 2498 2486 2553 satis
2530 2504 2665 2555 erat.
2710 2499 2839 2554 Post
2880 2513 3088 2554 cmnam
3133 2500 3263 2554 fusis
3306 2500 3552 2570 precibus
3595 2502 3708 2556 Deo

2127 2590 2325 2660 gratias
2348 2591 2597 2661 agebant,
2624 2591 2922 2663 exindeque
2950 2592 3200 2649 sedentes
3225 2607 3331 2648 una
3360 2593 3427 2648 de
3452 2593 3613 2649 rebus
3636 2596 3705 2649 ad

2129 2684 2356 2739 salutem
2384 2692 2438 2738 et
2466 2683 2740 2739 caelestem
2767 2684 2927 2739 vitam
2958 2684 3319 2755 spectantibus
3347 2685 3509 2741 verba
3543 2685 3707 2742 facie-

2126 2774 2275 2843 bant,
2303 2774 2517 2829 demum
2559 2774 2690 2830 fusis
2728 2775 2995 2846 precibus,
3028 2776 3084 2831 in
3113 2776 3307 2831 storeis
3346 2775 3491 2830 humi
3521 2778 3710 2845 positis

2126 2865 2406 2932 cubantes,
2432 2866 2745 2921 tenuissimo
2783 2865 2903 2921 cibo
2938 2879 3184 2921 somnum
3214 2866 3545 2920 levissimum
3575 2868 3707 2920 sub-

2126 2955 2484 3020 ministrante,
2533 2956 2739 3025 aliquot
2781 2955 2929 3011 horis
2981 2955 3345 3026 quiescebant,
3386 2955 3709 3026 demumque

2126 3044 2380 3116 praefecto
2405 3046 2592 3102 leviter
2619 3055 2996 3103 commonente
3026 3057 3080 3102 et
3107 3047 3224 3102 sine
3252 3047 3476 3116 strepitu
3506 3062 3719 3116 (ξιμον-ν

2126 3135 2342 3207 gefacti,
2371 3138 2660 3208 surgebant
2682 3138 2749 3193 ad
2775 3138 2951 3208 priora
2976 3137 3288 3208 repetenda.
3304 3138 3542 3193 Vestitus
3563 3147 3707 3194 torus

2126 3242 2190 3283 ex
2219 3228 2339 3298 pilis
2362 3243 2641 3299 caprarum
2661 3229 2744 3285 vel
2763 3229 3090 3286 camelorum
3114 3238 3247 3295 erat,
3270 3236 3365 3285 aut
3387 3244 3452 3285 ex
3480 3230 3707 3301 pellibus

2128 3334 2225 3374 usu
2257 3319 2416 3376 tritis.

2197 3414 2276 3469 Ex
2315 3430 2564 3470 manuum
2605 3413 2787 3471 labore
2828 3429 2932 3470 non
2976 3414 3076 3470 sibi
3118 3413 3280 3470 modo
3309 3413 3508 3469 victum
3542 3426 3707 3489 para-

2126 3502 2287 3567 bant;
2333 3505 2430 3559 sed
2479 3518 2599 3558 cum
2650 3503 2722 3559 ita
2776 3504 2952 3559 tenuis
2999 3518 3150 3558 omna
3200 3516 3452 3573 perquam
3498 3503 3703 3557 minimi

2126 3604 2371 3664 sumptus
2392 3604 2684 3665 csset,qua‘.
2705 3603 3018 3665 supererant
3044 3595 3215 3648 omnia
3239 3595 3559 3666 pauperibus
3585 3612 3709 3649 eru-

2125 3684 2339 3754 gabant.
2368 3685 2423 3740 Si
2450 3686 2569 3756 quis
2590 3701 2720 3741 vero
2745 3686 2939 3755 hospes
2960 3686 3259 3752 accederet,
3287 3687 3519 3742 libenter
3541 3701 3571 3740 a
3598 3702 3708 3740 mo.

2126 3777 2311 3832 nachis
2335 3779 2718 3849 excipiebatur,
2737 3777 2970 3849 quilotis
2991 3779 3104 3848 ejus
3131 3777 3373 3847 pedibus,
3391 3793 3525 3848 quos
3538 3793 3705 3848 penes

2126 3882 2185 3922 se
2212 3868 2476 3922 habebant
2499 3867 2648 3923 cibos
2679 3869 2775 3937 ipsi
2803 3868 3296 3933 subministrab:mt,
3327 3868 3499 3936 deque
3524 3884 3704 3923 rerum

2126 3968 2452 4014 terrenarum
2495 3957 2632 4014 fluxa
2667 3960 2973 4014 conditione
3010 3961 3408 4030 czclestiuntque
3449 3960 3723 4017 felicitate'

2124 4051 2287 4106 verba
2319 4050 2599 4116 faciebant,
2630 4058 2689 4105 ut
2717 4065 2877 4121 supra
2897 4050 3146 4105 diximus.

2199 4141 2346 4197 Hanc
2382 4143 2504 4196 vita:
2534 4142 2793 4197 rationem
2833 4142 3103 4212 suscipere
3127 4142 3360 4197 Joannes
3396 4151 3579 4197 noster
3600 4156 3705 4196 'cu-

2125 4232 2320 4302 piebat,
2371 4241 2533 4302 utque
2574 4231 2640 4286 ad
2680 4232 2824 4287 illam
2868 4246 2927 4286 se
2968 4240 3323 4301 compararet,
3360 4233 3517 4286 etiam
3557 4232 3702 4285 domi

2124 4323 2376 4377 exercitia
2416 4322 2659 4392 qmcdam
2698 4321 2987 4377 monastiea
3021 4322 3357 4387 sectabatur;
3400 4336 3588 4375 verum
3633 4321 3705 4373 ab

2125 4414 2228 4469 hoc
2276 4415 2550 4485 proposito
2596 4414 2903 4470 deterrebat
2945 4413 3091 4469 illum
3136 4414 3258 4469 vita;
3300 4413 3562 4483 asperitas
3610 4412 3704 4467 illa

2121 4521 2277 4576 quam
2308 4506 2467 4561 modo
2491 4505 2893 4577 descripsimus.
2921 4506 2995 4560 Ea
3023 4504 3091 4560 de
3117 4521 3178 4560 re
3196 4504 3488 4560 audiendus
3511 4503 3600 4558 ille
3618 4510 3706 4559 est

2111 4602 2218 4673 (Ad
2241 4599 2549 4654 Demetrium
2571 4599 2634 4651 de
2655 4600 2834 4667 Cmup.
2859 4605 2899 4651 t.
2922 4597 2975 4651 1.
2990 4611 3037 4648 c.
3058 4595 3185 4650 405.
3206 4594 3244 4648 ι.
3264 4593 3384 4663 25):
3400 4592 3525 4647 Cum
3540 4607 3704 4660 nuper

2110 4708 2204 4764 ego
2223 4691 2571 4755 decrevissem,
2590 4689 2770 4743 relicta
2796 4685 2935 4751 urbe,
2965 4685 3036 4739 ad
3063 4684 3392 4739 tabemacula
3419 4680 3697 4735 monacho-

2114 4803 2229 4842 nmt
2244 4786 2494 4851 secedere,
2517 4783 2733 4840 sollicite
2745 4780 3027 4849 qucrebam
3045 4791 3093 4833 et
3111 4777 3426 4843 sciscitabar,
3449 4775 3713 4831 undenam‘

2121 4871 2515 4923 necessariorum
2541 4878 2848 4923 commeatus
2875 4868 3146 4938 adfuturus
3168 4877 3326 4933 esset,
3359 4876 3405 4920 ct
3430 4881 3551 4920 num
3585 4865 3700 4932 fieri

2120 4969 2285 5029 posset
2315 4969 2368 5014 ut
2398 4961 2545 5031 panis
2572 4975 2744 5014 recens
2769 4967 2816 5012 ct
2843 4959 3060 5013 diurnas
3088 4959 3430 5012 comederetur
3453 4971 3472 5008 :
3498 4972 3564 5007 an
3586 4955 3719 5026 quis-

2122 5070 2202 5107 mc
2228 5062 2494 5107 coacturus
2532 5059 2657 5106 esset
2693 5050 2867 5106 eodem
2902 5050 2978 5105 uti
3017 5050 3129 5104 oleo
3168 5065 3259 5119 pro
3301 5048 3503 5101 lucema
3532 5055 3580 5098 et
3609 5061 3707 5113 pro

2120 5144 2267 5208 cibo;
2299 5159 2367 5197 an
2406 5143 2520 5212 quis
2559 5158 2638 5196 me
2666 5140 2976 5213 impulsurus
3013 5141 3083 5194 ad
3121 5139 3353 5193 miseram
3393 5136 3705 5207 leguminum

2120 5250 2320 5299 escam;
2359 5249 2426 5286 an
2467 5233 2817 5305 assignaturus
2853 5246 2982 5300 opus
3023 5229 3231 5293 durum,
3266 5236 3320 5280 ut
3358 5237 3465 5287 est,
3507 5226 3700 5296 fodere,

2121 5327 2260 5397 ligna
2288 5324 2505 5397 deferre,
2540 5341 2726 5395 aquam
2748 5332 3086 5393 comportare,
3118 5330 3166 5375 et
3194 5329 3374 5375 cratera
3404 5318 3573 5373 omnia
3603 5316 3703 5369 im-

2112 5418 2341 5488 jnsmodi
2380 5416 2691 5482 ministeria;
2726 5425 2773 5470 et
2807 5398 3189 5469 etsummatim
3224 5413 3411 5477 dicam,
3438 5410 3597 5464 mlta
3636 5408 3703 5463 dc

2119 5510 2280 5579 quiete
2301 5509 2528 5579 corporis
2552 5507 2902 5579 percontabar.
2929 5508 2997 5561 At
3027 5506 3125 5561 bos
3148 5506 3251 5568 ille,
3279 5504 3369 5574 qui
3390 5517 3512 5558 sese
3532 5501 3703 5555 menti

2120 5602 2415 5657 offerebant
2460 5602 2660 5666 obices,
2714 5599 2925 5655 virtutis
2972 5608 3029 5655 et
3072 5597 3361 5653 severioris
3406 5592 3703 5663 disciplinae

2122 5708 2305 5749 amore
2340 5692 2547 5760 ductus,
2580 5690 2796 5748 tandem
2833 5688 3123 5761 superavit,
3154 5695 3211 5744 et
3234 5685 3303 5743 ad
3326 5685 3415 5743 illa
3441 5682 3707 5740 montium
