4110 6148
366 391 432 448 ss
1575 383 1755 441 nunc
1796 379 2057 439 PRIMUM
2098 379 2488 437 soon-san.
3024 434 3026 436 ,
3568 401 3635 456 9,,

367 501 704 557 hibernacula
727 500 1068 555 conscendit:
1088 500 1215 554 nihil
1237 509 1453 568 patuere
1477 498 1662 552 matris
1684 511 1869 567 preces
1895 504 1948 551 et

363 594 628 663 lacrymze,
662 601 720 646 ut
745 593 889 646 illum
910 599 1215 648 averterent
1239 609 1268 646 a
1293 600 1399 644 tam
1429 589 1945 658 salubriproposito,

361 684 450 738 sed
484 684 687 738 Christi
717 685 942 738 consilio
969 683 1250 752 obtemper
1287 701 1314 734 ιι
1351 722 1366 748 ,
1396 690 1621 736 matrem
1648 679 1864 750 reliquit
1891 687 1949 734 ut

363 772 530 844 ipsum
558 783 894 843 sequeretur.

425 865 654 920 Joannes
679 867 732 920 in
759 867 1062 920 monasterio
1082 882 1242 919 annos
1261 883 1291 935 q
1363 874 1477 918 tuor
1502 863 1829 934 transigit.—
1847 863 1945 919 Illo

356 970 476 1010 cum
505 956 744 1010 venisset
774 955 944 1027 (Anno
977 957 1101 1011 574.
1133 955 1212 1010 vel
1247 956 1282 1011 3
1318 954 1352 1010 5
1379 954 1626 1025 ineunte),
1665 954 1718 1008 in
1749 945 1972 1024 Syrum'

354 1049 641 1118 quemdam
683 1049 900 1117 incidit,
938 1047 1292 1104 severissima:
1320 1046 1614 1116 disciplina;
1653 1061 1858 1113 senem,
1889 1053 1944 1100 et

356 1141 570 1196 duriora
599 1140 720 1210 ejus
739 1142 860 1195 vita:
880 1141 1122 1195 instituta
1148 1139 1385 1194 imitatus
1411 1147 1496 1193 est
1514 1137 1670 1191 annis
1692 1147 1938 1207 quatuor,

355 1233 561 1288 luctans
582 1249 705 1288 cum
731 1233 1064 1302 voluptatum
1087 1232 1342 1300 scopulis,
1365 1245 1499 1301 quos
1527 1230 1684 1285 facile
1705 1245 1812 1284 non
1834 1237 1942 1283 tam

354 1326 539 1380 labore
570 1340 728 1395 quam
759 1325 968 1380 ratione
997 1323 1267 1395 superavit
1291 1321 1522 1391 (Pallad.
1551 1338 1604 1390 p.
1636 1321 1748 1391 41).
1776 1319 1942 1374 Paulo

349 1429 638 1486 postquam
668 1417 734 1471 ad
773 1426 986 1470 montes
1015 1413 1299 1470 secedendi
1329 1428 1490 1468 causa
1527 1428 1588 1467 se
1620 1410 1938 1478 contulerat,

351 1523 382 1561 a
411 1507 683 1562 Demetrio
720 1507 894 1560 amico
934 1513 1152 1575 rogatus
1191 1505 1382 1559 librum
1423 1503 1490 1557 de
1517 1502 1942 1571 Compunctione

349 1601 541 1656 edidit.
598 1600 710 1654 lloc
755 1599 984 1668 primum
1030 1598 1300 1669 specimen
1353 1595 1502 1651 dedit
1551 1594 1828 1665 scriptoris
1872 1593 1940 1648 ad

351 1708 562 1747 summa
603 1692 712 1745 nati
752 1710 766 1746 :
801 1691 886 1745 hic
933 1690 1186 1760 quidquid
1230 1689 1296 1744 ad
1335 1687 1665 1744 suadendum
1713 1686 1939 1743 validius

348 1784 642 1855 excogitari
675 1791 848 1853 potest
878 1783 1181 1837 adhibetur.
1225 1782 1350 1837 Post
1391 1781 1534 1836 hunc
1579 1795 1707 1836 vero
1746 1780 1938 1835 librum

348 1877 415 1930 ad
447 1876 778 1931 Stelechium
815 1875 1042 1930 alterum
1082 1874 1150 1929 de
1182 1873 1610 1943 Compunctione
1637 1872 1938 1926 ardentiore

347 1971 495 2040 style
514 1968 680 2022 misit.
712 1968 765 2022 In
809 1968 978 2036 primo
1005 1966 1070 2021 ad
1103 1967 1424 2021 Demetrium
1453 1981 1511 2020 se
1548 1979 1719 2034 nuper
1753 1964 1831 2019 ad
1856 1975 1937 2018 ta-

347 2058 636 2114 bernacula
667 2057 1046 2112 monachorum
1075 2057 1334 2114 accedere
1361 2057 1662 2112 decrevisse
1681 2056 1774 2124 ait,
1802 2064 1855 2110 ct
1882 2056 1936 2111 in

345 2149 705 2218 sequentibus
735 2165 792 2203 se
822 2149 931 2202 illic
959 2158 1070 2202 tum
1096 2148 1299 2202 versari
1333 2147 1565 2202 insinuat
1593 2164 1607 2200 :
1639 2161 1805 2217 quare
1832 2161 1936 2200 una

347 2239 452 2292 fuit
482 2239 724 2293 omnium
749 2240 930 2309 opinio
957 2239 1059 2293 hoc
1080 2253 1213 2309 opus
1239 2238 1471 2294 edidisse
1491 2237 1751 2294 Joannem
1777 2237 1938 2308 paulo

343 2343 634 2404 postquam
663 2333 745 2387 ad‘
781 2333 1104 2387 monasteria
1142 2347 1200 2387 se
1229 2331 1548 2399 contulerat,
1583 2339 1640 2385 et
1674 2346 1797 2386 cum
1829 2331 1937 2385 illic

345 2435 689 2482 versaretur.
717 2426 916 2480 Verum
943 2425 1313 2479 Tillemontius
1338 2433 1522 2478 contra
1551 2423 1687 2478 hanc
1717 2432 1935 2478 senten-

342 2523 496 2584 tiam,
531 2535 688 2589 quam
721 2527 897 2573 tamen
936 2518 1156 2572 omnino
1197 2533 1300 2572 non
1332 2517 1558 2587 respuit,
1589 2531 1647 2571 se
1672 2516 1936 2571 validissi-

340 2627 494 2664 mum
520 2611 684 2664 telum
711 2620 1068 2680 contorquere
1097 2618 1265 2677 putat,
1292 2623 1413 2664 cum
1440 2609 1534 2674 ait,
1564 2607 1650 2662 hic
1674 2607 1934 2663 Joannem

338 2706 416 2757 ita
458 2704 622 2774 loqui,
664 2713 723 2758 ut
751 2712 860 2757 tum
898 2703 1176 2773 presbyter
1215 2701 1379 2757 fuisse
1413 2717 1632 2771 prorsus
1669 2700 1930 2755 videatur.

340 2795 546 2848 Verum
576 2806 632 2848 ut
659 2795 708 2848 in
736 2795 933 2848 Μοιιὶιο
953 2793 1018 2848 ad
1046 2793 1187 2848 hunc
1213 2793 1402 2847 librum
1426 2793 1676 2859 diximus,
1699 2791 1934 2846 utetiam

338 2889 656 2940 monuimus
693 2897 817 2941 ante
858 2886 1051 2940 librum
1095 2884 1162 2940 de
1193 2885 1526 2955 Virginitate,
1563 2885 1635 2940 ita
1676 2885 1936 2942 familiare

337 2992 426 3033 est
451 2979 858 3049 Chrysostomo,
879 2978 1144 3032 variorum
1171 2992 1455 3048 personam
1479 2977 1718 3042 induere,
1743 2993 1935 3048 nempe

334 3073 744 3141 episcoporum,
790 3071 1247 3141 presbyterorum,
1282 3070 1389 3124 imo
1419 3070 1580 3125 etiam
1623 3070 1934 3142 conjugato-

335 3180 486 3225 rum,
527 3161 668 3232 quod
701 3162 960 3231 exemplis
985 3161 1383 3231 comprobatur,
1424 3170 1483 3215 ut
1518 3162 1652 3216 nihil
1691 3161 1815 3216 hinc
1853 3165 1934 3217 in-

336 3255 472 3306 ferri
504 3267 659 3323 posse
683 3253 900 3306 omnino
921 3253 1185 3308 videntur.
1202 3252 1435 3322 Tempus
1462 3251 1622 3322 igitur
1641 3253 1730 3308 ille
1747 3264 1934 3324 aperte

333 3346 568 3407 indicat.
623 3361 743 3399 cum
798 3353 982 3399 narrat
1028 3359 1090 3400 se
1137 3360 1308 3415 nuper
1353 3345 1421 3400 ad
1474 3347 1795 3402 monasteria
1847 3361 1934 3404 se-

330 3437 593 3495 cessisse.

420 3528 608 3582 Scribit
641 3527 880 3581 adversus
914 3535 1284 3598 Oppugnatores
1313 3528 1427 3582 vitae
1458 3527 1750 3583 monastica:
1775 3529 1934 3583 alios-

332 3640 460 3693 que.
506 3652 580 3662 ——-
636 3621 830 3676 Valens
881 3621 1215 3690 Imperator,
1262 3621 1352 3690 qui
1402 3622 1651 3675 Arianam
1699 3621 1929 3678 haeresin

335 3715 672 3779 sectabatur,
704 3715 817 3768 dira
851 3715 900 3768 in
926 3713 1264 3781 Catholicos,
1308 3715 1644 3785 maximeque
1671 3715 1722 3769 in
1746 3731 1930 3770 mona-

334 3809 478 3861 chos
509 3806 722 3859 molitus
750 3813 852 3859 est.
883 3805 1187 3874 Tamenque
1207 3846 1222 3872 ,
1250 3804 1376 3860 dum
1405 3803 1571 3860 frater
1596 3806 1711 3875 ejus
1737 3805 1930 3861 Valen-

336 3898 580 3951 tinianus
607 3897 723 3966 pius
749 3905 800 3950 et
825 3896 1130 3950 Catholicus
1159 3896 1400 3962 viveret,
1435 3911 1503 3950 ne
1533 3895 1750 3951 fratrem
1779 3912 1932 3951 com-

336 3997 610 4053 moveret,
639 4003 665 4038 a
689 3988 967 4041 vexatione
997 3986 1274 4041 inferenda
1297 3985 1608 4041 desistebat.
1642 3986 1930 4056 Postquam

337 4087 526 4132 autem
554 4076 955 4130 Valentinianus
979 4091 1010 4130 c
1035 4075 1172 4130 vivis
1205 4084 1510 4130 excesserat
1546 4090 1687 4130 anno
1713 4077 1847 4142 574,
1880 4077 1932 4132 in

337 4167 654 4222 Catholicos
680 4165 893 4234 impune
918 4173 1225 4235 grassatur,
1271 4165 1606 4235 maximeque
1650 4165 1702 4218 in
1741 4181 1932 4220 mona-

336 4260 477 4314 chos
497 4299 512 4322 ,
562 4271 696 4326 quos
731 4257 888 4326 jussit
915 4273 980 4310 ex
1005 4256 1218 4311 sedibus
1248 4256 1405 4325 pelli,
1436 4256 1501 4310 ad
1532 4256 1772 4311 militiam
1800 4272 1930 4312 con-

337 4349 530 4413 scribi,
559 4359 616 4403 et
641 4349 690 4402 in
721 4364 962 4403 carceres
987 4348 1200 4416 conjici.
1227 4348 1312 4402 Sic
1343 4347 1676 4403 Antiochiam
1705 4351 1930 4404 tumultu

340 4453 661 4510 tcrroreque
703 4440 924 4510 replevit
968 4440 1088 4510 (An.
1112 4441 1236 4494 575.
1270 4440 1348 4493 vel
1372 4439 1524 4512 ⁸576).
1556 4440 1704 4495 Tunc
1731 4443 1933 4497 amicus

339 4533 563 4603 quidam
602 4532 822 4587 Joannis
862 4532 912 4585 in
944 4532 1228 4586 solitudine
1269 4532 1509 4603 degentis
1545 4533 1696 4588 illum
1724 4535 1854 4589 adiit
1879 4543 1934 4590 et

342 4633 595 4694 precatus
645 4632 766 4689 est,
824 4632 880 4676 ut
928 4623 1307 4678 monachorum
1352 4631 1408 4677 et
1456 4624 1763 4679 monasticae
1811 4625 1932 4681 vitae

340 4731 562 4768 causam
605 4713 916 4768 defenderet
955 4713 1157 4784 (Chrys.
1188 4723 1227 4769 ι.
1259 4714 1310 4767 1.
1351 4719 1450 4773 col.
1501 4717 1606 4772 ’520
1673 4725 1720 4768 et
1748 4716 1928 4787 scqq.).

342 4805 480 4860 Item
525 4817 630 4858 tam
657 4806 943 4858 immanem
973 4804 1057 4857 vix
1092 4803 1313 4857 credere
1340 4811 1550 4871 poterat
1571 4803 1804 4860 Joannes
1833 4822 1845 4858 :
1877 4814 1933 4860 at

345 4900 435 4952 ubi
462 4915 524 4953 ex
552 4897 940 4951 amicinarratu
968 4897 1298 4952 verissimam
1326 4911 1447 4951 esse
1475 4897 1755 4966 comperit,
1786 4905 1933 4953 tanto

346 4989 626 5057 perculsus
669 4987 853 5043 dolore
900 4989 1031 5056 fuit,
1090 4997 1147 5042 ut
1192 4988 1244 5041 in
1296 4987 1558 5059 lacrymas
1604 4998 1928 5058 erumperet,

347 5086 625 5153 Deumque
655 5091 959 5152 precaretur
980 5123 995 5150 ,
1027 5082 1105 5137 uti
1131 5097 1191 5137 se
1219 5097 1288 5136 ex
1324 5081 1426 5137 hac
1454 5081 1561 5136 vita
1591 5081 1828 5146 tolleret,
1861 5097 1930 5138 ne

341 5173 541 5229 similia
585 5173 768 5228 videre
812 5180 1112 5243 cogeretur.
1169 5171 1303 5226 Tum
1349 5172 1394 5225 is
1419 5171 1508 5241 qui
1539 5178 1794 5237 venerat,
1825 5187 1932 5226 non

339 5264 450 5332 jam
488 5273 699 5332 tempus
743 5262 1072 5334 lacrymandi
1111 5277 1230 5317 esse
1268 5261 1436 5328 dixit,
1483 5261 1577 5316 sed
1609 5270 1754 5315 tanto
1793 5263 1933 5316 malo

344 5355 736 5411 occurrendum
760 5370 908 5419 esse,
961 5354 1100 5426 quod
1131 5356 1243 5424 ipse
1281 5361 1525 5424 poterat,
1580 5353 1625 5407 si
1678 5354 1932 5422 scriptum

345 5448 567 5513 ederet,
622 5461 728 5516 quo
779 5446 1085 5501 violentiam
1141 5444 1444 5514 huiusmodi
1497 5443 1683 5499 sedare
1731 5452 1929 5512 posset.

345 5538 658 5610 Respondet
698 5538 931 5594 Joannes
976 5548 1216 5594 metuere
1244 5553 1302 5593 se
1333 5551 1400 5592 ne
1428 5536 1653 5606 gentiles
1683 5536 1934 5591 Ecclesiae

351 5633 440 5686 Dei
463 5632 806 5695 insultarent,
836 5631 881 5685 si
907 5632 1042 5685 mala
1073 5630 1186 5700 ejus
1206 5646 1269 5685 ex
1294 5630 1491 5699 scripto
1519 5643 1615 5682 suo
1644 5627 1931 5682 discerent.

350 5722 583 5791 llcponit
631 5721 756 5784 ille,
807 5721 952 5775 ista‘c
996 5720 1172 5774 omnia
1218 5718 1326 5788 jam
1370 5719 1597 5787 gentiles
1626 5731 1931 5786 cognosse:

351 5811 792 5884 Christianosque
842 5826 958 5869 esse
1001 5811 1299 5883 multosque
1346 5810 1443 5866 sibi
1488 5819 1639 5866 notos
1680 5807 1770 5881 qui
1812 5808 1934 5865 talia

2062 505 2447 564 perpetrarent.
2495 496 2628 552 Tum
2659 513 2785 555 vero
2819 499 3053 558 Joannes
3081 507 3308 564 amicum
3337 508 3635 584 dimittens,

2053 602 2112 641 se
2140 587 2191 641 id
2224 586 2482 644 facturum
2512 591 2782 660 pollicitus
2808 603 2890 649 est
2922 611 2937 647 :
2963 605 3123 667 atque
3149 597 3309 657 hosce
3332 611 3444 662 tres
3468 605 3636 664 libros

2050 680 2237 736 edidit.
2271 681 2470 737 Prioris
2495 683 2680 739 titulus
2705 693 2807 751 est,
2835 687 3088 744 Adversus
3117 691 3502 765 Oppugnatores
3518 699 3634 754 υξιω

2049 775 2342 827 monastica:
2369 789 2389 828 :
2417 773 2472 828 in
2495 776 2730 832 secundo
2749 819 2764 844 ,
2789 779 2874 833 cui
2900 779 3082 836 titulus
3105 824 3119 847 ,
3147 784 3230 840 Ad
3254 787 3511 856 inﬁdelem
3534 809 3634 862 ps-

2051 871 2205 929 trem,
2248 863 2388 918 idem
2426 875 2794 933 argumentum
2825 873 3162 943 persequitur
3189 893 3203 928 :
3236 875 3291 932 in
3325 881 3516 946 tertio,
3548 885 3634 940 cui

2051 952 2264 1018 titulus,
2296 954 2377 1008 Ad
2401 955 2602 1024 ﬁdelem
2627 967 2851 1027 patrem,
2881 975 2996 1016 rem
3025 966 3323 1022 accuratius
3352 972 3625 1041 expendit,

2047 1045 2386 1117 ostenditque
2425 1064 2584 1118 quam
2623 1050 2841 1108 difﬁcile
2882 1054 2952 1109 sit
2979 1055 3031 1109 in
3062 1058 3260 1112 mundo
3289 1066 3518 1120 versanti
3542 1054 3633 1122 ss-

2046 1137 2208 1194 lutem
2235 1141 2508 1211 consequi,
2539 1151 2594 1196 et
2610 1141 2747 1199 ﬁlios
2767 1146 3059 1202 secundum
3077 1148 3436 1209 Christianam
3461 1156 3632 1228 legem

2046 1230 2292 1288 educare.
2333 1231 2391 1287 ln
2417 1235 2776 1292 masculorum
2806 1253 2936 1294 vero
2962 1244 3334 1302 concubitores
3371 1252 3635 1310 acerrime

2050 1321 2362 1380 invehitur:
2395 1325 2538 1396 quod
2583 1328 2847 1386 nefarium
2893 1332 3067 1389 scelus
3091 1335 3388 1395 Antiochia:
3428 1341 3500 1397 ita
3546 1343 3632 1401 im-

2043 1415 2303 1494 valuerat,
2336 1425 2395 1471 ut
2421 1418 2714 1486 periculum
2747 1431 2910 1488 esset,
2939 1424 3128 1495 inquit,
3161 1443 3230 1484 ne
3255 1443 3421 1486 sexus
3441 1436 3633 1492 mulie-

2043 1505 2156 1561 bris
2197 1505 2309 1576 jam
2358 1509 2662 1577 superfluus
2715 1512 3038 1570 efﬁceretur.
3097 1517 3171 1573 lu
3206 1524 3442 1578 secundo
3495 1526 3634 1583 libro

2043 1595 2319 1651 historiam
2347 1599 2512 1654 refert
2551 1601 2827 1671 cujusdam
2864 1605 3020 1661 amici
3059 1608 3140 1662 sui
3165 1650 3180 1673 ,
3226 1613 3317 1680 qui
3352 1614 3634 1672 solitariam

2043 1686 2197 1740 vitam
2210 1688 2474 1757 amplexus
2495 1693 2707 1762 fuerat:
2735 1695 2881 1763 cujus
2900 1705 3044 1766 pater
3069 1698 3290 1768 inﬁdelis
3313 1715 3438 1773 erat,
3471 1708 3628 1777 dives,

2042 1787 2297 1848 spectatus
2325 1790 2372 1834 et
2399 1781 2729 1838 clarissimus.
2773 1783 2832 1839 Is
2876 1790 3095 1855 primum
3139 1796 3407 1850 concitavit
3442 1799 3634 1868 princi-

2043 1887 2150 1940 pes,
2177 1872 2399 1926 minatus
2419 1883 2492 1927 est
2519 1875 2740 1942 vincula,
2773 1878 3038 1950 ipsumque
3055 1883 3222 1952 ﬁlium
3249 1890 3480 1946 omnibus
3505 1910 3629 1948 exu-

2044 1971 2152 2018 tum
2179 1965 2232 2020 in
2258 1967 2428 2022 aliena
2452 1976 2586 2022 terra
2615 1969 2816 2040 reliquit
2839 2013 2854 2036 ,
2882 1976 3176 2030 necessariis
3199 1979 3351 2034 etiam
3378 1984 3631 2042 alimentis

2042 2065 2265 2124 egentem
2294 2073 2315 2110 :
2341 2057 2435 2112 hoc
2458 2059 2608 2113 modo
2633 2070 2819 2130 putans
2842 2077 2897 2118 se
2919 2063 3067 2118 illum
3085 2067 3349 2124 adsmculi
3371 2073 3523 2128 vitam
3551 2093 3631 2131 ro-

2043 2147 2337 2202 ducturum.
2355 2148 2635 2221 Postquam
2651 2162 2818 2207 autem
2829 2153 2977 2208 illum
3004 2157 3059 2210 in
3079 2159 3236 2212 nullo
3247 2161 3342 2215 sibi
3356 2164 3530 2220 cedere
3541 2169 3631 2222 ui-

2040 2237 2120 2291 dit
2133 2279 2147 2302 ,
2169 2239 2327 2294 uictus
2344 2241 2544 2295 tandem
2575 2243 2889 2312 palinodiam
2901 2247 3101 2301 cecinit.
3123 2248 3198 2303 Ac
3217 2265 3348 2306 nunc
3363 2253 3416 2308 in
3440 2255 3631 2314 honore

2042 2329 2207 2397 filium
2232 2331 2412 2399 habet,
2443 2350 2656 2405 euntque
2685 2337 2847 2407 magis
2866 2377 2882 2403 ,
2917 2341 3140 2408 quamvsi
3162 2353 3306 2412 pater
3332 2362 3453 2401 suus
3472 2361 3621 2419 esset,

2039 2429 2305 2474 veneratur
2334 2439 2352 2478 :
2378 2439 2590 2492 cumque
2613 2423 2746 2480 alios
2783 2426 2962 2482 habeat
3005 2430 3142 2498 ﬁlios
3164 2473 3182 2496 ,
3221 2446 3503 2505 spectatos,
3535 2457 3624 2498 eos

2039 2527 2103 2565 ne
2127 2513 2308 2584 dignos
2335 2516 2537 2584 quidem
2572 2519 2662 2590 qui
2695 2520 2822 2573 servi
2854 2521 3008 2592 hujus
3035 2523 3136 2577 sint
3170 2526 3446 2584 arbitratur
3476 2547 3496 2587 :
3517 2534 3628 2604 ipse

2040 2620 2244 2675 quoque
2268 2616 2474 2678 prapter
2503 2609 2668 2677 ﬁlium
2689 2609 2840 2682 longe
2864 2613 3050 2668 clarior
3069 2625 3161 2670 est.

2111 2696 2166 2750 In
2207 2698 2364 2752 tertio
2391 2707 2569 2754 autem
2599 2700 2738 2756 libro
2783 2703 3003 2760 alteram
3047 2706 3215 2764 refert
3241 2709 3517 2771 historiam
3539 2717 3627 2787 ju-

2038 2793 2192 2844 venis
2221 2791 2496 2861 cujusdam
2523 2793 2881 2863 nobilissimi,
2908 2797 3058 2868 cujus
3089 2801 3408 2876 paedagogus
3439 2823 3626 2866 mona-

2037 2881 2172 2935 chus
2196 2891 2331 2951 erat,
2360 2899 2392 2939 a
2419 2900 2526 2954 quo
2554 2886 2845 2959 paedagogo
2867 2898 3033 2945 totum
3054 2891 3289 2952 Joannes
3315 2897 3622 2958 edidicerat.

2038 2972 2270 3042 Hujusce
2298 2976 2447 3044 pueri
2469 2985 2619 3046 pater
2647 2979 2932 3035 Christiani
2962 2981 3135 3039 officia
3158 3000 3344 3054 parum
3377 2993 3618 3064 curabat,

2036 3073 2209 3119 mater
2248 3081 2376 3121 vero
2417 3067 2614 3136 pietate
2652 3071 2874 3139 praedita
2919 3083 3035 3128 erat
3071 3085 3128 3130 et
3171 3077 3457 3137 admodum
3500 3083 3627 3142 reli-

2036 3156 2206 3225 giosa.
2254 3157 2413 3212 Pater
2459 3157 2624 3214 lilium
2671 3159 2739 3216 ad
2786 3163 3072 3220 saecularcs
3117 3167 3290 3224 solum
3333 3171 3621 3242 dignitates

2037 3261 2354 3315 promovere
2399 3250 2699 3320 cogitabat;
2747 3262 2919 3307 mater
2948 3269 3082 3310 vero
3110 3255 3162 3311 id
3192 3275 3354 3316 unum
3376 3266 3618 3333 curabat,

2037 3346 2096 3392 ut
2135 3352 2231 3407 per
2259 3337 2380 3394 vita:
2426 3341 2760 3397 sanctitatem
2807 3359 3030 3415 regnum
3058 3349 3272 3407 caeleste
3301 3366 3620 3427 mereretur,

2035 3436 2090 3483 et
2117 3429 2330 3498 quidem
2363 3446 2458 3500 per
2487 3433 2610 3487 vita:
2651 3437 2962 3492 monasticae
2991 3441 3265 3498 exercitia.
3309 3443 3390 3500 Ex
3415 3447 3620 3506 educa-

2036 3519 2195 3575 tionis
2221 3529 2399 3576 autem
2425 3523 2584 3579 modo
2611 3533 2777 3581 totum
2806 3528 3069 3597 pendebat
3097 3549 3112 3586 :
3139 3547 3461 3608 quapropter
3486 3556 3622 3597 con-

2028 3609 2143 3681 jugi
2182 3611 2350 3666 suasit
2392 3621 2449 3668 ut
2477 3613 2626 3669 illum
2655 3616 2994 3674 Antiochiam
3025 3623 3302 3694 mitteret,
3333 3639 3389 3684 ut
3412 3629 3484 3686 ibi
3512 3633 3618 3689 lin-

2034 3717 2190 3771 guam
2229 3703 2470 3759 Latinam
2504 3715 2558 3761 et
2583 3706 2822 3763 Graecam
2848 3711 3109 3769 edisceret
3135 3727 3417 3788 antequam
3444 3721 3622 3781 balteo

2037 3794 2484 3864 precingeretur;
2527 3813 2649 3867 quae
2676 3797 2839 3855 baltei
2869 3803 3180 3872 prmcinctio
3209 3815 3333 3864 tunc
3359 3810 3427 3866 ad
3453 3816 3623 3885 magi-

2036 3891 2235 3938 stratus
2273 3894 2328 3939 et
2375 3887 2740 3944 nobilissimos
2787 3890 2932 3945 viros
2977 3894 3294 3961 pertinebat.
3350 3900 3461 3957 Sub
3503 3905 3619 3960 haec

2035 3983 2210 4029 autem
2242 3977 2538 4032 solitarium
2568 3993 2634 4034 ex
2674 3982 2942 4038 montibus
2985 3987 3264 4053 evocavit,
3311 3990 3381 4045 ab
3418 3993 3616 4064 illoque

2038 4067 2228 4135 petiit,
2271 4078 2335 4123 ut
2355 4070 2446 4125 lilii
2477 4072 2558 4126 sui
2585 4071 2920 4130 Antiochiam
2948 4075 3014 4132 ad
3051 4078 3223 4135 studia
3253 4083 3494 4141 mittendi
3525 4104 3622 4144 cu-

2036 4174 2150 4213 ram
2182 4161 2426 4230 haberet,
2463 4164 2670 4235 ipsique
2697 4166 2967 4240 paedagogi
2997 4169 3116 4227 loco
3137 4183 3297 4229 esset.
3323 4174 3619 4237 Obniteba-

2038 4262 2125 4307 tur
2151 4253 2240 4308 ille
2267 4269 2329 4308 ac
2371 4255 2620 4323 dicebat,
2672 4258 2726 4312 id
2757 4259 2922 4315 officii
2968 4277 3075 4318 non
3119 4279 3276 4334 posse
3311 4282 3620 4342 competere

2036 4345 2321 4400 monacho.
2371 4347 2441 4401 At
2479 4348 2566 4401 illa
2609 4349 2818 4404 obnixis
2849 4354 3096 4420 precibus
3137 4364 3245 4412 tam
3276 4361 3624 4419 vehementer

2036 4437 2262 4504 institit,
2319 4447 2377 4492 ut
2425 4437 2638 4492 domum
2691 4441 2985 4498 monachus
3031 4444 3434 4516 obsequeretur.
3486 4453 3620 4508 Cum

2037 4545 2204 4600 puero
2251 4531 2408 4600 igitur
2449 4529 2785 4585 Antiochiam
2837 4533 3002 4587 venit.
3057 4533 3292 4592 Joannes"
3317 4554 3481 4608 vero,
3529 4546 3620 4615 qui

2037 4630 2160 4676 tunc
2191 4623 2242 4676 in
2271 4622 2402 4677 urbe
2429 4631 2577 4688 erat,
2625 4629 2678 4676 et
2707 4621 2852 4676 illum
2883 4624 2938 4678 in
2976 4627 3299 4682 monasterio
3341 4630 3622 4704 degentem

2035 4715 2271 4780 viderat,
2330 4721 2669 4783 percontatus
2714 4723 2798 4769 est
2839 4715 2964 4786 quid
3005 4731 3181 4774 causa:
3224 4732 3367 4778 esset
3413 4734 3473 4779 ut
3513 4727 3622 4782 tale

2037 4805 2271 4861 oflieium
2301 4806 2614 4874 susciperet.
2670 4805 2762 4862 llle
2791 4823 2919 4863 vero
2948 4824 3062 4865 rem
3089 4814 3324 4869 narravit
3352 4824 3409 4870 ut
3435 4831 3621 4888 supra.

2037 4895 2376 4964 Puerumque
2403 4896 2480 4949 sic
2500 4895 2754 4961 instituit,
2787 4897 2865 4953 sic
2891 4897 2959 4953 ad
2988 4902 3297 4958 monastica:
3327 4905 3448 4962 vita:
3473 4923 3624 4963 amo-
3659 4932 3700 4984 ι-

2037 5003 2150 5042 rcm
2193 4985 2573 5053 inﬂammavit,
2609 4998 2665 5042 ut
2693 4989 2851 5058 paulo
2880 5001 3065 5060 postea
3087 4991 3139 5046 in
3164 4995 3506 5058 solitudinem
3533 5014 3624 5056 se-
3659 4987 3663 4992 ’

2037 5080 2283 5144 cederet,
2317 5087 2370 5133 et
2399 5079 2468 5134 ibi
2501 5081 2847 5135 monasticam
2875 5082 3037 5136 vitam
3076 5095 3372 5142 exerceret.
3419 5088 3619 5146 Verum

2037 5170 2268 5225 Joannes
2312 5181 2496 5226 noster
2541 5180 2786 5227 metuens
2826 5188 2894 5227 ne
2919 5183 3070 5242 pater
3093 5175 3247 5245 ejus,
3296 5179 3387 5248 qui
3432 5190 3624 5238 natura

2039 5260 2322 5316 iracundus
2350 5269 2464 5316 erat
2485 5303 2499 5326 ,
2537 5261 2588 5315 in
2615 5261 2850 5317 furorem
2876 5279 3082 5331 versus,
3113 5275 3168 5320 et
3193 5268 3541 5340 paedagogum
3569 5281 3627 5328 et

2038 5353 2332 5407 monachos
2372 5353 2512 5406 male
2554 5354 2841 5422 multaret,
2887 5353 3105 5410 domum
3137 5369 3379 5428 repetere
3404 5365 3622 5435 coegit:

2037 5443 2126 5497 ubi
2157 5443 2248 5498 ille
2275 5459 2306 5497 a
2335 5442 2620 5513 paedagogo
2648 5443 2724 5498 sic
2749 5443 3023 5500 institutus
3047 5487 3062 5511 ,
3096 5447 3308 5506 lectioni
3333 5450 3624 5524 Scriptum

2038 5547 2203 5588 sacra:
2228 5575 2242 5597 ,
2282 5533 2528 5603 jejuniis,
2558 5533 2749 5603 vigiliis
2776 5535 3088 5606 catterisque
3115 5542 3424 5597 monasticis
3464 5559 3626 5598 exer-

2039 5626 2178 5681 citiis
2203 5625 2360 5680 dabat
2403 5641 2618 5694 operam
2651 5643 2665 5680 :
2695 5641 2921 5696 cumque
2963 5628 3174 5699 ingenio
3215 5634 3448 5699 valeret,
3491 5634 3626 5692 alios

2039 5717 2200 5771 etiam
2243 5731 2434 5784 piteros
2484 5716 2549 5769 ad
2594 5715 2822 5786 idipsum
2868 5718 2991 5772 vita:
3018 5735 3189 5789 genus
3213 5721 3414 5775 allcxit.
3466 5723 3625 5780 Pater

2045 5823 2169 5865 vero
2197 5808 2361 5879 ipsius
2392 5807 2522 5863 nihil
2552 5822 2656 5864 non
2683 5809 2790 5882 egit
2819 5817 2877 5866 ut
2897 5809 3044 5866 illum
3062 5810 3130 5867 ab
3157 5809 3256 5870 hoc
3285 5811 3405 5870 vita:
3427 5828 3627 5886 genere
