4110 6148
446 395 514 452 δε
1627 381 1904 438 JUANNLS
1939 379 2417 436 CllRYSOSTOMl
2458 381 2637 444 Vl'i‘A,
3645 387 3716 445 οδ

447 521 747 576 averteret;
775 522 827 565 at
853 508 942 564 ille
972 507 1194 561 feliciter
1210 503 1400 571 emptis
1425 502 1495 556 ita
1525 501 1747 555 ﬁrmiter
1771 497 2028 554 hazrebat.

449 615 507 661 ut
533 604 664 660 nihil
692 607 871 673 posset
891 613 1012 654 eum
1037 597 1145 652 alio
1167 595 1450 652 abducere.-

524 687 722 750 Eodem
761 690 975 745 circiter
1005 698 1246 756 tempore
1274 686 1517 741 emisisse
1561 684 1773 739 videtur
1797 682 2033 752 Chryso-

450 799 656 844 stomus
699 781 1015 852 opusculum
1055 777 1184 834 illud
1225 779 1473 846 elegans,
1517 775 1658 846 adad
1707 773 2031 837 inscribitur,

451 878 778 947 Comparatio
809 869 964 945 Regis
989 884 1036 928 et
1060 872 1299 927 Monacln'
1327 863 1413 943 (Τ.
1441 871 1494 924 1.
1521 883 1567 920 c.
1593 869 1694 921 387
1714 867 1758 939 ).-
1787 866 1884 922 Hic
1907 879 2036 920 vero

453 970 644 1042 probat
682 983 806 1022 eum
845 966 934 1037 qui
972 961 1322 1034 philosophiae
1347 1002 1362 1028 ,
1394 959 1447 1016 id
1471 970 1553 1015 est
1579 959 1702 1013 vita:
1730 957 2036 1012 monasticae

451 1065 545 1119 dat
572 1077 824 1132 operam,
873 1069 1054 1129 regem
1078 1068 1204 1112 vere
1230 1054 1334 1109 dici
1365 1062 1557 1123 posse;
1597 1052 1704 1106 imo
1731 1063 1858 1119 rege
1876 1046 2036 1102 ditio-

451 1170 568 1212 rem
606 1163 662 1210 et
705 1151 1057 1222 potentiorem
1081 1190 1097 1214 ,
1127 1150 1181 1203 in
1220 1147 1361 1201 bello
1391 1143 1666 1199 fortiorem
1689 1176 1707 1209 ,
1735 1140 2040 1196 hominibus

447 1244 796 1314 demerendis
822 1258 886 1297 ac
913 1240 1174 1296 beneficio
1200 1236 1455 1294 ornandis
1490 1234 1748 1305 aptiorem
1771 1273 1786 1300 ,
1815 1230 1868 1286 in
1894 1231 2038 1286 obitu

453 1339 775 1396 beatiorem.-

527 1429 596 1484 In
646 1426 886 1499 spelunca
927 1441 1018 1495 per
1060 1422 1315 1478 biennium
1356 1412 1583 1476 inclusus
1627 1425 1811 1472 manet.
1858 1445 1928 1456 ——
1982 1410 2038 1467 in

457 1520 729 1578 montibus
771 1528 828 1574 et
871 1517 926 1571 in
969 1513 1328 1572 tabernaculis
1377 1509 1762 1566 monachorum
1807 1506 2042 1563 Joannes

457 1621 642 1666 noster
669 1615 765 1680 per
788 1605 1195 1678 quadriennium
1224 1603 1508 1659 asceticam
1532 1603 1642 1671 egit
1671 1601 1831 1654 vitam
1864 1597 1882 1669 (
1906 1596 2034 1649 Pal-

461 1701 568 1754 lad.
594 1709 647 1771 μ.
676 1693 769 1771 Η)
791 1738 807 1762 ,
859 1698 912 1752 in
952 1696 1170 1768 jejuniis
1194 1736 1211 1762 ,
1240 1693 1432 1765 vigiliis
1454 1733 1470 1757 ,
1497 1691 1827 1762 psalmorum
1855 1698 2038 1752 cantu,

459 1792 778 1860 caeterisque
803 1787 1064 1858 ejusmodi
1088 1785 1358 1842 exercitiis
1386 1783 1528 1840 diem
1553 1791 1608 1838 et
1645 1790 1848 1852 partem
1873 1780 2044 1834 noctis

460 1884 751 1940 maximam
780 1882 1079 1950 transigens
1097 1920 1114 1945 ,
1147 1878 1263 1934 solo
1287 1891 1423 1946 pane
1447 1884 1503 1932 et
1528 1885 1686 1945 aqua,
1715 1873 1908 1928 additis
1935 1872 2044 1926 for-

460 1982 605 2030 tasse
634 1973 870 2028 oleribus
891 1972 975 2026 vel
997 1969 1370 2042 leguminibus,
1400 1968 1648 2023 victitans
1677 1983 1693 2021 :
1725 1978 1895 2036 neque
1929 1973 2041 2018 tam

452 2075 649 2126 severa
684 2051 962 2133 disciplina
987 2071 1044 2118 et
1067 2061 1236 2117 victas
1278 2059 1486 2115 ratione
1523 2057 1798 2114 remissior
1825 2054 2046 2111 eﬁ'ectus

461 2168 546 2214 est
567 2198 582 2222 .
631 2158 738 2212 imo
768 2163 896 2212 ve'ro
923 2153 1194 2210 ardentior
1218 2151 1388 2208 eVasit
1404 2191 1422 2218 ,
1462 2157 1518 2205 et
1544 2158 1664 2220 post
1683 2151 1915 2218 quatuor
1935 2145 2046 2200 eia-

465 2258 592 2318 psos
615 2261 787 2303 annos
812 2247 865 2302 iu
894 2246 1206 2317 speluncam
1235 2254 1295 2299 se
1322 2243 1473 2299 solus
1501 2239 1732 2296 inclusit.
1758 2235 1896 2306 Quid
1920 2249 2048 2291 vero

462 2341 584 2396 istic
611 2348 813 2410 ageret,
843 2347 949 2393 neu
974 2348 1060 2393 est
1082 2335 1485 2408 disquirendum
1510 2375 1526 2400 ,
1560 2345 1736 2402 neque
1762 2346 1792 2386 a
1819 2330 2046 2399 scripto-

461 2431 611 2486 ribus
657 2439 942 2495 narratur,
991 2437 1197 2484 certum
1247 2437 1423 2483 tamen
1468 2432 1552 2480 est
1596 2439 1718 2478 eum
1767 2421 1898 2478 nihil
1939 2429 2046 2476 non

463 2520 637 2590 egisse
661 2527 720 2574 ut
742 2527 957 2574 carnem
983 2517 1226 2573 domaret
1262 2525 1317 2570 et
1356 2515 1468 2570 Deo
1503 2512 1825 2568 ferventiore
1849 2512 2045 2581 junge-

464 2621 613 2666 retur
633 2624 834 2662 amore.
864 2593 965 2662 Per
993 2607 1264 2662 biennium
1291 2613 1469 2660 autem
1499 2603 1619 2659 istic
1643 2602 1880 2657 inclusus
1905 2616 2047 2655 man-

459 2701 555 2768 sit,
581 2699 850 2771 longiores
875 2697 1016 2754 haud
1033 2696 1192 2753 dubie
1214 2697 1453 2752 facturus
1469 2706 1668 2762 moras,
1698 2695 1798 2749 nisi
1823 2694 2046 2748 adversa

459 2789 768 2863 valetudine
806 2789 1054 2844 laborans
1076 2829 1093 2854 ,
1139 2803 1204 2844 ex
1251 2787 1502 2858 spelunca
1526 2794 1582 2842 et
1605 2802 1670 2841 ea
1696 2785 1964 2840 montibus
1992 2784 2046 2839 in

467 2882 652 2937 urbem
704 2880 880 2936 redire
930 2889 1148 2936 coactus
1199 2887 1364 2934 esset.
1429 2877 1561 2932 Illud
1607 2892 1738 2932 vero
1783 2875 2046 2931 accidisse

463 2971 682 3026 omnino
728 2970 935 3025 videtur
980 2983 1121 3024 anno
1165 2969 1275 3038 jam
1324 2977 1564 3023 vertente
1613 2967 1718 3022 580
1747 2984 1760 3020 :
1791 2966 1861 3019 ita
1901 2965 2045 3041 enim

463 3062 730 3118 constabit
753 3077 781 3115 a
802 3061 958 3116 nobis
975 3060 1264 3115 constituta
1285 3058 1737 3136 temporumratio
1757 3076 1770 3112 :
1793 3057 1838 3111 si
1855 3069 2047 3127 nempe

464 3153 551 3208 vel
586 3162 824 3206 vertente
848 3167 988 3204 anno
1013 3144 1138 3214 574,
1163 3149 1246 3204 vel
1272 3148 1489 3204 ineunte
1510 3148 1634 3214 575,
1666 3145 1733 3201 ad
1755 3155 1964 3200 montes
1991 3155 2048 3200 et

465 3243 790 3298 monasteria
828 3257 887 3298 se
912 3241 1233 3306 contulerit,
1263 3241 1440 3312 ibique
1461 3255 1559 3296 sex
1583 3254 1754 3296 annos
1777 3247 1868 3294 aut
1892 3237 2047 3294 circi-

468 3336 547 3392 ter
575 3334 924 3405 transegerit,
951 3343 1009 3389 ut
1034 3333 1302 3389 Palladius
1327 3332 1510 3388 refert.

535 3427 695 3480 Annis
723 3422 848 3491 580,
878 3424 1001 3480 581.
1030 3425 1214 3480 Redua:
1232 3424 1437 3479 domum
1465 3424 1635 3478 scribit
1653 3421 1722 3476 ad
1738 3422 2039 3492 Stagirium.

468 3501 531 3570 Ῠ.
567 3518 618 3572 1.
651 3538 697 3576 c.
720 3519 842 3577 423.
872 3511 1146 3570 ——iiedux
1172 3514 1387 3569 domum
1408 3520 1464 3569 et
1483 3513 1788 3568 inﬁrmitate
1806 3513 2046 3582 corporis

466 3609 715 3664 raborans
754 3608 989 3662 inclusus
1033 3621 1251 3662 manere
1276 3605 1603 3676 cogebatur,
1651 3604 2044 3660 advenientium

462 3699 670 3754 visendi
706 3713 866 3754 causa
891 3698 1184 3752 amicorum
1214 3696 1496 3766 colloquiis
1527 3697 1762 3750 animum
1790 3710 2044 3750 recreans

463 3801 519 3845 et
545 3790 873 3862 aegritudinis
903 3789 1238 3844 incommoda
1270 3789 1497 3844 leniens.
1541 3788 1706 3843 Paulo
1758 3795 1876 3856 post
1915 3787 2036 3842 red-

469 3884 603 3938 itum
631 3898 803 3947 suum,
829 3891 880 3936 et
909 3880 1145 3950 quidem,
1177 3881 1220 3934 si
1249 3879 1458 3934 Socrati
1485 3878 1616 3933 fides
1645 3878 1733 3945 sit,
1764 3885 2041 3947 postquam

462 3973 718 4029 diaconus
747 3987 775 4026 a
803 3970 1012 4026 Meletio
1039 3969 1315 4026 ordinatus
1352 3965 1547 4036 fuerat,
1576 3968 1740 4023 libros
1765 3967 1832 4023 ad
1863 3967 2039 4038 Stagi-

460 4063 600 4124 rium
625 4079 655 4117 a
682 4063 929 4117 darmone
969 4069 1212 4117 vexatum
1236 4100 1253 4129 ,
1295 4069 1351 4116 et
1389 4061 1491 4116 sibi
1523 4070 1676 4115 antea
1702 4060 2039 4128 familiarem,

464 4152 678 4221 scripsit
722 4167 863 4206 anno
901 4152 1006 4207 580
1039 4161 1319 4218 vertente,
1360 4152 1441 4207 vel
1471 4151 1567 4206 58l
1606 4151 1838 4207 ineunte.
1889 4151 2041 4230 QuOd

458 4251 636 4297 autem
665 4242 717 4297 id
747 4241 944 4297 factum
971 4244 1186 4296 sitcum
1214 4241 1357 4296 domi
1384 4249 1546 4309 esset,
1566 4250 1619 4298 et
1644 4243 1832 4313 capitis
1855 4243 2042 4300 dolore

458 4331 804 4400 corporisque
853 4331 1161 4388 infirmitate
1205 4332 1452 4387 detentus
1483 4333 1663 4404 egredi
1697 4349 1804 4388 non
1836 4343 2036 4404 posset,

461 4421 577 4491 ipse
602 4418 837 4476 declarat
864 4422 1015 4476 initio
1038 4422 1196 4494 primi
1235 4423 1355 4478 libri
1385 4422 1467 4478 his
1492 4424 1702 4478 verbis:
1735 4414 2040 4494 Oportnerat

455 4522 547 4566 nos
573 4510 660 4565 tibi
682 4527 817 4566 nunc
842 4512 1017 4568 adesse
1038 4555 1052 4579 ,
1076 4522 1224 4582 atque
1252 4514 1304 4568 in
1328 4523 1667 4568 aerumnarum
1694 4525 1895 4568 tuarum
1919 4529 2040 4568 con:-

454 4605 664 4658 sortium
688 4605 900 4659 transire
917 4646 932 4670 ,
959 4621 1020 4658 ac
1039 4605 1198 4659 verbis
1223 4605 1536 4660 exhortando
1557 4646 1572 4670 ,
1609 4616 1760 4674 opere
1784 4605 2036 4674 jucunda,

459 4706 737 4767 cunctaque
761 4697 955 4765 reliqua
983 4712 1074 4765 pro
1107 4695 1237 4749 virili
1276 4706 1449 4750 nostra
1474 4703 1618 4765 parte
1653 4695 1916 4766 inferendo
1946 4695 2038 4748 ob-

454 4789 624 4856 sequia
645 4831 660 4854 ,
707 4797 899 4856 portent
928 4789 1150 4857 aliquam
1173 4788 1330 4841 lenire
1355 4789 1582 4842 numeris
1611 4803 1632 4841 :
1661 4787 1897 4855 quoniam
1924 4803 2036 4841 vero

452 4888 499 4931 et
532 4877 756 4945 corporis
774 4877 909 4930 mala
935 4876 1164 4930 valetudo
1188 4918 1203 4941 ,
1233 4886 1279 4930 et
1305 4879 1526 4931 invectus
1553 4878 1607 4930 in
1638 4887 1787 4948 caput
1813 4887 2038 4930 nostrum

455 4966 635 5029 dolor,
685 4965 821 5018 domi
867 4981 956 5019 nos
987 4980 1188 5018 manere
1227 4966 1598 5033 compulerunt,
1627 4967 1865 5036 nobisque
1909 4967 2038 5020 tanti

455 5056 584 5110 lucri
614 5056 942 5110 ministerium
977 5057 1326 5120 abstulerunt,-
1366 5057 1480 5126 jam
1510 5057 1644 5126 quod
1689 5059 1935 5127 reliquum
1964 5067 2038 5112 est

457 5159 547 5218 pro
570 5145 911 5200 consolatione
937 5155 1021 5199 tua
1048 5156 1095 5200 et
1122 5160 1215 5216 pro
1245 5146 1459 5200 utilitate
1489 5156 1660 5199 nostra
1686 5188 1701 5212 ,
1744 5147 1837 5200 hoc
1872 5157 1926 5201 ut
1951 5152 2034 5218 [a-

457 5239 619 5291 cnltus
649 5246 820 5290 nostra
845 5237 967 5304 [erat
991 5279 1004 5300 ,
1031 5237 1266 5290 inducere
1296 5253 1396 5290 non
1417 5237 1750 5307 negligemus.

532 5328 654 5381 llmc
697 5327 846 5380 initio
883 5327 1042 5381 Verba
1083 5324 1301 5381 Joannis
1331 5325 1606 5380 attulimus
1629 5367 1643 5392 ,
1691 5325 1843 5396 queis
1870 5319 2034 5381 Tillc-

455 5421 638 5475 montii
667 5419 952 5490 objectioni
999 5421 1418 5490 respondeamus
1441 5463 1453 5484 ,
1485 5419 1576 5492 qui
1601 5420 1730 5474 dicit
1757 5436 1770 5474 :
1798 5420 2032 5477 Joannes

454 5512 628 5566 Omnia
651 5528 767 5583 qua:
795 5511 861 5566 de
897 5511 1128 5583 Stagirio
1171 5511 1527 5568 narrabantur
1551 5553 1565 5576 ,
1618 5527 1676 5567 se
1705 5512 1919 5568 audisse
1948 5513 2034 5568 di-

452 5607 563 5661 cit:
592 5607 637 5660 si
665 5620 790 5661 vero
825 5606 1121 5660 Antiochia:
1147 5604 1366 5670 fuisset,
1396 5605 1616 5661 vidisset
1643 5606 1785 5675 ipse,
1817 5621 1915 5662 nec
1941 5622 2032 5662 so-

456 5697 561 5752 lum
603 5697 786 5753 auditu
836 5697 1166 5770 percepisset
1211 5697 1278 5751 ab
1320 5698 1458 5752 aliis.
1507 5696 1658 5753 Unde
1708 5696 1867 5753 infert
1910 5707 2035 5754 tunc

455 5781 709 5846 Joannem
754 5789 805 5846 in
847 5789 1134 5847 solitudine
1163 5789 1244 5845 vel
1278 5790 1328 5846 in
1366 5789 1613 5862 spelunca
1639 5833 1654 5861 ,
1706 5807 1809 5848 non
1839 5793 2022 5849 Antio-

1557 5949 1568 5955 -
1589 5947 1661 5964 .3"...
1692 5949 1733 5958 ww

2139 498 2275 554 cliize
2305 497 2487 554 fuisse.
2519 496 2613 554 Cui
2642 500 2928 570 objeetioni
2953 500 3186 558 Joannes
3207 518 3238 557 a
3268 514 3529 573 principio
3555 507 3693 574 aptis

2140 590 2275 644 sime
2334 591 2612 661 respondit
2655 601 2714 646 ut
2758 605 2963 662 supra:
2995 593 3134 648 unde
3182 595 3346 665 .iquet
3385 597 3532 651 illum
3574 598 3720 654 domi

2143 679 2450 736 infirmitate
2479 681 2812 737 laborantem
2845 683 2962 738 haec
2988 683 3292 755 scripsisse,
3325 701 3430 742 non
3459 697 3640 743 autem
3665 692 3720 744 in

2139 772 2393 841 spelunca
2418 771 2720 842 degentem.

2212 861 2470 933 Stagirius
2493 864 2652 932 igitur
2669 864 2833 918 nobili
2856 865 2974 920 ibeo
3001 875 3174 934 natus,
3203 881 3234 921 a
3261 869 3461 925 teneris
3489 869 3542 924 in
3565 871 3722 926 Chri-

2143 954 2316 1006 stiana
2343 952 2446 1008 fide
2474 953 2751 1022 educatus,
2780 956 3040 1026 principio
3060 957 3272 1026 quidem
3301 961 3531 1016 terrenis
3557 963 3721 1018 rebus

2142 1042 2390 1098 addictus
2414 1051 2567 1110 erat;
2617 1045 2710 1099 sed
2750 1045 2900 1101 brevi
2945 1054 3127 1116 po‘stea
3156 1048 3416 1105 abdicatis
3453 1051 3720 1107 facultati-

2144 1132 2242 1187 bus
2266 1134 2555 1205 mundique
2579 1135 2803 1204 deliciis,
2832 1137 2992 1192 vitam
3015 1143 3390 1209 monasticam,
3413 1143 3578 1199 invito
3598 1145 3726 1202 licet

2145 1225 2543 1296 reluctanteque
2591 1236 2779 1295 patre;
2829 1228 3104 1297 amplexus
3161 1239 3262 1286 est.
3335 1231 3492 1288 initio
3549 1245 3724 1292 tamen

2145 1325 2251 1370 non
2300 1317 2373 1371 ita
2410 1316 2728 1388 diligenter,
2774 1325 2831 1373 ut
2885 1327 2981 1389 par
3030 1319 3253 1389 fuisset,
3296 1318 3392 1380 sed
3437 1327 3728 1383 oscitanter

2146 1395 2200 1461 c't
2245 1407 2608 1478 perfunctorie
2651 1424 2737 1464 res
2779 1412 3035 1466 aseeticas
3082 1413 3337 1468 tractabat
3357 1455 3372 1478 ,
3413 1418 3728 1487 generisque

2144 1499 2228 1553 sui
2270 1499 2456 1554 fiducia
2492 1499 2678 1566 fretus,
2708 1513 2988 1558 monentes
3011 1519 3069 1558 se
3098 1519 3238 1574 aegre
3270 1495 3601 1564 admittebat.
3623 1509 3729 1567 Ve-

2147 1605 2266 1645 rum
2293 1591 2647 1660 prospiciente
2673 1597 2906 1659 numine,
2934 1609 3001 1649 ne
3031 1605 3148 1664 post
3167 1609 3438 1666 peractum
3463 1607 3727 1658 tantarum

2144 1692 2308 1751 Opum
2335 1683 2673 1749 sacrificium,
2701 1684 2869 1740 levius
2893 1687 3170 1755 prmmium
3189 1688 3450 1759 Stagirius
3477 1692 3719 1760 referret,

2147 1787 2176 1826 a
2204 1771 2449 1827 daemone
2483 1775 2768 1845 corripitur
2809 1783 2864 1830 et
2903 1778 3236 1846 exagitatur;
3281 1781 3354 1834 ita
3393 1791 3450 1837 ut
3475 1781 3730 1841 distorta:

2149 1877 2340 1918 manus
2365 1863 2610 1930 vidisses,
2641 1874 2822 1920 torvos
2849 1867 3052 1933 oculos,
3080 1869 3188 1923 oris
3215 1884 3481 1940 spumam,
3505 1872 3728 1932 horren-

2151 1954 2272 2008 dam
2299 1961 2352 2008 et
2373 1953 2651 2010 confusam
2677 1971 2887 2025 vocem,
2913 1961 3159 2030 corptiris
3185 1969 3500 2031 tremorem,
3521 1965 3730 2022 diutura

2149 2051 2272 2101 nam
2317 2061 2509 2104 sensus
2558 2049 2914 2118 privationem
2960 2071 2974 2106 :
3017 2067 3080 2108 ac
3135 2055 3378 2123 repetitis
3425 2056 3732 2129 frequenter

2148 2137 2352 2192 vicibus
2400 2154 2569 2209 usque
2617 2139 2752 2197 adeo
2798 2152 3062 2212 vexatur,
3111 2154 3168 2199 ut
3209 2146 3264 2201 in
3295 2147 3605 2219 desperatas
3629 2153 3731 2209 sibi

2149 2237 2377 2284 mortem
2409 2231 2776 2287 consciseeudi
2804 2233 3155 2304 cogitationes
3201 2237 3468 2293 interdum
3493 2243 3721 2297 veniret.

2151 2316 2285 2376 Hinc
2313 2337 2512 2378 mceror
2534 2333 2590 2378 et
2628 2321 2842 2381 tristitia
2873 2326 3076 2398 ingens.
3133 2328 3243 2384 Vite
3269 2344 3458 2386 omnes
3490 2332 3729 2402 placandi

2152 2411 2244 2466 Dei
2275 2422 2582 2483 tentantur,
2615 2415 2756 2471 nulla
2792 2416 3000 2488 proiicit
3032 2436 3046 2473 :
3075 2425 3379 2476 sanctorum
3410 2434 3595 2493 preces
3633 2425 3731 2479 ad-

2153 2504 2427 2574 hibentur,
2453 2518 2552 2563 nec
2581 2509 2878 2565 vexationis
2907 2511 3026 2565 finis
3051 2511 3387 2581 impetratur.
3419 2513 3519 2570 Hic
3547 2525 3726 2572 tamen

2149 2612 2215 2652 ex
2271 2605 2347 2652 tot
2392 2600 2642 2654 aerumnis
2695 2599 2899 2656 fructus
2949 2603 3274 2672 percipitur,
3332 2614 3392 2658 ut
3445 2606 3536 2675 qui
3593 2606 3725 2662 olim

2150 2690 2441 2747 oscitanter
2483 2702 2543 2746 se
2583 2692 2846 2763 gerebat,
2888 2693 3001 2764 jam
3047 2695 3337 2750 ferventius
3368 2697 3450 2766 pia
3475 2697 3729 2753 exercitia

2148 2781 2342 2840 adiici.

2219 2873 2448 2929 Narratu
2489 2881 2668 2930 autem
2709 2873 2990 2946 Theophili
3019 2875 3266 2946 Ephesii,
3309 2879 3399 2949 qui
3428 2889 3482 2935 et
3509 2880 3734 2938 Joannis

2148 2972 2204 3018 et
2230 2964 2442 3035 Stagirii
2466 2964 2670 3020 amicus
2697 2975 2842 3033 erat,-
2892 2976 3148 3022 evOcatur
3175 2969 3242 3023 ad
3275 2973 3435 3025 tantze
3463 2971 3736 3028 calamitas

2152 3057 2218 3111 tis
2246 3055 2492 3111 solatium
2513 3055 2771 3125 Joannes,
2804 3058 2970 3128 ipsius
2999 3060 3201 3114 amieus
3235 3076 3248 3114 :
3280 3062 3516 3130 quicum
3545 3064 3734 3120 morbo

2149 3147 2398 3202 detentus
2425 3189 2440 3213 ,
2479 3147 2642 3202 domo
2690 3148 2951 3206 excedere
2999 3164 3104 3204 non
3135 3151 3375 3220 valeret,
3417 3161 3528 3209 tres
3572 3154 3737 3212 hosce

2149 3238 2315 3293 libros
2364 3238 2618 3308 scripsit,
2680 3239 2931 3294 Ieniendo
2982 3241 3156 3298 dolori
3209 3252 3540 3314 opportunos
3581 3263 3595 3298 :
3644 3247 3734 3301 ubi

2147 3330 2395 3399 exemplo
2410 3339 2715 3386 sanctorum
2733 3332 3006 3404 utriusque
3023 3332 3344 3390 Testamenti
3364 3337 3551 3407 probat
3567 3338 3734 3393 Deu'm

2147 3421 2230 3476 vel
2260 3422 2552 3478 carissimis
2570 3423 2670 3478 sibi
2693 3423 2817 3477 viris
2841 3425 3102 3480 atrociora
3130 3427 3248 3482 ideo
3269 3427 3555 3484 immisisse
3570 3429 3732 3495 mala,

2149 3521 2204 3566 ut
2221 3513 2417 3584 majora
2443 3514 2658 3583 praemia
2683 3515 3175 3587 splendidioresque
3191 3533 3420 3574 coronas
3439 3520 3722 3576 tribueret.

2149 3604 2396 3659 Animum
2427 3606 2501 3660 ait
2525 3607 2922 3664 calamitatibus
2963 3599 3217 3666 afﬂictum
3240 3654 3254 3680 ,
3297 3612 3589 3668 ferventius
3615 3613 3728 3668 Deo

2146 3695 2441 3765 divinisque
2465 3695 2626 3751 rebus
2649 3694 2854 3753 haerere
2882 3714 2896 3752 :
2929 3701 3161 3755 maculas
3184 3708 3373 3756 omnes
3393 3711 3448 3756 et
3475 3703 3600 3758 vitia
3627 3701 3728 3758 hac

2146 3789 2353 3842 ratione
2393 3786 2550 3842 citius
2595 3787 2871 3860 abster'gi:
2919 3800 2976 3845 ut
3016 3789 3183 3861 ipsius
3224 3793 3437 3862 Stagirii
3483 3795 3731 3865 exemplo

2144 3875 2482 3946 comprobari
2508 3883 2755 3948 poterat,
2785 3880 2877 3951 qui
2902 3882 3182 3937 oscitantia
3202 3925 3218 3950 ,
3249 3889 3487 3953 torpore,
3521 3896 3731 3943 tumore

2144 3966 2466 4032 eliminatis,
2507 3969 2619 4038 jam
2667 3971 2808 4024 inter
2856 3969 3216 4029 ferventiores
3266 3974 3460 4030 Christi
3501 3978 3729 4036 athletas

2144 4059 2345 4128 primas
2389 4069 2613 4116 teneret.
2659 4063 3080 4134 Exemplumque
3123 4065 3277 4121 aﬂ'ert
3304 4067 3604 4140 Demophili
3630 4081 3728 4126 cu-

2139 4150 2353 4220 jusdam
2377 4152 2477 4207 sibi
2504 4154 2811 4210 amicissimi
2840 4155 2975 4220 viri,
3001 4157 3311 4213 Aristoxeni
3343 4164 3400 4214 ct
3422 4162 3649 4217 aliorum
3670 4163 3726 4218 in

2141 4243 2479 4300 Xenodochio
2521 4245 2828 4316 degentium
2854 4287 2870 4312 ,
2922 4249 3013 4318 qui
3055 4265 3177 4304 cum
3226 4253 3480 4320 patientia
3532 4266 3727 4325 magna

2143 4333 2274 4389 diris
2301 4335 2634 4392 vexabantur
2660 4339 2956 4397 doloribus.
2987 4341 3113 4398 Hice
3140 4342 3229 4398 ille
3257 4343 3374 4399 fuse
3398 4355 3454 4400 et
3477 4347 3730 4416 prothetic:

2144 4439 2238 4498 pro
2266 4441 2414 4484 more
2449 4443 2547 4485 suo
2589 4433 2954 4502 prosequitur,
2981 4447 3045 4490 ac
3069 4435 3289 4492 cuilibet
3314 4436 3565 4494 ieniendo
3593 4449 3728 4497 mat-

2142 4520 2250 4574 rori
2273 4519 2568 4574 remedium
2593 4520 2748 4577 oﬂ‘ert
2773 4523 2988 4593 legenti.

2210 4605 2444 4665 Joannes
2503 4626 2666 4678 vero,
2715 4614 2838 4682 qui,
2868 4625 2990 4669 cum
3045 4617 3273 4684 primum
3321 4619 3389 4673 ad
3441 4618 3725 4689 Stagirium

2144 4702 2335 4758 librum
2389 4703 2623 4758 scribere
2664 4706 2853 4776 cmpit.
2908 4707 3079 4776 ipsum
3125 4709 3274 4764 adire
3320 4723 3427 4765 non
3476 4721 3724 4781 poterat;

2141 4793 2332 4848 morbo
2373 4803 2430 4848 ut
2475 4794 2694 4850 credere
2727 4807 2805 4851 est
2833 4796 3135 4863 relevatus,
3187 4799 3360 4870 ipsum
3407 4802 3534 4856 adiit
3574 4813 3726 4857 ante—

2141 4899 2298 4952 quam
2347 4885 2510 4940 hosce
2557 4887 2721 4942 libros
2771 4887 3104 4956 absolveret,
3146 4899 3205 4945 ut
3251 4891 3364 4962 ipse
3401 4908 3506 4948 non
3558 4895 3726 4948 semel

2142 4974 2393 5029 insinuata
2446 4976 2597 5031 Domi
2643 4977 2831 5032 morbo
2876 4978 3123 5035 detentus
3177 4989 3330 5044 erat,
3360 4981 3576 5051 quando
3606 4984 3727 5052 plu-

2143 5067 2290 5122 rimis
2366 5069 2702 5123 narrautibus
2763 5070 2977 5140 Stagirii
3043 5073 3400 5128 calamitatem
3466 5074 3726 5142 edidicit,

2142 5167 2199 5212 ut
2251 5158 2364 5227 ipse
2412 5161 2523 5224 ait;
2563 5161 2955 5232 verisimilequc
3015 5173 3098 5218 est
3150 5165 3323 5235 ipsum
3380 5165 3433 5220 in
3489 5165 3588 5222 hoc
3640 5165 3727 5221 in-

2140 5247 2336 5302 cidisse
2402 5251 2648 5314 morbos,
2697 5253 2938 5321 corporis
2993 5254 3358 5325 aegritudinem
3425 5267 3482 5312 et
3540 5258 3731 5327 capitis

2139 5337 2379 5393 dolorem
2403 5380 2417 5403 ,
2447 5355 2568 5394 cum
2596 5341 2648 5396 in
2688 5344 2964 5411 spelunca,
2994 5345 3083 5401 ubi
3121 5347 3392 5403 biennium
3427 5349 3684 5419 transegit
3707 5391 3722 5416 ,

2140 5428 2315 5484 debile
2341 5444 2536 5501 corpus
2578 5445 2874 5490 maceraret
2894 5476 2911 5501 ,
2942 5445 2999 5492 et
3023 5439 3260 5494 animum
3284 5441 3554 5496 exercitiis
3580 5457 3729 5496 asce-

2141 5520 2261 5575 ticis
2289 5529 2545 5592 perpetuo
2571 5522 2832 5580 intentum
2870 5526 3645 5603 detineret.Postquamautem
3677 5531 3729 5586 vi

2142 5611 2314 5666 morbi
2345 5613 2396 5668 in
2424 5613 2606 5671 urbem
2635 5622 2688 5670 et
2709 5615 2923 5672 domum
2969 5633 3120 5676 suam
3159 5619 3336 5676 redire
3363 5630 3582 5676 coactus
3623 5631 3728 5686 est,

2144 5704 2369 5760 necdum
2396 5721 2426 5760 a
2455 5707 2644 5761 morbo
2674 5719 2962 5780 recreatus,
2994 5709 3108 5767 inec
3133 5710 3200 5769 de
3224 5713 3451 5784 Stagirio
3479 5714 3727 5784 plurimis

2148 5795 2484 5852 narrantibus
2506 5796 2722 5853 audivit.
