4110 6148
406 280 471 337 97
1588 278 1671 333 NE
1685 278 1774 332 NG
1818 278 2079 341 PRIMUM
2120 280 2512 340 ADORNATA.
3608 287 3676 343 93

480 400 739 453 Diaecmts
772 400 1036 452 ordinatur
1065 413 1199 450 anno
1229 406 1442 450 vertente
1494 395 1596 449 580
1619 436 1635 460 ,
1674 396 1749 448 vel
1792 395 1991 448 ineunte

404 493 531 549 581.
560 519 630 531 —
661 490 752 544 Ait
793 490 1044 543 Socrates
1064 529 1080 553 ,
1133 502 1290 557 quem
1334 495 1623 554 sequuntur
1655 484 1992 539 llermantius

403 583 600 651 aliique
634 594 851 644 onmes,
900 593 1008 633 uno
1053 586 1277 647 excepto
1324 576 1702 640 Tillemontio,
1732 574 1988 629 Joannem

400 673 509 742 jam
563 671 846 726 diaconum
913 670 1106 734 fuisse,
1158 667 1370 737 quando
1424 666 1490 721 ad
1531 665 1815 736 Stagirium
1860 665 1990 720 scri-

405 765 526 834 psit.
568 763 703 831 Quid
729 804 744 826 ,
786 763 830 815 si
875 760 1081 816 dicatur
1135 760 1280 814 illum
1326 758 1603 827 scripsisse
1652 758 1875 826 primum
1923 755 1989 810 ad

401 854 692 924 Stagirium
717 853 940 918 librum,
968 850 1181 921 quando
1219 850 1406 905 morbo
1449 849 1701 904 detentus
1743 848 1992 903 manebat

402 945 547 1000 domi
574 984 591 1010 ,
622 944 867 1013 duosque
895 943 1031 997 alios
1068 950 1348 1011 postquam
1386 948 1655 994 recreatus
1685 954 1716 993 a
1760 938 1950 993 morbo
1972 978 1987 1003 ,

401 1036 662 1090 diaconus
688 1034 965 1088 ordinatus
990 1032 1202 1087 fuerat?
1228 1032 1418 1085 Verum
1448 1029 1563 1084 haec
1587 1030 1811 1084 salebris
1836 1030 1989 1098 plena

399 1138 528 1183 sunt
548 1169 566 1193 ,
599 1142 699 1182 nec
719 1135 897 1196 potest
923 1125 1046 1195 quid
1084 1133 1232 1179 certo
1273 1123 1605 1194 pronuntiari
1639 1140 1652 1176 :
1697 1123 1767 1176 ita
1796 1138 1991 1191 nempe

401 1220 638 1275 breviter
657 1228 712 1273 et
739 1219 967 1272 obscure
991 1218 1104 1270 haec
1130 1225 1415 1271 narrantur
1438 1232 1468 1269 a
1494 1215 1715 1270 Socrate
1739 1223 1793 1269 et
1815 1213 1988 1267 Palla-

397 1310 513 1366 dio.
542 1309 611 1366 Ut
641 1318 698 1364 ut
725 1323 815 1364 res
843 1315 964 1374 est,
991 1307 1265 1362 ordinatus
1294 1305 1550 1360 diaconus
1586 1303 1686 1358 fuit
1726 1319 1755 1357 a
1780 1303 1989 1357 Meletio

400 1402 489 1454 vel
511 1413 657 1453 anno
682 1407 922 1453 vertente
942 1397 1068 1463 580,
1091 1396 1172 1449 vel
1206 1396 1419 1450 ineunte
1448 1395 1544 1449 581
1584 1412 1597 1447 :
1624 1408 1744 1448 nam
1776 1394 1988 1448 ineunte

401 1507 532 1546 vere
566 1490 801 1560 ejusdem
833 1490 955 1544 anni
978 1489 1074 1544 58i
1109 1488 1350 1542 Meletius
1386 1487 1882 1557 Constantinopolin
1929 1500 1988 1542 se

397 1582 627 1637 contulit
650 1622 665 1644 ,
696 1580 873 1650 ibique
897 1579 1038 1634 diem
1066 1579 1278 1634 clausit.

477 1672 655 1725 Libros
702 1673 768 1724 ad
808 1670 1022 1724 Viduam
1064 1671 1312 1739 iuniorem
1361 1669 1548 1723 scribit.
1572 1699 1644 1709 —
1668 1669 1831 1725 Paulo
1871 1680 1990 1741 post

395 1780 563 1835 quam
600 1764 856 1818 diaconus
884 1763 1089 1818 electus
1120 1761 1220 1817 fuit
1246 1762 1481 1817 Joannes
1514 1760 1671 1832 (Vide
1701 1761 1984 1830 lenitum,

397 1868 441 1910 s.
468 1859 521 1911 i.
552 1877 598 1913 c.
622 1854 778 1926 595),
798 1863 857 1908 ut
877 1870 941 1909 ex
971 1854 1082 1922 ipsa
1106 1854 1222 1923 ejus
1254 1853 1559 1907 narratione
1582 1853 1861 1923 diligenter
1890 1868 1987 1909 es-

401 1948 609 2001 olorata
658 1949 767 2014 jam
816 1960 913 1998 suo
960 1944 1078 1998 loco
1112 1944 1424 2008 statuimus,
1456 1943 1703 1998 videlicet
1740 1954 1983 2001 vertente

396 2054 545 2092 anno
582 2037 706 2103 380,
735 2038 817 2092 vel
862 2038 1077 2092 ineunte
1120 2036 1242 2101 581,
1277 2037 1441 2091 libros
1467 2036 1602 2091 duos
1646 2036 1712 2091 ad
1761 2037 1985 2094 Viduam

401 2131 678 2200 juniorem
723 2130 939 2195 emisit,
969 2130 1066 2184 bac
1108 2130 1298 2184 ductus
1338 2131 1617 2185 occasione
1642 2170 1657 2195 ,
1688 2145 1846 2199 quam
1874 2131 1989 2202 ipse

396 2222 643 2289 pluribus
666 2221 926 2276 enuntiat.
952 2221 994 2276 Τ
1000 2220 1241 2275 lterasius
1266 2262 1280 2287 ,
1319 2220 1401 2274 vir
1426 2220 1563 2275 inter
1592 2221 1871 2289 primarios
1903 2223 1985 2276 sui

397 2313 657 2383 temporis
684 2313 1023 2382 cmispicuus,
1049 2327 1248 2382 genere
1275 2313 1717 2383 facultatibusque
1742 2314 1983 2384 insignis,

392 2420 560 2476 quem
591 2421 712 2475 spes
733 2416 853 2461 erat
879 2406 945 2460 ad
975 2405 1316 2474 przei'eeturas
1349 2414 1724 2475 perventurum
1751 2421 1891 2471 esse;
1919 2406 1985 2461 ad

395 2496 519 2550 ham
564 2496 860 2566 probitate,
892 2495 1153 2550 modestia
1173 2537 1189 2562 ,
1218 2496 1411 2566 pietate
1445 2505 1668 2550 ornatus
1689 2514 1701 2550 :
1726 2497 1776 2549 in
1816 2498 2019 2577 atatis.

392 2588 535 2643 ﬂore
577 2588 717 2641 diem
746 2586 878 2640 obiit
906 2595 1205 2641 extremum
1229 2627 1243 2651 ,
1276 2594 1554 2655 postquam
1585 2599 1755 2639 annos
1781 2594 1983 2639 tantum

390 2682 633 2751 quinque
671 2696 791 2734 cum
836 2694 1007 2733 uxore
1051 2688 1254 2748 egerat.
1298 2677 1466 2744 Quam
1514 2686 1571 2731 ut
1618 2677 1985 2732 consolaretur

394 2774 544 2828 hunc
566 2774 755 2827 librum
785 2771 953 2827 edidit
978 2771 1246 2825 Joannes:
1271 2779 1326 2825 et
1352 2771 1523 2840 primo
1546 2770 1638 2824 Dei
1662 2768 1981 2838 singularem

392 2880 525 2934 erga
553 2864 739 2918 viduas
767 2863 1057 2918 esbibitam
1086 2877 1271 2917 curam
1300 2862 1368 2916 ob
1388 2862 1570 2916 oculos
1599 2861 1769 2931 ponit,
1795 2861 1984 2931 quibus

391 2961 560 3015 etiam
600 2960 700 3012 viri
754 2959 872 3014 loco
897 2972 1017 3012 esse
1044 2955 1253 3025 probat.
1284 2955 1415 3009 llinc
1442 2954 1680 3009 honesta:
1716 2954 1984 3009 viduitatis

392 3050 708 3118 dignitatem
735 3064 799 3103 ex
830 3047 977 3102 Pauli
1004 3046 1178 3101 verbis
1204 3045 1469 3109 celebrat,
1492 3060 1663 3115 neque
1692 3044 1981 3114 proborum

392 3143 546 3195 obitu
590 3140 926 3209 gaudendum
962 3152 1083 3194 esse
1122 3139 1472 3193 demonstrat.
1512 3139 1700 3193 Postea
1741 3124 1983 3194 humanae

397 3234 524 3288 vita:
554 3234 935 3287 volubilitatem
957 3241 1016 3286 ut
1039 3231 1285 3286 ostendat
1310 3273 1324 3297 ,
1357 3232 1657 3301 exemplum
1683 3232 1983 3302 aifertquo-

395 3325 643 3380 rumdam
677 3324 959 3394 insignium
995 3324 1260 3387 virorum,
1288 3323 1375 3391 qui
1406 3322 1472 3375 ad
1519 3321 1773 3391 majorem
1813 3324 1981 3378 evecti

394 3418 737 3487 dignitatem,
770 3415 1027 3484 praecipiti
1058 3413 1393 3482 violentaque
1419 3422 1588 3466 morte
1618 3412 1812 3467 sublati
1834 3423 1981 3470 sunt.

394 3508 506 3563 Nec
531 3509 597 3564 iis
621 3508 886 3562 bentiores
904 3520 1025 3562 esse
1047 3506 1121 3559 ait
1143 3503 1517 3573 imperatores,
1539 3502 1633 3558 sed
1656 3518 1761 3573 quo
1780 3503 1982 3574 majore

392 3601 607 3655 fortuna
640 3600 899 3653 tollantur
929 3598 980 3651 in
1021 3597 1185 3650 altum
1206 3638 1220 3662 ,
1248 3610 1315 3650 eo
1338 3594 1583 3665 graviore
1610 3593 1759 3663 lapsu
1799 3609 1977 3649 ruere.

398 3690 530 3744 llinc
557 3688 908 3759 imperatores
928 3687 1009 3741 sui
1032 3685 1286 3755 temporis
1308 3691 1586 3749 recenset,
1617 3684 1706 3753 qui
1735 3698 1831 3738 suo
1863 3699 1979 3739 :cvo

395 3785 595 3837 misere
621 3782 924 3851 perierant;
955 3795 1060 3833 non
1098 3777 1318 3848 prolatis
1345 3775 1649 3831 nom’*ibus
1667 3817 1681 3840 ,
1706 3774 1801 3830 sed
1829 3776 1980 3830 invo-

396 3876 520 3929 lutis
544 3874 724 3929 verbis
745 3915 760 3939 ,
787 3888 905 3942 qua:
936 3886 1033 3925 nos
1062 3868 1443 3939 explicavimus
1486 3866 1536 3921 in
1567 3866 1785 3920 Monito.
1815 3865 1982 3920 Erant

395 3976 573 4021 autem
622 3966 980 4034 Imperatores
1024 3962 1099 4015 illi
1157 3974 1348 4014 novem
1390 3972 1646 4023 numero,
1678 3972 1743 4011 es
1786 3956 1980 4026 quibus

395 4058 502 4111 duo
533 4065 738 4110 tantum
767 4052 1036 4109 communi
1076 4058 1250 4105 morte
1271 4048 1464 4103 sublati
1496 4048 1708 4103 fuerant
1742 4064 1756 4101 :
1787 4062 1979 4101 novem

398 4150 470 4203 illi
507 4158 633 4203 sunt
660 4144 1042 4201 Constantinus
1080 4150 1135 4196 et
1162 4150 1269 4195 tres
1296 4138 1385 4193 ﬁlii
1420 4138 1537 4208 ejus
1563 4137 1977 4205 Constantinus,

397 4240 746 4295 Constantius
773 4245 827 4292 et
865 4235 1145 4299 Constans,
1176 4232 1388 4295 Gallus,
1419 4229 1681 4293 Julianus,
1705 4227 1977 4295 Jovianus,

400 4331 802 4388 Valentinianus
836 4337 891 4381 et
920 4326 1130 4380 Valens.
1164 4323 1296 4377 Hinc
1328 4322 1515 4375 transit
1539 4319 1605 4375 ad
1636 4320 1899 4389 Augustas
1926 4327 1981 4373 et

398 4424 769 4495 lmperatrices
789 4464 804 4487 ,
831 4436 947 4491 qua:
974 4416 1254 4472 infeliciter
1276 4415 1563 4483 perierant,
1588 4421 1642 4466 et
1668 4410 1976 4466 obscuriora

399 4518 601 4587 profert
625 4522 782 4584 ,‘quaz
824 4512 910 4564 vix
949 4509 1013 4563 ad
1062 4507 1337 4562 historiam
1388 4504 1541 4558 istius
1576 4502 1674 4557 αξνί
1718 4501 1979 4573 quadrare

394 4610 599 4679 possint
627 4626 641 4660 :
669 4621 787 4674 «pne
817 4618 914 4658 nos
951 4617 1047 4672 pro
1085 4598 1335 4653 facultate
1366 4594 1753 4665 explicavimus
1783 4593 1835 4647 in
1875 4607 1973 4646 eo-

394 4701 514 4755 dem
546 4697 768 4752 Monito.

467 4790 620 4845 Hutic
659 4788 724 4841 ad
754 4786 979 4840 Viduam
1016 4783 1282 4853 juniorem
1326 4777 1517 4832 librum
1563 4776 1802 4845 sequitur
1841 4776 1977 4832 alius

397 4884 528 4937 liber
567 4880 651 4935 vel
698 4879 942 4942 homilia,
975 4890 1093 4945 qua:
1128 4872 1288 4928 etiam
1335 4869 1403 4923 ad
1445 4868 1670 4923 Viduam
1711 4866 1976 4936 juniorem

397 4976 721 5030 inscribitur.
751 4971 947 5025 Verum
974 4969 1059 5023 hic
1084 4981 1189 5021 non
1216 4964 1430 5019 viduam
1458 4976 1614 5017 unam
1631 5001 1645 5025 ,
1670 4959 1765 5014 sed
1790 4959 1979 5013 viduas

396 5079 584 5120 omnes
633 5063 873 5133 iuniores
922 5058 1242 5127 alloquitur,
1286 5070 1418 5125 quas
1461 5052 1773 5107 cohortatur
1818 5058 1876 5104 ut
1922 5048 1978 5103 in

397 5162 654 5214 viduitate
695 5162 1078 5227 permaneant,
1122 5166 1227 5207 non
1281 5148 1422 5218 quod
1475 5144 1733 5200 secundas
1772 5143 1979 5211 nuptias

398 5253 648 5315 damnet,
678 5248 771 5302 sed
801 5245 943 5317 quod
972 5245 1050 5298 sic
1078 5243 1354 5297 liberiores
1382 5244 1632 5292 maneant
1652 5277 1667 5301 ,
1701 5245 1757 5291 et
1778 5234 1978 5290 caelesti

397 5358 597 5414 sponso
621 5340 837 5395 Christo
866 5352 924 5392 se
954 5336 1152 5391 arctius
1184 5334 1408 5402 jnngere
1436 5328 1658 5400 possint.

466 5432 679 5485 Librum
727 5429 788 5482 de
843 5426 1138 5496 Virginitate
1166 5422 1354 5477 scribit.
1385 5448 1458 5460 -—
1494 5417 1883 5488 Longissimum
1925 5425 1980 5471 et

396 5523 651 5578 eximium
678 5520 747 5575 de
774 5517 1093 5588 Virginitate
1116 5514 1330 5579 librum,
1366 5511 1453 5582 qui
1486 5510 1761 5579 plusquam
1784 5508 1851 5563 68
1881 5523 1976 5577 pa-

395 5615 547 5683 ginas
573 5612 780 5681 implet,
807 5607 1056 5664 emisisse
1098 5605 1357 5661 Joannem
1390 5611 1634 5672 putamus
1684 5598 1978 5653 Antiochia:

393 5712 445 5761 et
482 5715 767 5774 antequam
796 5698 1075 5771 presbyter
1119 5706 1279 5753 esset.
1315 5692 1465 5763 Quod
1499 5691 1641 5747 enim
1678 5690 1972 5747 Antiochia:

2100 398 2363 465 ediderit,
2396 400 2508 469 ipse
2558 403 2869 456 testiﬁcatur
2921 401 3135 456 homilia
3179 402 3573 472 undevigesima
3619 405 3675 459 in

2101 490 2276 557 Epist.
2304 493 2369 546 ad
2399 493 2702 549 Corinthios
2736 494 2817 548 his
2841 494 3018 548 verbis
3043 510 3056 542 :
3081 493 3143 549 Si
3171 505 3335 547 autem
3366 495 3675 563 prwteriinus

2098 597 2156 634 ea
2182 596 2295 650 qua:
2334 582 2547 636 dicenda
2586 594 2746 637 essent
2775 582 2838 636 de
2863 583 3149 654 virginitate
3171 624 3187 650 ,
3216 600 3358 637 nemo
3396 600 3485 638 nos
3514 584 3672 654 negli-

2095 671 2277 739 gentia:
2294 672 2519 728 damnet.
2548 673 2750 744 Integer
2779 676 2909 728 enim
2935 673 3057 728 liber
3082 675 3135 729 in
3156 674 3287 728 Itum:
3310 676 3474 730 locum
3505 691 3540 728 ι
3578 691 3673 731 uo-

2095 761 2170 814 bis
2196 772 2267 816 est
2294 763 2457 818 editus
2479 780 2498 818 :
2521 773 2566 818 et
2590 780 2725 832 cunt,
2753 782 2904 833 quam
2936 765 3187 835 potuimus
3225 766 3596 822 accuratissime
3627 776 3674 821 et

2094 851 2475 923 diligentissime
2498 892 2515 919 ,
2542 853 2712 907 omnia
2751 854 2858 907 illic
2905 855 3185 924 persequuti
3210 855 3368 910 simus
3390 896 3405 921 ,
3435 872 3676 925 superva-

2100 959 2308 995 caneum
2339 959 2447 997 esse
2473 944 2711 998 duximus
2737 960 2796 998 ea
2824 961 3026 998 rursum
3057 946 3137 999 hic
3175 962 3442 1015 exponere.
3472 946 3671 1001 Locum

2099 1048 2259 1101 porro
2288 1033 2459 1099 illum,
2488 1049 2645 1104 quem
2688 1034 2903 1090 homilia
2940 1034 3335 1104 undevigesima
3378 1036 3431 1091 in
3467 1037 3675 1107 Episto-

2094 1124 2199 1178 lam
2230 1126 2253 1179 1
2283 1125 2349 1180 ad
2380 1126 2689 1181 Corinthios
2716 1127 2769 1181 in
2814 1136 3184 1196 argumentum
3236 1126 3340 1181 sibi
3384 1128 3631 1196 proponit
3654 1166 3670 1189 .

2093 1216 2317 1281 scilicet,
2338 1216 2542 1271 Bonum
2562 1226 2645 1271 est
2659 1216 2863 1271 homini
2876 1216 3155 1271 mulierem
3169 1232 3277 1271 non
3296 1226 3669 1287 tangere,etc.,

2093 1308 2147 1363 in
2165 1307 2267 1363 hoc
2285 1308 2352 1363 de
2368 1308 2679 1378 Virginitate
2704 1309 2840 1364 libre
2862 1316 3117 1379 perpetuo
3135 1317 3314 1364 versat
3336 1318 3390 1364 et
3412 1309 3629 1364 discutit
3652 1326 3668 1375 ;

2094 1397 2162 1451 ita
2194 1407 2245 1451 ut
2278 1398 2500 1467 perinde
2526 1409 2731 1454 certum
2758 1399 2827 1453 sit
2849 1398 2990 1453 hunc
3025 1399 3093 1454 de
3129 1399 3446 1471 Virginitate
3480 1400 3672 1455 librum

2090 1488 2144 1544 in
2181 1489 2398 1544 homilia
2447 1491 2537 1544 illa
2574 1492 2982 1546 commemorari
3016 1508 3029 1544 :
3080 1500 3137 1545 ut
3171 1502 3374 1546 certum
3403 1500 3489 1548 est
3510 1534 3525 1558 ,
3558 1493 3672 1561 ipso

2093 1590 2226 1634 teste
2249 1578 2638 1651 Chrysostomo
2657 1620 2677 1646 ,
2705 1590 2760 1635 et
2787 1580 2984 1636 fatente
3007 1581 3348 1636 Tiliemontio
3369 1624 3384 1651 ,
3415 1581 3670 1638 Homilias

2091 1670 2144 1724 in
2168 1670 2458 1739 Epistolam
2482 1672 2506 1725 1
2533 1671 2599 1725 ad
2612 1669 2919 1725 Corinthios
2938 1671 3237 1728 Antiochiae
3257 1672 3463 1728 habitas
3485 1672 3668 1728 fuisse.

2162 1759 2357 1815 Verum
2382 1760 2443 1815 V.
2464 1760 2549 1816 Cl.
2575 1761 2948 1817 Tillemontius
2978 1770 3177 1817 tantam
3204 1763 3328 1818 huic
3356 1763 3671 1819 enervanda:

2090 1853 2369 1907 sententiae
2421 1852 2790 1909 difficultatem
2841 1870 2901 1909 se
2946 1854 3210 1923 reperisse
3256 1864 3444 1925 putat,
3486 1864 3543 1910 ut
3581 1856 3668 1909 illa

2090 1944 2383 2009 abductus,
2430 1944 2688 1999 Joannem
2714 1945 2823 2013 jam
2862 1946 3170 2015 episcopum
3201 1958 3255 2003 et
3293 1947 3670 2003 Constantino-

2091 2033 2196 2103 poli
2228 2034 2423 2089 librum
2463 2033 2605 2089 hunc
2638 2035 2869 2091 edidisse
2918 2035 3207 2101 decernat,
3249 2038 3375 2106 quia
3425 2038 3671 2093 videlicet

2088 2125 2318 2196 quodam
2352 2126 2405 2180 in
2437 2125 2557 2181 loco
2608 2125 2699 2181 ille
2742 2127 2893 2195 quasi
2943 2127 3231 2197 episcopus
3277 2128 3530 2197 loquitur.
3561 2128 3667 2184 Sed

2087 2217 2444 2286 objectionem
2470 2218 2613 2273 illaut
2640 2217 2977 2274 confutamus
3007 2219 3061 2273 in
3086 2218 3283 2274 Monito
3312 2219 3380 2274 ad
3423 2220 3563 2275 bone
3608 2221 3668 2274 Ii-

2088 2307 2242 2363 brum
2284 2307 2347 2362 T.
2377 2308 2430 2363 1.
2460 2315 2509 2361 ο.
2539 2307 2637 2363 551
2681 2308 2816 2365 :ubi
2857 2309 3003 2365 clare
3054 2309 3343 2380 probamus
3384 2309 3556 2380 ipsum
3613 2311 3666 2365 in

2087 2396 2207 2453 loco
2258 2397 2352 2453 illo
2379 2413 2448 2454 ex
2499 2397 2648 2454 Pauli
2713 2414 2945 2470 persona
2985 2399 3157 2470 loqui;
3186 2410 3242 2455 et
3296 2401 3492 2470 passim
3541 2401 3666 2455 alibi

2088 2489 2234 2544 illum
2261 2491 2631 2561 episcoporum
2653 2531 2669 2559 ,
2706 2491 3107 2562 conjugatorum
3132 2501 3186 2547 et
3222 2492 3449 2547 aliorum
3477 2509 3666 2562 perso-

2087 2598 2183 2639 nas
2209 2582 2285 2638 sic
2311 2598 2585 2639 assumere
2612 2586 2993 2654 comperimus.

2157 2674 2516 2730 lndubitatum
2553 2674 2732 2746 itaque
2765 2683 2887 2738 est,
2918 2675 3033 2743 ipso
3075 2675 3402 2730 reclamante
3438 2674 3668 2744 Chryso-

2084 2775 2299 2831 stomo,
2328 2765 2522 2820 librum
2569 2764 2638 2820 de
2684 2764 3002 2835 Virginitate
3061 2765 3320 2821 emissum
3373 2765 3668 2821 Antiochia:

2085 2856 2268 2919 fuisse,
2296 2856 2366 2910 ita
2402 2864 2460 2910 ut
2496 2871 2562 2910 es
2606 2855 2783 2910 verbis
2832 2855 2952 2925 ejus
3002 2856 3153 2926 argui
3203 2870 3364 2925 posse
3405 2854 3665 2923 videatur,

2086 2951 2257 3021 ipsum
2287 2960 2411 3007 tunc
2441 2951 2492 3006 in
2524 2951 2810 3006 multorum
2839 2964 3028 3005 manus
3054 2949 3360 3006 devenisse.
3390 2949 3507 3017 Quo
3532 2958 3668 3006 tem.

2086 3059 2215 3113 pore
2251 3053 2433 3099 autem
2481 3043 2631 3098 illum
2680 3043 2992 3113 scripserit,
3020 3058 3277 3112 nusquam
3324 3044 3661 3113 reperimus;

2089 3135 2440 3206 probabiliter
2478 3144 2655 3191 tamen
2685 3135 2790 3190 dici
2820 3148 2977 3203 posse
3004 3143 3150 3203 puto,
3180 3135 3353 3206 ipsum
3382 3144 3665 3206 antequam

2086 3226 2361 3297 presbyter
2390 3234 2535 3281 esset
2580 3224 2722 3280 hunc
2768 3225 2960 3280 librum
2992 3224 3367 3291 adornavisse,
3401 3240 3521 3281 cum
3548 3226 3666 3295 plus

2085 3315 2185 3371 sibi
2230 3318 2324 3371 otii
2363 3325 2527 3371 esset.
2568 3316 2852 3385 Postquam
2904 3315 3046 3369 enim
3086 3316 3367 3386 presbyter
3391 3316 3666 3372 ordinatus

2084 3405 2181 3460 fuit
2203 3447 2217 3472 ,
2247 3405 2596 3460 eoneionandi
2635 3406 2811 3460 cilicio
2836 3404 3262 3476 frequentissime
3302 3405 3620 3476 fungebatur
3644 3448 3660 3472 ,

2084 3507 2142 3553 ut
2166 3514 2273 3553 non
2300 3506 2511 3553 vacaret
2553 3498 2651 3567 ipsi
2694 3506 2799 3552 tam
2844 3496 3086 3567 prolixos
3120 3497 3439 3553 concinnare
3476 3498 3661 3553 libros.

2083 3589 2333 3659 Alioquin
2360 3598 2535 3644 autem
2556 3629 2571 3654 ,
2604 3589 2650 3643 si
2682 3588 2960 3659 presbyter
2986 3588 3101 3643 btec
3129 3588 3451 3658 scripsisset,
3481 3588 3534 3644 in
3560 3588 3661 3643 ho-

2086 3682 2259 3735 milias
2278 3722 2293 3747 ,
2323 3689 2379 3735 ut
2398 3680 2622 3736 credere
2641 3689 2744 3746 est,
2775 3688 2942 3733 totum
2974 3679 3334 3734 distribuisset
3357 3720 3372 3745 ,
3402 3687 3460 3733 ut
3492 3679 3663 3733 homi-

2082 3770 2181 3825 lias
2221 3769 2290 3825 de
2339 3769 2675 3836 Pcenitentia,
2727 3769 2796 3826 de
2844 3768 3399 3839 lncomprehensihili,
3444 3769 3512 3824 de
3559 3767 3663 3823 La-

2082 3876 2227 3924 zaro,
2254 3870 2359 3916 etc.

2152 3954 2233 4009 De
2285 3964 2457 4008 sancto
2529 3952 2725 4023 Babylo
2769 3952 2955 4007 librum
3011 3951 3203 4005 scribit.
3244 3980 3314 3991 --
3355 3949 3468 4005 Huc
3517 3948 3658 4004 refe-

2081 4045 2279 4101 rendus
2308 4045 2443 4102 liber
2482 4045 2573 4099 ille
2603 4045 2654 4098 in
2687 4051 2928 4100 sanctum
2951 4041 3203 4111 Babylam
3232 4041 3251 4111 (
3276 4039 3337 4094 Τ.
3365 4041 3420 4093 2.
3454 4038 3656 4095 6.527.

2052 4130 2053 4133 “
2082 4133 2209 4208 533)
2225 4177 2239 4201 ,
2257 4144 2445 4193 contra
2466 4135 2733 4190 Julianum
2756 4142 2812 4188 et
2848 4142 3034 4187 contra
3066 4130 3303 4185 Gentiles
3320 4144 3523 4199 ,quem
3549 4129 3662 4182 An-

2082 4225 2296 4281 tiochia:
2321 4226 2535 4295 scripsit
2559 4233 2612 4280 et
2635 4240 2700 4280 es
2726 4223 2995 4277 memoriae.
3018 4221 3167 4292 lapsu
3199 4216 3537 4275 Hermantius
3563 4232 3660 4286 pro

2082 4317 2298 4372 homilia
2326 4316 2529 4371 habuit.
2558 4315 2836 4383 Temporis
2879 4323 3057 4368 notam
3090 4312 3176 4366 hic
3209 4310 3442 4366 Joannes
3477 4317 3659 4363 noster

2081 4410 2253 4474 aﬂ'crt,
2281 4423 2403 4463 cum
2424 4408 2557 4462 dicit
2594 4407 2705 4476 jam
2748 4406 3062 4476 vigesimum
3117 4419 3313 4458 annum
3345 4404 3429 4473 agi
3457 4418 3521 4458 es
3553 4415 3660 4471 quo

2080 4502 2322 4556 Julianus
2352 4500 2602 4568 Apostata
2625 4496 2879 4565 templum
2904 4494 3409 4564 Jerosolymitanum
3448 4500 3660 4546 restau-

2082 4609 2203 4648 rare
2246 4578 2470 4646 conatus
2511 4596 2612 4644 est.
2659 4586 2715 4641 Id
2764 4600 2895 4640 vero
2948 4585 3170 4639 tentavit
3215 4583 3458 4637 Julianus
3513 4595 3656 4635 anno

2079 4683 2281 4740 Christi
2326 4681 2432 4738 363
2478 4698 2491 4734 :
2538 4677 2681 4732 unde
2725 4683 3036 4745 sequeretur
3060 4673 3316 4727 Joannem
3361 4686 3501 4725 anno
3555 4670 3659 4724 382

2083 4774 2227 4830 hunc
2251 4771 2541 4827 adornasse
2579 4767 2793 4822 librum.
2824 4764 3020 4819 Verum
3067 4762 3203 4817 solet
3239 4762 3327 4817 ille
3368 4775 3471 4814 non
3510 4769 3659 4814 tanto

2082 4864 2335 4933 scrupulo
2362 4862 2457 4916 has
2484 4876 2596 4916 suae
2619 4859 2781 4915 etiam
2806 4856 2979 4912 :etatis
3006 4864 3157 4909 notas
3190 4866 3493 4922 apponere,
3522 4859 3578 4903 ut
3604 4850 3658 4904 in

2083 4955 2282 5010 Ilonito
2309 4953 2375 5007 ad
2401 4952 2541 5007 hunc
2571 4952 2762 5007 librum
2790 4947 3033 5019 pluribus
3078 4944 3454 5014 comprobatur
3483 4939 3571 5015 (T.
3601 4939 3657 4993 2.

2085 5063 2138 5116 p.
2171 5044 2321 5110 525).
2358 5043 2468 5098 Hoc
2496 5057 2657 5097 unum
2687 5040 2803 5095 sine
2833 5037 3045 5093 errandi
3069 5036 3306 5106 periculo
3354 5033 3456 5088 dici
3503 5045 3661 5103 posse

2083 5135 2309 5200 videtur,
2339 5133 2485 5188 illum
2513 5144 2705 5200 nempe
2724 5145 2843 5183 cum
2869 5128 3121 5183 diaconus
3142 5133 3284 5180 esset
3303 5123 3443 5177 hunc
3469 5123 3660 5177 librum

2081 5229 2387 5298 scripsisse,
2414 5225 2481 5280 ab
2530 5237 2672 5279 anno
2714 5236 2905 5292 nempe
2945 5220 3043 5277 58t
3097 5217 3164 5273 ad
3203 5216 3308 5275 585
3346 5225 3400 5272 et
3432 5216 3535 5271 586
3579 5214 3663 5267 in-

2081 5332 2536 5479 euilltlttagntiinentum
2567 5403 2684 5457 libri
2719 5412 2801 5457 est
2839 5399 3058 5455 historia
3086 5397 3324 5469 martyrii
3362 5396 3418 5452 S.
3447 5394 3661 5465 Babylo:

2084 5500 2318 5572 episcopi
2362 5494 2678 5553 Antiocheni
2722 5490 3100 5547 declamatorio
3147 5503 3333 5553 more,
3374 5500 3544 5555 exque
3574 5499 3655 5536 ru-

2087 5607 2235 5646 more
2272 5588 2405 5657 vulgi
2450 5587 2761 5655 plerumque
2802 5580 3085 5645 recensita,
3115 5578 3278 5647 tropis
3308 5574 3611 5631 redundans
3644 5588 3658 5623 :

2085 5685 2137 5741 in
2177 5700 2279 5755 qua
2333 5680 2607 5737 veritatem
2650 5690 2792 5746 δίκερε
2837 5672 3128 5730 desideres.
3171 5670 3303 5726 Nam
3354 5674 3411 5720 ut
3457 5672 3658 5718 certum
