  <div class='ocr_page' id='page_1' title='image "/cluster/home/n/w/nwhite01/storage/ocr_20150623/47/mdp.39015012902212/147.png"; bbox 0 0 4110 6148; ppageno 0'>
   <div class='ocr_carea' id='block_1_1' title="bbox 425 259 2568 334">
    <p class='ocr_par' dir='ltr' id='par_1_1' title="bbox 425 259 2568 334">
     <span class='ocr_line' id='line_1_1' title="bbox 425 259 2568 334; baseline -0.004 -6"><span class='ocrx_word' id='word_1_1' title='bbox 425 272 494 334; x_wconf 79' lang='lat'><strong>99</strong></span> <span class='ocrx_word' id='word_1_2' title='bbox 1477 270 1532 324; x_wconf 83' lang='lat' dir='ltr'><strong>S.</strong></span> <span class='ocrx_word' id='word_1_3' title='bbox 1573 264 1848 323; x_wconf 77' lang='lat' dir='ltr'><strong>JOANNIS</strong></span> <span class='ocrx_word' id='word_1_4' title='bbox 1882 259 2358 320; x_wconf 61' lang='lat' dir='ltr'><strong>CHRISOSTOMI</strong></span> <span class='ocrx_word' id='word_1_5' title='bbox 2388 264 2568 332; x_wconf 80' lang='lat' dir='ltr'><strong>VITA,</strong></span> 
     </span>
    </p>
   </div>
   <div class='ocr_carea' id='block_1_2' title="bbox 423 377 2006 458">
    <p class='ocr_par' dir='ltr' id='par_1_2' title="bbox 423 377 2006 458">
     <span class='ocr_line' id='line_1_2' title="bbox 423 377 2006 458; baseline -0.011 -11"><span class='ocrx_word' id='word_1_6' title='bbox 423 388 673 447; x_wconf 67' lang='lat' dir='ltr'><strong>existimo</strong></span> <span class='ocrx_word' id='word_1_7' title='bbox 697 388 737 444; x_wconf 84' lang='lat'>8</span> <span class='ocrx_word' id='word_1_8' title='bbox 787 384 1037 458; x_wconf 77' lang='lat' dir='ltr'><strong>Babylam</strong></span> <span class='ocrx_word' id='word_1_9' title='bbox 1074 399 1169 453; x_wconf 89' lang='lat' dir='ltr'><strong>pro</strong></span> <span class='ocrx_word' id='word_1_10' title='bbox 1207 381 1420 437; x_wconf 81' lang='lat' dir='ltr'><strong>Christo</strong></span> <span class='ocrx_word' id='word_1_11' title='bbox 1464 393 1663 435; x_wconf 71' lang='lat' dir='ltr'><strong>caesum</strong></span> <span class='ocrx_word' id='word_1_12' title='bbox 1712 377 1902 441; x_wconf 78' lang='lat' dir='ltr'><strong>fuisse;</strong></span> <span class='ocrx_word' id='word_1_13' title='bbox 1935 377 2006 429; x_wconf 87' lang='lat' dir='ltr'><strong>ita</strong></span> 
     </span>
    </p>
   </div>
   <div class='ocr_carea' id='block_1_3' title="bbox 424 467 2008 553">
    <p class='ocr_par' dir='ltr' id='par_1_3' title="bbox 424 467 2008 553">
     <span class='ocr_line' id='line_1_3' title="bbox 424 467 2008 553; baseline -0.009 -15"><span class='ocrx_word' id='word_1_14' title='bbox 424 495 596 553; x_wconf 73' lang='lat' dir='ltr'><strong>genus</strong></span> <span class='ocrx_word' id='word_1_15' title='bbox 631 490 684 536; x_wconf 88' lang='lat' dir='ltr'><strong>et</strong></span> <span class='ocrx_word' id='word_1_16' title='bbox 719 493 877 534; x_wconf 80' lang='lat' dir='ltr'><strong>causa</strong></span> <span class='ocrx_word' id='word_1_17' title='bbox 922 474 1162 544; x_wconf 71' lang='lat' dir='ltr'><strong>martyrii</strong></span> <span class='ocrx_word' id='word_1_18' title='bbox 1188 487 1252 527; x_wconf 79' lang='lat' dir='ltr'><strong>ex</strong></span> <span class='ocrx_word' id='word_1_19' title='bbox 1294 470 1479 542; x_wconf 79' lang='lat' dir='ltr'><strong>populi</strong></span> <span class='ocrx_word' id='word_1_20' title='bbox 1521 483 1737 525; x_wconf 85' lang='lat' dir='ltr'><strong>rumore</strong></span> <span class='ocrx_word' id='word_1_21' title='bbox 1793 467 2008 538; x_wconf 80' lang='lat' dir='ltr'><strong>potius,</strong></span> 
     </span>
    </p>
   </div>
   <div class='ocr_carea' id='block_1_4' title="bbox 425 557 2012 643">
    <p class='ocr_par' dir='ltr' id='par_1_4' title="bbox 425 557 2012 643">
     <span class='ocr_line' id='line_1_4' title="bbox 425 557 2012 643; baseline -0.009 -16"><span class='ocrx_word' id='word_1_22' title='bbox 425 588 583 643; x_wconf 83' lang='lat' dir='ltr'><strong>quam</strong></span> <span class='ocrx_word' id='word_1_23' title='bbox 635 587 701 627; x_wconf 75' lang='lat' dir='ltr'><strong>ex</strong></span> <span class='ocrx_word' id='word_1_24' title='bbox 728 584 853 624; x_wconf 84' lang='lat' dir='ltr'><strong>vera</strong></span> <span class='ocrx_word' id='word_1_25' title='bbox 895 579 1074 621; x_wconf 90' lang='lat' dir='ltr'><strong>rerum</strong></span> <span class='ocrx_word' id='word_1_26' title='bbox 1117 572 1388 635; x_wconf 66' lang='lat' dir='ltr'><strong>gestarum</strong></span> <span class='ocrx_word' id='word_1_27' title='bbox 1442 561 1670 617; x_wconf 79' lang='lat' dir='ltr'><strong>historia</strong></span> <span class='ocrx_word' id='word_1_28' title='bbox 1730 575 1761 615; x_wconf 87' lang='lat' dir='ltr'><strong>a</strong></span> <span class='ocrx_word' id='word_1_29' title='bbox 1803 557 2012 616; x_wconf 64' lang='lat' dir='ltr'><strong>Joanne</strong></span> 
     </span>
    </p>
   </div>
   <div class='ocr_carea' id='block_1_5' title="bbox 423 649 2011 734">
    <p class='ocr_par' dir='ltr' id='par_1_5' title="bbox 423 649 2011 734">
     <span class='ocr_line' id='line_1_5' title="bbox 423 649 2011 734; baseline -0.012 -13"><span class='ocrx_word' id='word_1_30' title='bbox 423 662 651 734; x_wconf 74' lang='lat' dir='ltr'><strong>proferri</strong></span> <span class='ocrx_word' id='word_1_31' title='bbox 696 674 801 713; x_wconf 91' lang='lat' dir='ltr'><strong>non</strong></span> <span class='ocrx_word' id='word_1_32' title='bbox 857 656 1076 712; x_wconf 86' lang='lat' dir='ltr'><strong>dubium</strong></span> <span class='ocrx_word' id='word_1_33' title='bbox 1128 663 1229 710; x_wconf 86' lang='lat' dir='ltr'><strong>est.</strong></span> <span class='ocrx_word' id='word_1_34' title='bbox 1287 654 1419 722; x_wconf 82' lang='lat' dir='ltr'><strong>Quis</strong></span> <span class='ocrx_word' id='word_1_35' title='bbox 1465 655 1641 718; x_wconf 88' lang='lat' dir='ltr'><strong>enim,</strong></span> <span class='ocrx_word' id='word_1_36' title='bbox 1670 664 1885 723; x_wconf 70' lang='lat' dir='ltr'><strong>quaeso,</strong></span> <span class='ocrx_word' id='word_1_37' title='bbox 1921 649 2011 704; x_wconf 91' lang='lat' dir='ltr'><strong>ille</strong></span> 
     </span>
    </p>
   </div>
   <div class='ocr_carea' id='block_1_6' title="bbox 426 739 2008 816">
    <p class='ocr_par' dir='ltr' id='par_1_6' title="bbox 426 739 2008 816">
     <span class='ocr_line' id='line_1_6' title="bbox 426 739 2008 816; baseline -0.009 -9"><span class='ocrx_word' id='word_1_38' title='bbox 426 753 586 807; x_wconf 82' lang='lat' dir='ltr'><strong>fuerit</strong></span> <span class='ocrx_word' id='word_1_39' title='bbox 630 751 990 805; x_wconf 77' lang='lat' dir='ltr'><strong>Rormnorum</strong></span> <span class='ocrx_word' id='word_1_40' title='bbox 1029 744 1325 816; x_wconf 80' lang='lat' dir='ltr'><strong>imperator</strong></span> <span class='ocrx_word' id='word_1_41' title='bbox 1368 744 1729 809; x_wconf 88' lang='lat' dir='ltr'><strong>Christianus,</strong></span> <span class='ocrx_word' id='word_1_42' title='bbox 1758 741 1852 813; x_wconf 88' lang='lat' dir='ltr'><strong>qui</strong></span> <span class='ocrx_word' id='word_1_43' title='bbox 1877 739 2008 795; x_wconf 87' lang='lat' dir='ltr'><strong>inita</strong></span> 
     </span>
    </p>
   </div>
   <div class='ocr_carea' id='block_1_7' title="bbox 423 831 2008 915">
    <p class='ocr_par' dir='ltr' id='par_1_7' title="bbox 423 831 2008 915">
     <span class='ocr_line' id='line_1_7' title="bbox 423 831 2008 915; baseline -0.01 -14"><span class='ocrx_word' id='word_1_44' title='bbox 423 861 545 902; x_wconf 81' lang='lat' dir='ltr'><strong>cum</strong></span> <span class='ocrx_word' id='word_1_45' title='bbox 610 858 739 915; x_wconf 75' lang='lat' dir='ltr'><strong>rege</strong></span> <span class='ocrx_word' id='word_1_46' title='bbox 791 840 1021 896; x_wconf 58' lang='lat' dir='ltr'><strong>barbaro</strong></span> <span class='ocrx_word' id='word_1_47' title='bbox 1080 852 1252 911; x_wconf 85' lang='lat' dir='ltr'><strong>pace,</strong></span> <span class='ocrx_word' id='word_1_48' title='bbox 1302 853 1365 893; x_wconf 87' lang='lat' dir='ltr'><strong>ea</strong></span> <span class='ocrx_word' id='word_1_49' title='bbox 1432 835 1771 901; x_wconf 82' lang='lat' dir='ltr'><strong>conditione,</strong></span> <span class='ocrx_word' id='word_1_50' title='bbox 1818 841 1878 888; x_wconf 92' lang='lat' dir='ltr'><strong>ut</strong></span> <span class='ocrx_word' id='word_1_51' title='bbox 1942 831 2008 886; x_wconf 87' lang='lat' dir='ltr'><strong>ii-</strong></span> 
     </span>
    </p>
   </div>
   <div class='ocr_carea' id='block_1_8' title="bbox 423 925 2008 998">
    <p class='ocr_par' dir='ltr' id='par_1_8' title="bbox 423 925 2008 998">
     <span class='ocr_line' id='line_1_8' title="bbox 423 925 2008 998; baseline -0.009 -6"><span class='ocrx_word' id='word_1_52' title='bbox 423 940 551 995; x_wconf 85' lang='lat' dir='ltr'><strong>lium</strong></span> <span class='ocrx_word' id='word_1_53' title='bbox 581 937 668 993; x_wconf 87' lang='lat' dir='ltr'><strong>ille</strong></span> <span class='ocrx_word' id='word_1_54' title='bbox 696 935 797 990; x_wconf 83' lang='lat' dir='ltr'><strong>sibi</strong></span> <span class='ocrx_word' id='word_1_55' title='bbox 825 932 1158 990; x_wconf 86' lang='lat' dir='ltr'><strong>educandum</strong></span> <span class='ocrx_word' id='word_1_56' title='bbox 1190 930 1424 986; x_wconf 86' lang='lat' dir='ltr'><strong>traderet</strong></span> <span class='ocrx_word' id='word_1_57' title='bbox 1445 970 1462 997; x_wconf 92' lang='lat'><strong>,</strong></span> <span class='ocrx_word' id='word_1_58' title='bbox 1491 935 1766 998; x_wconf 88' lang='lat' dir='ltr'><strong>acceptum</strong></span> <span class='ocrx_word' id='word_1_59' title='bbox 1798 939 1895 994; x_wconf 92' lang='lat' dir='ltr'><strong>pro</strong></span> <span class='ocrx_word' id='word_1_60' title='bbox 1924 925 2008 994; x_wconf 92' lang='lat' dir='ltr'><strong>pi-</strong></span> 
     </span>
    </p>
   </div>
   <div class='ocr_carea' id='block_1_9' title="bbox 422 1014 2009 1097">
    <p class='ocr_par' dir='ltr' id='par_1_9' title="bbox 422 1014 2009 1097">
     <span class='ocr_line' id='line_1_9' title="bbox 422 1014 2009 1097; baseline -0.007 -17"><span class='ocrx_word' id='word_1_61' title='bbox 422 1036 590 1097; x_wconf 75' lang='lat' dir='ltr'><strong>gnore</strong></span> <span class='ocrx_word' id='word_1_62' title='bbox 638 1026 782 1097; x_wconf 87' lang='lat' dir='ltr'><strong>pacis</strong></span> <span class='ocrx_word' id='word_1_63' title='bbox 830 1023 995 1079; x_wconf 84' lang='lat' dir='ltr'><strong>lilium</strong></span> <span class='ocrx_word' id='word_1_64' title='bbox 1045 1020 1327 1079; x_wconf 76' lang='lat' dir='ltr'><strong>confestim</strong></span> <span class='ocrx_word' id='word_1_65' title='bbox 1368 1019 1714 1090; x_wconf 81' lang='lat' dir='ltr'><strong>jugulaverit,</strong></span> <span class='ocrx_word' id='word_1_66' title='bbox 1747 1030 1915 1085; x_wconf 85' lang='lat' dir='ltr'><strong>eaque</strong></span> <span class='ocrx_word' id='word_1_67' title='bbox 1939 1014 2009 1070; x_wconf 92' lang='lat' dir='ltr'><strong>de</strong></span> 
     </span>
    </p>
   </div>
   <div class='ocr_carea' id='block_1_10' title="bbox 421 1106 2005 1186">
    <p class='ocr_par' dir='ltr' id='par_1_10' title="bbox 421 1106 2005 1186">
     <span class='ocr_line' id='line_1_10' title="bbox 421 1106 2005 1186; baseline -0.01 -11"><span class='ocrx_word' id='word_1_68' title='bbox 421 1133 585 1175; x_wconf 80' lang='lat' dir='ltr'><strong>causa</strong></span> <span class='ocrx_word' id='word_1_69' title='bbox 631 1134 660 1173; x_wconf 88' lang='lat' dir='ltr'><strong>a</strong></span> <span class='ocrx_word' id='word_1_70' title='bbox 708 1118 864 1174; x_wconf 86' lang='lat' dir='ltr'><strong>beato</strong></span> <span class='ocrx_word' id='word_1_71' title='bbox 921 1115 1114 1186; x_wconf 83' lang='lat' dir='ltr'><strong>Babyla</strong></span> <span class='ocrx_word' id='word_1_72' title='bbox 1156 1111 1410 1168; x_wconf 73' lang='lat' dir='ltr'><strong>Ecclesite</strong></span> <span class='ocrx_word' id='word_1_73' title='bbox 1450 1109 1595 1164; x_wconf 86' lang='lat' dir='ltr'><strong>aditu</strong></span> <span class='ocrx_word' id='word_1_74' title='bbox 1650 1106 2005 1169; x_wconf 90' lang='lat' dir='ltr'><strong>interclusus,</strong></span> 
     </span>
    </p>
   </div>
   <div class='ocr_carea' id='block_1_11' title="bbox 329 1196 2008 1280">
    <p class='ocr_par' dir='ltr' id='par_1_11' title="bbox 329 1196 2008 1280">
     <span class='ocr_line' id='line_1_11' title="bbox 329 1196 2008 1280; baseline -0.011 -11"><span class='ocrx_word' id='word_1_75' title='bbox 329 1255 333 1257; x_wconf 87' lang='grc'><strong><em>-</em></strong></span> <span class='ocrx_word' id='word_1_76' title='bbox 424 1213 674 1268; x_wconf 89' lang='lat' dir='ltr'><strong>eumdem</strong></span> <span class='ocrx_word' id='word_1_77' title='bbox 699 1211 758 1266; x_wconf 89' lang='lat' dir='ltr'><strong>S.</strong></span> <span class='ocrx_word' id='word_1_78' title='bbox 786 1208 1065 1280; x_wconf 70' lang='lat' dir='ltr'><strong>prtesulem</strong></span> <span class='ocrx_word' id='word_1_79' title='bbox 1087 1207 1139 1261; x_wconf 94' lang='lat' dir='ltr'><strong>in</strong></span> <span class='ocrx_word' id='word_1_80' title='bbox 1161 1218 1429 1261; x_wconf 86' lang='lat' dir='ltr'><strong>carcerem</strong></span> <span class='ocrx_word' id='word_1_81' title='bbox 1457 1200 1597 1269; x_wconf 89' lang='lat' dir='ltr'><strong>trudi</strong></span> <span class='ocrx_word' id='word_1_82' title='bbox 1624 1207 1681 1256; x_wconf 91' lang='lat' dir='ltr'><strong>et</strong></span> <span class='ocrx_word' id='word_1_83' title='bbox 1703 1196 2008 1255; x_wconf 86' lang='lat' dir='ltr'><strong>obtruncari</strong></span> 
     </span>
    </p>
   </div>
   <div class='ocr_carea' id='block_1_12' title="bbox 426 1291 2005 1373">
    <p class='ocr_par' dir='ltr' id='par_1_12' title="bbox 426 1291 2005 1373">
     <span class='ocr_line' id='line_1_12' title="bbox 426 1291 2005 1373; baseline -0.008 -18"><span class='ocrx_word' id='word_1_84' title='bbox 426 1302 689 1373; x_wconf 67' lang='lat' dir='ltr'><strong>jusserit?</strong></span> <span class='ocrx_word' id='word_1_85' title='bbox 714 1300 867 1355; x_wconf 83' lang='lat' dir='ltr'><strong>iiunc</strong></span> <span class='ocrx_word' id='word_1_86' title='bbox 891 1297 1270 1368; x_wconf 82' lang='lat' dir='ltr'><strong>imperatorem</strong></span> <span class='ocrx_word' id='word_1_87' title='bbox 1291 1293 1505 1364; x_wconf 86' lang='lat' dir='ltr'><strong>quidam</strong></span> <span class='ocrx_word' id='word_1_88' title='bbox 1533 1291 1648 1347; x_wconf 70' lang='lat' dir='ltr'><strong>sive</strong></span> <span class='ocrx_word' id='word_1_89' title='bbox 1672 1291 2005 1355; x_wconf 81' lang='lat' dir='ltr'><strong>scholiastes,</strong></span> 
     </span>
    </p>
   </div>
   <div class='ocr_carea' id='block_1_13' title="bbox 427 1380 2005 1452">
    <p class='ocr_par' dir='ltr' id='par_1_13' title="bbox 427 1380 2005 1452">
     <span class='ocr_line' id='line_1_13' title="bbox 427 1380 2005 1452; baseline -0.011 -2"><span class='ocrx_word' id='word_1_90' title='bbox 427 1380 542 1450; x_wconf 79' lang='lat' dir='ltr'><strong>sive</strong></span> <span class='ocrx_word' id='word_1_91' title='bbox 565 1392 812 1448; x_wconf 79' lang='lat' dir='ltr'><strong>librarius</strong></span> <span class='ocrx_word' id='word_1_92' title='bbox 843 1389 973 1446; x_wconf 90' lang='lat' dir='ltr'><strong>dicit</strong></span> <span class='ocrx_word' id='word_1_93' title='bbox 1001 1401 1122 1444; x_wconf 87' lang='lat' dir='ltr'><strong>esse</strong></span> <span class='ocrx_word' id='word_1_94' title='bbox 1170 1385 1549 1442; x_wconf 84' lang='lat' dir='ltr'><strong>Numerianum</strong></span> <span class='ocrx_word' id='word_1_95' title='bbox 1578 1400 1591 1436; x_wconf 93' lang='lat'>:</span> <span class='ocrx_word' id='word_1_96' title='bbox 1619 1396 1726 1452; x_wconf 91' lang='lat' dir='ltr'><strong>quo</strong></span> <span class='ocrx_word' id='word_1_97' title='bbox 1753 1381 1882 1452; x_wconf 83' lang='lat' dir='ltr'><strong>quid</strong></span> <span class='ocrx_word' id='word_1_98' title='bbox 1920 1381 2005 1434; x_wconf 87' lang='lat' dir='ltr'><strong>in-</strong></span> 
     </span>
    </p>
   </div>
   <div class='ocr_carea' id='block_1_14' title="bbox 429 1472 2006 1555">
    <p class='ocr_par' dir='ltr' id='par_1_14' title="bbox 429 1472 2006 1555">
     <span class='ocr_line' id='line_1_14' title="bbox 429 1472 2006 1555; baseline -0.01 -15"><span class='ocrx_word' id='word_1_99' title='bbox 429 1480 638 1555; x_wconf 67' lang='lat' dir='ltr'><strong>eptius?</strong></span> <span class='ocrx_word' id='word_1_100' title='bbox 660 1482 792 1538; x_wconf 86' lang='lat' dir='ltr'><strong>Nam</strong></span> <span class='ocrx_word' id='word_1_101' title='bbox 820 1481 902 1536; x_wconf 87' lang='lat' dir='ltr'><strong>vel</strong></span> <span class='ocrx_word' id='word_1_102' title='bbox 923 1479 1284 1535; x_wconf 80' lang='lat' dir='ltr'><strong>Christianum</strong></span> <span class='ocrx_word' id='word_1_103' title='bbox 1308 1476 1485 1532; x_wconf 84' lang='lat' dir='ltr'><strong>dicere</strong></span> <span class='ocrx_word' id='word_1_104' title='bbox 1498 1474 1902 1538; x_wconf 88' lang='lat' dir='ltr'><strong>Numerianum,</strong></span> <span class='ocrx_word' id='word_1_105' title='bbox 1924 1472 2006 1526; x_wconf 88' lang='lat' dir='ltr'><strong>vel</strong></span> 
     </span>
    </p>
   </div>
   <div class='ocr_carea' id='block_1_15' title="bbox 422 1568 2008 1642">
    <p class='ocr_par' dir='ltr' id='par_1_15' title="bbox 422 1568 2008 1642">
     <span class='ocr_line' id='line_1_15' title="bbox 422 1568 2008 1642; baseline -0.008 -11"><span class='ocrx_word' id='word_1_106' title='bbox 422 1575 821 1632; x_wconf 89' lang='lat' dir='ltr'><strong>interfectorem</strong></span> <span class='ocrx_word' id='word_1_107' title='bbox 851 1571 1128 1642; x_wconf 83' lang='lat' dir='ltr'><strong>cujusdam</strong></span> <span class='ocrx_word' id='word_1_108' title='bbox 1159 1570 1248 1625; x_wconf 86' lang='lat' dir='ltr'><strong>lilii</strong></span> <span class='ocrx_word' id='word_1_109' title='bbox 1274 1569 1416 1640; x_wconf 76' lang='lat' dir='ltr'><strong>regis</strong></span> <span class='ocrx_word' id='word_1_110' title='bbox 1443 1568 1790 1623; x_wconf 83' lang='lat' dir='ltr'><strong>barbarorum</strong></span> <span class='ocrx_word' id='word_1_111' title='bbox 1810 1607 1825 1632; x_wconf 96' lang='lat'><strong>,</strong></span> <span class='ocrx_word' id='word_1_112' title='bbox 1854 1578 2008 1635; x_wconf 71' lang='lat' dir='ltr'><strong>teque</strong></span> 
     </span>
    </p>
   </div>
   <div class='ocr_carea' id='block_1_16' title="bbox 424 1655 2007 1736">
    <p class='ocr_par' dir='ltr' id='par_1_16' title="bbox 424 1655 2007 1736">
     <span class='ocr_line' id='line_1_16' title="bbox 424 1655 2007 1736; baseline -0.007 -14"><span class='ocrx_word' id='word_1_113' title='bbox 424 1682 547 1722; x_wconf 90' lang='lat' dir='ltr'><strong>cum</strong></span> <span class='ocrx_word' id='word_1_114' title='bbox 586 1681 712 1722; x_wconf 88' lang='lat' dir='ltr'><strong>vera</strong></span> <span class='ocrx_word' id='word_1_115' title='bbox 755 1673 953 1736; x_wconf 80' lang='lat' dir='ltr'><strong>pugnat</strong></span> <span class='ocrx_word' id='word_1_116' title='bbox 982 1662 1222 1717; x_wconf 82' lang='lat' dir='ltr'><strong>historia.</strong></span> <span class='ocrx_word' id='word_1_117' title='bbox 1262 1660 1371 1716; x_wconf 87' lang='lat' dir='ltr'><strong>Nec</strong></span> <span class='ocrx_word' id='word_1_118' title='bbox 1399 1659 1567 1730; x_wconf 77' lang='lat' dir='ltr'><strong>magis</strong></span> <span class='ocrx_word' id='word_1_119' title='bbox 1599 1657 1835 1713; x_wconf 84' lang='lat' dir='ltr'><strong>creditur</strong></span> <span class='ocrx_word' id='word_1_120' title='bbox 1859 1655 2007 1711; x_wconf 79' lang='lat' dir='ltr'><strong>Actis</strong></span> 
     </span>
    </p>
   </div>
   <div class='ocr_carea' id='block_1_17' title="bbox 423 1745 2007 1823">
    <p class='ocr_par' dir='ltr' id='par_1_17' title="bbox 423 1745 2007 1823">
     <span class='ocr_line' id='line_1_17' title="bbox 423 1745 2007 1823; baseline -0.008 -10"><span class='ocrx_word' id='word_1_121' title='bbox 423 1757 739 1823; x_wconf 83' lang='lat' dir='ltr'><strong>quibusdam</strong></span> <span class='ocrx_word' id='word_1_122' title='bbox 781 1771 813 1810; x_wconf 90' lang='lat' dir='ltr'><strong>a</strong></span> <span class='ocrx_word' id='word_1_123' title='bbox 838 1753 1095 1809; x_wconf 88' lang='lat' dir='ltr'><strong>Bollando</strong></span> <span class='ocrx_word' id='word_1_124' title='bbox 1124 1751 1280 1807; x_wconf 84' lang='lat' dir='ltr'><strong>editis</strong></span> <span class='ocrx_word' id='word_1_125' title='bbox 1306 1750 1371 1805; x_wconf 90' lang='lat' dir='ltr'><strong>ad</strong></span> <span class='ocrx_word' id='word_1_126' title='bbox 1405 1749 1477 1804; x_wconf 70' lang='grc'><strong>24</strong></span> <span class='ocrx_word' id='word_1_127' title='bbox 1495 1747 1752 1814; x_wconf 83' lang='lat' dir='ltr'><strong>Januarii,</strong></span> <span class='ocrx_word' id='word_1_128' title='bbox 1776 1746 1866 1802; x_wconf 89' lang='lat' dir='ltr'><strong>ubi</strong></span> <span class='ocrx_word' id='word_1_129' title='bbox 1893 1745 2007 1801; x_wconf 86' lang='lat' dir='ltr'><strong>Nu-</strong></span> 
     </span>
    </p>
   </div>
   <div class='ocr_carea' id='block_1_18' title="bbox 425 1839 2005 1909">
    <p class='ocr_par' dir='ltr' id='par_1_18' title="bbox 425 1839 2005 1909">
     <span class='ocr_line' id='line_1_18' title="bbox 425 1839 2005 1909; baseline -0.009 -3"><span class='ocrx_word' id='word_1_130' title='bbox 425 1855 699 1906; x_wconf 83' lang='lat' dir='ltr'><strong>merianns</strong></span> <span class='ocrx_word' id='word_1_131' title='bbox 727 1848 992 1903; x_wconf 84' lang='lat' dir='ltr'><strong>idolorum</strong></span> <span class='ocrx_word' id='word_1_132' title='bbox 1017 1845 1188 1900; x_wconf 90' lang='lat' dir='ltr'><strong>cultor</strong></span> <span class='ocrx_word' id='word_1_133' title='bbox 1215 1842 1482 1898; x_wconf 81' lang='lat' dir='ltr'><strong>inducitur</strong></span> <span class='ocrx_word' id='word_1_134' title='bbox 1517 1840 1574 1896; x_wconf 90' lang='lat' dir='ltr'><strong>S.</strong></span> <span class='ocrx_word' id='word_1_135' title='bbox 1602 1839 1854 1909; x_wconf 81' lang='lat' dir='ltr'><strong>Babylam</strong></span> <span class='ocrx_word' id='word_1_136' title='bbox 1887 1847 2005 1892; x_wconf 81' lang='lat' dir='ltr'><strong>ten-</strong></span> 
     </span>
    </p>
   </div>
   <div class='ocr_carea' id='block_1_19' title="bbox 422 1932 2005 2010">
    <p class='ocr_par' dir='ltr' id='par_1_19' title="bbox 422 1932 2005 2010">
     <span class='ocr_line' id='line_1_19' title="bbox 422 1932 2005 2010; baseline -0.008 -14"><span class='ocrx_word' id='word_1_137' title='bbox 422 1950 543 1997; x_wconf 88' lang='lat' dir='ltr'><strong>tans</strong></span> <span class='ocrx_word' id='word_1_138' title='bbox 586 1941 654 1996; x_wconf 88' lang='lat' dir='ltr'><strong>ad</strong></span> <span class='ocrx_word' id='word_1_139' title='bbox 697 1940 1021 2010; x_wconf 79' lang='lat' dir='ltr'><strong>impietatem</strong></span> <span class='ocrx_word' id='word_1_140' title='bbox 1074 1949 1224 1991; x_wconf 81' lang='lat' dir='ltr'><strong>suam</strong></span> <span class='ocrx_word' id='word_1_141' title='bbox 1274 1933 1487 1989; x_wconf 83' lang='lat' dir='ltr'><strong>trahere</strong></span> <span class='ocrx_word' id='word_1_142' title='bbox 1509 1972 1526 1999; x_wconf 94' lang='lat'><strong>,</strong></span> <span class='ocrx_word' id='word_1_143' title='bbox 1567 1932 1843 2002; x_wconf 89' lang='lat' dir='ltr'><strong>ipsumque</strong></span> <span class='ocrx_word' id='word_1_144' title='bbox 1882 1943 2005 1983; x_wconf 89' lang='lat' dir='ltr'><strong>cum</strong></span> 
     </span>
    </p>
   </div>
   <div class='ocr_carea' id='block_1_20' title="bbox 423 2021 2006 2101">
    <p class='ocr_par' dir='ltr' id='par_1_20' title="bbox 423 2021 2006 2101">
     <span class='ocr_line' id='line_1_20' title="bbox 423 2021 2006 2101; baseline -0.005 -18"><span class='ocrx_word' id='word_1_145' title='bbox 423 2032 604 2100; x_wconf 87' lang='lat' dir='ltr'><strong>pueris</strong></span> <span class='ocrx_word' id='word_1_146' title='bbox 622 2029 939 2101; x_wconf 83' lang='lat' dir='ltr'><strong>quibusdam</strong></span> <span class='ocrx_word' id='word_1_147' title='bbox 969 2026 1206 2099; x_wconf 77' lang='lat' dir='ltr'><strong>martyrii</strong></span> <span class='ocrx_word' id='word_1_148' title='bbox 1227 2024 1393 2096; x_wconf 75' lang='lat' dir='ltr'><strong>gloria</strong></span> <span class='ocrx_word' id='word_1_149' title='bbox 1414 2021 1653 2077; x_wconf 82' lang='lat' dir='ltr'><strong>afﬁciens</strong></span> <span class='ocrx_word' id='word_1_150' title='bbox 1680 2038 1695 2075; x_wconf 89' lang='lat'><strong>:</strong></span> <span class='ocrx_word' id='word_1_151' title='bbox 1721 2035 1841 2092; x_wconf 68' lang='lat' dir='ltr'><strong>quae</strong></span> <span class='ocrx_word' id='word_1_152' title='bbox 1861 2026 2006 2075; x_wconf 84' lang='lat' dir='ltr'><strong>certe</strong></span> 
     </span>
    </p>
   </div>
   <div class='ocr_carea' id='block_1_21' title="bbox 422 2112 1660 2191">
    <p class='ocr_par' dir='ltr' id='par_1_21' title="bbox 422 2112 1660 2191">
     <span class='ocr_line' id='line_1_21' title="bbox 422 2112 1660 2191; baseline -0.009 -14"><span class='ocrx_word' id='word_1_153' title='bbox 422 2137 532 2177; x_wconf 86' lang='lat' dir='ltr'><strong>non</strong></span> <span class='ocrx_word' id='word_1_154' title='bbox 562 2128 782 2191; x_wconf 89' lang='lat' dir='ltr'><strong>possunt</strong></span> <span class='ocrx_word' id='word_1_155' title='bbox 803 2119 871 2174; x_wconf 89' lang='lat' dir='ltr'><strong>ad</strong></span> <span class='ocrx_word' id='word_1_156' title='bbox 902 2118 1154 2190; x_wconf 77' lang='lat' dir='ltr'><strong>Babylam</strong></span> <span class='ocrx_word' id='word_1_157' title='bbox 1185 2125 1427 2171; x_wconf 85' lang='lat' dir='ltr'><strong>nostrum</strong></span> <span class='ocrx_word' id='word_1_158' title='bbox 1451 2112 1660 2169; x_wconf 89' lang='lat' dir='ltr'><strong>referri.</strong></span> 
     </span>
    </p>
   </div>
   <div class='ocr_carea' id='block_1_22' title="bbox 495 2201 2005 2279">
    <p class='ocr_par' dir='ltr' id='par_1_22' title="bbox 495 2201 2005 2279">
     <span class='ocr_line' id='line_1_22' title="bbox 495 2201 2005 2279; baseline -0.007 -13"><span class='ocrx_word' id='word_1_159' title='bbox 495 2211 796 2268; x_wconf 82' lang='lat' dir='ltr'><strong>Verisimile</strong></span> <span class='ocrx_word' id='word_1_160' title='bbox 834 2210 995 2279; x_wconf 78' lang='lat' dir='ltr'><strong>igitur</strong></span> <span class='ocrx_word' id='word_1_161' title='bbox 1022 2217 1105 2264; x_wconf 91' lang='lat' dir='ltr'><strong>est</strong></span> <span class='ocrx_word' id='word_1_162' title='bbox 1155 2207 1241 2262; x_wconf 91' lang='lat' dir='ltr'><strong>hic</strong></span> <span class='ocrx_word' id='word_1_163' title='bbox 1293 2206 1672 2274; x_wconf 88' lang='lat' dir='ltr'><strong>imperatorem</strong></span> <span class='ocrx_word' id='word_1_164' title='bbox 1704 2201 2005 2273; x_wconf 85' lang='lat' dir='ltr'><strong>Philippum</strong></span> 
     </span>
    </p>
   </div>
   <div class='ocr_carea' id='block_1_23' title="bbox 423 2293 2005 2373">
    <p class='ocr_par' dir='ltr' id='par_1_23' title="bbox 423 2293 2005 2373">
     <span class='ocr_line' id='line_1_23' title="bbox 423 2293 2005 2373; baseline -0.007 -13"><span class='ocrx_word' id='word_1_165' title='bbox 423 2304 709 2361; x_wconf 86' lang='lat' dir='ltr'><strong>memorari</strong></span> <span class='ocrx_word' id='word_1_166' title='bbox 731 2345 746 2369; x_wconf 90' lang='lat'><strong>,</strong></span> <span class='ocrx_word' id='word_1_167' title='bbox 767 2302 860 2373; x_wconf 87' lang='lat' dir='ltr'><strong>qui</strong></span> <span class='ocrx_word' id='word_1_168' title='bbox 903 2300 1113 2371; x_wconf 88' lang='lat' dir='ltr'><strong>imperii</strong></span> <span class='ocrx_word' id='word_1_169' title='bbox 1166 2296 1459 2355; x_wconf 63' lang='lat' dir='ltr'><strong>invadendi</strong></span> <span class='ocrx_word' id='word_1_170' title='bbox 1482 2308 1827 2353; x_wconf 81' lang='lat' dir='ltr'><strong>causa-caeso</strong></span> <span class='ocrx_word' id='word_1_171' title='bbox 1869 2293 2005 2350; x_wconf 87' lang='lat' dir='ltr'><strong>Gor-</strong></span> 
     </span>
    </p>
   </div>
   <div class='ocr_carea' id='block_1_24' title="bbox 423 2387 2005 2466">
    <p class='ocr_par' dir='ltr' id='par_1_24' title="bbox 423 2387 2005 2466">
     <span class='ocr_line' id='line_1_24' title="bbox 423 2387 2005 2466; baseline -0.006 -14"><span class='ocrx_word' id='word_1_172' title='bbox 423 2398 587 2452; x_wconf 86' lang='lat' dir='ltr'><strong>diano</strong></span> <span class='ocrx_word' id='word_1_173' title='bbox 636 2397 907 2466; x_wconf 75' lang='lat' dir='ltr'><strong>Augusto,</strong></span> <span class='ocrx_word' id='word_1_174' title='bbox 950 2403 1230 2464; x_wconf 85' lang='lat' dir='ltr'><strong>postquam</strong></span> <span class='ocrx_word' id='word_1_175' title='bbox 1283 2406 1380 2462; x_wconf 88' lang='lat' dir='ltr'><strong>per</strong></span> <span class='ocrx_word' id='word_1_176' title='bbox 1416 2399 1622 2446; x_wconf 87' lang='lat' dir='ltr'><strong>tantum</strong></span> <span class='ocrx_word' id='word_1_177' title='bbox 1674 2388 1847 2445; x_wconf 80' lang='lat' dir='ltr'><strong>scelus</strong></span> <span class='ocrx_word' id='word_1_178' title='bbox 1895 2387 2005 2443; x_wconf 82' lang='lat' dir='ltr'><strong>voti</strong></span> 
     </span>
    </p>
   </div>
   <div class='ocr_carea' id='block_1_25' title="bbox 423 2478 2004 2558">
    <p class='ocr_par' dir='ltr' id='par_1_25' title="bbox 423 2478 2004 2558">
     <span class='ocr_line' id='line_1_25' title="bbox 423 2478 2004 2558; baseline -0.007 -15"><span class='ocrx_word' id='word_1_179' title='bbox 423 2501 647 2558; x_wconf 83' lang='lat' dir='ltr'><strong>compos</strong></span> <span class='ocrx_word' id='word_1_180' title='bbox 694 2485 864 2542; x_wconf 89' lang='lat' dir='ltr'><strong>factus</strong></span> <span class='ocrx_word' id='word_1_181' title='bbox 909 2484 1249 2539; x_wconf 80' lang='lat' dir='ltr'><strong>Antiochiam</strong></span> <span class='ocrx_word' id='word_1_182' title='bbox 1272 2489 1531 2548; x_wconf 83' lang='lat' dir='ltr'><strong>venerat,</strong></span> <span class='ocrx_word' id='word_1_183' title='bbox 1558 2478 1832 2536; x_wconf 86' lang='lat' dir='ltr'><strong>Pascbatis</strong></span> <span class='ocrx_word' id='word_1_184' title='bbox 1870 2487 2004 2533; x_wconf 76' lang='lat' dir='ltr'><strong>tern-</strong></span> 
     </span>
    </p>
   </div>
   <div class='ocr_carea' id='block_1_26' title="bbox 429 2573 2005 2648">
    <p class='ocr_par' dir='ltr' id='par_1_26' title="bbox 429 2573 2005 2648">
     <span class='ocr_line' id='line_1_26' title="bbox 429 2573 2005 2648; baseline -0.003 -19"><span class='ocrx_word' id='word_1_185' title='bbox 429 2594 557 2648; x_wconf 69' lang='grc' dir='ltr'><strong>ραι-θ</strong></span> <span class='ocrx_word' id='word_1_186' title='bbox 584 2578 652 2633; x_wconf 88' lang='lat' dir='ltr'><strong>ad</strong></span> <span class='ocrx_word' id='word_1_187' title='bbox 681 2577 961 2634; x_wconf 87' lang='lat' dir='ltr'><strong>ecclesiam</strong></span> <span class='ocrx_word' id='word_1_188' title='bbox 987 2616 1003 2641; x_wconf 90' lang='lat'><strong>,</strong></span> <span class='ocrx_word' id='word_1_189' title='bbox 1032 2588 1248 2644; x_wconf 87' lang='lat' dir='ltr'><strong>precum</strong></span> <span class='ocrx_word' id='word_1_190' title='bbox 1274 2573 1757 2645; x_wconf 82' lang='lat' dir='ltr'><strong>mysteriorumque</strong></span> <span class='ocrx_word' id='word_1_191' title='bbox 1782 2581 2005 2625; x_wconf 75' lang='lat' dir='ltr'><strong>consors</strong></span> 
     </span>
    </p>
   </div>
   <div class='ocr_carea' id='block_1_27' title="bbox 423 2662 2003 2734">
    <p class='ocr_par' dir='ltr' id='par_1_27' title="bbox 423 2662 2003 2734">
     <span class='ocr_line' id='line_1_27' title="bbox 423 2662 2003 2734; baseline -0.002 -13"><span class='ocrx_word' id='word_1_192' title='bbox 423 2670 652 2734; x_wconf 84' lang='lat' dir='ltr'><strong>futurus,</strong></span> <span class='ocrx_word' id='word_1_193' title='bbox 678 2666 984 2721; x_wconf 83' lang='lat' dir='ltr'><strong>accedebat.</strong></span> <span class='ocrx_word' id='word_1_194' title='bbox 1024 2665 1143 2733; x_wconf 84' lang='lat' dir='ltr'><strong>Quo</strong></span> <span class='ocrx_word' id='word_1_195' title='bbox 1177 2671 1453 2734; x_wconf 89' lang='lat' dir='ltr'><strong>comperto</strong></span> <span class='ocrx_word' id='word_1_196' title='bbox 1497 2663 1555 2719; x_wconf 88' lang='lat' dir='ltr'><strong>S.</strong></span> <span class='ocrx_word' id='word_1_197' title='bbox 1586 2662 1812 2734; x_wconf 82' lang='lat' dir='ltr'><strong>Bahylas</strong></span> <span class='ocrx_word' id='word_1_198' title='bbox 1850 2675 2003 2719; x_wconf 87' lang='lat' dir='ltr'><strong>acce-</strong></span> 
     </span>
    </p>
   </div>
   <div class='ocr_carea' id='block_1_28' title="bbox 427 2751 2005 2826">
    <p class='ocr_par' dir='ltr' id='par_1_28' title="bbox 427 2751 2005 2826">
     <span class='ocr_line' id='line_1_28' title="bbox 427 2751 2005 2826; baseline -0.003 -12"><span class='ocrx_word' id='word_1_199' title='bbox 427 2759 643 2814; x_wconf 85' lang='lat' dir='ltr'><strong>dentem</strong></span> <span class='ocrx_word' id='word_1_200' title='bbox 685 2755 1064 2826; x_wconf 81' lang='lat' dir='ltr'><strong>imperatorem</strong></span> <span class='ocrx_word' id='word_1_201' title='bbox 1107 2753 1338 2824; x_wconf 82' lang='lat' dir='ltr'><strong>repulit,</strong></span> <span class='ocrx_word' id='word_1_202' title='bbox 1385 2753 1625 2809; x_wconf 69' lang='lat' dir='ltr'><strong>ecclesia:</strong></span> <span class='ocrx_word' id='word_1_203' title='bbox 1658 2751 1804 2808; x_wconf 89' lang='lat' dir='ltr'><strong>aditu</strong></span> <span class='ocrx_word' id='word_1_204' title='bbox 1833 2753 2005 2809; x_wconf 81' lang='lat' dir='ltr'><strong>inter-</strong></span> 
     </span>
    </p>
   </div>
   <div class='ocr_carea' id='block_1_29' title="bbox 425 2844 2005 2918">
    <p class='ocr_par' dir='ltr' id='par_1_29' title="bbox 425 2844 2005 2918">
     <span class='ocr_line' id='line_1_29' title="bbox 425 2844 2005 2918; baseline -0.003 -13"><span class='ocrx_word' id='word_1_205' title='bbox 425 2849 597 2916; x_wconf 70' lang='lat' dir='ltr'><strong>dixit,</strong></span> <span class='ocrx_word' id='word_1_206' title='bbox 625 2857 679 2903; x_wconf 90' lang='lat' dir='ltr'><strong>et</strong></span> <span class='ocrx_word' id='word_1_207' title='bbox 715 2847 1084 2918; x_wconf 73' lang='lat' dir='ltr'><strong>ptenitentium</strong></span> <span class='ocrx_word' id='word_1_208' title='bbox 1124 2847 1247 2901; x_wconf 89' lang='lat' dir='ltr'><strong>loco</strong></span> <span class='ocrx_word' id='word_1_209' title='bbox 1285 2859 1345 2901; x_wconf 91' lang='lat' dir='ltr'><strong>se</strong></span> <span class='ocrx_word' id='word_1_210' title='bbox 1384 2844 1575 2901; x_wconf 88' lang='lat' dir='ltr'><strong>sistere</strong></span> <span class='ocrx_word' id='word_1_211' title='bbox 1607 2844 1805 2914; x_wconf 90' lang='lat' dir='ltr'><strong>jussit,</strong></span> <span class='ocrx_word' id='word_1_212' title='bbox 1832 2844 2005 2900; x_wconf 90' lang='lat' dir='ltr'><strong>donec</strong></span> 
     </span>
    </p>
   </div>
   <div class='ocr_carea' id='block_1_30' title="bbox 425 2938 2004 3014">
    <p class='ocr_par' dir='ltr' id='par_1_30' title="bbox 425 2938 2004 3014">
     <span class='ocr_line' id='line_1_30' title="bbox 425 2938 2004 3014; baseline -0.002 -18"><span class='ocrx_word' id='word_1_213' title='bbox 425 2940 740 3014; x_wconf 77' lang='lat' dir='ltr'><strong>pamitcntia</strong></span> <span class='ocrx_word' id='word_1_214' title='bbox 764 2939 945 2993; x_wconf 90' lang='lat' dir='ltr'><strong>abluto</strong></span> <span class='ocrx_word' id='word_1_215' title='bbox 966 2939 1284 3009; x_wconf 68' lang='lat' dir='ltr'><strong>eXpiatoque</strong></span> <span class='ocrx_word' id='word_1_216' title='bbox 1296 2938 1537 3005; x_wconf 88' lang='lat' dir='ltr'><strong>scelere,</strong></span> <span class='ocrx_word' id='word_1_217' title='bbox 1573 2938 1641 2993; x_wconf 88' lang='lat' dir='ltr'><strong>ad</strong></span> <span class='ocrx_word' id='word_1_218' title='bbox 1668 2938 2004 2993; x_wconf 58' lang='lat' dir='ltr'><strong>communio.</strong></span> 
     </span>
    </p>
   </div>
   <div class='ocr_carea' id='block_1_31' title="bbox 426 3030 2006 3101">
    <p class='ocr_par' dir='ltr' id='par_1_31' title="bbox 426 3030 2006 3101">
     <span class='ocr_line' id='line_1_31' title="bbox 426 3030 2006 3101; baseline -0.001 -13"><span class='ocrx_word' id='word_1_219' title='bbox 426 3050 550 3088; x_wconf 89' lang='lat' dir='ltr'><strong>nem</strong></span> <span class='ocrx_word' id='word_1_220' title='bbox 574 3031 829 3087; x_wconf 78' lang='lat' dir='ltr'><strong>Ecclesiae</strong></span> <span class='ocrx_word' id='word_1_221' title='bbox 842 3041 1035 3101; x_wconf 80' lang='lat' dir='ltr'><strong>poStea</strong></span> <span class='ocrx_word' id='word_1_222' title='bbox 1079 3030 1426 3099; x_wconf 79' lang='lat' dir='ltr'><strong>reciperetur.</strong></span> <span class='ocrx_word' id='word_1_223' title='bbox 1458 3030 1606 3086; x_wconf 81' lang='lat' dir='ltr'><strong>lianc</strong></span> <span class='ocrx_word' id='word_1_224' title='bbox 1630 3045 1661 3085; x_wconf 91' lang='lat' dir='ltr'><strong>a</strong></span> <span class='ocrx_word' id='word_1_225' title='bbox 1682 3030 1744 3085; x_wconf 92' lang='lat' dir='ltr'><strong>S.</strong></span> <span class='ocrx_word' id='word_1_226' title='bbox 1774 3031 2006 3100; x_wconf 64' lang='lat' dir='ltr'><strong>praesule</strong></span> 
     </span>
    </p>
   </div>
   <div class='ocr_carea' id='block_1_32' title="bbox 425 3120 2001 3195">
    <p class='ocr_par' dir='ltr' id='par_1_32' title="bbox 425 3120 2001 3195">
     <span class='ocr_line' id='line_1_32' title="bbox 425 3120 2001 3195; baseline -0.003 -15"><span class='ocrx_word' id='word_1_227' title='bbox 425 3126 716 3195; x_wconf 82' lang='lat' dir='ltr'><strong>repulsam,</strong></span> <span class='ocrx_word' id='word_1_228' title='bbox 737 3134 889 3194; x_wconf 79' lang='lat' dir='ltr'><strong>grato</strong></span> <span class='ocrx_word' id='word_1_229' title='bbox 905 3123 1083 3176; x_wconf 90' lang='lat' dir='ltr'><strong>animo</strong></span> <span class='ocrx_word' id='word_1_230' title='bbox 1099 3122 1447 3191; x_wconf 79' lang='lat' dir='ltr'><strong>modesteque</strong></span> <span class='ocrx_word' id='word_1_231' title='bbox 1468 3120 1654 3176; x_wconf 90' lang='lat' dir='ltr'><strong>tulisse</strong></span> <span class='ocrx_word' id='word_1_232' title='bbox 1678 3120 2001 3191; x_wconf 87' lang='lat' dir='ltr'><strong>Philippum,</strong></span> 
     </span>
    </p>
   </div>
   <div class='ocr_carea' id='block_1_33' title="bbox 424 3213 2002 3285">
    <p class='ocr_par' dir='ltr' id='par_1_33' title="bbox 424 3213 2002 3285">
     <span class='ocr_line' id='line_1_33' title="bbox 424 3213 2002 3285; baseline -0.003 -13"><span class='ocrx_word' id='word_1_233' title='bbox 424 3228 605 3272; x_wconf 84' lang='lat' dir='ltr'><strong>narrat</strong></span> <span class='ocrx_word' id='word_1_234' title='bbox 632 3216 916 3282; x_wconf 76' lang='lat' dir='ltr'><strong>Eusebius,</strong></span> <span class='ocrx_word' id='word_1_235' title='bbox 936 3215 1172 3285; x_wconf 81' lang='lat' dir='ltr'><strong>itemque</strong></span> <span class='ocrx_word' id='word_1_236' title='bbox 1192 3214 1560 3285; x_wconf 76' lang='lat' dir='ltr'><strong>pmnitentium</strong></span> <span class='ocrx_word' id='word_1_237' title='bbox 1586 3214 1761 3269; x_wconf 89' lang='lat' dir='ltr'><strong>locum</strong></span> <span class='ocrx_word' id='word_1_238' title='bbox 1787 3213 2002 3280; x_wconf 88' lang='lat' dir='ltr'><strong>adiisse;</strong></span> 
     </span>
    </p>
   </div>
   <div class='ocr_carea' id='block_1_34' title="bbox 423 3305 2003 3378">
    <p class='ocr_par' dir='ltr' id='par_1_34' title="bbox 423 3305 2003 3378">
     <span class='ocr_line' id='line_1_34' title="bbox 423 3305 2003 3378; baseline -0.002 -16"><span class='ocrx_word' id='word_1_239' title='bbox 423 3322 488 3362; x_wconf 87' lang='lat' dir='ltr'><strong>ac</strong></span> <span class='ocrx_word' id='word_1_240' title='bbox 535 3317 677 3373; x_wconf 90' lang='lat' dir='ltr'><strong>tum,</strong></span> <span class='ocrx_word' id='word_1_241' title='bbox 704 3315 1047 3378; x_wconf 80' lang='lat' dir='ltr'><strong>posteaquam</strong></span> <span class='ocrx_word' id='word_1_242' title='bbox 1076 3315 1182 3359; x_wconf 90' lang='lat' dir='ltr'><strong>tam</strong></span> <span class='ocrx_word' id='word_1_243' title='bbox 1212 3318 1371 3373; x_wconf 75' lang='lat' dir='ltr'><strong>grave</strong></span> <span class='ocrx_word' id='word_1_244' title='bbox 1397 3312 1671 3373; x_wconf 86' lang='lat' dir='ltr'><strong>peccatum</strong></span> <span class='ocrx_word' id='word_1_245' title='bbox 1712 3305 2003 3360; x_wconf 87' lang='lat' dir='ltr'><strong>secundum</strong></span> 
     </span>
    </p>
   </div>
   <div class='ocr_carea' id='block_1_35' title="bbox 426 3395 2004 3470">
    <p class='ocr_par' dir='ltr' id='par_1_35' title="bbox 426 3395 2004 3470">
     <span class='ocr_line' id='line_1_35' title="bbox 426 3395 2004 3470; baseline -0.001 -16"><span class='ocrx_word' id='word_1_246' title='bbox 426 3401 680 3456; x_wconf 64' lang='lat' dir='ltr'><strong>Ecclesiae</strong></span> <span class='ocrx_word' id='word_1_247' title='bbox 724 3410 917 3456; x_wconf 87' lang='lat' dir='ltr'><strong>statuta</strong></span> <span class='ocrx_word' id='word_1_248' title='bbox 950 3415 1062 3470; x_wconf 84' lang='lat' dir='ltr'><strong>per</strong></span> <span class='ocrx_word' id='word_1_249' title='bbox 1108 3395 1495 3454; x_wconf 81' lang='lat' dir='ltr'><strong>confessionem</strong></span> <span class='ocrx_word' id='word_1_250' title='bbox 1539 3396 1898 3466; x_wconf 83' lang='lat' dir='ltr'><strong>deposuerat,</strong></span> <span class='ocrx_word' id='word_1_251' title='bbox 1938 3397 2004 3452; x_wconf 85' lang='lat' dir='ltr'><strong>in</strong></span> 
     </span>
    </p>
   </div>
   <div class='ocr_carea' id='block_1_36' title="bbox 425 3487 2004 3559">
    <p class='ocr_par' dir='ltr' id='par_1_36' title="bbox 425 3487 2004 3559">
     <span class='ocr_line' id='line_1_36' title="bbox 425 3487 2004 3559; baseline -0.003 -13"><span class='ocrx_word' id='word_1_252' title='bbox 425 3491 717 3546; x_wconf 84' lang='lat' dir='ltr'><strong>Eoclesism</strong></span> <span class='ocrx_word' id='word_1_253' title='bbox 733 3490 1024 3544; x_wconf 86' lang='lat' dir='ltr'><strong>admissum</strong></span> <span class='ocrx_word' id='word_1_254' title='bbox 1040 3487 1231 3545; x_wconf 79' lang='lat' dir='ltr'><strong>fuisse.</strong></span> <span class='ocrx_word' id='word_1_255' title='bbox 1245 3488 1355 3545; x_wconf 91' lang='lat' dir='ltr'><strong>Sub</strong></span> <span class='ocrx_word' id='word_1_256' title='bbox 1370 3488 1486 3545; x_wconf 66' lang='lat' dir='ltr'><strong>iure</strong></span> <span class='ocrx_word' id='word_1_257' title='bbox 1497 3496 1701 3555; x_wconf 80' lang='lat' dir='ltr'><strong>autem,</strong></span> <span class='ocrx_word' id='word_1_258' title='bbox 1710 3487 2004 3559; x_wconf 80' lang='lat' dir='ltr'><strong>imperante</strong></span> 
     </span>
    </p>
   </div>
   <div class='ocr_carea' id='block_1_37' title="bbox 425 3578 2003 3651">
    <p class='ocr_par' dir='ltr' id='par_1_37' title="bbox 425 3578 2003 3651">
     <span class='ocr_line' id='line_1_37' title="bbox 425 3578 2003 3651; baseline -0.002 -13"><span class='ocrx_word' id='word_1_259' title='bbox 425 3584 588 3638; x_wconf 86' lang='lat' dir='ltr'><strong>Decio</strong></span> <span class='ocrx_word' id='word_1_260' title='bbox 609 3623 623 3647; x_wconf 91' lang='lat'><strong>,</strong></span> <span class='ocrx_word' id='word_1_261' title='bbox 651 3579 1075 3636; x_wconf 85' lang='lat' dir='ltr'><strong>Christianorum</strong></span> <span class='ocrx_word' id='word_1_262' title='bbox 1104 3581 1287 3644; x_wconf 83' lang='lat' dir='ltr'><strong>hoste,</strong></span> <span class='ocrx_word' id='word_1_263' title='bbox 1316 3579 1377 3636; x_wconf 89' lang='lat' dir='ltr'><strong>S.</strong></span> <span class='ocrx_word' id='word_1_264' title='bbox 1417 3578 1644 3651; x_wconf 86' lang='lat' dir='ltr'><strong>Babylas</strong></span> <span class='ocrx_word' id='word_1_265' title='bbox 1672 3578 2003 3649; x_wconf 84' lang='lat' dir='ltr'><strong>proChristo</strong></span> 
     </span>
    </p>
   </div>
   <div class='ocr_carea' id='block_1_38' title="bbox 424 3669 2005 3742">
    <p class='ocr_par' dir='ltr' id='par_1_38' title="bbox 424 3669 2005 3742">
     <span class='ocr_line' id='line_1_38' title="bbox 424 3669 2005 3742; baseline -0.003 -12"><span class='ocrx_word' id='word_1_266' title='bbox 424 3672 664 3730; x_wconf 86' lang='lat' dir='ltr'><strong>cervices</strong></span> <span class='ocrx_word' id='word_1_267' title='bbox 682 3672 847 3727; x_wconf 88' lang='lat' dir='ltr'><strong>dedit.</strong></span> <span class='ocrx_word' id='word_1_268' title='bbox 876 3671 1031 3740; x_wconf 81' lang='lat' dir='ltr'><strong>Quod</strong></span> <span class='ocrx_word' id='word_1_269' title='bbox 1064 3671 1133 3727; x_wconf 91' lang='lat' dir='ltr'><strong>de</strong></span> <span class='ocrx_word' id='word_1_270' title='bbox 1175 3672 1489 3741; x_wconf 66' lang='lat' dir='ltr'><strong>paenitentia</strong></span> <span class='ocrx_word' id='word_1_271' title='bbox 1531 3671 1705 3742; x_wconf 86' lang='lat' dir='ltr'><strong>deque</strong></span> <span class='ocrx_word' id='word_1_272' title='bbox 1744 3669 2005 3726; x_wconf 84' lang='lat' dir='ltr'><strong>Christia-</strong></span> 
     </span>
    </p>
   </div>
   <div class='ocr_carea' id='block_1_39' title="bbox 426 3761 2002 3832">
    <p class='ocr_par' dir='ltr' id='par_1_39' title="bbox 426 3761 2002 3832">
     <span class='ocr_line' id='line_1_39' title="bbox 426 3761 2002 3832; baseline -0.001 -15"><span class='ocrx_word' id='word_1_273' title='bbox 426 3765 605 3819; x_wconf 80' lang='lat' dir='ltr'><strong>nismo</strong></span> <span class='ocrx_word' id='word_1_274' title='bbox 653 3763 883 3832; x_wconf 83' lang='lat' dir='ltr'><strong>Philippi</strong></span> <span class='ocrx_word' id='word_1_275' title='bbox 930 3762 998 3817; x_wconf 90' lang='lat' dir='ltr'><strong>ab</strong></span> <span class='ocrx_word' id='word_1_276' title='bbox 1024 3762 1257 3817; x_wconf 85' lang='lat' dir='ltr'><strong>Eusebio</strong></span> <span class='ocrx_word' id='word_1_277' title='bbox 1282 3761 1511 3830; x_wconf 88' lang='lat' dir='ltr'><strong>dicitur,</strong></span> <span class='ocrx_word' id='word_1_278' title='bbox 1547 3775 1654 3816; x_wconf 91' lang='lat' dir='ltr'><strong>non</strong></span> <span class='ocrx_word' id='word_1_279' title='bbox 1696 3761 1847 3831; x_wconf 89' lang='lat' dir='ltr'><strong>quasi</strong></span> <span class='ocrx_word' id='word_1_280' title='bbox 1881 3776 2002 3816; x_wconf 88' lang='lat' dir='ltr'><strong>cer-</strong></span> 
     </span>
    </p>
   </div>
   <div class='ocr_carea' id='block_1_40' title="bbox 425 3850 2001 3922">
    <p class='ocr_par' dir='ltr' id='par_1_40' title="bbox 425 3850 2001 3922">
     <span class='ocr_line' id='line_1_40' title="bbox 425 3850 2001 3922; baseline -0.002 -15"><span class='ocrx_word' id='word_1_281' title='bbox 425 3867 561 3920; x_wconf 85' lang='lat' dir='ltr'><strong>tum,</strong></span> <span class='ocrx_word' id='word_1_282' title='bbox 593 3852 684 3907; x_wconf 90' lang='lat' dir='ltr'><strong>sed</strong></span> <span class='ocrx_word' id='word_1_283' title='bbox 716 3866 814 3906; x_wconf 91' lang='lat' dir='ltr'><strong>ceu</strong></span> <span class='ocrx_word' id='word_1_284' title='bbox 848 3867 878 3904; x_wconf 92' lang='lat' dir='ltr'><strong>a</strong></span> <span class='ocrx_word' id='word_1_285' title='bbox 921 3851 1234 3922; x_wconf 85' lang='lat' dir='ltr'><strong>quibusdam</strong></span> <span class='ocrx_word' id='word_1_286' title='bbox 1263 3850 1330 3906; x_wconf 87' lang='lat' dir='ltr'><strong>ab</strong></span> <span class='ocrx_word' id='word_1_287' title='bbox 1357 3865 1416 3905; x_wconf 89' lang='lat' dir='ltr'><strong>se</strong></span> <span class='ocrx_word' id='word_1_288' title='bbox 1442 3851 1704 3918; x_wconf 87' lang='lat' dir='ltr'><strong>auditum,</strong></span> <span class='ocrx_word' id='word_1_289' title='bbox 1735 3859 2001 3918; x_wconf 87' lang='lat' dir='ltr'><strong>narratur,</strong></span> 
     </span>
    </p>
   </div>
   <div class='ocr_carea' id='block_1_41' title="bbox 423 3939 2001 4008">
    <p class='ocr_par' dir='ltr' id='par_1_41' title="bbox 423 3939 2001 4008">
     <span class='ocr_line' id='line_1_41' title="bbox 423 3939 2001 4008; baseline -0.003 -9"><span class='ocrx_word' id='word_1_290' title='bbox 423 3956 481 3999; x_wconf 84' lang='lat' dir='ltr'><strong>et</strong></span> <span class='ocrx_word' id='word_1_291' title='bbox 503 3959 534 3998; x_wconf 91' lang='lat' dir='ltr'><strong>a</strong></span> <span class='ocrx_word' id='word_1_292' title='bbox 562 3942 742 3997; x_wconf 88' lang='lat' dir='ltr'><strong>multis</strong></span> <span class='ocrx_word' id='word_1_293' title='bbox 766 3950 986 3997; x_wconf 78' lang='lat' dir='ltr'><strong>vocatur</strong></span> <span class='ocrx_word' id='word_1_294' title='bbox 1014 3942 1064 3995; x_wconf 87' lang='lat' dir='ltr'><strong>in</strong></span> <span class='ocrx_word' id='word_1_295' title='bbox 1090 3941 1331 3995; x_wconf 88' lang='lat' dir='ltr'><strong>dubium.</strong></span> <span class='ocrx_word' id='word_1_296' title='bbox 1351 3939 1656 3995; x_wconf 82' lang='lat' dir='ltr'><strong>Verisimile</strong></span> <span class='ocrx_word' id='word_1_297' title='bbox 1683 3954 1841 4008; x_wconf 89' lang='lat' dir='ltr'><strong>porro</strong></span> <span class='ocrx_word' id='word_1_298' title='bbox 1885 3951 1969 3997; x_wconf 89' lang='lat' dir='ltr'><strong>est</strong></span> <span class='ocrx_word' id='word_1_299' title='bbox 1986 3982 2001 4007; x_wconf 96' lang='lat'><strong>,</strong></span> 
     </span>
    </p>
   </div>
   <div class='ocr_carea' id='block_1_42' title="bbox 425 4030 2005 4101">
    <p class='ocr_par' dir='ltr' id='par_1_42' title="bbox 425 4030 2005 4101">
     <span class='ocr_line' id='line_1_42' title="bbox 425 4030 2005 4101; baseline -0.001 -12"><span class='ocrx_word' id='word_1_300' title='bbox 425 4051 493 4089; x_wconf 78' lang='lat' dir='ltr'><strong>cx</strong></span> <span class='ocrx_word' id='word_1_301' title='bbox 542 4034 758 4089; x_wconf 86' lang='lat' dir='ltr'><strong>historia</strong></span> <span class='ocrx_word' id='word_1_302' title='bbox 807 4033 895 4088; x_wconf 91' lang='lat' dir='ltr'><strong>illa</strong></span> <span class='ocrx_word' id='word_1_303' title='bbox 939 4032 1191 4088; x_wconf 84' lang='lat' dir='ltr'><strong>Gordiani</strong></span> <span class='ocrx_word' id='word_1_304' title='bbox 1236 4047 1266 4085; x_wconf 92' lang='lat' dir='ltr'><strong>a</strong></span> <span class='ocrx_word' id='word_1_305' title='bbox 1292 4030 1540 4101; x_wconf 87' lang='lat' dir='ltr'><strong>Philippo</strong></span> <span class='ocrx_word' id='word_1_306' title='bbox 1582 4031 1732 4097; x_wconf 71' lang='lat' dir='ltr'><strong>cmsi,</strong></span> <span class='ocrx_word' id='word_1_307' title='bbox 1760 4045 2005 4087; x_wconf 80' lang='lat' dir='ltr'><strong>manasse</strong></span> 
     </span>
    </p>
   </div>
   <div class='ocr_carea' id='block_1_43' title="bbox 428 4121 2005 4193">
    <p class='ocr_par' dir='ltr' id='par_1_43' title="bbox 428 4121 2005 4193">
     <span class='ocr_line' id='line_1_43' title="bbox 428 4121 2005 4193; baseline 0.001 -15"><span class='ocrx_word' id='word_1_308' title='bbox 428 4125 601 4188; x_wconf 76' lang='lat' dir='ltr'><strong>“LIIII,</strong></span> <span class='ocrx_word' id='word_1_309' title='bbox 625 4139 784 4193; x_wconf 89' lang='lat' dir='ltr'><strong>quam</strong></span> <span class='ocrx_word' id='word_1_310' title='bbox 804 4122 1050 4191; x_wconf 85' lang='lat' dir='ltr'><strong>superius</strong></span> <span class='ocrx_word' id='word_1_311' title='bbox 1076 4137 1146 4176; x_wconf 73' lang='lat' dir='ltr'><strong>ex</strong></span> <span class='ocrx_word' id='word_1_312' title='bbox 1169 4121 1555 4192; x_wconf 82' lang='lat' dir='ltr'><strong>Chrysostomo</strong></span> <span class='ocrx_word' id='word_1_313' title='bbox 1579 4122 1877 4187; x_wconf 88' lang='lat' dir='ltr'><strong>retulimus;</strong></span> <span class='ocrx_word' id='word_1_314' title='bbox 1907 4122 2005 4179; x_wconf 89' lang='lat' dir='ltr'><strong>sed</strong></span> 
     </span>
    </p>
   </div>
   <div class='ocr_carea' id='block_1_44' title="bbox 429 4212 2005 4282">
    <p class='ocr_par' dir='ltr' id='par_1_44' title="bbox 429 4212 2005 4282">
     <span class='ocr_line' id='line_1_44' title="bbox 429 4212 2005 4282; baseline 0.002 -15"><span class='ocrx_word' id='word_1_315' title='bbox 429 4215 501 4267; x_wconf 88' lang='lat' dir='ltr'><strong>ita</strong></span> <span class='ocrx_word' id='word_1_316' title='bbox 541 4212 872 4282; x_wconf 84' lang='lat' dir='ltr'><strong>deturpatam</strong></span> <span class='ocrx_word' id='word_1_317' title='bbox 908 4212 1366 4281; x_wconf 87' lang='lat' dir='ltr'><strong>deformatamque</strong></span> <span class='ocrx_word' id='word_1_318' title='bbox 1401 4212 1453 4265; x_wconf 92' lang='lat' dir='ltr'><strong>in</strong></span> <span class='ocrx_word' id='word_1_319' title='bbox 1490 4212 1738 4268; x_wconf 88' lang='lat' dir='ltr'><strong>omnibus</strong></span> <span class='ocrx_word' id='word_1_320' title='bbox 1765 4212 1876 4268; x_wconf 85' lang='lat' dir='ltr'><strong>fere</strong></span> <span class='ocrx_word' id='word_1_321' title='bbox 1919 4214 2005 4270; x_wconf 85' lang='lat' dir='ltr'><strong>sui</strong></span> 
     </span>
    </p>
   </div>
   <div class='ocr_carea' id='block_1_45' title="bbox 432 4302 1562 4376">
    <p class='ocr_par' dir='ltr' id='par_1_45' title="bbox 432 4302 1562 4376">
     <span class='ocr_line' id='line_1_45' title="bbox 432 4302 1562 4376; baseline -0.001 -18"><span class='ocrx_word' id='word_1_322' title='bbox 432 4306 689 4376; x_wconf 85' lang='lat' dir='ltr'><strong>partibus,</strong></span> <span class='ocrx_word' id='word_1_323' title='bbox 716 4313 773 4358; x_wconf 89' lang='lat' dir='ltr'><strong>ut</strong></span> <span class='ocrx_word' id='word_1_324' title='bbox 797 4303 900 4358; x_wconf 87' lang='lat' dir='ltr'><strong>alia</strong></span> <span class='ocrx_word' id='word_1_325' title='bbox 922 4304 1132 4373; x_wconf 88' lang='lat' dir='ltr'><strong>penitus</strong></span> <span class='ocrx_word' id='word_1_326' title='bbox 1157 4316 1276 4358; x_wconf 85' lang='lat' dir='ltr'><strong>esse</strong></span> <span class='ocrx_word' id='word_1_327' title='bbox 1301 4302 1562 4359; x_wconf 83' lang='lat' dir='ltr'><strong>videatur.</strong></span> 
     </span>
    </p>
   </div>
   <div class='ocr_carea' id='block_1_46' title="bbox 501 4395 2005 4468">
    <p class='ocr_par' dir='ltr' id='par_1_46' title="bbox 501 4395 2005 4468">
     <span class='ocr_line' id='line_1_46' title="bbox 501 4395 2005 4468; baseline 0.001 -16"><span class='ocrx_word' id='word_1_328' title='bbox 501 4397 684 4467; x_wconf 78' lang='lat' dir='ltr'><strong>Longe</strong></span> <span class='ocrx_word' id='word_1_329' title='bbox 731 4396 945 4452; x_wconf 85' lang='lat' dir='ltr'><strong>saniora</strong></span> <span class='ocrx_word' id='word_1_330' title='bbox 999 4408 1117 4450; x_wconf 86' lang='lat' dir='ltr'><strong>esse</strong></span> <span class='ocrx_word' id='word_1_331' title='bbox 1170 4395 1416 4450; x_wconf 84' lang='lat' dir='ltr'><strong>videntur</strong></span> <span class='ocrx_word' id='word_1_332' title='bbox 1464 4410 1584 4465; x_wconf 73' lang='lat' dir='ltr'><strong>qum</strong></span> <span class='ocrx_word' id='word_1_333' title='bbox 1636 4396 1705 4452; x_wconf 86' lang='lat' dir='ltr'><strong>de</strong></span> <span class='ocrx_word' id='word_1_334' title='bbox 1747 4396 2005 4468; x_wconf 80' lang='lat' dir='ltr'><strong>Reliqniis</strong></span> 
     </span>
    </p>
   </div>
   <div class='ocr_carea' id='block_1_47' title="bbox 429 4485 2007 4559">
    <p class='ocr_par' dir='ltr' id='par_1_47' title="bbox 429 4485 2007 4559">
     <span class='ocr_line' id='line_1_47' title="bbox 429 4485 2007 4559; baseline -0.001 -16"><span class='ocrx_word' id='word_1_335' title='bbox 429 4489 488 4544; x_wconf 88' lang='lat' dir='ltr'><strong>S.</strong></span> <span class='ocrx_word' id='word_1_336' title='bbox 524 4486 736 4559; x_wconf 72' lang='lat' dir='ltr'><strong>Balvylte</strong></span> <span class='ocrx_word' id='word_1_337' title='bbox 782 4502 850 4541; x_wconf 81' lang='lat' dir='ltr'><strong>ex</strong></span> <span class='ocrx_word' id='word_1_338' title='bbox 890 4486 1147 4541; x_wconf 89' lang='lat' dir='ltr'><strong>suburbio</strong></span> <span class='ocrx_word' id='word_1_339' title='bbox 1199 4485 1448 4556; x_wconf 86' lang='lat' dir='ltr'><strong>Daphnes</strong></span> <span class='ocrx_word' id='word_1_340' title='bbox 1489 4485 1543 4541; x_wconf 91' lang='lat' dir='ltr'><strong>in</strong></span> <span class='ocrx_word' id='word_1_341' title='bbox 1586 4486 1774 4542; x_wconf 81' lang='lat' dir='ltr'><strong>urbem</strong></span> <span class='ocrx_word' id='word_1_342' title='bbox 1821 4488 2007 4542; x_wconf 77' lang='lat' dir='ltr'><strong>Antio~</strong></span> 
     </span>
    </p>
   </div>
   <div class='ocr_carea' id='block_1_48' title="bbox 428 4559 2005 4652">
    <p class='ocr_par' dir='ltr' id='par_1_48' title="bbox 428 4559 2005 4652">
     <span class='ocr_line' id='line_1_48' title="bbox 428 4559 2005 4652; baseline 0 -15"><span class='ocrx_word' id='word_1_343' title='bbox 428 4583 601 4637; x_wconf 79' lang='lat' dir='ltr'><strong>chiam</strong></span> <span class='ocrx_word' id='word_1_344' title='bbox 628 4580 895 4636; x_wconf 85' lang='lat' dir='ltr'><strong>translatis</strong></span> <span class='ocrx_word' id='word_1_345' title='bbox 915 4579 1328 4652; x_wconf 80' lang='lat' dir='ltr'><strong>Chrysostomus</strong></span> <span class='ocrx_word' id='word_1_346' title='bbox 1369 4589 1650 4644; x_wconf 87' lang='lat' dir='ltr'><strong>recenset;</strong></span> <span class='ocrx_word' id='word_1_347' title='bbox 1691 4559 1899 4636; x_wconf 70' lang='lat' dir='ltr'><strong>necnon</strong></span> <span class='ocrx_word' id='word_1_348' title='bbox 1936 4581 2005 4638; x_wconf 87' lang='lat' dir='ltr'><strong>de</strong></span> 
     </span>
    </p>
   </div>
   <div class='ocr_carea' id='block_1_49' title="bbox 429 4670 2002 4742">
    <p class='ocr_par' dir='ltr' id='par_1_49' title="bbox 429 4670 2002 4742">
     <span class='ocr_line' id='line_1_49' title="bbox 429 4670 2002 4742; baseline 0.001 -16"><span class='ocrx_word' id='word_1_349' title='bbox 429 4672 628 4741; x_wconf 85' lang='lat' dir='ltr'><strong>templo</strong></span> <span class='ocrx_word' id='word_1_350' title='bbox 644 4672 905 4742; x_wconf 88' lang='lat' dir='ltr'><strong>Apollinis</strong></span> <span class='ocrx_word' id='word_1_351' title='bbox 931 4670 1186 4726; x_wconf 90' lang='lat' dir='ltr'><strong>divinitus</strong></span> <span class='ocrx_word' id='word_1_352' title='bbox 1213 4670 1434 4728; x_wconf 66' lang='lat' dir='ltr'><strong>ﬁllmine</strong></span> <span class='ocrx_word' id='word_1_353' title='bbox 1463 4680 1604 4726; x_wconf 89' lang='lat' dir='ltr'><strong>tacto</strong></span> <span class='ocrx_word' id='word_1_354' title='bbox 1624 4680 1676 4726; x_wconf 90' lang='lat' dir='ltr'><strong>et</strong></span> <span class='ocrx_word' id='word_1_355' title='bbox 1702 4672 2002 4728; x_wconf 86' lang='lat' dir='ltr'><strong>combusto.</strong></span> 
     </span>
    </p>
   </div>
   <div class='ocr_carea' id='block_1_50' title="bbox 429 4760 2007 4832">
    <p class='ocr_par' dir='ltr' id='par_1_50' title="bbox 429 4760 2007 4832">
     <span class='ocr_line' id='line_1_50' title="bbox 429 4760 2007 4832; baseline 0.001 -15"><span class='ocrx_word' id='word_1_356' title='bbox 429 4766 631 4818; x_wconf 90' lang='lat' dir='ltr'><strong>llorum</strong></span> <span class='ocrx_word' id='word_1_357' title='bbox 669 4765 811 4817; x_wconf 89' lang='lat' dir='ltr'><strong>enim</strong></span> <span class='ocrx_word' id='word_1_358' title='bbox 843 4778 949 4816; x_wconf 84' lang='lat' dir='ltr'><strong>non</strong></span> <span class='ocrx_word' id='word_1_359' title='bbox 982 4763 1095 4831; x_wconf 86' lang='lat' dir='ltr'><strong>ipse</strong></span> <span class='ocrx_word' id='word_1_360' title='bbox 1136 4762 1295 4816; x_wconf 88' lang='lat' dir='ltr'><strong>modo</strong></span> <span class='ocrx_word' id='word_1_361' title='bbox 1322 4760 1736 4832; x_wconf 82' lang='lat' dir='ltr'><strong>Chrysostomus</strong></span> <span class='ocrx_word' id='word_1_362' title='bbox 1763 4764 2007 4819; x_wconf 87' lang='lat' dir='ltr'><strong>oculatus</strong></span> 
     </span>
    </p>
   </div>
   <div class='ocr_carea' id='block_1_51' title="bbox 428 4851 2005 4924">
    <p class='ocr_par' dir='ltr' id='par_1_51' title="bbox 428 4851 2005 4924">
     <span class='ocr_line' id='line_1_51' title="bbox 428 4851 2005 4924; baseline 0.001 -16"><span class='ocrx_word' id='word_1_363' title='bbox 428 4855 581 4910; x_wconf 82' lang='lat' dir='ltr'><strong>testis</strong></span> <span class='ocrx_word' id='word_1_364' title='bbox 611 4863 724 4908; x_wconf 91' lang='lat' dir='ltr'><strong>erat</strong></span> <span class='ocrx_word' id='word_1_365' title='bbox 746 4895 761 4917; x_wconf 92' lang='lat'><strong>,</strong></span> <span class='ocrx_word' id='word_1_366' title='bbox 792 4851 886 4906; x_wconf 87' lang='lat' dir='ltr'><strong>sed</strong></span> <span class='ocrx_word' id='word_1_367' title='bbox 913 4852 1070 4905; x_wconf 87' lang='lat' dir='ltr'><strong>etiam</strong></span> <span class='ocrx_word' id='word_1_368' title='bbox 1097 4862 1285 4905; x_wconf 90' lang='lat' dir='ltr'><strong>omnes</strong></span> <span class='ocrx_word' id='word_1_369' title='bbox 1313 4851 1431 4919; x_wconf 88' lang='lat' dir='ltr'><strong>ejus</strong></span> <span class='ocrx_word' id='word_1_370' title='bbox 1459 4853 1763 4919; x_wconf 85' lang='lat' dir='ltr'><strong>auditores,</strong></span> <span class='ocrx_word' id='word_1_371' title='bbox 1789 4869 1922 4924; x_wconf 82' lang='lat' dir='ltr'><strong>quos</strong></span> <span class='ocrx_word' id='word_1_372' title='bbox 1953 4854 2005 4909; x_wconf 86' lang='lat' dir='ltr'><strong>in</strong></span> 
     </span>
    </p>
   </div>
   <div class='ocr_carea' id='block_1_52' title="bbox 430 4940 2007 5012">
    <p class='ocr_par' dir='ltr' id='par_1_52' title="bbox 430 4940 2007 5012">
     <span class='ocr_line' id='line_1_52' title="bbox 430 4940 2007 5012; baseline 0.001 -13"><span class='ocrx_word' id='word_1_373' title='bbox 430 4945 649 5000; x_wconf 86' lang='lat' dir='ltr'><strong>homilia</strong></span> <span class='ocrx_word' id='word_1_374' title='bbox 697 4951 821 4996; x_wconf 86' lang='lat' dir='ltr'><strong>ante</strong></span> <span class='ocrx_word' id='word_1_375' title='bbox 855 4941 996 4995; x_wconf 90' lang='lat' dir='ltr'><strong>hunc</strong></span> <span class='ocrx_word' id='word_1_376' title='bbox 1046 4940 1238 4994; x_wconf 89' lang='lat' dir='ltr'><strong>librum</strong></span> <span class='ocrx_word' id='word_1_377' title='bbox 1288 4941 1464 5010; x_wconf 84' lang='lat' dir='ltr'><strong>posita</strong></span> <span class='ocrx_word' id='word_1_378' title='bbox 1508 4943 1812 5012; x_wconf 90' lang='lat' dir='ltr'><strong>alloquitur.</strong></span> <span class='ocrx_word' id='word_1_379' title='bbox 1862 4944 2007 5000; x_wconf 87' lang='lat' dir='ltr'><strong>Illius</strong></span> 
     </span>
    </p>
   </div>
   <div class='ocr_carea' id='block_1_53' title="bbox 428 5030 2006 5106">
    <p class='ocr_par' dir='ltr' id='par_1_53' title="bbox 428 5030 2006 5106">
     <span class='ocr_line' id='line_1_53' title="bbox 428 5030 2006 5106; baseline 0 -16"><span class='ocrx_word' id='word_1_380' title='bbox 428 5038 570 5091; x_wconf 73' lang='lat' dir='ltr'><strong>enim</strong></span> <span class='ocrx_word' id='word_1_381' title='bbox 594 5032 818 5104; x_wconf 77' lang='lat' dir='ltr'><strong>prodigii</strong></span> <span class='ocrx_word' id='word_1_382' title='bbox 845 5047 965 5087; x_wconf 90' lang='lat' dir='ltr'><strong>cum</strong></span> <span class='ocrx_word' id='word_1_383' title='bbox 996 5033 1049 5086; x_wconf 92' lang='lat' dir='ltr'><strong>in</strong></span> <span class='ocrx_word' id='word_1_384' title='bbox 1075 5031 1312 5095; x_wconf 84' lang='lat' dir='ltr'><strong>humilia,</strong></span> <span class='ocrx_word' id='word_1_385' title='bbox 1336 5039 1446 5085; x_wconf 90' lang='lat' dir='ltr'><strong>tum</strong></span> <span class='ocrx_word' id='word_1_386' title='bbox 1473 5032 1526 5085; x_wconf 92' lang='lat' dir='ltr'><strong>in</strong></span> <span class='ocrx_word' id='word_1_387' title='bbox 1554 5033 1691 5087; x_wconf 91' lang='lat' dir='ltr'><strong>libro</strong></span> <span class='ocrx_word' id='word_1_388' title='bbox 1715 5034 1782 5090; x_wconf 86' lang='lat' dir='ltr'><strong>de</strong></span> <span class='ocrx_word' id='word_1_389' title='bbox 1808 5030 2006 5106; x_wconf 82' lang='lat' dir='ltr'><strong>Babyla</strong></span> 
     </span>
    </p>
   </div>
   <div class='ocr_carea' id='block_1_54' title="bbox 430 5123 2009 5193">
    <p class='ocr_par' dir='ltr' id='par_1_54' title="bbox 430 5123 2009 5193">
     <span class='ocr_line' id='line_1_54' title="bbox 430 5123 2009 5193; baseline -0.001 -12"><span class='ocrx_word' id='word_1_390' title='bbox 430 5126 759 5182; x_wconf 79' lang='lat' dir='ltr'><strong>mentionem</strong></span> <span class='ocrx_word' id='word_1_391' title='bbox 786 5123 948 5178; x_wconf 87' lang='lat' dir='ltr'><strong>facit:</strong></span> <span class='ocrx_word' id='word_1_392' title='bbox 979 5124 1031 5177; x_wconf 88' lang='lat' dir='ltr'><strong>in</strong></span> <span class='ocrx_word' id='word_1_393' title='bbox 1058 5123 1195 5177; x_wconf 89' lang='lat' dir='ltr'><strong>libro</strong></span> <span class='ocrx_word' id='word_1_394' title='bbox 1237 5128 1414 5175; x_wconf 88' lang='lat' dir='ltr'><strong>autem</strong></span> <span class='ocrx_word' id='word_1_395' title='bbox 1459 5137 1571 5176; x_wconf 89' lang='lat' dir='ltr'><strong>rem</strong></span> <span class='ocrx_word' id='word_1_396' title='bbox 1610 5123 1779 5177; x_wconf 86' lang='lat' dir='ltr'><strong>fusius</strong></span> <span class='ocrx_word' id='word_1_397' title='bbox 1823 5140 2009 5193; x_wconf 90' lang='lat' dir='ltr'><strong>prose-</strong></span> 
     </span>
    </p>
   </div>
   <div class='ocr_carea' id='block_1_55' title="bbox 431 5212 2007 5289">
    <p class='ocr_par' dir='ltr' id='par_1_55' title="bbox 431 5212 2007 5289">
     <span class='ocr_line' id='line_1_55' title="bbox 431 5212 2007 5289; baseline 0 -19"><span class='ocrx_word' id='word_1_398' title='bbox 431 5219 630 5289; x_wconf 88' lang='lat' dir='ltr'><strong>quitur,</strong></span> <span class='ocrx_word' id='word_1_399' title='bbox 648 5226 704 5270; x_wconf 91' lang='lat' dir='ltr'><strong>et</strong></span> <span class='ocrx_word' id='word_1_400' title='bbox 724 5212 977 5269; x_wconf 84' lang='lat' dir='ltr'><strong>irridendi</strong></span> <span class='ocrx_word' id='word_1_401' title='bbox 1002 5228 1160 5268; x_wconf 80' lang='lat' dir='ltr'><strong>causa</strong></span> <span class='ocrx_word' id='word_1_402' title='bbox 1188 5213 1444 5283; x_wconf 69' lang='lat' dir='ltr'><strong>sophistae</strong></span> <span class='ocrx_word' id='word_1_403' title='bbox 1466 5214 1669 5269; x_wconf 82' lang='lat' dir='ltr'><strong>Libanii</strong></span> <span class='ocrx_word' id='word_1_404' title='bbox 1700 5216 2007 5271; x_wconf 85' lang='lat' dir='ltr'><strong>monodiam</strong></span> 
     </span>
    </p>
   </div>
   <div class='ocr_carea' id='block_1_56' title="bbox 430 5303 2006 5374">
    <p class='ocr_par' dir='ltr' id='par_1_56' title="bbox 430 5303 2006 5374">
     <span class='ocr_line' id='line_1_56' title="bbox 430 5303 2006 5374; baseline -0.001 -11"><span class='ocrx_word' id='word_1_405' title='bbox 430 5323 526 5363; x_wconf 85' lang='lat' dir='ltr'><strong>seu</strong></span> <span class='ocrx_word' id='word_1_406' title='bbox 571 5305 803 5360; x_wconf 85' lang='lat' dir='ltr'><strong>lamenta</strong></span> <span class='ocrx_word' id='word_1_407' title='bbox 850 5304 1151 5360; x_wconf 85' lang='lat' dir='ltr'><strong>minutatim</strong></span> <span class='ocrx_word' id='word_1_408' title='bbox 1199 5303 1402 5368; x_wconf 86' lang='lat' dir='ltr'><strong>refert,</strong></span> <span class='ocrx_word' id='word_1_409' title='bbox 1431 5320 1549 5373; x_wconf 74' lang='lat' dir='ltr'><strong>qua:</strong></span> <span class='ocrx_word' id='word_1_410' title='bbox 1600 5320 1844 5374; x_wconf 78' lang='lat' dir='ltr'><strong>magnam</strong></span> <span class='ocrx_word' id='word_1_411' title='bbox 1887 5306 2006 5363; x_wconf 84' lang='lat' dir='ltr'><strong>libri</strong></span> 
     </span>
    </p>
   </div>
   <div class='ocr_carea' id='block_1_57' title="bbox 432 5394 2005 5468">
    <p class='ocr_par' dir='ltr' id='par_1_57' title="bbox 432 5394 2005 5468">
     <span class='ocr_line' id='line_1_57' title="bbox 432 5394 2005 5468; baseline 0.001 -17"><span class='ocrx_word' id='word_1_412' title='bbox 432 5405 635 5468; x_wconf 84' lang='lat' dir='ltr'><strong>partem</strong></span> <span class='ocrx_word' id='word_1_413' title='bbox 683 5404 995 5466; x_wconf 87' lang='lat' dir='ltr'><strong>occupant,</strong></span> <span class='ocrx_word' id='word_1_414' title='bbox 1036 5397 1187 5465; x_wconf 85' lang='lat' dir='ltr'><strong>queis</strong></span> <span class='ocrx_word' id='word_1_415' title='bbox 1229 5394 1481 5450; x_wconf 86' lang='lat' dir='ltr'><strong>Libanius</strong></span> <span class='ocrx_word' id='word_1_416' title='bbox 1530 5395 1773 5465; x_wconf 78' lang='lat' dir='ltr'><strong>deplorat</strong></span> <span class='ocrx_word' id='word_1_417' title='bbox 1824 5411 2005 5453; x_wconf 88' lang='lat' dir='ltr'><strong>casum</strong></span> 
     </span>
    </p>
   </div>
   <div class='ocr_carea' id='block_1_58' title="bbox 431 5486 2008 5559">
    <p class='ocr_par' dir='ltr' id='par_1_58' title="bbox 431 5486 2008 5559">
     <span class='ocr_line' id='line_1_58' title="bbox 431 5486 2008 5559; baseline 0.001 -15"><span class='ocrx_word' id='word_1_418' title='bbox 431 5489 582 5544; x_wconf 86' lang='lat' dir='ltr'><strong>illum</strong></span> <span class='ocrx_word' id='word_1_419' title='bbox 613 5487 929 5555; x_wconf 89' lang='lat' dir='ltr'><strong>stupendum</strong></span> <span class='ocrx_word' id='word_1_420' title='bbox 954 5527 970 5553; x_wconf 93' lang='lat'><strong>,</strong></span> <span class='ocrx_word' id='word_1_421' title='bbox 997 5502 1104 5557; x_wconf 92' lang='lat' dir='ltr'><strong>quo</strong></span> <span class='ocrx_word' id='word_1_422' title='bbox 1130 5486 1391 5556; x_wconf 80' lang='lat' dir='ltr'><strong>Apollinis</strong></span> <span class='ocrx_word' id='word_1_423' title='bbox 1417 5487 1589 5559; x_wconf 80' lang='lat' dir='ltr'><strong>magni</strong></span> <span class='ocrx_word' id='word_1_424' title='bbox 1619 5488 1874 5559; x_wconf 87' lang='lat' dir='ltr'><strong>templum</strong></span> <span class='ocrx_word' id='word_1_425' title='bbox 1905 5490 2008 5546; x_wconf 88' lang='lat' dir='ltr'><strong>im-</strong></span> 
     </span>
    </p>
   </div>
   <div class='ocr_carea' id='block_1_59' title="bbox 437 5577 1337 5650">
    <p class='ocr_par' dir='ltr' id='par_1_59' title="bbox 437 5577 1337 5650">
     <span class='ocr_line' id='line_1_59' title="bbox 437 5577 1337 5650; baseline -0.004 -14"><span class='ocrx_word' id='word_1_426' title='bbox 437 5584 603 5636; x_wconf 83' lang='lat' dir='ltr'><strong>misso</strong></span> <span class='ocrx_word' id='word_1_427' title='bbox 627 5579 747 5650; x_wconf 76' lang='lat' dir='ltr'><strong>igne</strong></span> <span class='ocrx_word' id='word_1_428' title='bbox 782 5580 1117 5636; x_wconf 89' lang='lat' dir='ltr'><strong>combustum</strong></span> <span class='ocrx_word' id='word_1_429' title='bbox 1146 5577 1337 5633; x_wconf 89' lang='lat' dir='ltr'><strong>fuerat.</strong></span> 
     </span>
    </p>
   </div>
   <div class='ocr_carea' id='block_1_60' title="bbox 506 5659 2011 5730">
    <p class='ocr_par' dir='ltr' id='par_1_60' title="bbox 506 5659 2011 5730">
     <span class='ocr_line' id='line_1_60' title="bbox 506 5659 2011 5730; baseline -0.001 -3"><span class='ocrx_word' id='word_1_430' title='bbox 506 5659 642 5727; x_wconf 67' lang='lat' dir='ltr'><strong>Libri</strong></span> <span class='ocrx_word' id='word_1_431' title='bbox 667 5672 729 5726; x_wconf 84' lang='lat' dir='ltr'><strong>de</strong></span> <span class='ocrx_word' id='word_1_432' title='bbox 751 5671 1064 5728; x_wconf 72' lang='lat' dir='ltr'><strong>Sacerdotis.</strong></span> <span class='ocrx_word' id='word_1_433' title='bbox 1080 5700 1149 5709; x_wconf 90' lang='grc'><strong><em>-</em></strong></span> <span class='ocrx_word' id='word_1_434' title='bbox 1169 5671 1354 5727; x_wconf 82' lang='lat' dir='ltr'><strong>Libros</strong></span> <span class='ocrx_word' id='word_1_435' title='bbox 1397 5671 1556 5727; x_wconf 87' lang='lat' dir='ltr'><strong>etiam</strong></span> <span class='ocrx_word' id='word_1_436' title='bbox 1587 5671 1654 5729; x_wconf 90' lang='lat' dir='ltr'><strong>dc</strong></span> <span class='ocrx_word' id='word_1_437' title='bbox 1674 5662 2011 5730; x_wconf 66' lang='lat' dir='ltr'><strong>Sacerdotis</strong></span> 
     </span>
    </p>
   </div>
   <div class='ocr_carea' id='block_1_61' title="bbox 3595 268 3696 328">
    <p class='ocr_par' dir='ltr' id='par_1_61' title="bbox 3595 268 3696 328">
     <span class='ocr_line' id='line_1_61' title="bbox 3595 268 3696 328; baseline 0.03 -3"><span class='ocrx_word' id='word_1_438' title='bbox 3595 268 3696 328; x_wconf 70' lang='grc' dir='ltr'><strong>ςσο</strong></span> 
     </span>
    </p>
   </div>
   <div class='ocr_carea' id='block_1_62' title="bbox 2121 375 3694 444">
    <p class='ocr_par' dir='ltr' id='par_1_62' title="bbox 2121 375 3694 444">
     <span class='ocr_line' id='line_1_62' title="bbox 2121 375 3694 444; baseline 0.007 -16"><span class='ocrx_word' id='word_1_439' title='bbox 2121 375 2208 430; x_wconf 82' lang='lat' dir='ltr'><strong>vel</strong></span> <span class='ocrx_word' id='word_1_440' title='bbox 2239 390 2360 431; x_wconf 89' lang='lat' dir='ltr'><strong>cum</strong></span> <span class='ocrx_word' id='word_1_441' title='bbox 2387 376 2645 431; x_wconf 86' lang='lat' dir='ltr'><strong>diaconus</strong></span> <span class='ocrx_word' id='word_1_442' title='bbox 2682 377 2961 434; x_wconf 88' lang='lat' dir='ltr'><strong>ordinatus</strong></span> <span class='ocrx_word' id='word_1_443' title='bbox 2985 378 3110 444; x_wconf 70' lang='lat' dir='ltr'><strong>fuit,</strong></span> <span class='ocrx_word' id='word_1_444' title='bbox 3138 380 3185 435; x_wconf 87' lang='lat' dir='ltr'><strong>si</strong></span> <span class='ocrx_word' id='word_1_445' title='bbox 3222 380 3431 436; x_wconf 87' lang='lat' dir='ltr'><strong>Socrati</strong></span> <span class='ocrx_word' id='word_1_446' title='bbox 3460 381 3532 437; x_wconf 84' lang='lat' dir='ltr'><strong>sit</strong></span> <span class='ocrx_word' id='word_1_447' title='bbox 3564 380 3694 439; x_wconf 76' lang='lat' dir='ltr'><strong>fides</strong></span> 
     </span>
    </p>
   </div>
   <div class='ocr_carea' id='block_1_63' title="bbox 2117 462 3694 545">
    <p class='ocr_par' dir='ltr' id='par_1_63' title="bbox 2117 462 3694 545">
     <span class='ocr_line' id='line_1_63' title="bbox 2117 462 3694 545; baseline 0.007 -27"><span class='ocrx_word' id='word_1_448' title='bbox 2117 462 2402 532; x_wconf 82' lang='lat' dir='ltr'><strong>habenda,-</strong></span> <span class='ocrx_word' id='word_1_449' title='bbox 2430 466 2514 521; x_wconf 90' lang='lat' dir='ltr'><strong>vel</strong></span> <span class='ocrx_word' id='word_1_450' title='bbox 2559 467 2719 537; x_wconf 83' lang='lat' dir='ltr'><strong>paulo</strong></span> <span class='ocrx_word' id='word_1_451' title='bbox 2745 478 2871 524; x_wconf 84' lang='lat' dir='ltr'><strong>ante</strong></span> <span class='ocrx_word' id='word_1_452' title='bbox 2907 484 3069 541; x_wconf 86' lang='lat' dir='ltr'><strong>quam</strong></span> <span class='ocrx_word' id='word_1_453' title='bbox 3107 469 3449 527; x_wconf 75' lang='lat' dir='ltr'><strong>ordinaretur</strong></span> <span class='ocrx_word' id='word_1_454' title='bbox 3470 486 3694 545; x_wconf 66' lang='lat' dir='ltr'><strong>conmo-</strong></span> 
     </span>
    </p>
   </div>
   <div class='ocr_carea' id='block_1_64' title="bbox 2114 554 3319 628">
    <p class='ocr_par' dir='ltr' id='par_1_64' title="bbox 2114 554 3319 628">
     <span class='ocr_line' id='line_1_64' title="bbox 2114 554 3319 628; baseline 0.005 -19"><span class='ocrx_word' id='word_1_455' title='bbox 2114 554 2240 609; x_wconf 88' lang='lat' dir='ltr'><strong>suit.</strong></span> <span class='ocrx_word' id='word_1_456' title='bbox 2269 555 2385 624; x_wconf 81' lang='lat' dir='ltr'><strong>Qua</strong></span> <span class='ocrx_word' id='word_1_457' title='bbox 2414 555 2482 611; x_wconf 89' lang='lat' dir='ltr'><strong>de</strong></span> <span class='ocrx_word' id='word_1_458' title='bbox 2502 570 2564 612; x_wconf 92' lang='lat' dir='ltr'><strong>re</strong></span> <span class='ocrx_word' id='word_1_459' title='bbox 2592 556 2704 627; x_wconf 79' lang='lat' dir='ltr'><strong>jam</strong></span> <span class='ocrx_word' id='word_1_460' title='bbox 2730 560 2981 628; x_wconf 85' lang='lat' dir='ltr'><strong>superius</strong></span> <span class='ocrx_word' id='word_1_461' title='bbox 2997 568 3176 615; x_wconf 83' lang='lat' dir='ltr'><strong>actum</strong></span> <span class='ocrx_word' id='word_1_462' title='bbox 3202 559 3319 615; x_wconf 86' lang='lat' dir='ltr'><strong>fuit.</strong></span> 
     </span>
    </p>
   </div>
   <div class='ocr_carea' id='block_1_65' title="bbox 2159 644 3697 723">
    <p class='ocr_par' dir='ltr' id='par_1_65' title="bbox 2159 644 3697 723">
     <span class='ocr_line' id='line_1_65' title="bbox 2159 644 3697 723; baseline 0.009 -28"><span class='ocrx_word' id='word_1_463' title='bbox 2159 644 2244 698; x_wconf 84' lang='lat' dir='ltr'><strong>.ln</strong></span> <span class='ocrx_word' id='word_1_464' title='bbox 2271 644 2374 699; x_wconf 88' lang='lat' dir='ltr'><strong>hoe</strong></span> <span class='ocrx_word' id='word_1_465' title='bbox 2394 646 2557 700; x_wconf 84' lang='lat' dir='ltr'><strong>etiam</strong></span> <span class='ocrx_word' id='word_1_466' title='bbox 2578 646 2792 703; x_wconf 84' lang='lat' dir='ltr'><strong>circiter</strong></span> <span class='ocrx_word' id='word_1_467' title='bbox 2832 656 3038 718; x_wconf 82' lang='lat' dir='ltr'><strong>tempus</strong></span> <span class='ocrx_word' id='word_1_468' title='bbox 3063 646 3154 719; x_wconf 73' lang='grc' dir='ltr'><strong>(τ’.</strong></span> <span class='ocrx_word' id='word_1_469' title='bbox 3177 648 3231 705; x_wconf 89' lang='grc'><strong>6.</strong></span> <span class='ocrx_word' id='word_1_470' title='bbox 3284 666 3335 703; x_wconf 89' lang='lat' dir='ltr'><strong>c.</strong></span> <span class='ocrx_word' id='word_1_471' title='bbox 3358 649 3512 723; x_wconf 69' lang='lat'><strong>505)</strong></span> <span class='ocrx_word' id='word_1_472' title='bbox 3558 651 3697 709; x_wconf 71' lang='lat' dir='ltr'><strong>refe-</strong></span> 
     </span>
    </p>
   </div>
   <div class='ocr_carea' id='block_1_66' title="bbox 2113 734 3697 812">
    <p class='ocr_par' dir='ltr' id='par_1_66' title="bbox 2113 734 3697 812">
     <span class='ocr_line' id='line_1_66' title="bbox 2113 734 3697 812; baseline 0.007 -24"><span class='ocrx_word' id='word_1_473' title='bbox 2113 734 2279 790; x_wconf 85' lang='lat' dir='ltr'><strong>renda</strong></span> <span class='ocrx_word' id='word_1_474' title='bbox 2304 735 2515 792; x_wconf 83' lang='lat' dir='ltr'><strong>videtur</strong></span> <span class='ocrx_word' id='word_1_475' title='bbox 2540 736 2799 809; x_wconf 81' lang='lat' dir='ltr'><strong>Synopsis</strong></span> <span class='ocrx_word' id='word_1_476' title='bbox 2838 739 2929 801; x_wconf 82' lang='lat' dir='ltr'><strong>illa</strong></span> <span class='ocrx_word' id='word_1_477' title='bbox 2969 740 3257 811; x_wconf 67' lang='lat' dir='ltr'><strong>Scriptura:</strong></span> <span class='ocrx_word' id='word_1_478' title='bbox 3292 755 3499 808; x_wconf 63' lang='lat' dir='ltr'><strong>sacrm,</strong></span> <span class='ocrx_word' id='word_1_479' title='bbox 3542 743 3697 812; x_wconf 83' lang='lat' dir='ltr'><strong>cujus</strong></span> 
     </span>
    </p>
   </div>
   <div class='ocr_carea' id='block_1_67' title="bbox 2113 829 3694 903">
    <p class='ocr_par' dir='ltr' id='par_1_67' title="bbox 2113 829 3694 903">
     <span class='ocr_line' id='line_1_67' title="bbox 2113 829 3694 903; baseline 0.005 -23"><span class='ocrx_word' id='word_1_480' title='bbox 2113 841 2360 896; x_wconf 78' lang='lat' dir='ltr'><strong>magnam</strong></span> <span class='ocrx_word' id='word_1_481' title='bbox 2380 838 2585 898; x_wconf 83' lang='lat' dir='ltr'><strong>partem</strong></span> <span class='ocrx_word' id='word_1_482' title='bbox 2606 829 2868 886; x_wconf 86' lang='lat' dir='ltr'><strong>edidimus</strong></span> <span class='ocrx_word' id='word_1_483' title='bbox 2891 848 2905 884; x_wconf 91' lang='lat'><strong>:</strong></span> <span class='ocrx_word' id='word_1_484' title='bbox 2928 846 3033 886; x_wconf 87' lang='lat' dir='ltr'><strong>non</strong></span> <span class='ocrx_word' id='word_1_485' title='bbox 3054 832 3197 887; x_wconf 87' lang='lat' dir='ltr'><strong>enim</strong></span> <span class='ocrx_word' id='word_1_486' title='bbox 3214 832 3415 903; x_wconf 75' lang='lat' dir='ltr'><strong>integra</strong></span> <span class='ocrx_word' id='word_1_487' title='bbox 3434 832 3503 888; x_wconf 87' lang='lat' dir='ltr'><strong>ad</strong></span> <span class='ocrx_word' id='word_1_488' title='bbox 3522 848 3694 888; x_wconf 66' lang='lat' dir='ltr'><strong>rerum</strong></span> 
     </span>
    </p>
   </div>
   <div class='ocr_carea' id='block_1_68' title="bbox 2113 912 3694 993">
    <p class='ocr_par' dir='ltr' id='par_1_68' title="bbox 2113 912 3694 993">
     <span class='ocr_line' id='line_1_68' title="bbox 2113 912 3694 993; baseline 0.004 -21"><span class='ocrx_word' id='word_1_489' title='bbox 2113 931 2284 988; x_wconf 86' lang='lat' dir='ltr'><strong>usque</strong></span> <span class='ocrx_word' id='word_1_490' title='bbox 2303 929 2544 974; x_wconf 89' lang='lat' dir='ltr'><strong>nostrum</strong></span> <span class='ocrx_word' id='word_1_491' title='bbox 2565 921 2822 991; x_wconf 81' lang='lat' dir='ltr'><strong>pervenit.</strong></span> <span class='ocrx_word' id='word_1_492' title='bbox 2846 912 2993 991; x_wconf 77' lang='lat' dir='ltr'><strong>Opus</strong></span> <span class='ocrx_word' id='word_1_493' title='bbox 3017 936 3137 977; x_wconf 88' lang='lat' dir='ltr'><strong>esse</strong></span> <span class='ocrx_word' id='word_1_494' title='bbox 3158 924 3450 993; x_wconf 74' lang='lat' dir='ltr'><strong>genuinum</strong></span> <span class='ocrx_word' id='word_1_495' title='bbox 3474 922 3694 993; x_wconf 81' lang='lat' dir='ltr'><strong>probavi</strong></span> 
     </span>
    </p>
   </div>
   <div class='ocr_carea' id='block_1_69' title="bbox 2113 1006 3695 1085">
    <p class='ocr_par' dir='ltr' id='par_1_69' title="bbox 2113 1006 3695 1085">
     <span class='ocr_line' id='line_1_69' title="bbox 2113 1006 3695 1085; baseline 0.006 -24"><span class='ocrx_word' id='word_1_496' title='bbox 2113 1006 2168 1061; x_wconf 91' lang='lat' dir='ltr'><strong>in</strong></span> <span class='ocrx_word' id='word_1_497' title='bbox 2203 1007 2435 1064; x_wconf 83' lang='lat' dir='ltr'><strong>Diatriba</strong></span> <span class='ocrx_word' id='word_1_498' title='bbox 2457 1051 2473 1078; x_wconf 90' lang='lat'><strong>,</strong></span> <span class='ocrx_word' id='word_1_499' title='bbox 2504 1008 2572 1065; x_wconf 89' lang='lat' dir='ltr'><strong>ad</strong></span> <span class='ocrx_word' id='word_1_500' title='bbox 2596 1025 2757 1081; x_wconf 83' lang='lat' dir='ltr'><strong>quam</strong></span> <span class='ocrx_word' id='word_1_501' title='bbox 2781 1010 3034 1067; x_wconf 81' lang='lat' dir='ltr'><strong>lectorem</strong></span> <span class='ocrx_word' id='word_1_502' title='bbox 3058 1013 3334 1069; x_wconf 88' lang='lat' dir='ltr'><strong>mittimus.</strong></span> <span class='ocrx_word' id='word_1_503' title='bbox 3357 1012 3499 1070; x_wconf 81' lang='lat' dir='ltr'><strong>Sane</strong></span> <span class='ocrx_word' id='word_1_504' title='bbox 3525 1029 3695 1085; x_wconf 80' lang='lat' dir='ltr'><strong>syno-</strong></span> 
     </span>
    </p>
   </div>
   <div class='ocr_carea' id='block_1_70' title="bbox 2114 1097 3699 1174">
    <p class='ocr_par' dir='ltr' id='par_1_70' title="bbox 2114 1097 3699 1174">
     <span class='ocr_line' id='line_1_70' title="bbox 2114 1097 3699 1174; baseline 0.008 -24"><span class='ocrx_word' id='word_1_505' title='bbox 2114 1097 2230 1166; x_wconf 89' lang='lat' dir='ltr'><strong>psin</strong></span> <span class='ocrx_word' id='word_1_506' title='bbox 2273 1097 2667 1171; x_wconf 88' lang='lat' dir='ltr'><strong>Scripturarum</strong></span> <span class='ocrx_word' id='word_1_507' title='bbox 2702 1100 2982 1172; x_wconf 87' lang='lat' dir='ltr'><strong>scripsisse</strong></span> <span class='ocrx_word' id='word_1_508' title='bbox 3018 1117 3139 1158; x_wconf 84' lang='lat' dir='ltr'><strong>eum</strong></span> <span class='ocrx_word' id='word_1_509' title='bbox 3173 1104 3267 1174; x_wconf 89' lang='lat' dir='ltr'><strong>qui</strong></span> <span class='ocrx_word' id='word_1_510' title='bbox 3301 1104 3499 1160; x_wconf 87' lang='lat' dir='ltr'><strong>divinis</strong></span> <span class='ocrx_word' id='word_1_511' title='bbox 3525 1106 3699 1163; x_wconf 84' lang='lat' dir='ltr'><strong>literis</strong></span> 
     </span>
    </p>
   </div>
   <div class='ocr_carea' id='block_1_71' title="bbox 2110 1187 3696 1266">
    <p class='ocr_par' dir='ltr' id='par_1_71' title="bbox 2110 1187 3696 1266">
     <span class='ocr_line' id='line_1_71' title="bbox 2110 1187 3696 1266; baseline 0.006 -23"><span class='ocrx_word' id='word_1_512' title='bbox 2110 1187 2393 1255; x_wconf 85' lang='lat' dir='ltr'><strong>addictus,</strong></span> <span class='ocrx_word' id='word_1_513' title='bbox 2443 1204 2629 1246; x_wconf 85' lang='lat' dir='ltr'><strong>earum</strong></span> <span class='ocrx_word' id='word_1_514' title='bbox 2671 1191 2887 1247; x_wconf 83' lang='lat' dir='ltr'><strong>lectioni</strong></span> <span class='ocrx_word' id='word_1_515' title='bbox 2927 1200 2983 1247; x_wconf 89' lang='lat' dir='ltr'><strong>et</strong></span> <span class='ocrx_word' id='word_1_516' title='bbox 3019 1192 3349 1249; x_wconf 86' lang='lat' dir='ltr'><strong>meditationi</strong></span> <span class='ocrx_word' id='word_1_517' title='bbox 3383 1204 3696 1266; x_wconf 71' lang='lat' dir='ltr'><strong>perpetuam</strong></span> 
     </span>
    </p>
   </div>
   <div class='ocr_carea' id='block_1_72' title="bbox 2111 1277 3696 1356">
    <p class='ocr_par' dir='ltr' id='par_1_72' title="bbox 2111 1277 3696 1356">
     <span class='ocr_line' id='line_1_72' title="bbox 2111 1277 3696 1356; baseline 0.008 -24"><span class='ocrx_word' id='word_1_518' title='bbox 2111 1277 2273 1334; x_wconf 88' lang='lat' dir='ltr'><strong>dabat</strong></span> <span class='ocrx_word' id='word_1_519' title='bbox 2288 1294 2513 1349; x_wconf 88' lang='lat' dir='ltr'><strong>operam</strong></span> <span class='ocrx_word' id='word_1_520' title='bbox 2538 1320 2555 1347; x_wconf 90' lang='lat'><strong>,</strong></span> <span class='ocrx_word' id='word_1_521' title='bbox 2583 1280 2736 1337; x_wconf 84' lang='lat' dir='ltr'><strong>facile</strong></span> <span class='ocrx_word' id='word_1_522' title='bbox 2759 1281 3029 1337; x_wconf 85' lang='lat' dir='ltr'><strong>credatur.</strong></span> <span class='ocrx_word' id='word_1_523' title='bbox 3055 1282 3175 1339; x_wconf 85' lang='lat' dir='ltr'><strong>Alia</strong></span> <span class='ocrx_word' id='word_1_524' title='bbox 3198 1298 3326 1340; x_wconf 89' lang='lat' dir='ltr'><strong>vero</strong></span> <span class='ocrx_word' id='word_1_525' title='bbox 3345 1296 3696 1356; x_wconf 70' lang='lat' dir='ltr'><strong>argumenta,</strong></span> 
     </span>
    </p>
   </div>
   <div class='ocr_carea' id='block_1_73' title="bbox 2111 1371 3696 1450">
    <p class='ocr_par' dir='ltr' id='par_1_73' title="bbox 2111 1371 3696 1450">
     <span class='ocr_line' id='line_1_73' title="bbox 2111 1371 3696 1450; baseline 0.008 -26"><span class='ocrx_word' id='word_1_526' title='bbox 2111 1384 2233 1440; x_wconf 81' lang='lat' dir='ltr'><strong>quae</strong></span> <span class='ocrx_word' id='word_1_527' title='bbox 2261 1371 2314 1425; x_wconf 91' lang='lat' dir='ltr'><strong>in</strong></span> <span class='ocrx_word' id='word_1_528' title='bbox 2346 1371 2579 1427; x_wconf 88' lang='lat' dir='ltr'><strong>Diatriba</strong></span> <span class='ocrx_word' id='word_1_529' title='bbox 2604 1373 2880 1429; x_wconf 89' lang='lat' dir='ltr'><strong>attulimus</strong></span> <span class='ocrx_word' id='word_1_530' title='bbox 2902 1416 2918 1442; x_wconf 93' lang='lat'><strong>,</strong></span> <span class='ocrx_word' id='word_1_531' title='bbox 2944 1375 3062 1432; x_wconf 87' lang='lat' dir='ltr'><strong>orbi</strong></span> <span class='ocrx_word' id='word_1_532' title='bbox 3095 1376 3332 1433; x_wconf 79' lang='lat' dir='ltr'><strong>[iteratio</strong></span> <span class='ocrx_word' id='word_1_533' title='bbox 3367 1379 3696 1450; x_wconf 76' lang='lat' dir='ltr'><strong>exploranda</strong></span> 
     </span>
    </p>
   </div>
   <div class='ocr_carea' id='block_1_74' title="bbox 2108 1461 3221 1523">
    <p class='ocr_par' dir='ltr' id='par_1_74' title="bbox 2108 1461 3221 1523">
     <span class='ocr_line' id='line_1_74' title="bbox 2108 1461 3221 1523; baseline 0.004 -6"><span class='ocrx_word' id='word_1_534' title='bbox 2108 1472 2168 1517; x_wconf 84' lang='lat' dir='ltr'><strong>et</strong></span> <span class='ocrx_word' id='word_1_535' title='bbox 2191 1461 2259 1517; x_wconf 89' lang='lat' dir='ltr'><strong>ad</strong></span> <span class='ocrx_word' id='word_1_536' title='bbox 2287 1462 2537 1518; x_wconf 86' lang='lat' dir='ltr'><strong>trutinam</strong></span> <span class='ocrx_word' id='word_1_537' title='bbox 2565 1464 2919 1521; x_wconf 82' lang='lat' dir='ltr'><strong>examinanda</strong></span> <span class='ocrx_word' id='word_1_538' title='bbox 2940 1466 3221 1523; x_wconf 90' lang='lat' dir='ltr'><strong>mittimus.</strong></span> 
     </span>
    </p>
   </div>
   <div class='ocr_carea' id='block_1_75' title="bbox 2182 1551 3699 1632">
    <p class='ocr_par' dir='ltr' id='par_1_75' title="bbox 2182 1551 3699 1632">
     <span class='ocr_line' id='line_1_75' title="bbox 2182 1551 3699 1632; baseline 0.007 -25"><span class='ocrx_word' id='word_1_539' title='bbox 2182 1551 2454 1625; x_wconf 76' lang='lat' dir='ltr'><strong>Presbyter</strong></span> <span class='ocrx_word' id='word_1_540' title='bbox 2480 1555 2747 1611; x_wconf 83' lang='lat' dir='ltr'><strong>ordinatur</strong></span> <span class='ocrx_word' id='word_1_541' title='bbox 2772 1572 2806 1610; x_wconf 88' lang='lat' dir='ltr'><strong>a</strong></span> <span class='ocrx_word' id='word_1_542' title='bbox 2832 1555 3107 1612; x_wconf 74' lang='lat' dir='ltr'><strong>Flaviano.</strong></span> <span class='ocrx_word' id='word_1_543' title='bbox 3144 1587 3218 1598; x_wconf 95' lang='lat'><em>—</em></span> <span class='ocrx_word' id='word_1_544' title='bbox 3248 1557 3482 1616; x_wconf 80' lang='lat' dir='ltr'><strong>Joannes</strong></span> <span class='ocrx_word' id='word_1_545' title='bbox 3516 1560 3699 1632; x_wconf 70' lang='lat' dir='ltr'><strong>itaque</strong></span> 
     </span>
    </p>
   </div>
   <div class='ocr_carea' id='block_1_76' title="bbox 2110 1645 3697 1722">
    <p class='ocr_par' dir='ltr' id='par_1_76' title="bbox 2110 1645 3697 1722">
     <span class='ocr_line' id='line_1_76' title="bbox 2110 1645 3697 1722; baseline 0.005 -24"><span class='ocrx_word' id='word_1_546' title='bbox 2110 1652 2296 1699; x_wconf 87' lang='lat' dir='ltr'><strong>noster</strong></span> <span class='ocrx_word' id='word_1_547' title='bbox 2322 1658 2419 1715; x_wconf 86' lang='lat' dir='ltr'><strong>per</strong></span> <span class='ocrx_word' id='word_1_548' title='bbox 2443 1660 2612 1703; x_wconf 88' lang='lat' dir='ltr'><strong>annos</strong></span> <span class='ocrx_word' id='word_1_549' title='bbox 2630 1645 2832 1718; x_wconf 82' lang='lat' dir='ltr'><strong>aliquot</strong></span> <span class='ocrx_word' id='word_1_550' title='bbox 2857 1646 2979 1718; x_wconf 83' lang='lat' dir='ltr'><strong>(an.</strong></span> <span class='ocrx_word' id='word_1_551' title='bbox 3003 1647 3140 1719; x_wconf 80' lang='lat'><strong>586)</strong></span> <span class='ocrx_word' id='word_1_552' title='bbox 3163 1648 3373 1705; x_wconf 85' lang='lat' dir='ltr'><strong>diaconi</strong></span> <span class='ocrx_word' id='word_1_553' title='bbox 3402 1660 3507 1705; x_wconf 84' lang='lat' dir='ltr'><strong>tam</strong></span> <span class='ocrx_word' id='word_1_554' title='bbox 3524 1650 3697 1722; x_wconf 83' lang='lat' dir='ltr'><strong>probe</strong></span> 
     </span>
    </p>
   </div>
   <div class='ocr_carea' id='block_1_77' title="bbox 2108 1736 3697 1812">
    <p class='ocr_par' dir='ltr' id='par_1_77' title="bbox 2108 1736 3697 1812">
     <span class='ocr_line' id='line_1_77' title="bbox 2108 1736 3697 1812; baseline 0.005 -20"><span class='ocrx_word' id='word_1_555' title='bbox 2108 1736 2324 1793; x_wconf 88' lang='lat' dir='ltr'><strong>functus</strong></span> <span class='ocrx_word' id='word_1_556' title='bbox 2349 1737 2527 1794; x_wconf 84' lang='lat' dir='ltr'><strong>officio</strong></span> <span class='ocrx_word' id='word_1_557' title='bbox 2547 1781 2563 1807; x_wconf 94' lang='lat'><strong>,</strong></span> <span class='ocrx_word' id='word_1_558' title='bbox 2596 1755 2716 1795; x_wconf 90' lang='lat' dir='ltr'><strong>cum</strong></span> <span class='ocrx_word' id='word_1_559' title='bbox 2758 1738 2867 1810; x_wconf 88' lang='lat' dir='ltr'><strong>jam</strong></span> <span class='ocrx_word' id='word_1_560' title='bbox 2898 1749 2976 1796; x_wconf 91' lang='lat' dir='ltr'><strong>tot</strong></span> <span class='ocrx_word' id='word_1_561' title='bbox 3003 1741 3294 1812; x_wconf 85' lang='lat' dir='ltr'><strong>specimina</strong></span> <span class='ocrx_word' id='word_1_562' title='bbox 3320 1741 3557 1799; x_wconf 80' lang='lat' dir='ltr'><strong>dedisset</strong></span> <span class='ocrx_word' id='word_1_563' title='bbox 3575 1744 3697 1800; x_wconf 77' lang='lat' dir='ltr'><strong>esi-</strong></span> 
     </span>
    </p>
   </div>
   <div class='ocr_carea' id='block_1_78' title="bbox 2111 1827 3694 1909">
    <p class='ocr_par' dir='ltr' id='par_1_78' title="bbox 2111 1827 3694 1909">
     <span class='ocr_line' id='line_1_78' title="bbox 2111 1827 3694 1909; baseline 0.004 -27"><span class='ocrx_word' id='word_1_564' title='bbox 2111 1827 2233 1883; x_wconf 72' lang='lat' dir='ltr'><strong>mite</strong></span> <span class='ocrx_word' id='word_1_565' title='bbox 2259 1827 2583 1898; x_wconf 62' lang='lat' dir='ltr'><strong>eloquentia</strong></span> <span class='ocrx_word' id='word_1_566' title='bbox 2603 1844 2725 1885; x_wconf 90' lang='lat' dir='ltr'><strong>cum</strong></span> <span class='ocrx_word' id='word_1_567' title='bbox 2758 1830 2957 1900; x_wconf 87' lang='lat' dir='ltr'><strong>pietate</strong></span> <span class='ocrx_word' id='word_1_568' title='bbox 2991 1832 3289 1902; x_wconf 70' lang='lat' dir='ltr'><strong>conjunctae</strong></span> <span class='ocrx_word' id='word_1_569' title='bbox 3310 1873 3329 1901; x_wconf 91' lang='lat'><strong>,</strong></span> <span class='ocrx_word' id='word_1_570' title='bbox 3368 1848 3399 1887; x_wconf 88' lang='lat' dir='ltr'><strong>a</strong></span> <span class='ocrx_word' id='word_1_571' title='bbox 3443 1833 3694 1909; x_wconf 68' lang='lat' dir='ltr'><strong>Flavians</strong></span> 
     </span>
    </p>
   </div>
   <div class='ocr_carea' id='block_1_79' title="bbox 2111 1919 3693 1996">
    <p class='ocr_par' dir='ltr' id='par_1_79' title="bbox 2111 1919 3693 1996">
     <span class='ocr_line' id='line_1_79' title="bbox 2111 1919 3693 1996; baseline 0.003 -22"><span class='ocrx_word' id='word_1_572' title='bbox 2111 1919 2365 1989; x_wconf 90' lang='lat' dir='ltr'><strong>episcopo</strong></span> <span class='ocrx_word' id='word_1_573' title='bbox 2392 1919 2672 1992; x_wconf 83' lang='lat' dir='ltr'><strong>presbyter</strong></span> <span class='ocrx_word' id='word_1_574' title='bbox 2690 1921 2968 1979; x_wconf 87' lang='lat' dir='ltr'><strong>ordinatur</strong></span> <span class='ocrx_word' id='word_1_575' title='bbox 2994 1923 3157 1993; x_wconf 84' lang='lat' dir='ltr'><strong>(Vide</strong></span> <span class='ocrx_word' id='word_1_576' title='bbox 3177 1923 3496 1979; x_wconf 76' lang='lat' dir='ltr'><strong>Palladiam.</strong></span> <span class='ocrx_word' id='word_1_577' title='bbox 3522 1942 3575 1996; x_wconf 79' lang='grc' dir='ltr'><strong>ρ.</strong></span> <span class='ocrx_word' id='word_1_578' title='bbox 3602 1927 3693 1981; x_wconf 72' lang='grc' dir='ltr'><strong>Η.</strong></span> 
     </span>
    </p>
   </div>
   <div class='ocr_carea' id='block_1_80' title="bbox 2109 2008 3695 2086">
    <p class='ocr_par' dir='ltr' id='par_1_80' title="bbox 2109 2008 3695 2086">
     <span class='ocr_line' id='line_1_80' title="bbox 2109 2008 3695 2086; baseline 0.004 -21"><span class='ocrx_word' id='word_1_579' title='bbox 2109 2008 2201 2065; x_wconf 67' lang='grc' dir='ltr'><strong>η.</strong></span> <span class='ocrx_word' id='word_1_580' title='bbox 2231 2020 2279 2065; x_wconf 87' lang='lat' dir='ltr'><strong>et</strong></span> <span class='ocrx_word' id='word_1_581' title='bbox 2304 2010 2646 2083; x_wconf 77' lang='lat' dir='ltr'><strong>Tittemont.).</strong></span> <span class='ocrx_word' id='word_1_582' title='bbox 2695 2012 2928 2070; x_wconf 75' lang='lat' dir='ltr'><strong>Noverat</strong></span> <span class='ocrx_word' id='word_1_583' title='bbox 2952 2016 3094 2071; x_wconf 91' lang='lat' dir='ltr'><strong>enim</strong></span> <span class='ocrx_word' id='word_1_584' title='bbox 3118 2016 3211 2073; x_wconf 89' lang='lat' dir='ltr'><strong>ille</strong></span> <span class='ocrx_word' id='word_1_585' title='bbox 3246 2016 3406 2073; x_wconf 72' lang='lat' dir='ltr'><strong>Verbi</strong></span> <span class='ocrx_word' id='word_1_586' title='bbox 3432 2016 3527 2073; x_wconf 88' lang='lat' dir='ltr'><strong>Dei</strong></span> <span class='ocrx_word' id='word_1_587' title='bbox 3557 2032 3695 2086; x_wconf 74' lang='lat' dir='ltr'><strong>pra:-</strong></span> 
     </span>
    </p>
   </div>
   <div class='ocr_carea' id='block_1_81' title="bbox 2113 2103 3698 2178">
    <p class='ocr_par' dir='ltr' id='par_1_81' title="bbox 2113 2103 3698 2178">
     <span class='ocr_line' id='line_1_81' title="bbox 2113 2103 3698 2178; baseline 0.003 -22"><span class='ocrx_word' id='word_1_588' title='bbox 2113 2116 2305 2157; x_wconf 88' lang='lat' dir='ltr'><strong>conem</strong></span> <span class='ocrx_word' id='word_1_589' title='bbox 2361 2117 2633 2158; x_wconf 75' lang='lat' dir='ltr'><strong>summum</strong></span> <span class='ocrx_word' id='word_1_590' title='bbox 2676 2103 2793 2160; x_wconf 89' lang='lat' dir='ltr'><strong>fore</strong></span> <span class='ocrx_word' id='word_1_591' title='bbox 2827 2104 3090 2161; x_wconf 79' lang='lat' dir='ltr'><strong>Joannem</strong></span> <span class='ocrx_word' id='word_1_592' title='bbox 3131 2116 3371 2163; x_wconf 87' lang='lat' dir='ltr'><strong>nostrum</strong></span> <span class='ocrx_word' id='word_1_593' title='bbox 3398 2149 3415 2175; x_wconf 95' lang='lat'><strong>,</strong></span> <span class='ocrx_word' id='word_1_594' title='bbox 3457 2105 3552 2178; x_wconf 88' lang='lat' dir='ltr'><strong>qui</strong></span> <span class='ocrx_word' id='word_1_595' title='bbox 3592 2106 3698 2162; x_wconf 84' lang='lat' dir='ltr'><strong>etsi</strong></span> 
     </span>
    </p>
   </div>
   <div class='ocr_carea' id='block_1_82' title="bbox 2109 2192 3699 2271">
    <p class='ocr_par' dir='ltr' id='par_1_82' title="bbox 2109 2192 3699 2271">
     <span class='ocr_line' id='line_1_82' title="bbox 2109 2192 3699 2271; baseline 0.004 -24"><span class='ocrx_word' id='word_1_596' title='bbox 2109 2192 2456 2248; x_wconf 80' lang='lat' dir='ltr'><strong>concionatus</strong></span> <span class='ocrx_word' id='word_1_597' title='bbox 2499 2208 2789 2264; x_wconf 85' lang='lat' dir='ltr'><strong>numquam</strong></span> <span class='ocrx_word' id='word_1_598' title='bbox 2831 2194 3042 2264; x_wconf 85' lang='lat' dir='ltr'><strong>fuerat,</strong></span> <span class='ocrx_word' id='word_1_599' title='bbox 3080 2197 3192 2266; x_wconf 83' lang='lat' dir='ltr'><strong>jam</strong></span> <span class='ocrx_word' id='word_1_600' title='bbox 3233 2212 3299 2253; x_wconf 80' lang='lat' dir='ltr'><strong>ex</strong></span> <span class='ocrx_word' id='word_1_601' title='bbox 3332 2197 3546 2271; x_wconf 83' lang='lat' dir='ltr'><strong>scriptis</strong></span> <span class='ocrx_word' id='word_1_602' title='bbox 3586 2197 3699 2253; x_wconf 84' lang='lat' dir='ltr'><strong>suis</strong></span> 
     </span>
    </p>
   </div>
   <div class='ocr_carea' id='block_1_83' title="bbox 2110 2282 3699 2359">
    <p class='ocr_par' dir='ltr' id='par_1_83' title="bbox 2110 2282 3699 2359">
     <span class='ocr_line' id='line_1_83' title="bbox 2110 2282 3699 2359; baseline 0.003 -21"><span class='ocrx_word' id='word_1_603' title='bbox 2110 2282 2296 2343; x_wconf 78' lang='lat' dir='ltr'><strong>talenti</strong></span> <span class='ocrx_word' id='word_1_604' title='bbox 2321 2283 2422 2338; x_wconf 90' lang='lat' dir='ltr'><strong>sibi</strong></span> <span class='ocrx_word' id='word_1_605' title='bbox 2445 2284 2635 2341; x_wconf 89' lang='lat' dir='ltr'><strong>crediti</strong></span> <span class='ocrx_word' id='word_1_606' title='bbox 2661 2284 2958 2342; x_wconf 85' lang='lat' dir='ltr'><strong>uberrimas</strong></span> <span class='ocrx_word' id='word_1_607' title='bbox 2984 2286 3205 2344; x_wconf 87' lang='lat' dir='ltr'><strong>dederat</strong></span> <span class='ocrx_word' id='word_1_608' title='bbox 3234 2290 3516 2359; x_wconf 84' lang='lat' dir='ltr'><strong>primitias.</strong></span> <span class='ocrx_word' id='word_1_609' title='bbox 3541 2287 3699 2347; x_wconf 56' lang='lat' dir='ltr'><strong>Ordip</strong></span> 
     </span>
    </p>
   </div>
   <div class='ocr_carea' id='block_1_84' title="bbox 2110 2377 3696 2450">
    <p class='ocr_par' dir='ltr' id='par_1_84' title="bbox 2110 2377 3696 2450">
     <span class='ocr_line' id='line_1_84' title="bbox 2110 2377 3696 2450; baseline 0.007 -21"><span class='ocrx_word' id='word_1_610' title='bbox 2110 2383 2269 2431; x_wconf 87' lang='lat' dir='ltr'><strong>natus</strong></span> <span class='ocrx_word' id='word_1_611' title='bbox 2294 2383 2473 2430; x_wconf 87' lang='lat' dir='ltr'><strong>autem</strong></span> <span class='ocrx_word' id='word_1_612' title='bbox 2496 2385 2580 2432; x_wconf 85' lang='lat' dir='ltr'><strong>est</strong></span> <span class='ocrx_word' id='word_1_613' title='bbox 2601 2385 2726 2434; x_wconf 87' lang='lat' dir='ltr'><strong>ante</strong></span> <span class='ocrx_word' id='word_1_614' title='bbox 2744 2377 3215 2450; x_wconf 68' lang='lat' dir='ltr'><strong>Quadragesimam</strong></span> <span class='ocrx_word' id='word_1_615' title='bbox 3233 2382 3357 2437; x_wconf 85' lang='lat' dir='ltr'><strong>anni</strong></span> <span class='ocrx_word' id='word_1_616' title='bbox 3380 2382 3486 2438; x_wconf 74' lang='lat'><strong>386</strong></span> <span class='ocrx_word' id='word_1_617' title='bbox 3507 2424 3523 2450; x_wconf 96' lang='lat'><strong>,</strong></span> <span class='ocrx_word' id='word_1_618' title='bbox 3551 2393 3609 2439; x_wconf 87' lang='lat' dir='ltr'><strong>ut</strong></span> <span class='ocrx_word' id='word_1_619' title='bbox 3626 2395 3696 2439; x_wconf 67' lang='lat' dir='ltr'><strong>ex</strong></span> 
     </span>
    </p>
   </div>
   <div class='ocr_carea' id='block_1_85' title="bbox 2110 2465 3695 2546">
    <p class='ocr_par' dir='ltr' id='par_1_85' title="bbox 2110 2465 3695 2546">
     <span class='ocr_line' id='line_1_85' title="bbox 2110 2465 3695 2546; baseline 0.006 -23"><span class='ocrx_word' id='word_1_620' title='bbox 2110 2465 2248 2523; x_wconf 85' lang='lat' dir='ltr'><strong>infra</strong></span> <span class='ocrx_word' id='word_1_621' title='bbox 2295 2467 2535 2525; x_wconf 88' lang='lat' dir='ltr'><strong>dicendis</strong></span> <span class='ocrx_word' id='word_1_622' title='bbox 2583 2471 2868 2526; x_wconf 85' lang='lat' dir='ltr'><strong>constabit.</strong></span> <span class='ocrx_word' id='word_1_623' title='bbox 2907 2471 3020 2529; x_wconf 87' lang='lat' dir='ltr'><strong>Nee</strong></span> <span class='ocrx_word' id='word_1_624' title='bbox 3059 2488 3210 2531; x_wconf 67' lang='lat' dir='ltr'><strong>more</strong></span> <span class='ocrx_word' id='word_1_625' title='bbox 3252 2492 3266 2529; x_wconf 90' lang='lat'><strong>:</strong></span> <span class='ocrx_word' id='word_1_626' title='bbox 3304 2481 3585 2546; x_wconf 80' lang='lat' dir='ltr'><strong>postquam</strong></span> <span class='ocrx_word' id='word_1_627' title='bbox 3624 2475 3695 2533; x_wconf 77' lang='lat' dir='ltr'><strong>ad</strong></span> 
     </span>
    </p>
   </div>
   <div class='ocr_carea' id='block_1_86' title="bbox 2109 2559 3696 2636">
    <p class='ocr_par' dir='ltr' id='par_1_86' title="bbox 2109 2559 3696 2636">
     <span class='ocr_line' id='line_1_86' title="bbox 2109 2559 3696 2636; baseline 0.005 -20"><span class='ocrx_word' id='word_1_628' title='bbox 2109 2559 2442 2618; x_wconf 82' lang='lat' dir='ltr'><strong>sacerdotale</strong></span> <span class='ocrx_word' id='word_1_629' title='bbox 2458 2563 2811 2619; x_wconf 84' lang='lat' dir='ltr'><strong>ministerium</strong></span> <span class='ocrx_word' id='word_1_630' title='bbox 2829 2574 3130 2636; x_wconf 85' lang='lat' dir='ltr'><strong>assumptus</strong></span> <span class='ocrx_word' id='word_1_631' title='bbox 3152 2566 3268 2635; x_wconf 86' lang='lat' dir='ltr'><strong>fuit,</strong></span> <span class='ocrx_word' id='word_1_632' title='bbox 3289 2567 3355 2623; x_wconf 89' lang='lat' dir='ltr'><strong>ad</strong></span> <span class='ocrx_word' id='word_1_633' title='bbox 3374 2569 3696 2624; x_wconf 66' lang='lat' dir='ltr'><strong>concionem-</strong></span> 
     </span>
    </p>
   </div>
   <div class='ocr_carea' id='block_1_87' title="bbox 2111 2650 3696 2729">
    <p class='ocr_par' dir='ltr' id='par_1_87' title="bbox 2111 2650 3696 2729">
     <span class='ocr_line' id='line_1_87' title="bbox 2111 2650 3696 2729; baseline 0.005 -22"><span class='ocrx_word' id='word_1_634' title='bbox 2111 2650 2167 2707; x_wconf 84' lang='lat' dir='ltr'><strong>di</strong></span> <span class='ocrx_word' id='word_1_635' title='bbox 2192 2650 2433 2708; x_wconf 83' lang='lat' dir='ltr'><strong>officium</strong></span> <span class='ocrx_word' id='word_1_636' title='bbox 2453 2653 2737 2723; x_wconf 87' lang='lat' dir='ltr'><strong>deputatur</strong></span> <span class='ocrx_word' id='word_1_637' title='bbox 2761 2670 2793 2711; x_wconf 87' lang='lat' dir='ltr'><strong>a</strong></span> <span class='ocrx_word' id='word_1_638' title='bbox 2820 2655 3072 2712; x_wconf 84' lang='lat' dir='ltr'><strong>Flaviano</strong></span> <span class='ocrx_word' id='word_1_639' title='bbox 3104 2675 3118 2711; x_wconf 93' lang='lat'><strong>:</strong></span> <span class='ocrx_word' id='word_1_640' title='bbox 3154 2672 3261 2728; x_wconf 86' lang='lat' dir='ltr'><strong>quo</strong></span> <span class='ocrx_word' id='word_1_641' title='bbox 3286 2667 3549 2728; x_wconf 65' lang='lat' dir='ltr'><strong>praesente</strong></span> <span class='ocrx_word' id='word_1_642' title='bbox 3585 2659 3696 2729; x_wconf 87' lang='lat' dir='ltr'><strong>pri-</strong></span> 
     </span>
    </p>
   </div>
   <div class='ocr_carea' id='block_1_88' title="bbox 2109 2743 3697 2813">
    <p class='ocr_par' dir='ltr' id='par_1_88' title="bbox 2109 2743 3697 2813">
     <span class='ocr_line' id='line_1_88' title="bbox 2109 2743 3697 2813; baseline 0.003 -14"><span class='ocrx_word' id='word_1_643' title='bbox 2109 2759 2253 2799; x_wconf 87' lang='lat' dir='ltr'><strong>mam</strong></span> <span class='ocrx_word' id='word_1_644' title='bbox 2280 2743 2553 2799; x_wconf 87' lang='lat' dir='ltr'><strong>homiliam</strong></span> <span class='ocrx_word' id='word_1_645' title='bbox 2581 2744 2755 2813; x_wconf 75' lang='lat' dir='ltr'><strong>dixit,</strong></span> <span class='ocrx_word' id='word_1_646' title='bbox 2781 2755 2838 2801; x_wconf 93' lang='lat' dir='ltr'><strong>et</strong></span> <span class='ocrx_word' id='word_1_647' title='bbox 2854 2761 2977 2801; x_wconf 90' lang='lat' dir='ltr'><strong>cum</strong></span> <span class='ocrx_word' id='word_1_648' title='bbox 3002 2761 3208 2801; x_wconf 88' lang='lat' dir='ltr'><strong>summa</strong></span> <span class='ocrx_word' id='word_1_649' title='bbox 3228 2747 3490 2803; x_wconf 72' lang='lat' dir='ltr'><strong>modestia</strong></span> <span class='ocrx_word' id='word_1_650' title='bbox 3515 2748 3697 2803; x_wconf 81' lang='lat' dir='ltr'><strong>animi-</strong></span> 
     </span>
    </p>
   </div>
   <div class='ocr_carea' id='block_1_89' title="bbox 2110 2836 3698 2907">
    <p class='ocr_par' dir='ltr' id='par_1_89' title="bbox 2110 2836 3698 2907">
     <span class='ocr_line' id='line_1_89' title="bbox 2110 2836 3698 2907; baseline 0.003 -16"><span class='ocrx_word' id='word_1_651' title='bbox 2110 2852 2217 2907; x_wconf 91' lang='lat' dir='ltr'><strong>que</strong></span> <span class='ocrx_word' id='word_1_652' title='bbox 2245 2836 2571 2894; x_wconf 89' lang='lat' dir='ltr'><strong>demissione</strong></span> <span class='ocrx_word' id='word_1_653' title='bbox 2592 2853 2749 2894; x_wconf 89' lang='lat' dir='ltr'><strong>orsus</strong></span> <span class='ocrx_word' id='word_1_654' title='bbox 2772 2846 2875 2894; x_wconf 89' lang='lat' dir='ltr'><strong>est.</strong></span> <span class='ocrx_word' id='word_1_655' title='bbox 2904 2838 2974 2894; x_wconf 88' lang='lat' dir='ltr'><strong>Se</strong></span> <span class='ocrx_word' id='word_1_656' title='bbox 3002 2853 3106 2894; x_wconf 89' lang='lat' dir='ltr'><strong>non</strong></span> <span class='ocrx_word' id='word_1_657' title='bbox 3136 2839 3302 2895; x_wconf 88' lang='lat' dir='ltr'><strong>semel</strong></span> <span class='ocrx_word' id='word_1_658' title='bbox 3327 2839 3698 2896; x_wconf 86' lang='lat' dir='ltr'><strong>adolescentu-</strong></span> 
     </span>
    </p>
   </div>
   <div class='ocr_carea' id='block_1_90' title="bbox 2110 2928 3696 3000">
    <p class='ocr_par' dir='ltr' id='par_1_90' title="bbox 2110 2928 3696 3000">
     <span class='ocr_line' id='line_1_90' title="bbox 2110 2928 3696 3000; baseline 0.003 -16"><span class='ocrx_word' id='word_1_659' title='bbox 2110 2929 2221 2984; x_wconf 92' lang='lat' dir='ltr'><strong>lum</strong></span> <span class='ocrx_word' id='word_1_660' title='bbox 2243 2969 2260 2996; x_wconf 93' lang='lat'><strong>,</strong></span> <span class='ocrx_word' id='word_1_661' title='bbox 2293 2938 2488 2995; x_wconf 87' lang='lat' dir='ltr'><strong>vocat,</strong></span> <span class='ocrx_word' id='word_1_662' title='bbox 2516 2930 2618 2985; x_wconf 89' lang='lat' dir='ltr'><strong>etsi</strong></span> <span class='ocrx_word' id='word_1_663' title='bbox 2646 2944 2782 3000; x_wconf 85' lang='lat' dir='ltr'><strong>pene</strong></span> <span class='ocrx_word' id='word_1_664' title='bbox 2814 2928 3263 3000; x_wconf 72' lang='lat' dir='ltr'><strong>quadragenarius</strong></span> <span class='ocrx_word' id='word_1_665' title='bbox 3296 2930 3407 3000; x_wconf 85' lang='lat' dir='ltr'><strong>jam</strong></span> <span class='ocrx_word' id='word_1_666' title='bbox 3446 2939 3600 2998; x_wconf 80' lang='lat' dir='ltr'><strong>erat;</strong></span> <span class='ocrx_word' id='word_1_667' title='bbox 3634 2946 3696 2988; x_wconf 79' lang='lat' dir='ltr'><strong>se</strong></span> 
     </span>
    </p>
   </div>
   <div class='ocr_carea' id='block_1_91' title="bbox 2110 3019 3695 3090">
    <p class='ocr_par' dir='ltr' id='par_1_91' title="bbox 2110 3019 3695 3090">
     <span class='ocr_line' id='line_1_91' title="bbox 2110 3019 3695 3090; baseline 0.004 -17"><span class='ocrx_word' id='word_1_668' title='bbox 2110 3028 2444 3090; x_wconf 85' lang='lat' dir='ltr'><strong>poccatorem</strong></span> <span class='ocrx_word' id='word_1_669' title='bbox 2475 3020 2604 3075; x_wconf 82' lang='lat' dir='ltr'><strong>dicit</strong></span> <span class='ocrx_word' id='word_1_670' title='bbox 2626 3061 2644 3087; x_wconf 96' lang='lat'><strong>,</strong></span> <span class='ocrx_word' id='word_1_671' title='bbox 2687 3019 2941 3089; x_wconf 87' lang='lat' dir='ltr'><strong>additque</strong></span> <span class='ocrx_word' id='word_1_672' title='bbox 2977 3020 3232 3077; x_wconf 83' lang='lat' dir='ltr'><strong>Davidem</strong></span> <span class='ocrx_word' id='word_1_673' title='bbox 3256 3063 3272 3089; x_wconf 93' lang='lat'><strong>,</strong></span> <span class='ocrx_word' id='word_1_674' title='bbox 3308 3022 3497 3077; x_wconf 69' lang='lat' dir='ltr'><strong>omium</strong></span> <span class='ocrx_word' id='word_1_675' title='bbox 3521 3062 3537 3089; x_wconf 96' lang='lat'><strong>,</strong></span> <span class='ocrx_word' id='word_1_676' title='bbox 3585 3033 3695 3079; x_wconf 87' lang='lat' dir='ltr'><strong>ter-</strong></span> 
     </span>
    </p>
   </div>
   <div class='ocr_carea' id='block_1_92' title="bbox 2110 3110 3698 3182">
    <p class='ocr_par' dir='ltr' id='par_1_92' title="bbox 2110 3110 3698 3182">
     <span class='ocr_line' id='line_1_92' title="bbox 2110 3110 3698 3182; baseline 0.002 -16"><span class='ocrx_word' id='word_1_677' title='bbox 2110 3125 2224 3166; x_wconf 83' lang='lat' dir='ltr'><strong>ram</strong></span> <span class='ocrx_word' id='word_1_678' title='bbox 2248 3150 2264 3174; x_wconf 92' lang='lat'><strong>,</strong></span> <span class='ocrx_word' id='word_1_679' title='bbox 2293 3110 2555 3166; x_wconf 83' lang='lat' dir='ltr'><strong>elementa</strong></span> <span class='ocrx_word' id='word_1_680' title='bbox 2584 3111 2763 3166; x_wconf 89' lang='lat' dir='ltr'><strong>omnia</strong></span> <span class='ocrx_word' id='word_1_681' title='bbox 2788 3152 2804 3178; x_wconf 90' lang='lat'><strong>,</strong></span> <span class='ocrx_word' id='word_1_682' title='bbox 2834 3110 2977 3166; x_wconf 83' lang='lat' dir='ltr'><strong>feras</strong></span> <span class='ocrx_word' id='word_1_683' title='bbox 3003 3110 3308 3182; x_wconf 82' lang='lat' dir='ltr'><strong>bestiasque</strong></span> <span class='ocrx_word' id='word_1_684' title='bbox 3326 3153 3342 3179; x_wconf 91' lang='lat'><strong>,</strong></span> <span class='ocrx_word' id='word_1_685' title='bbox 3371 3112 3614 3168; x_wconf 91' lang='lat' dir='ltr'><strong>homines</strong></span> <span class='ocrx_word' id='word_1_686' title='bbox 3639 3122 3698 3169; x_wconf 88' lang='lat' dir='ltr'><strong>et</strong></span> 
     </span>
    </p>
   </div>
   <div class='ocr_carea' id='block_1_93' title="bbox 2110 3203 3699 3276">
    <p class='ocr_par' dir='ltr' id='par_1_93' title="bbox 2110 3203 3699 3276">
     <span class='ocr_line' id='line_1_93' title="bbox 2110 3203 3699 3276; baseline 0.002 -17"><span class='ocrx_word' id='word_1_687' title='bbox 2110 3204 2332 3275; x_wconf 76' lang='lat' dir='ltr'><strong>angelos</strong></span> <span class='ocrx_word' id='word_1_688' title='bbox 2355 3203 2422 3259; x_wconf 91' lang='lat' dir='ltr'><strong>ad</strong></span> <span class='ocrx_word' id='word_1_689' title='bbox 2453 3205 2619 3260; x_wconf 88' lang='lat' dir='ltr'><strong>Deum</strong></span> <span class='ocrx_word' id='word_1_690' title='bbox 2650 3203 2970 3259; x_wconf 91' lang='lat' dir='ltr'><strong>laudandum</strong></span> <span class='ocrx_word' id='word_1_691' title='bbox 3007 3213 3062 3258; x_wconf 91' lang='lat' dir='ltr'><strong>et</strong></span> <span class='ocrx_word' id='word_1_692' title='bbox 3091 3204 3465 3260; x_wconf 88' lang='lat' dir='ltr'><strong>celebrandum</strong></span> <span class='ocrx_word' id='word_1_693' title='bbox 3506 3221 3699 3276; x_wconf 81' lang='lat' dir='ltr'><strong>proro-</strong></span> 
     </span>
    </p>
   </div>
   <div class='ocr_carea' id='block_1_94' title="bbox 2108 3295 3695 3366">
    <p class='ocr_par' dir='ltr' id='par_1_94' title="bbox 2108 3295 3695 3366">
     <span class='ocr_line' id='line_1_94' title="bbox 2108 3295 3695 3366; baseline 0.001 -15"><span class='ocrx_word' id='word_1_694' title='bbox 2108 3310 2271 3362; x_wconf 87' lang='lat' dir='ltr'><strong>care,</strong></span> <span class='ocrx_word' id='word_1_695' title='bbox 2306 3305 2614 3366; x_wconf 85' lang='lat' dir='ltr'><strong>peccatores</strong></span> <span class='ocrx_word' id='word_1_696' title='bbox 2642 3310 2772 3350; x_wconf 87' lang='lat' dir='ltr'><strong>vero</strong></span> <span class='ocrx_word' id='word_1_697' title='bbox 2809 3310 3122 3366; x_wconf 80' lang='lat' dir='ltr'><strong>numquam.</strong></span> <span class='ocrx_word' id='word_1_698' title='bbox 3169 3295 3302 3355; x_wconf 82' lang='lat' dir='ltr'><strong>Hinc</strong></span> <span class='ocrx_word' id='word_1_699' title='bbox 3344 3295 3412 3351; x_wconf 93' lang='lat' dir='ltr'><strong>ad</strong></span> <span class='ocrx_word' id='word_1_700' title='bbox 3457 3296 3695 3352; x_wconf 87' lang='lat' dir='ltr'><strong>Flaviani</strong></span> 
     </span>
    </p>
   </div>
   <div class='ocr_carea' id='block_1_95' title="bbox 2110 3387 3695 3459">
    <p class='ocr_par' dir='ltr' id='par_1_95' title="bbox 2110 3387 3695 3459">
     <span class='ocr_line' id='line_1_95' title="bbox 2110 3387 3695 3459; baseline 0.001 -16"><span class='ocrx_word' id='word_1_701' title='bbox 2110 3397 2236 3443; x_wconf 88' lang='lat' dir='ltr'><strong>tunc</strong></span> <span class='ocrx_word' id='word_1_702' title='bbox 2263 3388 2541 3457; x_wconf 83' lang='lat' dir='ltr'><strong>praesentis</strong></span> <span class='ocrx_word' id='word_1_703' title='bbox 2566 3387 2752 3442; x_wconf 87' lang='lat' dir='ltr'><strong>laudes</strong></span> <span class='ocrx_word' id='word_1_704' title='bbox 2791 3401 2851 3442; x_wconf 90' lang='lat' dir='ltr'><strong>se</strong></span> <span class='ocrx_word' id='word_1_705' title='bbox 2886 3388 3192 3454; x_wconf 82' lang='lat' dir='ltr'><strong>convertit,</strong></span> <span class='ocrx_word' id='word_1_706' title='bbox 3232 3388 3413 3459; x_wconf 86' lang='lat' dir='ltr'><strong>aitque</strong></span> <span class='ocrx_word' id='word_1_707' title='bbox 3452 3388 3598 3443; x_wconf 85' lang='lat' dir='ltr'><strong>illum</strong></span> <span class='ocrx_word' id='word_1_708' title='bbox 3638 3389 3695 3445; x_wconf 79' lang='lat' dir='ltr'><strong>in</strong></span> 
     </span>
    </p>
   </div>
   <div class='ocr_carea' id='block_1_96' title="bbox 2108 3479 3695 3550">
    <p class='ocr_par' dir='ltr' id='par_1_96' title="bbox 2108 3479 3695 3550">
     <span class='ocr_line' id='line_1_96' title="bbox 2108 3479 3695 3550; baseline 0.001 -15"><span class='ocrx_word' id='word_1_709' title='bbox 2108 3488 2417 3550; x_wconf 88' lang='lat' dir='ltr'><strong>sumptuosa</strong></span> <span class='ocrx_word' id='word_1_710' title='bbox 2430 3479 2594 3534; x_wconf 87' lang='lat' dir='ltr'><strong>domo</strong></span> <span class='ocrx_word' id='word_1_711' title='bbox 2613 3479 2918 3545; x_wconf 85' lang='lat' dir='ltr'><strong>educatum,</strong></span> <span class='ocrx_word' id='word_1_712' title='bbox 2939 3480 3047 3550; x_wconf 87' lang='lat' dir='ltr'><strong>jam</strong></span> <span class='ocrx_word' id='word_1_713' title='bbox 3068 3494 3310 3550; x_wconf 85' lang='lat' dir='ltr'><strong>asperam</strong></span> <span class='ocrx_word' id='word_1_714' title='bbox 3328 3488 3383 3536; x_wconf 91' lang='lat' dir='ltr'><strong>et</strong></span> <span class='ocrx_word' id='word_1_715' title='bbox 3399 3480 3695 3550; x_wconf 75' lang='lat' dir='ltr'><strong>squalidam</strong></span> 
     </span>
    </p>
   </div>
   <div class='ocr_carea' id='block_1_97' title="bbox 2109 3568 3696 3643">
    <p class='ocr_par' dir='ltr' id='par_1_97' title="bbox 2109 3568 3696 3643">
     <span class='ocr_line' id='line_1_97' title="bbox 2109 3568 3696 3643; baseline 0.003 -20"><span class='ocrx_word' id='word_1_716' title='bbox 2109 3570 2286 3642; x_wconf 68' lang='lat' dir='ltr'><strong>gregis</strong></span> <span class='ocrx_word' id='word_1_717' title='bbox 2313 3568 2396 3623; x_wconf 89' lang='lat' dir='ltr'><strong>sui</strong></span> <span class='ocrx_word' id='word_1_718' title='bbox 2424 3568 2677 3638; x_wconf 86' lang='lat' dir='ltr'><strong>pascendi</strong></span> <span class='ocrx_word' id='word_1_719' title='bbox 2704 3584 2864 3625; x_wconf 87' lang='lat' dir='ltr'><strong>causa</strong></span> <span class='ocrx_word' id='word_1_720' title='bbox 2890 3569 3052 3625; x_wconf 87' lang='lat' dir='ltr'><strong>vitam</strong></span> <span class='ocrx_word' id='word_1_721' title='bbox 3084 3584 3265 3641; x_wconf 76' lang='lat' dir='ltr'><strong>agere.</strong></span> <span class='ocrx_word' id='word_1_722' title='bbox 3312 3571 3531 3627; x_wconf 76' lang='lat' dir='ltr'><strong>Domum</strong></span> <span class='ocrx_word' id='word_1_723' title='bbox 3576 3572 3696 3643; x_wconf 79' lang='lat' dir='ltr'><strong>ejus</strong></span> 
     </span>
    </p>
   </div>
   <div class='ocr_carea' id='block_1_98' title="bbox 2108 3661 3336 3741">
    <p class='ocr_par' dir='ltr' id='par_1_98' title="bbox 2108 3661 3336 3741">
     <span class='ocr_line' id='line_1_98' title="bbox 2108 3661 3336 3741; baseline -0.002 -22"><span class='ocrx_word' id='word_1_724' title='bbox 2108 3673 2505 3741; x_wconf 75' lang='lat' dir='ltr'><strong>antecessorem</strong></span> <span class='ocrx_word' id='word_1_725' title='bbox 2533 3661 2780 3718; x_wconf 85' lang='lat' dir='ltr'><strong>laudibus</strong></span> <span class='ocrx_word' id='word_1_726' title='bbox 2805 3663 3013 3718; x_wconf 76' lang='lat' dir='ltr'><strong>extollit</strong></span> <span class='ocrx_word' id='word_1_727' title='bbox 3040 3661 3336 3718; x_wconf 74' lang='lat' dir='ltr'><strong>Meletium.</strong></span> 
     </span>
    </p>
   </div>
   <div class='ocr_carea' id='block_1_99' title="bbox 2179 3751 3697 3824">
    <p class='ocr_par' dir='ltr' id='par_1_99' title="bbox 2179 3751 3697 3824">
     <span class='ocr_line' id='line_1_99' title="bbox 2179 3751 3697 3824; baseline 0 -15"><span class='ocrx_word' id='word_1_728' title='bbox 2179 3755 2309 3809; x_wconf 85' lang='lat' dir='ltr'><strong>Post</strong></span> <span class='ocrx_word' id='word_1_729' title='bbox 2337 3753 2475 3809; x_wconf 87' lang='lat' dir='ltr'><strong>hanc</strong></span> <span class='ocrx_word' id='word_1_730' title='bbox 2501 3754 2728 3824; x_wconf 89' lang='lat' dir='ltr'><strong>primam</strong></span> <span class='ocrx_word' id='word_1_731' title='bbox 2755 3751 3067 3811; x_wconf 82' lang='lat' dir='ltr'><strong>concionem</strong></span> <span class='ocrx_word' id='word_1_732' title='bbox 3091 3752 3340 3822; x_wconf 86' lang='lat' dir='ltr'><strong>opinatur</strong></span> <span class='ocrx_word' id='word_1_733' title='bbox 3362 3753 3442 3808; x_wconf 78' lang='lat' dir='ltr'><strong>vir</strong></span> <span class='ocrx_word' id='word_1_734' title='bbox 3465 3753 3697 3824; x_wconf 75' lang='lat' dir='ltr'><strong>sagacis-</strong></span> 
     </span>
    </p>
   </div>
   <div class='ocr_carea' id='block_1_100' title="bbox 2107 3842 3692 3903">
    <p class='ocr_par' dir='ltr' id='par_1_100' title="bbox 2107 3842 3692 3903">
     <span class='ocr_line' id='line_1_100' title="bbox 2107 3842 3692 3903; baseline -0.002 -3"><span class='ocrx_word' id='word_1_735' title='bbox 2107 3845 2275 3900; x_wconf 80' lang='lat' dir='ltr'><strong>simus</strong></span> <span class='ocrx_word' id='word_1_736' title='bbox 2294 3844 2663 3899; x_wconf 83' lang='lat' dir='ltr'><strong>Tillemontius</strong></span> <span class='ocrx_word' id='word_1_737' title='bbox 2679 3843 2910 3899; x_wconf 91' lang='lat' dir='ltr'><strong>habitam</strong></span> <span class='ocrx_word' id='word_1_738' title='bbox 2933 3842 3096 3899; x_wconf 88' lang='lat' dir='ltr'><strong>fuisse</strong></span> <span class='ocrx_word' id='word_1_739' title='bbox 3114 3843 3387 3900; x_wconf 80' lang='lat' dir='ltr'><strong>bomiliam</strong></span> <span class='ocrx_word' id='word_1_740' title='bbox 3404 3842 3692 3903; x_wconf 79' lang='lat' dir='ltr'><strong>secundam</strong></span> 
     </span>
    </p>
   </div>
   <div class='ocr_carea' id='block_1_101' title="bbox 2109 3934 3693 4006">
    <p class='ocr_par' dir='ltr' id='par_1_101' title="bbox 2109 3934 3693 4006">
     <span class='ocr_line' id='line_1_101' title="bbox 2109 3934 3693 4006; baseline 0.001 -15"><span class='ocrx_word' id='word_1_741' title='bbox 2109 3935 2374 3992; x_wconf 79' lang='lat' dir='ltr'><strong>in‘Oziam</strong></span> <span class='ocrx_word' id='word_1_742' title='bbox 2400 3947 2454 3990; x_wconf 90' lang='lat' dir='ltr'><strong>et</strong></span> <span class='ocrx_word' id='word_1_743' title='bbox 2480 3935 2531 3990; x_wconf 93' lang='lat' dir='ltr'><strong>in</strong></span> <span class='ocrx_word' id='word_1_744' title='bbox 2558 3934 2884 4005; x_wconf 86' lang='lat' dir='ltr'><strong>Seraphinos</strong></span> <span class='ocrx_word' id='word_1_745' title='bbox 2907 3975 2923 4002; x_wconf 97' lang='lat'><strong>,</strong></span> <span class='ocrx_word' id='word_1_746' title='bbox 2954 3943 3011 3990; x_wconf 87' lang='lat' dir='ltr'><strong>at</strong></span> <span class='ocrx_word' id='word_1_747' title='bbox 3048 3935 3254 3992; x_wconf 81' lang='lat' dir='ltr'><strong>levibus</strong></span> <span class='ocrx_word' id='word_1_748' title='bbox 3287 3945 3560 4006; x_wconf 84' lang='lat' dir='ltr'><strong>permotus</strong></span> <span class='ocrx_word' id='word_1_749' title='bbox 3596 3949 3693 3993; x_wconf 75' lang='lat' dir='ltr'><strong>seu</strong></span> 
     </span>
    </p>
   </div>
   <div class='ocr_carea' id='block_1_102' title="bbox 2108 4026 3694 4094">
    <p class='ocr_par' dir='ltr' id='par_1_102' title="bbox 2108 4026 3694 4094">
     <span class='ocr_line' id='line_1_102' title="bbox 2108 4026 3694 4094; baseline 0.003 -14"><span class='ocrx_word' id='word_1_750' title='bbox 2108 4026 2404 4081; x_wconf 88' lang='lat' dir='ltr'><strong>rationibus</strong></span> <span class='ocrx_word' id='word_1_751' title='bbox 2426 4040 2522 4081; x_wconf 92' lang='lat' dir='ltr'><strong>seu</strong></span> <span class='ocrx_word' id='word_1_752' title='bbox 2551 4026 2872 4094; x_wconf 87' lang='lat' dir='ltr'><strong>conjecturis</strong></span> <span class='ocrx_word' id='word_1_753' title='bbox 2895 4066 2913 4093; x_wconf 92' lang='lat'><strong>,</strong></span> <span class='ocrx_word' id='word_1_754' title='bbox 2941 4039 3073 4094; x_wconf 86' lang='lat' dir='ltr'><strong>quas</strong></span> <span class='ocrx_word' id='word_1_755' title='bbox 3100 4026 3260 4082; x_wconf 84' lang='lat' dir='ltr'><strong>etiam</strong></span> <span class='ocrx_word' id='word_1_756' title='bbox 3289 4027 3380 4084; x_wconf 90' lang='lat' dir='ltr'><strong>ille</strong></span> <span class='ocrx_word' id='word_1_757' title='bbox 3400 4027 3694 4091; x_wconf 85' lang='lat' dir='ltr'><strong>dubitando</strong></span> 
     </span>
    </p>
   </div>
   <div class='ocr_carea' id='block_1_103' title="bbox 2109 4113 3696 4187">
    <p class='ocr_par' dir='ltr' id='par_1_103' title="bbox 2109 4113 3696 4187">
     <span class='ocr_line' id='line_1_103' title="bbox 2109 4113 3696 4187; baseline 0.003 -19"><span class='ocrx_word' id='word_1_758' title='bbox 2109 4114 2334 4185; x_wconf 85' lang='lat' dir='ltr'><strong>profert.</strong></span> <span class='ocrx_word' id='word_1_759' title='bbox 2366 4114 2496 4169; x_wconf 88' lang='lat' dir='ltr'><strong>Nam</strong></span> <span class='ocrx_word' id='word_1_760' title='bbox 2523 4125 2581 4169; x_wconf 91' lang='lat' dir='ltr'><strong>ut</strong></span> <span class='ocrx_word' id='word_1_761' title='bbox 2607 4115 2661 4169; x_wconf 91' lang='lat' dir='ltr'><strong>in</strong></span> <span class='ocrx_word' id='word_1_762' title='bbox 2690 4113 2888 4169; x_wconf 75' lang='lat' dir='ltr'><strong>Monito</strong></span> <span class='ocrx_word' id='word_1_763' title='bbox 2930 4113 3016 4186; x_wconf 76' lang='grc' dir='ltr'><strong>(Τ.</strong></span> <span class='ocrx_word' id='word_1_764' title='bbox 3043 4114 3098 4170; x_wconf 84' lang='lat'><strong>6.</strong></span> <span class='ocrx_word' id='word_1_765' title='bbox 3135 4132 3183 4169; x_wconf 86' lang='lat' dir='ltr'><strong>c.</strong></span> <span class='ocrx_word' id='word_1_766' title='bbox 3208 4115 3319 4187; x_wconf 74' lang='lat'><strong>93)</strong></span> <span class='ocrx_word' id='word_1_767' title='bbox 3343 4115 3417 4171; x_wconf 83' lang='lat' dir='ltr'><strong>ad</strong></span> <span class='ocrx_word' id='word_1_768' title='bbox 3441 4117 3696 4174; x_wconf 68' lang='lat' dir='ltr'><strong>Homilies</strong></span> 
     </span>
    </p>
   </div>
   <div class='ocr_carea' id='block_1_104' title="bbox 2108 4204 3698 4277">
    <p class='ocr_par' dir='ltr' id='par_1_104' title="bbox 2108 4204 3698 4277">
     <span class='ocr_line' id='line_1_104' title="bbox 2108 4204 3698 4277; baseline 0.001 -16"><span class='ocrx_word' id='word_1_769' title='bbox 2108 4205 2177 4261; x_wconf 89' lang='lat' dir='ltr'><strong>de</strong></span> <span class='ocrx_word' id='word_1_770' title='bbox 2200 4206 2511 4275; x_wconf 87' lang='lat' dir='ltr'><strong>Seraphinis</strong></span> <span class='ocrx_word' id='word_1_771' title='bbox 2539 4205 2772 4260; x_wconf 75' lang='lat' dir='ltr'><strong>diximus</strong></span> <span class='ocrx_word' id='word_1_772' title='bbox 2793 4243 2809 4268; x_wconf 87' lang='lat'><strong>,</strong></span> <span class='ocrx_word' id='word_1_773' title='bbox 2843 4204 2959 4259; x_wconf 74' lang='lat' dir='ltr'><strong>hmo</strong></span> <span class='ocrx_word' id='word_1_774' title='bbox 2980 4205 3195 4260; x_wconf 90' lang='lat' dir='ltr'><strong>homilia</strong></span> <span class='ocrx_word' id='word_1_775' title='bbox 3219 4206 3440 4275; x_wconf 87' lang='lat' dir='ltr'><strong>proferri</strong></span> <span class='ocrx_word' id='word_1_776' title='bbox 3469 4222 3576 4262; x_wconf 85' lang='lat' dir='ltr'><strong>non</strong></span> <span class='ocrx_word' id='word_1_777' title='bbox 3601 4223 3698 4277; x_wconf 80' lang='lat' dir='ltr'><strong>po-</strong></span> 
     </span>
    </p>
   </div>
   <div class='ocr_carea' id='block_1_105' title="bbox 2111 4294 3660 4367">
    <p class='ocr_par' dir='ltr' id='par_1_105' title="bbox 2111 4294 3660 4367">
     <span class='ocr_line' id='line_1_105' title="bbox 2111 4294 3660 4367; baseline 0.001 -16"><span class='ocrx_word' id='word_1_778' title='bbox 2111 4296 2213 4351; x_wconf 91' lang='lat' dir='ltr'><strong>tuit</strong></span> <span class='ocrx_word' id='word_1_779' title='bbox 2233 4307 2357 4352; x_wconf 88' lang='lat' dir='ltr'><strong>ante</strong></span> <span class='ocrx_word' id='word_1_780' title='bbox 2385 4310 2581 4350; x_wconf 90' lang='lat' dir='ltr'><strong>annum</strong></span> <span class='ocrx_word' id='word_1_781' title='bbox 2609 4295 2717 4351; x_wconf 79' lang='lat'><strong>388</strong></span> <span class='ocrx_word' id='word_1_782' title='bbox 2740 4337 2755 4361; x_wconf 98' lang='lat'><strong>,</strong></span> <span class='ocrx_word' id='word_1_783' title='bbox 2780 4304 2839 4350; x_wconf 94' lang='lat' dir='ltr'><strong>ut</strong></span> <span class='ocrx_word' id='word_1_784' title='bbox 2863 4295 2916 4349; x_wconf 91' lang='lat' dir='ltr'><strong>in</strong></span> <span class='ocrx_word' id='word_1_785' title='bbox 2946 4294 3146 4350; x_wconf 82' lang='lat' dir='ltr'><strong>Monito</strong></span> <span class='ocrx_word' id='word_1_786' title='bbox 3170 4295 3357 4353; x_wconf 86' lang='lat' dir='ltr'><strong>eodem</strong></span> <span class='ocrx_word' id='word_1_787' title='bbox 3382 4297 3660 4367; x_wconf 84' lang='lat' dir='ltr'><strong>probatur.</strong></span> 
     </span>
    </p>
   </div>
   <div class='ocr_carea' id='block_1_106' title="bbox 2181 4387 3696 4460">
    <p class='ocr_par' dir='ltr' id='par_1_106' title="bbox 2181 4387 3696 4460">
     <span class='ocr_line' id='line_1_106' title="bbox 2181 4387 3696 4460; baseline 0.002 -17"><span class='ocrx_word' id='word_1_788' title='bbox 2181 4387 2457 4444; x_wconf 72' lang='lat' dir='ltr'><strong>Contiones</strong></span> <span class='ocrx_word' id='word_1_789' title='bbox 2481 4388 2535 4442; x_wconf 84' lang='lat' dir='ltr'><strong>in</strong></span> <span class='ocrx_word' id='word_1_790' title='bbox 2564 4387 2815 4442; x_wconf 75' lang='lat' dir='ltr'><strong>Genesim.</strong></span> <span class='ocrx_word' id='word_1_791' title='bbox 2847 4387 2994 4442; x_wconf 83' lang='lat' dir='ltr'><strong>Anno</strong></span> <span class='ocrx_word' id='word_1_792' title='bbox 3020 4387 3147 4444; x_wconf 80' lang='lat'><strong>386.</strong></span> <span class='ocrx_word' id='word_1_793' title='bbox 3176 4414 3250 4428; x_wconf 90' lang='lat'><strong>--</strong></span> <span class='ocrx_word' id='word_1_794' title='bbox 3279 4388 3471 4443; x_wconf 81' lang='lat' dir='ltr'><strong>Verum</strong></span> <span class='ocrx_word' id='word_1_795' title='bbox 3493 4390 3696 4460; x_wconf 80' lang='lat' dir='ltr'><strong>Optime</strong></span> 
     </span>
    </p>
   </div>
   <div class='ocr_carea' id='block_1_107' title="bbox 2114 4479 3693 4552">
    <p class='ocr_par' dir='ltr' id='par_1_107' title="bbox 2114 4479 3693 4552">
     <span class='ocr_line' id='line_1_107' title="bbox 2114 4479 3693 4552; baseline 0 -15"><span class='ocrx_word' id='word_1_796' title='bbox 2114 4483 2363 4552; x_wconf 88' lang='lat' dir='ltr'><strong>opinatur</strong></span> <span class='ocrx_word' id='word_1_797' title='bbox 2391 4481 2529 4535; x_wconf 90' lang='lat' dir='ltr'><strong>idem</strong></span> <span class='ocrx_word' id='word_1_798' title='bbox 2550 4481 2918 4535; x_wconf 79' lang='lat' dir='ltr'><strong>Tillemontius</strong></span> <span class='ocrx_word' id='word_1_799' title='bbox 2943 4481 2960 4549; x_wconf 89' lang='lat'>(</span> <span class='ocrx_word' id='word_1_800' title='bbox 2987 4479 3278 4534; x_wconf 79' lang='lat' dir='ltr'><strong>Tillemont.</strong></span> <span class='ocrx_word' id='word_1_801' title='bbox 3311 4498 3363 4550; x_wconf 86' lang='lat' dir='ltr'><strong>p.</strong></span> <span class='ocrx_word' id='word_1_802' title='bbox 3393 4481 3463 4536; x_wconf 71' lang='grc'><strong>42</strong></span> <span class='ocrx_word' id='word_1_803' title='bbox 3483 4482 3507 4550; x_wconf 85' lang='grc'>)</span> <span class='ocrx_word' id='word_1_804' title='bbox 3528 4523 3544 4547; x_wconf 83' lang='grc'><em>,</em></span> <span class='ocrx_word' id='word_1_805' title='bbox 3571 4497 3693 4537; x_wconf 89' lang='lat' dir='ltr'><strong>cum</strong></span> 
     </span>
    </p>
   </div>
   <div class='ocr_carea' id='block_1_108' title="bbox 2110 4570 3698 4642">
    <p class='ocr_par' dir='ltr' id='par_1_108' title="bbox 2110 4570 3698 4642">
     <span class='ocr_line' id='line_1_108' title="bbox 2110 4570 3698 4642; baseline 0.001 -15"><span class='ocrx_word' id='word_1_806' title='bbox 2110 4572 2241 4628; x_wconf 89' lang='lat' dir='ltr'><strong>dicit</strong></span> <span class='ocrx_word' id='word_1_807' title='bbox 2262 4581 2450 4641; x_wconf 87' lang='lat' dir='ltr'><strong>putare</strong></span> <span class='ocrx_word' id='word_1_808' title='bbox 2479 4586 2538 4626; x_wconf 89' lang='lat' dir='ltr'><strong>se</strong></span> <span class='ocrx_word' id='word_1_809' title='bbox 2564 4582 2688 4626; x_wconf 91' lang='lat' dir='ltr'><strong>octo</strong></span> <span class='ocrx_word' id='word_1_810' title='bbox 2713 4570 3004 4626; x_wconf 87' lang='lat' dir='ltr'><strong>Sermones</strong></span> <span class='ocrx_word' id='word_1_811' title='bbox 3033 4571 3084 4626; x_wconf 89' lang='lat' dir='ltr'><strong>in</strong></span> <span class='ocrx_word' id='word_1_812' title='bbox 3108 4571 3356 4627; x_wconf 88' lang='lat' dir='ltr'><strong>Genesim</strong></span> <span class='ocrx_word' id='word_1_813' title='bbox 3372 4612 3390 4638; x_wconf 94' lang='lat'><strong>,</strong></span> <span class='ocrx_word' id='word_1_814' title='bbox 3410 4573 3501 4642; x_wconf 90' lang='lat' dir='ltr'><strong>qui</strong></span> <span class='ocrx_word' id='word_1_815' title='bbox 3525 4572 3698 4629; x_wconf 82' lang='lat' dir='ltr'><strong>Temo</strong></span> 
     </span>
    </p>
   </div>
   <div class='ocr_carea' id='block_1_109' title="bbox 2110 4659 3693 4733">
    <p class='ocr_par' dir='ltr' id='par_1_109' title="bbox 2110 4659 3693 4733">
     <span class='ocr_line' id='line_1_109' title="bbox 2110 4659 3693 4733; baseline 0.003 -17"><span class='ocrx_word' id='word_1_816' title='bbox 2110 4672 2301 4733; x_wconf 88' lang='lat' dir='ltr'><strong>quarto</strong></span> <span class='ocrx_word' id='word_1_817' title='bbox 2320 4662 2573 4717; x_wconf 87' lang='lat' dir='ltr'><strong>liomilias</strong></span> <span class='ocrx_word' id='word_1_818' title='bbox 2593 4662 2646 4716; x_wconf 93' lang='lat' dir='ltr'><strong>in</strong></span> <span class='ocrx_word' id='word_1_819' title='bbox 2667 4661 2916 4717; x_wconf 88' lang='lat' dir='ltr'><strong>Genesim</strong></span> <span class='ocrx_word' id='word_1_820' title='bbox 2940 4669 3235 4732; x_wconf 88' lang='lat' dir='ltr'><strong>sequuntur</strong></span> <span class='ocrx_word' id='word_1_821' title='bbox 3275 4659 3364 4733; x_wconf 87' lang='grc' dir='ltr'><strong>(Τ.</strong></span> <span class='ocrx_word' id='word_1_822' title='bbox 3389 4663 3443 4719; x_wconf 74' lang='grc' dir='ltr'>ι.</span> <span class='ocrx_word' id='word_1_823' title='bbox 3466 4681 3514 4719; x_wconf 87' lang='lat' dir='ltr'><strong>c.</strong></span> <span class='ocrx_word' id='word_1_824' title='bbox 3531 4664 3693 4732; x_wconf 78' lang='lat'><strong>581),</strong></span> 
     </span>
    </p>
   </div>
   <div class='ocr_carea' id='block_1_110' title="bbox 2114 4752 3696 4825">
    <p class='ocr_par' dir='ltr' id='par_1_110' title="bbox 2114 4752 3696 4825">
     <span class='ocr_line' id='line_1_110' title="bbox 2114 4752 3696 4825; baseline 0.001 -17"><span class='ocrx_word' id='word_1_825' title='bbox 2114 4754 2326 4809; x_wconf 85' lang='lat' dir='ltr'><strong>habitos</strong></span> <span class='ocrx_word' id='word_1_826' title='bbox 2367 4753 2532 4809; x_wconf 83' lang='lat' dir='ltr'><strong>fuisse</strong></span> <span class='ocrx_word' id='word_1_827' title='bbox 2572 4753 2787 4809; x_wconf 88' lang='lat' dir='ltr'><strong>ineunte</strong></span> <span class='ocrx_word' id='word_1_828' title='bbox 2830 4752 3244 4825; x_wconf 79' lang='lat' dir='ltr'><strong>Quadragesima</strong></span> <span class='ocrx_word' id='word_1_829' title='bbox 3297 4754 3422 4810; x_wconf 82' lang='lat' dir='ltr'><strong>anui</strong></span> <span class='ocrx_word' id='word_1_830' title='bbox 3466 4754 3589 4810; x_wconf 78' lang='lat'><strong>586.</strong></span> <span class='ocrx_word' id='word_1_831' title='bbox 3638 4752 3696 4809; x_wconf 89' lang='lat' dir='ltr'><strong>id</strong></span> 
     </span>
    </p>
   </div>
   <div class='ocr_carea' id='block_1_111' title="bbox 2112 4844 3697 4915">
    <p class='ocr_par' dir='ltr' id='par_1_111' title="bbox 2112 4844 3697 4915">
     <span class='ocr_line' id='line_1_111' title="bbox 2112 4844 3697 4915; baseline -0.002 -14"><span class='ocrx_word' id='word_1_832' title='bbox 2112 4846 2256 4901; x_wconf 89' lang='lat' dir='ltr'><strong>enim</strong></span> <span class='ocrx_word' id='word_1_833' title='bbox 2285 4845 2566 4915; x_wconf 89' lang='lat' dir='ltr'><strong>perspicue</strong></span> <span class='ocrx_word' id='word_1_834' title='bbox 2593 4844 2830 4900; x_wconf 84' lang='lat' dir='ltr'><strong>declarat</strong></span> <span class='ocrx_word' id='word_1_835' title='bbox 2855 4845 3271 4915; x_wconf 72' lang='lat' dir='ltr'><strong>Chrysostomns</strong></span> <span class='ocrx_word' id='word_1_836' title='bbox 3293 4885 3312 4914; x_wconf 91' lang='lat'><strong>,</strong></span> <span class='ocrx_word' id='word_1_837' title='bbox 3346 4859 3467 4900; x_wconf 89' lang='lat' dir='ltr'><strong>cum</strong></span> <span class='ocrx_word' id='word_1_838' title='bbox 3500 4860 3697 4900; x_wconf 91' lang='lat' dir='ltr'><strong>secun-</strong></span> 
     </span>
    </p>
   </div>
   <div class='ocr_carea' id='block_1_112' title="bbox 2112 4934 3697 5006">
    <p class='ocr_par' dir='ltr' id='par_1_112' title="bbox 2112 4934 3697 5006">
     <span class='ocr_line' id='line_1_112' title="bbox 2112 4934 3697 5006; baseline -0.002 -15"><span class='ocrx_word' id='word_1_839' title='bbox 2112 4936 2240 4991; x_wconf 89' lang='lat' dir='ltr'><strong>dum</strong></span> <span class='ocrx_word' id='word_1_840' title='bbox 2271 4950 2573 4990; x_wconf 90' lang='lat' dir='ltr'><strong>sermonem</strong></span> <span class='ocrx_word' id='word_1_841' title='bbox 2596 4934 2679 4989; x_wconf 90' lang='lat' dir='ltr'><strong>his</strong></span> <span class='ocrx_word' id='word_1_842' title='bbox 2703 4935 2878 4991; x_wconf 84' lang='lat' dir='ltr'><strong>verbis</strong></span> <span class='ocrx_word' id='word_1_843' title='bbox 2897 4936 3104 4991; x_wconf 85' lang='lat' dir='ltr'><strong>orditur</strong></span> <span class='ocrx_word' id='word_1_844' title='bbox 3130 4953 3145 4989; x_wconf 87' lang='lat'><strong>:</strong></span> <span class='ocrx_word' id='word_1_845' title='bbox 3175 4935 3441 5006; x_wconf 78' lang='lat' dir='ltr'><strong>Numquid</strong></span> <span class='ocrx_word' id='word_1_846' title='bbox 3464 4936 3697 4989; x_wconf 58' lang='lat' dir='ltr'><strong>memini-</strong></span> 
     </span>
    </p>
   </div>
   <div class='ocr_carea' id='block_1_113' title="bbox 2111 5025 3699 5101">
    <p class='ocr_par' dir='ltr' id='par_1_113' title="bbox 2111 5025 3699 5101">
     <span class='ocr_line' id='line_1_113' title="bbox 2111 5025 3699 5101; baseline -0.001 -17"><span class='ocrx_word' id='word_1_847' title='bbox 2111 5031 2203 5084; x_wconf 80' lang='lat' dir='ltr'><strong>stis</strong></span> <span class='ocrx_word' id='word_1_848' title='bbox 2230 5032 2562 5097; x_wconf 66' lang='lat' dir='ltr'><strong>adorationum</strong></span> <span class='ocrx_word' id='word_1_849' title='bbox 2584 5071 2598 5095; x_wconf 94' lang='lat'><strong>,</strong></span> <span class='ocrx_word' id='word_1_850' title='bbox 2632 5045 2744 5100; x_wconf 73' lang='lat' dir='ltr'><strong>qua:</strong></span> <span class='ocrx_word' id='word_1_851' title='bbox 2769 5046 2927 5101; x_wconf 83' lang='lat' dir='ltr'><strong>nuper</strong></span> <span class='ocrx_word' id='word_1_852' title='bbox 2963 5030 3101 5084; x_wconf 78' lang='lat' dir='ltr'><strong>uobis</strong></span> <span class='ocrx_word' id='word_1_853' title='bbox 3137 5028 3407 5101; x_wconf 68' lang='lat' dir='ltr'><strong>proposita</strong></span> <span class='ocrx_word' id='word_1_854' title='bbox 3439 5038 3557 5083; x_wconf 83' lang='lat' dir='ltr'><strong>sunt</strong></span> <span class='ocrx_word' id='word_1_855' title='bbox 3578 5028 3604 5080; x_wconf 72' lang='lat'><strong>.9</strong></span> <span class='ocrx_word' id='word_1_856' title='bbox 3631 5025 3699 5082; x_wconf 77' lang='lat' dir='ltr'><strong>In</strong></span> 
     </span>
    </p>
   </div>
   <div class='ocr_carea' id='block_1_114' title="bbox 2113 5120 3692 5193">
    <p class='ocr_par' dir='ltr' id='par_1_114' title="bbox 2113 5120 3692 5193">
     <span class='ocr_line' id='line_1_114' title="bbox 2113 5120 3692 5193; baseline 0.001 -19"><span class='ocrx_word' id='word_1_857' title='bbox 2113 5131 2309 5175; x_wconf 84' lang='lat' dir='ltr'><strong>tantam</strong></span> <span class='ocrx_word' id='word_1_858' title='bbox 2334 5122 2468 5175; x_wconf 86' lang='lat' dir='ltr'><strong>enim</strong></span> <span class='ocrx_word' id='word_1_859' title='bbox 2488 5122 2834 5193; x_wconf 83' lang='lat' dir='ltr'><strong>arrogantiam</strong></span> <span class='ocrx_word' id='word_1_860' title='bbox 2861 5130 2909 5175; x_wconf 89' lang='lat' dir='ltr'><strong>et</strong></span> <span class='ocrx_word' id='word_1_861' title='bbox 2950 5122 3219 5175; x_wconf 83' lang='lat' dir='ltr'><strong>audaciam</strong></span> <span class='ocrx_word' id='word_1_862' title='bbox 3243 5138 3335 5175; x_wconf 83' lang='lat' dir='ltr'><strong>nos</strong></span> <span class='ocrx_word' id='word_1_863' title='bbox 3362 5120 3657 5192; x_wconf 68' lang='lat' dir='ltr'><strong>provexiuis</strong></span> <span class='ocrx_word' id='word_1_864' title='bbox 3681 5161 3692 5188; x_wconf 67' lang='grc' dir='ltr'><strong><em>ι</em></strong></span> 
     </span>
    </p>
   </div>
   <div class='ocr_carea' id='block_1_115' title="bbox 2114 5212 3700 5283">
    <p class='ocr_par' dir='ltr' id='par_1_115' title="bbox 2114 5212 3700 5283">
     <span class='ocr_line' id='line_1_115' title="bbox 2114 5212 3700 5283; baseline -0.001 -18"><span class='ocrx_word' id='word_1_865' title='bbox 2114 5222 2171 5265; x_wconf 82' lang='lat' dir='ltr'><strong>ut</strong></span> <span class='ocrx_word' id='word_1_866' title='bbox 2196 5212 2495 5283; x_wconf 69' lang='lat' dir='ltr'><strong>quies-tiones</strong></span> <span class='ocrx_word' id='word_1_867' title='bbox 2520 5212 2770 5281; x_wconf 78' lang='lat' dir='ltr'><strong>intrepide</strong></span> <span class='ocrx_word' id='word_1_868' title='bbox 2786 5213 3142 5283; x_wconf 85' lang='lat' dir='ltr'><strong>aggrediamur</strong></span> <span class='ocrx_word' id='word_1_869' title='bbox 3168 5229 3188 5267; x_wconf 80' lang='lat'><strong>.&#39;</strong></span> <span class='ocrx_word' id='word_1_870' title='bbox 3217 5214 3319 5266; x_wconf 87' lang='lat' dir='ltr'><strong>imo</strong></span> <span class='ocrx_word' id='word_1_871' title='bbox 3344 5227 3434 5266; x_wconf 85' lang='lat' dir='ltr'><strong>nec</strong></span> <span class='ocrx_word' id='word_1_872' title='bbox 3453 5227 3700 5281; x_wconf 83' lang='lat' dir='ltr'><strong>arrogan—</strong></span> 
     </span>
    </p>
   </div>
   <div class='ocr_carea' id='block_1_116' title="bbox 2117 5301 3699 5374">
    <p class='ocr_par' dir='ltr' id='par_1_116' title="bbox 2117 5301 3699 5374">
     <span class='ocr_line' id='line_1_116' title="bbox 2117 5301 3699 5374; baseline -0.001 -18"><span class='ocrx_word' id='word_1_873' title='bbox 2117 5304 2201 5358; x_wconf 77' lang='lat' dir='ltr'><strong>tite</strong></span> <span class='ocrx_word' id='word_1_874' title='bbox 2222 5320 2311 5357; x_wconf 75' lang='lat' dir='ltr'><strong>nec</strong></span> <span class='ocrx_word' id='word_1_875' title='bbox 2336 5304 2563 5358; x_wconf 75' lang='lat' dir='ltr'><strong>audacia:</strong></span> <span class='ocrx_word' id='word_1_876' title='bbox 2585 5304 2638 5356; x_wconf 86' lang='lat' dir='ltr'><strong>id</strong></span> <span class='ocrx_word' id='word_1_877' title='bbox 2667 5304 2865 5374; x_wconf 76' lang='lat' dir='ltr'><strong>facinus</strong></span> <span class='ocrx_word' id='word_1_878' title='bbox 2884 5313 2976 5357; x_wconf 83' lang='lat' dir='ltr'><strong>est.</strong></span> <span class='ocrx_word' id='word_1_879' title='bbox 3001 5301 3124 5357; x_wconf 83' lang='lat' dir='ltr'><strong>Non</strong></span> <span class='ocrx_word' id='word_1_880' title='bbox 3146 5304 3277 5356; x_wconf 84' lang='lat' dir='ltr'><strong>enim</strong></span> <span class='ocrx_word' id='word_1_881' title='bbox 3302 5302 3487 5356; x_wconf 73' lang='lat' dir='ltr'><strong>uiribus</strong></span> <span class='ocrx_word' id='word_1_882' title='bbox 3515 5301 3699 5356; x_wconf 78' lang='lat' dir='ltr'><strong>nostris</strong></span> 
     </span>
    </p>
   </div>
   <div class='ocr_carea' id='block_1_117' title="bbox 2114 5392 3697 5465">
    <p class='ocr_par' dir='ltr' id='par_1_117' title="bbox 2114 5392 3697 5465">
     <span class='ocr_line' id='line_1_117' title="bbox 2114 5392 3697 5465; baseline -0.005 -15"><span class='ocrx_word' id='word_1_883' title='bbox 2114 5395 2420 5465; x_wconf 77' lang='lat' dir='ltr'><strong>conﬁdentes</strong></span> <span class='ocrx_word' id='word_1_884' title='bbox 2444 5437 2458 5460; x_wconf 96' lang='lat'><strong>,</strong></span> <span class='ocrx_word' id='word_1_885' title='bbox 2485 5394 2572 5450; x_wconf 79' lang='lat' dir='ltr'><strong>sed</strong></span> <span class='ocrx_word' id='word_1_886' title='bbox 2622 5395 2901 5449; x_wconf 81' lang='lat' dir='ltr'><strong>antistitum</strong></span> <span class='ocrx_word' id='word_1_887' title='bbox 2940 5393 3168 5464; x_wconf 77' lang='lat' dir='ltr'><strong>precibus</strong></span> <span class='ocrx_word' id='word_1_888' title='bbox 3210 5409 3272 5447; x_wconf 86' lang='lat' dir='ltr'><strong>ac</strong></span> <span class='ocrx_word' id='word_1_889' title='bbox 3313 5393 3489 5448; x_wconf 70' lang='lat' dir='ltr'><strong>reatris</strong></span> <span class='ocrx_word' id='word_1_890' title='bbox 3527 5392 3697 5446; x_wconf 80' lang='lat' dir='ltr'><strong>omnia</strong></span> 
     </span>
    </p>
   </div>
   <div class='ocr_carea' id='block_1_118' title="bbox 2118 5481 3699 5541">
    <p class='ocr_par' dir='ltr' id='par_1_118' title="bbox 2118 5481 3699 5541">
     <span class='ocr_line' id='line_1_118' title="bbox 2118 5481 3699 5541; baseline -0.003 0"><span class='ocrx_word' id='word_1_891' title='bbox 2118 5488 2480 5541; x_wconf 73' lang='lat' dir='ltr'><strong>committentes</strong></span> <span class='ocrx_word' id='word_1_892' title='bbox 2519 5487 2587 5539; x_wconf 87' lang='lat' dir='ltr'><strong>ad</strong></span> <span class='ocrx_word' id='word_1_893' title='bbox 2624 5486 2844 5540; x_wconf 76' lang='lat' dir='ltr'><strong>stadium</strong></span> <span class='ocrx_word' id='word_1_894' title='bbox 2883 5500 2974 5539; x_wconf 79' lang='lat' dir='ltr'><strong>nos</strong></span> <span class='ocrx_word' id='word_1_895' title='bbox 3018 5484 3349 5538; x_wconf 77' lang='lat' dir='ltr'><strong>accinximus.</strong></span> <span class='ocrx_word' id='word_1_896' title='bbox 3402 5481 3501 5537; x_wconf 84' lang='lat' dir='ltr'><strong>Hic</strong></span> <span class='ocrx_word' id='word_1_897' title='bbox 3550 5481 3699 5536; x_wconf 86' lang='lat' dir='ltr'><strong>clare</strong></span> 
     </span>
    </p>
   </div>
   <div class='ocr_carea' id='block_1_119' title="bbox 2116 5575 3697 5652">
    <p class='ocr_par' dir='ltr' id='par_1_119' title="bbox 2116 5575 3697 5652">
     <span class='ocr_line' id='line_1_119' title="bbox 2116 5575 3697 5652; baseline -0.002 -20"><span class='ocrx_word' id='word_1_898' title='bbox 2116 5580 2264 5635; x_wconf 79' lang='lat' dir='ltr'><strong>vides</strong></span> <span class='ocrx_word' id='word_1_899' title='bbox 2289 5579 2727 5652; x_wconf 85' lang='lat' dir='ltr'><strong>Chrysostomum</strong></span> <span class='ocrx_word' id='word_1_900' title='bbox 2763 5576 2831 5632; x_wconf 87' lang='lat' dir='ltr'><strong>ad</strong></span> <span class='ocrx_word' id='word_1_901' title='bbox 2870 5576 3100 5633; x_wconf 85' lang='lat' dir='ltr'><strong>stadium</strong></span> <span class='ocrx_word' id='word_1_902' title='bbox 3129 5590 3190 5632; x_wconf 85' lang='lat' dir='ltr'><strong>se</strong></span> <span class='ocrx_word' id='word_1_903' title='bbox 3210 5575 3575 5646; x_wconf 75' lang='lat' dir='ltr'><strong>accingentem</strong></span> <span class='ocrx_word' id='word_1_904' title='bbox 3599 5614 3617 5641; x_wconf 90' lang='lat'><strong>,</strong></span> <span class='ocrx_word' id='word_1_905' title='bbox 3643 5582 3697 5629; x_wconf 88' lang='lat' dir='ltr'><strong>et</strong></span> 
     </span>
    </p>
   </div>
   <div class='ocr_carea' id='block_1_120' title="bbox 2119 5667 3697 5746">
    <p class='ocr_par' dir='ltr' id='par_1_120' title="bbox 2119 5667 3697 5746">
     <span class='ocr_line' id='line_1_120' title="bbox 2119 5667 3697 5746; baseline -0.001 -18"><span class='ocrx_word' id='word_1_906' title='bbox 2119 5670 2542 5746; x_wconf 73' lang='lat' dir='ltr'><strong>Quadragcsimm</strong></span> <span class='ocrx_word' id='word_1_907' title='bbox 2584 5684 2859 5727; x_wconf 82' lang='lat' dir='ltr'><strong>sermones</strong></span> <span class='ocrx_word' id='word_1_908' title='bbox 2902 5670 3128 5743; x_wconf 88' lang='lat' dir='ltr'><strong>primum</strong></span> <span class='ocrx_word' id='word_1_909' title='bbox 3175 5667 3486 5737; x_wconf 74' lang='lat' dir='ltr'><strong>ineuntem,</strong></span> <span class='ocrx_word' id='word_1_910' title='bbox 3532 5677 3697 5740; x_wconf 74' lang='lat' dir='ltr'><strong>seque</strong></span> 
     </span>
    </p>
   </div>
  </div>
