4110 6148
285 274 371 333 l0!

284 409 409 465 pene
429 390 667 447 audacia:
697 391 1026 447 incusantem
1054 391 1194 462 quod
1231 406 1345 447 rem
1376 400 1575 446 tantam
1605 392 1859 462 aggrede-

283 496 458 542 retur:
486 493 609 551 quae
636 493 785 539 certe
826 483 1005 537 omnia
1044 482 1545 554 Quadragesimales
1586 497 1862 539 sermones

280 578 438 648 prima
478 576 600 630 vice
647 575 986 643 incipientem
1024 573 1280 630 indicant.
1323 573 1439 629 Non
1479 575 1621 630 enim
1652 590 1713 630 ea
1737 590 1862 629 usus

280 681 353 726 est
376 666 622 723 ordiendi
662 668 870 723 ratione
902 680 1043 721 anno
1085 666 1399 736 insequente
1423 665 1546 732 587,
1579 680 1703 721 cum
1731 665 1860 721 Ser-

283 772 456 816 mones
483 760 553 814 de
589 758 794 814 Statuis
824 774 919 828 per
943 768 1107 813 totam
1145 757 1612 829 Quadragesimam
1653 758 1858 813 habuit.

284 853 449 922 itaque
477 849 535 904 bi
563 862 849 905 sermones
878 850 994 905 sine
1035 849 1197 905 dubio
1243 850 1514 921 pertinent
1552 849 1619 905 ad
1661 866 1860 906 annum

279 944 372 999 586
395 986 410 1010 ,
441 950 561 1014 quo
580 943 801 998 ineunte
827 943 1106 1014 presbyter
1128 942 1403 998 ordinatus
1440 941 1611 998 fuerat
1624 946 1647 1009 ‘,
1678 951 1733 998 et
1758 958 1859 998 an-

278 1036 351 1089 nis
376 1035 567 1090 saltem
596 1033 807 1090 duobus
834 1043 959 1089 ante
987 1048 1145 1105 quam
1174 1032 1431 1090 Homiiias
1470 1034 1538 1090 67
1586 1034 1638 1088 in
1680 1033 1858 1090 Gene-

276 1127 369 1182 sim
394 1168 407 1189 ,
437 1140 561 1196 qua:
588 1126 643 1180 in
669 1125 865 1181 eodem
895 1118 1064 1180 'l'omo
1095 1125 1404 1196 praecedunt
1424 1167 1439 1191 ,
1470 1125 1728 1193 haberet,
1761 1124 1861 1181 hos

268 1230 543 1272 sermones
570 1216 786 1273 dixerat
808 1235 824 1282 ;
845 1216 933 1271 ubi
955 1215 1180 1286 plurima
1206 1216 1402 1287 passim
1424 1216 1817 1273 animadvertas
1838 1258 1857 1286 ,

274 1322 384 1377 quae
414 1306 605 1363 iisdem
636 1320 785 1378 sazpe
809 1307 987 1363 verbis
1017 1308 1069 1362 in
1098 1307 1335 1364 homiliis
1356 1306 1463 1364 illis
1484 1308 1855 1363 observantur.

339 1399 394 1453 in
415 1397 504 1454 his
522 1399 876 1456 concionlbus
893 1441 907 1465 ,
933 1398 1143 1455 etiamsi
1170 1400 1312 1456 inter
1332 1399 1531 1470 primas
1549 1413 1680 1470 quas
1699 1398 1862 1471 Chry-

273 1497 538 1545 sostomus
574 1489 768 1545 habuit
794 1497 1161 1546 ‘numerentur
1184 1532 1201 1558 ,
1248 1504 1355 1545 non
1404 1491 1565 1547 modo
1602 1492 1858 1561 eloquen-

266 1583 393 1636 tiam
417 1622 435 1645 ,
465 1581 767 1636 ubertatem
794 1582 847 1636 in
877 1580 1105 1637 dicendo
1128 1622 1146 1649 ,
1190 1582 1414 1638 nitidum
1457 1596 1625 1654 genus
1667 1582 1859 1640 verbo-

269 1688 382 1728 rum
409 1714 426 1739 ,
471 1679 528 1728 et
568 1673 892 1728 inventionis
931 1674 1236 1730 felicitatem
1277 1674 1599 1741 admireris,
1644 1691 1763 1747 quae
1804 1676 1858 1732 in

268 1764 477 1820 caeteris
515 1764 765 1819 omnibus
809 1764 925 1833 ejus
954 1764 1208 1834 operibus
1251 1765 1482 1831 elucent,
1523 1765 1613 1821 ubi
1660 1766 1857 1837 stylum

267 1871 479 1924 semper
499 1855 745 1910 videmus
765 1855 1009 1925 populari
1033 1855 1331 1912 assensioni
1353 1856 1813 1913 accommodatum
1838 1873 1854 1925 ;

260 1948 353 2003 sed
382 1948 550 2002 etiam
593 1947 987 2002 animadvertas
1010 1958 1267 2018 quantum
1297 1949 1363 2004 ad
1391 1958 1856 2020 extemporaueam

267 2039 711 2094 declamationem
743 2054 956 2109 semper
975 2048 1313 2109 comparatus
1342 2040 1500 2096 fuerit
1527 2050 1705 2097 tantus
1729 2041 1858 2096 arti-

265 2133 342 2187 fex
369 2174 385 2199 ,
412 2141 471 2186 et
493 2147 653 2202 quam
680 2131 747 2186 ad
775 2147 862 2186 res
882 2133 1223 2202 quantumvis
1245 2133 1544 2203 inepinatas
1570 2135 1706 2205 stylo
1730 2148 1857 2205 pcr-

263 2222 568 2291 sequendas
600 2232 796 2291 praesto
825 2223 999 2279 fuerit.
1033 2223 1145 2279 Hoc
1177 2240 1282 2279 uno
1322 2239 1434 2280 rem
1465 2226 1708 2296 exentplo
1737 2241 1857 2296 per-

261 2317 454 2386 cipias.
482 2316 543 2371 in
585 2316 847 2372 Sermone
874 2325 1068 2388 quarto
1106 2333 1254 2373 num.
1294 2318 1328 2372 5
1352 2361 1367 2385 ,
1412 2333 1533 2373 cum
1569 2318 1857 2375 accedente

263 2419 425 2463 nocte
475 2408 710 2463 lucerna:
772 2408 1018 2464 ecclesiae
1077 2409 1535 2478 accenderentur,
1586 2410 1856 2467 auditores

259 2498 470 2554 aversis
495 2513 525 2552 a
548 2499 929 2554 concionatore
950 2499 1118 2555 oculis
1141 2541 1157 2566 ,
1179 2499 1245 2554 ad
1270 2500 1517 2555 lucernas
1543 2515 1601 2556 se
1621 2515 1853 2557 conver-

262 2601 378 2646 tunt
415 2610 432 2645 :
471 2592 599 2647 hinc
643 2593 733 2647 ille
778 2592 956 2647 statim
987 2608 1171 2649 eorum
1213 2594 1510 2649 socordiam
1555 2595 1768 2665 carpit,
1801 2604 1857 2652 et

259 2684 428 2738 multa
459 2682 603 2738 haud
634 2683 797 2739 dubie
839 2684 1129 2754 imparatus
1156 2726 1170 2752 ,
1203 2683 1331 2740 dicit
1365 2687 1621 2756 praeclare
1643 2729 1660 2755 ,
1709 2701 1772 2743 ac
1809 2687 1855 2743 si

258 2790 370 2830 rem
402 2774 694 2830 meditatus
721 2777 1076 2844 accessisset,
1101 2776 1190 2847 qui
1219 2785 1392 2834 tamen
1420 2778 1537 2834 bzcc
1563 2779 1858 2851 praevidere

259 2869 411 2924 nullo
442 2867 607 2923 modo
638 2876 900 2939 potuerat.

326 2959 568 3014 Humilia
609 2959 664 3013 in
707 2958 768 3014 S.
820 2954 1190 3015 Meletittm.—
1216 2961 1329 3018 Hoc
1368 2962 1579 3019 circiter
1617 2970 1857 3035 tempore

259 3051 546 3107 humilium
576 3052 712 3107 dixit
738 3053 789 3107 in
818 3053 873 3109 S.
901 3053 1172 3111 Meletium
1200 3099 1215 3122 ,
1247 3070 1279 3109 a‘
1311 3072 1416 3126 quo
1457 3057 1571 3128 ipse
1609 3058 1778 3114 lector
1804 3068 1859 3115 ct

255 3154 453 3214 postea
475 3144 738 3200 diaconus
760 3145 1037 3202 ordinatus
1065 3146 1255 3202 fuerat.
1282 3144 1516 3218 Tempus
1546 3149 1659 3218 ipse
1681 3146 1855 3221 Chry-

252 3246 534 3290 sostomus
555 3236 607 3289 in
630 3226 885 3291 concione
909 3236 1112 3307 profert
1135 3253 1255 3292 eum
1277 3239 1407 3294 dicit
1438 3257 1453 3294 :
1484 3233 1700 3305 Quintus
1723 3242 1858 3295 enim

250 3344 431 3382 enim:
447 3329 563 3398 jam
601 3329 876 3398 prmteriit,
922 3346 984 3384 ex
1019 3346 1117 3401 quo
1155 3330 1244 3384 ille
1277 3330 1512 3401 migravit
1551 3330 1620 3383 ad
1657 3332 1856 3387 Jesum.

248 3418 407 3474 Obiit
443 3428 624 3474 autem
672 3419 917 3475 Meletius
945 3420 1443 3490 Constantinopoli,
1476 3416 1568 3475 illo
1604 3432 1858 3478 evocatus

249 3512 318 3566 ab
364 3512 709 3581 imperatore
756 3527 896 3565 anno
940 3512 1039 3567 581
1089 3514 1228 3567 circa
1274 3511 1433 3567 tinem
1473 3512 1671 3568 mensis
1714 3508 1856 3568 Maii.

244 3604 631 3671 Quamobrem
677 3611 799 3672 post
841 3618 1084 3658 mensem
1133 3602 1327 3657 Maium
1366 3603 1493 3657 anni
1527 3603 1632 3659 586
1679 3602 1859 3659 habita

250 3693 426 3749 fuerit
467 3692 585 3749 haec
621 3693 875 3759 homllia,
902 3704 1025 3750 ante
1046 3707 1261 3765 capsa‘m
1309 3693 1671 3766 Reliqularum
1718 3696 1861 3766 ejus-

249 3786 379 3841 dem
411 3787 607 3840 sancti.
657 3784 773 3840 Non
804 3787 854 3840 iu
881 3787 1241 3841 anniversaria
1268 3787 1444 3843 obitus
1483 3787 1569 3843 die
1609 3805 1626 3845 :
1689 3798 1863 3858 neque

246 3878 405 3933 enim
434 3870 661 3932 dixisset
700 3876 1113 3950 Chrysostomus
1147 3879 1257 3947 jam
1304 3880 1626 3949 prmteriisse
1663 3895 1860 3935 annum

249 3972 509 4040 quintum
531 3970 655 4024 :scd
671 3969 912 4025 fortassis
930 3971 984 4024 in
1006 3970 1092 4026 dic
1118 3971 1480 4026 translationis
1499 3970 1862 4042 Reliquiarum

249 4067 375 4131 ejus
420 4062 762 4118 Antiochiam
789 4105 805 4132 ,
834 4079 953 4134 quae
994 4064 1230 4120 incidere
1269 4064 1479 4120 videtur
1515 4065 1568 4119 in
1611 4063 1865 4120 duodeci-

251 4168 409 4210 mam
458 4154 782 4220 Februarii,
825 4170 929 4228 qua
976 4155 1062 4212 die
1108 4155 1484 4227 lliartyrologia
1521 4156 1766 4212 Graecum
1809 4163 1866 4211 et

248 4246 573 4303 Romanum
621 4249 739 4312 eius
782 4248 977 4304 festum
1018 4251 1354 4305 annuntiant.
1402 4252 1502 4318 Qui
1542 4252 1781 4308 calculus
1818 4253 1865 4307 si

250 4348 363 4396 stet
391 4380 411 4405 ,
436 4347 494 4395 ct
525 4340 569 4394 si
611 4339 988 4412 Martyrologia
1029 4341 1170 4397 diem
1217 4344 1576 4400 translationis
1619 4353 1866 4400 accurate

251 4441 497 4500 notent,
530 4432 672 4503 quod
707 4442 883 4488 tamen
921 4444 1074 4489 Sectis
1114 4450 1219 4490 non
1260 4450 1383 4490 raro
1425 4436 1723 4507 contingit,
1751 4434 1866 4492 haec

249 4526 458 4580 concio
486 4524 666 4579 habita
700 4523 856 4579 fuerit
876 4522 1197 4580 duodecima
1239 4525 1514 4583 Februarii
1556 4527 1682 4582 anni
1720 4528 1824 4583 587
1848 4568 1864 4592 ,

254 4628 387 4689 post
411 4632 586 4673 annos
611 4617 846 4689 quinque
870 4625 925 4672 et
952 4627 1074 4672 octo
1111 4634 1233 4673 cum
1273 4618 1494 4673 dimidio
1531 4635 1765 4675 menses.
1796 4619 1869 4676 Ut

253 4718 316 4762 ut
346 4723 441 4764 res
469 4717 592 4773 est,
639 4717 848 4762 certum
892 4708 1113 4763 omnino
1157 4707 1370 4764 videtur
1408 4709 1547 4765 hanc
1592 4709 1866 4765 homiliam

256 4798 670 4867 pronuntiatam
726 4798 930 4865 fuisse,
976 4800 1061 4854 vel
1117 4808 1260 4854 anno
1310 4797 1415 4855 586
1460 4808 1579 4869 post
1627 4816 1867 4856 mensem

253 4893 460 4948 Maium
492 4934 509 4959 ,
540 4893 625 4947 vel
656 4896 873 4946 ineunte
904 4902 1046 4947 anno
1085 4890 1210 4947 587.
1250 4891 1518 4948 Meletium
1553 4906 1683 4947 vero
1722 4901 1869 4949 tanto

252 5000 453 5040 amore
483 4984 950 5055 prosequebantur
976 4984 1294 5040 Antiochcni
1319 5025 1336 5053 ,
1385 4992 1528 5039 tanta
1567 4984 1706 5056 apud
1749 4985 1870 5042 illos

251 5086 383 5134 crat
408 5077 530 5148 ejus
557 5076 792 5131 nominis
816 5074 957 5131 fama
982 5118 997 5143 ,
1025 5084 1086 5131 ut
1113 5092 1299 5132 omnes
1326 5076 1438 5137 fere
1469 5076 1591 5132 filiis
1621 5078 1733 5133 suis
1762 5077 1870 5132 Me-

250 5168 380 5225 letii
415 5182 617 5231 nomen
646 5168 1024 5239 impenerent,
1071 5176 1126 5223 et
1163 5164 1305 5223 illius
1347 5168 1632 5240 imaginem
1675 5169 1870 5239 ubique

251 5264 594 5335 pingerent,
651 5261 1128 5332 imprimerentque
1178 5260 1232 5316 in
1280 5261 1532 5329 auuulis,
1586 5261 1773 5332 sigillis
1815 5271 1871 5317 et

254 5354 467 5425 phialis
491 5395 507 5414 .
538 5354 812 5408 referente
834 5353 1242 5425 Chrysostomo.

332 5445 727 5502 Concionatori
752 5453 899 5500 tutuo
920 5431 1213 5500 innumera:
1233 5460 1351 5501 sese
1371 5443 1663 5500 oll'crcbunt
1683 5444 1868 5499 orandi
1900 5477 1908 5485 -

252 5547 310 5593 et
370 5535 635 5608 arguendi
684 5550 862 5592 causae
906 5545 961 5592 et
996 5536 1307 5592 occasiones
1350 5553 1363 5591 :
1417 5534 1870 5591 Antiochcnorum

253 5630 563 5685 multorum
591 5627 840 5683 dissnluti
875 5643 1053 5684 mores
1075 5669 1092 5696 ,
1132 5638 1185 5683 et
1222 5627 1475 5683 clTrenata
1520 5626 1870 5697 quorumdam

253 5720 320 5777 in
354 5719 635 5790 peccando
661 5719 875 5777 licentia
903 5762 917 5787 ,
945 5735 1103 5790 quam
1128 5720 1179 5775 in
1211 5719 1346 5789 scric
1387 5720 1724 5777 homiliarum
1765 5718 1867 5777 frc~

1430 288 1437 293 “
1458 281 1643 339 NUNC
1681 280 1943 337 PRIMUM
1985 283 2383 343 ADORNATA;

3452 292 3554 348 102

1972 405 2200 463 quenter
2227 396 2410 465 impeti
2440 395 2780 454 videbimus:
2810 398 3183 456 haereticorum
3220 402 3350 458 varii
3392 418 3554 474 gene-

1966 484 2042 539 ris
2067 525 2083 551 ,
2111 485 2449 557 maximeque
2477 489 2867 545 Anomoeorum
2891 532 2908 557 ,
2945 491 3234 561 depravata
3268 493 3512 551 doctrina
3533 537 3554 565 ,

1965 575 2054 644 qui
2082 576 2319 646 quotidie
2340 587 2526 633 contra
2548 579 2854 637 Catholicos
2876 581 3319 650 veliﬁcabantur;
3347 583 3557 640 Judaeu-

1966 682 2084 721 rum
2112 683 2326 740 quoque
2351 672 2546 727 Christi
2574 674 2912 731 inimicorum
2937 691 3100 733 ausus
3126 719 3142 743 ,
3176 693 3310 748 quos
3336 680 3389 734 in
3418 695 3554 750 qua-

1965 757 2087 814 dam
2115 760 2302 816 saltem
2332 762 2527 818 rituum
2546 775 2695 834 parte
2717 768 3056 824 sectabantur
3075 769 3275 840 aliquot
3294 763 3558 827 Christia-

1965 849 2040 904 ni.
2071 850 2139 905 Et
2173 852 2465 909 Anomoeos
2504 857 2718 925 quidem
2756 856 3034 914 adoriendi
3071 861 3401 931 propositum
3442 862 3554 932 jam

1965 941 2170 1010 pridem
2193 954 2535 1014 susceperat,
2561 955 2723 1018 atque
2746 948 2798 1002 in
2821 948 3007 1018 primis
3025 951 3137 1006 suis
3156 951 3388 1009 homiliis
3408 953 3556 1023 ipsos

1965 1035 2225 1105 impetere
2248 1049 2404 1094 orsus
2429 1046 2609 1105 esset;
2641 1040 2736 1096 sed
2758 1055 2883 1097 cum
2902 1042 3109 1098 videret
3136 1044 3257 1100 illos
3284 1046 3555 1101 concinni-

1966 1126 2066 1183 bus
2093 1129 2352 1185 interesse
2376 1131 2487 1186 suis
2507 1172 2524 1198 ,
2554 1141 2609 1187 ct
2633 1146 2751 1189 cum
2781 1134 3055 1204 voluptate
3079 1150 3237 1192 aures
3275 1136 3374 1193 sibi
3413 1153 3554 1208 prte-

1962 1217 2094 1274 bere
2116 1261 2133 1286 ,
2164 1236 2227 1275 ne
2247 1221 2474 1291 praedam
2502 1223 2724 1295 abigeret
2744 1263 2763 1290 ,
2795 1225 2966 1295 inquit
3008 1225 3119 1294 ille,
3150 1237 3310 1298 utque
3340 1228 3552 1284 illorum

1965 1310 2170 1364 animas
2196 1311 2427 1367 irretiret
2446 1354 2461 1380 ,
2496 1313 2725 1385 linguam
2753 1316 2821 1371 ab
2844 1315 3148 1388 hujusmodl
3172 1321 3554 1377 certaminibus

1963 1400 2289 1470 aliquamdiu
2313 1402 2571 1459 coercuit.

2035 1492 2236 1564 Coepta:
2263 1504 2443 1551 autem
2470 1508 2594 1552 sunt
2615 1498 2902 1555 conciones
2929 1499 3037 1555 illa:
3056 1510 3241 1556 contra
3262 1501 3554 1558 Anommos

1963 1594 2052 1637 aut
2080 1594 2321 1640 vertente
2358 1586 2501 1642 .lulio
2535 1588 2659 1642 anni
2699 1589 2806 1647 586
2830 1630 2846 1656 ,
2889 1597 2981 1645 aut
3018 1590 3235 1648 ineunte
3273 1594 3550 1663 Augusto:

1963 1674 2055 1745 qui
2093 1676 2330 1731 calculus
2372 1687 2618 1735 constare
2659 1679 3076 1752 deprehenditur
3106 1696 3173 1738 ex
3210 1682 3274 1737 iis
3323 1698 3443 1753 quae
3484 1683 3555 1739 de

1964 1766 2137 1836 prima
2187 1777 2373 1825 contra
2416 1769 2632 1827 Judmos
2685 1771 2905 1829 bomiiia
2951 1773 3201 1831 dicuntur
3246 1775 3303 1830 in
3336 1775 3556 1832 ‘Monito

1964 1857 1985 1929 (
2015 1856 2141 1914 Vide
2166 1860 2219 1914 in
2245 1859 2445 1916 Muttito
2491 1871 2529 1917 t.
2559 1863 2612 1917 1.
2646 1876 2691 1914 c.
2717 1858 3062 1934 857—844)
3097 1865 3165 1920 ad
3205 1866 3323 1921 illas
3366 1877 3552 1924 contra

1963 1949 2178 2007 Iudaeos
2226 1951 2509 2019 homilias,
2564 1952 2653 2010 ubi
2689 1969 2756 2009 ex
2793 1954 2925 2025 ipsis
2961 1953 3334 2027 Chrysostomi
3373 1958 3554 2013 verbis

1962 2043 2202 2113 arguitur
2230 2044 2454 2113 primam
2479 2044 2713 2101 habitam
2742 2045 2908 2102 fuisse
2931 2061 3117 2103 mense
3142 2050 3381 2118 Augusto
3410 2048 3554 2118 ejus-

1963 2131 2086 2188 dem
2115 2135 2239 2189 anni
2269 2135 2397 2191 586.

2033 2222 2312 2282 Concionea
2352 2236 2530 2282 contra
2572 2227 2862 2285 Anomaeos.
2904 2258 2979 2271 —-
3017 2228 3134 2284 Non
3174 2244 3280 2285 una
3320 2229 3460 2285 serie
3498 2237 3557 2286 et

1962 2316 2303 2374 continenter
2324 2318 2482 2375 dictae
2510 2319 2725 2376 fuerunt
2749 2321 3035 2377 conciones
3059 2320 3174 2376 ista:
3195 2330 3380 2377 contra
3410 2323 3556 2376 Ano-

1962 2422 2172 2475 mceos;
2222 2409 2318 2464 sed
2351 2410 2558 2465 illarum
2597 2426 2789 2467 cursus
2834 2412 3163 2481 interceptus
3204 2422 3285 2468 est
3324 2413 3425 2468 sub
3466 2412 3552 2467 iu-

1962 2500 2138 2567 itium,
2166 2502 2379 2573 quando
2406 2503 2684 2574 ingruente
2724 2518 2851 2560 casu
2889 2514 3075 2558 contra
3115 2502 3330 2559 Iudaeos
3371 2504 3553 2559 disce-

1962 2593 2220 2664 ptandum
2242 2593 2360 2649 fuit.
2386 2594 2585 2651 Deinde
2609 2609 2736 2650 vero
2766 2604 2951 2651 contra
2978 2597 3270 2651 Anomueos
3289 2604 3344 2651 et
3369 2606 3553 2650 contra

1961 2688 2179 2746 Iudaeos
2198 2687 2418 2743 alternis
2440 2687 2641 2743 vicibus
2660 2697 3022 2743 coucertatum
3045 2696 3149 2744 est.
3180 2689 3248 2741 At
3270 2686 3418 2744 vices
3438 2688 3556 2744 illas

1963 2777 2138 2835 metiri
2172 2794 2276 2833 non
2303 2792 2584 2849 possumus
2608 2779 2904 2834 intervallis
2928 2778 3246 2850 mqualibus.

2032 2869 2092 2927 in
2118 2871 2284 2943 prima
2316 2872 2500 2942 itaque.
2528 2879 2714 2926 contra
2752 2871 3046 2926 Anomoeus
3086 2871 3343 2926 concione
3365 2910 3382 2937 ,
3405 2877 3557 2940 post-

1963 2974 2123 3034 quam
2153 2946 2388 3027 dixerat,
2413 2970 2472 3015 ut
2496 2960 2746 3027 vidimus,
2775 2975 2878 3031 qua
2904 2960 2972 3015 de
2999 2970 3157 3016 cauSa
3190 2960 3397 3031 pridem
3427 2976 3553 3016 sus-

1962 3065 2174 3124 ceptum
2214 3052 2494 3109 consilium
2526 3052 2647 3109 illos
2694 3051 3039 3122 impugnandi
3076 3052 3221 3107 aliud
3253 3054 3307 3108 in
3344 3060 3556 3123 tempus

1967 3143 2384 3210 transmisisset,
2426 3152 2617 3213 nempe
2640 3182 2658 3210 ,
2687 3151 2746 3197 ut
2768 3142 3043 3197 auditores
3067 3141 3156 3212 qui
3182 3142 3284 3196 sibi
3309 3140 3553 3198 benevoli

1965 3234 2282 3292 videbantur
2304 3277 2320 3304 ,
2351 3235 2587 3291 irretiret
2611 3253 2623 3288 :
2654 3235 2868 3290 demum
2893 3232 3224 3288 hortantibus
3250 3230 3379 3303 ipsis
3408 3232 3559 3287 Ama

1965 3327 2122 3382 moeis
2159 3335 2217 3381 ut
2263 3327 2315 3380 in
2362 3340 2580 3380 arenam
2625 3322 3015 3389 descenderet,
3072 3322 3285 3377 illorum
3340 3335 3555 3378 errores

1966 3420 2224 3488 impetere
2266 3432 2421 3473 orsus
2464 3425 2585 3482 est,
2635 3416 2809 3470 amico
2853 3425 3029 3469 tamen
3072 3414 3293 3481 animo,
3337 3428 3444 3468 non
3495 3422 3556 3469 ut

1967 3511 2303 3567 adversarios
2334 3509 2552 3573 feriret,
2582 3506 2673 3563 sed
2704 3515 2760 3561 ut
2778 3505 3018 3577 iacentes
3043 3505 3293 3577 erigeret.

2038 3601 2342 3657 Secundam
2369 3609 2556 3655 contra
2595 3600 2888 3654 Anomteos
2929 3596 3202 3651 homiliam
3240 3595 3556 3666 interposito

1969 3694 2318 3765 plurimorum
2347 3693 2555 3748 dierum
2588 3692 2771 3762 spatio
2806 3689 3186 3761 pronuntiavit.
3228 3687 3387 3744 Multa
3410 3688 3554 3744 enim

1966 3791 2407 3862 Chrysostomum
2431 3804 2461 3842 a
2488 3787 2765 3843 destinato
2779 3800 2937 3841 cursu
2962 3783 3405 3854 interpellarunt;
3428 3797 3561 3839 con-

1938 3890 2047 3939 ἐπι
2076 3884 2290 3939 Ιυύωος
2321 3896 2512 3952 nempe
2535 3881 2715 3936 habita
2735 3922 2752 3949 ,
2780 3895 2949 3950 eaque
2975 3878 3260 3934 admodum
3305 3889 3560 3935 necessa-

1969 3976 2045 4033 ria
2073 4019 2086 4043 ,
2116 3977 2444 4032 concertatio
2468 4019 2484 4042 ,
2515 3974 2584 4030 de
2621 3988 2724 4045 qua
2749 4014 2764 4038 ,
2796 3972 2880 4027 his
2915 3982 3100 4029 contra
3149 3973 3438 4026 Anomteos
3473 3985 3559 4025 re-

1971 4067 2190 4125 censitis
2212 4109 2227 4132 ,
2253 4067 2492 4145 pluribus
2518 4079 2776 4136 agemus;
2806 4065 3024 4119 Patrum
3060 4061 3410 4135 quorumdam
3451 4062 3560 4133 api-

1970 4154 2233 4215 ritnatium
2255 4161 2272 4231 (
2298 4161 2378 4215 sic
2404 4159 2496 4215 ille
2516 4157 2535 4230 )
2558 4159 2800 4213 adventus
2822 4198 2839 4226 ,
2865 4157 2933 4213 de
2961 4158 3154 4228 quibus
3173 4170 3272 4211 suo
3293 4156 3410 4210 loco
3437 4168 3560 4210 nar-

1970 4253 2195 4309 rabitur.
2228 4252 2448 4308 Demum
2478 4251 2581 4305 illis
2604 4251 2669 4305 ad
2715 4251 2831 4305 loca
2870 4260 2963 4305 sua
3012 4249 3241 4305 reversis
3265 4289 3280 4313 ,
3312 4257 3556 4304 sanctum

1973 4358 2271 4416 praeconem
2300 4356 2558 4412 excepere
2587 4340 2859 4396 memori-.e
2881 4349 3173 4410 martyrum
3214 4337 3556 4408 frequentes;

1971 4437 2164 4508 quibus
2190 4436 2473 4492 celebratis
2503 4435 2860 4489 intermissam
2891 4441 3075 4489 contra
3106 4433 3397 4491 Anomoeos
3423 4444 3556 4488 con-

1973 4529 2321 4584 certationem
2353 4526 2587 4598 repetiit.

2045 4620 2099 4675 lu
2132 4620 2286 4675 tertia
2308 4618 2448 4674 idem
2471 4623 2839 4687 argumentum
2865 4613 2928 4668 de
2951 4610 3560 4685 lucomprehemibiiilule

1974 4709 2070 4766 Dei
2098 4721 2283 4766 contra
2315 4708 2646 4765 adversarios
2685 4706 3040 4776 prosequitur.
3079 4704 3190 4762 Sub
3228 4704 3390 4760 linem
3432 4719 3563 4760 vero

1958 4803 2031 4857 'in
2075 4800 2345 4856 auditores
2391 4798 2653 4854 acerrime
2697 4795 3004 4863 invehitur,
3055 4794 3199 4867 quod
3260 4795 3560 4864 concione,

1975 4908 2133 4963 quam
2167 4891 2393 4946 libenter
2417 4888 2702 4944 audiebant
2723 4926 2741 4953 ,
2773 4888 2947 4943 soluta
2971 4929 2988 4951 ,
3016 4900 3137 4943 sese
3161 4886 3337 4942 statim
3364 4886 3564 4942 subdu-

1976 4991 2163 5039 cerent
2184 5024 2199 5049 ,
2232 4990 2287 5038 et
2318 4976 2484 5036 sacris
2526 4979 2830 5053 mysteriis,
2879 4993 2998 5051 quae
3037 4978 3292 5036 continuo
3325 4978 3567 5034 celebra—

1976 5073 2171 5130 bantur
2192 5115 2208 5141 ,
2237 5088 2341 5129 non
2370 5071 2711 5129 interessent.

2050 5168 2106 5224 in
2136 5175 2324 5238 quarta
2347 5207 2361 5233 ,
2396 5174 2514 5236 post
2537 5164 2722 5220 solitas
2755 5173 2940 5218 contra
2986 5161 3268 5218 htcreticos
3308 5161 3567 5217 velitatio-

1978 5275 2074 5315 nes
2100 5300 2116 5323 .
2165 5258 2325 5314 εωιυί
2366 5257 2698 5328 gratulatur,
2743 5253 2886 5324 quod
2934 5254 3149 5309 monitis
3203 5253 3317 5309 suis
3358 5268 3565 5308 morem

1979 5350 2243 5422 gesserit,
2273 5362 2599 5421 pravumque
2637 5355 2761 5401 aute
2799 5360 2951 5399 sacra
2993 5344 3244 5417 mysteria
3279 5344 3565 5400 recedendi

1980 5441 2418 5497 consuetudinem
2446 5438 2702 5508 abiecerit
2727 5454 2739 5490 :
2770 5436 2913 5492 dolet
2942 5445 3119 5492 tamen
3144 5477 3160 5503 ,
3188 5435 3329 5507 quod
3356 5451 3563 5490 marsuc

1981 5534 2189 5605 piorum
2224 5541 2460 5587 sectores
2503 5528 2714 5601 quidam
2757 5526 3071 5583 concionem
3109 5526 3524 5581 interturbarcnt
3552 5566 3566 5586 ,

1982 5636 2269 5698 monetque
2297 5640 2364 5681 ne
2389 5639 2576 5679 aurum
2617 5629 2964 5694 argentumve
3001 5619 3056 5674 in
3091 5617 3374 5688 marsupiis
3417 5619 3564 5674 defc-

1954 5708 1955 5711 “
1986 5728 2104 5777 rant
2126 5759 2142 5789 ,
2171 5718 2215 5774 sl
2246 5717 2405 5773 velint
2434 5716 2590 5772 talem
2622 5723 2827 5786 pestem
2859 5711 3092 5781 abigere.
