4110 6148
286 373 388 432 105

280 498 561 555 cessitatem
590 494 896 549 trahentium
931 493 1106 562 fuisse.
1135 488 1415 560 Postquam
1451 487 1541 543 diu
1570 487 1880 552 multumque

280 593 522 661 loquutus
545 589 779 641 animum
805 585 919 657 ejus
941 584 1004 638 ab
1025 598 1197 637 errore
1223 580 1477 652 Opinionis
1504 576 1729 646 liberavi,
1755 593 1881 632 cau-

279 698 392 738 sam
431 679 715 734 sciscitatus
743 693 877 743 sum,
906 693 997 730 cur
1033 673 1243 729 ecclesia
1282 674 1460 728 relicta
1488 671 1557 725 ad
1580 669 1882 725 Judworum

280 773 496 844 collegia
518 769 666 825 illam
689 769 922 824 traxerit.
951 767 1018 821 At
1041 767 1130 822 ille
1154 765 1340 821 multos
1358 765 1453 820 sibi
1475 763 1666 818 dixisse
1683 762 1881 832 inquie-

283 869 386 934 bat,
402 863 798 937 jusjurandum,
821 861 958 935 quod
977 861 1045 916 ibi
1070 861 1296 927 daretur,
1319 859 1481 930 magis
1502 855 1884 929 formidandum

281 977 407 1017 esse.
456 959 536 1014 οι
583 973 699 1028 quat
735 955 1139 1029 ingemiscebam.
1185 963 1232 1009 et
1274 955 1352 1008 ira
1394 952 1713 1018 incendebar,
1762 951 1880 1004 hinc

281 1067 462 1106 rursus
483 1050 735 1104 ridebam.
757 1047 976 1102 Gemens
999 1047 1132 1103 enim
1160 1044 1351 1099 diaboli
1373 1044 1614 1098 astutiam
1632 1042 1878 1114 ingemui,

279 1145 416 1214 quod
443 1143 728 1198 hominibus
757 1140 811 1195 id
841 1139 1142 1209 persuadere
1170 1147 1332 1208 posset
1359 1153 1379 1191 :
1405 1135 1724 1192 considerata
1765 1145 1880 1189 vero

277 1250 457 1289 mum
495 1233 585 1304 qui
627 1231 1002 1302 decipiebantur
1023 1228 1288 1295 socordia;
1303 1226 1572 1292 excandui,
1604 1235 1652 1281 et
1674 1239 1878 1280 eorum-

279 1329 394 1382 dent
421 1334 614 1394 quanta
652 1331 778 1379 esset
814 1323 1034 1377 amentia
1074 1331 1267 1375 mecum
1309 1329 1570 1391 reputans,
1599 1318 1711 1372 risi.
1743 1317 1882 1374 Risit

279 1419 446 1490 igitur
473 1419 583 1483 ille,
611 1417 738 1473 licet
763 1417 840 1472 rei
867 1415 1100 1487 gravitas
1127 1414 1391 1469 adimeret
1413 1412 1627 1483 jocandi
1659 1410 1881 1466 faculta-

282 1521 426 1577 tem;
457 1511 552 1567 sed
577 1512 731 1580 iocus
761 1510 849 1566 ille
872 1509 1002 1564 nihil
1033 1508 1101 1563 de
1125 1507 1382 1578 gravitate
1418 1505 1704 1576 decerpsit.

351 1605 658 1661 Secundam
689 1602 965 1657 bomiliam
1011 1600 1200 1656 decem
1225 1609 1318 1654 aut
1359 1598 1599 1668 pluribus
1624 1597 1821 1668 elapsis
1845 1609 1877 1652 a

279 1696 457 1766 prima
487 1694 675 1750 diebus
716 1692 920 1758 habuit,
963 1706 1028 1745 ac
1051 1691 1283 1760 quinque
1311 1689 1502 1746 diebus
1541 1697 1688 1754 ante,
1718 1701 1876 1758 quam

278 1783 594 1842 Iudaeorum
635 1783 896 1854 jejunium
935 1781 1167 1847 adesset,
1195 1789 1256 1834 ut
1283 1780 1362 1835 sic
1390 1778 1505 1848 ipse
1527 1777 1766 1834 declarat
1793 1777 1878 1832 in-

279 1882 413 1937 itio:
440 1879 772 1950 "legitimum
798 1877 953 1948 igitur
979 1876 1206 1944 ipsorum
1230 1872 1488 1944 jejunium
1518 1880 1630 1940 post
1659 1870 1880 1940 quinque

280 1974 392 2027 dies
421 1972 657 2040 deinceps
676 1969 833 2022 instat
907 1975 960 2019 at
981 1981 1076 2036 ego
1101 1973 1218 2018 ante
1235 1962 1405 2018 decem
1427 1961 1553 2028 dies,
1584 1961 1663 2016 vel
1686 1959 1876 2032 plures,

279 2062 682 2117 cohortationem
707 2059 774 2113 ad
797 2074 882 2112 vos
901 2055 1074 2122 habui,
1101 2063 1156 2110 ut
1185 2055 1367 2125 fratres
1389 2061 1576 2108 vestros
1603 2053 1881 2123 prtemuni-

277 2172 412 2210 rem.
461 2154 540 2209 Ne
563 2165 695 2209 vero
719 2152 931 2208 dubites
959 2151 1097 2206 hanc
1122 2151 1292 2221 ipsam
1322 2163 1464 2215 esse,
1500 2161 1659 2218 quam
1689 2161 1881 2203 secun-

278 2250 408 2303 dam
452 2257 636 2302 contra
675 2244 889 2300 Judzeos
935 2243 1152 2310 habuit,
1203 2241 1324 2296 vide
1383 2239 1652 2312 quomodo
1697 2240 1769 2295 ibi
1811 2238 1880 2296 de

276 2343 458 2413 prima
487 2341 734 2411 loquatur
777 2353 926 2393 num.
954 2329 1029 2392 ὃς
1062 2335 1182 2390 Non
1209 2333 1422 2389 audistis
1466 2334 1520 2388 in
1551 2333 1710 2404 priori
1753 2349 1877 2388 con-

275 2434 449 2498 tione,
474 2448 626 2498 quam
665 2430 803 2483 clare
832 2429 982 2500 fuerit
1020 2427 1248 2482 oratione
1287 2425 1702 2490 demonstratum,
1741 2424 1880 2494 ipsas

277 2525 484 2577 animas
510 2521 831 2587 Juda’orum,
859 2529 905 2572 et
950 2518 1061 2573 loca
1088 2517 1172 2571 ubi
1214 2525 1600 2588 congregantur,
1631 2532 1664 2568 a
1689 2515 1880 2569 datmo-

277 2617 430 2671 nibus
456 2615 675 2669 habitari
697 2614 721 2668 .9
752 2612 806 2667 Id
833 2625 984 2674 vero.
1009 2621 1202 2682 nempe
1242 2619 1294 2665 ct
1321 2609 1525 2662 animas
1549 2607 1875 2673 Judaaorum,

275 2719 333 2762 et
374 2707 490 2761 loca
531 2704 840 2759 earumdem
867 2719 896 2756 a
923 2701 1260 2758 ἀίειηοιιὶὺυς
1294 2699 1540 2764 habitari,
1587 2700 1879 2770 conspictte

277 2809 332 2853 et
359 2799 475 2852 fuse
506 2797 694 2867 prohat
719 2795 806 2851 ille
835 2794 1051 2849 humilia
1074 2793 1243 2864 prima
1271 2801 1454 2848 cutura
1486 2790 1700 2847 Judaeos
1727 2806 1871 2846 num.

278 2891 314 2947 ὃ
346 2910 357 2944 :
389 2890 459 2944 ita
494 2897 552 2942 ut
576 2898 725 2944 certo
767 2887 964 2942 certius
991 2886 1062 2941 sit
1081 2883 1107 2950 ,’
1127 2883 1270 2940 illam
1299 2899 1422 2940 esse
1447 2895 1632 2939 contra
1662 2883 1879 2940 Iudaeos

280 2984 530 3052 primum,
561 2982 698 3036 hanc
725 2996 855 3036 vero
884 2980 1194 3046 secundam,
1227 2994 1387 3050 quam
1415 2979 1657 3035 doiemus
1683 2979 1750 3034 ad
1779 2994 1879 3035 nos

280 3077 524 3130 mutilam
572 3075 895 3131 devenisse:
929 3074 1059 3129 nihil
1086 3083 1234 3129 certe
1271 3088 1378 3128 non
1426 3075 1630 3144 egimus
1671 3083 1729 3128 ut
1756 3087 1876 3130 eam

277 3181 479 3224 sartum
509 3177 564 3222 et
595 3177 787 3223 tectam
830 3165 1151 3234 ederemus;
1183 3165 1276 3222 sed
1306 3165 1500 3221 frustra
1541 3180 1754 3222 ccasere
1781 3177 1876 3222 co-

278 3271 437 3317 natus
463 3275 673 3316 omnes.

350 3355 590 3410 Tertiam
623 3354 994 3408 incunctanter
1026 3353 1301 3424 posuimus
1327 3347 1610 3408 Homiliam
1638 3368 1754 3408 cam
1783 3363 1876 3409 cna

277 3445 361 3515 ius
391 3445 576 3500 titulus
615 3455 717 3510 est,
746 3442 812 3499 1η
840 3461 923 3499 eos
961 3445 1046 3513 qui
1093 3446 1255 3515 primo
1300 3444 1504 3499 Pascha
1533 3447 1794 3517 jcjttnant,
1825 3446 1876 3501 id

277 3546 380 3598 cst,
408 3545 596 3591 contra
622 3534 956 3590 Christianos
979 3536 1118 3600 illus,
1148 3537 1236 3606 qui
1279 3550 1399 3589 cum
1435 3535 1634 3591 Pascha
1659 3536 1880 3591 Judaeu-

279 3639 400 3680 rum
430 3627 636 3697 aliquot
661 3627 852 3682 diebus
880 3637 996 3696 post
1032 3627 1233 3681 Pascha
1263 3627 1687 3682 Christianorum
1732 3628 1876 3684 cclc-

280 3718 486 3782 bratur,
521 3718 574 3771 in
616 3715 876 3772 Paschate
901 3715 1325 3771 Christianormn
1349 3717 1611 3788 jejunum,
1639 3729 1697 3773 ut
1736 3719 1876 3786 jeju-

281 3812 427 3862 nium
451 3824 621 3879 usque
649 3807 718 3863 ad
749 3808 948 3863 Pascha
972 3802 1276 3863 Judazurum
1308 3820 1716 3880 prosequantur.
1745 3807 1876 3864 Illud

283 3913 458 3955 autem
491 3917 630 3955 anno
661 3901 905 3971 sequenti
951 3901 1075 3966 387,
1121 3900 1292 3971 inquit
1318 3900 1753 3972 ChrysOstumus,
1786 3917 1876 3957 ac-

281 3993 513 4058 cidebat,
556 4002 738 4061 atque,
786 4001 843 4046 ut
885 4003 989 4046 tam
1040 4007 1254 4061 pravam
1292 3992 1730 4048 cunsuetudinetn
1780 3993 1878 4047 ab-

282 4087 445 4154 oleat,
491 4085 830 4140 homiliarum
873 4093 1056 4139 contra
1104 4085 1395 4140 Auomaaus
1439 4085 1585 4138 etde
1615 4076 1877 4152 Unigeniti

281 4179 449 4248 gloria
478 4193 698 4232 cursum
723 4177 1009 4246 intercipit,
1043 4184 1097 4230 ut
1123 4177 1236 4246 ipse
1263 4176 1414 4230 initio
1443 4175 1676 4230 humilia:
1701 4176 1879 4230 dCt'lil-

283 4275 363 4324 tat
390 4269 476 4324 his
501 4268 679 4324 verbis
709 4285 722 4321 :
753 4269 948 4323 Rursus
973 4270 1308 4322 necessarium
1335 4269 1591 4338 quoddam
1621 4280 1667 4324 et
1693 4287 1879 4338 urgens

285 4363 560 4433 negotium,
588 4377 760 4416 eorum
780 4378 891 4432 qua:
917 4379 1076 4432 nuper
1103 4361 1237 4416 dicta
1258 4373 1372 4416 sunt
1397 4363 1574 4417 serient
1601 4363 1878 4416 interrum-

285 4470 426 4524 pens,
445 4453 514 4506 ad
534 4471 589 4508 se
613 4454 886 4508 orationem
909 4454 1144 4519 traducit,
1162 4463 1206 4508 et
1223 4471 1255 4507 a
1269 4455 1510 4522 susceptis
1538 4471 1651 4508 cum
1681 4454 1882 4508 Ita'reti-

285 4548 353 4600 cis
391 4547 750 4600 certaminibus
778 4562 868 4599 nos
896 4545 1115 4599 abducit.
1169 4544 1306 4599 Nam
1348 4563 1438 4599 nos
1467 4545 1666 4615 quidem
1707 4562 1881 4600 rursus

286 4640 345 4693 de
385 4637 644 4710 Unigeniti
687 4637 852 4710 gloria
892 4637 960 4691 ad
1000 4641 1260 4693 caritatem
1286 4650 1497 4694 vestram
1525 4640 1672 4693 verba
1717 4641 1884 4706 facere

289 4732 453 4804 parati
479 4747 698 4784 eramus.
731 4730 823 4784 llis
852 4746 1010 4800 porro
1035 4730 1270 4785 declarat
1298 4745 1355 4784 se
1380 4730 1488 4800 jam
1520 4730 1754 4785 secundo
1786 4729 1885 4784 llo-

287 4823 555 4876 miliarum
579 4832 764 4876 contra
791 4822 1083 4878 Anommus
1104 4837 1315 4876 cursum
1346 4821 1706 4891 interpellare,
1739 4821 1881 4891 quod

285 4926 343 4968 sc
377 4915 554 4983 primo
603 4914 792 4969 iecisse
829 4914 956 4968 dicit
999 4913 1149 4968 initio
1197 4910 1429 4968 humilia:
1471 4913 1653 4983 prima:
1697 4923 1882 4971 contra

282 5005 521 5061 indures.
557 5005 766 5061 Etenim
796 5020 918 5061 cum
951 5007 1174 5076 primam
1216 5016 1402 5061 contra
1433 5008 1722 5063 Anommos
1761 5022 1886 5061 ora-

286 5098 492 5152 tionem
540 5095 832 5160 habuiSset,
879 5109 1096 5151 cursum
1141 5097 1330 5152 sistere
1372 5107 1589 5152 coactus
1627 5105 1728 5163 cst,
1777 5113 1883 5150 non

287 5187 450 5242 modo
506 5197 564 5240 ut
603 5199 788 5242 contra
831 5185 1044 5244 indutos
1093 5197 1446 5253 euincertaret,
1497 5188 1637 5258 quod
1680 5189 1886 5244 duabus

287 5281 527 5335 homiliis
558 5280 838 5351 praestitit;
870 5279 964 5335 sed
989 5279 1150 5335 etiam
1179 5287 1236 5333 ut
1268 5280 1452 5334 Patres
1480 5279 1768 5349 spiritualcs
1793 5295 1885 5335 seu

287 5375 574 5444 episcopos
601 5373 826 5439 vicinos,
856 5373 949 5444 qui
994 5373 1330 5428 Antiochiam
1373 5382 1648 5440 venerant,
1677 5374 1889 5444 excipe-

288 5479 386 5530 ret,
417 5482 481 5522 ac
515 5475 702 5535 postea
728 5473 1074 5522 occurrentes
1095 5465 1287 5520 multas
1316 5475 1607 5537 martyrum
1636 5467 1889 5520 solemni-

291 5569 422 5613 tates
464 5556 792 5614 celebraret.
834 5555 948 5621 llis,
982 5559 1216 5626 inquam,
1249 5556 1495 5611 omnibus
1527 5557 1890 5626 interpellatus

286 5661 364 5704 est
391 5667 420 5704 a
455 5657 641 5718 empta
668 5657 854 5701 contra
888 5652 1177 5702 Anumatus
1210 5663 1415 5718 pugna;
1449 5649 1516 5701 ita
1549 5657 1605 5702 ut
1634 5663 1739 5702 non
1773 5664 1886 5701 Ino-

287 5740 464 5797 dicam
499 5738 766 5807 temporis
796 5737 1132 5792 intervallum
1175 5737 1334 5792 fuerit
1377 5741 1600 5807 primum
1629 5739 1764 5792 inter
1796 5737 1880 5792 ltu-

289 5834 490 5889 tniliam
526 5839 718 5886 contra
744 5830 1034 5886 Anomwos
1059 5839 1113 5887 ct
1155 5828 1382 5887 tertiam.
1415 5830 1546 5886 Cum
1575 5844 1748 5887 autem
1776 5832 1902 5904 pri-'

1460 367 1642 426 NUNC
1681 364 1945 424 PRIMUM
1982 364 2374 422 ADORNATA.

3472 379 3572 436 l06

1989 499 2130 538 mam
2171 493 2356 538 contra
2394 483 2610 542 Jndseos
2649 485 2921 542 humilium
2965 489 3211 546 habuerit
3239 507 3422 552 mense
3456 497 3575 550 Au-

1985 585 2140 646 gusto
2183 577 2309 632 anni
2353 577 2477 639 586,
2511 589 2568 632 ut
2607 594 2768 650 supra
2797 579 3062 648 diximus;
3109 585 3398 640 secundam
3445 603 3575 644 vero

1985 669 2210 726 ineunte
2237 669 2451 723 circiter
2477 668 2797 740 Septembri,
2830 671 3022 737 decem,
3050 674 3126 728 ait
3154 675 3262 740 ille,
3294 688 3385 730 aut
3409 683 3570 746 pluti-

1985 760 2074 814 bus
2097 760 2270 814 diebus
2301 769 2418 830 post
2447 762 2696 835 primam,
2722 777 2966 834 magnam
3007 764 3339 834 Septembris
3366 781 3572 842 partem

1985 851 2338 924 insumpserit
2373 854 2426 908 in
2462 854 2792 925 excipiendis
2841 855 2946 911 illis
2966 858 3155 913 vicinis
3193 863 3477 933 episcopis,
3519 868 3571 921 et

1983 944 2316 1000 celebrandis
2373 956 2668 1019 martyrum
2731 949 3194 1017 solernnitatibus,
3251 969 3571 1027 rursumque

1985 1034 2287 1106 Septembri
2329 1046 2558 1093 exeunte
2586 1052 2771 1095 mense
2801 1055 3028 1111 pugnam
3072 1055 3258 1100 contra
3283 1049 3578 1105 Anemueos

1984 1131 2355 1201 resumpserit,
2394 1143 2552 1202 quam
2571 1173 2586 1199 ,
2618 1133 2699 1187 vel
2729 1132 2964 1190 nondum
2995 1147 3186 1193 exacto
3227 1139 3529 1210 Septembri
3552 1178 3570 1206 ,

1985 1229 2068 1282 vel
2092 1228 2246 1284 initio
2261 1228 2503 1286 Octobris
2531 1231 2720 1287 iterum
2751 1242 3110 1304 pmsequutus
3132 1235 3221 1303 sit,
3248 1245 3490 1306 urgente,
3519 1245 3575 1290 ut

1985 1318 2075 1375 ille
2099 1322 2190 1387 ait,
2221 1323 2538 1378 necessitate
2565 1333 2620 1377 ut
2639 1335 2823 1379 comra
2849 1323 3064 1381 Judaaos
3092 1341 3278 1381 rursus
3301 1338 3570 1384 certamen

1985 1411 2222 1469 haberet.
2271 1415 2352 1469 Au
2384 1427 2513 1471 vero
2559 1425 2678 1486 post
2719 1416 3008 1472 secundum
3055 1428 3242 1473 contra
3287 1420 3576 1475 Auommos

1983 1505 2318 1570 concionem,
2348 1505 2486 1561 hunc
2517 1507 2729 1563 tertiam
2759 1517 2944 1563 contra
2969 1505 3184 1564 iudazos
3213 1509 3474 1572 habuerit,
3508 1525 3574 1564 an

1983 1609 2107 1668 post
2131 1599 2340 1655 tertiam
2383 1601 2466 1656 vel
2517 1612 2642 1673 post
2689 1611 2952 1672 quartam,
3007 1601 3060 1656 id
3113 1602 3268 1672 plane
3315 1603 3574 1658 incertum

1985 1700 2089 1758 est,
2122 1705 2295 1763 neque
2318 1691 2418 1750 hac
2445 1693 2514 1751 de
2544 1709 2602 1750 re
2637 1695 2926 1766 quidquam
2957 1695 3090 1751 certi
3119 1697 3277 1751 statui
3305 1710 3464 1767 posse
3492 1697 3577 1752 vi-

1986 1778 2163 1838 detur.

2053 1873 2132 1929 Ne
2166 1883 2341 1930 autem
2373 1871 2514 1931 hanc
2555 1876 2767 1931 tertiam
2797 1885 2983 1932 contra
3009 1874 3226 1932 Judzeos
3261 1879 3574 1934 concionem

1983 1965 2072 2021 diu
2101 1977 2222 2037 post
2251 1965 2623 2036 Septembrem
2651 1967 3018 2034 amandemus,
3051 1968 3337 2037 prohibere
3364 1969 3578 2024 videtur

1981 2055 2398 2126 Chrysostomus
2422 2056 2651 2112 Humilia
2674 2058 2725 2112 in
2747 2057 2890 2114 diem
2913 2057 3150 2114 Natalem
3172 2058 3392 2124 Christi,
3415 2076 3576 2129 quam

1985 2147 2169 2203 habuit
2213 2164 2356 2204 anno
2399 2148 2523 2216 586,
2573 2150 2661 2205 die
2689 2150 2942 2221 vigesima
2987 2152 3170 2222 quinta
3221 2152 3574 2208 Decembris:

1983 2233 2206 2311 Tempus
2233 2250 2400 2295 autem
2441 2251 2545 2295 tum
2571 2253 2699 2308 erat,
2747 2243 2936 2313 inquit,
2971 2244 3086 2313 [esti
3115 2238 3577 2298 Tabernaculorum

1984 2340 2033 2384 et
2049 2332 2236 2402 jejunii
2261 2347 2280 2387 :
2309 2331 2404 2386 hoc
2427 2333 2560 2387 enim
2595 2333 2686 2387 illa
2727 2333 2876 2388 verba
2913 2334 3008 2389 sibi
3046 2337 3236 2400 volunt,
3288 2335 3578 2392 llumiliate

1983 2423 2190 2477 animas
2233 2432 2475 2488 vestras;
2523 2425 2676 2496 idque
2703 2443 2735 2480 a
2771 2426 2969 2483 Iudaeis
3003 2428 3141 2482 circa
3195 2429 3348 2499 ﬁnem
3392 2431 3578 2485 mensis

1985 2514 2231 2584 tiorpltei,
2276 2515 2332 2569 id
2358 2526 2429 2570 est
2459 2516 2768 2588 Septembris
2787 2560 2800 2582 ,
2829 2519 2964 2590 quod
2992 2528 3040 2573 et
3067 2535 3152 2574 vos
3191 2522 3461 2587 testamini,
3491 2539 3578 2576 ce-

1985 2607 2288 2669 lebrabatur.
2343 2608 2486 2664 Tunc
2549 2611 2680 2665 enim
2723 2612 2908 2666 multos
2960 2614 3281 2683 prolixosque
3321 2631 3576 2669 sermones

1984 2711 2159 2755 contra
2181 2701 2392 2757 Judteos
2416 2703 2737 2774 protulimus,
2760 2705 3106 2775 importunum
3135 2723 3307 2761 eorum
3319 2709 3574 2780 jejunium

1983 2805 2298 2850 accusantes.
2333 2794 2414 2850 Eo
2454 2796 2634 2867 igitur,
2681 2806 2734 2850 ut
2764 2812 2862 2853 nos
2907 2799 3302 2864 constituimus,
3335 2809 3580 2871 tempore

1983 2885 2082 2942 bas
2112 2895 2220 2943 tres
2247 2898 2431 2943 contra
2461 2880 2676 2943 Judatos
2719 2890 3006 2946 conciones
3036 2889 3240 2945 habuit.
3284 2891 3468 2962 Neque
3499 2902 3579 2948 las

1983 2990 2106 3034 men
2147 2981 2217 3035 ita
2264 2995 2449 3035 mense
2489 2979 2791 3050 Septembri
2836 2981 3042 3037 habitas
3077 2981 3208 3038 dicit
3250 2981 3346 3037 has
3386 2985 3580 3040 multas

1984 3072 2325 3143 prolixasque
2368 3071 2638 3141 humilius,
2685 3083 2744 3128 ut
2789 3073 2992 3129 nullam
3035 3085 3180 3143 ante,
3211 3075 3411 3130 nullam
3458 3079 3580 3146 post

1982 3165 2358 3236 Septembrem
2404 3165 2775 3234 pronuntiarit.
2806 3164 2938 3220 Nam
2983 3180 3104 3220 cum
3133 3167 3229 3229 ait,
3257 3165 3402 3221 Tunc
3442 3169 3576 3222 enim

1982 3259 2171 3312 inultos
2197 3257 2520 3328 prolixosque
2548 3273 2801 3312 sermones
2831 3265 3005 3311 contra
3036 3256 3248 3312 Judteos
3288 3259 3577 3326 habuimus,

1985 3359 2194 3418 tempus
2220 3348 2434 3403 circiter
2477 3356 2714 3413 annotat,
2746 3361 2920 3418 neque
2965 3348 3212 3403 humilius
3241 3348 3360 3404 illas
3388 3366 3579 3406 omnes

1983 3455 2170 3498 mense
2219 3440 2522 3512 Septembri
2588 3439 2978 3496 circumscribit
3019 3457 3032 3495 :
3077 3457 3182 3496 non
3243 3443 3384 3498 enim
3439 3443 3578 3499 solet

1983 3534 2398 3606 Chrysostumus
2429 3542 2577 3589 tanto
2605 3533 2855 3604 scrupulo
2885 3542 3042 3588 notas
3069 3544 3369 3604 temporum
3399 3535 3576 3590 εοιιδὶι

1983 3643 2181 3698 gnaro,
2232 3635 2294 3682 ut
2336 3626 2534 3697 passim
2579 3625 3004 3682 observavimus.
3056 3626 3189 3682 Cum
3233 3641 3361 3682 vero
3405 3627 3574 3694 dicit,

1985 3721 2168 3774 multos
2198 3721 2518 3790 prolixaeque
2553 3733 2826 3784 sermones,
2877 3719 2973 3774 has
3006 3725 3114 3774 tres
3144 3717 3391 3774 homilias
3437 3719 3578 3773 indi-

1983 3825 2107 3868 care
2140 3811 2372 3875 videtur,
2420 3811 2688 3881 etiamque
2739 3809 2968 3868 fortasse
3009 3813 3164 3878 alias,
3211 3827 3330 3883 qua:
3382 3812 3577 3884 injuria

1985 3912 2284 3973 temporum
2333 3903 2698 3957 interciderint
2727 3920 2740 3956 :
2774 3916 2960 3972 parum
3011 3904 3152 3958 enim
3196 3901 3393 3969 abfuit,
3448 3906 3577 3974 quin

1985 3993 2214 4048 Secunda
2258 3993 2418 4048 etiam
2463 3991 2678 4047 humilia
2729 3993 2964 4062 perierit,
2994 4002 3180 4063 tttputc
3219 4009 3337 4063 quae
3386 3994 3438 4048 in
3470 4009 3577 4048 uno

1987 4093 2187 4138 tantum
2215 4084 2414 4139 Codice
2455 4099 2643 4154 magna
2694 4084 2775 4138 sui
2822 4093 2970 4154 parte
3020 4083 3205 4138 mutila
3247 4093 3453 4154 reperta
3486 4086 3574 4139 sit.

1986 4173 2098 4229 lmo
2122 4190 2250 4230 vero
2275 4186 2482 4232 certum
2520 4177 2728 4232 videtur
2756 4176 2955 4248 aliquot
2980 4193 3045 4230 ex
3077 4177 3140 4232 iis
3185 4191 3316 4247 quas
3345 4177 3428 4232 hic
3457 4192 3576 4232 mes

1988 4276 2160 4320 morat
2190 4266 2434 4321 ltomilias
2461 4269 2792 4323 intercidisse
2820 4286 2835 4334 ;
2868 4284 2988 4322 nam
3020 4270 3073 4322 in
3097 4271 3200 4324 line
3230 4268 3399 4324 tertia:
3424 4269 3573 4324 dicit:

1990 4357 2430 4425 Quemadmodum
2461 4357 2930 4422 demonstrabimus,
2961 4377 3076 4414 cum
3120 4361 3216 4413 Itac
3246 4359 3308 4416 de
3337 4378 3391 4415 re
3434 4363 3580 4416 multi

1987 4449 2144 4502 habiti
2189 4449 2376 4519 fuerint
2405 4466 2437 4502 a
2465 4465 2543 4503 me
2585 4463 2878 4516 sermones;
2921 4460 3027 4504 non
3072 4450 3152 4504 sic
3193 4451 3487 4516 locuturus,
3533 4453 3578 4506 si

1986 4542 2121 4598 duos
2153 4551 2354 4598 tantum
2382 4541 2482 4597 hac
2523 4541 2590 4597 de
2634 4559 2692 4597 re
2720 4557 2998 4598 sermones
3027 4543 3438 4612 pronuntiasset.
3472 4542 3578 4598 Sed

1986 4646 2117 4691 cave
2142 4643 2295 4704 putes
2323 4648 2444 4688 cum
2487 4631 2756 4688 Frontone
2805 4633 3016 4698 Duczeu,
3064 4632 3310 4692 humilius
3345 4633 3581 4704 quinque

1989 4735 2273 4798 sequentes
2305 4727 2384 4780 his
2413 4726 2778 4796 Chrysostumi
2806 4725 3003 4790 verbis,
3031 4725 3217 4795 longos
3237 4726 3580 4798 prolixiusque

1992 4835 2268 4876 sermones
2309 4819 2612 4888 signiﬁcari.
2658 4817 2781 4874 Illas
2823 4819 3082 4890 siquidem
3127 4820 3413 4876 conciones
3453 4835 3580 4890 pru-

1987 4911 2250 4966 Jnntiavit
2296 4910 2386 4965 diu
2440 4920 2558 4981 post
2602 4910 2884 4966 llomiliam
2936 4912 2987 4966 in
3035 4911 3274 4968 Natalem
3331 4912 3580 4982 Domini,

1989 5019 2131 5058 anno
2159 4995 2264 5058 386
2309 5001 2576 5068 lubitum,
2609 5003 2751 5059 unde
2795 5015 3046 5074 excerpta
3081 5003 3166 5058 illa
3211 5003 3370 5061 verba
3417 5015 3543 5062 sunt

1994 5105 2051 5150 ..ι
2101 5111 2269 5162 tnux,
2325 5110 2497 5166 neque
2558 5094 2733 5150 dubiis
2805 5097 3128 5167 argumentis
3192 5097 3366 5168 palam
3427 5096 3585 5154 facim

1992 5203 2130 5243 mus.

2063 5283 2259 5337 Contra
2287 5280 2427 5336 Inmc
2455 5292 2693 5336 nostrum
2717 5281 2976 5338 calculum
3002 5283 3158 5338 dubia
3189 5284 3428 5354 quaedam
3456 5300 3584 5357 pr0~

1996 5373 2144 5444 ponit
2175 5371 2235 5427 V.
2265 5373 2348 5428 Cl.
2376 5372 2748 5428 Tillemoutius
2771 5415 2786 5438 ,
2819 5373 2960 5429 circa
2997 5383 3206 5446 tempus
3251 5391 3443 5446 nempe
3482 5392 3589 5448 quo

1997 5465 2211 5522 humilia
2244 5465 2395 5521 tertia
2425 5465 2602 5519 habita
2628 5463 2743 5518 fuit.
2770 5462 2874 5519 Sed
2898 5463 2970 5519 illi
3005 5474 3129 5534 apte
3149 5507 3163 5530 ,
3197 5467 3250 5520 ni
3280 5466 3431 5523 fallor
3456 5507 3470 5532 ,
3500 5482 3586 5522 rc-

1996 5557 2306 5627 spondimus
2330 5557 2382 5611 in
2406 5555 2608 5620 Manilo
2631 5554 2698 5610 ad
2725 5554 2983 5610 llomilias
3015 5565 3198 5611 contra
3220 5556 3434 5613 Judmos
3451 5559 3511 5612 Τ.
3539 5555 3585 5618 Ι,

1999 5662 2044 5699 c.
2069 5646 2174 5702 857
2209 5666 2221 5701 :
2254 5665 2360 5718 quo
2391 5648 2641 5704 lectorem
2663 5647 3001 5702 remittimus.
3028 5645 3208 5720 Longe
3234 5648 3586 5703 difﬁciliorem

1996 5742 2150 5795 altam
2195 5751 2366 5794 movet
2395 5740 2908 5810 qumstioncm,qu;c
2936 5755 3087 5797 suam
3136 5743 3332 5811 pariter
3380 5751 3433 5793 ct
3491 5756 3588 5792 nox—

2003 5848 2162 5891 stt'utn
2193 5835 2509 5890 sententiam
2542 5835 2780 5906 impetat,
2810 5851 2870 5888 cx
2903 5833 3054 5889 titulo
3081 5849 3269 5903 ncmpc
3296 5832 3450 5902 hujus
3479 5841 3586 5885 tur»
