4110 6148
514 374 527 387 '
539 371 641 427 107

537 486 623 541 the
649 484 899 549 homilite,
929 482 1018 553 qui
1043 481 1121 536 sic
1140 479 1319 546 habet,
1345 481 1398 534 in
1419 497 1503 535 eos
1542 484 1627 553 qui
1665 486 1829 552 primo
1871 484 2118 541 Paccium

528 576 785 645 jejunum.
800 572 953 638 Quod
977 579 1154 626 autem
1182 571 1284 626 hoc
1309 571 1424 641 ipso
1451 587 1589 628 anno
1609 575 1664 640 ii,
1695 576 1784 645 qui
1810 576 2116 633 Judzeorum

532 663 792 719 calculum
846 661 900 716 in
952 660 1213 717 Paschate
1254 663 1632 732 sequebantur,
1683 664 1785 720 etsi
1828 665 2116 722 Christiani

529 761 706 817 erant,
737 752 852 821 ipso
875 750 1148 807 Paschalis
1168 751 1257 807 die
1286 752 1574 822 jejunaturt
1599 767 1799 821 essent,
1828 756 1907 811 sic
1931 755 2113 812 decla-

530 852 613 897 rat
635 841 1055 915 Cbrysostomus
1078 858 1224 898 num.
1250 843 1284 898 5
1315 859 1329 896 :
1355 840 1491 897 Ecce
1532 861 1749 915 namque
1773 848 1965 917 primus
2011 849 2116 903 dies

530 935 836 1004 Azymorum
875 934 970 988 hoc
1013 949 1148 988 anno
1188 934 1245 989 in
1291 932 1615 990 Dominicam
1656 937 1786 991 diem
1820 938 2015 1006 incidit,
2067 952 2115 996 et

529 1027 734 1081 omnino
750 1043 946 1083 necesse
965 1036 1041 1082 est
1061 1035 1119 1080 ut
1145 1035 1250 1081 tota
1279 1026 1592 1082 hebdomade
1604 1030 1915 1100 jejunemus,
1935 1040 1980 1085 et
1996 1047 2114 1087 cum

526 1116 697 1184 passio
739 1117 1032 1186 praterierit
1061 1126 1106 1171 et
1151 1133 1277 1172 cruat
1309 1117 1562 1173 aduenerit
1589 1131 1636 1172 et
1662 1121 1959 1176 resurrectio
1980 1163 1997 1187 ,
2021 1139 2114 1178 nos

525 1208 694 1261 adhuc
710 1208 1004 1280 jejunantes
1026 1224 1337 1264 maneamus.
1363 1207 1433 1263 Et
1460 1225 1798 1279 swpenumero
1829 1212 1964 1271 istud
1979 1214 2112 1267 acci-

525 1298 624 1363 dit,
662 1308 717 1353 ut
764 1309 877 1369 post
918 1316 1159 1366 crucem,
1180 1310 1291 1370 post
1326 1301 1755 1369 resurrectionem,
1796 1304 2112 1361 hebdomade

527 1388 752 1443 nondum
770 1388 1027 1457 absoluta,
1042 1391 1298 1461 jejunium
1316 1391 1649 1448 observemus.
1673 1392 1798 1448 Haec
1816 1404 2001 1449 contra
2014 1411 2111 1452 eos

525 1480 792 1543 dicuntur,
809 1479 896 1549 qui
915 1480 1177 1550 jejunium
1190 1480 1411 1538 iudaice
1430 1497 1578 1538 more
1593 1485 1895 1552 seruabant,
1912 1487 2109 1556 quique

524 1570 809 1639 aliquando
833 1571 887 1626 in
911 1571 1029 1641 ipso
1056 1573 1315 1629 Paschate
1336 1572 1889 1644 jejunahant,quando
1909 1578 2110 1633 scilicet

522 1659 828 1715 Judmorum
847 1662 1082 1718 ealculus
1102 1661 1300 1718 Pascha
1319 1664 1620 1733 assignabat
1649 1673 1766 1733 post
1782 1664 2108 1722 Christiano-

525 1770 640 1807 rum
663 1754 882 1809 Pascha.
910 1755 1060 1810 Tunc
1109 1756 1249 1810 enim
1278 1755 1559 1810 Christiani
1606 1757 1700 1819 illi,
1749 1758 1839 1827 qui
1888 1757 2107 1814 Iudaico

510 1845 628 1915 ritu
653 1843 913 1914 jejunium
934 1845 1236 1912 servabant,
1264 1845 1355 1899 illo
1389 1847 1475 1901 die
1509 1846 1838 1916 ieiunabant,
1866 1863 1972 1918 quo
1995 1864 2103 1903 cas-

524 1936 621 1989 teri
647 1935 935 1989 Christiani
957 1935 1161 1989 Pascha
1187 1936 1539 1991 celebrarent.

512 2074 513 2077 η
591 2026 749 2095 Atqui
775 2026 1067 2083 secundum
1093 2027 1299 2082 tabulas
1320 2027 1605 2084 Paschales
1618 2026 1762 2085 anno
1783 2030 1885 2086 587
1901 2031 2104 2088 Pascha

524 2114 709 2170 incidit
736 2117 790 2170 in
814 2118 886 2172 25
916 2118 1133 2186 Aprilis,
1177 2134 1369 2185 nempe
1409 2134 1566 2188 quam
1604 2121 1901 2177 tardissime
1931 2131 2105 2192 potest

519 2222 801 2265 occurrere
824 2226 837 2262 :
871 2209 1138 2279 quomodo
1155 2225 1283 2281 ergo
1298 2210 1628 2280 judaizautes
1650 2213 1723 2267 illi
1744 2222 1984 2283 poterant
2000 2214 2104 2270 hoc

517 2316 659 2355 anno
708 2302 758 2354 in
812 2301 1012 2356 Pascha
1059 2301 1335 2372 jejunare,
1383 2303 1745 2360 cumPascha
1797 2304 2100 2367 Judmorum

520 2408 809 2462 numquam
861 2394 1033 2463 possit
1068 2394 1205 2448 ultra
1255 2394 1562 2464 vigesimam
1614 2397 1852 2467 quintam
1905 2398 2101 2467 Aprilis

516 2487 835 2542 occurrere?
861 2487 1058 2542 Verum
1093 2487 1209 2543 hare
1232 2488 1512 2544 difficultas
1542 2490 1863 2545 certissimus
1891 2501 2100 2560 tempo-

521 2579 593 2633 ris
621 2588 773 2632 notas
823 2594 853 2632 a
889 2579 1043 2634 nobis
1084 2580 1397 2634 constitutas
1433 2592 1673 2636 evertere
1719 2582 1920 2651 nequit.
1964 2582 2096 2638 Nam

519 2681 692 2725 utrum
725 2684 937 2738 semper
959 2669 1271 2724 Antiocheni
1309 2671 1599 2727 invariabili
1639 2673 1753 2742 lege
1787 2673 2101 2728 Alexandri-

520 2774 705 2813 norum
734 2759 874 2814 circa
926 2758 1129 2815 Pascha
1176 2761 1383 2815 Domini
1425 2762 1684 2842 calcultuu
1718 2765 1943 2835 sequuti.
1970 2765 2096 2830 sint,

516 2868 619 2905 non
649 2852 801 2907 nobis
829 2861 1158 2922 compertum
1186 2861 1268 2908 est
1292 2863 1478 2924 :atqne
1503 2856 1709 2923 etiamsi
1735 2857 1941 2926 sequuti
1969 2857 2095 2925 sint,

511 2961 578 2997 au
606 2945 869 2998 affirmare
894 2959 1176 3014 possumus
1196 2961 1484 3014 numquam
1513 2963 1750 3002 errorem
1794 2948 1845 3001 in
1890 2948 2098 3004 calculo

510 3033 882 3087 intercidisse?
925 3034 1080 3088 Certe
1122 3034 1432 3105 Anonymus
1470 3036 1575 3098 ille,
1604 3038 1692 3107 qui
1718 3052 1991 3095 sermones
2046 3039 2095 3092 in

513 3125 712 3179 Pascha
741 3118 824 3181 Jo.
852 3125 1217 3196 Chrysostomi
1246 3126 1464 3182 nomine
1484 3127 1817 3197 edidit,quos
1844 3129 1895 3182 in
1926 3129 2096 3183 lucem

511 3216 786 3273 cmisinms
816 3218 867 3270 in
896 3226 1086 3272 octavo
1115 3210 1284 3272 Tomo
1315 3217 1400 3289 (T.
1432 3218 1487 3274 8.
1518 3236 1564 3272 c.
1592 3218 1689 3273 261
1716 3217 1734 3289 )
1759 3260 1775 3286 ,
1803 3226 2098 3295 contrarias

509 3326 647 3364 circa
674 3310 982 3366 Paschalem
1010 3310 1270 3366 calculum
1289 3311 1578 3367 sententias
1590 3310 1787 3381 eoipso
1804 3327 1965 3379 anno,
1991 3328 2097 3384 quo

506 3404 622 3471 ipse
649 3402 917 3457 homiliam
967 3418 1115 3459 suam
1160 3403 1213 3457 in
1257 3403 1427 3459 lucem
1476 3403 1644 3471 dedit,
1691 3404 1957 3459 exstitisse
2001 3405 2094 3459 ait.

508 3496 792 3564 Gregorius
815 3511 941 3551 vero
973 3495 1301 3551 Turonensis
1336 3495 1496 3567 (Vide
1536 3496 1743 3568 ibidem)
1772 3512 1875 3551 non
1928 3501 2095 3554 semel

505 3586 758 3641 observat
795 3588 1106 3641 varietatem
1154 3588 1294 3650 illam
1337 3588 1477 3642 circa
1504 3586 1644 3643 diem
1677 3586 1949 3643 Paschatis
1990 3603 2087 3643 suo

510 3688 750 3747 tempore
790 3679 841 3732 in
873 3678 1097 3733 diversis
1137 3678 1446 3748 regionibus
1484 3679 1785 3749 contigisse.
1840 3679 2095 3735 Fateutur

505 3780 681 3824 autem
715 3770 811 3823 viri
842 3770 894 3823 in
923 3770 1004 3822 his
1028 3770 1184 3823 rebus
1214 3770 1520 3840 peritissimi
1549 3786 1785 3825 errorem
1827 3770 2089 3831 interdum

503 3861 556 3916 in
586 3861 802 3915 calculis
839 3859 1142 3930 huiusmodi
1182 3860 1489 3931 contingere
1510 3902 1525 3924 ,
1556 3876 1655 3916 nec
1683 3862 1860 3916 multis
1900 3862 2093 3919 abhinc

503 3955 659 4009 amns
685 3954 972 4025 contigisse
993 3994 1010 4018 ,
1041 3969 1212 4022 neque
1238 3961 1406 4009 tutum
1426 3969 1638 4022 semper
1659 3969 1776 4008 esse
1810 3964 1959 4009 notas
1986 3956 2091 4010 Pa-

505 4044 713 4099 schales
736 4043 853 4098 aliis
889 4044 1029 4099 notis
1053 4052 1398 4112 anteponere.
1426 4043 1567 4098 Sane
1600 4051 1743 4098 tanta
1771 4044 1978 4098 videtur
2002 4060 2090 4100 eo-

502 4152 619 4190 rum
647 4150 763 4205 qua:
793 4149 952 4203 supra
976 4134 1207 4188 diximus
1225 4132 1466 4201 firmitas,
1496 4146 1556 4188 ut
1586 4134 1757 4202 potius
1784 4150 1846 4189 cx
1868 4150 2087 4206 compu-

503 4228 701 4280 tatione
727 4234 907 4279 nostra
930 4223 1186 4279 calculum
1205 4221 1516 4279 Paschalem
1537 4223 1818 4296 ejusmodi,
1835 4242 1993 4297 quant
2019 4244 2085 4282 ex

501 4317 706 4370 calculo
745 4315 986 4371 Paschali
1032 4323 1218 4371 contra
1267 4317 1717 4386 computationem
1759 4317 1899 4372 illam
1932 4317 2089 4373 liceat

499 4408 812 4462 decernere.

569 4496 719 4551 Liber
739 4506 914 4551 contra
941 4493 1149 4552 Judceos
1172 4505 1317 4567 atque
1346 4493 1583 4554 Gentiles.
1608 4528 1682 4539 —
1702 4496 1829 4555 Hzec
1855 4499 1921 4556 de
1944 4500 2085 4569 prio-

497 4590 644 4644 ribus
671 4589 839 4644 tribus
876 4598 1061 4644 contra
1085 4585 1297 4644 Iudaeos
1326 4586 1590 4655 homiliis,
1620 4605 1737 4659 quae
1783 4589 2081 4660 Septembri

510 4682 633 4735 anni
663 4680 767 4737 586
790 4679 987 4735 habitu:
1042 4690 1187 4748 sunt,
1210 4682 1350 4735 dicta
1387 4693 1562 4736 sunto.
1610 4684 1906 4752 Antequam
1954 4699 2081 4739 vero

497 4774 727 4843 quinque
752 4779 1034 4840 sequentes
1053 4773 1434 4840 pronuntiaret,
1459 4773 1650 4827 librum
1672 4769 2081 4830 eontraJudzeos

496 4875 654 4935 atque
676 4862 910 4918 Gentiles
930 4862 1105 4916 emisit
1128 4863 1510 4932 longissimum,
1530 4882 1701 4935 neque
1719 4867 1769 4920 in
1794 4868 2078 4923 conciones

495 4957 719 5010 divisum
752 4972 766 5009 :
796 4969 953 5024 quem
973 4968 1039 5006 an
1070 4964 1321 5022 umquam
1350 4953 1519 5022 palam
1537 4967 1589 5011 ct
1611 4964 1870 5025 prmsente
1885 4956 2078 5027 populo

498 5040 848 5114 pronuntiarit
888 5043 1144 5096 incertum
1187 5050 1286 5096 est.
1322 5040 1428 5096 Sed
1452 5053 1652 5097 certmn
1674 5044 1882 5100 videtur
1916 5045 2077 5101 emis-

495 5152 612 5189 sum
644 5135 802 5189 fuisse
825 5132 1018 5188 librum
1038 5140 1160 5186 ante
1180 5131 1543 5202 Septembrem
1573 5135 1694 5188 anni
1721 5134 1854 5203 387,
1888 5138 2076 5207 utplu-

496 5231 640 5282 ribus
672 5230 724 5282 in
760 5228 960 5283 Mouito
975 5234 1424 5282 commonstratur
1453 5225 1536 5297 (T.
1572 5228 1623 5280 1.
1647 5241 1694 5279 c.
1722 5225 1874 5299 811).
2012 5212 2021 5218 ’

566 5319 624 5374 In
650 5325 749 5376 hoc
772 5335 933 5390 opere
957 5319 1184 5390 plurima
1205 5318 1337 5373 scitu
1358 5317 1662 5388 dignissima
1685 5327 2065 5387 memorantur,

492 5432 610 5486 qua:
641 5429 747 5468 non
782 5413 907 5466 licet
944 5412 1158 5468 silentio
1204 5411 1626 5481 prmtermittere.
1657 5410 1844 5481 Agitur
1887 5410 1973 5465 hic
2001 5409 2070 5468 de

494 5507 771 5564 divinitate
790 5503 1006 5570 Christi,
1032 5520 1188 5573 quam
1203 5502 1445 5558 Anonlmi
1467 5502 1660 5570 aliique
1679 5516 1863 5557 omnes
1887 5503 2067 5558 Ariani

493 5603 576 5658 vel
610 5598 889 5669 negabant,
917 5612 1038 5651 cum
1074 5596 1313 5651 dicerent
1351 5595 1619 5651 Christum
1661 5595 1825 5649 Deum
1853 5593 2064 5663 quidem

492 5710 634 5756 esse,
667 5689 761 5746 sed
792 5704 895 5743 non
923 5703 1049 5743 vere
1076 5686 1238 5741 Deum
1258 5686 1385 5752 ;‘v_el
1410 5701 1502 5742 ore
1529 5695 1728 5740 tantum
1753 5693 1907 5739 tenus
1940 5699 2065 5737 con-

494 5781 796 5848 fitebantur,
842 5793 961 5834 cum
1006 5777 1151 5833 illum
1194 5776 1499 5848 simpliciter
1550 5777 1713 5833 Deum
1764 5774 2059 5831 vocabant:

1628 368 1686 428 s.
1712 363 2504 431 JOANNIS‘CHRYSOSTOMI
2548 375 2735 446 vm,

3696 389 3802 447 108

2229 487 2401 545 Judaei
2418 506 2547 547 vero
2577 502 2735 562 atque
2760 494 2984 564 gentiles
3012 495 3216 566 absque
3242 492 3350 552 ullo
3380 504 3801 570 temperamento

2222 582 2549 651 rejiciebant.
2572 583 2789 642 Orditur
2813 595 2991 642 autem
3011 588 3195 644 dicens
3218 605 3277 646 se
3296 591 3488 647 librum
3518 593 3659 652 hunc
3678 597 3803 654 bre-

2221 674 2368 729 viore
2409 674 2747 748 facilioreque
2786 680 2925 750 style
2971 681 3312 748 concinnare,
3361 694 3417 739 ut
3453 687 3539 742 vel
3582 691 3803 747 ancilia-

2221 779 2359 830 rum,
2407 765 2707 833 viduarum,
2750 780 3061 837 nautarum,
3101 772 3450 843 agricolam
3491 778 3801 848 capiti-ac-

2218 855 2609 913 cemmodatior
2635 868 2800 915 esset.
2839 861 2977 917 Hinc
3021 872 3207 919 contra
3257 866 3484 936 gentiles
3524 869 3799 942 Evangelii

2218 944 2492 1002 veritatem
2513 948 2720 1017 probat,
2736 951 2879 1020 quod
2899 954 3325 1023 oppugnantibus
3343 956 3471 1013 licet
3490 962 3800 1022 nationibus

2218 1035 2498 1101 universis,
2523 1053 2620 1108 per
2643 1047 2810 1095 totum
2841 1041 3027 1097 orbem
3055 1046 3378 1113 pervaserit;
3409 1049 3481 1104 its
3509 1057 3567 1105 ut
3585 1051 3638 1107 in
3667 1052 3802 1109 Per-

2215 1125 2330 1180 side
2368 1142 2600 1197 quoque,
2644 1129 2734 1185 ubi
2780 1141 3071 1201 martyrum
3123 1133 3311 1204 ingens
3361 1152 3619 1196 uumems
3657 1153 3797 1211 erat,

2215 1218 2518 1286 evangelica
2539 1220 2844 1287 praedicatio
2880 1222 3116 1279 ﬂoreret.
3143 1223 3337 1281 Christi
3366 1227 3659 1287 adventum
3686 1248 3799 1290 non

2213 1304 2375 1360 modo
2404 1309 2815 1377 prrenuntiatum
2852 1311 3016 1368 fuisse
3038 1314 3186 1381 dicit,
3228 1316 3323 1372 sed
3347 1318 3511 1375 etiam
3532 1320 3799 1379 adventus

2214 1397 2430 1453 modum
2451 1409 2505 1454 et
2518 1401 2751 1470 gentium
2772 1417 3090 1459 concursum
3100 1404 3343 1462 adlidem
3363 1409 3754 1480 suscipiendam
3775 1428 3792 1478 ;

2214 1487 2285 1542 ita
2314 1497 2371 1543 ut
2396 1489 2543 1545 orbis
2563 1490 2674 1560 jam
2700 1501 2840 1549 totus
2881 1493 2935 1548 in
2976 1494 3248 1552 Bethleem
3272 1497 3529 1566 conﬂuat,
3554 1510 3617 1555 ut
3637 1512 3794 1557 nata-

2211 1577 2337 1632 lium
2368 1578 2543 1634 loeum
2568 1592 2868 1638 veneretur.
2909 1583 3125 1640 Judaeos
3146 1586 3526 1644 tamenath
3548 1590 3795 1660 ingratos

2210 1685 2447 1737 manere,
2481 1681 2538 1726 ut
2577 1673 2629 1726 in
2670 1673 2853 1729 multis
2886 1674 3174 1745 Scriptum
3222 1677 3355 1733 locis
3382 1679 3791 1748 praedicebatur.

2209 1762 2545 1830 Sepulturam
2571 1779 2787 1833 quoque
2812 1764 3008 1821 Christi
3044 1768 3450 1838 pranuntiatasn
3475 1769 3641 1827 fuisse
3667 1787 3796 1842 pro-

2211 1852 2365 1908 batur
2387 1870 2401 1906 :
2429 1869 2634 1909 necnon
2660 1856 2944 1911 mittendos
2957 1856 3071 1912 fore
3089 1859 3348 1928 evangelii
3369 1874 3666 1928 presence,
3694 1865 3789 1932 qui

2213 1953 2379 2001 totum
2424 1953 2684 2001 terrarum
2726 1947 2909 2002 orbem
2949 1946 3226 2017 disciplina
3255 1948 3453 2005 Christi
3496 1952 3787 2022 replerent.

2209 2035 2511 2106 Probatquc
2540 2038 2754 2092 Petrum
2782 2046 2838 2092 et
2875 2038 3097 2093 Paulum
3127 2040 3339 2110 regibus
3372 2048 3426 2095 et
3454 2040 3793 2111 imperatori-

2208 2127 2307 2182 bus
2333 2128 2561 2198 majores
2588 2129 3015 2200 potentioresque
3058 2128 3252 2197 fuisse,
3296 2132 3382 2200 qui
3426 2132 3572 2201 leges
3599 2148 3789 2188 eorum

2206 2220 2610 2289 abrogaverim,
2654 2221 2805 2291 queis
2830 2220 3031 2277 Christi
3076 2232 3342 2292 praecepta
3377 2224 3789 2285 substituerent.

2206 2308 2480 2364 Judaicum
2515 2310 2713 2364 cultum
2750 2309 3112 2380 abrogandam
3139 2309 3255 2367 fore
3293 2327 3324 2365 a
3353 2314 3624 2383 prophetis
3652 2330 3790 2384 prae-

2208 2403 2503 2456 nuntiatum
2544 2400 2708 2455 fuisse
2733 2401 2959 2470 probat,
3005 2401 3342 2472 futurumque
3379 2404 3523 2459 orbis
3553 2406 3789 2461 universi

2201 2491 2482 2561 judicium.
2529 2493 2745 2549 Deutum
2785 2491 2958 2547 crucis
2985 2490 3183 2547 Christi
3210 2495 3564 2561 praestantiam
3592 2504 3649 2550 et
3683 2495 3786 2550 ho-

2207 2598 2392 2638 norem
2421 2583 2653 2651 pluribus
2682 2582 2896 2637 indieat.
2927 2581 3268 2652 Imperatores
3286 2584 3440 2648 enim,
3474 2584 3664 2653 inquit,
3687 2602 3786 2656 po-

2205 2676 2300 2730 sito
2322 2674 2623 2741 diademate,
2655 2691 2854 2732 crucem
2878 2676 3176 2744 suscipiunt,
3204 2674 3487 2746 symbolum
3514 2678 3687 2731 mortis
3716 2679 3786 2731 il-

2207 2767 2304 2821 lius
2325 2783 2343 2821 :
2364 2768 2416 2819 in
2447 2783 2674 2836 purpura
2706 2782 2858 2833 cruat,
2894 2766 2947 2819 in
2974 2766 3255 2819 diademate
3281 2782 3440 2830 crux,
3479 2767 3531 2820 in
3557 2768 3786 2836 precibus

2203 2874 2348 2923 crta,
2380 2858 2432 2910 in
2460 2857 2614 2910 armis
2639 2872 2796 2921 crux;
2823 2865 2869 2909 et
2890 2855 3066 2924 ubique
3091 2865 3339 2919 terrarum
3358 2872 3485 2910 crux
3504 2857 3618 2926 plus
3636 2874 3787 2925 qualn

2205 2949 2282 3004 sol
2310 2947 2543 3019 refulget.
2574 2947 2753 3018 Pergit
2773 2961 2900 3003 vero
2929 2946 2995 3001 de
3016 2961 3173 3001 cruce
3202 2946 3458 3015 loquens;
3491 2946 3618 3002 dicit
3641 2948 3787 3016 prin-

2204 3041 2348 3110 cipes
2374 3050 2429 3094 et
2456 3039 2694 3094 subditos
2714 3081 2728 3105 ,
2773 3038 3021 3095 mulieres
3047 3046 3102 3093 et
3129 3039 3303 3104 viros,
3332 3039 3561 3109 virgines
3589 3048 3645 3094 et
3679 3056 3786 3094 nu-

2206 3142 2357 3201 ptas,
2390 3145 2576 3185 servos
2605 3139 2659 3185 et
2687 3130 2880 3184 liberos
2922 3130 3128 3198 signum
3169 3130 3344 3184 crucis
3380 3128 3642 3186 frontibus
3679 3133 3784 3185 im-

2202 3222 2451 3291 primere,
2481 3236 2545 3274 ac
2570 3220 3090 3289 viros-mulieresque
3116 3235 3255 3274 vera:
3274 3221 3446 3277 crucis
3473 3222 3783 3290 particulam

2201 3326 2336 3373 auro
2362 3310 2615 3364 inclusam
2645 3324 2676 3363 a
2704 3309 2841 3363 collo
2869 3309 3210 3377 suspendere.
3254 3309 3580 3380 Demumque
3606 3317 3787 3367 narrat

2201 3402 2434 3465 Judzcos,
2462 3401 2671 3458 favente
2696 3402 2793 3457 sibi
2822 3402 3161 3471 imperatore,
3192 3403 3280 3472 qui
3302 3418 3488 3458 omnes
3511 3404 3786 3473 impietate

2202 3493 2506 3564 superabat,
2539 3509 2729 3563 nempe
2754 3492 2961 3547 Juliano
2990 3496 3260 3565 Apostata,
3291 3495 3541 3564 templum
3571 3508 3783 3551 restauo

2202 3600 2321 3639 rare
2352 3583 2541 3637 frustra
2575 3585 2875 3638 teutavisse.

2271 3673 2513 3743 Quinque
2551 3690 2678 3729 vero
2713 3683 2998 3744 sequentes
3043 3684 3226 3731 contra
3271 3674 3484 3732 Iudaeos
3534 3674 3782 3733 homilias

2200 3765 2286 3821 diu
2316 3777 2435 3834 post
2462 3766 2815 3820 intermissam
2863 3777 3047 3821 contra
3071 3768 3288 3823 eosdem
3329 3770 3780 3825 concertationem

2200 3856 2405 3911 habitas
2449 3858 2609 3912 fuisse
2632 3858 2954 3936 .suhiudicat
3004 3859 3115 3928 ipse
3162 3857 3574 3931 Chrysostomus
3626 3862 3780 3916 initio

2198 3957 2428 4019 quarm,
2462 3949 2544 4003 his
2571 3949 2746 4003 verbis
2770 3967 2781 4001 :
2815 3945 3011 4005 Rursus
3035 3948 3259 4021 infelices
3289 3951 3366 4005 illi
3392 3950 3780 4022 mortaliumquc

2197 4038 2462 4092 miserrimi
2480 4034 2651 4094 Iudici
2668 4040 2956 4111 jejunaturi
2983 4050 3141 4095 sunt:
3168 4058 3343 4095 rursus
3367 4041 3553 4097 Christi
3572 4059 3778 4115 gregem

2197 4130 2482 4183 muniamus
2520 4146 2717 4183 necesse
2751 4139 2842 4183 est.
2891 4130 2995 4186 Sed
3043 4143 3227 4201 aperte
3270 4131 3511 4186 declarat
3558 4133 3779 4189 homilia

2194 4231 2341 4274 sexta
2386 4236 2531 4275 num.
2574 4222 2643 4275 ti:
2694 4220 2831 4288 Quid
2875 4233 3039 4276 autem
3082 4222 3258 4293 loquor
3300 4222 3363 4276 de
3409 4223 3777 4291 prccdonibus.’

2194 4317 2417 4384 profecto
2457 4313 2594 4367 scitis
2621 4330 2791 4368 omnes
2830 4329 2891 4367 ac
2920 4312 3245 4382 meministis,
3272 4315 3472 4393 quando
3501 4314 3641 4385 apud
3678 4331 3774 4370 nos

2190 4403 2416 4458 scelerati
2434 4404 2637 4474 quidam
2657 4414 2703 4458 et
2733 4404 3120 4474 prastigiatores
3143 4414 3335 4459 statuas
3354 4405 3596 4476 principis
3624 4405 3763 4475 deje-

2191 4504 2379 4557 cerunt,
2412 4512 2509 4564 quo
2540 4504 2684 4565 pacto
2710 4512 2809 4550 non
2838 4496 2917 4550 illi
2938 4505 3152 4559 tantum,
3175 4497 3264 4567 qui
3288 4494 3485 4565 facinus
3508 4496 3621 4550 ausi
3647 4497 3771 4566 [he-

2191 4597 2303 4638 rant
2323 4625 2338 4650 ,
2368 4585 2457 4640 sed
2480 4595 2718 4655 quotquot
2743 4585 3037 4656 simpliciter
3071 4596 3338 4656 praesentes
3376 4586 3627 4656 conspecti
3650 4587 3772 4654 [ue—

2190 4688 2341 4746 rant,
2385 4679 2619 4748 quoniam
2649 4679 2943 4733 ridebantur
2980 4679 3082 4733 illis
3123 4678 3385 4745 assentiri,
3431 4679 3483 4732 in
3511 4678 3772 4748 judicium

2188 4770 2412 4839 abrepti,
2440 4769 2687 4839 simulque
2712 4785 2826 4823 cum
2856 4769 2958 4823 illis
2983 4768 3185 4824 abducti
3203 4811 3217 4834 ,
3260 4778 3476 4824 extremo
3510 4768 3773 4838 supplicio

2185 4870 2302 4914 sunt
2322 4858 2506 4926 affecti.
2535 4857 2627 4914 llic
2649 4868 2990 4915 memoratam
3006 4858 3246 4914 videmus
3267 4859 3405 4913 illam
3431 4857 3766 4927 tragmdiam,

2189 4965 2306 5020 qua:
2338 4966 2430 5020 per
2472 4959 2634 5005 totam
2663 4950 3129 5021 Quadragesimam
3159 4950 3283 5005 anni
3326 4950 3450 5014 587,
3482 4949 3766 5003 occasione

2184 5042 2510 5109 deiectorum
2541 5051 2863 5106 statuarum,
2890 5041 3183 5097 Antiochia:
3206 5042 3504 5113 Spectacula
3533 5039 3665 5105 fuit,
3693 5039 3764 5094 de

2182 5150 2285 5205 qua
2311 5133 2542 5203 pluribus
2562 5151 2660 5188 suo
2683 5134 2817 5190 loco.
2846 5135 2969 5190 llaec
2990 5150 3149 5206 porro
3170 5143 3316 5191 sexta
3341 5124 3558 5188 homilia
3580 5133 3763 5188 habita

2181 5234 2262 5280 est
2289 5227 2402 5297 ipso
2424 5226 2615 5303 jejunii
2644 5226 2946 5282 Judatorum
2976 5226 3060 5282 die
3081 5269 3095 5291 ,
3124 5237 3181 5281 ut
3206 5226 3319 5296 ipse
3345 5220 3761 5298 Chrysostomus

2180 5317 2308 5372 dicit
2336 5320 2387 5372 in
2418 5318 2561 5373 fine:
2591 5327 2775 5389 quarta
2803 5318 2991 5374 decem
3015 5319 3226 5374 circiter
3259 5317 3446 5374 diebus
3470 5326 3592 5372 ante
3616 5316 3760 5386 jeju-

2179 5410 2363 5465 nium:
2394 5410 2575 5481 quinta
2596 5409 2935 5475 intermedio,
2961 5418 3017 5465 ut
3034 5425 3100 5465 ex
3124 5409 3365 5466 ordiendi
3387 5409 3545 5464 modo
3568 5408 3755 5478 Squet.

2182 5511 2423 5571 tempore
2447 5519 2460 5556 :
2484 5502 2729 5572 septima,
2752 5501 2983 5556 nondum
3005 5500 3248 5557 absoluto
3262 5500 3564 5558 .ludteorum
3589 5500 3758 5553 festo:

2177 5603 2364 5647 octava
2385 5633 2398 5658 ,
2445 5605 2562 5662 post
2587 5592 2844 5663 jejunium
2885 5602 2937 5647 et
2966 5592 3190 5657 festum;
3221 5591 3293 5646 ita
3339 5602 3395 5646 ut
3424 5607 3488 5645 ex
3527 5591 3766 5661 Chryso-

2180 5682 2339 5737 stomi
2368 5682 2542 5737 verbis
2565 5682 2711 5738 clare
2735 5682 3015 5753 colligatur
3037 5697 3157 5737 eum
3189 5682 3361 5736 minus
3385 5695 3543 5751 quam
3576 5678 3763 5749 viginti

2176 5774 2378 5831 dierum
2411 5774 2578 5844 spatio
2614 5772 2845 5844 quinque
2876 5784 3169 5844 postremas
3201 5782 3383 5828 contra
3412 5770 3624 5826 .ludreos
3650 5769 3750 5826 bc-
