4110 6148
298 253 390 311 109
1304 294 1315 307 ,
1466 253 1645 310 NUNC
1685 251 1940 310 PRIMUM
1980 250 2370 312 ADOBNATA.

295 366 459 421 milias
491 377 676 420 mense
714 360 1012 433 Septembri
1051 362 1358 420 absolvisse.
1400 364 1507 420 llac
1547 366 1611 420 de
1642 383 1698 421 re
1722 366 1861 420 diffi-

295 457 453 511 cultas
480 454 627 509 nulla
666 452 897 508 suboriri
926 462 1119 522 potest.
1154 453 1338 509 Utrum
1368 466 1544 509 autem
1571 473 1710 511 anno
1736 458 1862 524 587,

294 548 472 604 eodem
514 555 826 602 recurrente
861 545 1098 615 jejunio,
1141 545 1291 616 cujus
1318 561 1476 602 causa
1516 558 1623 603 tres
1667 548 1868 617 priores

296 636 529 693 bomilias
563 650 706 691 anno
744 637 987 705 proximo
1011 634 1295 699 habuerat,
1341 635 1440 691 bas
1473 638 1706 707 quinque
1732 653 1865 692 con-

296 727 467 782 ciones
493 726 936 797 pronuntiaverit,
965 725 1065 780 etsi
1090 740 1194 779 non
1224 726 1441 795 perinde
1465 737 1667 781 certum
1700 728 1865 784 babe-

297 825 391 880 tur,
414 817 634 871 omnino
662 827 842 871 tamen
864 816 1134 885 probabile
1160 825 1270 871 est.
1298 815 1358 870 In
1386 816 1572 871 harum
1596 830 1740 872 certe
1765 817 1866 872 ho-

294 906 547 961 miltarum
565 906 798 961 decursu
820 914 1113 977 martyrum
1134 906 1417 961 memorias
1434 920 1720 961 occurrere
1739 906 1868 962 dicit

294 1007 495 1053 sanctus
537 997 749 1063 doctor,
781 994 1227 1065 quemadmodum
1267 1004 1321 1050 et
1361 997 1414 1050 in
1456 996 1721 1067 prioribus
1761 997 1869 1052 illis

293 1087 628 1144 concionibus
649 1086 781 1143 anni
810 1086 916 1142 586
940 1105 955 1140 :
985 1101 1117 1156 quas
1143 1101 1326 1142 mense
1353 1087 1650 1156 Septembri
1681 1102 1740 1143 se
1768 1087 1867 1142 ba-

292 1177 461 1233 buisse
489 1176 825 1233 testiﬁcatur.
872 1174 1197 1247 Videturque
1238 1175 1648 1246 Cbrysostomus
1686 1176 1867 1232 .ludai-

291 1284 401 1325 cum
430 1269 698 1335 morbum,
729 1267 1150 1322 Christianorum
1171 1268 1524 1338 quorumdam
1554 1270 1746 1324 animis
1772 1269 1866 1324 ad—

291 1361 388 1416 huc
417 1360 753 1427 haerentem,
779 1359 867 1414 cui
906 1358 1166 1415 medicam
1215 1374 1431 1415 manum
1461 1375 1601 1416 anno
1638 1359 1742 1415 586
1769 1359 1865 1414 ad-

288 1460 545 1516 moverat,
592 1464 736 1505 anno
774 1449 939 1505 etiam
970 1449 1268 1520 insequenti
1310 1449 1520 1520 penitus
1554 1464 1743 1505 curare
1766 1463 1864 1503 vo-

288 1545 484 1599 luisse:
516 1543 797 1613 ipsumque
822 1540 1055 1596 homilite
1089 1550 1293 1611 quartae
1325 1539 1636 1605 exordium,
1669 1539 1867 1595 Rursus

286 1635 456 1690 Iudici
472 1634 756 1705 jejuuaturi
777 1643 896 1687 sunt
914 1672 930 1697 ,
961 1632 1205 1688 eamdem
1235 1632 1478 1702 proxime
1503 1643 1866 1689 recurrentem

286 1725 408 1781 anni
428 1732 791 1794 tempestatem
819 1738 1038 1794 prorsus
1063 1723 1363 1795 significare
1388 1723 1625 1778 videtur.

355 1818 486 1887 Quae
508 1827 695 1872 contra
721 1817 1013 1873 Anomteos
1043 1825 1096 1874 et
1118 1827 1305 1872 contra
1329 1816 1547 1872 Judteos
1571 1817 1725 1871 annis
1761 1815 1866 1872 586

285 1919 340 1965 et
362 1910 466 1964 587
509 1908 671 1974 dixit,
721 1917 777 1963 et
809 1907 1020 1978 quidem
1051 1922 1155 1962 non
1198 1908 1365 1963 semel
1402 1907 1627 1962 alternis
1661 1906 1867 1962 vicibus

288 2000 556 2055 interdum
582 1997 651 2053 de
684 2013 812 2061 uno,
844 1997 1106 2053 interdum
1133 1998 1200 2053 de
1225 1998 1332 2053 alio
1352 2007 1698 2068 argumento,
1733 2011 1864 2052 con-

289 2088 517 2143 tinenter
559 2094 613 2142 et
652 2087 939 2145 unaserie
980 2086 1293 2154 referenda,
1342 2102 1443 2142 nec
1485 2086 1865 2156 intercipienda

285 2176 569 2243 duximus,
614 2178 792 2233 missis
834 2178 953 2234 aliis
999 2178 1196 2234 diversi
1247 2179 1545 2250 argumenti
1589 2177 1863 2246 bomiliis,

284 2286 416 2340 quas
439 2286 537 2340 per
562 2270 688 2326 illud
722 2271 979 2340 temporis
1012 2272 1237 2341 Spatium
1259 2271 1329 2326 ad
1356 2270 1609 2341 populum
1643 2269 1860 2338 habuit,

281 2376 352 2415 ne
376 2362 455 2415 rei
475 2403 489 2426 ,
520 2377 637 2432 qua:
664 2361 905 2431 ejusdem
933 2363 1226 2433 argumenti
1262 2372 1379 2417 erat
1397 2402 1415 2429 ,
1455 2377 1666 2418 cursum
1695 2362 1863 2419 inter-

282 2451 622 2521 pellaremus.
650 2451 1007 2518 Quamobrem
1033 2452 1323 2522 repetenda
1352 2461 1478 2508 sunt
1501 2467 1563 2508 ea
1581 2493 1598 2517 ,
1625 2467 1743 2522 quae
1769 2467 1865 2520 per

283 2542 412 2596 illud
457 2544 711 2613 temporis
755 2543 1094 2598 interstitium
1141 2544 1415 2608 tractavit,
1459 2559 1681 2613 quorum
1731 2559 1864 2598 non-

280 2632 426 2687 nulla
459 2649 566 2688 non
596 2633 852 2703 minoris,
899 2634 1007 2689 imo
1053 2632 1272 2703 majoris
1314 2632 1569 2689 momenti
1611 2646 1729 2688 esse
1767 2648 1862 2702 pu-

283 2730 484 2777 tantur.

354 2815 584 2870 Homilia
619 2814 682 2871 de
714 2817 1065 2872 Melitenam.
1094 2845 1168 2858 —
1191 2815 1370 2873 Primo
1413 2825 1590 2874 autem
1633 2815 1861 2872 occurrit

279 2906 508 2963 Humilia
546 2906 615 2962 de
642 2908 1028 2974 Anathemate,
1068 2923 1225 2978 quam
1271 2915 1392 2978 post
1432 2908 1637 2967 tertiam
1675 2916 1860 2962 contra

278 2999 572 3054 Anommos
595 3014 654 3054 se
678 2999 1126 3068 pronuntiavisse,
1154 3013 1254 3054 nec
1277 2999 1503 3054 obscure
1535 2997 1772 3054 declarat
1808 2997 1859 3055 in

277 3089 565 3159 principio,
584 3100 656 3144 ut
676 3091 728 3144 in
749 3090 947 3145 Monito
970 3090 1305 3159 probavimus
1328 3088 1417 3160 (T.
1446 3091 1494 3144 1.
1522 3104 1569 3141 c.
1597 3087 1694 3142 941
1721 3091 1773 3159 );
1805 3098 1862 3159 ut

276 3197 473 3258 nempe
500 3182 717 3244 sedaret
754 3183 1080 3245 simultatem
1125 3182 1396 3244 subortam
1423 3182 1550 3245 olim
1590 3182 1728 3244 inter
1752 3182 1862 3245 ile-

272 3279 510 3335 letianos
536 3287 591 3335 et
615 3280 949 3336 Paulinianos
976 3291 1229 3352 utrosque
1257 3280 1586 3350 Catholicae,
1609 3296 1728 3351 quae
1755 3282 1863 3337 dis-

271 3370 464 3426 cordia
490 3370 594 3426 sub
619 3371 895 3440 Flaviano,
920 3380 974 3428 et
997 3372 1064 3427 ad
1090 3373 1303 3447 longum
1330 3381 1512 3441 postea
1532 3381 1740 3443 tempus
1767 3388 1863 3428 ex-

273 3469 445 3516 tracta
475 3468 581 3517 est.
628 3460 732 3517 Sed
761 3461 828 3517 ad
856 3463 1070 3519 lectoris
1106 3462 1448 3519 commodum
1484 3479 1571 3520 res
1608 3465 1679 3520 ab
1706 3465 1862 3522 initio

262 3552 485 3609 dissidii
513 3553 802 3623 repetenda
829 3562 932 3609 est.

341 3644 659 3700 Eustathius
684 3644 1072 3713 Antiochenus,
1100 3646 1183 3701 vir
1205 3657 1418 3705 sanctus
1443 3647 1823 3704 et-Catholicus
1841 3690 1857 3716 ,

264 3738 510 3808 ideoque
540 3739 755 3794 Arianis
786 3740 988 3794 invisus
1006 3781 1022 3805 ,
1051 3739 1285 3808 ipsorum
1312 3754 1472 3810 opera
1499 3749 1553 3795 et
1579 3741 1860 3796 calumniis

262 3828 554 3898 depositus
578 3828 631 3883 in
674 3828 1030 3898 exsiliumque
1058 3839 1208 3883 actus
1247 3828 1453 3895 fuerat,
1483 3845 1621 3885 anno
1648 3831 1861 3887 circiter

272 3920 409 3982 570;
436 3921 495 3974 in
525 3921 747 3991 ejusque
774 3921 943 3976 locum
972 3920 1286 3976 substitutus
1308 3920 1477 3977 fuerat
1496 3922 1630 3977 alius
1654 3922 1859 3993 cpisco-

271 4027 375 4080 pus
431 4012 663 4069 Arianus
699 4028 714 4065 :
765 4012 1121 4082 debicepsquc
1167 4012 1474 4067 continuata
1519 4014 1859 4069 successione

265 4102 521 4170 ejusdem
550 4110 711 4157 secta:
748 4103 980 4172 episcopi
1006 4103 1389 4160 Antiochenam
1414 4111 1631 4159 tenuere
1652 4104 1855 4171 sedem,

267 4194 567 4248 thitbolieis
612 4193 821 4250 interim
871 4210 994 4250 cum
1045 4194 1398 4251 Eustathiano
1437 4194 1582 4250 clero
1627 4196 1852 4251 seorsim

264 4284 536 4340 collectas
575 4285 886 4355 agentibus,
929 4286 1099 4343 donec
1137 4286 1317 4340 Ariani
1358 4285 1658 4354 Meletium,
1699 4300 1856 4355 quem

266 4375 470 4431 ha-resi
498 4390 610 4431 suae
629 4376 894 4432 addictum
924 4376 1198 4447 putabant,
1227 4378 1280 4433 in
1308 4379 1614 4449 episcopum
1644 4379 1859 4434 ordina-

266 4475 420 4520 runt.
455 4466 859 4535 Peropporutne
891 4481 1018 4523 vero
1040 4468 1232 4522 cecidit
1271 4475 1329 4522 ut
1352 4468 1464 4541 ipse
1493 4482 1597 4523 non
1624 4466 1860 4543 Catholi-

266 4572 370 4610 cus
399 4555 593 4622 modo,
623 4556 717 4611 sed
742 4557 903 4612 etiam
932 4572 996 4612 ex
1026 4556 1425 4615 ferventioribus
1461 4556 1749 4612 Catholicis
1774 4571 1860 4612 es-

262 4655 375 4704 set.
407 4649 477 4703 At
503 4662 626 4702 cum
657 4656 839 4717 postea
860 4649 1243 4718 comperissent
1268 4648 1439 4719 ipsum
1464 4647 1750 4703 Catholica:
1780 4647 1857 4707 rei

266 4738 543 4797 vindicem
563 4778 581 4803 ,
610 4740 925 4810 Arianisque
960 4738 1223 4796 infensum
1249 4753 1401 4804 esse,
1440 4737 1612 4792 virum
1641 4739 1693 4793 in
1720 4739 1860 4793 exsi-

263 4829 404 4883 lium
447 4828 576 4899 pelli
618 4838 840 4896 curant,
884 4830 938 4886 in
967 4830 1189 4902 ejusque
1226 4830 1398 4886 locum
1430 4829 1681 4884 Euzoium
1707 4829 1859 4884 Aria-

258 4934 401 4973 num
428 4919 778 4975 substituunt.
807 4920 958 4977 Tune
984 4936 1113 4977 vero
1152 4930 1261 4978 tres
1298 4921 1351 4976 in
1395 4929 1572 4991 partes
1607 4920 1856 4977 distracta

254 5008 466 5064 civitas
499 5007 632 5064 fuit:
665 5010 830 5079 prima
856 5019 973 5067 erat
999 5011 1460 5067 Eustathianorum
1482 5054 1499 5077 ,
1525 5012 1637 5067 sive
1670 5027 1855 5079 eorum

252 5098 359 5167 qui
394 5101 457 5153 S.
493 5098 772 5157 Eustathio
796 5101 990 5157 addicti
1029 5112 1208 5169 erant,
1247 5101 1442 5173 quique
1480 5101 1671 5156 Meletii
1710 5116 1858 5156 com-

248 5189 587 5247 munionem
610 5229 625 5254 ,
655 5189 796 5260 quod
839 5190 907 5245 ab
932 5191 1143 5246 Arionis
1172 5192 1223 5246 in
1250 5191 1553 5262 episcopum
1583 5199 1857 5261 c00ptatns

252 5278 463 5333 fuisset
484 5321 500 5343 ,
532 5279 887 5349 respuebant;
918 5280 1151 5336 secunda
1191 5281 1585 5337 Meletianornm
1607 5322 1622 5348 ,
1656 5282 1859 5337 scilicet

248 5366 702 5436 Catholicorum,
734 5371 822 5440 qui
849 5370 1120 5427 Meletium
1140 5414 1155 5437 ,
1188 5373 1290 5427 etsi
1318 5372 1385 5427 ab
1411 5371 1620 5427 Ariauis
1646 5372 1860 5426 ordina-

247 5466 378 5512 tum
400 5501 417 5524 ,
446 5468 638 5529 utpote
662 5459 1000 5515 Catholicum
1029 5461 1525 5531 sanctissimnmquc
1547 5461 1716 5515 virum
1734 5503 1747 5527 ,
1775 5474 1858 5514 se-

243 5549 610 5618 quebantur:
643 5550 797 5605 tertia
828 5550 1145 5605 Arianorum
1165 5590 1179 5614 ,
1222 5551 1311 5620 qui
1350 5566 1468 5605 eum
1500 5549 1700 5605 Euzoio
1731 5564 1858 5604 con-

244 5648 458 5698 ventus
484 5640 739 5713 agebant.
772 5637 1039 5697 Hactenus
1059 5650 1232 5697 tamen
1260 5640 1469 5697 nonnisi
1493 5639 1597 5696 duo
1620 5640 1852 5711 episcopi

3457 257 3553 312 illi

1967 369 2261 423 Antiochiae
2286 379 2457 433 erant,
2493 370 2739 424 nimirum
2761 385 2822 425 cx
2853 380 2999 440 parte
3024 367 3416 427 Catholicorum
3449 372 3552 426 Μαι

1969 453 2156 521 Ιοιῖιιεξ
2201 475 2268 512 ex
2308 460 2625 514 Arianorum
2652 476 2779 515 vero
2807 472 2955 530 parte
2984 461 3215 517 Euzoius
3238 480 3253 518 :
3280 479 3403 517 nam
3448 463 3554 518 Eu-

1968 548 2215 602 statbiani
2259 564 2378 602 cum
2422 548 2640 605 Paulino
2680 552 2992 623 presbytero
3036 553 3261 607 seorsim
3300 554 3550 608 collectas

1973 639 2220 709 agebant.

2039 728 2391 794 Quamobrem
2433 729 2753 786 Athanasius
2800 731 2854 787 in
2898 731 3113 803 Synodo
3154 732 3541 800 Alexandrina,

1967 832 2107 872 anno
2126 817 2250 884 362,
2281 819 2403 873 totis
2440 820 2639 874 viribus
2662 820 2924 875 nitebatur
2951 832 3005 874 ut
3029 821 3357 877 Eustathiani
3385 824 3532 881 Mele-

1969 907 2502 978 tianisjungerentur,
2521 924 2810 979 omnesque
2824 909 3081 965 Catholici
3097 927 3258 966 unum
3280 911 3540 968 Meletium

1968 998 2275 1067 episcopum
2299 1009 2676 1068 agnoscerent,
2704 999 2769 1054 ad
2790 1015 3015 1071 eamque
3043 1016 3153 1055 rem
3187 1001 3385 1072 legatos
3411 1003 3544 1057 duos

1966 1088 2252 1147 Eusebium
2282 1091 2671 1147 Vercellenscm
2695 1102 2744 1147 et
2777 1093 3046 1149 Asterium
3075 1093 3355 1162 episcopos
3378 1109 3408 1147 a
3439 1093 3540 1165 Sy-

1968 1178 2112 1233 nodo
2138 1180 2493 1239 Alexandrina
2512 1182 2647 1236 mitti
2673 1184 2894 1236 curavit.
2927 1182 3117 1237 Verum
3150 1183 3381 1248 interim,
3410 1183 3536 1237 dum

1966 1269 2123 1340 legati
2153 1270 2253 1327 iter
2266 1282 2503 1341 agerent,
2528 1272 2736 1328 Lucifer
2754 1271 3082 1327 Calaritanus
3105 1272 3245 1343 pium
3270 1274 3542 1329 Athanasii

1966 1359 2447 1432 Alexandriamque
2472 1362 2670 1433 Synodi
2697 1362 2976 1417 consilium
3018 1362 3421 1427 interturbavit,
3453 1363 3541 1432 qui

1966 1450 2241 1508 Paulinum
2285 1453 2338 1507 in
2378 1454 2683 1523 episcopum
2726 1453 2935 1522 allegit;
2966 1453 3034 1508 ita
3064 1460 3122 1506 ut
3154 1462 3262 1507 tres
3285 1451 3392 1521 jam
3424 1452 3544 1522 cpi.

1964 1545 2111 1615 scopi
2136 1545 2433 1602 Antiochia:
2457 1554 2658 1611 essent,
2684 1544 2790 1600 duo
2816 1543 3104 1609 Catholici,
3133 1553 3187 1599 et
3208 1560 3344 1597 unus
3385 1544 3539 1597 Aria-

1965 1651 2085 1690 uus.
2112 1637 2192 1691 Ex
2221 1636 2325 1692 hoc
2350 1643 2527 1692 autem
2549 1635 2941 1692 Catholicorum
2967 1634 3206 1702 dissidio,
3228 1633 3366 1705 quod
3389 1634 3542 1688 annis

1962 1726 2099 1784 bene
2126 1727 2306 1782 multis
2335 1726 2600 1797 perstitit,
2633 1726 2925 1781 innumera:
2963 1727 3092 1783 rixa:
3121 1726 3351 1781 subortu:
3379 1735 3502 1780 sunt
3521 1758 3541 1788 ,

1964 1818 2323 1883 contumeliae,
2348 1817 2591 1881 dicteria,
2616 1815 2916 1882 maledicta,
2949 1816 3139 1888 quibus
3160 1830 3219 1869 se
3245 1825 3427 1868 mutuo
3455 1814 3539 1868 di-

1964 1910 2135 1963 versis
2158 1907 2353 1962 addicti
2382 1907 2623 1976 partibus
2646 1906 2968 1972 lacerabant,
2997 1906 3156 1960 rebus
3186 1906 3355 1975 palam
3385 1906 3540 1959 exul-

1964 2002 2176 2057 ceratis.
2205 2000 2456 2056 Paulinus
2484 2015 2610 2055 vero
2637 2000 2688 2053 in
2716 1999 3021 2068 episcopum
3044 1997 3280 2052 adiectus
3308 1996 3538 2050 Alexan-

1964 2090 2131 2146 drina:
2193 2089 2412 2161 Synodo
2478 2074 2943 2161 subscripsitfin
3000 2102 3105 2158 qua
3172 2086 3529 2156 Apollinarius

1963 2180 2313 2244 Laodicenus,
2344 2180 2433 2250 qui
2464 2195 2530 2234 eo
2558 2178 2849 2234 monachos
2879 2189 3124 2233 oratores
3146 2192 3271 2232 suos
3298 2180 3533 2244 miserat,

1964 2280 2023 2326 ut
2050 2270 2435 2343 professionem
2479 2270 2601 2326 ﬁdei
2645 2286 2756 2326 suae
2794 2271 2844 2324 in
2877 2263 3014 2326 coetu
3053 2269 3266 2325 Patrum
3315 2269 3537 2340 darent,

1964 2360 2034 2423 ita
2064 2372 2237 2416 tamen
2263 2372 2321 2416 ut
2348 2376 2557 2416 errores
2585 2376 2710 2415 suos
2735 2360 2956 2415 subdole
2986 2361 3294 2427 reticerem,
3320 2362 3369 2414 in
3393 2376 3537 2415 com-

1964 2453 2271 2508 munionem
2300 2451 2617 2506 admittitur.
2651 2451 2904 2509 Paulinus
2930 2461 3107 2505 autem
3136 2465 3276 2505 anno
3304 2450 3408 2505 362
3446 2467 3535 2505 or-

1962 2547 2198 2612 dinatus,
2228 2559 2369 2601 anno
2397 2543 2519 2608 588,
2545 2543 2628 2599 vel
2650 2542 2774 2611 589,
2798 2542 2953 2597 linem
2978 2542 3183 2597 vivendi
3212 2541 3353 2596 fecit.
3379 2542 3534 2611 Apol—

1964 2636 2185 2691 linarius
2240 2652 2407 2700 vero,
2468 2635 2560 2704 qui
2621 2641 2743 2705 post
2794 2631 3065 2703 Synodum
3119 2631 3535 2689 Alexandrinam

1962 2740 2174 2785 errores
2203 2740 2327 2779 suos
2353 2724 2636 2795 spargebat
2672 2732 2727 2779 ut
2750 2733 2873 2780 ante
2893 2765 2909 2792 ,
2940 2723 3007 2777 ab
3035 2721 3323 2780 Athanasio
3348 2721 3537 2777 confu-

1966 2824 2104 2870 tatus
2128 2814 2225 2869 l‘uit
2252 2824 2306 2868 ut
2334 2815 2635 2869 bmreticus.

2036 2905 2159 2960 Haec
2202 2904 2568 2975 prmmittenda
2612 2914 2795 2971 erant,
2842 2912 2900 2958 ut
2940 2902 3301 2974 Chrysosmmi
3347 2910 3539 2973 scapus

1961 3008 2017 3054 et
2045 2998 2182 3053 dicta
2220 2996 2662 3067 intelligerentur.
2694 2995 2957 3050 Mcletiani
2988 3011 3114 3064 ergo
3140 2994 3399 3048 Catholici
3420 3035 3435 3059 ,
3468 2994 3535 3049 de

1960 3090 2119 3160 vulgo
2166 3090 2390 3167 loquor,
2438 3086 2800 3150 Eustatbianis
2847 3085 3059 3157 infensi,
3092 3085 3214 3138 hinc
3259 3084 3534 3139 maledicta

1963 3189 2263 3263 proferendi
2293 3188 2626 3243 occasionem
2654 3184 2938 3255 captabant
2956 3224 2970 3247 ,
2998 3175 3136 3253 quod
3176 3174 3426 3235 Paulinus
3451 3179 3531 3235 ei-

1960 3281 2081 3336 dem
2109 3278 2482 3335 Alexandrinm
2502 3274 2718 3348 Synodo
2745 3273 3162 3351 subscripsisset,
3187 3272 3269 3326 cui
3297 3272 3535 3345 subseri-1

1962 3379 2140 3441 pserat
2190 3369 2349 3425 etiam
2414 3367 2773 3440 Apollinarius
2845 3363 3197 3420 haeresiarcba
3225 3406 3241 3431 ,
3309 3364 3533 3432 ideoque

1962 3462 2346 3532 Apollinarium
2370 3460 2573 3517 Paulini
2600 3458 2906 3530 magistrum
2934 3456 3266 3512 dictitabant.
3294 3452 3533 3526 Chryse;

1960 3563 2164 3610 stomus
2191 3567 2317 3608 vero
2354 3552 2444 3622 qui
2486 3565 2628 3622 mgre
2673 3542 2960 3604 admodum
2996 3546 3208 3602 videbat
3241 3545 3529 3600 Ecclesiam

1962 3642 2348 3698 Antiochenam
2369 3641 2439 3695 ita
2461 3638 2759 3703 discissam,
2788 3646 2845 3692 ut
2871 3634 3124 3692 Catholici
3153 3636 3203 3688 in
3227 3633 3530 3689 Catholicos

1962 3743 2067 3791 tam
2098 3733 2349 3789 atrociter
2376 3733 2745 3802 insurgerent,
2773 3729 3043 3783 auditores
3070 3741 3196 3785 suos
3224 3726 3343 3780 talia
3374 3740 3532 3780 ausms

1959 3840 2148 3896 aSperc
2177 3824 2370 3894 excipit
2398 3840 2410 3877 :
2442 3818 2546 3878 Sed
2569 3821 2690 3891 quid
2715 3821 2886 3873 dicunt
2910 3818 3008 3884 illi,
3040 3818 3227 3887 inquit,
3250 3816 3318 3869 ad
3335 3832 3529 3870 omnem

1960 3916 2204 3970 malitiam
2235 3914 2448 3968 audaces
2468 3913 2494 3967 .9
2523 3911 2816 3975 Hazretipus,
2844 3910 3003 3974 aiunt,
3033 3907 3119 3961 ille
3140 3911 3303 3979 factus
3332 3915 3422 3965 est,
3451 3906 3530 3957 iu-

1960 4005 2267 4059 habitautem
2312 4004 2457 4058 habet
2500 4002 2782 4064 diabolum,
2833 4008 2878 4055 et
2920 3998 3138 4068 loquitur
3171 4007 3343 4051 contra
3372 3995 3530 4049 Deum

1960 4095 2251 4166 nequitiam,
2283 4095 2562 4164 multosque
2589 4091 2794 4146 suadela
2820 4105 3042 4161 vanaque
3079 4086 3282 4157 fallacia
3318 4086 3371 4140 in
3412 4102 3531 4156 pro-

1959 4184 2177 4255 fundum
2205 4183 2345 4237 exitii
2370 4182 2606 4246 abducit;
2630 4182 2837 4254 ideoque
2877 4196 2909 4233 η
2951 4178 3186 4233 Patribus
3218 4177 3403 4249 cjectus
3426 4186 3528 4241 est,

1960 4276 2178 4330 maxime
2203 4274 2352 4342 hujus
2381 4272 2635 4344 magister,
2675 4270 2761 4339 qui
2791 4280 2982 4339 partem
3008 4265 3249 4321 Ecclesim
3284 4266 3530 4321 abscidit:

1958 4368 2031 4422 sic
2059 4344 2148 4418 aut
2178 4362 2453 4417 Paulinum
2478 4369 2564 4414 aut
2592 4359 2962 4431 Apollinarium
2986 4358 3266 4426 designant.

2031 4456 2157 4511 Haec
2175 4453 2332 4509 refert
2355 4450 2765 4527 Cbrysostomus
2785 4457 2842 4500 ut
2865 4448 2930 4500 ab
2953 4445 3217 4499 incondita
3245 4443 3391 4497 turba
3420 4456 3525 4495 non

1959 4549 2035 4603 ita
2053 4552 2298 4601 accurate
2325 4543 2672 4599 dicebantur:
2701 4547 2755 4594 et
2782 4538 2904 4608 quia
2937 4552 3039 4590 non
3061 4550 3181 4591 raro
3208 4535 3407 4604 plebeia
3430 4534 3528 4587 hu-

1954 4636 2185 4710 jusmodi
2217 4633 2454 4691 convicia
2485 4642 2537 4688 et
2562 4631 2701 4686 dicta
2735 4628 3069 4700 peregrinum
3113 4626 3352 4680 sonantia
3400 4639 3523 4677 ora-

1961 4731 2089 4786 ti0ni
2115 4728 2566 4792 intermiscentur,
2589 4723 2702 4777 haec
2738 4722 2922 4778 concio
2950 4719 3128 4774 multis
3167 4717 3220 4772 in
3260 4716 3392 4772 locis
3418 4733 3523 4771 non

1959 4818 2073 4889 pari
2097 4827 2255 4888 atque
2280 4823 2486 4871 caetera:
2515 4810 2775 4882 elegantia
2802 4810 2944 4865 dicta
2970 4807 3198 4863 videtur.
3228 4806 3378 4862 lianc
3402 4820 3524 4860 cu.n

1958 4908 2188 4965 Baronio
2215 4915 2270 4964 et
2298 4904 2624 4972 llermantio,
2650 4908 2888 4958 vertente
2913 4914 3054 4955 anno
3076 4897 3181 4956 386
3205 4898 3398 4953 dictam
3426 4911 3526 4966 pu-

1960 5010 2169 5065 tamus,
2217 5013 2409 5068 resque
2443 4997 2659 5052 omnino
2701 5001 2844 5050 certa
2892 4991 3118 5046 videtnr.
3159 4988 3530 5045 Tillemontins

1963 5102 2138 5148 tamen
2165 5107 2231 5146 ex
2257 5090 2397 5145 male
2415 5089 2575 5143 allato
2598 5095 2651 5141 ct
2678 5084 2945 5140 intellecto
2960 5082 3118 5153 hujus
3135 5080 3367 5136 homilia:
3386 5081 3527 5144 loco,

1962 5191 2109 5253 putat
2137 5197 2252 5237 eam
2281 5179 2512 5235 habitam
2556 5176 2715 5232 fuisse
2744 5184 2863 5244 post
2889 5173 3094 5227 Paulini
3124 5181 3345 5226 mortem
3363 5212 3378 5234 ,
3410 5181 3529 5238 post

1962 5289 2157 5328 annum
2184 5271 2385 5327 scilicet
2411 5269 2535 5324 588.
2564 5267 2698 5322 Vide
2727 5266 2977 5320 Monitum
3010 5272 3268 5328 nostrum,
3290 5262 3377 5317 ubi
3399 5274 3526 5315 scu-

1966 5365 2125 5419 tentia
2154 5364 2270 5432 ejus
2298 5361 2610 5424 clarissime,
2643 5359 2693 5412 ni
2722 5357 2893 5421 fallor,
2924 5355 3244 5410 confutatur.

2035 5454 2100 5507 In
2127 5453 2307 5507 Natali
2333 5451 2519 5505 Christi
2538 5449 2804 5503 concio.—-
2818 5446 3059 5514 Quinque
3086 5444 3268 5498 diebus
3298 5450 3412 5513 post
3439 5443 3529 5494 ha-

1964 5545 2125 5600 bitam
2155 5545 2206 5597 in
2246 5543 2303 5598 S.
2328 5539 2697 5609 Philogonium
2744 5535 3009 5589 homiliam
3032 5576 3046 5600 ,
3079 5533 3127 5587 id
3155 5542 3237 5588 cst
3270 5531 3527 5601 vigesima

1961 5637 2139 5708 quinta
2171 5631 2473 5690 Decembris
2496 5671 2509 5697 ,
2535 5639 2589 5684 ut
2621 5629 2733 5699 ipse
2758 5625 3163 5698 Chrysostomus
3201 5621 3525 5683 tesﬁﬁcatur,
