4110 6148
543 300 645 360 HI

538 420 713 489 prima
740 415 854 469 vice
881 412 948 468 de
975 412 1060 466 die
1084 410 1253 465 Natali
1276 407 1470 472 Christi
1499 409 1839 462 concinnatus
1858 417 1940 461 est
1960 404 2046 476 (Τ.
2063 404 2119 458 2.

545 516 592 555 c.
623 501 750 557 35!.
770 498 807 553 l.
824 499 937 570 24).
956 497 1090 554 Cum
1110 498 1259 556 enim
1296 498 1522 558 nondum
1555 499 1780 555 decimus
1799 516 1966 554 annus
1982 511 2129 563 esset,

543 588 719 660 inquit
746 589 856 657 ille,
886 606 949 644 ea:
973 607 1074 661 quo
1099 591 1208 646 dies
1232 590 1322 647 ille
1349 591 1703 647 Antiochenis
1742 592 2031 650 inualuerat
2066 589 2135 646 ab

543 680 851 743 Occidente,
882 677 976 734 ubi
1003 678 1071 734 ab
1098 677 1318 733 exordio
1348 677 1437 731 illa
1464 675 1551 730 die
1589 674 1889 730 celebratus
1918 674 2122 742 fuerat,

542 772 881 830 Antiochiam
918 769 1159 835 delatus;
1188 768 1341 824 multi
1371 768 1512 824 diem
1556 767 1748 824 festum
1793 765 2124 836 hujusmudi,

543 865 695 936 quasi
721 878 917 919 novum
947 877 1012 918 ac
1038 870 1282 919 recenter
1311 860 1582 916 inductum
1608 858 2007 923 detrectabant;
2035 857 2129 913 alii

545 966 724 1010 tamen
767 969 961 1025 magno
1007 967 1231 1008 numero
1270 951 1501 1007 libenter
1544 949 1937 1005 admittebant:
1967 962 2127 1020 quam

544 1048 983 1117 disceptationem
1007 1058 1064 1100 ut
1082 1046 1282 1115 sopiret
1308 1043 1741 1116 Chrysostomus,
1765 1041 1854 1098 ubi
1875 1043 2125 1112 primum,

545 1147 826 1210 postquam
873 1138 1151 1209 presbyter
1191 1136 1464 1191 ordinatus
1515 1136 1720 1200 fuerat,
1768 1136 2000 1191 occurrit
2041 1134 2129 1193 illa

545 1230 852 1293 celebritas,
890 1229 1026 1288 hanc
1054 1227 1326 1282 homiliam
1358 1226 1560 1290 habuit,
1588 1232 1651 1287 ut
1677 1214 1949 1283 subortam
1981 1224 2129 1283 litem

549 1321 784 1385 tolleret,
809 1328 864 1373 et
889 1317 1031 1374 diem
1060 1317 1302 1374 Natalem
1327 1315 1523 1373 Christi
1553 1317 1608 1371 in
1634 1298 1943 1386 vigesimum
1969 1315 2129 1388 quin-

548 1420 658 1467 tam
688 1410 998 1472 Decembris
1037 1409 1271 1465 incidere
1298 1408 1477 1465 multis
1504 1408 1832 1479 argumentis
1863 1407 2129 1477 probaret,

553 1504 736 1559 Primo
777 1502 853 1558 ait
891 1502 1028 1561 hanc
1065 1516 1246 1558 veram
1272 1516 1392 1558 esse
1417 1501 1738 1559 sententiam
1763 1500 1847 1555 vel
1870 1500 1991 1555 inde
2011 1514 2134 1569 pro-

553 1595 801 1651 babiliter
825 1594 1011 1668 argui,
1037 1593 1179 1671 quod
1209 1608 1610 1664 quaquaversus
1635 1592 1943 1650 denuntiata
1964 1633 1979 1657 ,
2009 1605 2131 1646 cum

552 1696 698 1747 tanta
727 1687 1002 1742 celeritate
1028 1687 1096 1740 ab
1130 1684 1378 1741 omnibus
1413 1694 1658 1754 suscepta
1704 1682 1885 1741 fuerit.
1932 1683 2134 1745 Deinde

551 1782 630 1839 ait
652 1780 742 1835 illa
767 1780 853 1836 die
879 1778 946 1834 ab
969 1778 1193 1841 exordio
1219 1793 1313 1848 per
1333 1786 1499 1832 totum
1527 1776 1871 1833 Occidentem
1893 1775 2134 1832 celebra-

550 1879 667 1936 tum
709 1870 870 1925 fuisse
896 1868 1094 1925 Christi
1135 1878 1347 1934 ortum,
1377 1868 1711 1938 maximeque
1751 1866 1956 1922 Romte.
2001 1868 2134 1922 Cum

549 1971 731 2021 autem
762 1973 956 2015 census
984 1957 1199 2031 Cyrenii
1220 1958 1372 2030 jussu
1400 1959 1620 2028 Augusti
1658 1959 1829 2013 factus
1851 2000 1866 2022 ,
1899 1958 1952 2012 in
1981 1957 2135 2018 tabu-

551 2053 727 2125 lisque
769 2051 1105 2122 descriptus,
1151 2065 1315 2123 penes
1354 2050 1623 2106 Romanos
1667 2050 1984 2117 haberetur;
2012 2050 2137 2111 hinc

553 2158 733 2199 verum
767 2154 1186 2213 germanumquc
1220 2141 1421 2200 Natalis
1448 2132 1643 2201 Christi
1685 2141 1826 2198 diem
1866 2142 2138 2199 Romanos

553 2233 818 2289 hausisse.
853 2232 1008 2289 Aliud
1032 2248 1242 2304 quoque
1279 2241 1650 2307 argumentum
1680 2242 1953 2289 mutuatur
1977 2248 2043 2293 ex
2072 2246 2138 2291 eo

554 2324 641 2380 die
661 2366 676 2392 ,
704 2339 812 2398 quo
843 2324 1114 2399 ingressus
1140 2332 1223 2379 cst
1248 2324 1301 2379 in
1333 2325 1586 2396 templum
1626 2323 1910 2386 Zacharias
1929 2367 1945 2390 ,
1977 2339 2137 2395 quem

555 2415 672 2488 ipse
696 2431 962 2473 summum
1004 2413 1309 2489 pontiﬁcem
1338 2424 1491 2488 putat
1520 2432 1534 2471 :
1567 2415 1690 2471 inde
1720 2431 1848 2472 vero
1873 2416 2138 2471 calculum

555 2510 737 2575 ducit,
781 2518 842 2565 ut
886 2509 1071 2581 probet
1114 2511 1165 2564 in
1196 2509 1504 2580 vigesimam
1548 2507 1786 2580 quintam
1827 2507 2140 2573 Decembris

558 2600 797 2661 incidere
826 2602 966 2657 diem
992 2600 1234 2663 Natalem
1265 2603 1495 2658 Domini.
1520 2601 1629 2659 [lac
1655 2617 1782 2661 vero
1812 2601 1879 2659 de
1905 2618 1964 2658 re
1988 2604 2140 2683 plura

558 2694 876 2765 protulimus
904 2694 956 2748 in
986 2693 1186 2751 Monito
1213 2694 1275 2751 T.
1303 2695 1360 2759 2,
1385 2710 1434 2757 ορ
1452 2695 1558 2759 547
1575 2736 1591 2761 ,
1624 2693 1712 2749 ubi
1740 2693 1860 2749 vide
1886 2694 1982 2749 sis.

630 2786 816 2843 Concio
832 2785 1200 2842 alim—Erant
1224 2786 1523 2843 Antiochia:
1549 2785 1763 2857 quidam
1782 2785 1850 2841 de
1866 2795 2009 2842 recta
2041 2785 2143 2841 fide

559 2893 669 2934 non
697 2877 866 2948 probe
891 2879 1207 2944 sentientes,
1236 2879 1326 2949 qui
1356 2876 1460 2934 hoc
1485 2876 1632 2937 Pauli
1652 2875 1859 2937 dictum
1886 2877 1938 2931 in
1960 2877 2143 2934 Eccle-

558 2970 640 3026 sia
695 2968 892 3025 lectum
930 2967 1033 3040 (Τ.
1072 2968 1125 3025 3.
1168 2985 1220 3029 β,
1261 2968 1446 3042 511),
1496 2968 1616 3024 Sive
1654 2985 1744 3038 per
1794 2968 2141 3037 occasionem,

558 3061 662 3121 sive
689 3076 780 3132 per
803 3061 1058 3116 ueritatem
1083 3058 1312 3117 Cltristus
1338 3062 1686 3124 annuntietur,
1714 3068 1761 3115 et
1796 3062 1849 3115 in
1887 3061 1981 3116 hoc
2010 3078 2144 3134 gau-

559 3156 676 3221 deo,
722 3155 795 3217 ita
839 3169 1003 3229 prave
1042 3153 1549 3234 interpretabantur,
1592 3163 1653 3215 ut
1694 3153 1973 3222 dicerent,
2017 3154 2146 3210 dum

558 3245 807 3303 Christus
829 3244 1255 3309 annuntiarctur,
1284 3259 1471 3317 parum
1498 3243 1760 3300 interesse
1788 3259 1855 3299 an
1894 3243 2145 3303 haeretica

561 3352 630 3393 an
672 3352 795 3393 vera
843 3335 1091 3408 dogmata
1119 3344 1324 3393 essent.
1355 3335 1469 3390 Hoc
1495 3336 1692 3392 erroris
1721 3344 2024 3406 portentum
2046 3334 2147 3395 de-

562 3430 715 3501 pellit
756 3428 1210 3499 Chrysostomus,
1256 3427 1606 3498 pluribusque
1658 3427 1989 3482 demonstrat
2042 3441 2149 3482 non

563 3533 684 3575 eam
708 3533 831 3575 esse
853 3518 1003 3578 Pauli
1025 3525 1279 3576 mentem.
1306 3516 1414 3578 Sed
1440 3533 1507 3575 ex
1528 3532 1653 3574 vera
1680 3533 1855 3574 rerum
1880 3527 2149 3588 gestarum

566 3611 789 3668 historia
812 3609 959 3671 Pauli
988 3609 1305 3669 sententiam
1348 3608 1487 3663 hanc
1524 3623 1646 3663 esse
1685 3606 2000 3668 conﬁrmat:
2025 3623 2150 3670 eum

565 3706 714 3762 Pauli
759 3703 958 3759 inimici
998 3702 1214 3777 quidam
1243 3716 1365 3757 eum
1400 3700 1629 3756 vinculis
1652 3700 2000 3761 constrictum
2026 3716 2149 3757 cer-

568 3805 793 3864 nerent,
841 3806 898 3851 ut
940 3795 1207 3855 Neronem
1254 3794 1422 3866 magis
1462 3793 1518 3854 in
1553 3808 1676 3853 eum
1729 3803 2148 3865 exasperarent,

569 3890 842 3960 ipsiusque
886 3887 1176 3958 perniciem
1235 3885 1574 3953 molirentur,
1628 3900 1809 3947 veram
1862 3900 2153 3958 sanamque

568 3980 733 4037 ﬁdem
763 3979 885 4036 ideo
913 3978 1291 4053 praedicabant,
1338 3986 1398 4031 ut
1437 3984 1596 4039 aucto
1640 3976 2022 4047 discipulorum
2050 3962 2152 4035 nu-

570 4087 722 4128 mero
752 4082 1009 4143 tyrannus
1034 4070 1124 4125 ille
1155 4070 1210 4123 in
1234 4068 1454 4131 Paulum
1480 4069 1683 4131 catenis
1704 4081 1955 4133 onustum
1987 4072 2156 4144 magis

572 4164 849 4235 magisque
872 4163 1106 4221 szeviret.
1131 4161 1246 4217 llac
1270 4176 1398 4217 vero
1426 4160 1492 4217 ,ιθ
1516 4176 1673 4218 causa
1696 4204 1712 4230 ,
1737 4162 1811 4217 ait
1838 4162 2157 4238 Cbrysosto-

573 4270 716 4321 mus,
739 4252 933 4309 Paulus
959 4252 1088 4308 dicit
1114 4270 1129 4309 :
1155 4251 1276 4308 Sive
1288 4269 1383 4325 per
1405 4254 1749 4322 occasionem,
1775 4254 1881 4312 sive
1912 4272 2004 4327 per
2028 4256 2158 4310 veri-4

571 4353 725 4399 tatem
766 4341 995 4400 Christus
1032 4343 1380 4410 annuntietur,
1426 4353 1472 4398 et
1513 4344 1567 4398 in
1607 4343 1703 4404 hoc
1736 4345 1954 4419 gaudeo.
1996 4345 2156 4407 Multa

574 4434 792 4507 plu-fert
821 4432 936 4490 haec
968 4434 1187 4489 ltomilia
1212 4433 1265 4488 in
1293 4432 1558 4504 principio
1579 4433 1646 4488 de
1682 4433 1999 4499 humilitate,
2026 4445 2077 4490 et
2102 4435 2158 4494 in

574 4527 682 4583 line
710 4526 779 4583 de
819 4525 1049 4582 utilitate
1078 4525 1498 4594 necessitatequc
1540 4524 1878 4594 precationis.
1914 4525 2157 4589 ﬂabitam

573 4629 754 4676 autem
797 4617 966 4675 fuisse
1008 4627 1129 4688 post
1167 4616 1309 4672 diem
1339 4616 1579 4673 Natalem
1599 4614 1797 4672 Christi
1826 4616 2024 4679 ultimis
2051 4617 2159 4680 De-

572 4710 810 4767 cembris
829 4708 1020 4764 diebus
1039 4708 1165 4763 anni
1196 4706 1332 4774 586,
1365 4722 1428 4762 ex
1473 4706 1603 4779 ipsis
1632 4705 1998 4781 Chrysostomi
2040 4724 2159 4764 ver-

575 4801 664 4858 bis
706 4799 978 4870 arguitur,
1009 4807 1065 4852 ut
1087 4797 1272 4854 videas
1313 4799 1369 4853 in
1395 4797 1596 4855 Monito
1623 4798 1685 4854 Τ.
1718 4801 1773 4868 5,
1804 4816 1860 4856 c.
1890 4799 1996 4856 309
2024 4817 2037 4855 :
2068 4800 2159 4856 ubi

576 4906 690 4946 rem
709 4930 726 4957 ,
752 4889 798 4944 si
825 4905 930 4945 non
975 4890 1200 4947 omnino
1227 4899 1430 4947 certam
1448 4930 1464 4957 ,
1499 4888 1786 4955 admodum
1811 4892 2157 4948 verismilem

575 4980 1138 5039 commonstravimus.

649 5073 837 5129 Concio
864 5075 918 5127 iu
946 5070 1289 5143 Epiphaniam
1310 5082 1357 5127 et
1381 5072 1518 5128 alia.
1540 5103 1612 5114 —
1631 5073 1687 5128 ln
1714 5073 1801 5131 die
1830 5087 2006 5130 autem
2035 5075 2161 5146 Epi-

579 5165 789 5238 phania:
817 5164 1059 5236 sequenti
1090 5162 1261 5238 (Auno
1284 5164 1433 5235 587),
1470 5175 1530 5221 ut
1559 5167 1778 5221 omnino
1814 5166 2161 5236 probabiliter

578 5256 933 5319 existimatur,
964 5253 1032 5310 de
1057 5254 1327 5327 Daptismo
1366 5263 1422 5310 et
1461 5255 1753 5327 Epiphania
1788 5255 1988 5311 Christi
2030 5272 2161 5312 con-

581 5347 791 5401 cionem
817 5344 1001 5400 habuit
1029 5341 1115 5417 (Τ.
1142 5343 1198 5399 2.
1219 5361 1267 5399 c.
1299 5342 1427 5415 565)
1452 5362 1464 5398 :
1485 5344 1573 5399 ubi
1600 5354 1879 5417 postquam
1907 5346 2157 5416 pupulum

581 5437 650 5494 ad
678 5437 969 5494 Ecclesiam
992 5435 1425 5508 frequentandam
1458 5437 1700 5494 hortatus
1728 5447 1830 5505 est,
1861 5438 1929 5494 de
1957 5439 2156 5509 duplici

580 5529 874 5602 epiphania
902 5531 1043 5601 agit;
1072 5528 1141 5584 de
1169 5528 1260 5585 illa
1296 5543 1492 5600 nempe
1515 5544 1617 5599 qua
1661 5531 1829 5602 magis
1856 5546 1921 5586 ex
1950 5531 2157 5586 oriente

581 5623 917 5681 venientibus
958 5623 1224 5692 apparuit,
1263 5621 1436 5693 deque
1471 5632 1764 5693 postrema,
1805 5638 1908 5693 qua
1949 5622 2000 5676 in
2026 5636 2157 5676 con-

581 5718 936 5775 summatione
954 5715 1136 5771 saeculi
1164 5729 1283 5769 cum
1313 5715 1480 5786 gloria
1513 5724 1567 5772 et
1596 5715 1879 5786 splendore
1905 5725 2157 5769 venturus

1606 294 1660 351 8.
1702 291 1980 350 JDANNIS
2011 288 2485 350 CHRW
2523 291 2702 362 “TA,

3717 291 3810 349 H2

2234 417 2336 464 est.
2378 407 2686 463 Miraculum
2729 406 2922 464 deinde
2964 407 3105 464 circa
3143 421 3337 479 aquam
3360 405 3611 478 baptismi
3650 422 3809 463 emin-

2233 499 2360 564 tiat;
2404 513 2529 554 nam
2573 513 2694 559 cum
2741 513 2929 554 versus
2972 497 3202 556 mediam
3244 507 3481 562 noctem,
3519 513 3640 569 quae
3670 500 3804 555 diem

2234 589 2548 662 Epiphania:
2574 589 2942 660 prmedebat,
2971 589 3165 660 singuli
3193 589 3264 645 de
3289 604 3426 660 aqua
3456 589 3545 646 itla
3571 590 3808 659 baptismi

2233 680 2417 737 latices
2458 695 2637 737 secum
2665 689 3030 752 asportarent,
3061 695 3195 752 aqua
3235 680 3324 735 illa
3362 695 3469 735 non
3506 695 3813 750 corrumpe-

2232 771 2409 839 batur,
2436 770 2531 826 sed
2560 771 2768 840 integro
2796 784 2938 825 anno
2958 810 2976 836 ,
3008 770 3134 840 quin
3162 778 3218 825 et
3250 769 3468 826 biennio
3502 778 3558 825 et
3586 772 3816 827 triennio

2233 863 2539 934 incorrupta
2566 865 2831 920 manebat.
2857 863 3024 920 Docet
3044 863 3239 919 deinde
3256 862 3383 934 quid
3398 863 3614 919 intersit
3630 864 3813 920 discri-

2232 954 2392 1009 minis
2417 954 2558 1015 inter
2588 954 2849 1024 baptisma
2871 954 3177 1010 Iudaeorum
3198 995 3214 1022 ,
3239 954 3503 1023 baptisma
3521 954 3740 1010 Joannis
3763 966 3813 1010 et

2234 1044 2494 1116 baptisma
2542 1044 2761 1102 Christi.
2807 1045 2942 1102 Hinc
2987 1045 3218 1115 explicat
3261 1045 3529 1116 quomodo
3575 1046 3814 1105 Christus

2236 1137 2535 1213 impleverit
2568 1153 2781 1192 omnem
2807 1136 3105 1208 justitiam;
3130 1136 3344 1201 demum
3375 1137 3619 1199 hortatur
3648 1154 3814 1209 p0pa-

2234 1227 2367 1293 lum,
2396 1237 2453 1282 ut
2477 1243 2666 1299 magna
2694 1243 2817 1291 cum
2845 1228 3143 1284 reverentia
3171 1227 3238 1283 ad
3267 1229 3538 1284 tremenda
3569 1231 3814 1302 mysteria

2234 1319 2475 1379 accedat.

2307 1411 2632 1468 Concionem
2675 1412 2744 1469 de
2787 1412 3059 1485 Baptismo
3096 1413 3294 1473 Christi
3337 1415 3415 1470 sic
3452 1430 3608 1472 orsus
3651 1416 3817 1473 fuerat

2234 1501 2648 1574 Chrysostomus
2678 1519 2693 1557 :
2728 1502 2915 1559 Omnes
2940 1520 3027 1558 eos
3044 1504 3101 1559 in
3122 1505 3297 1560 lwtitia
3321 1506 3491 1571 hodie,
3521 1522 3613 1578 ego
3635 1524 3749 1562 vero
3769 1510 3818 1564 in

2236 1598 2449 1648 mturare
2474 1610 2586 1648 sum
2612 1595 2771 1650 solus.
2799 1592 2939 1651 Nam
2965 1612 3080 1650 cum
3104 1597 3159 1651 in
3195 1597 3292 1652 hoc
3327 1600 3591 1670 spirituale
3617 1601 3818 1671 pelagus

2238 1683 2412 1739 oculos
2455 1701 2591 1740 meos
2633 1695 2866 1741 converto
2885 1727 2901 1750 ,
2946 1695 2994 1741 et
3038 1688 3307 1744 immensas
3348 1687 3594 1745 Ecclesia:
3628 1692 3819 1747 divitias

2238 1774 2576 1845 complector,-
2603 1791 2663 1830 ac
2690 1776 2870 1831 deinde
2891 1778 3146 1851 perpendo
3183 1782 3325 1852 fore,
3364 1788 3419 1834 ut
3453 1797 3568 1834 cum
3609 1782 3819 1852 primum

2238 1866 2532 1922 solemnitas
2558 1867 2657 1922 ista
2682 1869 3000 1939 prwterierit,
3027 1870 3291 1925 multitudo
3310 1888 3490 1926 rursus
3509 1871 3608 1927 ista
3635 1874 3820 1928 resiliat

2237 1968 2302 2010 ac
2329 1956 2553 2014 discedat
2580 1973 2600 2013 :
2627 1958 2827 2013 crucior
2850 1968 2899 2013 et
2927 1960 3085 2014 animi
3112 1960 3287 2016 dolore
3320 1978 3500 2033 angor,
3526 1964 3681 2033 quod,
3713 1980 3823 2017 cum

2241 2056 2345 2102 tam
2372 2050 2558 2103 multos
2588 2049 2770 2105 liberos
2790 2052 3036 2123 pepererit
3065 2051 3313 2119 Ecclesia,
3336 2070 3437 2108 non
3462 2053 3568 2108 illis
3588 2055 3755 2109 itidem
3772 2056 3824 2109 in

2240 2140 2456 2212 singulis
2482 2141 2706 2199 collectis
2727 2185 2743 2208 ,
2789 2144 2879 2198 sed
2905 2144 2957 2198 in
2984 2144 3124 2215 festis
3149 2145 3465 2207 solummodo
3505 2149 3610 2219 frui
3650 2166 3739 2220 pos
3752 2150 3822 2202 sit.

2241 2228 2394 2297 Quod
2423 2244 2583 2300 porro
2604 2232 2873 2287 metuebat
2891 2234 2981 2290 ille
3004 2234 3092 2291 die
3117 2237 3359 2307 sequenti
3387 2238 3613 2308 septima
3634 2238 3828 2295 lanna.

2244 2321 2309 2376 rii
2338 2321 2535 2377 accidit
2562 2322 2735 2394 (Anno
2753 2323 2905 2396 587).
2929 2324 3064 2381 Cum
3093 2327 3234 2382 enim
3265 2327 3333 2383 de
3360 2329 3417 2383 S.
3450 2328 3683 2384 Luciano
3701 2346 3829 2384 cono

2243 2411 2451 2469 eionem
2481 2412 2698 2471 haberet
2730 2412 2814 2490 (Τ.
2843 2415 2901 2471 2.
2930 2431 2976 2468 ε.
3009 2416 3167 2488 519),
3191 2417 3300 2488 iam
3331 2434 3436 2474 non
3465 2420 3606 2474 illam
3640 2422 3824 2493 populi

2246 2503 2598 2575 frequentiam
2620 2504 2812 2563 adesse
2830 2506 2983 2574 vidit,
2998 2506 3093 2563 sed
3116 2507 3272 2578 longe
3292 2510 3521 2566 rariores
3538 2511 3826 2579 auditores;

2243 2596 2591 2670 quamobrem
2618 2598 2697 2654 sic
2726 2597 2814 2654 ille
2842 2599 3048 2656 orditur
3077 2616 3091 2656 :
3121 2600 3273 2668 Quod
3298 2600 3528 2656 hesterno
3566 2602 3649 2656 die
3670 2604 3829 2673 perti—

2246 2689 2523 2752 metuebam
2563 2689 2752 2757 evenit,
2782 2699 2830 2745 et
2868 2690 2937 2745 ad
2976 2687 3213 2758 effectum
3244 2693 3359 2763 jam
3397 2692 3693 2760 perductum
3723 2704 3830 2762 est;

2246 2796 2428 2850 nempe
2450 2780 2534 2835 ubi
2562 2780 2743 2850 festum
2769 2781 3028 2853 praeteriit,
3051 2781 3206 2835 simul
3224 2783 3372 2835 etiam
3394 2783 3665 2838 multitudo
3689 2787 3832 2839 nobis

2246 2872 2516 2939 abscessit,
2563 2872 2827 2943 minorque
2863 2872 3005 2927 nobis
3035 2881 3189 2926 coetus
3224 2873 3393 2943 {actus
3426 2884 3517 2928 est.
3548 2872 3682 2930 Hinc
3714 2876 3833 2932 htce

2247 2963 2445 3022 clarius
2473 2965 2880 3019 commonstrari
2919 2963 3130 3019 videtur
3159 2964 3297 3021 hanc
3319 2963 3376 3021 S.
3400 2965 3616 3030 Lueiani
3665 2983 3831 3038 pane-

2247 3057 2401 3131 gyrin
2432 3057 2821 3128 pronuntiatam
2855 3055 3015 3112 fuisse
3030 3056 3118 3113 die
3144 3057 3492 3127 Epiphaniam
3520 3059 3836 3129 insequente

2251 3158 2308 3206 et
2334 3147 2522 3205 eodem
2550 3163 2688 3203 anno
2708 3148 2833 3204 587.
2857 3147 3122 3204 Lucianus
3145 3157 3321 3205 autem
3345 3150 3627 3223 presbyter
3646 3152 3838 3206 Antio.

2250 3240 2494 3304 chenus,
2542 3240 2713 3310 inquit
2747 3238 3191 3313 Chrysostonms,
3239 3240 3377 3297 fame
3418 3250 3472 3296 et
3516 3243 3840 3305 cruciatibus

2252 3332 2438 3389 multis
2463 3332 2666 3389 Christi
2690 3347 2884 3388 nomen
2915 3333 3146 3404 gloriose
3167 3332 3444 3388 confessus
3462 3343 3577 3389 est.
3606 3333 3661 3391 ld
3691 3337 3839 3390 300i!-

2252 3425 2332 3482 dit
2356 3441 2499 3481 anno
2523 3425 2658 3493 511,
2689 3424 2776 3480 vel
2815 3424 2951 3493 512,
2994 3424 3048 3479 in
3086 3427 3501 3495 persequutione
3543 3425 3839 3483 Maximini.

2252 3518 2683 3592 Martyrologium
2716 3517 3012 3580 Romanum
3041 3516 3109 3572 ad
3137 3515 3278 3572 diem
3318 3517 3351 3577 ἵ
3386 3515 3621 3573 Januarii
3646 3516 3704 3572 S.
3735 3516 3845 3572 Lu-

2254 3598 2394 3675 ciani
2422 3609 2737 3683 martyrium
2763 3609 3062 3665 annuntiat.
3092 3609 3243 3663 Hunc
3267 3609 3450 3664 Ariani
3477 3624 3689 3665 suarum
3718 3625 3847 3680 par.-

2254 3702 2386 3762 tium
2414 3700 2575 3762 fuisse
2600 3700 3011 3764 mentiebantur,
3038 3701 3290 3770 quoniam
3320 3715 3388 3757 ex
3412 3700 3689 3771 discipulis
3720 3702 3843 3773 ejus

2256 3793 2471 3864 quidam
2514 3807 2575 3853 se
2620 3792 2672 3850 in
2718 3791 3034 3847 Arianorum
3081 3800 3257 3847 castra
3305 3792 3691 3861 coniecerant:
3732 3794 3845 3851 imo

2256 3885 2374 3955 ipse
2417 3884 2575 3939 Arius
2621 3887 2854 3955 itemque
2902 3882 3166 3939 Eusebius
3202 3882 3653 3953 Nicomediensis,
3693 3885 3847 3942 illius

2259 3986 2420 4034 sectae
2445 3975 2820 4048 primipilares.
2844 3975 3063 4039 Luciani
3092 3974 3339 4044 discipuli
3370 3975 3610 4044 fuerant,
3638 3986 3694 4033 et
3720 3990 3851 4032 sese

2257 4066 2664 4124 Colluciauistas
2682 4066 2964 4122 vocabant.
2992 4065 3187 4121 Verum
3212 4065 3285 4120 illi
3307 4080 3337 4120 a
3356 4065 3574 4121 Luciani
3599 4066 3850 4120 doctrina

2259 4169 2316 4216 et
2345 4175 2373 4213 a
2403 4159 2663 4214 catholica
2702 4157 2808 4214 fide
2849 4158 3202 4221 desciverant.
3234 4157 3346 4219 Hac
3372 4157 3440 4217 de
3467 4174 3527 4217 re
3553 4174 3684 4215 vero
3711 4161 3856 4216 nihil

2262 4249 2314 4305 in
2345 4248 2714 4323 Chrysostomi
2747 4249 2999 4321 panegyri
3029 4247 3087 4305 S.
3109 4248 3327 4305 Luciani
3368 4249 3554 4305 fertur.

2334 4342 2447 4397 lloc
2490 4341 2706 4403 ineunte
2735 4356 2878 4401 anno
2906 4342 3011 4400 357
3037 4342 3385 4396 concionatus
3426 4351 3509 4397 est
3545 4341 3602 4398 S.
3631 4340 3856 4397 doctor.

2262 4433 2340 4489 Ex
2387 4432 2616 4489 homiliis
2661 4449 2819 4503 porro
2866 4433 3002 4499 illis,
3033 4447 3166 4504 quas
3201 4443 3331 4496 ante
3370 4433 3857 4504 Quadragesimam
3932 4474 3955 4478 ν.

2261 4525 2500 4596 ejusdem
2526 4523 2651 4579 anni
2674 4525 2739 4580 ad
2763 4525 3014 4595 p0pulum
3039 4523 3246 4591 habuit,
3269 4524 3413 4579 illam
3437 4524 3702 4595 ponimus,
3726 4540 3864 4596 qua:

2265 4618 2332 4674 de
2357 4617 2773 4679 Resurrectione
2809 4626 3140 4673 mortuorum
3170 4616 3498 4681 inscribitur,
3544 4616 3662 4686 ipso
3705 4617 3865 4671 indi-
3976 4628 3985 4633 ‘

2264 4718 2419 4765 canto
2443 4707 2599 4763 nobis
2621 4707 3004 4779 Chrysostomo
3022 4750 3041 4775 ,
3073 4707 3161 4778 qui
3183 4707 3261 4763 sic
3276 4707 3419 4763 illam
3440 4705 3646 4761 orditur
3676 4707 3774 4777 (Τ.
3793 4708 3861 4763 2.

2275 4812 2323 4852 c.
2350 4798 2454 4860 M7
2490 4816 2504 4853 :
2535 4797 2616 4860 De
2642 4799 2762 4871 ﬁdet
2784 4810 2968 4856 nostra!
2987 4798 3324 4872 dogmatibus,
3351 4799 3507 4869 deque
3524 4798 3689 4871 gloria
3720 4797 3871 4855 Uni-

2261 4890 2421 4963 geniti
2445 4888 2572 4945 Filii
2598 4888 2699 4953 Dei
2727 4901 2845 4945 ante
2875 4891 3015 4963 apud
3054 4907 3140 4947 vos
3173 4891 3529 4958 disseruimus,
3558 4890 3871 4945 obturantes

2261 4997 2437 5037 eorum
2463 4997 2573 5046 ora,
2599 4982 2686 5051 qui
2712 4981 2927 5052 gloriam
2954 4983 3034 5036 illi
3058 4981 3347 5049 detrahunt,
3377 4990 3426 5035 et
3449 4999 3481 5034 a
3499 4979 3741 5035 Genitore
3764 5000 3872 5036 suo

2266 5073 2488 5126 alienum
2516 5072 2712 5127 dicunt.
2743 5073 3039 5129 Conciones
3060 5088 3188 5129 vero
3212 5081 3395 5128 contra
3421 5073 3742 5136 Anommos,
3768 5075 3872 5141 qui

2267 5165 2485 5238 gloriam
2513 5164 2777 5235 Unigeniti
2810 5163 3130 5221 labefactare
3172 5164 3459 5231 curabant,
3491 5164 3583 5218 hic
3608 5177 3873 5218 comme-

2268 5269 2461 5322 morat,
2489 5273 2620 5327 qnas
2646 5256 2863 5312 ineunte
2890 5273 3032 5321 atina
3048 5258 3156 5314 387
3182 5257 3435 5322 absolvit,
3464 5264 3521 5309 ut
3560 5255 3613 5309 in
3650 5252 3880 5308 Monito

2267 5348 2333 5403 ad
2360 5347 2576 5403 easdem
2607 5348 2967 5418 probavimus.
2995 5348 3131 5408 Hinc
3150 5363 3278 5403 vero
3301 5347 3542 5418 arguitur
3561 5344 3699 5399 hanc
3720 5356 3877 5399 eon-

2266 5439 2473 5494 cionem
2500 5438 2601 5493 sub
2625 5438 2830 5495 initium
2869 5440 2992 5501 anni
3031 5440 3135 5499 387
3165 5438 3399 5494 habitam
3424 5437 3616 5503 fuisse,
3647 5443 3705 5491 et
3736 5433 3886 5505 qui-

2268 5529 2390 5585 dem
2416 5538 2539 5584 ante
2562 5530 3057 5604 Quadragesimam,
3086 5545 3246 5603 quam
3277 5538 3441 5584 totam
3470 5529 3523 5583 in
3555 5526 3887 5599 deploran-

2267 5620 2350 5676 dis
2373 5621 2823 5677 Antiochenorum
2846 5630 2968 5693 post
2995 5636 3212 5677 eversas
3239 5630 3442 5677 statuas
3461 5616 3889 5675 calamitatibus

2269 5717 2616 5786 consumpsit.
