4110 6148
321 297 422 352 M3

385 409 627 479 Hujusce
673 421 834 476 porro
877 403 1148 464 concionis
1186 412 1558 476 argumentum
1602 405 1656 459 in
1692 405 1912 459 exordio

315 500 504 558 Statuit
526 500 584 556 S.
609 499 826 553 Doctor.
848 496 1038 568 Agitur
1053 497 1118 551 de
1137 495 1532 551 resurrectione
1556 505 1906 557 mortuorum.

316 593 473 663 cujus
515 591 796 646 veritatem
846 588 1042 659 passim
1085 587 1280 642 asserit
1314 605 1326 641 :
1364 595 1695 640 mortuorum
1736 595 1913 639 autem

323 685 784 743 resurrectionem
812 682 1075 740 innumeri
1099 681 1360 752 negabant
1383 679 1748 752 Chrysostomi
1778 696 1913 735 :evo.

318 777 666 846 Prosequitur
710 782 896 844 postea
943 773 1010 829 de
1053 772 1379 828 instituenda
1419 771 1714 828 secundum
1745 772 1914 826 Deum

317 871 451 933 vita,
483 869 550 924 de
573 867 859 932 adeundis,
888 881 1148 937 perpensa
1180 865 1378 935 prtemii
1410 863 1804 935 magnitudine,
1834 864 1914 918 la-

317 961 538 1015 boribus
579 976 594 1015 :
641 957 953 1013 nonnullam
1009 956 1270 1012 bonorum
1322 971 1546 1026 operum
1612 955 1917 1011 mercedem

317 1052 482 1107 etiam
510 1051 564 1104 in
589 1050 688 1104 hac
711 1051 814 1102 vita
845 1048 1023 1114 tribui,
1048 1047 1193 1101 Pauli
1216 1047 1471 1116 exemplo
1499 1045 1771 1115 probatur.

389 1140 646 1206 Interea,
675 1155 797 1211 qua:
819 1139 1044 1194 Joannis
1080 1137 1450 1210 Chrysostomi
1484 1146 1728 1208 tempore
1775 1137 1915 1192 acci-

319 1233 516 1290 derunt
539 1274 556 1296 ,
587 1231 719 1286 nihil
750 1229 1153 1288 memorabilius
1180 1228 1268 1284 illa
1289 1227 1746 1284 Antiochenorum
1777 1226 1920 1284 sedi-

320 1325 488 1389 tione,
517 1339 622 1394 qna
651 1323 876 1392 dejectis
897 1321 1184 1378 Theodosii
1207 1320 1548 1391 Imperatoris
1574 1330 1628 1376 et
1653 1319 1919 1375 Flaccilla:

317 1418 438 1486 ejus
486 1416 671 1470 uxoris
710 1415 938 1481 statuis,
984 1415 1282 1484 iisdemque
1324 1429 1421 1483 per
1460 1414 1651 1468 urbem
1676 1413 1919 1482 raptatis,

317 1508 686 1564 Theodosium
714 1507 783 1561 ita
811 1513 1217 1576 exasperarunt,
1250 1513 1308 1560 ut
1329 1503 1396 1560 de
1418 1504 1551 1559 urbe
1574 1503 1801 1558 delenda
1829 1517 1920 1558 co-

318 1599 588 1669 gitaverit.
633 1598 758 1654 llaec
802 1597 898 1652 fuit
939 1595 1328 1668 Chrysostotno
1370 1605 1556 1651 nostro
1599 1594 1665 1648 ad
1702 1593 1920 1649 concio-

319 1690 484 1746 nandi
516 1690 824 1745 facultatem
855 1687 1212 1744 exercendam
1242 1687 1417 1758 ampla
1443 1687 1714 1744 materies.
1740 1686 1920 1741 Antio.

317 1781 513 1837 ahenis
559 1780 755 1851 quippe
799 1780 939 1834 inter
979 1793 1129 1849 spem
1170 1787 1225 1834 et
1262 1785 1462 1833 metum
1504 1775 1916 1842 ﬂuctuantibus,

316 1873 450 1929 dum
465 1873 727 1944 repentini
743 1887 900 1927 casus
920 1886 1110 1926 novam
1135 1871 1663 1942 inexspectatamque
1683 1868 1922 1940 quotidie

323 1963 410 2019 vel
453 1963 708 2033 Sperandi
738 1962 821 2017 vel
855 1961 1078 2018 timendi
1106 1975 1324 2016 causam
1355 1959 1611 2016 olferreut
1634 2000 1649 2023 ,
1680 1958 1917 2029 impara-

320 2065 408 2110 tus
440 2055 553 2110 iere
578 2069 796 2124 semper
821 2052 1255 2125 Chrysostomus,
1282 2061 1442 2121 prout
1463 2064 1551 2106 res
1578 2064 1703 2105 sese
1721 2048 1922 2104 dabant

318 2147 523 2218 stylum
557 2155 767 2200 vertere
796 2153 1034 2211 coaetus,
1061 2158 1206 2215 saepe
1233 2159 1297 2198 ex
1327 2151 1588 2212 tempore,
1613 2141 1730 2196 illas
1753 2139 1922 2196 admi-

319 2237 536 2292 ratione
564 2235 751 2306 dignas
794 2236 1084 2291 conciones
1130 2234 1506 2304 pronuntiabat
1539 2237 1559 2305 (
1589 2230 1830 2288 "milia
1854 2233 1921 2285 ad

319 2326 700 2392 Antiocheam,
752 2334 791 2380 t.
836 2325 893 2384 2.
950 2324 1164 2397 initio);
1217 2324 1377 2380 modo
1418 2332 1479 2379 ut
1521 2323 1574 2378 in
1619 2321 1922 2379 calamitate

322 2425 634 2473 versantem
684 2416 938 2487 populum
989 2415 1376 2479 consolaretur,
1426 2412 1588 2470 modo
1628 2419 1690 2469 ut
1727 2412 1923 2468 fractos

321 2511 548 2582 periculi
591 2509 956 2579 magnitudine
983 2509 1191 2564 animos
1219 2507 1564 2563 conﬁrmaret
1588 2523 1603 2562 :
1627 2515 1738 2561 tum
1781 2521 1923 2575 prm-

321 2603 482 2672 cipue
513 2609 574 2656 ut
596 2600 884 2656 occasione
920 2599 1313 2655 imminentium
1338 2598 1601 2655 malorum
1629 2595 1921 2652 Antioche-

323 2712 425 2751 nos
486 2694 556 2750 ad
620 2693 746 2749 vitia
794 2692 1111 2766 corrigenda
1152 2700 1207 2748 et
1257 2706 1437 2748 mores
1485 2687 1920 2760 componendos,

323 2787 662 2857 clttcndaque
703 2786 906 2842 scelera
927 2826 946 2853 ,
991 2801 1110 2856 quae
1141 2793 1340 2840 tantam
1374 2782 1464 2839 Dei
1492 2783 1628 2839 iram
1658 2783 1922 2838 accende-

323 2889 468 2946 rant,
497 2879 824 2935 monitorum
851 2877 1146 2950 frequentia
1170 2877 1462 2933 deduceret
1487 2895 1502 2932 :
1529 2876 1620 2946 qui
1647 2885 1793 2931 certe
1826 2888 1922 2928 co-

319 2982 484 3027 natus
507 2971 896 3044 Chrysostomo
922 2970 1088 3026 cessit
1125 2985 1194 3026 ex
1221 2977 1349 3026 voto
1367 3010 1384 3036 ,
1412 2977 1471 3024 ut
1505 2968 1596 3024 ille
1621 2967 1815 3022 alicubi
1845 2965 1924 3021 fa-

322 3072 492 3116 l8llll'.

397 3154 732 3210 Antiocheam
763 3154 1025 3215 seditionis
1055 3153 1288 3208 historia.
1313 3183 1386 3194 —
1409 3152 1595 3208 Tantae
1622 3166 1751 3208 vero
1778 3150 1922 3209 sedi-

321 3247 491 3302 tionis
527 3261 689 3302 causa
717 3246 844 3312 fuit,
877 3254 1012 3302 teste
1058 3245 1274 3300 Zosimo
1299 3243 1526 3317 (Zosim.
1557 3244 1594 3298 ι.
1627 3243 1692 3312 4)
1717 3284 1732 3308 ,
1763 3242 1925 3299 nimia

327 3341 658 3394 tributorum
685 3379 702 3401 .
747 3355 866 3410 qua:
907 3338 1142 3410 quotidie
1171 3338 1610 3408 excogitabantur
1631 3377 1647 3399 .
1675 3336 1885 3392 exactio
1906 3376 1924 3401 ,

329 3434 444 3486 sive
472 3446 572 3502 pro
597 3431 910 3486 celebritate
953 3431 1126 3502 quinti
1150 3430 1266 3485 initi
1309 3430 1378 3485 ab
1419 3428 1650 3484 Arcadio
1685 3428 1810 3482 anni
1859 3443 1926 3482 ex

327 3539 441 3594 quo
492 3523 768 3594 Augustus
795 3523 1164 3594 promulgatas
1215 3523 1424 3586 fuerat,
1456 3531 1511 3577 et
1557 3521 1750 3577 decimi
1803 3519 1928 3576 anni

325 3615 627 3676 Theodosii
657 3614 1026 3686 Imperatoris,
1050 3615 1140 3686 qui
1169 3629 1310 3670 anno
1338 3613 1436 3670 581
1471 3612 1754 3684 incipiebat
1773 3653 1788 3677 ,
1816 3611 1930 3668 sive

327 3722 434 3778 pro
459 3719 722 3777 apparatu
751 3706 876 3762 belli
901 3715 1087 3762 contra
1135 3705 1421 3763 Maximum
1453 3714 1732 3781 tyrannum
1756 3745 1774 3770 ,
1814 3704 1930 3761 sive

331 3812 434 3870 pro
460 3797 583 3852 aliis
613 3797 838 3868 publicis
882 3797 1309 3853 necessitatibus.
1344 3795 1550 3852 Tributi
1594 3809 1762 3850 onere
1811 3809 1932 3864 pcr-

329 3888 467 3944 cuIsi
497 3887 818 3943 Antiocheni
855 3887 1002 3942 cives
1037 3887 1352 3943 Praefectum
1397 3886 1630 3954 adeunt,
1663 3888 1696 3940 ii
1728 3887 1932 3942 scilicet

328 3979 424 4050 qui
452 3978 758 4033 urbanioris
799 3987 939 4033 notae
965 3987 1156 4043 erant;
1189 3990 1243 4032 et
1281 3978 1633 4048 lacrymantes
1660 4016 1675 4039 ,
1706 3975 1931 4046 vectigal

329 4071 598 4127 indictum
624 4069 846 4124 nimium
873 4078 1188 4140 queruntur,
1218 4069 1418 4139 Deique
1446 4084 1601 4138 opem
1630 4068 1929 4136 implorant.

333 4162 544 4218 Deinde
578 4176 710 4217 vero
738 4161 1284 4218 circumforaneormn
1313 4170 1367 4217 et
1403 4167 1710 4216 exterorum
1763 4159 1934 4214 humi.

333 4270 466 4310 num
497 4270 568 4309 ex
611 4253 795 4308 inﬁma
837 4254 994 4324 plebe
1054 4253 1206 4308 turba
1233 4293 1248 4318 ,
1280 4253 1564 4308 commotis
1601 4251 1795 4307 animis
1819 4293 1835 4320 ,
1879 4251 1934 4308 in

333 4345 581 4401 facinora
625 4354 932 4417 erumpunt.
963 4344 1143 4400 Primo
1183 4345 1234 4399 in
1290 4345 1505 4414 publico
1537 4345 1730 4402 balneo
1755 4345 1933 4400 omnia

335 4437 612 4506 susdeque
658 4445 904 4506 ponunt:
954 4435 1078 4492 hinc
1121 4435 1362 4491 Prtcfecti
1431 4435 1648 4491 domum
1696 4436 1932 4504 adeunt,

338 4528 614 4583 cancellos
655 4527 953 4598 januasque
982 4526 1487 4596 iuvadunt;vixque
1529 4527 1746 4582 coerciti
1771 4566 1788 4593 ,
1831 4528 1936 4582 alio

339 4621 582 4675 lurorcm
613 4628 951 4680 convertunt,
982 4619 1326 4689 depictasque
1353 4618 1732 4690 Imperatorunt
1766 4619 1935 4673 tabel-

345 4712 420 4767 las
449 4713 718 4784 lapidibus
744 4714 1008 4784 impetum
1027 4753 1045 4779 ,
1077 4713 1280 4769 fmtlant
1301 4720 1355 4766 et
1379 4709 1699 4766 labefactant
1725 4729 1738 4766 :
1764 4712 1936 4780 ipsos-

345 4819 447 4874 que
469 4804 1050 4874 Augustosmaledictis
1074 4813 1129 4860 et
1151 4803 1406 4860 conviciis
1434 4811 1693 4858 onerant:
1722 4803 1937 4862 demum

345 4897 693 4968 imperatoris
743 4897 1035 4953 Theodosii
1080 4897 1453 4967 Flaccillzeque
1478 4896 1595 4966 ejus
1622 4896 1804 4952 uxoris
1829 4897 1936 4966 jam

343 4991 614 5046 defunctae
637 5001 839 5047 statuas
853 4991 1134 5060 dejiciunt,
1158 5000 1212 5046 et
1239 5005 1334 5060 per
1363 4989 1510 5045 vicos
1537 4990 1681 5046 urbis
1703 4999 1935 5060 raptant.

345 5083 574 5154 Jamque
610 5083 768 5152 plura
822 5083 1025 5139 inferre
1073 5082 1269 5138 damna
1319 5091 1636 5152 coeperant,
1673 5096 1794 5135 cum
1842 5082 1941 5135 im-

344 5179 509 5233 missa
541 5193 572 5231 a
609 5177 869 5233 Prmfecto
897 5178 1293 5246 Sagittariorum
1326 5191 1483 5230 manu
1505 5217 1518 5238 ,
1543 5175 1753 5244 depulsi
1791 5183 1935 5229 sunt.

343 5270 434 5326 Sic
459 5271 725 5326 exstincta
766 5271 1052 5337 seditione,
1086 5270 1253 5325 furori
1283 5269 1442 5324 timor
1461 5267 1750 5332 successit;
1779 5276 1940 5338 atque

342 5361 679 5417 imminentis
708 5377 884 5433 poena:
913 5361 1244 5430 exspectatio
1277 5359 1489 5414 onerosi
1517 5358 1746 5428 impositi
1773 5357 1940 5413 vecti-

345 5456 479 5524 galis
508 5454 840 5510 oblivionem
898 5453 1122 5507 induxit.
1163 5452 1302 5518 Quid
1347 5451 1472 5505 hinc
1515 5450 1586 5504 sit
1633 5463 1937 5518 consequu-

344 5557 451 5602 tnrn
471 5587 486 5612 ,
511 5545 653 5602 infra
677 5545 981 5601 narrabitur
1010 5543 1062 5600 in
1094 5545 1407 5600 recensione
1428 5541 1801 5606 homiliarum;
1829 5541 1938 5610 jam

340 5637 404 5694 de
429 5653 580 5694 anno
615 5637 896 5693 seditionis
918 5677 934 5702 ,
962 5652 1068 5707 quo
1119 5637 1203 5691 ha:
1238 5643 1363 5690 sunt
1416 5635 1610 5690 habita:
1657 5633 1890 5689 homilizc
1915 5673 1931 5700 ,

341 5731 532 5800 aliquid
565 5729 872 5786 dicendum.

1513 288 1695 347 NUNC
1733 287 1998 349 PRIMUM
2038 288 2432 346 ADORNATA.

3505 301 3606 362 1Ιᾶ

2098 403 2252 458 Missa
2281 403 2603 461 Theodoreti
2633 415 2688 463 et
2720 407 2998 466 Sozomeni
3029 413 3330 471 narratione
3349 457 3364 483 ,
3407 433 3475 476 ex
3503 435 3605 491 qua

2024 505 2144 566 post
2171 497 2365 552 bellum
2389 507 2574 553 contra
2601 500 2886 556 Maximum
2911 504 3105 561 seditio
3133 507 3279 562 istaec
3305 518 3359 565 et
3385 515 3606 569 concio~

2024 602 2119 642 nes
2137 603 2167 641 a
2203 588 2588 661 Chrysostomo
2617 591 2810 647 habitae
2839 593 3076 652 locandas
3123 609 3340 668 essent,
3371 617 3437 656 ex
3468 605 3610 663 notis

2025 672 2464 742 temporislonge
2489 675 2808 731 certioribus
2835 687 2960 733 ante
3003 679 3198 737 bellum
3227 694 3411 739 contra
3438 686 3607 743 Mazi-

2026 781 2171 820 mum
2225 765 2340 823 inec
2367 767 2628 824 accidisse
2675 769 2788 839 jam
2833 772 3124 840 probarunt
3170 776 3271 831 viri
3326 777 3508 846 docti,
3555 788 3606 838 et

2024 859 2262 929 pluribus
2285 861 2518 916 asseruit
2564 861 2931 919 Tillemontius
2957 865 3010 920 in
3058 876 3183 922 nota
3228 867 3298 922 27
3337 871 3404 924 ad
3434 870 3603 927 Vitam

2025 949 2308 1006 Theodosii
2351 951 2712 1022 Imperatoris.
2747 953 3142 1013 Validissimum
3171 972 3330 1028 porro
3351 962 3602 1020 adversus

2025 1041 2168 1096 illam
2223 1042 2452 1111 priorem
2495 1045 2814 1101 sententiam
2863 1047 3072 1105 eruitur
3114 1062 3484 1118 argumentum
3541 1070 3606 1111 ex

2025 1131 2155 1201 ipsis
2183 1131 2552 1204 Chrysostomi
2581 1135 2762 1190 verbis
2789 1153 2804 1189 :
2836 1151 2960 1192 nam
2990 1137 3216 1194 Humilia
3260 1141 3378 1197 XVI
3409 1183 3424 1208 ,
3459 1159 3606 1199 num.

2023 1223 2060 1279 2
2088 1265 2104 1290 ,
2135 1224 2452 1280 testificatur
2496 1226 2642 1282 hunc
2674 1242 2871 1283 annum
2903 1231 3195 1289 secundum
3222 1249 3342 1289 esse
3364 1275 3382 1300 ,
3411 1252 3479 1293 ex
3504 1252 3608 1306 quo

2025 1314 2331 1369 concionari
2357 1326 2614 1385 coeperat.
2644 1316 2819 1388 Capit
2843 1330 3022 1375 autem
3051 1337 3172 1378 cum
3217 1324 3494 1395 presbyter
3521 1342 3610 1381 or-

2026 1406 2238 1462 dinatus
2289 1406 2423 1475 fuit,
2451 1422 2591 1464 anno
2617 1409 2834 1468 ineunte
2861 1413 2966 1469 586
2993 1431 3007 1467 :
3036 1416 3382 1484 quamobrem
3413 1418 3464 1472 in
3506 1434 3607 1472 an-

2026 1513 2152 1553 num
2197 1497 2303 1556 587
2352 1500 2467 1556 hac
2514 1502 2831 1557 c0nferenda
2878 1513 3023 1561 sunt.
3073 1505 3336 1564 Baronius
3388 1515 3605 1573 tamen,

2025 1586 2274 1646 Petavius
2300 1597 2355 1644 et
2399 1589 2657 1646 Henricus
2705 1593 2950 1650 Valesius
2999 1595 3051 1651 in
3103 1613 3301 1654 annum
3348 1599 3453 1656 588
3495 1599 3610 1655 haec

2025 1681 2318 1752 conjiciunt
2341 1701 2352 1734 :
2387 1682 2612 1755 ideoque
2643 1686 2784 1742 hunc
2803 1687 3067 1743 calculum
3094 1701 3337 1760 ponunt,
3367 1693 3490 1762 quia
3518 1693 3610 1748 illo

2024 1788 2168 1832 anno
2188 1776 2474 1846 incipiebat
2501 1776 2744 1834 decimus
2775 1779 2981 1849 imperti
3027 1780 3337 1848 Theodosii,
3363 1784 3432 1839 ad
3458 1785 3611 1854 cujus

2025 1865 2389 1922 celebritatem
2418 1867 2688 1922 inductum
2708 1867 2818 1923 fuit
2863 1870 3117 1924 tributum
3149 1887 3310 1943 supra
3341 1889 3608 1929 memora-

2028 1965 2157 2013 tum.
2185 1957 2340 2026 Quod
2383 1967 2562 2016 autem
2591 1974 2656 2015 ex
2689 1959 2909 2017 Libanio
2937 1960 3156 2017 affertur
3179 1963 3246 2020 ad
3285 1963 3427 2020 illam
3456 1974 3616 2023 ωεν-

2026 2049 2146 2104 dam
2168 2051 2508 2114 sententiam,
2540 2051 2844 2107 intricatum
2867 2053 3086 2107 omnino
3113 2063 3214 2121 est,
3239 2062 3296 2112 et
3321 2054 3389 2110 ad
3412 2065 3611 2112 utram-

2028 2142 2108 2198 vis
2132 2143 2435 2212 opinionem
2466 2152 2644 2213 potest
2667 2145 2996 2216 detorqueri.
3017 2145 3314 2202 Certiorem
3346 2163 3505 2218 porro
3529 2150 3611 2204 his

2027 2235 2276 2289 omnibus
2317 2244 2496 2290 notam
2528 2236 2766 2292 eruimus
2809 2253 2875 2292 ex
2926 2252 2992 2294 eo
3020 2280 3036 2304 ,
3083 2238 3227 2309 quod
3278 2239 3612 2297 Theodosius

2030 2326 2324 2397 Imperator
2383 2328 2684 2384 certissime
2743 2329 3206 2401 Constantinopoli
3253 2333 3471 2402 degeret
3519 2351 3614 2405 per

2029 2419 2256 2475 hiemem
2274 2430 2325 2475 et
2346 2420 2816 2491 Quadragesimam
2835 2424 2955 2477 anni
2980 2424 3084 2480 587
3110 2444 3122 2478 :
3157 2440 3266 2495 quo
3289 2428 3448 2482 etiam
3473 2443 3614 2481 anno

2027 2511 2346 2568 seditionem
2363 2510 2651 2582 contigisse
2675 2522 2915 2580 oportet:
2935 2529 3056 2568 nam
3085 2523 3320 2585 tempore
3340 2517 3616 2572 seditionis

2026 2601 2482 2672 Constantinopoli
2521 2611 2637 2657 erat
2667 2620 2680 2668 ;
2710 2618 2852 2658 anno
2875 2613 3053 2660 autem
3081 2608 3322 2676 sequenti
3362 2609 3460 2662 hac
3502 2608 3616 2676 ipsa

2029 2702 2346 2764 tempestate
2410 2693 2804 2750 Thessalonicae
2877 2698 3190 2752 versabatur
3261 2699 3613 2755 Theodosius.

2028 2785 2182 2854 Quod
2201 2786 2450 2855 objicitur
2464 2801 2596 2842 vero
2623 2802 2689 2842 ex
2705 2787 3064 2844 celebratione
3085 2790 3208 2846 anni
3225 2791 3414 2845 decimi
3443 2791 3618 2847 Theo-

2029 2879 2164 2935 dosii
2183 2921 2198 2944 ,
2226 2879 2314 2950 qui
2343 2895 2485 2935 anno
2513 2879 2618 2935 588
2641 2879 2926 2950 incipiebat
2954 2897 2968 2945 ;
3001 2880 3132 2936 illud
3154 2923 3169 2948 ,
3217 2883 3431 2952 inquam
3463 2886 3614 2938 nihili

2029 2979 2132 3036 est,
2183 2985 2306 3027 cum
2332 2980 2537 3025 certum
2568 2971 2639 3025 sit
2681 2986 2747 3026 ex
2802 2972 2950 3026 fastis
2983 2971 3132 3026 ldatii
3179 2983 3237 3028 et
3279 2974 3615 3044 Marcellini,

2031 3063 2203 3134 ipsum
2231 3063 2355 3118 anni
2385 3063 2576 3117 decimi
2608 3063 2815 3132 imperii
2852 3063 2936 3120 sui
2954 3063 3315 3119 celebritatem
3343 3080 3448 3119 uno
3477 3080 3618 3119 anno

2034 3153 2366 3224 praevertisse
2393 3193 2410 3218 ,
2455 3162 2512 3208 ut
2553 3168 2674 3209 cum
2721 3153 2830 3207 ﬁlio
2877 3167 2976 3207 suo
3001 3153 3229 3208 Arcadio
3257 3195 3272 3220 ,
3298 3155 3390 3224 qui
3419 3170 3616 3212 annum

2030 3247 2274 3318 quintum
2331 3246 2536 3316 imperii
2593 3261 2735 3303 anno
2778 3246 2882 3301 587
2940 3246 3136 3311 inibat,
3175 3260 3280 3300 una
3352 3245 3618 3301 decimum

2031 3354 2184 3393 suum
2254 3339 2589 3405 celebraret,
2659 3338 3103 3409 quemadmodum
3163 3347 3220 3395 et
3277 3339 3620 3395 Maximianus

2033 3430 2352 3508 Herculius,
2409 3445 2532 3485 cum
2573 3445 2768 3484 annum
2817 3430 3079 3485 decimum
3124 3437 3370 3486 octavum
3416 3439 3618 3490 tantum

2035 3521 2241 3593 imperii
2270 3522 2350 3576 sui
2394 3530 2616 3592 ageret,
2669 3537 2771 3576 una
2800 3537 2920 3578 cum
2948 3521 3277 3577 Diocletiano
3296 3565 3309 3587 ,
3339 3524 3427 3594 qui
3471 3524 3614 3595 vige—

2034 3613 2230 3668 simum
2271 3613 2831 3684 agebat,vigesimum
2861 3622 2916 3668 et
2964 3613 3076 3682 ipse
3128 3613 3441 3672 cclebrarat.
3480 3615 3619 3670 Nihit

2036 3705 2212 3775 itaque
2242 3704 2366 3760 hinc
2406 3714 2583 3774 potest
2611 3714 2796 3763 contra
2826 3705 3086 3760 calculum
3115 3713 3353 3760 nostrum
3395 3707 3576 3761 inferri
3603 3749 3618 3773 ,

2037 3806 2090 3852 ut
2122 3797 2323 3867 Optime
2350 3799 2540 3868 probat
2567 3797 2958 3852 Tillemontius.

2106 3887 2287 3957 Longe
2311 3889 2522 3959 gravior
2550 3887 2832 3943 difﬁcultas
2861 3888 3055 3958 opponi
3084 3898 3266 3959 posset
3305 3905 3370 3944 ex
3419 3890 3624 3945 calculo

2037 3979 2281 4035 Paschali
2321 3980 2472 4035 istius
2517 3981 2640 4036 anni
2680 3981 2805 4046 587,
2843 3995 2947 4047 quo
2971 3980 3262 4035 secundum
3295 3981 3499 4036 tabulas
3525 3982 3626 4036 Pa.

2037 4071 2250 4127 schales
2273 4072 2475 4129 Pascha
2501 4072 2766 4128 incidebat
2787 4073 2840 4130 in
2866 4071 3004 4127 diem
3025 4070 3097 4127 ‘25
3124 4072 3348 4142 Aprilis;
3377 4080 3429 4127 et
3447 4082 3623 4128 tamen

2038 4161 2241 4220 Pascha
2261 4162 2565 4218 Judteorum
2598 4165 2699 4220 huc
2730 4179 2871 4218 anno
2892 4163 3279 4230 celebrabatur,
3305 4172 3438 4219 teste
3463 4163 3624 4235 Chry-

2038 4261 2275 4309 sostomo
2297 4295 2312 4321 ,
2343 4253 2544 4324 aliquot
2571 4254 2759 4309 diebus
2787 4266 2901 4324 post
2939 4255 3141 4310 Pascha
3181 4255 3622 4314 Christianorum.

2039 4345 2192 4419 Quod
2232 4361 2360 4401 vero
2405 4345 2575 4401 Judaei
2619 4353 2742 4414 post
2786 4345 3097 4416 vigesimum
3139 4346 3378 4414 quintam
3427 4347 3627 4417 Aprilis

2040 4437 2243 4494 Pascha
2282 4436 2645 4502 celebrarint,
2675 4437 2726 4490 id
2755 4437 2937 4505 utique
2979 4451 3265 4503 numquam
3309 4438 3624 4516 contingere

2041 4531 2232 4601 potuit.
2262 4528 2622 4598 Quamobrem
2646 4569 2662 4595 ,
2690 4535 2752 4582 ut
2781 4525 3021 4596 pluribus
3046 4541 3204 4595 supra
3234 4526 3496 4594 diximus,
3529 4544 3626 4584 va-

2042 4623 2286 4678 rietatem
2311 4621 2362 4675 in
2379 4619 2591 4676 calculo
2604 4617 2847 4674 Paschali
2863 4617 3159 4674 Antiochiae
3174 4633 3316 4673 anno
3340 4619 3444 4674 587
3465 4620 3629 4677 fuisse

2043 4712 2332 4783 putandum
2363 4721 2445 4766 est
2473 4729 2486 4765 :
2529 4725 2651 4780 quas
2679 4709 2962 4765 varietates
2990 4719 3094 4767 tam
3139 4708 3443 4779 frequenter
3481 4720 3626 4771 acci-

2041 4804 2268 4870 d:-runt,
2305 4811 2364 4858 ut
2407 4801 2606 4856 ibidem
2644 4800 2905 4868 dicimus,
2932 4809 2989 4855 ut
3026 4799 3114 4856 hic
3157 4800 3318 4856 etiam
3370 4802 3629 4860 accidisse

2045 4896 2236 4950 tuirnm
2269 4909 2374 4949 non
2404 4894 2492 4948 sit.

2115 4987 2480 5043 'l'illemontius
2524 4995 2703 5043 tamen
2756 4984 2846 5056 qui
2911 4984 3275 5040 difﬁcultatem
3325 4983 3628 5055 hujusmodi

2045 5077 2096 5132 in
2125 5078 2264 5131 notis
2289 5077 2354 5131 ad
2381 5076 2554 5132 Vitam
2594 5075 2984 5146 Chrysostomi,
3019 5075 3106 5129 ubi
3138 5075 3314 5145 agitur
3341 5074 3408 5128 de
3441 5075 3622 5130 Homi-

2047 5169 2132 5224 liis
2157 5180 2345 5224 contra
2369 5169 2607 5234 Iudaeos,
2644 5165 3021 5222 animadvertit
3046 5173 3100 5220 et
3135 5167 3397 5229 excussit,
3429 5167 3629 5220 nullam

2045 5262 2160 5329 ejus
2218 5262 2546 5316 mentionem
2591 5259 2715 5313 fecit
2744 5259 2797 5312 in
2839 5258 2980 5312 notis
3029 5257 3095 5311 ad
3130 5256 3304 5311 Vitam
3343 5257 3628 5313 Theodosii

2045 5351 2386 5422 Imperatoris
2433 5367 2446 5406 :
2503 5351 2590 5406 ubi
2657 5349 2905 5404 homilias
2945 5348 3104 5402 hasce
3154 5347 3522 5419 Chrysostomi
3565 5349 3632 5401 ad

2047 5445 2296 5515 populum
2325 5443 2713 5499 Antiochenum
2745 5443 2814 5496 ita
2840 5440 3085 5506 ordinat,
3114 5455 3176 5496 ac
3213 5442 3256 5495 si
3290 5441 3492 5495 Pascha
3518 5483 3532 5504 ,
3573 5451 3629 5494 ut

2046 5538 2222 5592 ferunt
2252 5535 2536 5590 Paschales
2557 5533 2769 5600 tabulm,
2795 5531 3040 5586 inciderit
3071 5532 3121 5586 in
3137 5531 3446 5602 vigesimam
3478 5531 3630 5591 quin-

2049 5639 2154 5684 tam
2195 5628 2410 5699 Aprilis.
2439 5628 2668 5681 Primam
2698 5627 2856 5697 igitur
2887 5625 3156 5679 homiliam
3193 5624 3349 5692 paulo
3377 5631 3498 5674 ante
3541 5636 3628 5673 sc-

2049 5721 2303 5776 ditionem
2327 5719 2462 5772 locat
2497 5735 2509 5769 :
2541 5716 2854 5771 seditionem
2896 5730 3021 5770 vero
3066 5714 3316 5784 vigesima
3348 5719 3493 5764 sexta
3527 5711 3629 5764 Fat-
