4110 6148
509 371 608 430 lis

508 484 705 539 brnarii
729 525 745 548 ,
777 482 958 538 decem
1006 480 1193 535 diebus
1240 487 1362 533 ante
1396 476 1860 549 Quadragesimam
1887 520 1900 543 ,
1958 493 2077 551 qua:

509 573 803 628 Antiochiae
853 570 1137 641 incipiebat
1179 568 1308 623 feria
1341 568 1569 623 secunda
1616 568 2078 639 Quinquagesimae

508 672 723 729 nostrae,
745 662 834 716 illo
850 676 990 715 anno
1015 662 1066 715 in
1085 660 1118 716 8
1143 660 1308 714 Martii
1330 659 1572 715 cadente.
1592 659 1888 715 Secundam
1909 660 2079 714 homi-

507 751 630 805 Iiam
658 751 737 805 vel
786 749 915 805 l‘cria
952 751 1132 820 quinta
1160 750 1243 805 vel
1285 749 1507 805 sabbato
1550 758 1675 804 ante
1722 749 2077 819 Quadragcsi-

504 858 644 898 mam
674 846 709 898 6
735 842 926 910 Martii,
954 854 1141 898 octavo
1187 854 1307 913 post
1356 844 1670 901 seditionem
1705 845 1809 900 die.
1841 845 2074 900 Tertiam

506 932 776 988 ltontinica
798 943 1051 1004 sequente
1067 934 1099 987 7
1120 933 1287 988 Martii
1315 934 1397 989 vel
1420 935 1650 990 circiter.
1675 934 1927 1005 Quartam
1948 933 2077 989 feria

502 1024 736 1078 secunda
760 1025 998 1095 sequenti
1024 1024 1057 1080 8
1080 1024 1269 1080 Martii.
1293 1026 1539 1094 Quintam
1567 1027 1696 1081 feria
1724 1026 1874 1081 tertia
1895 1025 1929 1082 9
1953 1026 2079 1081 Μειν-

505 1114 585 1167 tii.
617 1113 830 1169 Senam
859 1115 985 1169 feria
1025 1124 1207 1185 quarta
1234 1116 1479 1182 circiter,
1505 1132 1599 1172 seu
1645 1117 1712 1171 10
1760 1117 1950 1171 Martii.
1979 1117 2077 1171 Se-

508 1207 723 1276 ptimam
752 1206 880 1262 feria
910 1190 1181 1278 quintall
1230 1208 1419 1263 Martii.
1451 1208 1699 1264 Octavam
1750 1208 1879 1263 feria
1928 1220 2074 1263 sexta

505 1296 577 1353 ΙΞ
608 1298 796 1352 Martii.
827 1297 1029 1352 Nonam
1078 1299 1205 1353 feria
1239 1298 1468 1354 secunda
1496 1298 1842 1355 hebdomadas
1885 1314 2075 1354 secun-

503 1387 588 1443 da:
609 1388 1034 1458 Quadragesimse
1064 1390 1127 1443 l5
1156 1389 1345 1444 Martii.
1369 1391 1634 1445 Decimam
1676 1391 1857 1460 paucis
1881 1390 2076 1458 elapsis

505 1486 686 1547 postea
715 1479 921 1534 diebus.
950 1479 1290 1536 Undecimam
1319 1490 1498 1550 utpote
1528 1482 1923 1552 tranSpositam,
1942 1478 2075 1537 feria

503 1568 732 1623 secunda
750 1578 950 1640 quarta:
976 1571 1321 1625 hebdomadis
1347 1571 1772 1641 Quadragesima:
1788 1570 1858 1625 29
1882 1571 2071 1625 Martii.

507 1658 885 1716 Duodecimam
940 1660 1068 1717 let-ia
1095 1663 1247 1717 tertia
1299 1672 1554 1733 sequente
1582 1664 1652 1718 50
1689 1663 1881 1718 Martii.
1918 1664 2074 1719 Deci-

503 1764 646 1804 mam
675 1752 884 1806 tertiam
916 1750 1045 1806 feria
1085 1761 1269 1822 quarta
1301 1761 1558 1822 sequente
1604 1754 1664 1807 5i
1701 1754 1893 1807 Martii.
1926 1754 2075 1809 Deci-

504 1856 645 1896 mam
681 1852 922 1913 quartam
960 1843 1116 1913 paulo
1164 1852 1282 1913 post
1323 1860 1438 1898 eam
1480 1859 1598 1914 quae
1635 1845 1840 1900 decima
1887 1854 2072 1899 octava

503 1941 832 1999 numeratur,
858 1948 1079 2003 qumque
1107 1934 1284 1987 habita
1313 1934 1408 1988 fuit
1440 1934 1708 1990 Dominica
1738 1936 1916 2004 quinta
1942 1934 2076 2003 Qua-

422 2072 439 2089 ,
501 2020 814 2090 dragcsima:
853 2023 888 2077 5
913 2023 1128 2093 Aprilis.
1162 2023 1428 2079 Decimam
1462 2025 1698 2094 quintam
1740 2024 1961 2079 sabbato
1990 2039 2075 2079 se-

501 2114 691 2169 cunda:
717 2114 1058 2170 hebdomadis
1103 2110 1529 2186 Quadragcsimte
1556 2159 1569 2181 ,
1623 2131 1716 2172 seu
1764 2116 1836 2172 20
1878 2118 2070 2173 Martii.

504 2206 773 2260 Decimam
819 2215 1021 2261 sextam
1056 2207 1323 2262 Dominica
1356 2210 1507 2263 tertia
1550 2207 1978 2278 Quadragesimte
2003 2210 2065 2263 2l

500 2293 691 2351 Martii.
723 2295 989 2349 Decimum
1016 2296 1315 2365 septimam
1348 2298 1488 2351 circa
1521 2297 1677 2351 linem
1709 2307 1911 2368 quarta:
1936 2297 2074 2353 heb-

500 2384 742 2440 domadis
763 2386 1209 2458 Quadragesimac.
1241 2389 1504 2443 Det-imam
1531 2398 1769 2444 octavam
1804 2390 2071 2445 Dominica

499 2476 681 2540 quinta
721 2476 1148 2547 Qusdragesima:
1196 2478 1233 2533 Β
1261 2480 1456 2549 Aprilis
1509 2480 1592 2535 vel
1645 2481 1877 2536 circiter.
1921 2481 2069 2536 Deci-

496 2581 641 2621 mam
669 2583 864 2623 nonam
897 2579 1013 2638 post
1035 2568 1293 2624 decimam
1319 2581 1559 2640 quartam
1592 2573 1652 2626 ll
1679 2573 1892 2627 circiter
1916 2573 2075 2642 Apri-

502 2661 589 2715 lis.
621 2658 940 2729 Vigesimam
971 2660 1058 2715 die
1104 2661 1373 2717 Paschalis
1411 2663 1482 2719 95
1505 2664 1719 2733 Aprilis.
1747 2664 2073 2736 Vigesimam

500 2749 726 2817 primam
766 2749 955 2805 eodem
980 2751 1194 2807 circiter
1219 2762 1460 2822 tempore
1485 2770 1590 2825 quo
1633 2756 1940 2826 vigesimum
1978 2773 2070 2814 se-

499 2839 727 2894 cundam
752 2853 1072 2912 sequentem
1097 2884 1113 2908 ,
1139 2858 1258 2913 qum
1280 2843 1463 2900 habita
1508 2856 1588 2901 est
1623 2847 1748 2902 feria
1778 2858 1927 2904 sexta
1954 2861 2073 2919 post

502 2929 832 2985 Dominicant
875 2931 1144 2988 Passionis
1193 2933 1262 2988 l6
1316 2936 1531 3005 Aprilis.
1568 2935 1662 2993 Sic
1708 2940 2071 3008 perturbatum

503 3020 757 3075 harumce
801 3020 1135 3077 bomiliarum
1190 3025 1433 3081 ordinem
1480 3042 1685 3082 summa
1732 3032 2072 3088 accnrationc

502 3112 784 3168 restituere
836 3123 1058 3168 conatur
1098 3114 1496 3185 'l'iliemontins,
1528 3120 1645 3187 cui,
1690 3130 1750 3175 ut
1794 3122 1853 3176 in
1888 3123 2071 3180 multis

499 3201 886 3271 adstipulamur
907 3244 923 3269 ,
950 3204 1006 3259 in
1050 3205 1175 3259 aliis
1195 3220 1493 3278 repugnare
1524 3211 1788 3280 cogimur.
1816 3212 2069 3270 Ordinem

500 3308 662 3363 porro
705 3295 1040 3354 homiliarum
1063 3302 1276 3372 qualem
1311 3304 1401 3361 ille
1422 3306 1608 3361 statuit
1627 3347 1644 3375 ,
1690 3307 1777 3364 hic
1803 3324 1909 3365 uno
1935 3325 2071 3366 con-

497 3394 684 3455 spectu
710 3402 1175 3459 reprazsentamus.

502 3537 681 3590 Tillcm.
817 3548 992 3611 Fronto
1014 3552 1136 3597 Duc.
1283 3548 1498 3611 ιτὶιιεηι.
1625 3561 1800 3608 Fronto
1827 3565 1946 3608 Duc.

560 3625 587 3690 l
834 3629 984 3687 Prima
1004 3689 1011 3690 ί
1282 3625 1292 3690 I
1375 3633 1435 3681 12
1645 3638 1834 3686 Decima
1869 3646 2009 3690 sexta

558 3684 592 3733 2
831 3684 1047 3738 Secunda
1281 3684 1292 3746 I
1374 3695 1434 3742 l3
1644 3684 1896 3746 undecima

557 3746 592 3811 ξ
832 3752 993 3801 Tertia
1281 3746 1292 3811 Ι
1374 3756 1435 3805 tt
1643 3759 1926 3811 Duodecima

555 3806 588 3882 ἑ
830 3817 998 3882 Quarta
1280 3806 1292 3882 Ι
1374 3817 1434 3882 ᾌξ
1646 3806 2007 3882 Decimaﬁtertia

555 3867 589 3945 ξ
831 3874 999 3945 Quinta
1280 3867 1290 3945 |
1375 3877 1433 3945 lt}
1648 3867 1837 3945 bccima
1861 3867 2069 3945 tibiam

553 3928 588 4004 ρ
829 3938 974 4004 §exta
1279 3928 1289 4004 Ι
1373 3939 1430 4004 l'z
1643 3944 1831 3991 Decima
1844 3928 2007 3994 delitui

551 3991 586 4067 Ζ
827 3994 1036 4067 ξβριὶωει
1278 3991 1288 4067 Ι
1644 4003 1834 4067 Decima

552 4050 586 4115 §
827 4050 1001 4104 Octava
1279 4050 1288 4115 I
1373 4060 1432 4109 l9
1647 4050 1837 4112 becima
1860 4050 1995 4115 ‘nbiié

552 4113 614 4187 ῼΛ
827 4121 955 4187 [fana
1278 4113 1288 4187 ι
1368 4120 1431 4187 gi
1643 4113 2065 4187 \‘igesimasecun.

557 4171 615 4251 £9
826 4176 1018 4251 De?!”
1098 4240 1160 4251 ._
1278 4171 1287 4251 Ι
1370 4181 1431 4251 21
1645 4171 2067 4251 t'iiééiiiﬁ'iﬁihi

555 4232 607 4282 li
826 4232 1016 4287 Decima
1030 4240 1195 4303 quinta
1277 4232 1287 4281 Ι
1368 4241 1432 4291 23
1643 4232 1882 4307 Ἥξάίὦᾶ

560 4379 856 4450 Antequam
881 4396 1010 4439 vero
1032 4383 1104 4442 de
1131 4386 1349 4458 singulis
1378 4389 1607 4447 homiliis
1629 4393 1972 4465 disseramus,
2001 4413 2067 4456 ac

487 4468 557 4525 de
582 4470 837 4542 cujusque
866 4482 975 4529 tum
1018 4476 1206 4533 ordine
1245 4488 1355 4534 tum
1394 4493 1704 4552 argumento
1733 4501 1901 4556 pauca
1920 4488 2065 4544 dica-

489 4576 629 4626 mus,
657 4577 690 4618 e
713 4578 773 4619 re
790 4562 951 4620 luerit
967 4576 1245 4632 annotare,
1262 4584 1332 4625 ex
1358 4571 1510 4627 titulo
1529 4571 1778 4643 homiliaz,
1799 4592 1918 4647 qua:
1936 4579 2062 4634 olim

490 4653 740 4725 vigesima
769 4659 1021 4723 secunda,
1044 4659 1155 4729 jam
1186 4676 1312 4718 vero
1337 4663 1588 4733 vigesima
1618 4679 1940 4735 numeratur,
1972 4672 2061 4741 qui

488 4743 670 4798 titulus
698 4744 750 4799 in
765 4744 915 4800 Notis
930 4746 1215 4805 Frontonis
1231 4760 1285 4809 et
1308 4752 1359 4808 in
1376 4752 1500 4813 Mss.
1519 4757 1716 4812 nostris
1730 4756 1906 4826 docet,
1925 4758 2063 4817 hanc

488 4834 759 4888 itomiliatn
790 4837 1179 4904 pronuntiatam
1211 4840 1371 4897 fuisse
1393 4844 1577 4901 decem
1603 4846 1789 4904 diebus
1811 4860 1935 4907 ante
1961 4851 2064 4906 Pa-

487 4925 614 4978 scha
643 4942 656 4977 :
686 4927 917 4996 itemque
944 4942 1009 4982 ex
1036 4927 1119 4984 his
1148 4931 1321 4986 verbis
1346 4942 1469 4989 ante
1493 4936 1650 4992 liuent
1676 4941 1927 5007 homilize,
1946 4944 2062 5013 jam

484 5016 819 5085 quadraginta
843 5018 951 5073 dies
974 5020 1347 5088 prastat-ierunt,
1369 5025 1535 5093 probe
1559 5028 1951 5091 Tillcmcntium
1980 5036 2058 5089 in-

486 5103 654 5171 t‘crrc,
686 5104 1150 5176 Quadragesimam
1178 5110 1314 5178 apud
1366 5114 1713 5173 tntiochenos
1737 5136 1801 5175 ex
1829 5100 2056 5179 consue-

484 5195 669 5251 tudine
695 5200 922 5267 cmpisse
949 5198 1083 5254 feria
1108 5202 1343 5257 secunda
1371 5215 1489 5273 post
1516 5205 2013 5280 Quinquagesimam
2038 5232 2051 5278 ;

482 5296 789 5357 septemque
812 5288 1227 5347 hebdomadibus
1255 5293 1395 5363 apud
1419 5295 1536 5350 illos
1565 5307 1723 5352 totam
1750 5301 2055 5373 Quadragc-

478 5377 670 5433 simam
716 5379 943 5447 persolvi
987 5382 1329 5440 consuevisse
1369 5402 1383 5439 :
1420 5386 1643 5457 iureque
1687 5390 2054 5452 Tillcmontius

479 5468 615 5521 hanc
641 5466 909 5525 hctniliam
937 5471 988 5526 in
1008 5471 1201 5527 teriam
1225 5485 1428 5532 sextam
1451 5477 1792 5536 hebdomadis
1817 5484 2050 5541 ultimam

474 5557 904 5629 Quadragcsimze
948 5562 1330 5621 hebdomadem
1377 5573 1748 5638 prtecurrentis
1790 5573 1995 5630 confert
2032 5593 2047 5631 :

1566 367 1622 423 s
1660 365 1934 424 .iOANNlS
1956 328 2427 424 Ctmrsosrout
2460 365 2639 434 vm,

3653 366 3775 421 ιη’

2190 492 2307 531 mus
2332 476 2817 547 Quadragesimam,
2846 490 2964 546 quae
2993 474 3192 544 aliquot
3221 473 3273 529 in
3304 473 3555 531 Ecclesiis
3584 476 3762 532 limiti.

2186 570 2282 624 bus
2300 570 2458 623 variis
2479 569 2876 638 circumscripta
2896 577 3031 636 erat,
3056 582 3151 637 per
3172 577 3376 639 septem
3403 568 3761 628 hebdomadas

2184 660 2477 714 Antiochia:
2503 661 2835 715 observatam
2863 658 3045 715 fuisse.

2253 753 2385 808 Cum
2422 768 2578 822 porro
2616 752 2922 808 memoratis
2959 766 3116 822 supra
3140 751 3211 807 de
3237 753 3412 806 causis
3434 794 3450 818 ,
3481 752 3762 809 Paschales

2185 843 2386 897 tabulas
2411 842 2714 909 hodiernus,
2745 857 2863 913 quae
2888 841 3088 897 Pascha
3109 842 3234 897 anni
3253 843 3356 905 5,87
3378 843 3431 897 in
3454 844 3762 914 vigesimam

2182 935 2417 1005 quintam
2443 934 2739 999 conferunt,
2765 949 2867 988 non
2892 941 3129 988 servatas
3152 934 3340 987 saltem
3365 933 3466 987 hoc
3488 949 3632 988 anno
3654 942 3764 989 An—

2183 1025 2392 1080 tiochiae
2419 1026 2579 1080 fuisse
2607 1040 2702 1092 pro
2726 1035 2874 1081 certo
2899 1024 3216 1089 habeamus;
3243 1040 3469 1096 cumque
3495 1027 3646 1080 nobis
3668 1042 3763 1081 cx-

2182 1116 2443 1185 ploratum
2474 1129 2578 1170 non
2607 1116 2676 1169 sit
2700 1130 2799 1185 qua
2822 1115 2907 1170 die
2928 1131 3068 1169 anno
3088 1116 3192 1170 387
3213 1115 3526 1171 Antiocheni
3554 1114 3761 1172 Pascha

2181 1205 2576 1271 celebraverint,
2606 1220 2634 1258 a
2662 1204 2748 1260 die
2774 1205 2972 1260 mensis
2998 1206 3049 1258 in
3081 1205 3394 1259 recensione
3423 1205 3759 1261 homiliarum

2180 1295 2645 1350 commemorando
2683 1294 3098 1359 abstinebimus;
3130 1295 3224 1351 sed
3264 1295 3614 1351 indicabimus
3645 1309 3764 1351 tan-

2180 1397 2291 1442 tum
2312 1428 2327 1455 ,
2357 1385 2568 1458 quando
2596 1386 2647 1442 id
2675 1386 2885 1453 licebit,
2912 1400 3015 1455 qua
3039 1386 3126 1442 die
3155 1386 3500 1443 hebdomadis
3524 1388 3759 1443 humilia:

2180 1477 2334 1534 dicta:
2359 1477 2570 1533 iuerint.

2252 1565 2492 1621 Romilio:
2514 1567 2575 1620 de
2598 1566 2814 1622 Stantis.
2842 1596 2906 1608 —
2922 1566 3102 1621 Prima
3135 1567 3312 1639 itaque
3339 1567 3554 1624 homilia
3579 1567 3755 1624 habita

2177 1665 2261 1711 est
2287 1656 2470 1727 paucis
2491 1666 2614 1712 ante
2639 1656 2956 1712 seditionem
2981 1657 3568 1714 Antiochenamdiebus
3588 1658 3759 1731 (Auno

2179 1748 2324 1819 387),
2352 1757 2409 1802 ut
2433 1762 2499 1803 ex
2528 1748 2610 1803 his
2637 1748 2887 1803 secundae
2913 1748 3144 1803 humilia:
3164 1764 3311 1804 num.
3334 1751 3370 1805 5
3412 1750 3586 1804 verbis
3613 1753 3758 1804 erui-

2179 1848 2265 1895 tur
2294 1858 2309 1894 :
2338 1839 2565 1912 Longam
2592 1856 2754 1911 nuper
2778 1840 2917 1910 apud
2942 1841 3199 1896 caritatem
3234 1851 3449 1896 vestram
3483 1843 3756 1896 oratiouna

2176 1932 2463 1996 extendi...
2488 1942 2535 1986 et
2554 1931 2781 1985 laborum
2798 1932 3071 1989 mercedem
3091 1933 3324 2003 accepi...
3351 1931 3479 1999 Qum
3497 1948 3609 1986 vero
3628 1948 3760 1985 uter-

2176 2038 2256 2076 σεε
2285 2022 2435 2076 erat?
2472 2021 2696 2076 Civitatis
2729 2021 3151 2092 blasphematorcs
3191 2023 3367 2093 punire
3385 2064 3401 2088 ,
3431 2032 3480 2076 et
3513 2023 3761 2093 castigare

2177 2111 2341 2166 Deum
2374 2114 2673 2167 contumelia
2708 2113 3007 2183 efﬁcientes,
3038 2123 3087 2166 et
3113 2113 3331 2183 furiosos
3354 2115 3599 2167 cohibere.
3632 2114 3761 2169 Haec

2177 2205 2360 2274 procul
2390 2203 2552 2259 dubio
2584 2212 2828 2274 spectant
2851 2203 2918 2259 ad
2945 2204 3170 2274 primam
3200 2190 3469 2258 homiliam
3490 2244 3505 2267 ,
3532 2218 3761 2274 eamque

2178 2295 2560 2366 longissimam,
2584 2294 2651 2349 de
2675 2304 2977 2350 sanctorum
3005 2294 3276 2359 aerumnis,
3298 2294 3470 2365 deque
3512 2295 3602 2351 Dei
3632 2310 3756 2365 pro-

2177 2387 2410 2441 videntia
2438 2401 2562 2457 erga
2587 2386 2784 2441 electos
2811 2400 2958 2449 suos,
2981 2387 3070 2455 qui
3094 2386 3151 2439 in
3179 2386 3277 2441 hac
3301 2386 3404 2440 vita
3429 2387 3754 2453 cruciantur,

2175 2487 2231 2532 et
2253 2477 2506 2533 adversus
2539 2491 2633 2532 eos
2665 2477 2753 2548 qui
2794 2476 3103 2548 blaspheme
3133 2477 3270 2532 dicta
3301 2478 3352 2531 in
3384 2477 3547 2533 Deum
3578 2477 3758 2548 profe-

2176 2570 2362 2626 rebant
2391 2586 2404 2623 :
2435 2570 2522 2625 ubi
2550 2569 2765 2624 demum
2803 2568 2916 2624 haec
2938 2569 3222 2624 observata
3258 2579 3404 2625 certe
3431 2569 3588 2638 digna
3629 2585 3756 2639 pro-

2177 2659 2280 2716 fert
2309 2678 2322 2713 :
2353 2660 2460 2716 Sed
2496 2671 2757 2731 postquam
2798 2661 2861 2715 de
2896 2659 3206 2731 blasphemia
3248 2663 3393 2716 nobis
3429 2662 3576 2715 verba
3618 2666 3757 2732 facta

2176 2767 2307 2805 nunc
2330 2761 2465 2819 sunt,
2493 2768 2648 2806 unam
2674 2767 2705 2805 α
2731 2752 2867 2807 vobis
2894 2753 3120 2807 omnibus
3147 2765 3309 2824 petere
3335 2756 3446 2809 volo
3468 2756 3756 2808 retributio-

2176 2858 2293 2897 nem
2314 2858 2407 2915 pro
2432 2845 2672 2899 concione
2695 2844 2790 2898 hac
2810 2854 2961 2914 atque
2985 2861 3231 2912 sermone,
3259 2856 3314 2899 ut
3343 2846 3396 2898 iu
3432 2847 3626 2900 civitate
3644 2849 3753 2900 bla-

2177 2935 2494 3003 spheuwntcs
2518 2936 2641 2989 mihi
2664 2935 2932 3006 castigatis.
2955 2936 3018 2991 Si
3039 2953 3339 3007 quamquam
3353 2938 3404 2990 iu
3420 2938 3546 2991 bicio
3568 2949 3614 2992 ct
3640 2943 3755 3009 fore

2174 3026 2227 3079 in
2255 3025 2418 3081 Deum
2441 3026 2869 3097 blasphemantem
2893 3028 3134 3094 audieris,
3160 3028 3359 3093 accede,
3383 3029 3604 3099 increpa,
3636 3040 3680 3082 ct
3709 3031 3757 3083 si

2174 3118 2374 3171 verbera
2396 3119 2624 3189 inﬂigere
2648 3128 2895 3188 oporteat,
2921 3135 2982 3173 ne
3005 3134 3236 3183 recuses;
3264 3120 3420 3189 ipsius
3440 3121 3618 3192 [aciem
3642 3122 3754 3175 ala-

2175 3227 2242 3281 pa
2277 3220 2499 3281 percute,
2530 3221 2728 3265 contere
2754 3228 2809 3265 os
2834 3212 3011 3281 ipsius,
3044 3213 3360 3283 percussione
3386 3228 3589 3266 manum
3614 3223 3753 3267 tuam

2174 3305 2461 3372 περιάψαι..
2493 3303 2592 3370 Qui
2629 3317 2759 3358 sane
2796 3303 3091 3373 corrigendi
3135 3303 3322 3358 modus
3356 3319 3462 3358 non
3502 3314 3645 3360 esset
3684 3306 3752 3359 ad

2174 3410 2329 3450 usum
2358 3394 2681 3450 hodiernum
2701 3394 3147 3450 accommodatus.

2244 3485 2539 3542 Secundam
2571 3487 2839 3543 homiliam
2865 3486 3072 3542 confert
3090 3487 3459 3543 Tillcmontius
3485 3489 3565 3543 vel
3598 3491 3649 3543 in
3676 3491 3756 3544 le-

2173 3579 2307 3634 [ἰδίη
2336 3580 2569 3648 quintam
2596 3581 2677 3635 vel
2708 3580 2759 3633 in
2788 3580 3061 3635 sabbatum
3092 3591 3214 3635 ante
3239 3580 3705 3651 Quadragesituatu
3735 3600 3749 3636 ι

2174 3671 2337 3725 tutius
2366 3685 2492 3724 vero
2518 3670 2723 3725 dicatur
2748 3671 2829 3724 his
2855 3670 3067 3727 circiter
3089 3671 3275 3726 diebus
3308 3672 3535 3731 habitam
3565 3673 3749 3738 fuisse,

2172 3771 2373 3829 septem
2398 3762 2618 3827 exactis,
2649 3773 2706 3815 ιιι
2740 3761 3286 3833 ἱρεοτοῆινγεοειοηιυε
3311 3763 3405 3829 ait,
3433 3780 3462 3816 a
3492 3764 3757 3820 seditione

2170 3851 2380 3918 diebus,
2410 3852 2603 3922 quibus
2625 3867 2685 3908 se
2716 3854 2939 3908 tacuisse
2967 3853 3114 3919 dicit,
3145 3856 3284 3924 quod
3306 3856 3506 3925 ingenti
3531 3857 3752 3910 calauti-

2174 3950 2280 3996 tate
2300 3983 2314 4005 ,
2340 3951 2395 3997 et
2425 3943 2640 4011 periculi
2670 3944 3026 4011 magnitudine
3051 3946 3369 4000 consternati
3397 3947 3708 4002 Antiocheni
3730 3988 3748 4014 ,

2172 4048 2276 4088 non
2313 4043 2492 4089 essent
2529 4035 2806 4090 audiendis
2847 4036 3187 4093 concionibus
3223 4038 3419 4093 idonei.
3447 4038 3530 4093 0b
3565 4041 3749 4109 ncglc.

2169 4134 2308 4181 ctam
2349 4140 2508 4195 porro
2548 4126 2766 4180 fratrum
2811 4127 3283 4196 blasphemantium
3320 4130 3749 4185 emendationem

2170 4213 2286 4270 haec
2312 4217 2446 4270 mala
2475 4216 2723 4271 divinitus
2751 4217 2879 4271 dicit
2921 4219 3174 4273 immissa.
3205 4220 3437 4287 Quorum
3468 4230 3751 4291 postquam

2169 4292 2451 4372 imaginem
2479 4306 2747 4375 eleganter
2771 4307 3070 4377 descripsit,
3101 4308 3170 4363 de
3193 4309 3408 4376 divitiis,
3439 4310 3505 4364 de
3532 4310 3750 4365 divitia-

2168 4408 2286 4449 rum
2313 4410 2430 4461 usu,
2457 4394 2626 4464 deque
2647 4396 2984 4468 eleemosyna
3010 4405 3065 4452 et
3086 4398 3151 4454 de
3176 4409 3481 4470 paupertate
3507 4401 3750 4470 pluribus

2167 4488 2527 4553 concionatus,
2553 4489 2845 4543 orationem
2870 4489 3086 4544 claudit.

2236 4578 2414 4634 Tertia
2444 4578 2659 4634 humilia
2685 4581 2968 4636 secundant
2993 4597 3025 4637 c
3047 4582 3269 4651 vestigio
3292 4584 3529 4653 sequitur
3557 4602 3570 4637 :
3600 4586 3743 4638 illam

2166 4683 2294 4726 vero
2346 4670 2576 4725 habitam
2630 4681 2872 4741 putamus
2923 4687 3042 4728 cum
3093 4673 3429 4729 Tillemoutio
3470 4674 3745 4729 Domit-ira

2164 4762 2642 4833 Quinquagesimae,
2673 4772 2729 4817 ut
2757 4763 3015 4819 hodierno
3050 4779 3199 4820 more
3227 4765 3521 4835 loquamur.
3553 4766 3748 4837 Agitur

2163 4852 2232 4907 de
2257 4852 2580 4922 profectione
2618 4854 2851 4909 Flaviani
2878 4855 3191 4910 Antiochcni
3218 4857 3451 4927 episcopi
3476 4854 3743 4911 Constan-

2166 4942 2420 5011 tinopolin
2462 4942 2530 4997 ad
2575 4942 2951 5012 imperatorem
2998 4945 3309 5014 placandum
3343 4963 3357 5000 :
3389 4958 3443 5001 ct
3480 4949 3558 5002 rei
3604 4948 3746 5002 bene

2160 5033 2407 5100 gerenda:
2430 5047 2526 5100 spe
2550 5034 2799 5103 pupulum
2827 5016 3131 5090 consolatur
3157 5035 3587 5106 Cbrysostctnus.
3616 5038 3743 5092 Piu-

2161 5121 2308 5177 ribus
2336 5122 2529 5179 deinde
2568 5135 2946 5180 commonsuat
2974 5126 3321 5205 jejunii,‘nisi
3347 5144 3378 5184 a
3408 5130 3537 5184 vitio
3567 5134 3742 5191 absti-

2162 5222 2384 5278 neatur,
2432 5216 2709 5271 utilitatem
2752 5232 2872 5273 esse
2912 5218 3133 5273 nullam.
3173 5221 3457 5291 Postquam
3505 5240 3634 5279 vero
3667 5225 3742 5282 de

2159 5302 2484 5360 detractione
2512 5306 2720 5360 vitanda
2751 5321 2912 5376 pauca
2938 5308 3178 5374 dixerat,
3205 5311 3561 5369 calamitatem
3598 5331 3722 5383 pra:-

2157 5402 2362 5449 sentcm
2383 5394 2643 5464 deplorat,
2666 5406 2719 5453 et
2736 5398 3103 5457 intolerantius
3121 5402 3362 5457 satvitutn
3384 5419 3504 5463 esse
3522 5416 3733 5461 nistrat:

2160 5482 2230 5537 Ili
2252 5484 2451 5549 quidem
2478 5490 2632 5557 fet-ro,
2658 5488 2846 5556 inquit,
2876 5489 2951 5543 illi
2980 5490 3112 5560 igne,
3140 5492 3347 5559 quidam
3375 5495 3540 5551 bestiis
3560 5498 3740 5553 traditi

2156 5577 2445 5644 perierunt,
2476 5593 2575 5631 non
2614 5578 2706 5630 viri
2746 5588 2938 5632 tantum
2964 5620 2978 5642 ,
3013 5582 3101 5637 sed
3143 5592 3188 5639 et
3230 5585 3394 5653 pueri.
3432 5584 3544 5639 Nec
3570 5589 3737 5643 a-tutis

473 5657 586 5746 erat
616 5650 809 5719 quippe
845 5652 933 5706 illa
961 5652 1078 5708 dies
1102 5663 1155 5708 et
1180 5656 1577 5727 quadragesima
1605 5662 1673 5716 ab
1699 5662 1944 5718 inchoato
1968 5665 2051 5735 jc-
2151 5668 2507 5732 immaturitas,
2538 5685 2628 5721 nec
2657 5669 2829 5738 pepuli
2856 5672 3118 5736 tumultus,
3147 5650 3240 5728 nec
3264 5677 3399 5743 quod
3425 5681 3598 5746 furore
3618 5681 3738 5736 aia-.-

468 5738 620 5807 juuio
644 5751 698 5797 et
723 5742 924 5799 decima
962 5753 1084 5800 ante
1110 5743 1329 5803 Pascha.
1360 5748 1491 5806 llinc
1530 5767 1625 5822 pro
1651 5765 1854 5812 asserto
1879 5756 2049 5813 habe--

2156 5759 2314 5812 bolico
2342 5759 2515 5828 perciti
2549 5761 2751 5830 quidam
2782 5763 2887 5816 lucc
2924 5765 3163 5832 fecerint,
3195 5783 3282 5822 nec
3310 5771 3441 5839 quod
3470 5772 3735 5844 uectigalis
