4110 6148
278 322 377 378 H‘l
1444 326 1623 383 NUNC
1662 324 1923 384 PRIMUM
1962 326 2350 384 ADORNATA.

274 434 473 492 exactio
497 436 828 491 intolerabilis
849 444 992 504 esset,
1017 452 1116 490 non
1142 444 1430 506 paupertas,
1456 454 1556 491 non
1574 439 1708 507 quod
1730 453 1865 491 com-

274 547 427 584 mune
453 541 713 601 peccatum
740 530 923 600 fuerit,
955 546 1055 583 non
1083 530 1216 600 quod
1253 531 1571 600 promiserint
1599 548 1866 603 numquam

275 638 330 675 se
356 622 581 691 amplius
606 620 733 674 talia
760 635 1000 686 ausuros,
1029 635 1129 673 non
1156 620 1301 673 aliud
1327 620 1588 690 quidpiam
1611 620 1748 690 ipsos
1771 622 1868 675 eri-

278 714 390 783 puit
405 731 425 779 ;
439 712 530 766 sed
543 713 732 781 absque
754 711 901 766 venia
925 710 993 764 ad
1007 711 1299 764 barathrum
1313 711 1708 776 adducebantur,
1728 711 1864 765 mili-

281 802 414 857 tibus
438 802 691 871 utrimque
714 803 851 871 ipsos
876 800 1183 870 urgentibus,
1213 810 1258 853 et
1285 800 1651 854 observantibus
1672 816 1732 854 ne
1754 799 1866 869 quis

281 911 364 949 eos
387 896 621 962 eriperet.
647 891 715 945 Et
734 891 1068 962 sequebantur
1091 900 1292 954 matres,
1322 889 1498 960 procul
1515 888 1715 959 quidem
1733 890 1866 958 ﬁlios

279 985 644 1057 conspicientes
670 984 947 1038 abstractos
966 1022 981 1049 ,
1008 982 1095 1036 sed
1119 982 1181 1036 de
1202 982 1483 1036 calamitate
1508 980 1740 1051 conqueri
1767 996 1865 1033 non

277 1078 526 1130 audentes
560 1091 579 1130 :
606 1074 847 1141 aﬂ'ectum
871 1075 1001 1128 enim
1027 1071 1245 1125 vincebat
1282 1071 1498 1140 formido
1519 1110 1532 1137 ,
1564 1080 1608 1123 et
1634 1080 1867 1123 naturam

282 1169 554 1237 superabat
583 1178 763 1220 metus.
807 1165 931 1220 lla:c
966 1146 1139 1217 omnia
1180 1163 1319 1216 illata
1362 1170 1486 1215 sunt
1526 1161 1866 1215 Antioclteuis

283 1259 422 1313 mala
450 1274 479 1311 a
510 1255 805 1320 Praafcctis,
831 1268 924 1309 seu
948 1252 1358 1322 magistratibus,
1388 1258 1666 1320 antequam
1692 1248 1867 1303 Theo-

283 1348 468 1402 dosius
498 1346 567 1400 de
596 1345 858 1400 seditione
886 1343 1168 1412 quidquam
1196 1341 1427 1395 audisset
1448 1381 1462 1406 ,
1492 1351 1546 1393 ut
1570 1340 1644 1393 ait
1672 1339 1865 1393 ibidem

282 1438 724 1508 Cbrysostomus.
770 1433 1075 1489 Orationem
1123 1446 1283 1501 porro
1319 1430 1516 1485 claudit
1552 1445 1775 1485 monens
1811 1438 1867 1484 ut

283 1545 319 1583 a
335 1528 686 1591 detractione,
706 1526 773 1581 ab
792 1523 1077 1579 inimicitiis
1097 1531 1151 1578 et
1170 1537 1199 1576 a
1214 1522 1527 1591 juramentis
1546 1521 1864 1576 abstineant.

358 1618 588 1673 llomilia
627 1626 813 1688 quarta
836 1657 850 1682 ,
887 1630 1005 1685 qua:
1038 1613 1169 1669 feria
1194 1612 1423 1668 secunda
1453 1621 1573 1682 post
1595 1611 1867 1681 Quinqua-

283 1710 568 1779 gosimam,
598 1718 655 1762 ut
684 1707 912 1772 videtur,
939 1704 1115 1759 habita
1141 1703 1256 1769 fuit,
1285 1720 1401 1773 qua:
1426 1702 1538 1757 dies
1563 1711 1678 1757 erat
1700 1702 1866 1771 prima

285 1798 753 1870 Quadragesimru;
787 1798 870 1851 illa
898 1796 1109 1866 inquam
1134 1794 1321 1849 concio
1340 1835 1353 1859 ,
1393 1793 1527 1848 bona
1558 1808 1623 1847 ex
1652 1793 1867 1847 calami-

287 1899 397 1943 tate
427 1901 577 1957 parta
599 1887 873 1953 describit,
901 1893 1128 1939 mutatos
1148 1884 1275 1938 dicit
1298 1893 1351 1939 et
1376 1899 1404 1937 a
1432 1883 1666 1953 pristinis
1693 1883 1866 1952 pravis

285 1981 531 2035 moribus
563 1978 811 2032 reductos
844 1977 1222 2032 Antiochcuos.
1266 1976 1321 2030 lu
1366 1977 1471 2030 line
1510 1990 1635 2031 vero
1661 1990 1722 2029 ea
1754 1974 1864 2045 ipsa

284 2070 524 2133 monita,
555 2084 674 2136 qua:
703 2069 754 2121 in
786 2067 1102 2137 praecedenti
1132 2082 1189 2123 se
1212 2066 1422 2122 dedisse
1450 2076 1861 2127 commemorat.

284 2160 479 2214 iterum
512 2159 740 2228 repetit,
773 2158 1020 2212 nimirum
1057 2158 1123 2212 de
1155 2157 1383 2211 vitandis
1421 2156 1863 2222 detractionibus,

284 2250 579 2305 inimicitiis
598 2262 648 2304 et
669 2248 984 2318 juramentis
1010 2267 1023 2304 :
1045 2264 1107 2303 ac
1131 2263 1189 2302 se
1210 2264 1305 2317 per
1330 2250 1461 2303 hanc
1484 2247 1865 2303 hebdomadam

284 2341 353 2396 de
376 2341 697 2412 juramentis
722 2340 986 2395 dicturum
1015 2354 1134 2395 esse
1161 2340 1491 2409 praenuntiat.

356 2433 587 2487 llomilia
617 2432 797 2501 quinta
827 2432 912 2486 die
953 2432 1225 2501 sequenti,
1260 2440 1318 2486 ut
1350 2433 1465 2501 ipse
1492 2432 1596 2495 ait,
1628 2446 1866 2500 pronun-

284 2525 412 2577 tiata
439 2522 537 2577 fuit
558 2563 573 2588 ,
606 2536 797 2592 nempe
835 2521 963 2577 feria
992 2522 1166 2577 tertia.
1194 2522 1251 2576 In
1282 2522 1369 2575 illa
1397 2536 1725 2577 mrumnosos
1753 2523 1863 2575 An-

286 2616 567 2671 tiochenos
611 2631 707 2686 pro
744 2631 894 2674 more
931 2616 1237 2671 consolatur
1270 2616 1678 2687 Cbrysostomus
1714 2625 1770 2671 et
1798 2617 1863 2671 ad

282 2708 474 2762 mortis
506 2708 671 2775 ipsius
712 2697 1072 2777 eontemptqu
1100 2707 1424 2761 cohortatur.
1466 2707 1521 2761 In
1555 2709 1659 2762 line
1687 2716 1863 2762 autem

282 2795 349 2849 de
370 2795 692 2863 juramentis
716 2794 941 2848 vitandis
966 2796 1071 2865 agit
1097 2811 1244 2848 num.
1278 2796 1328 2861 7,
1357 2810 1419 2850 ac
1454 2796 1864 2865 praecedentium

283 2886 729 2956 sequentiumque
759 2886 1093 2941 llomiliarum
1128 2887 1357 2957 aliquem
1399 2887 1597 2943 inducit
1624 2889 1863 2944 ordinem

283 2976 367 3033 his
394 2977 574 3033 verbis
602 2995 615 3033 :
645 2976 877 3032 Primum
904 2979 1058 3050 igitur
1085 2979 1304 3033 auditori
1327 2981 1732 3049 persuadeamus,
1752 2991 1806 3035 ut
1834 2998 1865 3035 a

279 3070 686 3140 juramentorum
715 3071 841 3140 fuga
869 3075 1193 3123 mutationem
1219 3069 1430 3139 incipiat
1456 3086 1474 3125 .'
1501 3070 1589 3125 etsi
1614 3072 1745 3124 enim
1772 3088 1865 3124 nu-

283 3161 580 3213 diustertius
618 3161 714 3219 hac
750 3160 813 3214 de
840 3177 893 3213 re
919 3161 1054 3214 vobis
1092 3161 1323 3230 loquutus
1347 3177 1486 3228 sum,
1518 3178 1674 3231 neque
1702 3172 1865 3215 tamen

282 3250 431 3304 hodie
455 3251 718 3318 desistam,
751 3267 907 3319 neque
934 3267 1065 3316 cras,
1097 3267 1254 3322 neque
1281 3253 1532 3322 perendie,
1562 3253 1733 3306 eadem
1758 3269 1864 3306 mo-

280 3358 415 3396 nere.
1352 3342 1363 3355 ’

352 3432 581 3486 llomilia
612 3442 780 3500 sexta,
810 3431 934 3487 feria
966 3442 1149 3501 quarta
1189 3434 1374 3504 prima:
1400 3432 1745 3489 hebdomadis
1772 3433 1865 3487 ha~

279 3522 410 3589 bita,
450 3522 873 3577 consolationem
910 3522 1119 3578 afﬂictis
1161 3523 1426 3593 impertit,
1454 3523 1647 3579 bonam
1687 3539 1863 3578 rerum

282 3615 631 3668 mutationem
669 3629 884 3684 sperare
907 3614 1058 3684 jubet
1087 3632 1099 3668 :
1128 3629 1305 3669 moras
1332 3615 1529 3669 nuntiis
1548 3656 1561 3681 ,
1590 3615 1678 3684 qui
1718 3614 1864 3671 sedi-

283 3707 479 3760 tionem
530 3705 916 3761 Antiochenam
966 3705 1273 3775 Imperatori
1315 3705 1578 3760 narraturi
1615 3713 1799 3771 erant,
1832 3722 1862 3760 a

285 3796 391 3853 Deo
418 3797 689 3851 immissas
715 3795 862 3863 dicit,
891 3805 1047 3866 atque
1072 3794 1193 3850 inde
1217 3811 1364 3866 spem
1392 3795 1582 3850 bonam
1608 3796 1864 3850 auditori-

283 3888 377 3944 bus
398 3888 573 3950 ail‘ert,
600 3898 655 3943 et
680 3888 746 3943 de
768 3889 923 3941 venia
943 3903 971 3940 a
998 3888 1248 3942 Flaviano
1268 3888 1517 3957 episc0po
1538 3887 1862 3957 impetranda

283 3977 528 4033 ﬁduciam
563 3978 758 4033 habere
793 3978 962 4047 jubet.
994 3979 1277 4047 Postquam
1314 3993 1436 4032 vero
1460 3977 1527 4032 de
1562 3964 1732 4033 morte
1758 3993 1861 4033 non

284 4070 516 4125 timenda
557 4068 846 4134 disseruit,
877 4068 1131 4123 adversus
1155 4068 1454 4138 juramenta
1484 4084 1579 4137 pro
1605 4083 1753 4123 more
1780 4067 1861 4122 lo-

281 4162 479 4231 quitur.

348 4249 582 4304 llomilia
608 4249 832 4318 septima
865 4248 949 4304 die
977 4249 1249 4318 sequenti,
1280 4258 1338 4303 ut
1363 4249 1541 4304 multis
1565 4264 1627 4303 ex
1654 4248 1783 4303 lacis
1812 4258 1865 4303 et
1890 4246 1907 4257 “

277 4341 423 4395 notis
466 4338 728 4409 liquidum
767 4349 889 4406 est,
935 4339 1111 4394 habita
1144 4357 1157 4392 :
1193 4339 1389 4393 Etenim
1427 4341 1653 4409 quintam
1694 4341 1859 4404 diem,

278 4431 454 4501 inquit
479 4429 911 4501 Cltrysostomus,
941 4431 1135 4500 agimus
1160 4440 1371 4483 vestram
1395 4431 1706 4483 consolantes
1733 4431 1863 4483 cari-

279 4530 452 4575 tatem.
485 4520 678 4587 Quinta
708 4536 866 4590 porro
895 4520 1009 4575 dies
1038 4519 1152 4575 lnec
1175 4530 1483 4575 numeratur
1510 4521 1808 4587 incipiendo
1832 4536 1863 4575 a

284 4612 587 4679 Dominica,
620 4612 690 4666 ita
721 4623 779 4667 ut
807 4612 875 4667 de
898 4612 1080 4682 quinta
1110 4611 1454 4667 hebdomadis
1483 4612 1569 4667 die
1595 4613 1857 4682 loquatur.

282 4704 468 4772 Agitur
510 4702 595 4757 hic
636 4701 703 4757 de
747 4702 931 4772 primis
962 4703 1231 4758 Geneseos
1259 4702 1473 4757 verbis:
1506 4701 1570 4757 In
1608 4703 1853 4773 princim‘o

282 4794 395 4862 fecit
441 4792 579 4846 Deus
615 4793 791 4847 caelum
834 4802 881 4847 et
922 4803 1147 4858 terram;
1183 4792 1482 4862 diciturque
1525 4793 1723 4859 Deum,
1756 4810 1860 4849 non

282 4883 440 4937 modo
470 4898 591 4937 cum
621 4883 905 4948 benefacit,
943 4884 1037 4939 sed
1065 4885 1224 4939 etiam
1250 4899 1370 4939 cum
1398 4886 1635 4956 castigat,
1667 4885 1863 4942 bonum

281 4990 422 5041 esse,
447 4986 502 5033 et
520 4976 821 5046 juramenta
848 4976 1061 5031 vitanda
1089 4992 1208 5032 esse
1234 4993 1330 5048 pro
1359 4994 1506 5033 more
1530 4978 1676 5034 dicit.

349 5066 635 5121 llomiliam
656 5077 898 5122 octavam
923 5077 1071 5138 putat
1090 5068 1459 5123 Tillemontius
1475 5069 1560 5125 die
1583 5070 1863 5140 septimam

280 5149 552 5214 bomiliam
580 5168 868 5228 sequente,
901 5159 952 5213 id
979 5169 1090 5226 est,
1119 5159 1249 5215 feria
1278 5169 1425 5215 sexta
1455 5160 1647 5217 dictam
1678 5161 1858 5216 fuisse.

282 5249 476 5307 Verum
506 5252 765 5307 reclamat
786 5251 1229 5323 Cltrysostomns,
1256 5252 1345 5323 qui
1378 5253 1688 5308 testiﬁcatur
1714 5254 1864 5309 initio

278 5355 337 5397 se
365 5360 528 5412 nuper
548 5386 563 5410 ,
594 5357 699 5397 non
730 5353 906 5397 autem
937 5343 1074 5410 heri,
1103 5344 1155 5398 in
1190 5344 1318 5399 illud
1338 5386 1353 5412 ,
1382 5343 1447 5397 In
1475 5345 1722 5416 principio
1748 5348 1863 5417 fecit

278 5433 416 5490 Deus
440 5436 624 5490 caelum
650 5444 698 5490 et
723 5445 927 5502 terram,
951 5438 1110 5492 verba
1140 5438 1350 5505 fecisse,
1375 5439 1516 5508 quod
1541 5439 1863 5509 hauddubie

277 5526 339 5582 ad
368 5526 648 5583 homiliam
691 5529 972 5599 septimam
1003 5530 1248 5598 pertinet.
1283 5529 1378 5585 Est
1406 5530 1564 5601 igitur
1590 5531 1643 5585 in
1670 5531 1862 5586 sabba-

278 5627 387 5671 tum
408 5616 737 5672 conferenda
758 5635 772 5682 ;
796 5618 936 5688 quod
957 5622 1113 5675 etiam
1142 5619 1295 5674 nobis
1320 5620 1544 5676 suadent
1569 5620 1683 5675 haec
1703 5621 1863 5676 verba

274 5710 453 5765 statim
495 5716 623 5782 post
662 5708 896 5769 initium.
928 5711 996 5762 ad
1041 5712 1186 5764 tinem
1224 5712 1364 5768 nobis
1405 5715 1532 5769 venit
1571 5714 1856 5770 Itebdomas.

590 5825 865 5887 ΡΔτιιοι.
913 5810 1029 5884 Gn.
1078 5825 1328 5888 XLVll.

1972 440 2352 507 Argumentum
2380 437 2607 493 homilite
2638 445 2905 493 mutuatur
2928 436 2995 491 ab
3020 435 3101 491 bis
3127 433 3326 490 verbis:
3362 433 3546 487 Deam—

1970 528 2172 582 bulabat
2210 526 2345 582 Deus
2384 529 2437 582 in
2474 529 2710 599 paradiso
2736 529 2789 582 in
2826 527 3060 593 meridie,
3089 525 3319 596 dicitque
3358 524 3548 597 impios

1970 633 2182 689 semper
2207 620 2421 688 pavidos
2442 630 2494 674 et
2515 620 3044 684 formidolososessc,
3073 619 3191 688 pios
3212 626 3387 671 autem
3417 617 3549 671 ﬁdu-

1970 709 2049 762 cia
2089 708 2291 778 plenos.
2329 708 2552 763 Domum
2592 724 2688 779 pro
2722 708 3101 763 consuetudine
3132 707 3201 762 de
3233 706 3551 776 juramentis

1971 798 2196 863 vitandis
2224 799 2363 869 agit,
2405 810 2717 867 sextutnque
2737 798 2846 868 jam
2878 798 3018 853 diem
3056 812 3175 853 esse
3212 797 3316 864 ait,
3350 810 3457 868 quo
3482 795 3550 851 de

1970 889 2227 944 servanda
2257 888 2556 957 hujusmodi
2586 889 2700 957 lege
2725 888 3026 943 admoneat.

2040 980 2322 1034 Ilomiliam
2344 995 2537 1035 nonam
2560 981 2610 1034 in
2635 979 2818 1034 feriam
2845 978 3129 1033 secundam
3153 979 3399 1034 secunda:
3420 977 3552 1034 lteb—

1971 1069 2211 1124 domadis
2230 1069 2655 1140 Quadragcsima:
2676 1068 3015 1138 probabiliter
3036 1068 3249 1138 conjicit
3267 1068 3550 1123 Tillemon-

1973 1161 2094 1215 tius.
2119 1160 2227 1215 llac
2253 1160 2317 1215 de
2344 1176 2401 1216 re
2425 1175 2554 1215 vero
2578 1160 2719 1214 nulla
2743 1169 3012 1229 comparet
3036 1168 3178 1224 nota,
3201 1174 3304 1230 qua
3330 1158 3408 1214 vel
3431 1174 3549 1213 cer-

1973 1259 2082 1303 tum
2110 1250 2195 1305 vel
2223 1249 2506 1305 verisimile
2534 1249 2802 1321 quidpiam
2840 1258 3151 1303 statuamus.
3184 1248 3370 1303 llabita
3398 1259 3545 1303 certe

1971 1338 2069 1393 fuit
2098 1339 2212 1395 haec
2240 1340 2427 1395 concio
2457 1349 2573 1409 post
2598 1338 2868 1394 silentium
2894 1338 2977 1393 vel
3004 1338 3158 1393 unius
3196 1338 3280 1394 vel
3318 1337 3547 1408 plurium

1970 1430 2208 1498 dierum,
2246 1440 2303 1485 ut
2343 1431 2493 1485 initio
2536 1429 2731 1485 diserte
2768 1430 2843 1485 ait
2878 1429 3326 1500 Cbrysostomus,
3364 1440 3551 1484 contra

1971 1537 2130 1592 quam
2155 1522 2402 1592 Opinatur
2439 1522 2835 1589 Tillemontius,
2863 1521 2953 1593 qui
2980 1537 3100 1576 cum
3128 1530 3364 1576 octavam
3392 1522 3444 1575 in
3476 1521 3551 1583 fe:

1972 1613 2103 1666 riam
2133 1622 2335 1668 sextam
2359 1613 2637 1683 conjiciat,
2667 1621 2720 1668 et
2746 1628 2940 1668 nonam
2970 1613 3022 1667 in
3052 1612 3235 1668 feriam
3262 1612 3548 1668 secundum

1973 1701 2317 1757 hebdomadis
2354 1704 2656 1774 sequentis,
2696 1704 2769 1758 ait
2806 1705 2857 1758 in
2894 1704 3013 1759 Vita
3045 1703 3409 1776 Chrysostomi
3447 1715 3550 1760 art.

1974 1793 2061 1860 l5,
2092 1793 2428 1862 interpositus
2456 1793 2658 1847 sabbati
2684 1802 2737 1848 et
2765 1794 3050 1848 Dominicae
3076 1793 3189 1849 dies
3219 1793 3383 1849 fuisse
3412 1794 3552 1848 haud

1972 1883 2131 1938 dubie
2150 1883 2513 1954 Chrysostomi
2535 1883 2878 1939 concionibus
2899 1884 3193 1953 insignitas,
3211 1901 3328 1955 qua:
3348 1885 3553 1940 concio-

1972 1990 2065 2029 nes
2086 1974 2194 2044 jam
2215 1973 2425 2028 amissa:
2448 1974 2657 2027 iuerint.
2688 1973 2942 2043 Populum
2964 1981 3140 2028 autem
3162 1973 3549 2029 Antiochenqu

1973 2068 2152 2122 laudat
2189 2066 2338 2121 initio
2363 2105 2378 2132 ,
2407 2066 2544 2135 quod
2576 2066 2789 2121 monitis
2814 2066 2923 2120 suis
2951 2065 3379 2134 obtemperantes
3403 2064 3551 2120 audi—-

1975 2170 2114 2215 tores
2139 2159 2206 2214 de
2240 2157 2495 2229 abigenda
2531 2158 2953 2227 juramentorum
2983 2155 3364 2211 consuetudine
3391 2170 3549 2211 cura-

1972 2260 2108 2306 rent.
2139 2249 2193 2303 lu
2229 2250 2341 2304 lucc
2372 2250 2495 2304 item
2528 2248 2686 2303 verba
2706 2291 2720 2314 ,
2752 2248 2875 2303 thli
2900 2258 3135 2302 enarrant
3169 2246 3383 2319 gloriam
3424 2246 3549 2312 Dei,

1970 2342 2135 2397 multa
2161 2341 2306 2408 dicit,
2338 2356 2399 2395 ac
2428 2340 2518 2395 Dei
2549 2340 2927 2410 providentiam
2956 2340 3006 2394 in
3033 2355 3207 2394 rerum
3232 2338 3549 2394 naturalium

1972 2430 2157 2486 ordine
2190 2440 2349 2499 atque
2390 2438 2651 2484 concentu
2692 2429 2943 2500 praedicat
2972 2446 2985 2483 :
3013 2428 3332 2500 demumquc
3371 2438 3552 2484 monet

1971 2529 2029 2575 ut
2056 2537 2085 2574 a
2111 2520 2427 2591 juramentis
2455 2520 2803 2575 abstineatur.

2042 2616 2264 2670 llomilia
2291 2614 2495 2670 decium
2525 2630 2630 2669 non
2662 2613 2748 2669 die
2788 2627 2981 2667 nonam
3022 2614 3332 2683 insequente
3372 2610 3550 2666 habita

1972 2707 2087 2776 fuit,
2115 2709 2239 2762 licet
2265 2707 2402 2762 idem
2436 2716 2783 2776 prosequatur
2808 2715 3177 2776 argumentum
3209 2712 3263 2758 ut
3291 2716 3422 2757 voce
3450 2719 3550 2756 nt:-

1972 2817 2079 2870 per,
2106 2799 2383 2854 indicatur.
2415 2797 2754 2854 Auditoribus
2782 2805 2955 2851 autem
2984 2794 3279 2864 gratulatur
3311 2793 3549 2865 Chryso-

1971 2903 2206 2957 stomus,
2245 2891 2383 2962 quod
2428 2891 2641 2945 munitis
2680 2890 2789 2945 suis
2831 2888 3329 2958 obtemperaverint.
3370 2886 3551 2957 Longe

1971 2982 2159 3037 melius
2180 2998 2296 3037 esse
2321 2983 2393 3037 ait
2421 2982 2638 3036 verbum
2663 2980 2864 3047 audire,
2889 2995 3045 3050 quam
3069 2978 3332 3050 jejunarc.
3358 2978 3551 3035 Probat

1970 3074 2161 3130 deinde
2181 3074 2435 3129 mundum
2459 3073 2572 3129 sine
2593 3073 2686 3128 Dei
2711 3072 3035 3142 providentia
3061 3082 3201 3126 stare
3227 3085 3330 3125 non
3354 3083 3547 3141 posse:

1970 3163 2267 3232 desiuitque
2292 3163 2503 3217 domum
2530 3161 2858 3218 cohortando
2885 3169 2941 3215 ut
2963 3160 3265 3229 juramenta
3297 3160 3544 3214 vitentur.

2039 3254 2321 3308 llomiliam
2352 3252 2686 3307 undecimam
2727 3259 2873 3322 putat
2912 3249 3282 3304 Tillemontius
3316 3247 3548 3303 habitam

1972 3344 2133 3399 fuisse
2160 3352 2280 3414 post
2306 3358 2444 3410 eam,
2476 3358 2592 3412 quae
2620 3342 2822 3397 decima
2849 3342 3029 3411 quinta
3058 3340 3361 3396 inscribitur
3390 3338 3545 3402 infra.

1970 3449 2175 3491 necnon
2205 3442 2323 3503 post
2352 3443 2655 3503 sequentem
2682 3431 2937 3487 decimam
2966 3441 3190 3485 sextam.
3224 3430 3335 3484 Hoc
3364 3438 3541 3484 autem

1969 3528 2245 3583 ratiocinio
2274 3526 2459 3579 nititur
2486 3525 2574 3579 ille
2600 3541 2612 3576 :
2641 3523 2696 3577 In
2726 3539 2786 3578 ea
2809 3565 2823 3589 ,
2847 3522 3015 3592 inquit
3035 3564 3049 3589 ,
3075 3521 3288 3576 llomilia
3316 3520 3382 3577 de
3406 3521 3549 3593 peri-

1968 3619 2103 3674 culis
2142 3626 2195 3673 ct
2236 3617 2516 3683 aerumnis,
2548 3615 2740 3686 quibus
2776 3614 2883 3684 jam
2926 3613 3100 3667 functa
3138 3613 3323 3667 civitas
3362 3611 3548 3666 Antio-

1972 3711 2139 3766 chena
2167 3719 2309 3775 erat,
2339 3709 2531 3779 agitur,
2564 3723 2681 3778 qua:
2716 3716 2833 3777 post
2863 3706 3145 3761 adventum
3174 3704 3467 3759 llcllebichi
3494 3713 3547 3758 et

1972 3800 2187 3856 Ctesarii
2228 3800 2485 3853 accidisse
2512 3798 2775 3852 videntur.
2812 3798 2900 3850 llle
2929 3805 3108 3851 autem
3136 3795 3393 3851 adventus
3420 3794 3547 3849 Hel-

1970 3890 2161 3946 lebichi
2189 3900 2243 3945 et
2266 3888 2480 3944 Ctesarii
2510 3889 2560 3943 in
2588 3888 2807 3943 decima:
2841 3888 3079 3956 septimae
3108 3886 3341 3942 homilia:
3371 3884 3542 3949 titulo,

1969 3984 2124 4054 longe
2153 3992 2267 4053 post
2295 3982 2659 4046 undecimam,
2688 3980 2756 4034 de
2786 3994 2885 4050 qua
2917 3993 3056 4033 nunc
3082 3977 3317 4048 agimus,
3346 3991 3545 4031 memo-

1969 4085 2136 4130 ratur.
2173 4074 2285 4129 Hoc
2322 4074 2482 4129 fultus
2506 4081 2820 4143 argumento
2857 4070 3227 4125 Tillemontius
3252 4083 3357 4122 non
3387 4067 3546 4122 modo

1969 4164 2227 4219 decimam
2269 4164 2537 4234 quintam,
2577 4163 2670 4219 scd
2709 4164 2867 4218 etiam
2897 4160 3154 4217 decimam
3185 4168 3387 4241 sextam
3423 4168 3545 4212 ante

1969 4256 2301 4311 undecimam
2323 4256 2596 4311 locandam
2615 4270 2734 4310 esse
2755 4263 2919 4327 putat.
2946 4254 3012 4310 At
3036 4264 3382 4325 prteterquam
3406 4251 3544 4322 quod

1969 4362 2154 4404 omnes
2178 4362 2395 4418 prorsus
2421 4347 2758 4416 Manuscripti
2784 4346 3027 4401 eumdem
3056 4360 3209 4415 quem
3235 4344 3375 4399 Editi
3402 4342 3547 4398 ordi-

1970 4456 2089 4494 nem
2112 4448 2325 4494 servant
2350 4453 2443 4493 :ca
2464 4437 2640 4492 omnia
2664 4454 2780 4506 qure
2804 4447 2926 4491 tunc
2948 4437 3201 4504 temporis
3214 4436 3542 4501 acciderunt,

1968 4531 2160 4585 bonam
2183 4528 2444 4583 interdum
2472 4542 2639 4597 spem,
2670 4525 2921 4595 pericula,
2948 4525 3190 4590 timores,
3213 4524 3403 4588 minas,
3426 4538 3546 4592 qua:

1968 4620 2104 4675 bene
2140 4618 2303 4675 multa
2339 4621 2392 4673 in
2434 4618 2547 4687 pari
2579 4630 2706 4669 casu
2747 4629 2955 4684 semper
2991 4614 3298 4682 contingere
3334 4608 3507 4667 solent
3529 4654 3546 4679 ,

1968 4726 2075 4766 non
2094 4718 2177 4765 sat
2200 4717 2442 4765 accurate
2471 4708 2732 4772 novimus,
2765 4715 2823 4760 ut
2850 4721 2914 4759 ex
2946 4703 3243 4774 hujusmodi
3263 4703 3543 4758 ratiocinio

1969 4803 2167 4873 aliquid
2193 4804 2245 4857 in
2280 4802 2466 4858 ordine
2503 4799 2815 4855 mutandum
2842 4814 2902 4853 ea
2931 4798 2999 4852 de
3022 4812 3180 4852 causa
3207 4812 3541 4853 censeamus.

1968 4895 2128 4949 Multa
2165 4892 2299 4948 dixit
2336 4892 2775 4965 Chrysostomus,
2815 4889 3058 4958 forteque
3089 4887 3244 4958 longe
3283 4888 3431 4958 plura
3464 4898 3543 4941 ta-
3583 4948 3588 4953 ,

1969 4988 2102 5043 cuit.
2130 4984 2483 5053 Quamobrem
2512 4982 2683 5038 donec
2708 4980 2831 5051 quid
2858 4980 3053 5035 certius
3081 4987 3338 5049 emergat,
3370 4978 3545 5049 prisco

1967 5076 2139 5132 ordini
2166 5074 2413 5131 standum
2441 5082 2705 5144 putamus.
2733 5070 2787 5125 In
2813 5070 2911 5125 ltac
2938 5069 3097 5140 igitur
3122 5069 3334 5123 ltomilia
3372 5070 3544 5137 primo

1967 5169 2161 5239 gratias
2200 5167 2309 5237 agit
2342 5166 2753 5237 Cbrysostomus
2773 5202 2788 5227 ,
2821 5161 2963 5230 quod
2991 5159 3175 5214 civitas
3202 5159 3270 5214 ab
3305 5159 3543 5213 immisso

1969 5270 2175 5315 terrore
2201 5258 2574 5327 reSpiraverit;
2604 5271 2668 5310 ex
2698 5253 2906 5323 injectis
2928 5253 3121 5321 quippe
3154 5252 3541 5320 suspicionibus

1969 5351 2233 5422 perterriti
2260 5348 2631 5421 quamplurimi
2657 5346 2967 5413 aulugerant
2990 5360 3003 5396 :
3031 5342 3133 5396 hoc
3155 5342 3470 5398 calamitatis
3489 5354 3541 5397 ct

1964 5443 2186 5498 terroris
2212 5450 2471 5511 tempore,
2496 5440 2695 5508 aliquot
2717 5436 2904 5491 diebus
2927 5435 3088 5488 tacuit
3105 5432 3536 5504 Cbrysostomus,

1968 5543 2023 5587 ut
2052 5533 2163 5602 ipse
2191 5532 2280 5587 ait.
2316 5531 2462 5585 Hanc
2489 5545 2616 5584 vero
2641 5526 2909 5581 bomiliam
2935 5524 3146 5593 conjicit
3173 5524 3537 5581 Tillemontius

1968 5626 2021 5679 in
2053 5623 2234 5680 feriam
2262 5621 2545 5677 secundam
2580 5627 2782 5689 quarta:
2812 5613 3156 5670 hebdomadis
3184 5614 3536 5681 Quadragesi-

1970 5733 2091 5777 tum.
2120 5725 2173 5772 et
2196 5716 2405 5777 quidem
2431 5713 2647 5775 optime.
2677 5717 2733 5764 ut
2759 5704 2824 5761 ad
2851 5703 3118 5759 llomiliam
3146 5705 3401 5759 decimam
3429 5709 3536 5754 ter-

3105 5816 3180 5876 10
