4110 6148
495 366 595 423 H9

497 481 622 536 tiam
649 480 909 534 dicemus.
939 473 1125 544 Agitur
1151 466 1415 540 praecipue
1439 481 1492 520 m
1514 466 1614 519 hac
1640 462 1855 518 homilia
1885 461 1951 518 de
1979 461 2071 516 Dei

495 571 751 642 sapientia
791 569 844 621 in
882 563 1112 620 hominis
1139 559 1548 626 constitutione,
1586 566 1639 612 et
1668 555 1719 609 in
1760 555 1863 609 line
1891 553 1958 608 de
1990 552 2041 608 vi

497 662 654 717 tando
675 659 995 728 juramento.

494 811 502 823 ,
564 750 943 808 Duodecimam
975 755 1102 802 Item
1129 752 1183 800 et
1208 744 1468 799 decimam
1503 740 1709 796 tertiam
1730 780 1744 806 ,
1776 746 1897 809 post
1928 736 2074 792 deci-

495 858 633 897 mam
663 839 900 911 quintam
927 846 981 892 et
1012 835 1270 890 decimam
1302 841 1536 894 sextam,
1568 830 1753 884 eadem
1786 842 1886 898 qua
1913 841 2072 894 supra

494 935 562 988 de
589 947 746 987 causa
775 929 948 999 rejictt
968 925 1356 983 Tillcmontius.
1385 925 1454 976 At
1483 921 1664 976 nescio
1688 935 1792 990 quo
1817 926 1970 988 pacto
1992 918 2074 972 in-

495 1023 699 1092 tclligat
724 1020 851 1074 illud
885 1019 936 1072 in
965 1019 1063 1071 hac
1095 1015 1309 1070 hemilia
1336 1013 1647 1068 duodecima
1677 1026 1821 1064 num.
1854 1011 1880 1064 1
1915 1027 1928 1063 :
1959 1007 2075 1062 Tri-

495 1114 586 1166 bus
606 1113 758 1182 igitur
780 1109 1043 1180 prieteritis
1064 1106 1235 1160 diebus
1257 1121 1410 1158 unum
1436 1102 1731 1172 cognitionis
1751 1099 1847 1154 Dei
1867 1099 2073 1152 modum

497 1203 862 1272 guwrebamus,
893 1200 1156 1268 ipsumque
1188 1197 1240 1249 in
1268 1196 1420 1264 ﬁnem
1457 1191 1754 1246 deduximus
1775 1231 1790 1255 ,
1826 1190 2074 1258 interpre-

496 1306 655 1350 tantes
680 1293 929 1365 quomodo
951 1289 1077 1345 Caeli
1103 1295 1352 1344 enarrant
1371 1286 1592 1356 gloriam
1620 1283 1747 1347 Dei;
1775 1291 1821 1336 et
1840 1283 1987 1352 quale
2009 1282 2074 1336 sit

497 1387 653 1442 Pauli
680 1389 866 1440 dictum
887 1426 900 1448 ,
930 1381 1217 1437 luvisibilia
1249 1380 1415 1449 ipsius
1441 1392 1470 1431 a
1499 1383 1743 1431 creatura
1769 1373 1950 1428 mundi
1981 1387 2074 1440 per

496 1496 557 1534 ca
578 1521 594 1546 ,
621 1495 739 1549 qua:
769 1477 905 1532 facta
938 1483 1092 1541 sunt,
1134 1473 1400 1528 intellecta
1439 1469 1835 1540 conspiciuntur
1864 1485 1877 1521 :
1909 1474 1956 1519 et
1985 1464 2075 1520 de-

496 1572 878 1627 monstravimus
917 1567 1165 1638 quomodo
1199 1582 1229 1618 a
1257 1573 1485 1618 creatura
1517 1561 1720 1627 mundi,
1752 1569 1798 1615 et
1827 1560 2074 1629 quomodo

497 1682 585 1736 per
607 1665 782 1718 cazlum
808 1671 852 1716 et
884 1671 1065 1714 terram
1088 1668 1131 1712 et
1157 1674 1294 1711 mare
1322 1655 1529 1710 Creator
1555 1653 1880 1724 gloriﬁcatur.
1911 1649 2076 1704 Hodie

495 1773 640 1822 vero,
670 1764 772 1810 etc.
805 1754 902 1809 Hic
939 1753 1132 1808 seriem
1163 1750 1320 1804 trium
1357 1747 1689 1802 homiliarum
1711 1785 1725 1810 ,
1753 1758 1860 1813 quo
1887 1743 2072 1797 ordine

496 1847 692 1902 habita:
714 1845 923 1900 fuerant
941 1852 1063 1899 ante
1083 1841 1445 1897 duodecimam
1467 1839 1619 1893 affert
1637 1838 2068 1907 Chrysostomus,

497 1952 687 2006 nempe
717 1951 868 1989 nonze
887 1977 901 1999 ,
927 1934 1145 1988 decima:
1183 1939 1237 1987 et
1273 1930 1582 1984 undecimm.
1613 1927 1668 1981 In
1699 1943 1835 1982 nona
1863 1943 2010 1981 num.
2038 1926 2074 1980 2

495 2033 863 2095 argumentum
887 2024 1141 2078 orationis
1170 2021 1315 2090 ponit
1340 2019 1441 2074 hoc
1465 2019 1610 2074 Pauli
1640 2019 1861 2084 dictum,
1888 2016 2074 2071 Invisi-

495 2115 616 2170 bilia
644 2115 821 2185 ipsius,
851 2124 995 2180 etc.;
1035 2113 1268 2182 illudque
1305 2111 1654 2175 Psalmorum,
1684 2109 1807 2164 (ἕατιὶ
1836 2119 2073 2164 euarrant

495 2207 708 2276 gloriam
735 2205 846 2260 Dei.
876 2204 932 2259 lu
959 2204 1161 2260 decima
1194 2205 1320 2258 item
1347 2219 1492 2256 num.
1525 2202 1561 2254 2
1585 2216 1641 2256 se
1665 2200 1765 2256 hoc
1791 2200 1960 2269 ipsum
1986 2215 2074 2254 ar-

495 2307 803 2368 gumentum
849 2297 1092 2367 persequi
1132 2295 1368 2350 declarat
1404 2311 1416 2348 :
1451 2294 1502 2347 in
1545 2293 1825 2348 undecima
1863 2307 2074 2362 quoque

495 2405 645 2444 num.
669 2389 704 2441 2
728 2404 785 2443 se
812 2388 984 2443 eidem
1011 2395 1320 2457 argumento
1342 2386 1586 2440 insistere
1611 2384 1940 2440 testificatur.
1965 2391 2074 2437 An-

494 2496 600 2536 non
629 2480 992 2552 Chrysostomi
1021 2479 1174 2534 dictis
1202 2479 1309 2532 vim
1348 2476 1507 2532 infert
1535 2476 1922 2543 Tillcmontius,
1952 2490 2073 2529 cum

495 2572 754 2628 decimam
788 2572 923 2626 inter
952 2579 1006 2626 ct
1035 2569 1364 2625 undecimam
1405 2568 1516 2621 vult
1544 2567 1784 2622 interseri
1813 2567 2072 2621 decimam

495 2666 730 2735 quintam
766 2672 821 2718 et
857 2663 1116 2717 decimam
1147 2660 1392 2717 sextam?
1418 2659 1472 2714 ld
1500 2667 1675 2712 autem
1708 2659 1794 2713 ille
1820 2657 2075 2712 subdubi-

496 2757 658 2811 tando
679 2765 881 2810 tantum
904 2754 1149 2824 proponit
1174 2754 1224 2807 in
1252 2762 1375 2807 nota
1403 2751 1470 2808 ‘29
1498 2750 1563 2806 ad
1591 2751 1763 2805 Vitam
1788 2749 2073 2805 Theodosii

496 2846 857 2916 Imperatoris,
887 2861 940 2898 n.
971 2845 1058 2909 10,
1087 2844 1147 2897 ll
1175 2850 1227 2897 et
1253 2856 1424 2913 seqq.,
1452 2841 1744 2910 fateturque
1769 2855 1888 2895 eum
1916 2855 2071 2910 quem

497 2950 594 2990 nos
621 2935 897 2990 statuimus
923 2933 1162 2989 ordinem
1192 2933 1336 2988 clare
1357 2948 1386 2986 a
1407 2932 1786 3003 Chrysnstomo
1811 2931 2030 2985 indicari
2057 2950 2068 2984 :

497 3025 589 3081 sed
616 3026 796 3081 nescio
817 3041 921 3095 quo
941 3035 1095 3094 pacto
1120 3024 1187 3078 ab
1211 3023 1398 3079 eodem
1419 3023 1531 3092 ipso
1549 3022 1734 3077 ordine
1760 3031 1940 3092 postea
1967 3021 2074 3076 dis-

495 3117 668 3172 cedat.
693 3116 954 3172 Caeterum
990 3130 1109 3172 cum
1136 3114 1266 3169 dicit
1306 3113 1736 3185 Chrysostomus,
1765 3114 1919 3168 tribus
1946 3129 2074 3184 pra-2-

498 3208 654 3262 teritis
679 3207 869 3272 diebus,
899 3221 1005 3261 non
1032 3206 1340 3276 intelligitur
1365 3204 1432 3259 de
1462 3205 1630 3259 tribus
1662 3205 1942 3274 postremis
1963 3205 2076 3260 die-

495 3299 596 3354 bus
628 3300 678 3353 in
713 3299 902 3368 quibus
941 3299 1143 3354 scilicet
1179 3299 1523 3354 concinnatus
1551 3307 1683 3352 erat.
1714 3297 1768 3352 In
1805 3297 1906 3353 hac
1946 3297 2073 3351 item

497 3391 712 3446 homilia
739 3389 1073 3458 duodecima,
1097 3405 1214 3460 quae
1241 3389 1417 3445 habita
1444 3399 1524 3444 est
1550 3388 1679 3444 feria
1704 3389 1854 3444 tertia
1875 3398 2074 3460 quartae

497 3481 843 3536 hebdomadis
870 3481 1326 3552 Quadragesimae,
1357 3481 1530 3536 eidem
1562 3481 1756 3535 insistit
1793 3481 2073 3552 hypothesi

497 3571 566 3626 de
591 3570 848 3644 sapientia
870 3570 964 3625 Dei
985 3571 1034 3624 in
1056 3570 1237 3624 mundi
1260 3570 1470 3639 Opificio
1494 3586 1507 3622 :
1533 3579 1713 3638 postea
1741 3571 1846 3639 agit
1871 3571 1936 3624 dc
1956 3570 2075 3639 jure

499 3659 746 3726 naturali,
771 3659 925 3728 cujus
949 3659 1304 3728 cognitionem
1335 3659 1477 3714 Deus
1502 3657 1701 3713 homini
1732 3657 1952 3725 indidit,
1981 3659 2074 3714 de-

497 3765 602 3819 que
623 3750 925 3825 ju_ramento
951 3749 1186 3804 vitando.

573 3841 837 3895 Decimam
866 3842 1075 3895 tertiam
1101 3839 1370 3894 homiliam
1391 3841 1522 3896 dixit
1546 3840 1802 3911 postridie
1823 3839 2077 3897 duodeci-

501 3947 663 3986 mam.
693 3932 962 4003 Principio
987 3933 1183 4004 gratias
1211 3935 1318 4004 agit
1342 3933 1451 3988 Deo
1480 3933 1545 3988 de
1572 3941 1768 3988 mutata
1795 3949 1972 3988 rerum
2002 3935 2076 3989 fa-

499 4024 603 4092 cie,
631 4023 802 4096 deque
827 4025 1035 4080 sublato
1055 4033 1218 4090 metu,
1243 4025 1330 4096 qui
1351 4034 1526 4081 tantus
1554 4025 1740 4091 fuerat,
1760 4035 1814 4079 ut
1840 4027 2072 4093 civitatis,

498 4114 688 4184 inquit,
716 4117 878 4186 major
903 4133 1020 4184 pars
1050 4131 1155 4184 prce
1185 4116 1358 4170 timore
1382 4124 1430 4169 et
1456 4117 1838 4170 comminatione
1862 4116 1954 4170 illa
1973 4161 1986 4181 ,
2008 4119 2077 4171 ad

499 4205 696 4259 deserta
725 4215 771 4260 et
792 4206 960 4274 fauces
982 4207 1225 4260 montium
1247 4248 1262 4272 ,
1295 4216 1340 4260 et
1369 4205 1566 4260 occulta
1592 4208 1814 4261 locorum
1841 4211 2077 4263 transmi-

499 4297 733 4367 graverit.
766 4297 898 4351 [line
921 4296 986 4351 de
1009 4297 1189 4352 multis
1217 4298 1280 4352 ad
1314 4297 1537 4354 tribunal
1564 4299 1832 4364 adductis,
1863 4301 1928 4356 de
1951 4300 2078 4355 hor-

501 4386 639 4442 ribili
668 4387 844 4442 habita
879 4387 1157 4443 verberum
1200 4397 1254 4443 et
1295 4389 1618 4457 ﬂagellorum
1649 4391 1943 4460 quaestione
1963 4433 1977 4456 ,
2010 4392 2078 4447 de

499 4479 617 4534 aliis
642 4481 706 4537 ad
732 4481 1044 4552 supplicium
1072 4482 1310 4550 raptatis,
1333 4480 1401 4536 de
1422 4491 1589 4536 matre
1613 4489 1666 4536 et
1688 4498 1873 4537 sorore
1901 4484 2078 4552 cujus-

499 4570 644 4636 dam,
668 4571 734 4627 de
760 4587 865 4643 quo
905 4573 1045 4626 intus
1070 4554 1418 4642 indicabatur,
1445 4573 1511 4625 ad
1541 4572 1854 4626 vestibulmn
1882 4573 1933 4626 in
1962 4574 2078 4642 pul-

499 4676 625 4717 vere
647 4663 910 4717 volutatis.
941 4662 1064 4716 Hzec
1091 4661 1355 4730 pathetice
1375 4661 1626 4716 describit
1645 4661 2082 4734 Chrysostomus,

499 4768 618 4823 qum
643 4755 822 4822 paucis
843 4762 966 4808 ante
990 4751 1194 4816 diebus,
1218 4752 1419 4807 scilicet
1437 4762 1718 4822 antequam
1743 4752 2073 4808 undecimam

497 4846 810 4901 concionem
838 4843 1059 4900 haberet
1081 4884 1096 4910 ,
1127 4853 1273 4914 gesta
1300 4845 1526 4900 fuerant.
1558 4845 1684 4900 Haec
1707 4854 1882 4900 autem
1910 4845 2078 4899 homi—

500 4935 570 4990 lia
613 4935 789 4990 habita
827 4933 988 4989 fuisse
1028 4935 1245 4989 omnino
1271 4935 1477 4988 videtur
1503 4935 1632 4989 feria
1665 4946 1849 5004 quarta
1876 4935 2079 4990 hebdo-

503 5027 676 5082 madis
703 5036 904 5096 quartae
933 5025 1379 5096 Quadragesimae.
1417 5025 1711 5081 Praemissis
1736 5036 1913 5081 autem
1941 5027 2077 5081 bene

501 5118 684 5173 multis
722 5117 788 5172 de
827 5117 1127 5171 calamitate
1169 5115 1497 5170 Antiochena
1521 5156 1537 5180 ,
1578 5115 1645 5169 ad
1691 5118 1970 5184 pristinum
2011 5118 2078 5174 de

507 5209 735 5266 hominis
763 5210 976 5279 opificio
1016 5217 1382 5278 argumentum
1430 5207 1745 5274 descendit,
1786 5217 1840 5262 et
1880 5209 2075 5263 cohor-

505 5300 667 5357 tando
692 5300 760 5356 de
789 5316 937 5356 more
965 5301 1030 5356 ad
1054 5301 1354 5371 iuramenta
1375 5299 1589 5355 vitanda
1615 5299 1909 5356 orationem
1933 5301 2078 5356 clau-

503 5393 601 5452 dit.

577 5484 845 5541 Decimam
906 5492 1145 5556 quartam
1195 5483 1562 5540 Tillcmontius
1602 5482 1878 5539 locandam
1931 5491 2078 5554 putat

503 5587 623 5651 post
649 5576 905 5633 decimam
939 5585 1176 5630 octavam
1199 5617 1215 5642 ,
1259 5577 1358 5631 hac
1395 5584 1664 5645 permotus
1713 5575 1918 5630 ratione
1948 5593 1960 5628 :
1993 5573 2079 5629 ln-

503 5670 598 5723 itio
622 5669 695 5723 ait
719 5667 1150 5737 Chrysostomus,
1185 5665 1304 5720 Non
1332 5684 1510 5737 parum
1538 5667 1783 5720 civitatem
1804 5666 1943 5719 nobis
1970 5665 2078 5718 lteri

502 5759 735 5814 duttolus
766 5777 808 5830 pl
827 5757 1082 5825 rturbacit,
1112 5758 1200 5812 sed
1223 5764 1271 5812 et
1297 5756 1430 5811 Deus
1458 5771 1547 5812 nos
1566 5758 1741 5812 iterum
1765 5772 1863 5811 non
1895 5771 2072 5826 parum

1567 350 1621 406 S.
1665 347 1938 405 JOANNIS
1976 346 2443 405 CHRYSOSTOMI
2483 344 2660 413 V'l'l'A,

3659 352 3760 411 ΙΞΟ

2180 460 2470 514 consolatus
2489 468 2580 513 est.
2605 459 2730 514 Haec
2751 459 2930 526 verba,
2960 460 3127 530 inquit
3157 461 3245 515 ille
3267 500 3282 526 ,
3316 461 3600 518 adventum
3631 464 3758 521 llel-

2181 548 2396 616 lebichi,
2423 559 2479 604 et
2507 550 2744 604 nuntium
2762 551 2871 620 jam
2894 549 3350 622 Constantinopoli
3376 554 3566 611 adesse
3591 557 3758 629 signi-

2177 637 2356 692 ficant.
2386 637 2582 693 Verum
2621 639 2736 696 lucc
2775 640 3086 697 hariolando
3123 641 3388 696 dicuntur.
3420 643 3562 710 Quot
3585 648 3760 716 suspi-

2177 729 2361 784 ciones
2386 739 2438 784 et
2467 739 2700 786 terrores
2739 732 3004 786 immissos
3033 742 3182 802 putas
3213 735 3559 791 Antiochenis
3582 779 3599 802 .
3629 737 3756 794 dum

2176 820 2338 876 animi
2367 821 2678 891 penderent,
2701 831 2754 877 et
2773 837 3024 893 quorsum
3048 832 3153 878 tam
3175 823 3403 880 infausta
3427 842 3514 882 res
3533 841 3759 884 evasura

2177 921 2318 968 esset
2362 913 2701 984 ignorarent?
2735 914 2811 970 De
2839 915 2904 970 iis
2932 929 3061 970 vero
3099 917 3394 974 terroribus
3431 922 3760 979 rumoribus-

2177 1019 2280 1073 que
2325 1005 2628 1059 ratiocinari
2665 1007 2930 1076 quomodo
2956 1023 3258 1078 possumus,
3289 1012 3378 1080 qui
3407 1027 3589 1069 eorum
3616 1015 3754 1072 haud

2177 1097 2339 1152 dubie
2376 1098 2659 1153 maximam
2691 1109 2894 1170 partem
2938 1102 3275 1172 ignoramus;
3304 1114 3358 1161 et
3385 1109 3428 1162 si
3469 1125 3568 1179 qua
3608 1113 3730 1166 novi

2177 1203 2316 1254 mus,
2345 1189 2414 1242 ita
2440 1191 2750 1260 plerumque
2777 1192 3120 1264 intelligimus
3140 1237 3154 1261 ,
3195 1205 3252 1250 ut
3287 1197 3377 1252 vix
3414 1200 3535 1256 inde
3562 1218 3756 1272 quam-

2178 1282 2317 1348 piam
2344 1287 2522 1334 notam
2553 1283 2812 1352 expiscari
2843 1287 3152 1354 possimus?
3190 1287 3315 1344 Haec
3340 1289 3559 1347 homilia
3591 1294 3759 1351 ferme

2175 1377 2286 1425 tota
2313 1382 2394 1426 est
2419 1373 2485 1428 de
2511 1373 2726 1430 vitando
2747 1377 3069 1444 juramento.

2247 1463 2515 1518 Decimam
2542 1465 2779 1533 quintam
2807 1466 3080 1523 homiliam
3110 1470 3221 1525 vult
3257 1471 3632 1531 Tillcmontius
3663 1477 3759 1531 ha-

2176 1552 2338 1608 bitam
2377 1553 2538 1610 fuisse
2576 1556 2717 1612 inter
2754 1557 3014 1631 decimam
3049 1570 3103 1618 et
3143 1563 3472 1619 undecimam
3496 1607 3512 1633 ,
3548 1577 3655 1622 tum
3687 1571 3755 1625 ob

2176 1658 2363 1699 causas
2400 1660 2560 1715 supra
2602 1647 2670 1702 ad
2712 1648 3045 1704 undecimam
3087 1664 3448 1723 memoratas,
3490 1665 3599 1710 tum
3631 1660 3754 1727 quia

2177 1734 2586 1805 Chrysostomus
2621 1739 2698 1793 sic
2746 1739 2906 1795 habet
2931 1741 3080 1796 initio
3107 1761 3120 1798 :
3149 1742 3422 1814 Oportebat
3459 1757 3504 1801 et
3533 1748 3679 1802 hodie
3707 1761 3754 1803 et

2177 1827 2434 1895 superiore
2471 1827 2677 1882 sabbato
2707 1830 2769 1883 de
2795 1832 2994 1902 jejunio
3022 1850 3217 1890 movere
3239 1853 3534 1893 sermonem.
3565 1840 3660 1896 Ubi
3692 1842 3753 1895 il-

2177 1915 2266 1972 lud
2291 1959 2304 1984 ,
2347 1920 2604 1988 superiore
2628 1962 2643 1989 ,
2672 1923 2820 1992 quasi
2847 1935 2990 1980 esset
3026 1927 3188 1996 primo
3225 1927 3291 1984 de
3328 1931 3500 1999 primo
3535 1933 3754 1987 sabbato

2176 2010 2635 2082 Quadragcsimze,
2668 2015 3058 2073 subdubitando
3095 2027 3306 2089 tamen,
3347 2022 3624 2094 intelligit;
3656 2027 3752 2080 sed

2178 2119 2296 2171 nos,
2331 2115 2387 2159 nt
2412 2115 2465 2160 et
2492 2107 2794 2163 Bcrnardns
2821 2109 3120 2176 Brixianus,
3152 2113 3220 2168 de
3246 2115 3521 2183 superiore
3548 2117 3659 2172 sive
3686 2118 3753 2172 de

2178 2196 2510 2265 praecedente
2537 2198 2900 2269 intelligimus,
2932 2210 3088 2271 atque
3114 2201 3186 2257 ita
3212 2205 3608 2276 intelligendum
3633 2225 3753 2265 esse

2176 2289 2440 2358 exemplis
2482 2292 2860 2360 comprobatur
2894 2309 2907 2345 :
2946 2293 3252 2364 nullamque
3292 2297 3449 2351 aliam
3487 2299 3750 2370 interponi

2177 2394 2332 2450 posse
2363 2380 2632 2435 homiliam
2660 2382 2797 2436 inter
2817 2383 3076 2438 decimam
3100 2396 3152 2440 et
3173 2386 3508 2443 undecimam
3532 2390 3640 2460 jam
3663 2408 3753 2447 su-

2177 2472 2357 2543 perius
2396 2474 2755 2542 probavimus.
2786 2477 3076 2532 Occasione
3108 2488 3279 2534 metus
3304 2497 3408 2550 quo
3438 2481 3610 2538 affecti
3641 2486 3752 2538 An-

2176 2562 2409 2618 tiocheni
2437 2574 2590 2618 erant
2612 2606 2628 2633 ,
2662 2566 2827 2620 multa
2871 2566 3001 2622 dicit
3043 2568 3111 2624 de
3152 2570 3294 2625 bono
3325 2570 3528 2628 timoris
3561 2592 3574 2628 :
3605 2584 3659 2628 ct
3697 2575 3751 2629 in

2176 2652 2282 2707 ﬁne
2305 2661 2486 2708 contra
2512 2655 2752 2725 iurandi,
2781 2657 2847 2711 ab
2873 2658 3095 2729 aliisque
3119 2659 3478 2730 juramentum
3507 2664 3751 2734 exigendi

2175 2746 2612 2802 consuetudinem
2638 2748 3000 2804 concinnatur.

2247 2837 2461 2892 Decima
2491 2850 2637 2894 sexta
2668 2848 2789 2895 tunc
2819 2840 2995 2896 habita
3022 2840 3140 2910 fuit,
3164 2859 3282 2899 cum
3311 2859 3496 2915 sparso
3520 2847 3750 2917 quodam

2177 2926 2310 2982 falso
2336 2927 2522 2982 futura:
2549 2930 2901 2999 pepulationis
2927 2948 3160 2999 rumore,
3191 2934 3258 2989 de
3281 2934 3402 3005 fuga
3426 2938 3752 3006 capessenda

2177 3032 2363 3073 omnes
2386 3018 2768 3074 deliberabant.
2796 3020 2942 3076 Hanc
2964 3023 3122 3076 etiam
3149 3023 3264 3078 loco
3291 3039 3502 3080 movere
3530 3037 3755 3083 conatur

2176 3109 2563 3179 Tillcmontius,
2583 3120 2637 3167 et
2665 3113 2800 3168 inter
2817 3112 3076 3169 decimam
3103 3123 3156 3170 et
3179 3114 3508 3171 undecimam
3534 3119 3712 3174 locare
3735 3137 3750 3184 ;

2176 3201 2319 3272 quod
2348 3211 2546 3268 tamen,
2580 3211 2640 3258 ut
2668 3202 2733 3258 ad
2763 3202 3128 3259 duodecimam
3149 3205 3399 3272 diximus,
3425 3208 3628 3264 admitti
3661 3226 3756 3266 ne-

2178 3292 2309 3362 quit.
2343 3291 2436 3347 llis
2467 3307 2624 3362 porro
2655 3293 2839 3362 nititur
2863 3294 3229 3366 Chrysostomi
3264 3299 3439 3354 verbis
3467 3297 3757 3355 Tillcmon—

2179 3383 2283 3438 tius
2314 3385 2420 3438 :ait
2439 3384 2496 3439 S.
2525 3384 2712 3440 doctor
2739 3402 2794 3440 η.
2826 3385 2880 3453 6,
2912 3386 3200 3442 Secundam
3219 3390 3404 3459 jejunii
3419 3393 3756 3460 septimanam

2179 3475 2554 3542 prieterivimus.
2566 3477 2704 3532 Duas
2715 3491 2840 3548 ergo
2854 3485 3054 3533 tantum
3068 3477 3424 3536 hebdomadas
3436 3484 3757 3550 praeteriisse

2177 3566 2326 3635 dicit,
2358 3567 2498 3637 quod
2528 3567 2736 3623 admitti
2779 3585 2887 3624 non
2934 3585 3092 3640 posse
3120 3571 3382 3639 videatur,
3413 3575 3457 3629 si
3496 3574 3674 3630 locum
3701 3585 3758 3631 et

2179 3674 2458 3714 numerum
2507 3675 2661 3715 suum
2700 3660 2785 3716 illa
2815 3670 3031 3717 teneat:
3065 3662 3186 3718 ideo
3210 3665 3580 3723 Tillemontius
3611 3667 3754 3722 illam

2178 3748 2298 3803 loco
2324 3749 2778 3832 movendam‘essc
2808 3759 2957 3820 putat
2983 3762 3037 3807 et
3062 3752 3199 3807 inter
3221 3754 3479 3810 decimam
3507 3767 3560 3811 et
3589 3757 3760 3813 unde-

2178 3841 2391 3895 cimam.
2418 3838 2534 3895 Non
2563 3856 2718 3910 posse
2747 3841 2891 3898 illam
2915 3844 3051 3899 inter
3069 3844 3327 3900 decimam
3350 3855 3402 3901 et
3419 3847 3752 3905 undecimam

2179 3931 2400 4000 reponi,
2427 3931 2536 4000 jam
2565 3933 2805 4002 superius
2834 3933 3109 4003 probatum
3137 3943 3239 3990 est.
3265 3934 3379 3990 Non
3409 3951 3566 4006 posse
3592 3939 3750 3994 etiam

2179 4021 2282 4078 hoc
2321 4024 2374 4078 in
2411 4023 2527 4078 loco
2564 4033 2618 4079 et
2653 4039 2874 4080 numero
2913 4026 3205 4081 consistere
3245 4029 3463 4083 omnino
3500 4029 3753 4084 videtur:

2181 4127 2301 4165 nam
2332 4113 2374 4166 si
2398 4121 2518 4182 post
2543 4113 2826 4170 secundam
2844 4113 3028 4184 jejunii
3049 4117 3396 4186 septimanam
3427 4117 3604 4173 habita
3636 4120 3752 4188 fuit,

2180 4204 2438 4259 decimam
2482 4206 2687 4260 tertiam
2723 4213 2778 4260 et
2816 4215 3096 4275 sequentes
3128 4208 3414 4277 praecessit.
3458 4208 3584 4264 Haec
3613 4220 3760 4266 certe

2181 4296 2402 4351 salebris
2435 4305 2558 4350 sunt
2598 4297 2750 4365 plena
2788 4313 2802 4350 :
2839 4305 3157 4367 quapropter
3197 4313 3310 4353 rem
3340 4299 3551 4354 dubiam
3591 4302 3757 4356 relin-

2181 4401 2344 4455 quere
2373 4386 2543 4441 visum
2570 4395 2669 4442 est.
2703 4386 2837 4453 Quid
2879 4388 2923 4441 si
2952 4387 3240 4444 dixerimus
3269 4405 3501 4446 errorem
3533 4391 3758 4448 fortasse

2181 4477 2234 4530 in
2257 4475 2398 4530 hunc
2416 4477 2589 4531 locum
2621 4477 2883 4532 invectum
2903 4492 3023 4533 esse
3049 4493 3078 4532 a
3100 4479 3290 4545 scriba,
3316 4480 3402 4550 qui
3433 4481 3635 4535 literam
3661 4499 3759 4536 nu-

2180 4568 2431 4623 meralem
2452 4592 2480 4635 γ
2504 4583 2600 4638 pro
2623 4569 2770 4622 tertia
2796 4569 3019 4638 positam
3041 4570 3091 4623 in
3113 4579 3158 4634 6,
3189 4569 3241 4624 id
3267 4579 3350 4626 est
3374 4572 3427 4626 in
3448 4573 3757 4639 secundam,

2181 4659 2501 4714 mutaverit?
2542 4657 2599 4713 In
2637 4659 2738 4715 hac
2765 4660 3020 4715 concione
3049 4660 3334 4730 praemissis
3359 4663 3666 4732 quibusdam
3691 4664 3760 4718 de

2177 4749 2462 4805 timiditate
2488 4749 2937 4806 Antiochenorum
2959 4791 2974 4818 ,
3002 4749 3172 4820 deque
3194 4751 3497 4821 jnramento
3517 4753 3755 4817 vitando,

2181 4851 2548 4912 argumentum
2579 4843 2813 4897 homilire
2842 4852 3109 4898 mutuatur
3135 4845 3542 4916 Chrysostomns
3571 4862 3632 4900 ex
3674 4846 3758 4902 bis

2183 4933 2328 4988 Pauli
2355 4934 2531 4988 verbis
2559 4951 2573 4987 :
2607 4933 2803 4989 Paulus
2828 4936 3019 4990 vinctus
3037 4937 3161 4990 Jesu
3185 4936 3372 4992 Christi
3394 4948 3440 4992 et
3465 4937 3760 4993 Timotheus

2183 5026 2374 5094 frater,
2417 5025 2742 5096 Paulumque
2778 5028 3141 5097 gloriosiorem
3177 5044 3241 5084 ex
3278 5029 3500 5084 vinculis
3532 5030 3759 5086 demon-

2182 5125 2335 5183 strat,
2364 5133 2522 5186 quam
2552 5134 2616 5172 ex
2648 5119 2837 5172 virtute
2863 5120 3258 5174 miraculorum.

2254 5205 2469 5261 Decima
2512 5208 2736 5278 septima
2781 5209 2956 5264 habita
2987 5220 3069 5265 est
3107 5219 3382 5281 postquam
3419 5210 3762 5268 Hellebichus

2181 5300 2427 5371 Magister
2452 5301 2678 5356 militum
2704 5310 2757 5357 et
2783 5299 3043 5358 Casarius
3069 5303 3316 5373 Magister
3342 5304 3410 5358 ab
3435 5304 3760 5373 lmperatore

2181 5391 2330 5446 missi
2362 5392 2707 5461 perquisitum
2734 5393 2802 5447 de
2829 5393 3090 5448 seditione
3110 5434 3126 5461 ,
3157 5394 3492 5448 Antiochiam
3529 5393 3762 5449 advene-

2181 5491 2320 5538 rant.
2353 5483 2688 5539 Hcllebichus
2713 5484 2796 5539 hic
2815 5525 2831 5553 ,
2859 5485 3106 5556 Magister
3129 5487 3363 5553 equitum
3395 5485 3760 5556 peditumque,

2181 5572 2305 5627 alibi
2349 5583 2670 5629 memoratus
2707 5575 2976 5641 occurrit,
3019 5584 3074 5630 et
3110 5576 3327 5644 iustitiae
3364 5577 3765 5646 clementiaeque

2182 5662 2334 5717 laude
2363 5663 2586 5719 celebris
2609 5673 2722 5719 erat
2749 5683 2762 5719 ;
2791 5663 3051 5720 ϐωωτίιιε
3074 5667 3256 5730 etiam,
3289 5665 3536 5736 Magister
3560 5666 3766 5720 ofﬁcio-

2183 5769 2301 5810 rum
2329 5754 2452 5810 alibi
2477 5755 2666 5826 dictus,
2701 5757 2812 5827 pari
2838 5755 3100 5827 gaudebat
3128 5756 3406 5828 probitatis
3435 5756 3598 5812 fama.
3629 5755 3761 5812 Pro-
