4110 6148
354 240 453 295 121

351 351 592 405 nuntiata
613 357 794 407 autem
822 351 921 407 fuit
941 350 1056 408 haec
1076 349 1291 408 homilia
1317 365 1439 408 cum
1469 352 1784 408 Antiocheni
1816 367 1950 423 pene

345 456 380 498 ε
406 452 553 496 metu
577 441 732 498 liberi
763 452 962 499 essent.
994 442 1295 512 Innumero,
1319 445 1391 500 ait
1413 444 1501 500 ille
1520 461 1668 500 num.
1693 436 1749 512 2,
1773 461 1950 514 exspe-

345 535 595 587 ctavimus
623 534 797 600 mala;
823 537 1048 589 onmium
1067 535 1334 606 facultates
1356 536 1608 605 direptum
1635 537 1720 603 iri,
1753 534 1950 590 habita-

345 626 469 680 cala
496 641 608 678 cum
635 625 978 681 habitantibus
1006 626 1345 680 comburenda
1371 667 1386 692 ,
1415 627 1664 680 civitatem
1695 626 1758 680 de
1786 627 1948 681 medio

348 719 627 771 tollendam
655 719 796 784 orbe,
823 727 871 772 et
890 720 1048 788 ipsius
1072 720 1310 788 reliquias
1331 736 1500 774 omnes
1527 720 1796 791 perituras,
1829 734 1948 772 ara-

350 819 483 861 trum
508 809 671 878 ipsius
695 819 882 863 terram
908 810 1222 864 sulcaturum
1248 827 1371 864 esse.
1400 811 1502 866 Sed
1523 827 1634 865 ecce
1650 811 1756 865 [nec
1779 807 1949 865 omnia

348 899 483 951 intra
501 900 927 970 exspectationem
944 910 1140 955 tantum
1156 912 1417 969 steterunt,
1437 912 1482 957 et
1502 903 1554 956 in
1571 919 1696 974 opus
1713 920 1812 957 non
1829 920 1950 974 pro-

347 1000 624 1043 cesserunt.
659 991 770 1046 Sub
793 993 905 1046 haec
932 1001 1111 1047 narrat
1136 993 1404 1064 quomodo
1427 994 1673 1049 monachi
1699 1009 1764 1050 ex
1790 1010 1946 1049 mon-

349 1081 492 1136 tibus
522 1083 862 1138 Antiochiam
893 1084 1302 1154 descenderint,
1331 1093 1391 1140 ut
1413 1086 1620 1156 judices
1652 1087 1944 1156 placarent,

347 1169 475 1225 dum
508 1174 724 1227 interim
747 1174 1048 1244 philosophi
1078 1191 1265 1230 omnes
1305 1176 1477 1232 Graeci
1509 1177 1697 1233 urbem
1726 1177 1946 1233 desere-

347 1274 505 1320 rent:
536 1282 644 1336 quo
684 1277 839 1337 pacto
869 1270 1029 1324 etiam
1068 1271 1376 1327 sacerdotes
1409 1272 1461 1326 in
1503 1274 1728 1342 gratiam
1769 1274 1943 1344 populi

345 1367 574 1436 strenue
605 1375 716 1414 rem
743 1361 1006 1430 geSSerint
1036 1379 1050 1416 :
1078 1377 1263 1432 poenas
1292 1363 1360 1416 ab
1379 1363 1706 1434 lmperatore
1728 1364 1944 1420 demum

346 1449 613 1521 irrogatas
634 1493 649 1518 ,
683 1452 829 1508 leves
860 1453 1268 1524 tolerabilesque
1290 1470 1429 1522 esse,
1457 1471 1629 1527 neque
1655 1455 1945 1512 dolendum

345 1542 391 1597 si
421 1544 739 1599 orchestram
767 1555 814 1599 et
839 1546 1020 1601 balnea
1049 1549 1352 1613 occluserit,
1383 1564 1447 1604 ac
1473 1551 1831 1620 metropoleos
1861 1551 1944 1606 di-

344 1635 607 1704 gnitatem
635 1636 700 1691 ab
728 1639 858 1692 urbe
885 1638 1182 1694 Antiochiae
1213 1641 1508 1696 sustulerit.
1542 1643 1734 1698 Veram
1757 1644 1946 1700 Antio-

343 1726 482 1780 chiae
504 1727 819 1796 dignitatem
848 1745 990 1796 esse,
1025 1731 1167 1800 quod
1191 1731 1244 1786 in
1271 1747 1333 1788 ea
1355 1731 1598 1804 discipuli
1617 1734 1812 1790 Christi
1832 1737 1940 1805 pri-

341 1835 495 1874 mum
527 1819 813 1876 Christiani
837 1823 941 1877 sint
963 1824 1153 1890 vocati,
1178 1832 1232 1878 et
1248 1825 1390 1894 quod
1408 1826 1725 1882 Antiocheni
1746 1829 1945 1885 sanctis

341 1910 814 1981 Jerosolymitanis
834 1914 970 1968 tame
992 1913 1356 1970 laborantibus
1377 1931 1533 1985 opem
1563 1918 1812 1972 tulerint:
1837 1934 1942 1974 non

340 2001 767 2071 magnitudinem
788 2045 804 2070 ,
849 2003 944 2059 sed
976 2005 1226 2074 pietatem
1263 2005 1420 2061 urbes
1449 2022 1728 2063 exornare.
1755 2009 1812 2063 la
1838 2010 1946 2066 fine

340 2104 529 2148 autem
554 2095 700 2163 dicit,
723 2097 856 2152 alios
872 2097 1045 2153 adhuc
1066 2099 1118 2152 in
1141 2113 1354 2154 carcere
1380 2099 1596 2170 degere,
1620 2101 1755 2156 alios
1779 2101 1829 2156 in
1853 2119 1945 2157 cx-

338 2186 528 2242 silium
569 2189 856 2245 mittendos
903 2206 1042 2247 esse.
1089 2191 1236 2246 Hauc
1266 2191 1538 2247 homiliam
1570 2193 1942 2250 Tillemonlius

339 2281 558 2336 confert
583 2283 637 2336 in
679 2283 1064 2338 hebdomadem
1096 2293 1338 2355 quartam
1365 2284 1793 2356 Quadragesima:
1825 2299 1944 2356 post

339 2363 538 2421 feriam
564 2377 828 2436 quartam,
861 2369 954 2424 sed
984 2384 1050 2424 ex
1075 2369 1378 2440 conjectura
1410 2378 1632 2425 tantum.
1666 2371 1940 2442 Metropo-

338 2456 457 2513 leos
521 2474 648 2513 vero
705 2459 935 2529 dignitas
981 2462 1236 2516 translata
1286 2462 1381 2516 fuit
1421 2462 1703 2518 Antiochia
1753 2464 1944 2520 Laodi-

337 2562 520 2617 ceam,
544 2549 808 2606 referenle
836 2551 1174 2607 Theodoreto
1201 2554 1235 2606 l.
1267 2553 1320 2620 5,
1349 2568 1399 2607 c.
1431 2554 1520 2609 19.

407 2640 635 2695 Decima
662 2652 846 2696 octava
879 2642 1095 2698 homilia
1126 2653 1246 2714 post
1274 2644 1552 2701 dimidium
1578 2646 1767 2716 jejunii
1799 2646 1941 2702 dicta

336 2731 458 2797 fuit,
499 2744 553 2787 ut
579 2735 650 2787 ait
673 2735 830 2789 initio
854 2735 1286 2807 Chrysostomus.
1324 2737 1478 2791 Putat
1501 2753 1630 2794 vero
1651 2738 1941 2793 Tillemon-

337 2826 443 2879 tius
477 2826 619 2880 illam
652 2827 702 2880 in
731 2828 1059 2882 Dominicam
1091 2833 1326 2899 quintam
1353 2829 1788 2901 Quadragesimze
1818 2848 1941 2902 pro-

334 2913 594 2971 babiliter
613 2918 798 2986 conjici
823 2934 999 2988 posse.
1031 2920 1218 2988 Agitur
1246 2935 1407 2990 porro
1431 2921 1500 2976 de
1520 2937 1645 2976 vera
1663 2923 1940 2994 jejunandi

334 3009 552 3064 ratione
573 3051 587 3073 ,
619 3010 684 3066 de
707 3010 1008 3066 divitiarum
1033 3021 1342 3081 contemptu
1359 3053 1372 3076 ,
1400 3011 1469 3069 de
1504 3013 1718 3089 tristitia
1743 3030 1938 3072 secun-

335 3101 466 3156 dum
504 3103 692 3169 Deum,
723 3113 827 3158 etc.

405 3195 686 3251 Hactenus
728 3198 778 3250 in
817 3196 1158 3252 homiliarum
1199 3213 1424 3254 numero
1451 3206 1505 3253 et
1535 3198 1724 3254 ordine
1754 3197 1937 3254 Savilii

332 3295 386 3340 et
430 3285 723 3343 Frontonis
776 3290 950 3344 Ducaei
994 3289 1266 3346 Editioues
1311 3301 1568 3370 sequutus
1614 3306 1777 3357 sum;
1829 3293 1936 3348 imo

333 3380 509 3433 etiam
531 3379 794 3435 decimam
828 3397 1020 3436 nonam
1043 3383 1380 3439 continenter
1405 3384 1579 3454 posui,
1606 3383 1936 3440 Tillemontii

333 3474 579 3542 opinioni
609 3475 964 3545 adstipulatus
983 3517 995 3540 ,
1029 3478 1116 3546 qui
1149 3478 1288 3533 inter
1309 3469 1810 3550 Quadragcsimales
1837 3478 1933 3533 de-

332 3565 534 3618 cimam
577 3581 771 3620 nonam
815 3576 870 3622 et
908 3568 1022 3638 ipse
1065 3569 1266 3637 putavit
1303 3571 1711 3626 accensendam.
1739 3569 1933 3626 Verum

331 3666 522 3726 postea
555 3658 802 3713 secundis
829 3661 971 3714 curis
996 3662 1230 3730 comperi
1257 3660 1398 3714 illam
1427 3660 1518 3715 diu
1548 3669 1669 3733 post
1696 3661 1898 3716 Pascha
1919 3701 1935 3726 ,

335 3748 618 3804 Dominica
660 3765 852 3820 nempe
880 3759 1004 3806 ante
1040 3752 1425 3807 Ascensionem
1453 3753 1661 3807 Domini
1691 3752 1928 3808 habitam

333 3839 540 3907 fuisse,
581 3852 642 3896 ut
678 3844 839 3898 etiam
881 3843 933 3898 in
973 3844 1126 3899 titulo
1165 3843 1332 3899 fertur
1356 3885 1371 3912 ,
1419 3859 1615 3915 nempe
1659 3845 1932 3901 Dominica

332 3950 420 3996 τῆς
451 3939 795 4003 ἕπισωςομένης
823 3975 837 3998 ,
880 3950 999 4005 qua:
1031 3935 1359 3990 Dominicam
1390 3937 1628 4005 quintam
1671 3947 1793 4007 post
1834 3938 1934 3993 Pa-

333 4025 490 4092 scha,
515 4027 627 4080 sive
656 4026 984 4081 Dominicam
1007 4036 1132 4082 ante
1156 4028 1544 4083 Ascensionem
1571 4028 1853 4099 significat,
1879 4037 1936 4084 ut

334 4119 411 4172 ait
435 4118 544 4173 Leo
565 4119 811 4173 Allatius.
831 4118 936 4174 Sed
963 4134 1025 4175 ea
1052 4119 1119 4174 de
1145 4135 1203 4175 re
1229 4118 1363 4174 infra
1391 4120 1648 4190 pluribus.
1676 4119 1807 4176 Cum
1836 4123 1937 4176 ita-

336 4226 444 4280 que
471 4211 562 4265 illa
591 4211 732 4266 inter
758 4211 1016 4266 llomilias
1039 4211 1107 4267 de
1130 4211 1350 4280 Statuis,
1382 4212 1465 4268 vel
1491 4212 1937 4283 Quadragesima-

337 4302 418 4358 les
443 4305 710 4360 reccnseri
737 4320 840 4360 non
859 4305 1074 4372 debeat,
1099 4305 1305 4360 decima
1336 4319 1475 4360 nona
1497 4305 1598 4360 erit
1624 4305 1712 4360 illa
1729 4347 1744 4374 ,
1775 4320 1935 4376 quam

339 4409 438 4450 nos
458 4397 768 4465 vigesimam
793 4381 1161 4467 posueramus,
1181 4413 1405 4468 quicque
1426 4397 1478 4452 ln
1500 4398 1748 4453 Editioue
1765 4398 1940 4453 Fron-

339 4489 480 4544 tonis
513 4488 689 4543 Ducaai
719 4491 975 4560 vigesima
1002 4489 1236 4544 secunda
1265 4497 1606 4556 numeratur,
1649 4489 1935 4559 habitaquc

339 4581 470 4648 fuit,
504 4590 643 4636 teste
679 4579 1065 4653 Chrysostomo
1088 4622 1102 4648 ,
1134 4581 1320 4637 decem
1348 4581 1535 4636 diebus
1560 4590 1684 4636 ante
1705 4581 1932 4636 Pascha.

341 4671 432 4726 llla
461 4687 592 4728 vero
612 4715 625 4739 ,
655 4688 815 4743 quam
844 4673 1047 4728 Fronto
1083 4673 1306 4728 Ducaeus
1333 4673 1641 4742 vigesimam
1672 4687 1930 4726 numera-

342 4774 527 4831 verat,
560 4775 616 4820 et
643 4779 744 4820 nos
774 4765 1083 4836 vigesimam
1113 4765 1338 4835 primam
1370 4764 1678 4834 posuimus,
1711 4765 1819 4833 jam
1853 4765 1934 4818 vl-

343 4859 543 4928 gesima
559 4862 681 4929 erit,
696 4861 908 4933 dempta
924 4875 1116 4930 nempe
1143 4860 1229 4914 illa
1258 4858 1436 4913 habita
1469 4860 1523 4913 in
1555 4859 1827 4913 Dominica
1850 4873 1936 4921 τῆς

341 4954 718 5020 ἄπισωςομένης,
750 4953 818 5007 de
855 4967 958 5022 qua
999 4966 1098 5006 suo
1128 4951 1247 5006 loco
1273 4961 1477 5021 agetur.
1523 4951 1647 5005 llaec
1670 4964 1833 5022 porro
1859 4950 1937 5003 vi-

343 5042 544 5110 gesima
565 5052 646 5098 est
669 5043 854 5097 ultima
876 5043 943 5098 de
963 5042 1184 5098 Statuis.
1214 5042 1396 5113 Itaque
1418 5042 1526 5112 jam
1549 5042 1733 5113 viginti
1762 5040 1936 5095 solum

346 5133 604 5189 llomilias
626 5135 694 5190 de
718 5135 918 5192 Statuis
938 5150 1224 5192 recensere
1244 5145 1474 5205 oportet,
1500 5136 1621 5205 quia
1643 5135 1753 5199 illa,
1777 5149 1935 5204 quam

347 5241 444 5280 nos
470 5227 731 5282 decimam
759 5243 955 5282 nonam
982 5229 1275 5298 posuimus,
1308 5227 1413 5281 alio
1440 5225 1806 5282 transferenda
1832 5235 1934 5291 est,

346 5327 400 5371 et
426 5315 671 5384 homilia,
703 5334 863 5389 quam
893 5318 1203 5389 vigesimam
1235 5318 1459 5388 primam
1493 5317 1692 5372 Fronto
1714 5318 1938 5372 Ducaeus

346 5420 632 5478 posuerat,
660 5420 744 5466 est
768 5410 1066 5467 catechesis
1091 5419 1239 5467 extra
1267 5410 1462 5465 seriem
1490 5409 1841 5465 Homiliarum
1872 5407 1940 5464 de

347 5497 548 5556 Statuis
578 5501 844 5572 ponenda,
874 5513 931 5557 ut
956 5503 1075 5558 loco
1104 5517 1202 5558 suo
1225 5501 1484 5557 dicemus.

418 5593 475 5649 ln
514 5596 772 5665 vigesima
813 5595 1049 5660 homilia,
1083 5608 1241 5665 quam
1286 5608 1384 5649 nos
1409 5594 1521 5664 jam
1547 5592 1807 5648 decimam
1845 5607 1941 5648 no-

358 5699 478 5739 nam
502 5701 876 5753 numeramus,
895 5686 949 5742 in
967 5687 1122 5744 titulo
1138 5687 1252 5743 haec
1270 5686 1543 5760 adduntur
1569 5688 1623 5745 in
1649 5684 1938 5746 Manuscri-

1528 237 1708 295 NUNC
1746 234 2004 292 PRIMUM
2045 235 2436 295 ADORNATA.

3549 249 3648 306 122

2058 351 2160 422 ptis
2191 353 2507 424 quibusdam
2544 373 2554 408 :
2595 355 2738 411 Dicta
2763 367 2835 414 est
2863 357 3031 415 decem
3059 361 3232 419 diebus
3267 373 3382 420 ante
3419 380 3646 424 sanctam

2056 453 2102 498 et
2125 445 2367 514 vivi/icon:
2396 443 2604 502 Domini
2625 451 2782 504 nostri
2806 442 2940 506 1.6.
2976 448 3405 513 Resurrectionem
3431 476 3492 514 ea:
3512 477 3648 515 mor-

2056 529 2154 590 tuis
2181 551 2198 588 :
2223 537 2364 606 quod
2413 539 2613 608 optime
2655 541 2878 611 quadrat
2920 543 2986 597 ad
3018 543 3216 601 dictum
3248 549 3375 604 illud
3405 550 3646 624 Chryso-

2054 628 2212 681 stomi
2257 629 2414 696 paulo
2455 639 2579 686 ante
2625 632 2785 687 tinem
2831 631 3109 691 humilia}:
3147 639 3497 713 Quadraginta
3540 647 3648 700 dies

2055 713 2422 788 prwterierunt.
2448 717 2636 778 Habita
2659 739 2787 794 ergo
2810 724 2968 782 fuerit
2995 728 3109 784 haec
3129 733 3314 788 concio
3343 733 3474 790 feria
3496 749 3645 794 sexta

2053 819 2174 879 post
2192 811 2539 880 Dominicam,
2557 830 2713 885 quam
2732 811 3004 874 Passionis
3021 835 3291 878 vocamus.
3309 824 3432 880 llaec
3450 828 3647 899 quippe

2053 902 2167 958 dies
2184 913 2299 959 erat
2315 905 2739 976 quadragesima,
2761 910 3060 980 incipiendo
3079 929 3110 968 a
3132 913 3260 969 feria
3277 919 3508 974 secunda
3529 931 3648 990 post

2053 993 2581 1066 Quinquagesimam,
2613 1014 2733 1070 qua:
2775 1009 2892 1056 erat
2929 1002 3137 1059 initium
3166 1004 3597 1078 Quadragesimm
3631 1029 3643 1066 :

2052 1095 2165 1140 erat
2194 1085 2318 1140 item
2345 1083 2552 1144 decima
2578 1098 2701 1145 ante
2727 1085 2927 1148 Pascha
2949 1133 2963 1157 ,
2995 1094 3167 1164 ipsum
3196 1092 3472 1154 Pas'ehatis
3501 1101 3643 1157 diem

2052 1177 2471 1232 annumerando.
2498 1171 2591 1234 Est
2616 1187 2794 1236 autem
2821 1181 2936 1238 haec
2961 1182 3178 1241 bomilia
3201 1186 3369 1245 ferme
3391 1199 3497 1245 tota
3518 1207 3649 1246 con-

2053 1275 2133 1321 tra
2174 1268 2498 1324 simultatem
2541 1279 2596 1326 et
2639 1271 2948 1343 injuriaram
2974 1277 3287 1333 memoriam
3313 1320 3329 1346 ,
3372 1289 3427 1336 et
3461 1281 3513 1336 in
3542 1283 3647 1340 line

2052 1371 2150 1426 pro
2176 1373 2324 1413 more
2353 1360 2509 1415 solito
2537 1371 2721 1416 contra
2751 1362 3070 1433 iuramenta.

2127 1445 2392 1522 Vigcsima
2423 1454 2590 1524 prima
2621 1455 2860 1526 homilia,
2892 1473 3050 1528 quam
3075 1475 3173 1516 nos
3203 1461 3643 1533 vigesimamJtu-

2052 1542 2359 1597 merandum
2389 1553 2637 1614 putamus
2657 1590 2672 1613 ,
2710 1558 2791 1603 est
2832 1549 3017 1606 ultima
3045 1551 3111 1608 de
3139 1552 3358 1610 Statuis.
3389 1557 3508 1626 lpso
3536 1558 3643 1614 Re.

2051 1635 2396 1690 surrectionis
2439 1636 2527 1692 die
2569 1637 2750 1694 habita
2792 1641 3047 1710 probatur
3089 1658 3155 1698 ex
3197 1645 3261 1699 iis
3291 1661 3409 1715 qua:
3435 1648 3534 1704 sub
3563 1649 3643 1703 in-

2050 1725 2202 1780 itium
2254 1727 2522 1794 dicuntur,
2569 1740 2623 1786 et
2666 1740 2789 1801 post
2825 1733 3054 1790 reditum
3104 1735 3342 1792 Flaviani
3383 1741 3639 1811 episcopi.

2051 1817 2230 1872 Primo
2269 1818 2450 1874 laudat
2491 1812 2806 1876 Flavianum
2829 1862 2844 1887 ,
2867 1824 3008 1892 quod
3039 1833 3225 1881 sorore
3264 1828 3452 1885 morbo
3492 1829 3644 1885 labo-

2050 1919 2231 1977 rante,
2261 1912 2327 1967 de
2352 1914 2611 1969 extremis
2635 1915 3005 1986 periclitante,
3035 1928 3089 1973 ct
3114 1918 3332 1976 fratrem
3362 1937 3430 1977 ne
3456 1939 3514 1978 se
3543 1924 3640 1980 de-

2050 2011 2256 2056 sereret
2299 2011 2522 2072 rogante
2546 2045 2561 2070 ,
2594 2005 2772 2060 omnia
2805 2015 2981 2061 tamen
3021 2008 3110 2064 ille
3145 2010 3510 2079 posthabuerit
3535 2053 3555 2081 ,
3586 2025 3643 2069 ut

2050 2092 2368 2161 periclitanti
2396 2093 2544 2164 gregi
2573 2095 2924 2165 prospiceret.
2948 2096 3140 2153 Narrat
3165 2101 3433 2169 quomodo
3464 2101 3636 2172 Impe-

2048 2193 2281 2238 ratorem
2311 2183 2504 2240 adierit
2530 2193 2583 2240 et
2614 2185 2667 2240 in
2693 2197 3038 2256 conspectum
3067 2187 3182 2258 ejus
3210 2189 3494 2256 adductus,
3523 2201 3638 2247 sta-

2049 2275 2142 2329 tim
2163 2275 2432 2347 lacrymis,
2450 2276 2594 2332 luctu
2617 2287 2668 2332 et
2697 2278 2910 2333 silentio
2928 2279 3032 2333 vim
3054 2280 3256 2336 doloris
3275 2285 3598 2353 expresserit
3622 2303 3636 2340 :

2047 2364 2349 2437 deindeque
2378 2366 2568 2422 leniter
2594 2367 2838 2424 hortante
2865 2369 3189 2439 lmperatore
3214 2374 3510 2430 orationem
3537 2375 3640 2431 ha-

2045 2456 2225 2513 buerit
2249 2499 2264 2525 ,
2297 2474 2454 2530 quam
2497 2459 2910 2531 Chrysostomus
2954 2462 3021 2516 ad
3061 2464 3278 2518 verbum
3322 2466 3482 2521 refert
3518 2477 3642 2537 apte

2044 2551 2393 2618 compositam
2421 2550 2487 2605 ad
2514 2551 2873 2606 Theodosium
2907 2553 3225 2622 placandum
3260 2573 3272 2608 :
3303 2555 3637 2613 Theodosius

2045 2657 2174 2696 vero
2214 2643 2277 2696 ad
2324 2644 2746 2699 misericordiam
2792 2655 3128 2714 commotus,
3173 2647 3287 2703 haec
3331 2649 3637 2705 Christiano

2045 2733 2295 2807 Principe
2333 2735 2490 2806 digna
2532 2739 2749 2807 protulit
2779 2739 2944 2794 verba
2974 2755 2988 2792 :
3021 2738 3158 2806 Quid
3179 2756 3415 2811 magnum
3441 2743 3533 2796 erit
3552 2784 3565 2806 ,
3596 2745 3641 2797 si

2046 2827 2350 2894 hominibus,
2380 2829 2466 2898 qui
2490 2846 2580 2883 nos
2610 2831 2921 2899 contumeliis
2946 2829 3238 2898 a/fecerunt,
3259 2831 3389 2885 iram
3410 2835 3638 2887 remittu—

2045 2937 2154 2973 mus
2173 2961 2186 2985 ,
2219 2936 2332 2973 cum
2359 2938 2448 2976 nos
2479 2922 2576 2992 ipsi
2605 2923 2831 2977 homines
2861 2924 3016 2978 simus
3039 2939 3058 2988 ;
3087 2923 3290 2995 quando
3320 2926 3497 2978 mundi
3522 2925 3633 2980 Do-

2043 3013 2209 3067 minus
2234 3013 2288 3066 in
2318 3023 2504 3067 terram
2530 3014 2866 3082 descendens,
2911 3031 2970 3068 ac
3006 3026 3211 3086 prapter
3247 3032 3338 3069 nos
3377 3016 3526 3070 homo
3555 3020 3634 3086 fa-

2043 3116 2171 3171 ctus,
2197 3117 2240 3160 et
2261 3123 2291 3158 a
2314 3107 2550 3175 beneﬁcio
2572 3106 2764 3174 a/fectis
2789 3107 3083 3174 cruciﬁxus,
3110 3125 3200 3178 pro
3220 3108 3634 3179 cruciﬁgentibus

2042 3215 2096 3253 se
2118 3198 2327 3253 Patrem
2353 3201 2513 3254 orauit
2538 3200 2747 3254 dicens:
2770 3199 2985 3271 Ignosce
3011 3201 3150 3266 illis;
3181 3219 3281 3256 non
3307 3204 3439 3256 enim
3466 3204 3633 3258 sciunt

2041 3293 2162 3364 quid
2188 3293 2402 3362 faciunt.
2431 3292 2564 3347 Cum
2595 3302 2778 3348 autem
2821 3292 3104 3348 Flavianus
3139 3293 3339 3348 Pascha
3369 3308 3492 3348 cum
3525 3293 3631 3347 lm-

2043 3394 2295 3455 peratore
2333 3383 2606 3439 celebrare
2632 3383 2823 3449 vellet,
2855 3384 3065 3453 reponit
3091 3382 3424 3439 Theodosius
3453 3403 3466 3436 :
3498 3383 3632 3438 Novi

2041 3475 2499 3531 Antiochenorum
2525 3473 2735 3528 animos
2761 3474 3130 3538 conturbatos,
3161 3482 3214 3528 et
3232 3474 3426 3528 multas
3446 3489 3631 3545 super-

2041 3581 2161 3622 esse
2191 3565 2509 3621 calamitatis
2544 3564 2817 3636 reliquias.
2845 3563 2938 3618 Abi
2966 3573 3010 3618 et
3036 3565 3313 3619 consolare.
3348 3565 3411 3620 Si
3452 3567 3632 3636 guber-

2041 3669 2269 3714 natorem
2309 3659 2521 3713 viderint
2543 3701 2557 3724 ,
2595 3675 2685 3712 nec
2725 3659 2990 3729 praeterita:
3026 3659 3408 3712 reminiscentur
3442 3669 3631 3730 tempe-

2039 3753 2204 3816 statis,
2229 3752 2314 3806 sed
2343 3753 2507 3822 ipsum
2533 3751 2752 3805 tristium
2778 3750 3072 3803 memoriam
3105 3749 3354 3804 delebant.
3383 3748 3508 3804 llrec
3538 3750 3630 3804 ubi

2040 3845 2391 3901 Antiochenis
2421 3843 2659 3898 nuntiata
2690 3842 2858 3908 fuere,
2887 3841 3079 3912 gaudio
3107 3841 3307 3911 perfusi
3338 3840 3508 3896 forum
3539 3856 3630 3896 co-

2041 3918 2321 4001 ronarunt,
2352 3937 2598 3990 lucernas
2625 3932 3021 3998 accenderunt,
3053 3941 3109 3988 et
3136 3942 3262 3988 ante
3287 3931 3528 3987 ofﬁcinas
3555 3933 3631 3986 le-

2040 4028 2315 4083 ctisternia
2343 4043 2594 4098 posuere.
2627 4027 2723 4082 llic
2756 4025 2967 4081 tandem
3008 4023 3102 4080 fuit
3125 4023 3474 4080 Antiochense
3491 4024 3630 4079 sedi-

2040 4121 2203 4176 tionis
2230 4122 2423 4177 exitus.

2111 4214 2230 4269 Jam
2256 4214 2322 4269 ad
2349 4215 2624 4286 sequentia
2648 4215 2944 4278 veniamus,
2965 4227 3082 4284 qum
3105 4221 3227 4282 post
3241 4210 3381 4266 diem
3403 4209 3633 4265 Pascha-

2041 4307 2109 4363 tis
2136 4306 2456 4377 subscquuta
2487 4317 2609 4360 sunt
2640 4326 2653 4362 :
2686 4308 2739 4362 in
2766 4308 2916 4378 queis
2945 4321 3010 4361 ex
3044 4306 3295 4360 diuturna
3321 4302 3632 4357 tractatione

2043 4415 2149 4454 non
2179 4414 2348 4469 pauca
2394 4406 2556 4465 sunt,
2585 4413 2703 4467 qua:
2736 4397 2943 4466 pridem
2983 4395 3275 4450 secundum
3303 4394 3631 4448 Tillemontii

2043 4492 2364 4548 sententiam
2390 4501 2748 4544 statueramus
2775 4531 2788 4552 ,
2820 4503 3044 4557 qumque
3063 4487 3174 4556 jam
3201 4485 3453 4539 mutanda
3481 4485 3634 4537 nobis

2042 4593 2184 4640 sunt.
2215 4585 2434 4651 Eorum,
2453 4598 2571 4653 qua:
2592 4590 2712 4652 post
2739 4581 2882 4635 diem
2905 4579 3179 4634 Paschalis
3202 4577 3358 4646 hujus
3383 4577 3506 4630 anni
3531 4577 3633 4631 587

2043 4677 2369 4746 subscquuta
2411 4682 2569 4740 sunt,
2622 4672 2756 4729 ordo
2796 4671 2960 4742 probe
2992 4671 3284 4741 percipitur
3311 4684 3378 4723 ex
3417 4668 3485 4724 iis
3514 4683 3635 4738 quae

2043 4767 2305 4824 Sermone
2352 4766 2522 4836 primo
2546 4765 2614 4819 de
2651 4765 2807 4819 Anna
2841 4771 3022 4817 narrat
3057 4762 3492 4834 Chrysostomus.
3535 4758 3637 4814 Vos

2043 4860 2176 4913 enim
2201 4858 2439 4929 fortasse,
2470 4858 2660 4929 inquit,
2685 4874 2857 4912 eorum
2882 4857 3024 4911 obliti
3053 4855 3191 4923 estis,
3215 4871 3273 4910 eo
3295 4854 3430 4925 quod
3449 4854 3635 4907 multos

2043 4950 2235 5005 interea
2271 4966 2524 5005 sermones
2549 4991 2562 5016 ,
2595 4961 2641 5005 et
2681 4951 2744 5004 de
2785 4950 2902 5004 aliis
2949 4949 3095 5004 rebus
3145 4964 3238 5002 nos
3292 4947 3634 5002 habuerimus.

2046 5041 2186 5097 Nam
2215 5059 2410 5097 reverso
2439 5060 2470 5095 a
2503 5043 2776 5113 longinqua
2804 5039 3207 5112 peregrinatione
3233 5037 3396 5092 Patre
3422 5047 3593 5092 nostra
3619 5078 3634 5101 ,

2045 5135 2379 5189 necessarium
2403 5134 2500 5204 fuit
2531 5134 2701 5187 omnia
2729 5147 3139 5196 commemorare,
3168 5146 3282 5201 quis
3305 5131 3358 5184 in
3382 5129 3637 5185 Comitatu

2044 5227 2374 5282 acciderant:
2404 5242 2464 5279 ac
2491 5225 2672 5279 deinde
2695 5239 2809 5278 cum
2839 5223 3105 5294 gentilibus
3134 5224 3423 5294 disputare,
3455 5231 3513 5275 ut
3546 5221 3638 5275 hos

2045 5319 2092 5372 vi
2122 5319 2423 5373 calamitatis
2461 5317 2528 5370 ad
2565 5317 2822 5370 meliorem
2851 5319 3050 5386 frugem
3079 5323 3334 5368 reuocatos
3356 5353 3372 5380 ,
3403 5312 3489 5382 qui
3510 5353 3524 5378 ,
3549 5311 3640 5363 deu-

2045 5419 2178 5465 serto
2212 5408 2475 5481 gentilium
2502 5423 2690 5473 errore,
2721 5422 2829 5460 sese
2849 5407 2917 5460 ad
2942 5422 3033 5461 nos
3058 5403 3376 5459 contulerant
3401 5445 3415 5471 ,
3449 5419 3541 5473 pro
3565 5401 3636 5454 vi-

2045 5503 2132 5557 rili
2157 5504 2590 5572 conﬁmtaremus,
2622 5516 2682 5554 ac
2711 5501 3018 5567 doceremus,
3047 5498 3250 5562 quantis
3277 5497 3490 5552 tenebris
3515 5493 3638 5548 libe-

2047 5596 2186 5664 rati,
2215 5595 2284 5648 ad
2314 5603 2508 5648 tentant
2543 5591 2765 5648 ueritatis
2804 5591 2967 5646 lucem
3005 5592 3358 5645 occurrissent.
3389 5584 3516 5640 Post
3543 5582 3640 5636 illa

2047 5704 2252 5745 rursum
2278 5687 2450 5743 multis
2472 5685 2648 5742 diebus
2674 5693 2952 5755 martyrum
2979 5682 3247 5756 festivitate
3260 5677 3406 5752 potiti
3426 5688 3597 5733 sumus
3616 5687 3638 5728 :
