  <div class='ocr_page' id='page_1' title='image "/cluster/home/n/w/nwhite01/storage/ocr_20150623/47/mdp.39015012902212/159.png"; bbox 0 0 4110 6148; ppageno 0'>
   <div class='ocr_carea' id='block_1_1' title="bbox 420 332 517 388">
    <p class='ocr_par' dir='ltr' id='par_1_1' title="bbox 420 332 517 388">
     <span class='ocr_line' id='line_1_1' title="bbox 420 332 517 388; baseline 0 0"><span class='ocrx_word' id='word_1_1' title='bbox 420 332 517 388; x_wconf 68' lang='lat'><strong><em>1‘25</em></strong></span> 
     </span>
    </p>
   </div>
   <div class='ocr_carea' id='block_1_2' title="bbox 417 435 1986 514">
    <p class='ocr_par' dir='ltr' id='par_1_2' title="bbox 417 435 1986 514">
     <span class='ocr_line' id='line_1_2' title="bbox 417 435 1986 514; baseline -0.005 -18"><span class='ocrx_word' id='word_1_2' title='bbox 417 460 573 514; x_wconf 81' lang='lat' dir='ltr'><strong><em>neque</em></strong></span> <span class='ocrx_word' id='word_1_3' title='bbox 613 443 824 513; x_wconf 87' lang='lat' dir='ltr'><strong><em>tempori</em></strong></span> <span class='ocrx_word' id='word_1_4' title='bbox 856 443 1146 496; x_wconf 68' lang='lat' dir='ltr'><strong><em>conueniens</em></strong></span> <span class='ocrx_word' id='word_1_5' title='bbox 1179 442 1351 509; x_wconf 86' lang='lat' dir='ltr'><strong><em>[uisset</em></strong></span> <span class='ocrx_word' id='word_1_6' title='bbox 1378 456 1460 493; x_wconf 86' lang='lat' dir='ltr'><strong><em>eos</em></strong></span> <span class='ocrx_word' id='word_1_7' title='bbox 1483 481 1499 507; x_wconf 95' lang='lat'><strong><em>,</em></strong></span> <span class='ocrx_word' id='word_1_8' title='bbox 1530 439 1615 513; x_wconf 87' lang='lat' dir='ltr'><strong><em>qui</em></strong></span> <span class='ocrx_word' id='word_1_9' title='bbox 1651 439 1702 493; x_wconf 90' lang='lat' dir='ltr'><strong><em>in</em></strong></span> <span class='ocrx_word' id='word_1_10' title='bbox 1743 435 1986 507; x_wconf 83' lang='lat' dir='ltr'><strong><em>sepulcris</em></strong></span> 
     </span>
    </p>
   </div>
   <div class='ocr_carea' id='block_1_3' title="bbox 364 524 1989 604">
    <p class='ocr_par' dir='ltr' id='par_1_3' title="bbox 364 524 1989 604">
     <span class='ocr_line' id='line_1_3' title="bbox 364 524 1989 604; baseline -0.006 -15"><span class='ocrx_word' id='word_1_11' title='bbox 364 586 371 589; x_wconf 95' lang='lat'>_</span> <span class='ocrx_word' id='word_1_12' title='bbox 415 544 696 604; x_wconf 76' lang='lat' dir='ltr'><strong><em>martyrum</em></strong></span> <span class='ocrx_word' id='word_1_13' title='bbox 725 539 1056 596; x_wconf 72' lang='lat' dir='ltr'><strong><em>versarentur,</em></strong></span> <span class='ocrx_word' id='word_1_14' title='bbox 1087 547 1260 583; x_wconf 88' lang='lat' dir='ltr'><strong><em>earum</em></strong></span> <span class='ocrx_word' id='word_1_15' title='bbox 1298 529 1507 583; x_wconf 81' lang='lat' dir='ltr'><strong><em>laudum</em></strong></span> <span class='ocrx_word' id='word_1_16' title='bbox 1546 545 1657 600; x_wconf 72' lang='lat' dir='ltr'><strong><em>qua:</em></strong></span> <span class='ocrx_word' id='word_1_17' title='bbox 1686 524 1989 597; x_wconf 78' lang='lat' dir='ltr'><strong><em>martyribus</em></strong></span> 
     </span>
    </p>
   </div>
   <div class='ocr_carea' id='block_1_4' title="bbox 417 618 1989 677">
    <p class='ocr_par' dir='ltr' id='par_1_4' title="bbox 417 618 1989 677">
     <span class='ocr_line' id='line_1_4' title="bbox 417 618 1989 677; baseline -0.003 -2"><span class='ocrx_word' id='word_1_18' title='bbox 417 624 653 677; x_wconf 75' lang='lat' dir='ltr'><strong><em>debentur</em></strong></span> <span class='ocrx_word' id='word_1_19' title='bbox 680 629 897 674; x_wconf 69' lang='lat' dir='ltr'><strong><em>exsortes</em></strong></span> <span class='ocrx_word' id='word_1_20' title='bbox 926 619 1196 673; x_wconf 78' lang='lat' dir='ltr'><strong><em>discedere.</em></strong></span> <span class='ocrx_word' id='word_1_21' title='bbox 1235 619 1487 676; x_wconf 76' lang='lat' dir='ltr'><strong><em>Successit</em></strong></span> <span class='ocrx_word' id='word_1_22' title='bbox 1524 620 1603 673; x_wconf 91' lang='lat' dir='ltr'><strong><em>his</em></strong></span> <span class='ocrx_word' id='word_1_23' title='bbox 1635 620 1703 672; x_wconf 89' lang='lat' dir='ltr'><strong><em>ad</em></strong></span> <span class='ocrx_word' id='word_1_24' title='bbox 1738 618 1989 672; x_wconf 86' lang='lat' dir='ltr'><strong><em>abstinen-</em></strong></span> 
     </span>
    </p>
   </div>
   <div class='ocr_carea' id='block_1_5' title="bbox 425 711 1989 781">
    <p class='ocr_par' dir='ltr' id='par_1_5' title="bbox 425 711 1989 781">
     <span class='ocr_line' id='line_1_5' title="bbox 425 711 1989 781; baseline -0.003 -15"><span class='ocrx_word' id='word_1_25' title='bbox 425 714 537 767; x_wconf 59' lang='lat' dir='ltr'><strong><em>dum</em></strong></span> <span class='ocrx_word' id='word_1_26' title='bbox 580 730 611 765; x_wconf 92' lang='lat' dir='ltr'><strong><em>a</em></strong></span> <span class='ocrx_word' id='word_1_27' title='bbox 641 711 942 781; x_wconf 86' lang='lat' dir='ltr'><strong><em>juramentis</em></strong></span> <span class='ocrx_word' id='word_1_28' title='bbox 995 711 1295 765; x_wconf 73' lang='lat' dir='ltr'><strong><em>exhortatio.</em></strong></span> <span class='ocrx_word' id='word_1_29' title='bbox 1350 711 1476 766; x_wconf 85' lang='lat' dir='ltr'><strong><em>Cum</em></strong></span> <span class='ocrx_word' id='word_1_30' title='bbox 1524 711 1656 765; x_wconf 87' lang='lat' dir='ltr'><strong><em>enint</em></strong></span> <span class='ocrx_word' id='word_1_31' title='bbox 1694 719 1849 764; x_wconf 89' lang='lat' dir='ltr'><strong><em>totam</em></strong></span> <span class='ocrx_word' id='word_1_32' title='bbox 1901 725 1989 762; x_wconf 86' lang='lat' dir='ltr'><strong><em>ru-</em></strong></span> 
     </span>
    </p>
   </div>
   <div class='ocr_carea' id='block_1_6' title="bbox 420 800 1988 872">
    <p class='ocr_par' dir='ltr' id='par_1_6' title="bbox 420 800 1988 872">
     <span class='ocr_line' id='line_1_6' title="bbox 420 800 1988 872; baseline -0.003 -16"><span class='ocrx_word' id='word_1_33' title='bbox 420 803 655 856; x_wconf 82' lang='lat' dir='ltr'><strong><em>sticorum</em></strong></span> <span class='ocrx_word' id='word_1_34' title='bbox 705 801 958 854; x_wconf 88' lang='lat' dir='ltr'><strong><em>nationem</em></strong></span> <span class='ocrx_word' id='word_1_35' title='bbox 1011 801 1062 854; x_wconf 86' lang='lat' dir='ltr'><strong><em>in</em></strong></span> <span class='ocrx_word' id='word_1_36' title='bbox 1108 800 1278 855; x_wconf 89' lang='lat' dir='ltr'><strong><em>urbem</em></strong></span> <span class='ocrx_word' id='word_1_37' title='bbox 1325 802 1601 872; x_wconf 77' lang='lat' dir='ltr'><strong><em>ingressam</em></strong></span> <span class='ocrx_word' id='word_1_38' title='bbox 1654 816 1988 865; x_wconf 85' lang='lat' dir='ltr'><strong><em>cerneremus,</em></strong></span> 
     </span>
    </p>
   </div>
   <div class='ocr_carea' id='block_1_7' title="bbox 422 890 1989 947">
    <p class='ocr_par' dir='ltr' id='par_1_7' title="bbox 422 890 1989 947">
     <span class='ocr_line' id='line_1_7' title="bbox 422 890 1989 947; baseline -0.001 -3"><span class='ocrx_word' id='word_1_39' title='bbox 422 893 512 944; x_wconf 91' lang='lat' dir='ltr'><strong><em>hos</em></strong></span> <span class='ocrx_word' id='word_1_40' title='bbox 562 890 651 945; x_wconf 87' lang='lat' dir='ltr'><strong><em>illo</em></strong></span> <span class='ocrx_word' id='word_1_41' title='bbox 693 907 724 943; x_wconf 91' lang='lat' dir='ltr'><strong><em>a</em></strong></span> <span class='ocrx_word' id='word_1_42' title='bbox 772 890 914 944; x_wconf 87' lang='lat' dir='ltr'><strong><em>nobis</em></strong></span> <span class='ocrx_word' id='word_1_43' title='bbox 960 891 1226 945; x_wconf 88' lang='lat' dir='ltr'><strong><em>instructos</em></strong></span> <span class='ocrx_word' id='word_1_44' title='bbox 1266 892 1444 946; x_wconf 84' lang='lat' dir='ltr'><strong><em>viatico</em></strong></span> <span class='ocrx_word' id='word_1_45' title='bbox 1484 892 1767 947; x_wconf 87' lang='lat' dir='ltr'><strong><em>censuimus</em></strong></span> <span class='ocrx_word' id='word_1_46' title='bbox 1817 891 1989 944; x_wconf 83' lang='lat' dir='ltr'><strong><em>dimit-</em></strong></span> 
     </span>
    </p>
   </div>
   <div class='ocr_carea' id='block_1_8' title="bbox 422 983 615 1036">
    <p class='ocr_par' dir='ltr' id='par_1_8' title="bbox 422 983 615 1036">
     <span class='ocr_line' id='line_1_8' title="bbox 422 983 615 1036; baseline 0.01 -2"><span class='ocrx_word' id='word_1_47' title='bbox 422 983 537 1035; x_wconf 83' lang='lat' dir='ltr'><strong><em>tend</em></strong></span> <span class='ocrx_word' id='word_1_48' title='bbox 541 998 615 1036; x_wconf 89' lang='lat' dir='ltr'><strong><em>os.</em></strong></span> 
     </span>
    </p>
   </div>
   <div class='ocr_carea' id='block_1_9' title="bbox 497 1070 1990 1141">
    <p class='ocr_par' dir='ltr' id='par_1_9' title="bbox 497 1070 1990 1141">
     <span class='ocr_line' id='line_1_9' title="bbox 497 1070 1990 1141; baseline 0 -18"><span class='ocrx_word' id='word_1_49' title='bbox 497 1070 735 1125; x_wconf 76' lang='lat' dir='ltr'><strong><em>flamina:</em></strong></span> <span class='ocrx_word' id='word_1_50' title='bbox 773 1079 883 1141; x_wconf 81' lang='lat' dir='ltr'><strong><em>post</em></strong></span> <span class='ocrx_word' id='word_1_51' title='bbox 918 1070 1122 1126; x_wconf 83' lang='lat' dir='ltr'><strong><em>Pascha</em></strong></span> <span class='ocrx_word' id='word_1_52' title='bbox 1170 1071 1335 1125; x_wconf 78' lang='lat' dir='ltr'><strong><em>dictte.</em></strong></span> <span class='ocrx_word' id='word_1_53' title='bbox 1386 1100 1458 1112; x_wconf 92' lang='lat'>—</span> <span class='ocrx_word' id='word_1_54' title='bbox 1507 1071 1755 1137; x_wconf 81' lang='lat' dir='ltr'><strong><em>Reverso,</em></strong></span> <span class='ocrx_word' id='word_1_55' title='bbox 1805 1071 1990 1140; x_wconf 81' lang='lat' dir='ltr'><strong><em>inquit,</em></strong></span> 
     </span>
    </p>
   </div>
   <div class='ocr_carea' id='block_1_10' title="bbox 424 1152 1993 1233">
    <p class='ocr_par' dir='ltr' id='par_1_10' title="bbox 424 1152 1993 1233">
     <span class='ocr_line' id='line_1_10' title="bbox 424 1152 1993 1233; baseline 0.001 -20"><span class='ocrx_word' id='word_1_56' title='bbox 424 1177 486 1213; x_wconf 76' lang='lat' dir='ltr'><strong><em>ea:</em></strong></span> <span class='ocrx_word' id='word_1_57' title='bbox 544 1152 816 1231; x_wconf 80' lang='lat' dir='ltr'><strong><em>longinqua</em></strong></span> <span class='ocrx_word' id='word_1_58' title='bbox 855 1162 1250 1233; x_wconf 77' lang='lat' dir='ltr'><strong><em>peregrinatione</em></strong></span> <span class='ocrx_word' id='word_1_59' title='bbox 1290 1160 1449 1215; x_wconf 90' lang='lat' dir='ltr'><strong><em>Patre</em></strong></span> <span class='ocrx_word' id='word_1_60' title='bbox 1492 1170 1662 1215; x_wconf 86' lang='lat' dir='ltr'><strong><em>nostro</em></strong></span> <span class='ocrx_word' id='word_1_61' title='bbox 1686 1203 1701 1227; x_wconf 94' lang='lat'><strong><em>,</em></strong></span> <span class='ocrx_word' id='word_1_62' title='bbox 1760 1178 1993 1215; x_wconf 87' lang='lat' dir='ltr'><strong><em>necessa-</em></strong></span> 
     </span>
    </p>
   </div>
   <div class='ocr_carea' id='block_1_11' title="bbox 425 1250 1995 1321">
    <p class='ocr_par' dir='ltr' id='par_1_11' title="bbox 425 1250 1995 1321">
     <span class='ocr_line' id='line_1_11' title="bbox 425 1250 1995 1321; baseline 0.002 -20"><span class='ocrx_word' id='word_1_63' title='bbox 425 1251 559 1303; x_wconf 90' lang='lat' dir='ltr'><strong><em>rium</em></strong></span> <span class='ocrx_word' id='word_1_64' title='bbox 618 1252 715 1321; x_wconf 86' lang='lat' dir='ltr'><strong><em>fuit</em></strong></span> <span class='ocrx_word' id='word_1_65' title='bbox 769 1252 938 1304; x_wconf 84' lang='lat' dir='ltr'><strong><em>omnia</em></strong></span> <span class='ocrx_word' id='word_1_66' title='bbox 992 1266 1416 1316; x_wconf 89' lang='lat' dir='ltr'><strong><em>commemorare,</em></strong></span> <span class='ocrx_word' id='word_1_67' title='bbox 1466 1266 1580 1320; x_wconf 73' lang='lat' dir='ltr'><strong><em>qua:</em></strong></span> <span class='ocrx_word' id='word_1_68' title='bbox 1621 1251 1676 1304; x_wconf 90' lang='lat' dir='ltr'><strong><em>in</em></strong></span> <span class='ocrx_word' id='word_1_69' title='bbox 1745 1250 1995 1305; x_wconf 89' lang='lat' dir='ltr'><strong><em>Comitatu</em></strong></span> 
     </span>
    </p>
   </div>
   <div class='ocr_carea' id='block_1_12' title="bbox 426 1341 1992 1414">
    <p class='ocr_par' dir='ltr' id='par_1_12' title="bbox 426 1341 1992 1414">
     <span class='ocr_line' id='line_1_12' title="bbox 426 1341 1992 1414; baseline 0.002 -20"><span class='ocrx_word' id='word_1_70' title='bbox 426 1342 730 1394; x_wconf 77' lang='lat' dir='ltr'><strong><em>acciderant.</em></strong></span> <span class='ocrx_word' id='word_1_71' title='bbox 756 1342 848 1396; x_wconf 90' lang='lat' dir='ltr'><strong><em>llic</em></strong></span> <span class='ocrx_word' id='word_1_72' title='bbox 870 1342 1009 1396; x_wconf 83' lang='lat' dir='ltr'><strong><em>haud</em></strong></span> <span class='ocrx_word' id='word_1_73' title='bbox 1028 1341 1187 1397; x_wconf 86' lang='lat' dir='ltr'><strong><em>dubie</em></strong></span> <span class='ocrx_word' id='word_1_74' title='bbox 1217 1351 1363 1397; x_wconf 90' lang='lat' dir='ltr'><strong><em>notat</em></strong></span> <span class='ocrx_word' id='word_1_75' title='bbox 1380 1342 1658 1398; x_wconf 82' lang='lat' dir='ltr'><strong><em>Homiliam</em></strong></span> <span class='ocrx_word' id='word_1_76' title='bbox 1686 1343 1992 1414; x_wconf 88' lang='lat' dir='ltr'><strong><em>vigesimam</em></strong></span> 
     </span>
    </p>
   </div>
   <div class='ocr_carea' id='block_1_13' title="bbox 428 1434 1993 1504">
    <p class='ocr_par' dir='ltr' id='par_1_13' title="bbox 428 1434 1993 1504">
     <span class='ocr_line' id='line_1_13' title="bbox 428 1434 1993 1504; baseline 0.003 -19"><span class='ocrx_word' id='word_1_77' title='bbox 428 1434 650 1503; x_wconf 83' lang='lat' dir='ltr'><strong><em>primam</em></strong></span> <span class='ocrx_word' id='word_1_78' title='bbox 700 1434 765 1487; x_wconf 92' lang='lat' dir='ltr'><strong><em>ad</em></strong></span> <span class='ocrx_word' id='word_1_79' title='bbox 821 1435 1079 1504; x_wconf 83' lang='lat' dir='ltr'><strong><em>Populum</em></strong></span> <span class='ocrx_word' id='word_1_80' title='bbox 1118 1435 1507 1491; x_wconf 88' lang='lat' dir='ltr'><strong><em>Antiocheuum</em></strong></span> <span class='ocrx_word' id='word_1_81' title='bbox 1549 1436 1612 1490; x_wconf 93' lang='lat' dir='ltr'><strong><em>T.</em></strong></span> <span class='ocrx_word' id='word_1_82' title='bbox 1639 1436 1710 1503; x_wconf 75' lang='lat'><strong><em>2,</em></strong></span> <span class='ocrx_word' id='word_1_83' title='bbox 1748 1453 1794 1489; x_wconf 89' lang='lat' dir='ltr'><strong><em>c.</em></strong></span> <span class='ocrx_word' id='word_1_84' title='bbox 1847 1435 1940 1490; x_wconf 71' lang='grc'><strong>211</strong></span> <span class='ocrx_word' id='word_1_85' title='bbox 1980 1452 1993 1488; x_wconf 90' lang='lat'><strong>:</strong></span> 
     </span>
    </p>
   </div>
   <div class='ocr_carea' id='block_1_14' title="bbox 428 1524 1994 1594">
    <p class='ocr_par' dir='ltr' id='par_1_14' title="bbox 428 1524 1994 1594">
     <span class='ocr_line' id='line_1_14' title="bbox 428 1524 1994 1594; baseline 0.003 -19"><span class='ocrx_word' id='word_1_86' title='bbox 428 1539 583 1591; x_wconf 85' lang='lat' dir='ltr'><strong><em>quam</em></strong></span> <span class='ocrx_word' id='word_1_87' title='bbox 606 1524 909 1594; x_wconf 84' lang='lat' dir='ltr'><strong><em>vigesimam</em></strong></span> <span class='ocrx_word' id='word_1_88' title='bbox 940 1527 1319 1579; x_wconf 76' lang='lat' dir='ltr'><strong><em>numerandum</em></strong></span> <span class='ocrx_word' id='word_1_89' title='bbox 1348 1542 1467 1581; x_wconf 91' lang='lat' dir='ltr'><strong><em>esse</em></strong></span> <span class='ocrx_word' id='word_1_90' title='bbox 1495 1526 1653 1581; x_wconf 90' lang='lat' dir='ltr'><strong><em>modo</em></strong></span> <span class='ocrx_word' id='word_1_91' title='bbox 1668 1527 1994 1593; x_wconf 84' lang='lat' dir='ltr'><strong><em>dicebamus,</em></strong></span> 
     </span>
    </p>
   </div>
   <div class='ocr_carea' id='block_1_15' title="bbox 428 1613 1999 1686">
    <p class='ocr_par' dir='ltr' id='par_1_15' title="bbox 428 1613 1999 1686">
     <span class='ocr_line' id='line_1_15' title="bbox 428 1613 1999 1686; baseline 0.003 -21"><span class='ocrx_word' id='word_1_92' title='bbox 428 1613 481 1666; x_wconf 90' lang='lat' dir='ltr'><strong><em>in</em></strong></span> <span class='ocrx_word' id='word_1_93' title='bbox 508 1628 609 1683; x_wconf 89' lang='lat' dir='ltr'><strong><em>qua</em></strong></span> <span class='ocrx_word' id='word_1_94' title='bbox 625 1615 797 1683; x_wconf 85' lang='lat' dir='ltr'><strong><em>agitur</em></strong></span> <span class='ocrx_word' id='word_1_95' title='bbox 810 1614 875 1669; x_wconf 90' lang='lat' dir='ltr'><strong><em>de</em></strong></span> <span class='ocrx_word' id='word_1_96' title='bbox 891 1615 1059 1669; x_wconf 86' lang='lat' dir='ltr'><strong><em>reditu</em></strong></span> <span class='ocrx_word' id='word_1_97' title='bbox 1084 1614 1317 1670; x_wconf 77' lang='lat' dir='ltr'><strong><em>Flaviani</em></strong></span> <span class='ocrx_word' id='word_1_98' title='bbox 1341 1616 1594 1685; x_wconf 83' lang='lat' dir='ltr'><strong><em>episcopi,</em></strong></span> <span class='ocrx_word' id='word_1_99' title='bbox 1614 1614 1785 1686; x_wconf 89' lang='lat' dir='ltr'><strong><em>deque</em></strong></span> <span class='ocrx_word' id='word_1_100' title='bbox 1811 1631 1999 1671; x_wconf 87' lang='lat' dir='ltr'><strong><em>recon-</em></strong></span> 
     </span>
    </p>
   </div>
   <div class='ocr_carea' id='block_1_16' title="bbox 430 1704 1996 1778">
    <p class='ocr_par' dir='ltr' id='par_1_16' title="bbox 430 1704 1996 1778">
     <span class='ocr_line' id='line_1_16' title="bbox 430 1704 1996 1778; baseline 0.003 -21"><span class='ocrx_word' id='word_1_101' title='bbox 430 1704 602 1758; x_wconf 88' lang='lat' dir='ltr'><strong><em>ciliata</em></strong></span> <span class='ocrx_word' id='word_1_102' title='bbox 621 1704 903 1760; x_wconf 89' lang='lat' dir='ltr'><strong><em>Theodosii</em></strong></span> <span class='ocrx_word' id='word_1_103' title='bbox 935 1705 1272 1775; x_wconf 86' lang='lat' dir='ltr'><strong><em>Imperatoris</em></strong></span> <span class='ocrx_word' id='word_1_104' title='bbox 1287 1722 1407 1760; x_wconf 88' lang='lat' dir='ltr'><strong><em>cum</em></strong></span> <span class='ocrx_word' id='word_1_105' title='bbox 1438 1707 1780 1761; x_wconf 88' lang='lat' dir='ltr'><strong><em>Antiochenis</em></strong></span> <span class='ocrx_word' id='word_1_106' title='bbox 1807 1709 1996 1778; x_wconf 88' lang='lat' dir='ltr'><strong><em>gratia,</em></strong></span> 
     </span>
    </p>
   </div>
   <div class='ocr_carea' id='block_1_17' title="bbox 428 1795 2002 1870">
    <p class='ocr_par' dir='ltr' id='par_1_17' title="bbox 428 1795 2002 1870">
     <span class='ocr_line' id='line_1_17' title="bbox 428 1795 2002 1870; baseline 0.004 -23"><span class='ocrx_word' id='word_1_107' title='bbox 428 1809 546 1862; x_wconf 64' lang='lat' dir='ltr'><strong><em>quae</em></strong></span> <span class='ocrx_word' id='word_1_108' title='bbox 572 1796 757 1849; x_wconf 85' lang='lat' dir='ltr'><strong><em>concio</em></strong></span> <span class='ocrx_word' id='word_1_109' title='bbox 779 1796 829 1849; x_wconf 91' lang='lat' dir='ltr'><strong><em>in</em></strong></span> <span class='ocrx_word' id='word_1_110' title='bbox 855 1795 940 1851; x_wconf 90' lang='lat' dir='ltr'><strong><em>die</em></strong></span> <span class='ocrx_word' id='word_1_111' title='bbox 955 1796 1226 1851; x_wconf 86' lang='lat' dir='ltr'><strong><em>Paschalis</em></strong></span> <span class='ocrx_word' id='word_1_112' title='bbox 1244 1797 1420 1852; x_wconf 90' lang='lat' dir='ltr'><strong><em>habita</em></strong></span> <span class='ocrx_word' id='word_1_113' title='bbox 1443 1796 2002 1870; x_wconf 84' lang='lat' dir='ltr'><strong><em>fuerat.PergitChry-</em></strong></span> 
     </span>
    </p>
   </div>
   <div class='ocr_carea' id='block_1_18' title="bbox 429 1886 2001 1970">
    <p class='ocr_par' dir='ltr' id='par_1_18' title="bbox 429 1886 2001 1970">
     <span class='ocr_line' id='line_1_18' title="bbox 429 1886 2001 1970; baseline 0.006 -34"><span class='ocrx_word' id='word_1_114' title='bbox 429 1886 792 1970; x_wconf 60' lang='lat' dir='ltr'><strong><em>sostomusulc</em></strong></span> <span class='ocrx_word' id='word_1_115' title='bbox 814 1886 992 1940; x_wconf 85' lang='lat' dir='ltr'><strong><em>deinde</em></strong></span> <span class='ocrx_word' id='word_1_116' title='bbox 1007 1904 1120 1940; x_wconf 87' lang='lat' dir='ltr'><strong><em>cum</em></strong></span> <span class='ocrx_word' id='word_1_117' title='bbox 1132 1889 1397 1958; x_wconf 77' lang='lat' dir='ltr'><strong><em>gentilibus</em></strong></span> <span class='ocrx_word' id='word_1_118' title='bbox 1415 1889 1672 1959; x_wconf 85' lang='lat' dir='ltr'><strong><em>disputare</em></strong></span> <span class='ocrx_word' id='word_1_119' title='bbox 1687 1893 1924 1960; x_wconf 85' lang='lat' dir='ltr'><strong><em>oportuit,</em></strong></span> <span class='ocrx_word' id='word_1_120' title='bbox 1948 1900 2001 1944; x_wconf 85' lang='lat' dir='ltr'><strong><em>ut</em></strong></span> 
     </span>
    </p>
   </div>
   <div class='ocr_carea' id='block_1_19' title="bbox 434 1977 1998 2053">
    <p class='ocr_par' dir='ltr' id='par_1_19' title="bbox 434 1977 1998 2053">
     <span class='ocr_line' id='line_1_19' title="bbox 434 1977 1998 2053; baseline 0.005 -26"><span class='ocrx_word' id='word_1_121' title='bbox 434 1977 524 2029; x_wconf 86' lang='lat' dir='ltr'><strong><em>hos</em></strong></span> <span class='ocrx_word' id='word_1_122' title='bbox 548 1978 596 2029; x_wconf 84' lang='lat' dir='ltr'><strong><em>vi</em></strong></span> <span class='ocrx_word' id='word_1_123' title='bbox 638 1977 940 2031; x_wconf 77' lang='lat' dir='ltr'><strong><em>calamitatis</em></strong></span> <span class='ocrx_word' id='word_1_124' title='bbox 979 1979 1047 2032; x_wconf 87' lang='lat' dir='ltr'><strong><em>ad</em></strong></span> <span class='ocrx_word' id='word_1_125' title='bbox 1075 1980 1326 2033; x_wconf 78' lang='lat' dir='ltr'><strong><em>meliorem</em></strong></span> <span class='ocrx_word' id='word_1_126' title='bbox 1355 1982 1552 2053; x_wconf 78' lang='lat' dir='ltr'><strong><em>frugem</em></strong></span> <span class='ocrx_word' id='word_1_127' title='bbox 1590 1992 1862 2049; x_wconf 80' lang='lat' dir='ltr'><strong><em>revocatos,</em></strong></span> <span class='ocrx_word' id='word_1_128' title='bbox 1893 1985 1998 2052; x_wconf 83' lang='lat' dir='ltr'><strong><em>qui,</em></strong></span> 
     </span>
    </p>
   </div>
   <div class='ocr_carea' id='block_1_20' title="bbox 432 2066 2002 2144">
    <p class='ocr_par' dir='ltr' id='par_1_20' title="bbox 432 2066 2002 2144">
     <span class='ocr_line' id='line_1_20' title="bbox 432 2066 2002 2144; baseline 0.006 -26"><span class='ocrx_word' id='word_1_129' title='bbox 432 2066 625 2121; x_wconf 86' lang='lat' dir='ltr'><strong><em>deserto</em></strong></span> <span class='ocrx_word' id='word_1_130' title='bbox 650 2069 912 2137; x_wconf 82' lang='lat' dir='ltr'><strong><em>gentilium</em></strong></span> <span class='ocrx_word' id='word_1_131' title='bbox 934 2085 1119 2134; x_wconf 88' lang='lat' dir='ltr'><strong><em>errore,</em></strong></span> <span class='ocrx_word' id='word_1_132' title='bbox 1138 2087 1244 2125; x_wconf 90' lang='lat' dir='ltr'><strong><em>sese</em></strong></span> <span class='ocrx_word' id='word_1_133' title='bbox 1267 2072 1335 2124; x_wconf 85' lang='lat' dir='ltr'><strong><em>ad</em></strong></span> <span class='ocrx_word' id='word_1_134' title='bbox 1352 2089 1441 2126; x_wconf 89' lang='lat' dir='ltr'><strong><em>nos</em></strong></span> <span class='ocrx_word' id='word_1_135' title='bbox 1463 2073 1799 2140; x_wconf 87' lang='lat' dir='ltr'><strong><em>contulerant,</em></strong></span> <span class='ocrx_word' id='word_1_136' title='bbox 1820 2090 1910 2144; x_wconf 85' lang='lat' dir='ltr'><strong><em>pro</em></strong></span> <span class='ocrx_word' id='word_1_137' title='bbox 1929 2075 2002 2128; x_wconf 72' lang='grc' dir='ltr'><strong><em>υἱ·</em></strong></span> 
     </span>
    </p>
   </div>
   <div class='ocr_carea' id='block_1_21' title="bbox 431 2157 2003 2231">
    <p class='ocr_par' dir='ltr' id='par_1_21' title="bbox 431 2157 2003 2231">
     <span class='ocr_line' id='line_1_21' title="bbox 431 2157 2003 2231; baseline 0.005 -21"><span class='ocrx_word' id='word_1_138' title='bbox 431 2157 516 2210; x_wconf 88' lang='lat' dir='ltr'><strong><em>rili</em></strong></span> <span class='ocrx_word' id='word_1_139' title='bbox 545 2160 977 2227; x_wconf 81' lang='lat' dir='ltr'><strong><em>conﬁrnmremus,</em></strong></span> <span class='ocrx_word' id='word_1_140' title='bbox 1016 2162 1215 2231; x_wconf 85' lang='lat' dir='ltr'><strong><em>quantis</em></strong></span> <span class='ocrx_word' id='word_1_141' title='bbox 1241 2163 1453 2217; x_wconf 87' lang='lat' dir='ltr'><strong><em>tenebris</em></strong></span> <span class='ocrx_word' id='word_1_142' title='bbox 1480 2164 1676 2218; x_wconf 83' lang='lat' dir='ltr'><strong><em>liberati</em></strong></span> <span class='ocrx_word' id='word_1_143' title='bbox 1699 2166 1767 2218; x_wconf 88' lang='lat' dir='ltr'><strong><em>ad</em></strong></span> <span class='ocrx_word' id='word_1_144' title='bbox 1810 2175 2003 2219; x_wconf 86' lang='lat' dir='ltr'><strong><em>tantam</em></strong></span> 
     </span>
    </p>
   </div>
   <div class='ocr_carea' id='block_1_22' title="bbox 433 2246 2002 2325">
    <p class='ocr_par' dir='ltr' id='par_1_22' title="bbox 433 2246 2002 2325">
     <span class='ocr_line' id='line_1_22' title="bbox 433 2246 2002 2325; baseline 0.006 -25"><span class='ocrx_word' id='word_1_145' title='bbox 433 2246 596 2301; x_wconf 88' lang='lat' dir='ltr'><strong><em>lucem</em></strong></span> <span class='ocrx_word' id='word_1_146' title='bbox 647 2249 866 2302; x_wconf 76' lang='lat' dir='ltr'><strong><em>veritatis</em></strong></span> <span class='ocrx_word' id='word_1_147' title='bbox 893 2252 1239 2306; x_wconf 83' lang='lat' dir='ltr'><strong><em>occurrissent.</em></strong></span> <span class='ocrx_word' id='word_1_148' title='bbox 1285 2253 1488 2323; x_wconf 88' lang='lat' dir='ltr'><strong><em>Nempe</em></strong></span> <span class='ocrx_word' id='word_1_149' title='bbox 1516 2253 1704 2310; x_wconf 90' lang='lat' dir='ltr'><strong><em>diebus</em></strong></span> <span class='ocrx_word' id='word_1_150' title='bbox 1747 2264 1865 2325; x_wconf 84' lang='lat' dir='ltr'><strong><em>post</em></strong></span> <span class='ocrx_word' id='word_1_151' title='bbox 1900 2255 2002 2310; x_wconf 84' lang='lat' dir='ltr'><strong><em>Pa-</em></strong></span> 
     </span>
    </p>
   </div>
   <div class='ocr_carea' id='block_1_23' title="bbox 432 2338 2002 2419">
    <p class='ocr_par' dir='ltr' id='par_1_23' title="bbox 432 2338 2002 2419">
     <span class='ocr_line' id='line_1_23' title="bbox 432 2338 2002 2419; baseline 0.008 -30"><span class='ocrx_word' id='word_1_152' title='bbox 432 2338 665 2419; x_wconf 75' lang='lat' dir='ltr'><strong><em>sebalem</em></strong></span> <span class='ocrx_word' id='word_1_153' title='bbox 688 2340 1073 2397; x_wconf 87' lang='lat' dir='ltr'><strong><em>solemnitatem</em></strong></span> <span class='ocrx_word' id='word_1_154' title='bbox 1101 2344 1441 2413; x_wconf 81' lang='lat' dir='ltr'><strong><em>sequentibus</em></strong></span> <span class='ocrx_word' id='word_1_155' title='bbox 1463 2346 1684 2415; x_wconf 81' lang='lat' dir='ltr'><strong><em>gentiles</em></strong></span> <span class='ocrx_word' id='word_1_156' title='bbox 1714 2347 1831 2401; x_wconf 91' lang='lat' dir='ltr'><strong><em>illos</em></strong></span> <span class='ocrx_word' id='word_1_157' title='bbox 1870 2362 2002 2402; x_wconf 61' lang='lat' dir='ltr'><strong><em>cono</em></strong></span> 
     </span>
    </p>
   </div>
   <div class='ocr_carea' id='block_1_24' title="bbox 437 2427 2001 2502">
    <p class='ocr_par' dir='ltr' id='par_1_24' title="bbox 437 2427 2001 2502">
     <span class='ocr_line' id='line_1_24' title="bbox 437 2427 2001 2502; baseline 0.008 -21"><span class='ocrx_word' id='word_1_158' title='bbox 437 2427 652 2484; x_wconf 84' lang='lat' dir='ltr'><strong><em>firmare</em></strong></span> <span class='ocrx_word' id='word_1_159' title='bbox 694 2431 924 2497; x_wconf 87' lang='lat' dir='ltr'><strong><em>studuit,</em></strong></span> <span class='ocrx_word' id='word_1_160' title='bbox 969 2434 1057 2502; x_wconf 89' lang='lat' dir='ltr'><strong><em>qui</em></strong></span> <span class='ocrx_word' id='word_1_161' title='bbox 1083 2449 1150 2488; x_wconf 81' lang='lat' dir='ltr'><strong><em>ex</em></strong></span> <span class='ocrx_word' id='word_1_162' title='bbox 1188 2434 1485 2490; x_wconf 83' lang='lat' dir='ltr'><strong><em>calamitate</em></strong></span> <span class='ocrx_word' id='word_1_163' title='bbox 1511 2437 1851 2493; x_wconf 83' lang='lat' dir='ltr'><strong><em>Antiochcnis</em></strong></span> <span class='ocrx_word' id='word_1_164' title='bbox 1897 2446 2001 2493; x_wconf 90' lang='lat' dir='ltr'><strong><em>tam</em></strong></span> 
     </span>
    </p>
   </div>
   <div class='ocr_carea' id='block_1_25' title="bbox 433 2520 1999 2595">
    <p class='ocr_par' dir='ltr' id='par_1_25' title="bbox 433 2520 1999 2595">
     <span class='ocr_line' id='line_1_25' title="bbox 433 2520 1999 2595; baseline 0.004 -22"><span class='ocrx_word' id='word_1_165' title='bbox 433 2520 715 2587; x_wconf 78' lang='lat' dir='ltr'><strong><em>gentilibus</em></strong></span> <span class='ocrx_word' id='word_1_166' title='bbox 741 2536 895 2591; x_wconf 90' lang='lat' dir='ltr'><strong><em>quam</em></strong></span> <span class='ocrx_word' id='word_1_167' title='bbox 924 2521 1235 2577; x_wconf 82' lang='lat' dir='ltr'><strong><em>Christianis</em></strong></span> <span class='ocrx_word' id='word_1_168' title='bbox 1265 2524 1333 2578; x_wconf 93' lang='lat' dir='ltr'><strong><em>ob</em></strong></span> <span class='ocrx_word' id='word_1_169' title='bbox 1360 2540 1577 2578; x_wconf 83' lang='lat' dir='ltr'><strong><em>eversas</em></strong></span> <span class='ocrx_word' id='word_1_170' title='bbox 1608 2536 1808 2580; x_wconf 86' lang='lat' dir='ltr'><strong><em>statuas</em></strong></span> <span class='ocrx_word' id='word_1_171' title='bbox 1834 2528 1999 2595; x_wconf 84' lang='lat' dir='ltr'><strong><em>illata,</em></strong></span> 
     </span>
    </p>
   </div>
   <div class='ocr_carea' id='block_1_26' title="bbox 435 2608 2000 2682">
    <p class='ocr_par' dir='ltr' id='par_1_26' title="bbox 435 2608 2000 2682">
     <span class='ocr_line' id='line_1_26' title="bbox 435 2608 2000 2682; baseline 0.008 -20"><span class='ocrx_word' id='word_1_172' title='bbox 435 2608 502 2663; x_wconf 88' lang='lat' dir='ltr'><strong><em>ad</em></strong></span> <span class='ocrx_word' id='word_1_173' title='bbox 533 2611 806 2665; x_wconf 87' lang='lat' dir='ltr'><strong><em>meliorem</em></strong></span> <span class='ocrx_word' id='word_1_174' title='bbox 836 2611 1041 2682; x_wconf 82' lang='lat' dir='ltr'><strong><em>frugem</em></strong></span> <span class='ocrx_word' id='word_1_175' title='bbox 1066 2613 1320 2680; x_wconf 82' lang='lat' dir='ltr'><strong><em>revocati,</em></strong></span> <span class='ocrx_word' id='word_1_176' title='bbox 1364 2615 1429 2670; x_wconf 92' lang='lat' dir='ltr'><strong><em>ad</em></strong></span> <span class='ocrx_word' id='word_1_177' title='bbox 1460 2616 1814 2672; x_wconf 87' lang='lat' dir='ltr'><strong><em>Christianam</em></strong></span> <span class='ocrx_word' id='word_1_178' title='bbox 1847 2620 2000 2675; x_wconf 85' lang='lat' dir='ltr'><strong><em>ﬁdem</em></strong></span> 
     </span>
    </p>
   </div>
   <div class='ocr_carea' id='block_1_27' title="bbox 435 2707 2004 2775">
    <p class='ocr_par' dir='ltr' id='par_1_27' title="bbox 435 2707 2004 2775">
     <span class='ocr_line' id='line_1_27' title="bbox 435 2707 2004 2775; baseline 0.008 -23"><span class='ocrx_word' id='word_1_179' title='bbox 435 2710 771 2754; x_wconf 88' lang='lat' dir='ltr'><strong><em>accesserant</em></strong></span> <span class='ocrx_word' id='word_1_180' title='bbox 798 2720 811 2754; x_wconf 93' lang='lat'>:</span> <span class='ocrx_word' id='word_1_181' title='bbox 845 2717 910 2754; x_wconf 92' lang='lat' dir='ltr'><strong><em>an</em></strong></span> <span class='ocrx_word' id='word_1_182' title='bbox 938 2712 1111 2757; x_wconf 88' lang='lat' dir='ltr'><strong><em>autem</em></strong></span> <span class='ocrx_word' id='word_1_183' title='bbox 1140 2720 1263 2770; x_wconf 87' lang='lat' dir='ltr'><strong><em>una,</em></strong></span> <span class='ocrx_word' id='word_1_184' title='bbox 1296 2720 1361 2759; x_wconf 89' lang='lat' dir='ltr'><strong><em>an</em></strong></span> <span class='ocrx_word' id='word_1_185' title='bbox 1394 2707 1631 2775; x_wconf 87' lang='lat' dir='ltr'><strong><em>pluribus</em></strong></span> <span class='ocrx_word' id='word_1_186' title='bbox 1659 2710 2004 2767; x_wconf 88' lang='lat' dir='ltr'><strong><em>concionibus</em></strong></span> 
     </span>
    </p>
   </div>
   <div class='ocr_carea' id='block_1_28' title="bbox 434 2790 2005 2871">
    <p class='ocr_par' dir='ltr' id='par_1_28' title="bbox 434 2790 2005 2871">
     <span class='ocr_line' id='line_1_28' title="bbox 434 2790 2005 2871; baseline 0.008 -26"><span class='ocrx_word' id='word_1_187' title='bbox 434 2790 490 2846; x_wconf 92' lang='lat' dir='ltr'><strong><em>id</em></strong></span> <span class='ocrx_word' id='word_1_188' title='bbox 536 2792 720 2861; x_wconf 86' lang='lat' dir='ltr'><strong><em>egerit,</em></strong></span> <span class='ocrx_word' id='word_1_189' title='bbox 762 2792 1020 2847; x_wconf 89' lang='lat' dir='ltr'><strong><em>incertum</em></strong></span> <span class='ocrx_word' id='word_1_190' title='bbox 1063 2804 1185 2859; x_wconf 87' lang='lat' dir='ltr'><strong><em>est;</em></strong></span> <span class='ocrx_word' id='word_1_191' title='bbox 1229 2795 1323 2850; x_wconf 89' lang='lat' dir='ltr'><strong><em>sed</em></strong></span> <span class='ocrx_word' id='word_1_192' title='bbox 1352 2796 1464 2851; x_wconf 88' lang='lat' dir='ltr'><strong><em>sive</em></strong></span> <span class='ocrx_word' id='word_1_193' title='bbox 1498 2814 1654 2853; x_wconf 89' lang='lat' dir='ltr'><strong><em>unam</em></strong></span> <span class='ocrx_word' id='word_1_194' title='bbox 1686 2800 1799 2855; x_wconf 88' lang='lat' dir='ltr'><strong><em>sive</em></strong></span> <span class='ocrx_word' id='word_1_195' title='bbox 1829 2802 2005 2871; x_wconf 86' lang='lat' dir='ltr'><strong><em>plures</em></strong></span> 
     </span>
    </p>
   </div>
   <div class='ocr_carea' id='block_1_29' title="bbox 436 2882 2001 2960">
    <p class='ocr_par' dir='ltr' id='par_1_29' title="bbox 436 2882 2001 2960">
     <span class='ocr_line' id='line_1_29' title="bbox 436 2882 2001 2960; baseline 0.006 -23"><span class='ocrx_word' id='word_1_196' title='bbox 436 2882 700 2951; x_wconf 88' lang='lat' dir='ltr'><strong><em>habuerit,</em></strong></span> <span class='ocrx_word' id='word_1_197' title='bbox 727 2886 902 2940; x_wconf 88' lang='lat' dir='ltr'><strong><em>omnia</em></strong></span> <span class='ocrx_word' id='word_1_198' title='bbox 932 2886 1225 2942; x_wconf 90' lang='lat' dir='ltr'><strong><em>amisimus.</em></strong></span> <span class='ocrx_word' id='word_1_199' title='bbox 1254 2887 1449 2943; x_wconf 82' lang='lat' dir='ltr'><strong><em>Verum</em></strong></span> <span class='ocrx_word' id='word_1_200' title='bbox 1482 2888 1619 2945; x_wconf 88' lang='lat' dir='ltr'><strong><em>hanc</em></strong></span> <span class='ocrx_word' id='word_1_201' title='bbox 1641 2891 1904 2960; x_wconf 88' lang='lat' dir='ltr'><strong><em>jacturam</em></strong></span> <span class='ocrx_word' id='word_1_202' title='bbox 1928 2902 2001 2947; x_wconf 91' lang='lat' dir='ltr'><strong><em>ut-</em></strong></span> 
     </span>
    </p>
   </div>
   <div class='ocr_carea' id='block_1_30' title="bbox 435 2976 2006 3051">
    <p class='ocr_par' dir='ltr' id='par_1_30' title="bbox 435 2976 2006 3051">
     <span class='ocr_line' id='line_1_30' title="bbox 435 2976 2006 3051; baseline 0.006 -24"><span class='ocrx_word' id='word_1_203' title='bbox 435 2989 664 3044; x_wconf 90' lang='lat' dir='ltr'><strong><em>cumque</em></strong></span> <span class='ocrx_word' id='word_1_204' title='bbox 689 2976 849 3031; x_wconf 90' lang='lat' dir='ltr'><strong><em>sarcit</em></strong></span> <span class='ocrx_word' id='word_1_205' title='bbox 876 2976 1284 3047; x_wconf 85' lang='lat' dir='ltr'><strong><em>Chrysostomus</em></strong></span> <span class='ocrx_word' id='word_1_206' title='bbox 1309 3019 1325 3042; x_wconf 91' lang='lat'><strong><em>,</em></strong></span> <span class='ocrx_word' id='word_1_207' title='bbox 1354 2979 1442 3049; x_wconf 90' lang='lat' dir='ltr'><strong><em>qui</em></strong></span> <span class='ocrx_word' id='word_1_208' title='bbox 1467 2994 1527 3034; x_wconf 87' lang='lat' dir='ltr'><strong><em>ea</em></strong></span> <span class='ocrx_word' id='word_1_209' title='bbox 1549 2996 1667 3050; x_wconf 81' lang='lat' dir='ltr'><strong><em>qua:</em></strong></span> <span class='ocrx_word' id='word_1_210' title='bbox 1691 2981 1755 3035; x_wconf 90' lang='lat' dir='ltr'><strong><em>ad</em></strong></span> <span class='ocrx_word' id='word_1_211' title='bbox 1784 2983 2006 3051; x_wconf 83' lang='lat' dir='ltr'><strong><em>gentiles</em></strong></span> 
     </span>
    </p>
   </div>
   <div class='ocr_carea' id='block_1_31' title="bbox 435 3055 2007 3142">
    <p class='ocr_par' dir='ltr' id='par_1_31' title="bbox 435 3055 2007 3142">
     <span class='ocr_line' id='line_1_31' title="bbox 435 3055 2007 3142; baseline 0.004 -22"><span class='ocrx_word' id='word_1_212' title='bbox 435 3064 642 3120; x_wconf 77' lang='lat' dir='ltr'><strong><em>dixerat</em></strong></span> <span class='ocrx_word' id='word_1_213' title='bbox 667 3067 717 3120; x_wconf 91' lang='lat' dir='ltr'><strong><em>in</em></strong></span> <span class='ocrx_word' id='word_1_214' title='bbox 736 3066 835 3121; x_wconf 90' lang='lat' dir='ltr'><strong><em>hac</em></strong></span> <span class='ocrx_word' id='word_1_215' title='bbox 861 3067 1076 3122; x_wconf 89' lang='lat' dir='ltr'><strong><em>homilia</em></strong></span> <span class='ocrx_word' id='word_1_216' title='bbox 1104 3083 1201 3123; x_wconf 90' lang='lat' dir='ltr'><strong><em>nec</em></strong></span> <span class='ocrx_word' id='word_1_217' title='bbox 1229 3070 1411 3139; x_wconf 88' lang='lat' dir='ltr'><strong><em>paucis</em></strong></span> <span class='ocrx_word' id='word_1_218' title='bbox 1439 3055 1615 3124; x_wconf 83' lang='lat' dir='ltr'><strong><em>verbis</em></strong></span> <span class='ocrx_word' id='word_1_219' title='bbox 1636 3072 1845 3142; x_wconf 86' lang='lat' dir='ltr'><strong><em>repetit.</em></strong></span> <span class='ocrx_word' id='word_1_220' title='bbox 1869 3072 2007 3128; x_wconf 88' lang='lat' dir='ltr'><strong><em>Sub-</em></strong></span> 
     </span>
    </p>
   </div>
   <div class='ocr_carea' id='block_1_32' title="bbox 433 3154 2008 3227">
    <p class='ocr_par' dir='ltr' id='par_1_32' title="bbox 433 3154 2008 3227">
     <span class='ocr_line' id='line_1_32' title="bbox 433 3154 2008 3227; baseline 0.004 -18"><span class='ocrx_word' id='word_1_221' title='bbox 433 3154 605 3227; x_wconf 84' lang='lat' dir='ltr'><strong><em>jungit</em></strong></span> <span class='ocrx_word' id='word_1_222' title='bbox 634 3172 759 3211; x_wconf 86' lang='lat' dir='ltr'><strong><em>vero</em></strong></span> <span class='ocrx_word' id='word_1_223' title='bbox 783 3156 840 3213; x_wconf 90' lang='lat' dir='ltr'><strong><em>S.</em></strong></span> <span class='ocrx_word' id='word_1_224' title='bbox 869 3158 1054 3212; x_wconf 90' lang='lat' dir='ltr'><strong><em>doctor</em></strong></span> <span class='ocrx_word' id='word_1_225' title='bbox 1079 3159 1263 3214; x_wconf 72' lang='lat' dir='ltr'><strong><em>isthmc</em></strong></span> <span class='ocrx_word' id='word_1_226' title='bbox 1296 3180 1310 3213; x_wconf 85' lang='lat'><strong><em>:</em></strong></span> <span class='ocrx_word' id='word_1_227' title='bbox 1363 3158 1482 3214; x_wconf 83' lang='lat' dir='ltr'><strong><em>Post</em></strong></span> <span class='ocrx_word' id='word_1_228' title='bbox 1518 3161 1608 3214; x_wconf 89' lang='lat' dir='ltr'><strong><em>illa</em></strong></span> <span class='ocrx_word' id='word_1_229' title='bbox 1635 3179 1838 3215; x_wconf 86' lang='lat' dir='ltr'><strong><em>rursum</em></strong></span> <span class='ocrx_word' id='word_1_230' title='bbox 1882 3163 2008 3216; x_wconf 83' lang='lat' dir='ltr'><strong><em>ntul-</em></strong></span> 
     </span>
    </p>
   </div>
   <div class='ocr_carea' id='block_1_33' title="bbox 439 3247 2008 3325">
    <p class='ocr_par' dir='ltr' id='par_1_33' title="bbox 439 3247 2008 3325">
     <span class='ocr_line' id='line_1_33' title="bbox 439 3247 2008 3325; baseline 0.003 -26"><span class='ocrx_word' id='word_1_231' title='bbox 439 3248 501 3325; x_wconf 71' lang='lat' dir='ltr'><strong><em>tis</em></strong></span> <span class='ocrx_word' id='word_1_232' title='bbox 526 3247 694 3301; x_wconf 84' lang='lat' dir='ltr'><strong><em>diebus</em></strong></span> <span class='ocrx_word' id='word_1_233' title='bbox 715 3257 1003 3302; x_wconf 87' lang='lat' dir='ltr'><strong><em>sanctorunt</em></strong></span> <span class='ocrx_word' id='word_1_234' title='bbox 1031 3248 1296 3321; x_wconf 79' lang='lat' dir='ltr'><strong><em>festivitate</em></strong></span> <span class='ocrx_word' id='word_1_235' title='bbox 1320 3251 1469 3316; x_wconf 85' lang='lat' dir='ltr'><strong><em>potiti</em></strong></span> <span class='ocrx_word' id='word_1_236' title='bbox 1491 3268 1685 3319; x_wconf 86' lang='lat' dir='ltr'><strong><em>sumus,</em></strong></span> <span class='ocrx_word' id='word_1_237' title='bbox 1712 3268 1869 3322; x_wconf 85' lang='lat' dir='ltr'><strong><em>neque</em></strong></span> <span class='ocrx_word' id='word_1_238' title='bbox 1884 3262 2008 3307; x_wconf 85' lang='lat' dir='ltr'><strong><em>tem-</em></strong></span> 
     </span>
    </p>
   </div>
   <div class='ocr_carea' id='block_1_34' title="bbox 437 3338 2009 3411">
    <p class='ocr_par' dir='ltr' id='par_1_34' title="bbox 437 3338 2009 3411">
     <span class='ocr_line' id='line_1_34' title="bbox 437 3338 2009 3411; baseline 0.003 -21"><span class='ocrx_word' id='word_1_239' title='bbox 437 3338 550 3406; x_wconf 84' lang='lat' dir='ltr'><strong><em>pori</em></strong></span> <span class='ocrx_word' id='word_1_240' title='bbox 578 3338 872 3392; x_wconf 81' lang='lat' dir='ltr'><strong><em>conveniens</em></strong></span> <span class='ocrx_word' id='word_1_241' title='bbox 898 3340 1074 3409; x_wconf 85' lang='lat' dir='ltr'><strong><em>fuisset</em></strong></span> <span class='ocrx_word' id='word_1_242' title='bbox 1099 3356 1183 3392; x_wconf 90' lang='lat' dir='ltr'><strong><em>eos</em></strong></span> <span class='ocrx_word' id='word_1_243' title='bbox 1205 3379 1221 3406; x_wconf 95' lang='lat'><strong><em>,</em></strong></span> <span class='ocrx_word' id='word_1_244' title='bbox 1251 3340 1338 3409; x_wconf 86' lang='lat' dir='ltr'><strong><em>qui</em></strong></span> <span class='ocrx_word' id='word_1_245' title='bbox 1363 3341 1415 3394; x_wconf 91' lang='lat' dir='ltr'><strong><em>in</em></strong></span> <span class='ocrx_word' id='word_1_246' title='bbox 1455 3342 1699 3410; x_wconf 80' lang='lat' dir='ltr'><strong><em>sepulcris</em></strong></span> <span class='ocrx_word' id='word_1_247' title='bbox 1729 3352 2009 3411; x_wconf 82' lang='lat' dir='ltr'><strong><em>martyrum</em></strong></span> 
     </span>
    </p>
   </div>
   <div class='ocr_carea' id='block_1_35' title="bbox 436 3429 2011 3501">
    <p class='ocr_par' dir='ltr' id='par_1_35' title="bbox 436 3429 2011 3501">
     <span class='ocr_line' id='line_1_35' title="bbox 436 3429 2011 3501; baseline 0.003 -21"><span class='ocrx_word' id='word_1_248' title='bbox 436 3436 779 3494; x_wconf 73' lang='lat' dir='ltr'><strong><em>versarentur,</em></strong></span> <span class='ocrx_word' id='word_1_249' title='bbox 809 3444 978 3482; x_wconf 88' lang='lat' dir='ltr'><strong><em>earum</em></strong></span> <span class='ocrx_word' id='word_1_250' title='bbox 1024 3429 1233 3482; x_wconf 86' lang='lat' dir='ltr'><strong><em>laudum</em></strong></span> <span class='ocrx_word' id='word_1_251' title='bbox 1279 3445 1393 3498; x_wconf 77' lang='lat' dir='ltr'><strong><em>qua:</em></strong></span> <span class='ocrx_word' id='word_1_252' title='bbox 1438 3430 1741 3501; x_wconf 78' lang='lat' dir='ltr'><strong><em>nmrtyribus</em></strong></span> <span class='ocrx_word' id='word_1_253' title='bbox 1770 3431 2011 3485; x_wconf 88' lang='lat' dir='ltr'><strong><em>debentur</em></strong></span> 
     </span>
    </p>
   </div>
   <div class='ocr_carea' id='block_1_36' title="bbox 440 3518 2005 3591">
    <p class='ocr_par' dir='ltr' id='par_1_36' title="bbox 440 3518 2005 3591">
     <span class='ocr_line' id='line_1_36' title="bbox 440 3518 2005 3591; baseline 0.001 -19"><span class='ocrx_word' id='word_1_254' title='bbox 440 3526 660 3572; x_wconf 70' lang='lat' dir='ltr'><strong><em>exsortes</em></strong></span> <span class='ocrx_word' id='word_1_255' title='bbox 701 3518 969 3571; x_wconf 84' lang='lat' dir='ltr'><strong><em>discedere.</em></strong></span> <span class='ocrx_word' id='word_1_256' title='bbox 998 3519 1249 3573; x_wconf 85' lang='lat' dir='ltr'><strong><em>Successit</em></strong></span> <span class='ocrx_word' id='word_1_257' title='bbox 1277 3521 1356 3574; x_wconf 90' lang='lat' dir='ltr'><strong><em>his</em></strong></span> <span class='ocrx_word' id='word_1_258' title='bbox 1383 3520 1451 3572; x_wconf 88' lang='lat' dir='ltr'><strong><em>ad</em></strong></span> <span class='ocrx_word' id='word_1_259' title='bbox 1486 3521 1836 3575; x_wconf 82' lang='lat' dir='ltr'><strong><em>abstinendum</em></strong></span> <span class='ocrx_word' id='word_1_260' title='bbox 1862 3538 1893 3574; x_wconf 91' lang='lat' dir='ltr'><strong><em>a</em></strong></span> <span class='ocrx_word' id='word_1_261' title='bbox 1913 3522 2005 3591; x_wconf 87' lang='lat' dir='ltr'><strong><em>ju-</em></strong></span> 
     </span>
    </p>
   </div>
   <div class='ocr_carea' id='block_1_37' title="bbox 438 3609 2011 3664">
    <p class='ocr_par' dir='ltr' id='par_1_37' title="bbox 438 3609 2011 3664">
     <span class='ocr_line' id='line_1_37' title="bbox 438 3609 2011 3664; baseline 0.003 -4"><span class='ocrx_word' id='word_1_262' title='bbox 438 3609 677 3661; x_wconf 88' lang='lat' dir='ltr'><strong><em>ramentis</em></strong></span> <span class='ocrx_word' id='word_1_263' title='bbox 700 3609 977 3663; x_wconf 82' lang='lat' dir='ltr'><strong><em>cohortatio</em></strong></span> <span class='ocrx_word' id='word_1_264' title='bbox 1004 3625 1023 3662; x_wconf 90' lang='lat'><strong><em>:</em></strong></span> <span class='ocrx_word' id='word_1_265' title='bbox 1049 3627 1160 3664; x_wconf 89' lang='lat' dir='ltr'><strong><em>cum</em></strong></span> <span class='ocrx_word' id='word_1_266' title='bbox 1187 3611 1319 3663; x_wconf 88' lang='lat' dir='ltr'><strong><em>enim</em></strong></span> <span class='ocrx_word' id='word_1_267' title='bbox 1339 3620 1496 3663; x_wconf 89' lang='lat' dir='ltr'><strong><em>totam</em></strong></span> <span class='ocrx_word' id='word_1_268' title='bbox 1520 3612 1821 3664; x_wconf 87' lang='lat' dir='ltr'><strong><em>rusticorum</em></strong></span> <span class='ocrx_word' id='word_1_269' title='bbox 1844 3612 2011 3664; x_wconf 88' lang='lat' dir='ltr'><strong><em>natio-</em></strong></span> 
     </span>
    </p>
   </div>
   <div class='ocr_carea' id='block_1_38' title="bbox 439 3696 2010 3770">
    <p class='ocr_par' dir='ltr' id='par_1_38' title="bbox 439 3696 2010 3770">
     <span class='ocr_line' id='line_1_38' title="bbox 439 3696 2010 3770; baseline 0.004 -21"><span class='ocrx_word' id='word_1_270' title='bbox 439 3713 553 3751; x_wconf 87' lang='lat' dir='ltr'><strong><em>nem</em></strong></span> <span class='ocrx_word' id='word_1_271' title='bbox 585 3699 639 3752; x_wconf 87' lang='lat' dir='ltr'><strong><em>in</em></strong></span> <span class='ocrx_word' id='word_1_272' title='bbox 685 3698 858 3753; x_wconf 89' lang='lat' dir='ltr'><strong><em>urbem</em></strong></span> <span class='ocrx_word' id='word_1_273' title='bbox 894 3696 1172 3770; x_wconf 76' lang='lat' dir='ltr'><strong><em>ingressam</em></strong></span> <span class='ocrx_word' id='word_1_274' title='bbox 1210 3717 1547 3767; x_wconf 76' lang='lat' dir='ltr'><strong><em>conteremus,</em></strong></span> <span class='ocrx_word' id='word_1_275' title='bbox 1576 3701 1666 3755; x_wconf 89' lang='lat' dir='ltr'><strong><em>hos</em></strong></span> <span class='ocrx_word' id='word_1_276' title='bbox 1690 3701 1779 3755; x_wconf 90' lang='lat' dir='ltr'><strong><em>illo</em></strong></span> <span class='ocrx_word' id='word_1_277' title='bbox 1808 3718 1840 3753; x_wconf 91' lang='lat' dir='ltr'><strong><em>a</em></strong></span> <span class='ocrx_word' id='word_1_278' title='bbox 1868 3701 2010 3756; x_wconf 81' lang='lat' dir='ltr'><strong><em>nobis</em></strong></span> 
     </span>
    </p>
   </div>
   <div class='ocr_carea' id='block_1_39' title="bbox 441 3782 1594 3858">
    <p class='ocr_par' dir='ltr' id='par_1_39' title="bbox 441 3782 1594 3858">
     <span class='ocr_line' id='line_1_39' title="bbox 441 3782 1594 3858; baseline 0.006 -19"><span class='ocrx_word' id='word_1_279' title='bbox 441 3787 707 3842; x_wconf 84' lang='lat' dir='ltr'><strong><em>instructos</em></strong></span> <span class='ocrx_word' id='word_1_280' title='bbox 731 3782 909 3843; x_wconf 75' lang='lat' dir='ltr'><strong><em>viatico</em></strong></span> <span class='ocrx_word' id='word_1_281' title='bbox 935 3782 1218 3858; x_wconf 74' lang='lat' dir='ltr'><strong><em>censuimus</em></strong></span> <span class='ocrx_word' id='word_1_282' title='bbox 1250 3791 1594 3846; x_wconf 88' lang='lat' dir='ltr'><strong><em>dimittendos.</em></strong></span> 
     </span>
    </p>
   </div>
   <div class='ocr_carea' id='block_1_40' title="bbox 516 3876 2011 3955">
    <p class='ocr_par' dir='ltr' id='par_1_40' title="bbox 516 3876 2011 3955">
     <span class='ocr_line' id='line_1_40' title="bbox 516 3876 2011 3955; baseline 0.004 -21"><span class='ocrx_word' id='word_1_283' title='bbox 516 3880 715 3935; x_wconf 85' lang='lat' dir='ltr'><strong><em>Eadem</em></strong></span> <span class='ocrx_word' id='word_1_284' title='bbox 744 3876 900 3953; x_wconf 58' lang='lat' dir='ltr'><strong><em>perito</em></strong></span> <span class='ocrx_word' id='word_1_285' title='bbox 928 3882 1058 3952; x_wconf 89' lang='lat' dir='ltr'><strong><em>ipsa,</em></strong></span> <span class='ocrx_word' id='word_1_286' title='bbox 1089 3899 1207 3953; x_wconf 61' lang='lat' dir='ltr'><strong><em>quae</em></strong></span> <span class='ocrx_word' id='word_1_287' title='bbox 1235 3884 1302 3938; x_wconf 88' lang='lat' dir='ltr'><strong><em>de</em></strong></span> <span class='ocrx_word' id='word_1_288' title='bbox 1320 3878 1613 3955; x_wconf 84' lang='lat' dir='ltr'><strong><em>martyrum</em></strong></span> <span class='ocrx_word' id='word_1_289' title='bbox 1642 3884 2011 3940; x_wconf 80' lang='lat' dir='ltr'><strong><em>festivitatibus</em></strong></span> 
     </span>
    </p>
   </div>
   <div class='ocr_carea' id='block_1_41' title="bbox 447 3969 2008 4046">
    <p class='ocr_par' dir='ltr' id='par_1_41' title="bbox 447 3969 2008 4046">
     <span class='ocr_line' id='line_1_41' title="bbox 447 3969 2008 4046; baseline 0.005 -22"><span class='ocrx_word' id='word_1_290' title='bbox 447 3969 659 4025; x_wconf 78' lang='lat' dir='ltr'><strong><em>humilia</em></strong></span> <span class='ocrx_word' id='word_1_291' title='bbox 692 3972 952 4042; x_wconf 73' lang='lat' dir='ltr'><strong><em>prin&#39;ltl’de</em></strong></span> <span class='ocrx_word' id='word_1_292' title='bbox 980 3976 1132 4029; x_wconf 89' lang='lat' dir='ltr'><strong><em>Anna</em></strong></span> <span class='ocrx_word' id='word_1_293' title='bbox 1174 3974 1355 4042; x_wconf 82' lang='lat' dir='ltr'><strong><em>refert,</em></strong></span> <span class='ocrx_word' id='word_1_294' title='bbox 1385 3976 1436 4029; x_wconf 91' lang='lat' dir='ltr'><strong><em>in</em></strong></span> <span class='ocrx_word' id='word_1_295' title='bbox 1460 3976 1689 4030; x_wconf 85' lang='lat' dir='ltr'><strong><em>Homilia</em></strong></span> <span class='ocrx_word' id='word_1_296' title='bbox 1715 3992 1926 4046; x_wconf 86' lang='lat' dir='ltr'><strong><em>quoque</em></strong></span> <span class='ocrx_word' id='word_1_297' title='bbox 1957 3978 2008 4032; x_wconf 91' lang='lat' dir='ltr'><strong><em>in</em></strong></span> 
     </span>
    </p>
   </div>
   <div class='ocr_carea' id='block_1_42' title="bbox 447 4064 2011 4138">
    <p class='ocr_par' dir='ltr' id='par_1_42' title="bbox 447 4064 2011 4138">
     <span class='ocr_line' id='line_1_42' title="bbox 447 4064 2011 4138; baseline 0.005 -23"><span class='ocrx_word' id='word_1_298' title='bbox 447 4064 714 4120; x_wconf 77' lang='lat' dir='ltr'><strong><em>Dominica</em></strong></span> <span class='ocrx_word' id='word_1_299' title='bbox 756 4070 1202 4134; x_wconf 70' lang='grc' dir='ltr'><strong><em>τῆςιπισοςομινης</em></strong></span> <span class='ocrx_word' id='word_1_300' title='bbox 1242 4077 1503 4134; x_wconf 83' lang='lat' dir='ltr'><strong><em>recenset,</em></strong></span> <span class='ocrx_word' id='word_1_301' title='bbox 1531 4068 1630 4122; x_wconf 84' lang='lat' dir='ltr'><strong><em>etsi</em></strong></span> <span class='ocrx_word' id='word_1_302' title='bbox 1678 4068 1889 4138; x_wconf 90' lang='lat' dir='ltr'><strong><em>paulum</em></strong></span> <span class='ocrx_word' id='word_1_303' title='bbox 1928 4069 2011 4123; x_wconf 88' lang='lat' dir='ltr'><strong><em>di-</em></strong></span> 
     </span>
    </p>
   </div>
   <div class='ocr_carea' id='block_1_43' title="bbox 449 4154 2013 4226">
    <p class='ocr_par' dir='ltr' id='par_1_43' title="bbox 449 4154 2013 4226">
     <span class='ocr_line' id='line_1_43' title="bbox 449 4154 2013 4226; baseline 0.006 -21"><span class='ocrx_word' id='word_1_304' title='bbox 449 4168 605 4206; x_wconf 82' lang='lat' dir='ltr'><strong><em>verso</em></strong></span> <span class='ocrx_word' id='word_1_305' title='bbox 632 4154 879 4208; x_wconf 86' lang='lat' dir='ltr'><strong><em>narrandi</em></strong></span> <span class='ocrx_word' id='word_1_306' title='bbox 909 4156 1088 4221; x_wconf 90' lang='lat' dir='ltr'><strong><em>modo,</em></strong></span> <span class='ocrx_word' id='word_1_307' title='bbox 1120 4167 1412 4226; x_wconf 80' lang='lat' dir='ltr'><strong><em>martyrum</em></strong></span> <span class='ocrx_word' id='word_1_308' title='bbox 1443 4172 1633 4226; x_wconf 89' lang='lat' dir='ltr'><strong><em>nempe</em></strong></span> <span class='ocrx_word' id='word_1_309' title='bbox 1648 4158 2013 4215; x_wconf 90' lang='lat' dir='ltr'><strong><em>solemnitates</em></strong></span> 
     </span>
    </p>
   </div>
   <div class='ocr_carea' id='block_1_44' title="bbox 447 4244 2009 4317">
    <p class='ocr_par' dir='ltr' id='par_1_44' title="bbox 447 4244 2009 4317">
     <span class='ocr_line' id='line_1_44' title="bbox 447 4244 2009 4317; baseline 0.003 -18"><span class='ocrx_word' id='word_1_310' title='bbox 447 4246 627 4299; x_wconf 85' lang='lat' dir='ltr'><strong><em>multis</em></strong></span> <span class='ocrx_word' id='word_1_311' title='bbox 667 4244 854 4299; x_wconf 89' lang='lat' dir='ltr'><strong><em>diebus</em></strong></span> <span class='ocrx_word' id='word_1_312' title='bbox 886 4246 1201 4312; x_wconf 86' lang='lat' dir='ltr'><strong><em>celebratas,</em></strong></span> <span class='ocrx_word' id='word_1_313' title='bbox 1249 4254 1305 4301; x_wconf 89' lang='lat' dir='ltr'><strong><em>et</em></strong></span> <span class='ocrx_word' id='word_1_314' title='bbox 1340 4247 1658 4303; x_wconf 89' lang='lat' dir='ltr'><strong><em>rusticorum</em></strong></span> <span class='ocrx_word' id='word_1_315' title='bbox 1703 4249 2009 4317; x_wconf 84' lang='lat' dir='ltr'><strong><em>adventum,</em></strong></span> 
     </span>
    </p>
   </div>
   <div class='ocr_carea' id='block_1_45' title="bbox 443 4335 2012 4406">
    <p class='ocr_par' dir='ltr' id='par_1_45' title="bbox 443 4335 2012 4406">
     <span class='ocr_line' id='line_1_45' title="bbox 443 4335 2012 4406; baseline 0.004 -17"><span class='ocrx_word' id='word_1_316' title='bbox 443 4336 636 4406; x_wconf 88' lang='lat' dir='ltr'><strong><em>quibus</em></strong></span> <span class='ocrx_word' id='word_1_317' title='bbox 660 4335 746 4390; x_wconf 84' lang='lat' dir='ltr'><strong><em>ille</em></strong></span> <span class='ocrx_word' id='word_1_318' title='bbox 769 4336 1112 4391; x_wconf 88' lang='lat' dir='ltr'><strong><em>concionatus</em></strong></span> <span class='ocrx_word' id='word_1_319' title='bbox 1129 4344 1228 4393; x_wconf 88' lang='lat' dir='ltr'><strong><em>est.</em></strong></span> <span class='ocrx_word' id='word_1_320' title='bbox 1258 4337 1448 4393; x_wconf 83' lang='lat' dir='ltr'><strong><em>Verum</em></strong></span> <span class='ocrx_word' id='word_1_321' title='bbox 1467 4338 1554 4395; x_wconf 93' lang='lat' dir='ltr'><strong><em>hic</em></strong></span> <span class='ocrx_word' id='word_1_322' title='bbox 1577 4341 1649 4396; x_wconf 88' lang='lat' dir='ltr'><strong><em>ait</em></strong></span> <span class='ocrx_word' id='word_1_323' title='bbox 1673 4341 1764 4397; x_wconf 92' lang='lat' dir='ltr'><strong><em>ille</em></strong></span> <span class='ocrx_word' id='word_1_324' title='bbox 1784 4356 1862 4405; x_wconf 89' lang='lat' dir='ltr'><strong><em>se,</em></strong></span> <span class='ocrx_word' id='word_1_325' title='bbox 1886 4343 2012 4396; x_wconf 89' lang='lat' dir='ltr'><strong><em>dum</em></strong></span> 
     </span>
    </p>
   </div>
   <div class='ocr_carea' id='block_1_46' title="bbox 445 4424 2015 4496">
    <p class='ocr_par' dir='ltr' id='par_1_46' title="bbox 445 4424 2015 4496">
     <span class='ocr_line' id='line_1_46' title="bbox 445 4424 2015 4496; baseline 0.004 -16"><span class='ocrx_word' id='word_1_326' title='bbox 445 4432 740 4496; x_wconf 88' lang='lat' dir='ltr'><strong><em>martyrum</em></strong></span> <span class='ocrx_word' id='word_1_327' title='bbox 772 4424 903 4480; x_wconf 87' lang='lat' dir='ltr'><strong><em>festa</em></strong></span> <span class='ocrx_word' id='word_1_328' title='bbox 932 4426 1329 4484; x_wconf 83' lang='lat' dir='ltr'><strong><em>celebrarentur</em></strong></span> <span class='ocrx_word' id='word_1_329' title='bbox 1349 4470 1366 4496; x_wconf 94' lang='lat'><strong><em>,</em></strong></span> <span class='ocrx_word' id='word_1_330' title='bbox 1398 4428 1704 4485; x_wconf 90' lang='lat' dir='ltr'><strong><em>inﬁrmitate</em></strong></span> <span class='ocrx_word' id='word_1_331' title='bbox 1739 4430 2015 4487; x_wconf 78' lang='lat' dir='ltr'><strong><em>detentum</em></strong></span> 
     </span>
    </p>
   </div>
   <div class='ocr_carea' id='block_1_47' title="bbox 447 4518 2018 4594">
    <p class='ocr_par' dir='ltr' id='par_1_47' title="bbox 447 4518 2018 4594">
     <span class='ocr_line' id='line_1_47' title="bbox 447 4518 2018 4594; baseline 0.004 -21"><span class='ocrx_word' id='word_1_332' title='bbox 447 4518 588 4573; x_wconf 89' lang='lat' dir='ltr'><strong><em>domi</em></strong></span> <span class='ocrx_word' id='word_1_333' title='bbox 620 4519 905 4586; x_wconf 80' lang='lat' dir='ltr'><strong><em>mansisse,</em></strong></span> <span class='ocrx_word' id='word_1_334' title='bbox 931 4534 1102 4591; x_wconf 87' lang='lat' dir='ltr'><strong><em>neque</em></strong></span> <span class='ocrx_word' id='word_1_335' title='bbox 1129 4531 1418 4594; x_wconf 87' lang='lat' dir='ltr'><strong><em>martyrum</em></strong></span> <span class='ocrx_word' id='word_1_336' title='bbox 1444 4521 1814 4579; x_wconf 85' lang='lat' dir='ltr'><strong><em>festivitatibus</em></strong></span> <span class='ocrx_word' id='word_1_337' title='bbox 1848 4525 2018 4580; x_wconf 88' lang='lat' dir='ltr'><strong><em>inter-</em></strong></span> 
     </span>
    </p>
   </div>
   <div class='ocr_carea' id='block_1_48' title="bbox 446 4608 2018 4687">
    <p class='ocr_par' dir='ltr' id='par_1_48' title="bbox 446 4608 2018 4687">
     <span class='ocr_line' id='line_1_48' title="bbox 446 4608 2018 4687; baseline 0.003 -22"><span class='ocrx_word' id='word_1_338' title='bbox 446 4609 632 4666; x_wconf 88' lang='lat' dir='ltr'><strong><em>fuisse.</em></strong></span> <span class='ocrx_word' id='word_1_339' title='bbox 676 4608 831 4667; x_wconf 80' lang='lat' dir='ltr'><strong><em>Unde</em></strong></span> <span class='ocrx_word' id='word_1_340' title='bbox 868 4610 1030 4668; x_wconf 87' lang='lat' dir='ltr'><strong><em>infert</em></strong></span> <span class='ocrx_word' id='word_1_341' title='bbox 1065 4611 1437 4669; x_wconf 89' lang='lat' dir='ltr'><strong><em>Tillcmontius</em></strong></span> <span class='ocrx_word' id='word_1_342' title='bbox 1466 4613 1599 4671; x_wconf 90' lang='lat' dir='ltr'><strong><em>duas</em></strong></span> <span class='ocrx_word' id='word_1_343' title='bbox 1628 4615 1791 4671; x_wconf 88' lang='lat' dir='ltr'><strong><em>fuisse</em></strong></span> <span class='ocrx_word' id='word_1_344' title='bbox 1818 4626 2018 4687; x_wconf 85' lang='lat' dir='ltr'><strong><em>marty-</em></strong></span> 
     </span>
    </p>
   </div>
   <div class='ocr_carea' id='block_1_49' title="bbox 450 4701 2021 4777">
    <p class='ocr_par' dir='ltr' id='par_1_49' title="bbox 450 4701 2021 4777">
     <span class='ocr_line' id='line_1_49' title="bbox 450 4701 2021 4777; baseline 0.005 -22"><span class='ocrx_word' id='word_1_345' title='bbox 450 4717 571 4755; x_wconf 90' lang='lat' dir='ltr'><strong><em>rum</em></strong></span> <span class='ocrx_word' id='word_1_346' title='bbox 612 4701 926 4759; x_wconf 86' lang='lat' dir='ltr'><strong><em>festivitates</em></strong></span> <span class='ocrx_word' id='word_1_347' title='bbox 965 4721 979 4757; x_wconf 90' lang='lat'><strong>:</strong></span> <span class='ocrx_word' id='word_1_348' title='bbox 1011 4713 1067 4759; x_wconf 90' lang='lat' dir='ltr'><strong><em>et</em></strong></span> <span class='ocrx_word' id='word_1_349' title='bbox 1100 4713 1379 4775; x_wconf 89' lang='lat' dir='ltr'><strong><em>utramque</em></strong></span> <span class='ocrx_word' id='word_1_350' title='bbox 1414 4706 1569 4777; x_wconf 86' lang='lat' dir='ltr'><strong><em>longa</em></strong></span> <span class='ocrx_word' id='word_1_351' title='bbox 1600 4706 1739 4762; x_wconf 88' lang='lat' dir='ltr'><strong><em>serie</em></strong></span> <span class='ocrx_word' id='word_1_352' title='bbox 1783 4706 2021 4777; x_wconf 85' lang='lat' dir='ltr'><strong><em>duosque</em></strong></span> 
     </span>
    </p>
   </div>
   <div class='ocr_carea' id='block_1_50' title="bbox 450 4792 2017 4867">
    <p class='ocr_par' dir='ltr' id='par_1_50' title="bbox 450 4792 2017 4867">
     <span class='ocr_line' id='line_1_50' title="bbox 450 4792 2017 4867; baseline 0.003 -19"><span class='ocrx_word' id='word_1_353' title='bbox 450 4792 773 4849; x_wconf 83' lang='lat' dir='ltr'><strong><em>rusticorum</em></strong></span> <span class='ocrx_word' id='word_1_354' title='bbox 799 4794 1056 4850; x_wconf 86' lang='lat' dir='ltr'><strong><em>adventus</em></strong></span> <span class='ocrx_word' id='word_1_355' title='bbox 1074 4811 1090 4859; x_wconf 91' lang='lat'><strong>;</strong></span> <span class='ocrx_word' id='word_1_356' title='bbox 1107 4804 1267 4865; x_wconf 84' lang='lat' dir='ltr'><strong><em>atque</em></strong></span> <span class='ocrx_word' id='word_1_357' title='bbox 1295 4811 1543 4852; x_wconf 87' lang='lat' dir='ltr'><strong><em>sermone</em></strong></span> <span class='ocrx_word' id='word_1_358' title='bbox 1569 4797 1741 4867; x_wconf 90' lang='lat' dir='ltr'><strong><em>primo</em></strong></span> <span class='ocrx_word' id='word_1_359' title='bbox 1761 4797 1827 4853; x_wconf 91' lang='lat' dir='ltr'><strong><em>de</em></strong></span> <span class='ocrx_word' id='word_1_360' title='bbox 1842 4798 2017 4866; x_wconf 89' lang='lat' dir='ltr'><strong><em>Anna,</em></strong></span> 
     </span>
    </p>
   </div>
   <div class='ocr_carea' id='block_1_51' title="bbox 451 4884 2022 4957">
    <p class='ocr_par' dir='ltr' id='par_1_51' title="bbox 451 4884 2022 4957">
     <span class='ocr_line' id='line_1_51' title="bbox 451 4884 2022 4957; baseline 0.004 -18"><span class='ocrx_word' id='word_1_361' title='bbox 451 4886 520 4940; x_wconf 90' lang='lat' dir='ltr'><strong><em>de</em></strong></span> <span class='ocrx_word' id='word_1_362' title='bbox 549 4886 612 4941; x_wconf 89' lang='lat' dir='ltr'><strong><em>iis</em></strong></span> <span class='ocrx_word' id='word_1_363' title='bbox 642 4893 933 4957; x_wconf 83' lang='lat' dir='ltr'><strong><em>martyrum</em></strong></span> <span class='ocrx_word' id='word_1_364' title='bbox 959 4884 1355 4953; x_wconf 86' lang='lat' dir='ltr'><strong><em>festivitatibus,</em></strong></span> <span class='ocrx_word' id='word_1_365' title='bbox 1380 4888 1552 4956; x_wconf 88' lang='lat' dir='ltr'><strong><em>deque</em></strong></span> <span class='ocrx_word' id='word_1_366' title='bbox 1580 4891 1898 4946; x_wconf 90' lang='lat' dir='ltr'><strong><em>rusticorum</em></strong></span> <span class='ocrx_word' id='word_1_367' title='bbox 1923 4891 2022 4946; x_wconf 82' lang='lat' dir='ltr'><strong><em>ad-</em></strong></span> 
     </span>
    </p>
   </div>
   <div class='ocr_carea' id='block_1_52' title="bbox 453 4974 2019 5045">
    <p class='ocr_par' dir='ltr' id='par_1_52' title="bbox 453 4974 2019 5045">
     <span class='ocr_line' id='line_1_52' title="bbox 453 4974 2019 5045; baseline 0.005 -17"><span class='ocrx_word' id='word_1_368' title='bbox 453 4982 635 5042; x_wconf 86' lang='lat' dir='ltr'><strong><em>ventu,</em></strong></span> <span class='ocrx_word' id='word_1_369' title='bbox 653 4990 770 5044; x_wconf 69' lang='lat' dir='ltr'><strong><em>qua:</em></strong></span> <span class='ocrx_word' id='word_1_370' title='bbox 800 4976 851 5028; x_wconf 90' lang='lat' dir='ltr'><strong><em>in</em></strong></span> <span class='ocrx_word' id='word_1_371' title='bbox 868 4974 1283 5032; x_wconf 87' lang='lat' dir='ltr'><strong><em>hebdomadibus</em></strong></span> <span class='ocrx_word' id='word_1_372' title='bbox 1305 4985 1429 5045; x_wconf 89' lang='lat' dir='ltr'><strong><em>post</em></strong></span> <span class='ocrx_word' id='word_1_373' title='bbox 1455 4977 1657 5033; x_wconf 88' lang='lat' dir='ltr'><strong><em>Pascha</em></strong></span> <span class='ocrx_word' id='word_1_374' title='bbox 1674 4979 1982 5036; x_wconf 84' lang='lat' dir='ltr'><strong><em>acciderunt</em></strong></span> <span class='ocrx_word' id='word_1_375' title='bbox 2004 4998 2019 5037; x_wconf 86' lang='lat'><strong>:</strong></span> 
     </span>
    </p>
   </div>
   <div class='ocr_carea' id='block_1_53' title="bbox 456 5064 2024 5138">
    <p class='ocr_par' dir='ltr' id='par_1_53' title="bbox 456 5064 2024 5138">
     <span class='ocr_line' id='line_1_53' title="bbox 456 5064 2024 5138; baseline 0.002 -17"><span class='ocrx_word' id='word_1_376' title='bbox 456 5066 511 5121; x_wconf 89' lang='lat' dir='ltr'><strong><em>in</em></strong></span> <span class='ocrx_word' id='word_1_377' title='bbox 542 5064 754 5119; x_wconf 82' lang='lat' dir='ltr'><strong><em>humilia</em></strong></span> <span class='ocrx_word' id='word_1_378' title='bbox 780 5074 958 5121; x_wconf 89' lang='lat' dir='ltr'><strong><em>autem</em></strong></span> <span class='ocrx_word' id='word_1_379' title='bbox 989 5064 1167 5120; x_wconf 88' lang='lat' dir='ltr'><strong><em>habita</em></strong></span> <span class='ocrx_word' id='word_1_380' title='bbox 1193 5066 1246 5133; x_wconf 81' lang='lat' dir='ltr'><strong><em>in</em></strong></span> <span class='ocrx_word' id='word_1_381' title='bbox 1279 5067 1548 5122; x_wconf 84' lang='lat' dir='ltr'><strong><em>Dominica</em></strong></span> <span class='ocrx_word' id='word_1_382' title='bbox 1586 5075 2024 5138; x_wconf 67' lang='grc' dir='ltr'><strong><em>τῆςιπισωςομένης</em></strong></span> 
     </span>
    </p>
   </div>
   <div class='ocr_carea' id='block_1_54' title="bbox 458 5155 2024 5234">
    <p class='ocr_par' dir='ltr' id='par_1_54' title="bbox 458 5155 2024 5234">
     <span class='ocr_line' id='line_1_54' title="bbox 458 5155 2024 5234; baseline 0.006 -23"><span class='ocrx_word' id='word_1_383' title='bbox 458 5156 524 5211; x_wconf 87' lang='lat' dir='ltr'><strong><em>de</em></strong></span> <span class='ocrx_word' id='word_1_384' title='bbox 553 5163 842 5226; x_wconf 83' lang='lat' dir='ltr'><strong><em>martyrum</em></strong></span> <span class='ocrx_word' id='word_1_385' title='bbox 867 5155 1017 5211; x_wconf 86' lang='lat' dir='ltr'><strong><em>festis</em></strong></span> <span class='ocrx_word' id='word_1_386' title='bbox 1032 5164 1088 5211; x_wconf 91' lang='lat' dir='ltr'><strong><em>et</em></strong></span> <span class='ocrx_word' id='word_1_387' title='bbox 1112 5156 1181 5212; x_wconf 88' lang='lat' dir='ltr'><strong><em>de</em></strong></span> <span class='ocrx_word' id='word_1_388' title='bbox 1201 5156 1521 5214; x_wconf 87' lang='lat' dir='ltr'><strong><em>rusticorum</em></strong></span> <span class='ocrx_word' id='word_1_389' title='bbox 1547 5158 1778 5215; x_wconf 78' lang='lat' dir='ltr'><strong><em>adventu</em></strong></span> <span class='ocrx_word' id='word_1_390' title='bbox 1800 5164 1906 5232; x_wconf 84' lang='lat' dir='ltr'><strong><em>agi,</em></strong></span> <span class='ocrx_word' id='word_1_391' title='bbox 1933 5165 2024 5234; x_wconf 88' lang='lat' dir='ltr'><strong><em>qui</em></strong></span> 
     </span>
    </p>
   </div>
   <div class='ocr_carea' id='block_1_55' title="bbox 458 5243 2026 5318">
    <p class='ocr_par' dir='ltr' id='par_1_55' title="bbox 458 5243 2026 5318">
     <span class='ocr_line' id='line_1_55' title="bbox 458 5243 2026 5318; baseline 0.008 -18"><span class='ocrx_word' id='word_1_392' title='bbox 458 5247 515 5300; x_wconf 91' lang='lat' dir='ltr'><strong><em>in</em></strong></span> <span class='ocrx_word' id='word_1_393' title='bbox 566 5243 980 5316; x_wconf 80' lang='lat' dir='ltr'><strong><em>Quadragesima</em></strong></span> <span class='ocrx_word' id='word_1_394' title='bbox 1032 5247 1386 5318; x_wconf 84' lang='lat' dir='ltr'><strong><em>contigerunt.</em></strong></span> <span class='ocrx_word' id='word_1_395' title='bbox 1426 5247 1542 5305; x_wconf 87' lang='lat' dir='ltr'><strong><em>Non</em></strong></span> <span class='ocrx_word' id='word_1_396' title='bbox 1596 5252 2026 5313; x_wconf 90' lang='lat' dir='ltr'><strong><em>animadvertens</em></strong></span> 
     </span>
    </p>
   </div>
   <div class='ocr_carea' id='block_1_56' title="bbox 458 5336 2027 5409">
    <p class='ocr_par' dir='ltr' id='par_1_56' title="bbox 458 5336 2027 5409">
     <span class='ocr_line' id='line_1_56' title="bbox 458 5336 2027 5409; baseline 0.006 -18"><span class='ocrx_word' id='word_1_397' title='bbox 458 5336 897 5407; x_wconf 77' lang='lat' dir='ltr'><strong><em>(lhrysostomum</em></strong></span> <span class='ocrx_word' id='word_1_398' title='bbox 922 5337 1104 5394; x_wconf 88' lang='lat' dir='ltr'><strong><em>dicere</em></strong></span> <span class='ocrx_word' id='word_1_399' title='bbox 1127 5338 1179 5394; x_wconf 93' lang='lat' dir='ltr'><strong><em>in</em></strong></span> <span class='ocrx_word' id='word_1_400' title='bbox 1205 5339 1393 5396; x_wconf 87' lang='lat' dir='ltr'><strong><em>eadem</em></strong></span> <span class='ocrx_word' id='word_1_401' title='bbox 1417 5338 1654 5409; x_wconf 91' lang='lat' dir='ltr'><strong><em>homilia,</em></strong></span> <span class='ocrx_word' id='word_1_402' title='bbox 1678 5342 1866 5399; x_wconf 87' lang='lat' dir='ltr'><strong><em>ducem</em></strong></span> <span class='ocrx_word' id='word_1_403' title='bbox 1910 5360 2027 5401; x_wconf 78' lang='lat' dir='ltr'><strong><em>om-</em></strong></span> 
     </span>
    </p>
   </div>
   <div class='ocr_carea' id='block_1_57' title="bbox 456 5427 2030 5504">
    <p class='ocr_par' dir='ltr' id='par_1_57' title="bbox 456 5427 2030 5504">
     <span class='ocr_line' id='line_1_57' title="bbox 456 5427 2030 5504; baseline 0.008 -23"><span class='ocrx_word' id='word_1_404' title='bbox 456 5428 607 5488; x_wconf 78' lang='lat' dir='ltr'><strong><em>nium</em></strong></span> <span class='ocrx_word' id='word_1_405' title='bbox 653 5427 854 5485; x_wconf 88' lang='lat' dir='ltr'><strong><em>scilicet</em></strong></span> <span class='ocrx_word' id='word_1_406' title='bbox 897 5428 1226 5501; x_wconf 85' lang='lat' dir='ltr'><strong><em>Flavianum,</em></strong></span> <span class='ocrx_word' id='word_1_407' title='bbox 1271 5431 1325 5488; x_wconf 91' lang='lat' dir='ltr'><strong><em>in</em></strong></span> <span class='ocrx_word' id='word_1_408' title='bbox 1366 5432 1513 5489; x_wconf 86' lang='lat' dir='ltr'><strong><em>hisce</em></strong></span> <span class='ocrx_word' id='word_1_409' title='bbox 1548 5448 1642 5504; x_wconf 86' lang='lat' dir='ltr'><strong><em>per</em></strong></span> <span class='ocrx_word' id='word_1_410' title='bbox 1669 5434 1855 5492; x_wconf 88' lang='lat' dir='ltr'><strong><em>urbem</em></strong></span> <span class='ocrx_word' id='word_1_411' title='bbox 1895 5450 2030 5495; x_wconf 84' lang='lat' dir='ltr'><strong><em>acus</em></strong></span> 
     </span>
    </p>
   </div>
   <div class='ocr_carea' id='block_1_58' title="bbox 459 5519 2028 5594">
    <p class='ocr_par' dir='ltr' id='par_1_58' title="bbox 459 5519 2028 5594">
     <span class='ocr_line' id='line_1_58' title="bbox 459 5519 2028 5594; baseline 0.004 -16"><span class='ocrx_word' id='word_1_412' title='bbox 459 5526 754 5589; x_wconf 80' lang='lat' dir='ltr'><strong><em>martyrum</em></strong></span> <span class='ocrx_word' id='word_1_413' title='bbox 796 5519 1223 5590; x_wconf 88' lang='lat' dir='ltr'><strong><em>celebritatibus,</em></strong></span> <span class='ocrx_word' id='word_1_414' title='bbox 1269 5524 1520 5594; x_wconf 89' lang='lat' dir='ltr'><strong><em>populum</em></strong></span> <span class='ocrx_word' id='word_1_415' title='bbox 1569 5525 2028 5584; x_wconf 79' lang='lat' dir='ltr'><strong><em>circumduxisse:</em></strong></span> 
     </span>
    </p>
   </div>
   <div class='ocr_carea' id='block_1_59' title="bbox 464 5610 2029 5688">
    <p class='ocr_par' dir='ltr' id='par_1_59' title="bbox 464 5610 2029 5688">
     <span class='ocr_line' id='line_1_59' title="bbox 464 5610 2029 5688; baseline 0.006 -25"><span class='ocrx_word' id='word_1_416' title='bbox 464 5611 607 5680; x_wconf 87' lang='lat' dir='ltr'><strong><em>atqui</em></strong></span> <span class='ocrx_word' id='word_1_417' title='bbox 641 5610 909 5680; x_wconf 87' lang='lat' dir='ltr'><strong><em>quomodo</em></strong></span> <span class='ocrx_word' id='word_1_418' title='bbox 946 5615 1116 5684; x_wconf 89' lang='lat' dir='ltr'><strong><em>potuit</em></strong></span> <span class='ocrx_word' id='word_1_419' title='bbox 1139 5624 1377 5685; x_wconf 87' lang='lat' dir='ltr'><strong><em>tempore</em></strong></span> <span class='ocrx_word' id='word_1_420' title='bbox 1404 5615 1833 5687; x_wconf 81' lang='lat' dir='ltr'><strong><em>Quadragesimae</em></strong></span> <span class='ocrx_word' id='word_1_421' title='bbox 1858 5632 2029 5688; x_wconf 88' lang='lat' dir='ltr'><strong><em>popu-</em></strong></span> 
     </span>
    </p>
   </div>
   <div class='ocr_carea' id='block_1_60' title="bbox 436 5699 2028 5780">
    <p class='ocr_par' dir='ltr' id='par_1_60' title="bbox 436 5699 2028 5780">
     <span class='ocr_line' id='line_1_60' title="bbox 436 5699 2028 5780; baseline 0.005 -25"><span class='ocrx_word' id='word_1_422' title='bbox 436 5699 578 5763; x_wconf 72' lang='lat' dir='ltr'><strong><em>lum</em></strong></span> <span class='ocrx_word' id='word_1_423' title='bbox 627 5702 1014 5761; x_wconf 78' lang='lat' dir='ltr'><strong><em>Antiochenam</em></strong></span> <span class='ocrx_word' id='word_1_424' title='bbox 1051 5707 1226 5762; x_wconf 85' lang='lat' dir='ltr'><strong><em>multis</em></strong></span> <span class='ocrx_word' id='word_1_425' title='bbox 1256 5706 1442 5764; x_wconf 88' lang='lat' dir='ltr'><strong><em>diebus</em></strong></span> <span class='ocrx_word' id='word_1_426' title='bbox 1477 5706 1874 5765; x_wconf 75' lang='lat' dir='ltr'><strong><em>circumducere</em></strong></span> <span class='ocrx_word' id='word_1_427' title='bbox 1896 5748 1913 5775; x_wconf 91' lang='lat'><strong><em>,</em></strong></span> <span class='ocrx_word' id='word_1_428' title='bbox 1940 5709 2028 5780; x_wconf 90' lang='lat' dir='ltr'><strong><em>qui</em></strong></span> 
     </span>
    </p>
   </div>
   <div class='ocr_carea' id='block_1_61' title="bbox 1470 322 2573 389">
    <p class='ocr_par' dir='ltr' id='par_1_61' title="bbox 1470 322 2573 389">
     <span class='ocr_line' id='line_1_61' title="bbox 1470 322 2573 389; baseline -0.008 -5"><span class='ocrx_word' id='word_1_429' title='bbox 1470 332 1522 384; x_wconf 90' lang='lat' dir='ltr'><strong><em>S.</em></strong></span> <span class='ocrx_word' id='word_1_430' title='bbox 1567 324 1842 384; x_wconf 72' lang='lat' dir='ltr'><strong><em>JOANNIS</em></strong></span> <span class='ocrx_word' id='word_1_431' title='bbox 1881 322 2355 381; x_wconf 69' lang='lat' dir='ltr'><strong><em>CHRYSOSTOMI</em></strong></span> <span class='ocrx_word' id='word_1_432' title='bbox 2394 322 2573 389; x_wconf 80' lang='lat' dir='ltr'><strong><em>VlTA,</em></strong></span> 
     </span>
    </p>
   </div>
   <div class='ocr_carea' id='block_1_62' title="bbox 3562 308 3666 363">
    <p class='ocr_par' dir='ltr' id='par_1_62' title="bbox 3562 308 3666 363">
     <span class='ocr_line' id='line_1_62' title="bbox 3562 308 3666 363; baseline 0.01 -1"><span class='ocrx_word' id='word_1_433' title='bbox 3562 308 3666 363; x_wconf 67' lang='grc'><strong><em>124</em></strong></span> 
     </span>
    </p>
   </div>
   <div class='ocr_carea' id='block_1_63' title="bbox 2098 417 3667 504">
    <p class='ocr_par' dir='ltr' id='par_1_63' title="bbox 2098 417 3667 504">
     <span class='ocr_line' id='line_1_63' title="bbox 2098 417 3667 504; baseline -0.011 -15"><span class='ocrx_word' id='word_1_434' title='bbox 2098 450 2193 504; x_wconf 85' lang='lat' dir='ltr'><strong><em>per</em></strong></span> <span class='ocrx_word' id='word_1_435' title='bbox 2247 441 2416 487; x_wconf 86' lang='lat' dir='ltr'><strong><em>totum</em></strong></span> <span class='ocrx_word' id='word_1_436' title='bbox 2469 429 2895 499; x_wconf 81' lang='lat' dir='ltr'><strong><em>Quadragesima:</em></strong></span> <span class='ocrx_word' id='word_1_437' title='bbox 2948 434 3155 493; x_wconf 88' lang='lat' dir='ltr'><strong><em>tempus</em></strong></span> <span class='ocrx_word' id='word_1_438' title='bbox 3208 417 3667 486; x_wconf 86' lang='lat' dir='ltr'><strong><em>Constantinopoli</em></strong></span> 
     </span>
    </p>
   </div>
   <div class='ocr_carea' id='block_1_64' title="bbox 2096 506 3664 579">
    <p class='ocr_par' dir='ltr' id='par_1_64' title="bbox 2096 506 3664 579">
     <span class='ocr_line' id='line_1_64' title="bbox 2096 506 3664 579; baseline -0.013 0"><span class='ocrx_word' id='word_1_439' title='bbox 2096 531 2335 579; x_wconf 89' lang='lat' dir='ltr'><strong><em>versatus</em></strong></span> <span class='ocrx_word' id='word_1_440' title='bbox 2377 521 2480 576; x_wconf 84' lang='lat' dir='ltr'><strong><em>sit?</em></strong></span> <span class='ocrx_word' id='word_1_441' title='bbox 2530 520 2692 574; x_wconf 81' lang='lat' dir='ltr'><strong><em>Miror</em></strong></span> <span class='ocrx_word' id='word_1_442' title='bbox 2735 517 2850 573; x_wconf 64' lang='lat' dir='ltr'><strong><em>haec</em></strong></span> <span class='ocrx_word' id='word_1_443' title='bbox 2887 530 2994 570; x_wconf 89' lang='lat' dir='ltr'><strong><em>non</em></strong></span> <span class='ocrx_word' id='word_1_444' title='bbox 3032 510 3471 567; x_wconf 86' lang='lat' dir='ltr'><strong><em>animadvertisse</em></strong></span> <span class='ocrx_word' id='word_1_445' title='bbox 3501 506 3664 562; x_wconf 82' lang='lat' dir='ltr'><strong><em>Tillc-</em></strong></span> 
     </span>
    </p>
   </div>
   <div class='ocr_carea' id='block_1_65' title="bbox 2094 599 3667 681">
    <p class='ocr_par' dir='ltr' id='par_1_65' title="bbox 2094 599 3667 681">
     <span class='ocr_line' id='line_1_65' title="bbox 2094 599 3667 681; baseline -0.01 -14"><span class='ocrx_word' id='word_1_446' title='bbox 2094 613 2374 679; x_wconf 86' lang='lat' dir='ltr'><strong><em>montium,</em></strong></span> <span class='ocrx_word' id='word_1_447' title='bbox 2417 625 2593 681; x_wconf 88' lang='lat' dir='ltr'><strong><em>neque</em></strong></span> <span class='ocrx_word' id='word_1_448' title='bbox 2643 610 2743 663; x_wconf 87' lang='lat' dir='ltr'><strong><em>alia</em></strong></span> <span class='ocrx_word' id='word_1_449' title='bbox 2790 608 2955 662; x_wconf 89' lang='lat' dir='ltr'><strong><em>multa</em></strong></span> <span class='ocrx_word' id='word_1_450' title='bbox 2989 606 3188 661; x_wconf 88' lang='lat' dir='ltr'><strong><em>absona</em></strong></span> <span class='ocrx_word' id='word_1_451' title='bbox 3218 617 3336 672; x_wconf 60' lang='lat' dir='ltr'><strong><em>quae</em></strong></span> <span class='ocrx_word' id='word_1_452' title='bbox 3364 616 3430 656; x_wconf 81' lang='lat' dir='ltr'><strong><em>ex</em></strong></span> <span class='ocrx_word' id='word_1_453' title='bbox 3467 599 3667 669; x_wconf 88' lang='lat' dir='ltr'><strong><em>duplici</em></strong></span> 
     </span>
    </p>
   </div>
   <div class='ocr_carea' id='block_1_66' title="bbox 2096 691 3670 771">
    <p class='ocr_par' dir='ltr' id='par_1_66' title="bbox 2096 691 3670 771">
     <span class='ocr_line' id='line_1_66' title="bbox 2096 691 3670 771; baseline -0.008 -13"><span class='ocrx_word' id='word_1_454' title='bbox 2096 703 2183 758; x_wconf 89' lang='lat' dir='ltr'><strong><em>illa</em></strong></span> <span class='ocrx_word' id='word_1_455' title='bbox 2224 704 2478 759; x_wconf 90' lang='lat' dir='ltr'><strong><em>festorum</em></strong></span> <span class='ocrx_word' id='word_1_456' title='bbox 2504 702 2665 767; x_wconf 87' lang='lat' dir='ltr'><strong><em>serie,</em></strong></span> <span class='ocrx_word' id='word_1_457' title='bbox 2696 700 2890 771; x_wconf 90' lang='lat' dir='ltr'><strong><em>duplici</em></strong></span> <span class='ocrx_word' id='word_1_458' title='bbox 2922 700 3048 752; x_wconf 86' lang='lat' dir='ltr'><strong><em>item</em></strong></span> <span class='ocrx_word' id='word_1_459' title='bbox 3077 696 3398 751; x_wconf 89' lang='lat' dir='ltr'><strong><em>rusticorum</em></strong></span> <span class='ocrx_word' id='word_1_460' title='bbox 3436 691 3670 747; x_wconf 83' lang='lat' dir='ltr'><strong><em>adventu</em></strong></span> 
     </span>
    </p>
   </div>
   <div class='ocr_carea' id='block_1_67' title="bbox 2096 783 3669 865">
    <p class='ocr_par' dir='ltr' id='par_1_67' title="bbox 2096 783 3669 865">
     <span class='ocr_line' id='line_1_67' title="bbox 2096 783 3669 865; baseline -0.008 -16"><span class='ocrx_word' id='word_1_461' title='bbox 2096 795 2454 865; x_wconf 88' lang='lat' dir='ltr'><strong><em>sequebantur</em></strong></span> <span class='ocrx_word' id='word_1_462' title='bbox 2499 794 2823 863; x_wconf 87' lang='lat' dir='ltr'><strong><em>percepisse.</em></strong></span> <span class='ocrx_word' id='word_1_463' title='bbox 2871 790 3054 859; x_wconf 85' lang='lat' dir='ltr'><strong><em>Neque</em></strong></span> <span class='ocrx_word' id='word_1_464' title='bbox 3081 786 3313 841; x_wconf 88' lang='lat' dir='ltr'><strong><em>difﬁteor</em></strong></span> <span class='ocrx_word' id='word_1_465' title='bbox 3351 783 3548 854; x_wconf 89' lang='lat' dir='ltr'><strong><em>aliquid</em></strong></span> <span class='ocrx_word' id='word_1_466' title='bbox 3575 798 3669 837; x_wconf 84' lang='lat' dir='ltr'><strong><em>su-</em></strong></span> 
     </span>
    </p>
   </div>
   <div class='ocr_carea' id='block_1_68' title="bbox 2096 872 3673 961">
    <p class='ocr_par' dir='ltr' id='par_1_68' title="bbox 2096 872 3673 961">
     <span class='ocr_line' id='line_1_68' title="bbox 2096 872 3673 961; baseline -0.009 -21"><span class='ocrx_word' id='word_1_467' title='bbox 2096 899 2316 961; x_wconf 85' lang='lat' dir='ltr'><strong><em>peresse</em></strong></span> <span class='ocrx_word' id='word_1_468' title='bbox 2344 883 2703 948; x_wconf 86' lang='lat' dir='ltr'><strong><em>difﬁcultatis;</em></strong></span> <span class='ocrx_word' id='word_1_469' title='bbox 2727 881 2820 937; x_wconf 90' lang='lat' dir='ltr'><strong><em>sed</em></strong></span> <span class='ocrx_word' id='word_1_470' title='bbox 2845 880 2966 949; x_wconf 89' lang='lat' dir='ltr'><strong><em>quia</em></strong></span> <span class='ocrx_word' id='word_1_471' title='bbox 3005 879 3070 933; x_wconf 91' lang='lat' dir='ltr'><strong><em>iis</em></strong></span> <span class='ocrx_word' id='word_1_472' title='bbox 3094 876 3341 932; x_wconf 88' lang='lat' dir='ltr'><strong><em>omnibus</em></strong></span> <span class='ocrx_word' id='word_1_473' title='bbox 3370 889 3488 945; x_wconf 75' lang='lat' dir='ltr'><strong><em>qua:</em></strong></span> <span class='ocrx_word' id='word_1_474' title='bbox 3512 872 3673 942; x_wconf 91' lang='lat' dir='ltr'><strong><em>objici</em></strong></span> 
     </span>
    </p>
   </div>
   <div class='ocr_carea' id='block_1_69' title="bbox 2098 964 3670 1043">
    <p class='ocr_par' dir='ltr' id='par_1_69' title="bbox 2098 964 3670 1043">
     <span class='ocr_line' id='line_1_69' title="bbox 2098 964 3670 1043; baseline -0.006 -18"><span class='ocrx_word' id='word_1_475' title='bbox 2098 983 2363 1043; x_wconf 74' lang='lat' dir='ltr'><strong><em>ptilt&#39;l&#39;anl,</em></strong></span> <span class='ocrx_word' id='word_1_476' title='bbox 2413 974 2463 1028; x_wconf 91' lang='lat' dir='ltr'><strong><em>in</em></strong></span> <span class='ocrx_word' id='word_1_477' title='bbox 2522 972 2627 1027; x_wconf 87' lang='lat' dir='ltr'><strong><em>ﬁne</em></strong></span> <span class='ocrx_word' id='word_1_478' title='bbox 2682 970 3009 1026; x_wconf 64' lang='lat' dir='ltr'><strong><em>Praefationis</em></strong></span> <span class='ocrx_word' id='word_1_479' title='bbox 3052 968 3119 1023; x_wconf 90' lang='lat' dir='ltr'><strong><em>ad</em></strong></span> <span class='ocrx_word' id='word_1_480' title='bbox 3168 973 3413 1038; x_wconf 89' lang='lat' dir='ltr'><strong><em>quartum</em></strong></span> <span class='ocrx_word' id='word_1_481' title='bbox 3445 964 3670 1019; x_wconf 89' lang='lat' dir='ltr'><strong><em>Tomum</em></strong></span> 
     </span>
    </p>
   </div>
   <div class='ocr_carea' id='block_1_70' title="bbox 2098 1056 3673 1127">
    <p class='ocr_par' dir='ltr' id='par_1_70' title="bbox 2098 1056 3673 1127">
     <span class='ocr_line' id='line_1_70' title="bbox 2098 1056 3673 1127; baseline -0.006 -8"><span class='ocrx_word' id='word_1_482' title='bbox 2098 1064 2308 1120; x_wconf 47' lang='lat' dir='ltr'><strong><em>abunde</em></strong></span> <span class='ocrx_word' id='word_1_483' title='bbox 2349 1063 2719 1127; x_wconf 88' lang='lat' dir='ltr'><strong><em>satisfecimus,</em></strong></span> <span class='ocrx_word' id='word_1_484' title='bbox 2747 1076 2812 1116; x_wconf 89' lang='lat' dir='ltr'><strong><em>eo</em></strong></span> <span class='ocrx_word' id='word_1_485' title='bbox 2863 1061 3116 1117; x_wconf 88' lang='lat' dir='ltr'><strong><em>lectorem</em></strong></span> <span class='ocrx_word' id='word_1_486' title='bbox 3159 1056 3437 1125; x_wconf 87' lang='lat' dir='ltr'><strong><em>mittimus,</em></strong></span> <span class='ocrx_word' id='word_1_487' title='bbox 3469 1063 3526 1110; x_wconf 88' lang='lat' dir='ltr'><strong><em>ut</em></strong></span> <span class='ocrx_word' id='word_1_488' title='bbox 3552 1067 3673 1110; x_wconf 87' lang='lat' dir='ltr'><strong><em>sus-</em></strong></span> 
     </span>
    </p>
   </div>
   <div class='ocr_carea' id='block_1_71' title="bbox 2106 1154 3035 1223">
    <p class='ocr_par' dir='ltr' id='par_1_71' title="bbox 2106 1154 3035 1223">
     <span class='ocr_line' id='line_1_71' title="bbox 2106 1154 3035 1223; baseline -0.005 -16"><span class='ocrx_word' id='word_1_489' title='bbox 2106 1163 2309 1223; x_wconf 65' lang='lat' dir='ltr'><strong><em>ceptam</em></strong></span> <span class='ocrx_word' id='word_1_490' title='bbox 2329 1154 2603 1208; x_wconf 88' lang='lat' dir='ltr'><strong><em>historiam</em></strong></span> <span class='ocrx_word' id='word_1_491' title='bbox 2634 1164 3035 1223; x_wconf 87' lang='lat' dir='ltr'><strong><em>persequamur.</em></strong></span> 
     </span>
    </p>
   </div>
   <div class='ocr_carea' id='block_1_72' title="bbox 2175 1232 3672 1312">
    <p class='ocr_par' dir='ltr' id='par_1_72' title="bbox 2175 1232 3672 1312">
     <span class='ocr_line' id='line_1_72' title="bbox 2175 1232 3672 1312; baseline -0.007 -14"><span class='ocrx_word' id='word_1_492' title='bbox 2175 1244 2299 1298; x_wconf 85' lang='lat' dir='ltr'><strong><em>Post</em></strong></span> <span class='ocrx_word' id='word_1_493' title='bbox 2323 1242 2525 1297; x_wconf 88' lang='lat' dir='ltr'><strong><em>Pascha</em></strong></span> <span class='ocrx_word' id='word_1_494' title='bbox 2549 1241 2708 1312; x_wconf 81' lang='lat' dir='ltr'><strong><em>igitur</em></strong></span> <span class='ocrx_word' id='word_1_495' title='bbox 2735 1240 2957 1310; x_wconf 82' lang='lat' dir='ltr'><strong><em>gentiles</em></strong></span> <span class='ocrx_word' id='word_1_496' title='bbox 2985 1238 3125 1305; x_wconf 91' lang='lat' dir='ltr'><strong><em>illos,</em></strong></span> <span class='ocrx_word' id='word_1_497' title='bbox 3153 1236 3241 1307; x_wconf 90' lang='lat' dir='ltr'><strong><em>qui</em></strong></span> <span class='ocrx_word' id='word_1_498' title='bbox 3267 1235 3393 1290; x_wconf 90' lang='lat' dir='ltr'><strong><em>dum</em></strong></span> <span class='ocrx_word' id='word_1_499' title='bbox 3421 1232 3672 1289; x_wconf 88' lang='lat' dir='ltr'><strong><em>Theodo-</em></strong></span> 
     </span>
    </p>
   </div>
   <div class='ocr_carea' id='block_1_73' title="bbox 2101 1326 3668 1401">
    <p class='ocr_par' dir='ltr' id='par_1_73' title="bbox 2101 1326 3668 1401">
     <span class='ocr_line' id='line_1_73' title="bbox 2101 1326 3668 1401; baseline -0.006 -14"><span class='ocrx_word' id='word_1_500' title='bbox 2101 1334 2212 1388; x_wconf 92' lang='lat' dir='ltr'><strong><em>sius</em></strong></span> <span class='ocrx_word' id='word_1_501' title='bbox 2240 1333 2292 1387; x_wconf 91' lang='lat' dir='ltr'><strong><em>in</em></strong></span> <span class='ocrx_word' id='word_1_502' title='bbox 2315 1332 2697 1398; x_wconf 89' lang='lat' dir='ltr'><strong><em>Antiocheuos,</em></strong></span> <span class='ocrx_word' id='word_1_503' title='bbox 2726 1331 2816 1401; x_wconf 91' lang='lat' dir='ltr'><strong><em>qui</em></strong></span> <span class='ocrx_word' id='word_1_504' title='bbox 2843 1336 3043 1386; x_wconf 88' lang='lat' dir='ltr'><strong><em>statuas</em></strong></span> <span class='ocrx_word' id='word_1_505' title='bbox 3068 1341 3194 1382; x_wconf 88' lang='lat' dir='ltr'><strong><em>suas</em></strong></span> <span class='ocrx_word' id='word_1_506' title='bbox 3212 1326 3537 1397; x_wconf 88' lang='lat' dir='ltr'><strong><em>dejecerant,</em></strong></span> <span class='ocrx_word' id='word_1_507' title='bbox 3559 1338 3668 1378; x_wconf 76' lang='lat' dir='ltr'><strong><em>ste-</em></strong></span> 
     </span>
    </p>
   </div>
   <div class='ocr_carea' id='block_1_74' title="bbox 2102 1415 3677 1494">
    <p class='ocr_par' dir='ltr' id='par_1_74' title="bbox 2102 1415 3677 1494">
     <span class='ocr_line' id='line_1_74' title="bbox 2102 1415 3677 1494; baseline -0.007 -15"><span class='ocrx_word' id='word_1_508' title='bbox 2102 1424 2273 1491; x_wconf 88' lang='lat' dir='ltr'><strong><em>viret,</em></strong></span> <span class='ocrx_word' id='word_1_509' title='bbox 2319 1423 2593 1494; x_wconf 88' lang='lat' dir='ltr'><strong><em>majorque</em></strong></span> <span class='ocrx_word' id='word_1_510' title='bbox 2636 1421 2912 1478; x_wconf 85' lang='lat' dir='ltr'><strong><em>calamitas</em></strong></span> <span class='ocrx_word' id='word_1_511' title='bbox 2952 1427 3376 1490; x_wconf 78' lang='lat' dir='ltr'><strong><em>exSpectaretur,</em></strong></span> <span class='ocrx_word' id='word_1_512' title='bbox 3408 1416 3474 1471; x_wconf 90' lang='lat' dir='ltr'><strong><em>ad</em></strong></span> <span class='ocrx_word' id='word_1_513' title='bbox 3520 1415 3677 1470; x_wconf 87' lang='lat' dir='ltr'><strong><em>Chri-</em></strong></span> 
     </span>
    </p>
   </div>
   <div class='ocr_carea' id='block_1_75' title="bbox 2104 1507 3678 1580">
    <p class='ocr_par' dir='ltr' id='par_1_75' title="bbox 2104 1507 3678 1580">
     <span class='ocr_line' id='line_1_75' title="bbox 2104 1507 3678 1580; baseline -0.006 -10"><span class='ocrx_word' id='word_1_514' title='bbox 2104 1515 2329 1570; x_wconf 88' lang='lat' dir='ltr'><strong><em>stianam</em></strong></span> <span class='ocrx_word' id='word_1_515' title='bbox 2358 1514 2516 1569; x_wconf 89' lang='lat' dir='ltr'><strong><em>ﬁdem</em></strong></span> <span class='ocrx_word' id='word_1_516' title='bbox 2539 1521 2894 1579; x_wconf 84' lang='lat' dir='ltr'><strong><em>accesserant,</em></strong></span> <span class='ocrx_word' id='word_1_517' title='bbox 2922 1510 3333 1580; x_wconf 74' lang='lat' dir='ltr'><strong><em>Chrysoswmus</em></strong></span> <span class='ocrx_word' id='word_1_518' title='bbox 3361 1507 3414 1561; x_wconf 91' lang='lat' dir='ltr'><strong><em>in</em></strong></span> <span class='ocrx_word' id='word_1_519' title='bbox 3433 1515 3678 1576; x_wconf 79' lang='lat' dir='ltr'><strong><em>suscepta</em></strong></span> 
     </span>
    </p>
   </div>
   <div class='ocr_carea' id='block_1_76' title="bbox 2102 1597 3675 1675">
    <p class='ocr_par' dir='ltr' id='par_1_76' title="bbox 2102 1597 3675 1675">
     <span class='ocr_line' id='line_1_76' title="bbox 2102 1597 3675 1675; baseline -0.007 -16"><span class='ocrx_word' id='word_1_520' title='bbox 2102 1620 2229 1661; x_wconf 88' lang='lat' dir='ltr'><strong><em>vera</em></strong></span> <span class='ocrx_word' id='word_1_521' title='bbox 2243 1605 2499 1675; x_wconf 79' lang='lat' dir='ltr'><strong><em>religione</em></strong></span> <span class='ocrx_word' id='word_1_522' title='bbox 2523 1606 2839 1660; x_wconf 89' lang='lat' dir='ltr'><strong><em>conﬁrmare</em></strong></span> <span class='ocrx_word' id='word_1_523' title='bbox 2865 1601 3063 1657; x_wconf 87' lang='lat' dir='ltr'><strong><em>studuit</em></strong></span> <span class='ocrx_word' id='word_1_524' title='bbox 3085 1618 3100 1658; x_wconf 89' lang='lat'><strong>:</strong></span> <span class='ocrx_word' id='word_1_525' title='bbox 3119 1599 3311 1656; x_wconf 89' lang='lat' dir='ltr'><strong><em>deinde</em></strong></span> <span class='ocrx_word' id='word_1_526' title='bbox 3328 1613 3455 1654; x_wconf 90' lang='lat' dir='ltr'><strong><em>vero</em></strong></span> <span class='ocrx_word' id='word_1_527' title='bbox 3479 1597 3675 1651; x_wconf 64' lang='lat' dir='ltr'><strong><em>solem-</em></strong></span> 
     </span>
    </p>
   </div>
   <div class='ocr_carea' id='block_1_77' title="bbox 2104 1687 3678 1767">
    <p class='ocr_par' dir='ltr' id='par_1_77' title="bbox 2104 1687 3678 1767">
     <span class='ocr_line' id='line_1_77' title="bbox 2104 1687 3678 1767; baseline -0.008 -16"><span class='ocrx_word' id='word_1_528' title='bbox 2104 1698 2295 1751; x_wconf 88' lang='lat' dir='ltr'><strong><em>nitates</em></strong></span> <span class='ocrx_word' id='word_1_529' title='bbox 2325 1706 2618 1767; x_wconf 84' lang='lat' dir='ltr'><strong><em>martyrum</em></strong></span> <span class='ocrx_word' id='word_1_530' title='bbox 2648 1710 2744 1764; x_wconf 88' lang='lat' dir='ltr'><strong><em>per</em></strong></span> <span class='ocrx_word' id='word_1_531' title='bbox 2767 1693 2961 1748; x_wconf 90' lang='lat' dir='ltr'><strong><em>multos</em></strong></span> <span class='ocrx_word' id='word_1_532' title='bbox 2987 1691 3102 1747; x_wconf 89' lang='lat' dir='ltr'><strong><em>dies</em></strong></span> <span class='ocrx_word' id='word_1_533' title='bbox 3126 1691 3179 1745; x_wconf 90' lang='lat' dir='ltr'><strong><em>in</em></strong></span> <span class='ocrx_word' id='word_1_534' title='bbox 3208 1690 3367 1744; x_wconf 90' lang='lat' dir='ltr'><strong><em>variis</em></strong></span> <span class='ocrx_word' id='word_1_535' title='bbox 3395 1687 3538 1743; x_wconf 89' lang='lat' dir='ltr'><strong><em>urbis</em></strong></span> <span class='ocrx_word' id='word_1_536' title='bbox 3556 1701 3678 1755; x_wconf 82' lang='lat' dir='ltr'><strong><em>par-</em></strong></span> 
     </span>
    </p>
   </div>
   <div class='ocr_carea' id='block_1_78' title="bbox 2108 1778 3677 1852">
    <p class='ocr_par' dir='ltr' id='par_1_78' title="bbox 2108 1778 3677 1852">
     <span class='ocr_line' id='line_1_78' title="bbox 2108 1778 3677 1852; baseline -0.007 -11"><span class='ocrx_word' id='word_1_537' title='bbox 2108 1787 2246 1843; x_wconf 89' lang='lat' dir='ltr'><strong><em>tibus</em></strong></span> <span class='ocrx_word' id='word_1_538' title='bbox 2273 1786 2552 1842; x_wconf 76' lang='lat' dir='ltr'><strong><em>celebratzn</em></strong></span> <span class='ocrx_word' id='word_1_539' title='bbox 2576 1793 2718 1850; x_wconf 91' lang='lat' dir='ltr'><strong><em>sunt,</em></strong></span> <span class='ocrx_word' id='word_1_540' title='bbox 2744 1784 2997 1839; x_wconf 85' lang='lat' dir='ltr'><strong><em>Flaviano</em></strong></span> <span class='ocrx_word' id='word_1_541' title='bbox 3025 1782 3276 1852; x_wconf 85' lang='lat' dir='ltr'><strong><em>episcopo</em></strong></span> <span class='ocrx_word' id='word_1_542' title='bbox 3300 1778 3551 1849; x_wconf 72' lang='lat' dir='ltr'><strong><em>pupulum</em></strong></span> <span class='ocrx_word' id='word_1_543' title='bbox 3569 1778 3677 1831; x_wconf 86' lang='lat' dir='ltr'><strong><em>cir—</em></strong></span> 
     </span>
    </p>
   </div>
   <div class='ocr_carea' id='block_1_79' title="bbox 2050 1866 3678 1945">
    <p class='ocr_par' dir='ltr' id='par_1_79' title="bbox 2050 1866 3678 1945">
     <span class='ocr_line' id='line_1_79' title="bbox 2050 1866 3678 1945; baseline -0.007 -12"><span class='ocrx_word' id='word_1_544' title='bbox 2050 1908 2060 1917; x_wconf 93' lang='lat'><strong><em>-</em></strong></span> <span class='ocrx_word' id='word_1_545' title='bbox 2104 1878 2474 1944; x_wconf 89' lang='lat' dir='ltr'><strong><em>cumducente,</em></strong></span> <span class='ocrx_word' id='word_1_546' title='bbox 2505 1875 2633 1932; x_wconf 90' lang='lat' dir='ltr'><strong><em>dum</em></strong></span> <span class='ocrx_word' id='word_1_547' title='bbox 2677 1874 2888 1930; x_wconf 89' lang='lat' dir='ltr'><strong><em>interim</em></strong></span> <span class='ocrx_word' id='word_1_548' title='bbox 2918 1873 3331 1945; x_wconf 85' lang='lat' dir='ltr'><strong><em>Chrysostomus</em></strong></span> <span class='ocrx_word' id='word_1_549' title='bbox 3369 1868 3554 1924; x_wconf 88' lang='lat' dir='ltr'><strong><em>morbo</em></strong></span> <span class='ocrx_word' id='word_1_550' title='bbox 3581 1866 3678 1922; x_wconf 72' lang='lat' dir='ltr'><strong><em>de-</em></strong></span> 
     </span>
    </p>
   </div>
   <div class='ocr_carea' id='block_1_80' title="bbox 2109 1960 3678 2031">
    <p class='ocr_par' dir='ltr' id='par_1_80' title="bbox 2109 1960 3678 2031">
     <span class='ocr_line' id='line_1_80' title="bbox 2109 1960 3678 2031; baseline -0.007 -9"><span class='ocrx_word' id='word_1_551' title='bbox 2109 1977 2283 2024; x_wconf 89' lang='lat' dir='ltr'><strong><em>tentus</em></strong></span> <span class='ocrx_word' id='word_1_552' title='bbox 2322 1967 2467 2023; x_wconf 90' lang='lat' dir='ltr'><strong><em>domi</em></strong></span> <span class='ocrx_word' id='word_1_553' title='bbox 2511 1967 2845 2031; x_wconf 88' lang='lat' dir='ltr'><strong><em>consisteret,</em></strong></span> <span class='ocrx_word' id='word_1_554' title='bbox 2888 1965 2982 2020; x_wconf 89' lang='lat' dir='ltr'><strong><em>sed</em></strong></span> <span class='ocrx_word' id='word_1_555' title='bbox 3021 1972 3200 2019; x_wconf 88' lang='lat' dir='ltr'><strong><em>mente</em></strong></span> <span class='ocrx_word' id='word_1_556' title='bbox 3242 1969 3299 2018; x_wconf 86' lang='lat' dir='ltr'><strong><em>et</em></strong></span> <span class='ocrx_word' id='word_1_557' title='bbox 3337 1960 3516 2015; x_wconf 89' lang='lat' dir='ltr'><strong><em>animo</em></strong></span> <span class='ocrx_word' id='word_1_558' title='bbox 3556 1974 3678 2013; x_wconf 89' lang='lat' dir='ltr'><strong><em>cum</em></strong></span> 
     </span>
    </p>
   </div>
   <div class='ocr_carea' id='block_1_81' title="bbox 2108 2049 3680 2130">
    <p class='ocr_par' dir='ltr' id='par_1_81' title="bbox 2108 2049 3680 2130">
     <span class='ocr_line' id='line_1_81' title="bbox 2108 2049 3680 2130; baseline -0.006 -17"><span class='ocrx_word' id='word_1_559' title='bbox 2108 2061 2260 2130; x_wconf 80' lang='lat' dir='ltr'><strong><em>plebe</em></strong></span> <span class='ocrx_word' id='word_1_560' title='bbox 2288 2059 2355 2114; x_wconf 88' lang='lat' dir='ltr'><strong><em>ad</em></strong></span> <span class='ocrx_word' id='word_1_561' title='bbox 2384 2057 2558 2114; x_wconf 88' lang='lat' dir='ltr'><strong><em>ofﬁcia</em></strong></span> <span class='ocrx_word' id='word_1_562' title='bbox 2586 2056 2907 2128; x_wconf 87' lang='lat' dir='ltr'><strong><em>martyribus</em></strong></span> <span class='ocrx_word' id='word_1_563' title='bbox 2931 2055 3198 2112; x_wconf 88' lang='lat' dir='ltr'><strong><em>reddenda</em></strong></span> <span class='ocrx_word' id='word_1_564' title='bbox 3226 2060 3527 2109; x_wconf 88' lang='lat' dir='ltr'><strong><em>accurreret</em></strong></span> <span class='ocrx_word' id='word_1_565' title='bbox 3549 2068 3563 2118; x_wconf 88' lang='lat'><strong>;</strong></span> <span class='ocrx_word' id='word_1_566' title='bbox 3585 2049 3680 2105; x_wconf 88' lang='lat' dir='ltr'><strong><em>de-</em></strong></span> 
     </span>
    </p>
   </div>
   <div class='ocr_carea' id='block_1_82' title="bbox 2108 2144 3680 2220">
    <p class='ocr_par' dir='ltr' id='par_1_82' title="bbox 2108 2144 3680 2220">
     <span class='ocr_line' id='line_1_82' title="bbox 2108 2144 3680 2220; baseline -0.001 -15"><span class='ocrx_word' id='word_1_567' title='bbox 2108 2165 2356 2220; x_wconf 88' lang='lat' dir='ltr'><strong><em>mumque</em></strong></span> <span class='ocrx_word' id='word_1_568' title='bbox 2402 2148 2813 2204; x_wconf 88' lang='lat' dir='ltr'><strong><em>adventantibus</em></strong></span> <span class='ocrx_word' id='word_1_569' title='bbox 2851 2147 3061 2202; x_wconf 89' lang='lat' dir='ltr'><strong><em>rusticis</em></strong></span> <span class='ocrx_word' id='word_1_570' title='bbox 3099 2162 3130 2202; x_wconf 90' lang='lat' dir='ltr'><strong><em>e</em></strong></span> <span class='ocrx_word' id='word_1_571' title='bbox 3156 2146 3327 2200; x_wconf 88' lang='lat' dir='ltr'><strong><em>vicina</em></strong></span> <span class='ocrx_word' id='word_1_572' title='bbox 3356 2144 3556 2202; x_wconf 91' lang='lat' dir='ltr'><strong><em>circum</em></strong></span> <span class='ocrx_word' id='word_1_573' title='bbox 3588 2164 3680 2203; x_wconf 81' lang='lat' dir='ltr'><strong><em>re-</em></strong></span> 
     </span>
    </p>
   </div>
   <div class='ocr_carea' id='block_1_83' title="bbox 2107 2238 3681 2313">
    <p class='ocr_par' dir='ltr' id='par_1_83' title="bbox 2107 2238 3681 2313">
     <span class='ocr_line' id='line_1_83' title="bbox 2107 2238 3681 2313; baseline -0.003 -17"><span class='ocrx_word' id='word_1_574' title='bbox 2107 2243 2265 2313; x_wconf 86' lang='lat' dir='ltr'><strong><em>gione</em></strong></span> <span class='ocrx_word' id='word_1_575' title='bbox 2305 2242 2575 2298; x_wconf 88' lang='lat' dir='ltr'><strong><em>Dominica</em></strong></span> <span class='ocrx_word' id='word_1_576' title='bbox 2605 2249 2730 2295; x_wconf 90' lang='lat' dir='ltr'><strong><em>ante</em></strong></span> <span class='ocrx_word' id='word_1_577' title='bbox 2760 2238 3164 2303; x_wconf 88' lang='lat' dir='ltr'><strong><em>Ascensionem,</em></strong></span> <span class='ocrx_word' id='word_1_578' title='bbox 3192 2253 3312 2309; x_wconf 78' lang='lat' dir='ltr'><strong><em>qua:</em></strong></span> <span class='ocrx_word' id='word_1_579' title='bbox 3340 2239 3681 2306; x_wconf 69' lang='grc' dir='ltr'><strong><em>ἐπισωςομένης</em></strong></span> 
     </span>
    </p>
   </div>
   <div class='ocr_carea' id='block_1_84' title="bbox 2081 2329 3677 2401">
    <p class='ocr_par' dir='ltr' id='par_1_84' title="bbox 2081 2329 3677 2401">
     <span class='ocr_line' id='line_1_84' title="bbox 2081 2329 3677 2401; baseline 0.001 -18"><span class='ocrx_word' id='word_1_580' title='bbox 2081 2380 2084 2383; x_wconf 21' lang='grc' dir='ltr'><strong>Α</strong></span> <span class='ocrx_word' id='word_1_581' title='bbox 2113 2333 2437 2397; x_wconf 90' lang='lat' dir='ltr'><strong><em>inscribitur,</em></strong></span> <span class='ocrx_word' id='word_1_582' title='bbox 2469 2332 2779 2387; x_wconf 89' lang='lat' dir='ltr'><strong><em>concionem</em></strong></span> <span class='ocrx_word' id='word_1_583' title='bbox 2813 2331 3031 2396; x_wconf 89' lang='lat' dir='ltr'><strong><em>habuit,</em></strong></span> <span class='ocrx_word' id='word_1_584' title='bbox 3062 2330 3148 2386; x_wconf 91' lang='lat' dir='ltr'><strong><em>ubi</em></strong></span> <span class='ocrx_word' id='word_1_585' title='bbox 3172 2339 3451 2401; x_wconf 88' lang='lat' dir='ltr'><strong><em>postquam</em></strong></span> <span class='ocrx_word' id='word_1_586' title='bbox 3495 2329 3564 2384; x_wconf 92' lang='lat' dir='ltr'><strong><em>de</em></strong></span> <span class='ocrx_word' id='word_1_587' title='bbox 3589 2347 3677 2385; x_wconf 81' lang='lat' dir='ltr'><strong><em>ru-</em></strong></span> 
     </span>
    </p>
   </div>
   <div class='ocr_carea' id='block_1_85' title="bbox 2110 2420 3680 2493">
    <p class='ocr_par' dir='ltr' id='par_1_85' title="bbox 2110 2420 3680 2493">
     <span class='ocr_line' id='line_1_85' title="bbox 2110 2420 3680 2493; baseline -0.001 -16"><span class='ocrx_word' id='word_1_588' title='bbox 2110 2424 2258 2478; x_wconf 89' lang='lat' dir='ltr'><strong><em>sticis</em></strong></span> <span class='ocrx_word' id='word_1_589' title='bbox 2280 2424 2369 2492; x_wconf 89' lang='lat' dir='ltr'><strong><em>qui</em></strong></span> <span class='ocrx_word' id='word_1_590' title='bbox 2400 2430 2688 2493; x_wconf 74' lang='lat' dir='ltr'><strong><em>praesentes</em></strong></span> <span class='ocrx_word' id='word_1_591' title='bbox 2716 2431 2885 2486; x_wconf 89' lang='lat' dir='ltr'><strong><em>erant,</em></strong></span> <span class='ocrx_word' id='word_1_592' title='bbox 2914 2436 3020 2475; x_wconf 84' lang='lat' dir='ltr'><strong><em>non</em></strong></span> <span class='ocrx_word' id='word_1_593' title='bbox 3049 2435 3212 2489; x_wconf 90' lang='lat' dir='ltr'><strong><em>pauca</em></strong></span> <span class='ocrx_word' id='word_1_594' title='bbox 3241 2420 3464 2487; x_wconf 81' lang='lat' dir='ltr'><strong><em>dixerat,</em></strong></span> <span class='ocrx_word' id='word_1_595' title='bbox 3493 2429 3680 2477; x_wconf 87' lang='lat' dir='ltr'><strong><em>contra</em></strong></span> 
     </span>
    </p>
   </div>
   <div class='ocr_carea' id='block_1_86' title="bbox 2104 2512 3681 2584">
    <p class='ocr_par' dir='ltr' id='par_1_86' title="bbox 2104 2512 3681 2584">
     <span class='ocr_line' id='line_1_86' title="bbox 2104 2512 3681 2584; baseline -0.001 -16"><span class='ocrx_word' id='word_1_596' title='bbox 2104 2514 2402 2584; x_wconf 87' lang='lat' dir='ltr'><strong><em>juramenta</em></strong></span> <span class='ocrx_word' id='word_1_597' title='bbox 2445 2528 2542 2583; x_wconf 90' lang='lat' dir='ltr'><strong><em>pro</em></strong></span> <span class='ocrx_word' id='word_1_598' title='bbox 2566 2527 2715 2568; x_wconf 89' lang='lat' dir='ltr'><strong><em>more</em></strong></span> <span class='ocrx_word' id='word_1_599' title='bbox 2746 2527 2842 2567; x_wconf 86' lang='lat' dir='ltr'><strong><em>suo</em></strong></span> <span class='ocrx_word' id='word_1_600' title='bbox 2871 2513 3125 2582; x_wconf 85' lang='lat' dir='ltr'><strong><em>loquutus</em></strong></span> <span class='ocrx_word' id='word_1_601' title='bbox 3155 2519 3257 2567; x_wconf 88' lang='lat' dir='ltr'><strong><em>cst.</em></strong></span> <span class='ocrx_word' id='word_1_602' title='bbox 3288 2512 3432 2566; x_wconf 86' lang='lat' dir='ltr'><strong><em>Inter</em></strong></span> <span class='ocrx_word' id='word_1_603' title='bbox 3456 2512 3681 2567; x_wconf 87' lang='lat' dir='ltr'><strong><em>rusticos</em></strong></span> 
     </span>
    </p>
   </div>
   <div class='ocr_carea' id='block_1_87' title="bbox 2108 2602 3680 2675">
    <p class='ocr_par' dir='ltr' id='par_1_87' title="bbox 2108 2602 3680 2675">
     <span class='ocr_line' id='line_1_87' title="bbox 2108 2602 3680 2675; baseline -0.001 -16"><span class='ocrx_word' id='word_1_604' title='bbox 2108 2616 2286 2660; x_wconf 89' lang='lat' dir='ltr'><strong><em>autem</em></strong></span> <span class='ocrx_word' id='word_1_605' title='bbox 2316 2605 2435 2659; x_wconf 92' lang='lat' dir='ltr'><strong><em>illos</em></strong></span> <span class='ocrx_word' id='word_1_606' title='bbox 2463 2605 2756 2675; x_wconf 87' lang='lat' dir='ltr'><strong><em>presbyteri</em></strong></span> <span class='ocrx_word' id='word_1_607' title='bbox 2788 2603 3001 2674; x_wconf 90' lang='lat' dir='ltr'><strong><em>quidam</em></strong></span> <span class='ocrx_word' id='word_1_608' title='bbox 3024 2611 3197 2671; x_wconf 90' lang='lat' dir='ltr'><strong><em>erant,</em></strong></span> <span class='ocrx_word' id='word_1_609' title='bbox 3228 2602 3317 2672; x_wconf 90' lang='lat' dir='ltr'><strong><em>qui</em></strong></span> <span class='ocrx_word' id='word_1_610' title='bbox 3345 2611 3542 2658; x_wconf 89' lang='lat' dir='ltr'><strong><em>terram</em></strong></span> <span class='ocrx_word' id='word_1_611' title='bbox 3559 2619 3680 2658; x_wconf 87' lang='lat' dir='ltr'><strong><em>ara-</em></strong></span> 
     </span>
    </p>
   </div>
   <div class='ocr_carea' id='block_1_88' title="bbox 2107 2694 3681 2765">
    <p class='ocr_par' dir='ltr' id='par_1_88' title="bbox 2107 2694 3681 2765">
     <span class='ocr_line' id='line_1_88' title="bbox 2107 2694 3681 2765; baseline 0.001 -14"><span class='ocrx_word' id='word_1_612' title='bbox 2107 2695 2235 2751; x_wconf 88' lang='lat' dir='ltr'><strong><em>bant</em></strong></span> <span class='ocrx_word' id='word_1_613' title='bbox 2255 2704 2308 2750; x_wconf 93' lang='lat' dir='ltr'><strong><em>et</em></strong></span> <span class='ocrx_word' id='word_1_614' title='bbox 2332 2704 2521 2750; x_wconf 85' lang='lat' dir='ltr'><strong><em>caetera</em></strong></span> <span class='ocrx_word' id='word_1_615' title='bbox 2549 2696 2763 2751; x_wconf 61' lang='lat' dir='ltr'><strong><em>rusticas</em></strong></span> <span class='ocrx_word' id='word_1_616' title='bbox 2790 2696 2911 2751; x_wconf 77' lang='lat' dir='ltr'><strong><em>vita:</em></strong></span> <span class='ocrx_word' id='word_1_617' title='bbox 2938 2696 3116 2749; x_wconf 88' lang='lat' dir='ltr'><strong><em>munia</em></strong></span> <span class='ocrx_word' id='word_1_618' title='bbox 3145 2694 3489 2765; x_wconf 64' lang='lat' dir='ltr'><strong><em>praestabant,</em></strong></span> <span class='ocrx_word' id='word_1_619' title='bbox 3521 2705 3681 2764; x_wconf 85' lang='lat' dir='ltr'><strong><em>atque</em></strong></span> 
     </span>
    </p>
   </div>
   <div class='ocr_carea' id='block_1_89' title="bbox 2109 2785 3677 2857">
    <p class='ocr_par' dir='ltr' id='par_1_89' title="bbox 2109 2785 3677 2857">
     <span class='ocr_line' id='line_1_89' title="bbox 2109 2785 3677 2857; baseline -0.001 -16"><span class='ocrx_word' id='word_1_620' title='bbox 2109 2786 2469 2857; x_wconf 86' lang='lat' dir='ltr'><strong><em>apostolorum</em></strong></span> <span class='ocrx_word' id='word_1_621' title='bbox 2498 2801 2646 2842; x_wconf 89' lang='lat' dir='ltr'><strong><em>more</em></strong></span> <span class='ocrx_word' id='word_1_622' title='bbox 2675 2786 2870 2841; x_wconf 90' lang='lat' dir='ltr'><strong><em>victum</em></strong></span> <span class='ocrx_word' id='word_1_623' title='bbox 2894 2786 2994 2841; x_wconf 86' lang='lat' dir='ltr'><strong><em>sibi</em></strong></span> <span class='ocrx_word' id='word_1_624' title='bbox 3020 2785 3360 2856; x_wconf 81' lang='lat' dir='ltr'><strong><em>parabantex</em></strong></span> <span class='ocrx_word' id='word_1_625' title='bbox 3371 2785 3677 2856; x_wconf 87' lang='lat' dir='ltr'><strong><em>quotidiauo</em></strong></span> 
     </span>
    </p>
   </div>
   <div class='ocr_carea' id='block_1_90' title="bbox 2110 2877 2313 2933">
    <p class='ocr_par' dir='ltr' id='par_1_90' title="bbox 2110 2877 2313 2933">
     <span class='ocr_line' id='line_1_90' title="bbox 2110 2877 2313 2933; baseline -0.01 0"><span class='ocrx_word' id='word_1_626' title='bbox 2110 2877 2313 2933; x_wconf 88' lang='lat' dir='ltr'><strong><em>labore.</em></strong></span> 
     </span>
    </p>
   </div>
   <div class='ocr_carea' id='block_1_91' title="bbox 2185 2967 3680 3040">
    <p class='ocr_par' dir='ltr' id='par_1_91' title="bbox 2185 2967 3680 3040">
     <span class='ocr_line' id='line_1_91' title="bbox 2185 2967 3680 3040; baseline -0.001 -16"><span class='ocrx_word' id='word_1_627' title='bbox 2185 2970 2425 3025; x_wconf 74' lang='lat' dir='ltr'><strong><em>Humilia:</em></strong></span> <span class='ocrx_word' id='word_1_628' title='bbox 2447 2970 2509 3024; x_wconf 89' lang='lat' dir='ltr'><strong><em>de</em></strong></span> <span class='ocrx_word' id='word_1_629' title='bbox 2528 2971 2694 3024; x_wconf 79' lang='lat' dir='ltr'><strong><em>Anna.</em></strong></span> <span class='ocrx_word' id='word_1_630' title='bbox 2710 2970 2969 3024; x_wconf 89' lang='lat' dir='ltr'><strong><em>—Paueis</em></strong></span> <span class='ocrx_word' id='word_1_631' title='bbox 2986 2969 3170 3024; x_wconf 89' lang='lat' dir='ltr'><strong><em>diebus</em></strong></span> <span class='ocrx_word' id='word_1_632' title='bbox 3192 2977 3311 3040; x_wconf 90' lang='lat' dir='ltr'><strong><em>post</em></strong></span> <span class='ocrx_word' id='word_1_633' title='bbox 3342 2968 3479 3023; x_wconf 87' lang='lat' dir='ltr'><strong><em>hanc</em></strong></span> <span class='ocrx_word' id='word_1_634' title='bbox 3504 2967 3680 3023; x_wconf 88' lang='lat' dir='ltr'><strong><em>homi-</em></strong></span> 
     </span>
    </p>
   </div>
   <div class='ocr_carea' id='block_1_92' title="bbox 2113 3059 3684 3131">
    <p class='ocr_par' dir='ltr' id='par_1_92' title="bbox 2113 3059 3684 3131">
     <span class='ocr_line' id='line_1_92' title="bbox 2113 3059 3684 3131; baseline -0.001 -16"><span class='ocrx_word' id='word_1_635' title='bbox 2113 3062 2235 3115; x_wconf 90' lang='lat' dir='ltr'><strong><em>liam</em></strong></span> <span class='ocrx_word' id='word_1_636' title='bbox 2261 3062 2476 3131; x_wconf 89' lang='lat' dir='ltr'><strong><em>elapsis,</em></strong></span> <span class='ocrx_word' id='word_1_637' title='bbox 2504 3061 2571 3115; x_wconf 91' lang='lat' dir='ltr'><strong><em>de</em></strong></span> <span class='ocrx_word' id='word_1_638' title='bbox 2597 3062 2748 3114; x_wconf 88' lang='lat' dir='ltr'><strong><em>Anna</em></strong></span> <span class='ocrx_word' id='word_1_639' title='bbox 2769 3070 2939 3114; x_wconf 88' lang='lat' dir='ltr'><strong><em>matre</em></strong></span> <span class='ocrx_word' id='word_1_640' title='bbox 2962 3060 3226 3115; x_wconf 86' lang='lat' dir='ltr'><strong><em>Samuelis</em></strong></span> <span class='ocrx_word' id='word_1_641' title='bbox 3251 3059 3553 3114; x_wconf 89' lang='lat' dir='ltr'><strong><em>eoneiouari</em></strong></span> <span class='ocrx_word' id='word_1_642' title='bbox 3574 3073 3684 3114; x_wconf 67' lang='lat' dir='ltr'><strong><em>cos-</em></strong></span> 
     </span>
    </p>
   </div>
   <div class='ocr_carea' id='block_1_93' title="bbox 2112 3134 3709 3222">
    <p class='ocr_par' dir='ltr' id='par_1_93' title="bbox 2112 3134 3709 3222">
     <span class='ocr_line' id='line_1_93' title="bbox 2112 3134 3709 3222; baseline -0.004 -17"><span class='ocrx_word' id='word_1_643' title='bbox 2112 3152 2187 3222; x_wconf 89' lang='lat' dir='ltr'><strong><em>pit</em></strong></span> <span class='ocrx_word' id='word_1_644' title='bbox 2215 3150 2301 3220; x_wconf 89' lang='lat' dir='ltr'><strong><em>(T.</em></strong></span> <span class='ocrx_word' id='word_1_645' title='bbox 2321 3152 2372 3206; x_wconf 72' lang='grc'>4.</span> <span class='ocrx_word' id='word_1_646' title='bbox 2413 3169 2460 3204; x_wconf 89' lang='lat' dir='ltr'><strong><em>c.</em></strong></span> <span class='ocrx_word' id='word_1_647' title='bbox 2485 3134 2639 3220; x_wconf 74' lang='grc'><strong><em>631).</em></strong></span> <span class='ocrx_word' id='word_1_648' title='bbox 2671 3150 2903 3205; x_wconf 89' lang='lat' dir='ltr'><strong><em>Primam</em></strong></span> <span class='ocrx_word' id='word_1_649' title='bbox 2930 3165 3058 3205; x_wconf 90' lang='lat' dir='ltr'><strong><em>vero</em></strong></span> <span class='ocrx_word' id='word_1_650' title='bbox 3086 3149 3357 3205; x_wconf 84' lang='lat' dir='ltr'><strong><em>homiliam</em></strong></span> <span class='ocrx_word' id='word_1_651' title='bbox 3384 3149 3586 3205; x_wconf 89' lang='lat' dir='ltr'><strong><em>orditur</em></strong></span> <span class='ocrx_word' id='word_1_652' title='bbox 3601 3151 3709 3204; x_wconf 69' lang='grc' dir='ltr'><strong><em>ὀί-.</em></strong></span> 
     </span>
    </p>
   </div>
   <div class='ocr_carea' id='block_1_94' title="bbox 2113 3239 3682 3311">
    <p class='ocr_par' dir='ltr' id='par_1_94' title="bbox 2113 3239 3682 3311">
     <span class='ocr_line' id='line_1_94' title="bbox 2113 3239 3682 3311; baseline -0.001 -16"><span class='ocrx_word' id='word_1_653' title='bbox 2113 3255 2258 3306; x_wconf 90' lang='lat' dir='ltr'><strong><em>cens,</em></strong></span> <span class='ocrx_word' id='word_1_654' title='bbox 2293 3240 2600 3295; x_wconf 86' lang='lat' dir='ltr'><strong><em>memoriam</em></strong></span> <span class='ocrx_word' id='word_1_655' title='bbox 2631 3240 3062 3311; x_wconf 78' lang='lat' dir='ltr'><strong><em>Quadragesimte</em></strong></span> <span class='ocrx_word' id='word_1_656' title='bbox 3091 3255 3211 3295; x_wconf 88' lang='lat' dir='ltr'><strong><em>cum</em></strong></span> <span class='ocrx_word' id='word_1_657' title='bbox 3237 3239 3429 3295; x_wconf 84' lang='lat' dir='ltr'><strong><em>affectu</em></strong></span> <span class='ocrx_word' id='word_1_658' title='bbox 3446 3248 3499 3296; x_wconf 90' lang='lat' dir='ltr'><strong><em>et</em></strong></span> <span class='ocrx_word' id='word_1_659' title='bbox 3520 3239 3682 3295; x_wconf 88' lang='lat' dir='ltr'><strong><em>futuri</em></strong></span> 
     </span>
    </p>
   </div>
   <div class='ocr_carea' id='block_1_95' title="bbox 2108 3330 3687 3402">
    <p class='ocr_par' dir='ltr' id='par_1_95' title="bbox 2108 3330 3687 3402">
     <span class='ocr_line' id='line_1_95' title="bbox 2108 3330 3687 3402; baseline 0 -17"><span class='ocrx_word' id='word_1_660' title='bbox 2108 3332 2296 3402; x_wconf 88' lang='lat' dir='ltr'><strong><em>jejunii</em></strong></span> <span class='ocrx_word' id='word_1_661' title='bbox 2316 3331 2584 3387; x_wconf 87' lang='lat' dir='ltr'><strong><em>desiderio</em></strong></span> <span class='ocrx_word' id='word_1_662' title='bbox 2609 3346 2822 3401; x_wconf 87' lang='lat' dir='ltr'><strong><em>semper</em></strong></span> <span class='ocrx_word' id='word_1_663' title='bbox 2836 3347 2957 3388; x_wconf 88' lang='lat' dir='ltr'><strong><em>esse</em></strong></span> <span class='ocrx_word' id='word_1_664' title='bbox 2985 3330 3319 3386; x_wconf 84' lang='lat' dir='ltr'><strong><em>servandam.</em></strong></span> <span class='ocrx_word' id='word_1_665' title='bbox 3342 3331 3477 3385; x_wconf 85' lang='lat' dir='ltr'><strong><em>llinc</em></strong></span> <span class='ocrx_word' id='word_1_666' title='bbox 3491 3342 3687 3401; x_wconf 79' lang='lat' dir='ltr'><strong><em>quanta</em></strong></span> 
     </span>
    </p>
   </div>
   <div class='ocr_carea' id='block_1_96' title="bbox 2114 3422 3684 3493">
    <p class='ocr_par' dir='ltr' id='par_1_96' title="bbox 2114 3422 3684 3493">
     <span class='ocr_line' id='line_1_96' title="bbox 2114 3422 3684 3493; baseline -0.001 -16"><span class='ocrx_word' id='word_1_667' title='bbox 2114 3424 2253 3479; x_wconf 88' lang='lat' dir='ltr'><strong><em>bona</em></strong></span> <span class='ocrx_word' id='word_1_668' title='bbox 2280 3439 2346 3479; x_wconf 86' lang='lat' dir='ltr'><strong><em>ex</em></strong></span> <span class='ocrx_word' id='word_1_669' title='bbox 2367 3423 2572 3493; x_wconf 85' lang='lat' dir='ltr'><strong><em>jejunio</em></strong></span> <span class='ocrx_word' id='word_1_670' title='bbox 2598 3423 2838 3478; x_wconf 90' lang='lat' dir='ltr'><strong><em>oriantur</em></strong></span> <span class='ocrx_word' id='word_1_671' title='bbox 2855 3433 3088 3479; x_wconf 88' lang='lat' dir='ltr'><strong><em>enarrat.</em></strong></span> <span class='ocrx_word' id='word_1_672' title='bbox 3117 3422 3192 3477; x_wconf 90' lang='lat' dir='ltr'><strong><em>lta</em></strong></span> <span class='ocrx_word' id='word_1_673' title='bbox 3221 3438 3382 3491; x_wconf 92' lang='lat' dir='ltr'><strong><em>porro</em></strong></span> <span class='ocrx_word' id='word_1_674' title='bbox 3398 3422 3684 3492; x_wconf 89' lang='lat' dir='ltr'><strong><em>dejejunio</em></strong></span> 
     </span>
    </p>
   </div>
   <div class='ocr_carea' id='block_1_97' title="bbox 2115 3513 3679 3584">
    <p class='ocr_par' dir='ltr' id='par_1_97' title="bbox 2115 3513 3679 3584">
     <span class='ocr_line' id='line_1_97' title="bbox 2115 3513 3679 3584; baseline 0 -16"><span class='ocrx_word' id='word_1_675' title='bbox 2115 3514 2541 3584; x_wconf 72' lang='lat' dir='ltr'><strong><em>Quadragesimre</em></strong></span> <span class='ocrx_word' id='word_1_676' title='bbox 2571 3515 2822 3584; x_wconf 89' lang='lat' dir='ltr'><strong><em>loquitur,</em></strong></span> <span class='ocrx_word' id='word_1_677' title='bbox 2857 3524 2914 3568; x_wconf 92' lang='lat' dir='ltr'><strong><em>ut</em></strong></span> <span class='ocrx_word' id='word_1_678' title='bbox 2940 3514 3186 3570; x_wconf 89' lang='lat' dir='ltr'><strong><em>crederes</em></strong></span> <span class='ocrx_word' id='word_1_679' title='bbox 3226 3515 3404 3569; x_wconf 85' lang='lat' dir='ltr'><strong><em>statim</em></strong></span> <span class='ocrx_word' id='word_1_680' title='bbox 3442 3513 3568 3568; x_wconf 92' lang='lat' dir='ltr'><strong><em>illud</em></strong></span> <span class='ocrx_word' id='word_1_681' title='bbox 3595 3514 3679 3568; x_wconf 87' lang='lat' dir='ltr'><strong><em>vel</em></strong></span> 
     </span>
    </p>
   </div>
   <div class='ocr_carea' id='block_1_98' title="bbox 2118 3602 3687 3674">
    <p class='ocr_par' dir='ltr' id='par_1_98' title="bbox 2118 3602 3687 3674">
     <span class='ocr_line' id='line_1_98' title="bbox 2118 3602 3687 3674; baseline 0 -16"><span class='ocrx_word' id='word_1_682' title='bbox 2118 3605 2368 3659; x_wconf 87' lang='lat' dir='ltr'><strong><em>hesterno</em></strong></span> <span class='ocrx_word' id='word_1_683' title='bbox 2414 3604 2500 3658; x_wconf 88' lang='lat' dir='ltr'><strong><em>vel</em></strong></span> <span class='ocrx_word' id='word_1_684' title='bbox 2528 3604 2782 3674; x_wconf 77' lang='lat' dir='ltr'><strong><em>proximis</em></strong></span> <span class='ocrx_word' id='word_1_685' title='bbox 2818 3603 3005 3659; x_wconf 88' lang='lat' dir='ltr'><strong><em>diebus</em></strong></span> <span class='ocrx_word' id='word_1_686' title='bbox 3044 3603 3285 3659; x_wconf 88' lang='lat' dir='ltr'><strong><em>desiisse.</em></strong></span> <span class='ocrx_word' id='word_1_687' title='bbox 3322 3602 3426 3659; x_wconf 90' lang='lat' dir='ltr'><strong><em>Sed</em></strong></span> <span class='ocrx_word' id='word_1_688' title='bbox 3479 3610 3687 3672; x_wconf 76' lang='lat' dir='ltr'><strong><em>postca,</em></strong></span> 
     </span>
    </p>
   </div>
   <div class='ocr_carea' id='block_1_99' title="bbox 2116 3690 3691 3766">
    <p class='ocr_par' dir='ltr' id='par_1_99' title="bbox 2116 3690 3691 3766">
     <span class='ocr_line' id='line_1_99' title="bbox 2116 3690 3691 3766; baseline -0.001 -14"><span class='ocrx_word' id='word_1_689' title='bbox 2116 3690 2237 3752; x_wconf 82' lang='lat' dir='ltr'><strong><em>cum</em></strong></span> <span class='ocrx_word' id='word_1_690' title='bbox 2282 3697 2517 3766; x_wconf 88' lang='lat' dir='ltr'><strong><em>loquitur</em></strong></span> <span class='ocrx_word' id='word_1_691' title='bbox 2541 3696 2607 3751; x_wconf 88' lang='lat' dir='ltr'><strong><em>de</em></strong></span> <span class='ocrx_word' id='word_1_692' title='bbox 2647 3696 2711 3751; x_wconf 89' lang='lat' dir='ltr'><strong><em>iis</em></strong></span> <span class='ocrx_word' id='word_1_693' title='bbox 2740 3712 2859 3766; x_wconf 75' lang='lat' dir='ltr'><strong><em>qua:</em></strong></span> <span class='ocrx_word' id='word_1_694' title='bbox 2902 3704 3022 3766; x_wconf 91' lang='lat' dir='ltr'><strong><em>post</em></strong></span> <span class='ocrx_word' id='word_1_695' title='bbox 3068 3695 3537 3766; x_wconf 85' lang='lat' dir='ltr'><strong><em>Quadragesimam</em></strong></span> <span class='ocrx_word' id='word_1_696' title='bbox 3567 3710 3691 3750; x_wconf 88' lang='lat' dir='ltr'><strong><em>eve-</em></strong></span> 
     </span>
    </p>
   </div>
   <div class='ocr_carea' id='block_1_100' title="bbox 2118 3786 3691 3857">
    <p class='ocr_par' dir='ltr' id='par_1_100' title="bbox 2118 3786 3691 3857">
     <span class='ocr_line' id='line_1_100' title="bbox 2118 3786 3691 3857; baseline -0.002 -15"><span class='ocrx_word' id='word_1_697' title='bbox 2118 3795 2328 3850; x_wconf 89' lang='lat' dir='ltr'><strong><em>nerant,</em></strong></span> <span class='ocrx_word' id='word_1_698' title='bbox 2374 3786 2527 3843; x_wconf 87' lang='lat' dir='ltr'><strong><em>facile</em></strong></span> <span class='ocrx_word' id='word_1_699' title='bbox 2568 3786 2865 3842; x_wconf 89' lang='lat' dir='ltr'><strong><em>advertitur</em></strong></span> <span class='ocrx_word' id='word_1_700' title='bbox 2902 3803 3007 3840; x_wconf 90' lang='lat' dir='ltr'><strong><em>non</em></strong></span> <span class='ocrx_word' id='word_1_701' title='bbox 3036 3802 3222 3857; x_wconf 87' lang='lat' dir='ltr'><strong><em>parum</em></strong></span> <span class='ocrx_word' id='word_1_702' title='bbox 3251 3786 3408 3855; x_wconf 87' lang='lat' dir='ltr'><strong><em>spatii</em></strong></span> <span class='ocrx_word' id='word_1_703' title='bbox 3435 3786 3691 3840; x_wconf 90' lang='lat' dir='ltr'><strong><em>interces-</em></strong></span> 
     </span>
    </p>
   </div>
   <div class='ocr_carea' id='block_1_101' title="bbox 2116 3876 3689 3948">
    <p class='ocr_par' dir='ltr' id='par_1_101' title="bbox 2116 3876 3689 3948">
     <span class='ocr_line' id='line_1_101' title="bbox 2116 3876 3689 3948; baseline -0.002 -15"><span class='ocrx_word' id='word_1_704' title='bbox 2116 3879 2272 3944; x_wconf 90' lang='lat' dir='ltr'><strong><em>sisse,</em></strong></span> <span class='ocrx_word' id='word_1_705' title='bbox 2288 3885 2345 3933; x_wconf 88' lang='lat' dir='ltr'><strong><em>et</em></strong></span> <span class='ocrx_word' id='word_1_706' title='bbox 2372 3877 2597 3947; x_wconf 88' lang='lat' dir='ltr'><strong><em>plurima</em></strong></span> <span class='ocrx_word' id='word_1_707' title='bbox 2623 3886 2836 3948; x_wconf 88' lang='lat' dir='ltr'><strong><em>peracta</em></strong></span> <span class='ocrx_word' id='word_1_708' title='bbox 2862 3876 3028 3933; x_wconf 90' lang='lat' dir='ltr'><strong><em>fuisse</em></strong></span> <span class='ocrx_word' id='word_1_709' title='bbox 3058 3895 3071 3930; x_wconf 91' lang='lat'><strong>:</strong></span> <span class='ocrx_word' id='word_1_710' title='bbox 3104 3890 3297 3945; x_wconf 88' lang='lat' dir='ltr'><strong><em>nempe</em></strong></span> <span class='ocrx_word' id='word_1_711' title='bbox 3324 3876 3689 3947; x_wconf 85' lang='lat' dir='ltr'><strong><em>disputationes</em></strong></span> 
     </span>
    </p>
   </div>
   <div class='ocr_carea' id='block_1_102' title="bbox 2118 3966 3684 4039">
    <p class='ocr_par' dir='ltr' id='par_1_102' title="bbox 2118 3966 3684 4039">
     <span class='ocr_line' id='line_1_102' title="bbox 2118 3966 3684 4039; baseline -0.003 -16"><span class='ocrx_word' id='word_1_712' title='bbox 2118 3983 2213 4023; x_wconf 89' lang='lat' dir='ltr'><strong><em>seu</em></strong></span> <span class='ocrx_word' id='word_1_713' title='bbox 2243 3968 2506 4038; x_wconf 85' lang='lat' dir='ltr'><strong><em>colloquia</em></strong></span> <span class='ocrx_word' id='word_1_714' title='bbox 2534 3983 2654 4023; x_wconf 91' lang='lat' dir='ltr'><strong><em>cum</em></strong></span> <span class='ocrx_word' id='word_1_715' title='bbox 2677 3968 2979 4039; x_wconf 85' lang='lat' dir='ltr'><strong><em>gentilibus,</em></strong></span> <span class='ocrx_word' id='word_1_716' title='bbox 3008 3983 3127 4038; x_wconf 72' lang='lat' dir='ltr'><strong><em>qua:</em></strong></span> <span class='ocrx_word' id='word_1_717' title='bbox 3154 3966 3565 4039; x_wconf 84' lang='lat' dir='ltr'><strong><em>Chrysostomus</em></strong></span> <span class='ocrx_word' id='word_1_718' title='bbox 3589 3967 3684 4020; x_wconf 86' lang='lat' dir='ltr'><strong><em>ha-</em></strong></span> 
     </span>
    </p>
   </div>
   <div class='ocr_carea' id='block_1_103' title="bbox 2118 4057 3688 4131">
    <p class='ocr_par' dir='ltr' id='par_1_103' title="bbox 2118 4057 3688 4131">
     <span class='ocr_line' id='line_1_103' title="bbox 2118 4057 3688 4131; baseline -0.003 -14"><span class='ocrx_word' id='word_1_719' title='bbox 2118 4062 2232 4117; x_wconf 88' lang='lat' dir='ltr'><strong><em>buit</em></strong></span> <span class='ocrx_word' id='word_1_720' title='bbox 2253 4101 2270 4128; x_wconf 95' lang='lat'><strong><em>,</em></strong></span> <span class='ocrx_word' id='word_1_721' title='bbox 2292 4071 2351 4116; x_wconf 92' lang='lat' dir='ltr'><strong><em>ut</em></strong></span> <span class='ocrx_word' id='word_1_722' title='bbox 2379 4061 2497 4115; x_wconf 90' lang='lat' dir='ltr'><strong><em>illos</em></strong></span> <span class='ocrx_word' id='word_1_723' title='bbox 2522 4061 2836 4116; x_wconf 89' lang='lat' dir='ltr'><strong><em>calamitatis</em></strong></span> <span class='ocrx_word' id='word_1_724' title='bbox 2866 4070 3104 4131; x_wconf 89' lang='lat' dir='ltr'><strong><em>tempore</em></strong></span> <span class='ocrx_word' id='word_1_725' title='bbox 3122 4058 3188 4115; x_wconf 89' lang='lat' dir='ltr'><strong><em>ad</em></strong></span> <span class='ocrx_word' id='word_1_726' title='bbox 3215 4057 3568 4113; x_wconf 88' lang='lat' dir='ltr'><strong><em>Christianam</em></strong></span> <span class='ocrx_word' id='word_1_727' title='bbox 3592 4074 3688 4113; x_wconf 90' lang='lat' dir='ltr'><strong><em>re-</em></strong></span> 
     </span>
    </p>
   </div>
   <div class='ocr_carea' id='block_1_104' title="bbox 2118 4147 3693 4223">
    <p class='ocr_par' dir='ltr' id='par_1_104' title="bbox 2118 4147 3693 4223">
     <span class='ocr_line' id='line_1_104' title="bbox 2118 4147 3693 4223; baseline -0.002 -16"><span class='ocrx_word' id='word_1_728' title='bbox 2118 4153 2366 4223; x_wconf 86' lang='lat' dir='ltr'><strong><em>ligionem</em></strong></span> <span class='ocrx_word' id='word_1_729' title='bbox 2389 4166 2694 4219; x_wconf 87' lang='lat' dir='ltr'><strong><em>conversos,</em></strong></span> <span class='ocrx_word' id='word_1_730' title='bbox 2725 4152 2779 4206; x_wconf 91' lang='lat' dir='ltr'><strong><em>in</em></strong></span> <span class='ocrx_word' id='word_1_731' title='bbox 2810 4151 2917 4207; x_wconf 87' lang='lat' dir='ltr'><strong><em>ﬁde</em></strong></span> <span class='ocrx_word' id='word_1_732' title='bbox 2944 4151 3285 4207; x_wconf 86' lang='lat' dir='ltr'><strong><em>conﬁrmaret</em></strong></span> <span class='ocrx_word' id='word_1_733' title='bbox 3309 4168 3322 4206; x_wconf 91' lang='lat'><strong>:</strong></span> <span class='ocrx_word' id='word_1_734' title='bbox 3342 4149 3533 4205; x_wconf 88' lang='lat' dir='ltr'><strong><em>deinde</em></strong></span> <span class='ocrx_word' id='word_1_735' title='bbox 3556 4147 3693 4204; x_wconf 83' lang='lat' dir='ltr'><strong><em>festa</em></strong></span> 
     </span>
    </p>
   </div>
   <div class='ocr_carea' id='block_1_105' title="bbox 2120 4240 3690 4314">
    <p class='ocr_par' dir='ltr' id='par_1_105' title="bbox 2120 4240 3690 4314">
     <span class='ocr_line' id='line_1_105' title="bbox 2120 4240 3690 4314; baseline -0.003 -15"><span class='ocrx_word' id='word_1_736' title='bbox 2120 4253 2553 4314; x_wconf 83' lang='lat' dir='ltr'><strong><em>martyrumquae</em></strong></span> <span class='ocrx_word' id='word_1_737' title='bbox 2583 4243 2761 4297; x_wconf 90' lang='lat' dir='ltr'><strong><em>multis</em></strong></span> <span class='ocrx_word' id='word_1_738' title='bbox 2780 4242 2968 4297; x_wconf 90' lang='lat' dir='ltr'><strong><em>diebus</em></strong></span> <span class='ocrx_word' id='word_1_739' title='bbox 2992 4241 3045 4295; x_wconf 92' lang='lat' dir='ltr'><strong><em>in</em></strong></span> <span class='ocrx_word' id='word_1_740' title='bbox 3072 4240 3401 4296; x_wconf 89' lang='lat' dir='ltr'><strong><em>Antiochena</em></strong></span> <span class='ocrx_word' id='word_1_741' title='bbox 3432 4240 3564 4295; x_wconf 89' lang='lat' dir='ltr'><strong><em>urbe</em></strong></span> <span class='ocrx_word' id='word_1_742' title='bbox 3592 4254 3690 4294; x_wconf 87' lang='lat' dir='ltr'><strong><em>ce-</em></strong></span> 
     </span>
    </p>
   </div>
   <div class='ocr_carea' id='block_1_106' title="bbox 2120 4333 3696 4406">
    <p class='ocr_par' dir='ltr' id='par_1_106' title="bbox 2120 4333 3696 4406">
     <span class='ocr_line' id='line_1_106' title="bbox 2120 4333 3696 4406; baseline -0.001 -15"><span class='ocrx_word' id='word_1_743' title='bbox 2120 4335 2322 4392; x_wconf 89' lang='lat' dir='ltr'><strong><em>lebrata</em></strong></span> <span class='ocrx_word' id='word_1_744' title='bbox 2366 4335 2577 4391; x_wconf 89' lang='lat' dir='ltr'><strong><em>fuerunt</em></strong></span> <span class='ocrx_word' id='word_1_745' title='bbox 2605 4352 2619 4389; x_wconf 88' lang='lat'><strong>:</strong></span> <span class='ocrx_word' id='word_1_746' title='bbox 2659 4335 2980 4406; x_wconf 78' lang='lat' dir='ltr'><strong><em>domumque</em></strong></span> <span class='ocrx_word' id='word_1_747' title='bbox 3008 4334 3327 4390; x_wconf 85' lang='lat' dir='ltr'><strong><em>rusticorum</em></strong></span> <span class='ocrx_word' id='word_1_748' title='bbox 3354 4333 3612 4388; x_wconf 88' lang='lat' dir='ltr'><strong><em>adventus</em></strong></span> <span class='ocrx_word' id='word_1_749' title='bbox 3640 4342 3696 4389; x_wconf 86' lang='lat' dir='ltr'><strong><em>et</em></strong></span> 
     </span>
    </p>
   </div>
   <div class='ocr_carea' id='block_1_107' title="bbox 2121 4427 3577 4494">
    <p class='ocr_par' dir='ltr' id='par_1_107' title="bbox 2121 4427 3577 4494">
     <span class='ocr_line' id='line_1_107' title="bbox 2121 4427 3577 4494; baseline -0.005 -9"><span class='ocrx_word' id='word_1_750' title='bbox 2121 4428 2418 4485; x_wconf 89' lang='lat' dir='ltr'><strong><em>cohortatio</em></strong></span> <span class='ocrx_word' id='word_1_751' title='bbox 2437 4428 2541 4482; x_wconf 90' lang='lat' dir='ltr'><strong><em>illis</em></strong></span> <span class='ocrx_word' id='word_1_752' title='bbox 2568 4427 2704 4483; x_wconf 85' lang='lat' dir='ltr'><strong><em>facta</em></strong></span> <span class='ocrx_word' id='word_1_753' title='bbox 2733 4428 2784 4483; x_wconf 91' lang='lat' dir='ltr'><strong><em>in</em></strong></span> <span class='ocrx_word' id='word_1_754' title='bbox 2812 4427 3083 4483; x_wconf 89' lang='lat' dir='ltr'><strong><em>Dominica</em></strong></span> <span class='ocrx_word' id='word_1_755' title='bbox 3109 4443 3191 4489; x_wconf 78' lang='grc' dir='ltr'><strong><em>τῆς</em></strong></span> <span class='ocrx_word' id='word_1_756' title='bbox 3218 4431 3577 4494; x_wconf 75' lang='grc' dir='ltr'><strong><em>ἕπισωζομένης.</em></strong></span> 
     </span>
    </p>
   </div>
   <div class='ocr_carea' id='block_1_108' title="bbox 2195 4515 3697 4589">
    <p class='ocr_par' dir='ltr' id='par_1_108' title="bbox 2195 4515 3697 4589">
     <span class='ocr_line' id='line_1_108' title="bbox 2195 4515 3697 4589; baseline -0.005 -14"><span class='ocrx_word' id='word_1_757' title='bbox 2195 4520 2397 4575; x_wconf 88' lang='lat' dir='ltr'><strong><em>Deinde</em></strong></span> <span class='ocrx_word' id='word_1_758' title='bbox 2440 4534 2612 4589; x_wconf 87' lang='lat' dir='ltr'><strong><em>neque</em></strong></span> <span class='ocrx_word' id='word_1_759' title='bbox 2643 4528 2746 4573; x_wconf 91' lang='lat' dir='ltr'><strong><em>tam</em></strong></span> <span class='ocrx_word' id='word_1_760' title='bbox 2776 4519 2925 4575; x_wconf 88' lang='lat' dir='ltr'><strong><em>brevi</em></strong></span> <span class='ocrx_word' id='word_1_761' title='bbox 2950 4517 3266 4587; x_wconf 86' lang='lat' dir='ltr'><strong><em>compendio</em></strong></span> <span class='ocrx_word' id='word_1_762' title='bbox 3294 4517 3458 4572; x_wconf 85' lang='lat' dir='ltr'><strong><em>refert</em></strong></span> <span class='ocrx_word' id='word_1_763' title='bbox 3483 4515 3697 4571; x_wconf 85' lang='lat' dir='ltr'><strong><em>concio-</em></strong></span> 
     </span>
    </p>
   </div>
   <div class='ocr_carea' id='block_1_109' title="bbox 2124 4610 3695 4684">
    <p class='ocr_par' dir='ltr' id='par_1_109' title="bbox 2124 4610 3695 4684">
     <span class='ocr_line' id='line_1_109' title="bbox 2124 4610 3695 4684; baseline -0.003 -15"><span class='ocrx_word' id='word_1_764' title='bbox 2124 4630 2244 4670; x_wconf 87' lang='lat' dir='ltr'><strong><em>nem</em></strong></span> <span class='ocrx_word' id='word_1_765' title='bbox 2264 4615 2427 4678; x_wconf 88' lang='lat' dir='ltr'><strong><em>illam,</em></strong></span> <span class='ocrx_word' id='word_1_766' title='bbox 2445 4629 2603 4684; x_wconf 90' lang='lat' dir='ltr'><strong><em>quam</em></strong></span> <span class='ocrx_word' id='word_1_767' title='bbox 2620 4628 2737 4668; x_wconf 91' lang='lat' dir='ltr'><strong><em>cum</em></strong></span> <span class='ocrx_word' id='word_1_768' title='bbox 2755 4614 2954 4669; x_wconf 68' lang='lat' dir='ltr'><strong><em>Gratcis</em></strong></span> <span class='ocrx_word' id='word_1_769' title='bbox 2967 4628 3060 4668; x_wconf 91' lang='lat' dir='ltr'><strong><em>seu</em></strong></span> <span class='ocrx_word' id='word_1_770' title='bbox 3076 4613 3322 4682; x_wconf 79' lang='lat' dir='ltr'><strong><em>gentibus</em></strong></span> <span class='ocrx_word' id='word_1_771' title='bbox 3338 4612 3439 4665; x_wconf 86' lang='lat' dir='ltr'><strong><em>illis</em></strong></span> <span class='ocrx_word' id='word_1_772' title='bbox 3454 4610 3520 4665; x_wconf 87' lang='lat' dir='ltr'><strong><em>ad</em></strong></span> <span class='ocrx_word' id='word_1_773' title='bbox 3539 4610 3695 4664; x_wconf 90' lang='lat' dir='ltr'><strong><em>ﬁdem</em></strong></span> 
     </span>
    </p>
   </div>
   <div class='ocr_carea' id='block_1_110' title="bbox 2124 4700 3697 4761">
    <p class='ocr_par' dir='ltr' id='par_1_110' title="bbox 2124 4700 3697 4761">
     <span class='ocr_line' id='line_1_110' title="bbox 2124 4700 3697 4761; baseline -0.003 -2"><span class='ocrx_word' id='word_1_774' title='bbox 2124 4707 2395 4761; x_wconf 87' lang='lat' dir='ltr'><strong><em>conversis</em></strong></span> <span class='ocrx_word' id='word_1_775' title='bbox 2423 4704 2695 4759; x_wconf 79' lang='lat' dir='ltr'><strong><em>habuerat.</em></strong></span> <span class='ocrx_word' id='word_1_776' title='bbox 2727 4703 2783 4758; x_wconf 85' lang='lat' dir='ltr'><strong><em>In</em></strong></span> <span class='ocrx_word' id='word_1_777' title='bbox 2825 4719 2886 4760; x_wconf 89' lang='lat' dir='ltr'><strong><em>ea</em></strong></span> <span class='ocrx_word' id='word_1_778' title='bbox 2908 4703 3177 4758; x_wconf 79' lang='lat' dir='ltr'><strong><em>concionis</em></strong></span> <span class='ocrx_word' id='word_1_779' title='bbox 3206 4701 3400 4757; x_wconf 82' lang='lat' dir='ltr'><strong><em>habitae</em></strong></span> <span class='ocrx_word' id='word_1_780' title='bbox 3424 4703 3559 4756; x_wconf 87' lang='lat' dir='ltr'><strong><em>serie</em></strong></span> <span class='ocrx_word' id='word_1_781' title='bbox 3583 4700 3697 4754; x_wconf 73' lang='lat' dir='ltr'><strong><em>inec</em></strong></span> 
     </span>
    </p>
   </div>
   <div class='ocr_carea' id='block_1_111' title="bbox 2127 4792 3698 4865">
    <p class='ocr_par' dir='ltr' id='par_1_111' title="bbox 2127 4792 3698 4865">
     <span class='ocr_line' id='line_1_111' title="bbox 2127 4792 3698 4865; baseline -0.004 -15"><span class='ocrx_word' id='word_1_782' title='bbox 2127 4795 2332 4860; x_wconf 75' lang='lat' dir='ltr'><strong><em>effatur,</em></strong></span> <span class='ocrx_word' id='word_1_783' title='bbox 2362 4809 2500 4865; x_wconf 64' lang='lat' dir='ltr'><strong><em>quae,</em></strong></span> <span class='ocrx_word' id='word_1_784' title='bbox 2527 4795 2572 4849; x_wconf 91' lang='lat' dir='ltr'><strong><em>si</em></strong></span> <span class='ocrx_word' id='word_1_785' title='bbox 2601 4809 2707 4848; x_wconf 89' lang='lat' dir='ltr'><strong><em>non</em></strong></span> <span class='ocrx_word' id='word_1_786' title='bbox 2735 4808 2966 4863; x_wconf 90' lang='lat' dir='ltr'><strong><em>semper,</em></strong></span> <span class='ocrx_word' id='word_1_787' title='bbox 2997 4793 3310 4863; x_wconf 88' lang='lat' dir='ltr'><strong><em>plerumque</em></strong></span> <span class='ocrx_word' id='word_1_788' title='bbox 3344 4792 3527 4846; x_wconf 85' lang='lat' dir='ltr'><strong><em>saltem</em></strong></span> <span class='ocrx_word' id='word_1_789' title='bbox 3571 4804 3698 4844; x_wconf 84' lang='lat' dir='ltr'><strong><em>vera</em></strong></span> 
     </span>
    </p>
   </div>
   <div class='ocr_carea' id='block_1_112' title="bbox 2129 4883 3703 4957">
    <p class='ocr_par' dir='ltr' id='par_1_112' title="bbox 2129 4883 3703 4957">
     <span class='ocr_line' id='line_1_112' title="bbox 2129 4883 3703 4957; baseline -0.005 -13"><span class='ocrx_word' id='word_1_790' title='bbox 2129 4903 2250 4944; x_wconf 84' lang='lat' dir='ltr'><strong><em>esse</em></strong></span> <span class='ocrx_word' id='word_1_791' title='bbox 2278 4887 2633 4957; x_wconf 89' lang='lat' dir='ltr'><strong><em>comperimus</em></strong></span> <span class='ocrx_word' id='word_1_792' title='bbox 2658 4926 2674 4954; x_wconf 91' lang='lat'><strong><em>,</em></strong></span> <span class='ocrx_word' id='word_1_793' title='bbox 2706 4887 2848 4957; x_wconf 91' lang='lat' dir='ltr'><strong><em>quod</em></strong></span> <span class='ocrx_word' id='word_1_794' title='bbox 2880 4901 3071 4955; x_wconf 88' lang='lat' dir='ltr'><strong><em>nempe</em></strong></span> <span class='ocrx_word' id='word_1_795' title='bbox 3106 4885 3258 4941; x_wconf 88' lang='lat' dir='ltr'><strong><em>liberi</em></strong></span> <span class='ocrx_word' id='word_1_796' title='bbox 3289 4885 3495 4939; x_wconf 89' lang='lat' dir='ltr'><strong><em>arbitrii</em></strong></span> <span class='ocrx_word' id='word_1_797' title='bbox 3532 4883 3703 4953; x_wconf 87' lang='lat' dir='ltr'><strong><em>major</em></strong></span> 
     </span>
    </p>
   </div>
   <div class='ocr_carea' id='block_1_113' title="bbox 2128 4973 3703 5049">
    <p class='ocr_par' dir='ltr' id='par_1_113' title="bbox 2128 4973 3703 5049">
     <span class='ocr_line' id='line_1_113' title="bbox 2128 4973 3703 5049; baseline -0.005 -14"><span class='ocrx_word' id='word_1_798' title='bbox 2128 4981 2210 5035; x_wconf 88' lang='lat' dir='ltr'><strong><em>vis</em></strong></span> <span class='ocrx_word' id='word_1_799' title='bbox 2233 4980 2322 5043; x_wconf 90' lang='lat' dir='ltr'><strong><em>sit,</em></strong></span> <span class='ocrx_word' id='word_1_800' title='bbox 2349 4993 2509 5049; x_wconf 88' lang='lat' dir='ltr'><strong><em>quam</em></strong></span> <span class='ocrx_word' id='word_1_801' title='bbox 2533 4986 2757 5033; x_wconf 57' lang='lat' dir='ltr'><strong><em>naturas.</em></strong></span> <span class='ocrx_word' id='word_1_802' title='bbox 2785 4977 3010 5033; x_wconf 85' lang='lat' dir='ltr'><strong><em>Demutn</em></strong></span> <span class='ocrx_word' id='word_1_803' title='bbox 3036 4976 3111 5030; x_wconf 90' lang='lat' dir='ltr'><strong><em>ait</em></strong></span> <span class='ocrx_word' id='word_1_804' title='bbox 3140 4976 3447 5031; x_wconf 89' lang='lat' dir='ltr'><strong><em>mulieribus</em></strong></span> <span class='ocrx_word' id='word_1_805' title='bbox 3471 4973 3703 5027; x_wconf 79' lang='lat' dir='ltr'><strong><em>maxime</em></strong></span> 
     </span>
    </p>
   </div>
   <div class='ocr_carea' id='block_1_114' title="bbox 2130 5064 3701 5138">
    <p class='ocr_par' dir='ltr' id='par_1_114' title="bbox 2130 5064 3701 5138">
     <span class='ocr_line' id='line_1_114' title="bbox 2130 5064 3701 5138; baseline -0.007 -12"><span class='ocrx_word' id='word_1_806' title='bbox 2130 5078 2434 5138; x_wconf 87' lang='lat' dir='ltr'><strong><em>competere</em></strong></span> <span class='ocrx_word' id='word_1_807' title='bbox 2443 5067 2807 5124; x_wconf 89' lang='lat' dir='ltr'><strong><em>educationem</em></strong></span> <span class='ocrx_word' id='word_1_808' title='bbox 2820 5066 3129 5134; x_wconf 88' lang='lat' dir='ltr'><strong><em>liberorum,</em></strong></span> <span class='ocrx_word' id='word_1_809' title='bbox 3144 5064 3303 5137; x_wconf 90' lang='lat' dir='ltr'><strong><em>idque</em></strong></span> <span class='ocrx_word' id='word_1_810' title='bbox 3317 5064 3501 5136; x_wconf 88' lang='lat' dir='ltr'><strong><em>probat</em></strong></span> <span class='ocrx_word' id='word_1_811' title='bbox 3511 5077 3701 5116; x_wconf 70' lang='lat' dir='ltr'><strong><em>exem~</em></strong></span> 
     </span>
    </p>
   </div>
   <div class='ocr_carea' id='block_1_115' title="bbox 2110 5152 3702 5231">
    <p class='ocr_par' dir='ltr' id='par_1_115' title="bbox 2110 5152 3702 5231">
     <span class='ocr_line' id='line_1_115' title="bbox 2110 5152 3702 5231; baseline -0.006 -15"><span class='ocrx_word' id='word_1_812' title='bbox 2110 5160 2221 5231; x_wconf 92' lang='lat' dir='ltr'><strong><em>’plo</em></strong></span> <span class='ocrx_word' id='word_1_813' title='bbox 2242 5161 2411 5215; x_wconf 84' lang='lat' dir='ltr'><strong><em>Annae</em></strong></span> <span class='ocrx_word' id='word_1_814' title='bbox 2436 5159 2623 5213; x_wconf 89' lang='lat' dir='ltr'><strong><em>matris</em></strong></span> <span class='ocrx_word' id='word_1_815' title='bbox 2640 5157 2924 5225; x_wconf 88' lang='lat' dir='ltr'><strong><em>Samuelis,</em></strong></span> <span class='ocrx_word' id='word_1_816' title='bbox 2952 5158 3135 5229; x_wconf 89' lang='lat' dir='ltr'><strong><em>sicque</em></strong></span> <span class='ocrx_word' id='word_1_817' title='bbox 3158 5156 3371 5211; x_wconf 88' lang='lat' dir='ltr'><strong><em>demum</em></strong></span> <span class='ocrx_word' id='word_1_818' title='bbox 3396 5152 3464 5208; x_wconf 87' lang='lat' dir='ltr'><strong><em>ad</em></strong></span> <span class='ocrx_word' id='word_1_819' title='bbox 3482 5167 3702 5223; x_wconf 88' lang='lat' dir='ltr'><strong><em>scopum</em></strong></span> 
     </span>
    </p>
   </div>
   <div class='ocr_carea' id='block_1_116' title="bbox 2134 5246 3707 5320">
    <p class='ocr_par' dir='ltr' id='par_1_116' title="bbox 2134 5246 3707 5320">
     <span class='ocr_line' id='line_1_116' title="bbox 2134 5246 3707 5320; baseline -0.006 -12"><span class='ocrx_word' id='word_1_820' title='bbox 2134 5254 2281 5309; x_wconf 89' lang='lat' dir='ltr'><strong><em>venit</em></strong></span> <span class='ocrx_word' id='word_1_821' title='bbox 2303 5260 2359 5307; x_wconf 90' lang='lat' dir='ltr'><strong><em>et</em></strong></span> <span class='ocrx_word' id='word_1_822' title='bbox 2385 5250 2451 5307; x_wconf 90' lang='lat' dir='ltr'><strong><em>ad</em></strong></span> <span class='ocrx_word' id='word_1_823' title='bbox 2470 5251 2741 5307; x_wconf 89' lang='lat' dir='ltr'><strong><em>concionis</em></strong></span> <span class='ocrx_word' id='word_1_824' title='bbox 2759 5257 3151 5320; x_wconf 85' lang='lat' dir='ltr'><strong><em>argumentum.</em></strong></span> <span class='ocrx_word' id='word_1_825' title='bbox 3180 5248 3349 5303; x_wconf 84' lang='lat' dir='ltr'><strong><em>Annae</em></strong></span> <span class='ocrx_word' id='word_1_826' title='bbox 3375 5246 3624 5301; x_wconf 84' lang='lat' dir='ltr'><strong><em>virtutem</em></strong></span> <span class='ocrx_word' id='word_1_827' title='bbox 3650 5252 3707 5298; x_wconf 86' lang='lat' dir='ltr'><strong><em>et</em></strong></span> 
     </span>
    </p>
   </div>
   <div class='ocr_carea' id='block_1_117' title="bbox 2136 5340 3703 5415">
    <p class='ocr_par' dir='ltr' id='par_1_117' title="bbox 2136 5340 3703 5415">
     <span class='ocr_line' id='line_1_117' title="bbox 2136 5340 3703 5415; baseline -0.007 -15"><span class='ocrx_word' id='word_1_828' title='bbox 2136 5344 2321 5401; x_wconf 86' lang='lat' dir='ltr'><strong><em>laudes</em></strong></span> <span class='ocrx_word' id='word_1_829' title='bbox 2338 5343 2608 5415; x_wconf 82' lang='lat' dir='ltr'><strong><em>praedicat,</em></strong></span> <span class='ocrx_word' id='word_1_830' title='bbox 2631 5345 2822 5399; x_wconf 88' lang='lat' dir='ltr'><strong><em>seriem</em></strong></span> <span class='ocrx_word' id='word_1_831' title='bbox 2850 5358 2913 5397; x_wconf 81' lang='lat' dir='ltr'><strong><em>ex</em></strong></span> <span class='ocrx_word' id='word_1_832' title='bbox 2940 5356 3088 5397; x_wconf 89' lang='lat' dir='ltr'><strong><em>sacra</em></strong></span> <span class='ocrx_word' id='word_1_833' title='bbox 3115 5340 3387 5410; x_wconf 89' lang='lat' dir='ltr'><strong><em>Scriptura</em></strong></span> <span class='ocrx_word' id='word_1_834' title='bbox 3415 5348 3703 5393; x_wconf 89' lang='lat' dir='ltr'><strong><em>mutuatus.</em></strong></span> 
     </span>
    </p>
   </div>
   <div class='ocr_carea' id='block_1_118' title="bbox 2137 5429 3707 5505">
    <p class='ocr_par' dir='ltr' id='par_1_118' title="bbox 2137 5429 3707 5505">
     <span class='ocr_line' id='line_1_118' title="bbox 2137 5429 3707 5505; baseline -0.008 -14"><span class='ocrx_word' id='word_1_835' title='bbox 2137 5435 2285 5491; x_wconf 84' lang='lat' dir='ltr'><strong><em>Hanc</em></strong></span> <span class='ocrx_word' id='word_1_836' title='bbox 2307 5450 2467 5505; x_wconf 89' lang='lat' dir='ltr'><strong><em>porro</em></strong></span> <span class='ocrx_word' id='word_1_837' title='bbox 2494 5434 2803 5490; x_wconf 90' lang='lat' dir='ltr'><strong><em>concionem</em></strong></span> <span class='ocrx_word' id='word_1_838' title='bbox 2836 5430 3021 5487; x_wconf 87' lang='lat' dir='ltr'><strong><em>habuit</em></strong></span> <span class='ocrx_word' id='word_1_839' title='bbox 3054 5431 3133 5485; x_wconf 86' lang='lat' dir='ltr'><strong><em>vel</em></strong></span> <span class='ocrx_word' id='word_1_840' title='bbox 3166 5439 3289 5485; x_wconf 87' lang='lat' dir='ltr'><strong><em>ante</em></strong></span> <span class='ocrx_word' id='word_1_841' title='bbox 3327 5429 3707 5484; x_wconf 87' lang='lat' dir='ltr'><strong><em>Ascensionem</em></strong></span> 
     </span>
    </p>
   </div>
   <div class='ocr_carea' id='block_1_119' title="bbox 2136 5517 3709 5596">
    <p class='ocr_par' dir='ltr' id='par_1_119' title="bbox 2136 5517 3709 5596">
     <span class='ocr_line' id='line_1_119' title="bbox 2136 5517 3709 5596; baseline -0.008 -15"><span class='ocrx_word' id='word_1_842' title='bbox 2136 5525 2294 5596; x_wconf 91' lang='lat' dir='ltr'><strong><em>hujus</em></strong></span> <span class='ocrx_word' id='word_1_843' title='bbox 2323 5525 2445 5579; x_wconf 91' lang='lat' dir='ltr'><strong><em>anni</em></strong></span> <span class='ocrx_word' id='word_1_844' title='bbox 2473 5534 2592 5594; x_wconf 89' lang='lat' dir='ltr'><strong><em>post</em></strong></span> <span class='ocrx_word' id='word_1_845' title='bbox 2625 5523 2954 5578; x_wconf 80' lang='lat' dir='ltr'><strong><em>Dominicam</em></strong></span> <span class='ocrx_word' id='word_1_846' title='bbox 2981 5522 3241 5592; x_wconf 88' lang='lat' dir='ltr'><strong><em>quintam,</em></strong></span> <span class='ocrx_word' id='word_1_847' title='bbox 3271 5521 3353 5576; x_wconf 87' lang='lat' dir='ltr'><strong><em>vel</em></strong></span> <span class='ocrx_word' id='word_1_848' title='bbox 3374 5520 3574 5591; x_wconf 90' lang='lat' dir='ltr'><strong><em>aliquot</em></strong></span> <span class='ocrx_word' id='word_1_849' title='bbox 3592 5517 3709 5572; x_wconf 86' lang='lat' dir='ltr'><strong><em>dic-</em></strong></span> 
     </span>
    </p>
   </div>
   <div class='ocr_carea' id='block_1_120' title="bbox 2138 5616 2786 5677">
    <p class='ocr_par' dir='ltr' id='par_1_120' title="bbox 2138 5616 2786 5677">
     <span class='ocr_line' id='line_1_120' title="bbox 2138 5616 2786 5677; baseline -0.009 -2"><span class='ocrx_word' id='word_1_850' title='bbox 2138 5617 2236 5675; x_wconf 87' lang='lat' dir='ltr'><strong><em>bus</em></strong></span> <span class='ocrx_word' id='word_1_851' title='bbox 2261 5624 2386 5673; x_wconf 86' lang='lat' dir='ltr'><strong><em>ante</em></strong></span> <span class='ocrx_word' id='word_1_852' title='bbox 2414 5616 2786 5677; x_wconf 83' lang='lat' dir='ltr'><strong><em>Pentecosten.</em></strong></span> 
     </span>
    </p>
   </div>
   <div class='ocr_carea' id='block_1_121' title="bbox 2213 5700 3714 5780">
    <p class='ocr_par' dir='ltr' id='par_1_121' title="bbox 2213 5700 3714 5780">
     <span class='ocr_line' id='line_1_121' title="bbox 2213 5700 3714 5780; baseline -0.007 -14"><span class='ocrx_word' id='word_1_853' title='bbox 2213 5708 2517 5766; x_wconf 86' lang='lat' dir='ltr'><strong><em>Secundum</em></strong></span> <span class='ocrx_word' id='word_1_854' title='bbox 2556 5723 2859 5771; x_wconf 69' lang='lat' dir='ltr'><strong><em>sermonem</em></strong></span> <span class='ocrx_word' id='word_1_855' title='bbox 2893 5708 2945 5766; x_wconf 87' lang='lat' dir='ltr'><strong><em>in</em></strong></span> <span class='ocrx_word' id='word_1_856' title='bbox 2993 5707 3203 5766; x_wconf 85' lang='lat' dir='ltr'><strong><em>Annam</em></strong></span> <span class='ocrx_word' id='word_1_857' title='bbox 3243 5704 3430 5780; x_wconf 85' lang='lat' dir='ltr'><strong><em>paucis</em></strong></span> <span class='ocrx_word' id='word_1_858' title='bbox 3456 5714 3579 5780; x_wconf 89' lang='lat' dir='ltr'><strong><em>post</em></strong></span> <span class='ocrx_word' id='word_1_859' title='bbox 3604 5700 3714 5774; x_wconf 86' lang='lat' dir='ltr'><strong><em>pri-</em></strong></span> 
     </span>
    </p>
   </div>
  </div>
