4110 6148
387 366 486 421 1Ξ5

377 494 518 533 nium
548 476 737 532 diebus
766 472 1153 546 pronuntiavit,
1182 470 1483 544 etquidem,
1514 480 1571 525 ut
1604 468 1822 526 credere
1845 474 1948 533 est,

375 579 499 623 ante
525 567 903 622 Pentecosten.
927 564 1107 619 Primo
1131 570 1309 618 autem
1339 560 1529 631 probat
1552 561 1760 615 Annam
1788 567 1843 614 et
1863 573 1955 628 pa—

377 669 510 716 trem
543 658 705 715 sumul
749 666 805 713 et
845 665 1069 713 matrem
1098 654 1360 713 Samuelis
1391 653 1495 710 dici
1527 668 1704 724 posse,
1735 652 1954 720 ejusque

375 749 638 819 duplicem
665 748 920 802 virtutem
949 745 1204 812 celebrat,
1235 758 1428 814 nempe
1464 743 1517 797 in
1544 741 1790 812 precibus
1817 740 1953 795 assi-

375 841 653 908 duitatem,
682 849 740 895 et
763 839 927 895 animi
952 838 1299 910 vigilantiam,
1320 837 1512 907 quibus
1533 834 1726 890 deinde
1747 833 1952 888 tertiam

374 932 541 999 addit,
568 945 765 1001 nempe
788 928 1157 985 conviciorum
1184 926 1522 984 tolerantiam
1556 933 1611 980 et
1646 931 1954 979 mansuetu-

373 1025 550 1079 dinem
570 1063 586 1090 ,
615 1022 948 1092 carptimque
982 1019 1114 1077 dicit
1150 1018 1477 1091 precandum
1520 1030 1641 1073 esse
1668 1023 1954 1085 antequam

371 1116 438 1172 ad
463 1129 705 1171 mensam
733 1112 1038 1168 accedatur.

442 1206 679 1263 Tertium
700 1246 715 1271 ,
743 1219 904 1275 quem
930 1211 1054 1259 ante
1093 1201 1440 1258 Pentecosten
1465 1200 1629 1268 dixit,
1665 1198 1873 1256 orditur
1922 1214 1953 1256 a

370 1297 623 1369 lacrymis
647 1298 847 1362 Annae;
879 1296 1057 1367 aitque
1083 1295 1436 1365 lacrymarum
1475 1295 1699 1350 imbrem
1733 1293 1953 1363 irrigare

368 1392 606 1460 plantam
628 1388 969 1459 precationis;
990 1387 1061 1441 ita
1088 1396 1144 1441 ut
1161 1384 1363 1441 fructus
1378 1393 1434 1441 et
1453 1385 1679 1441 celerior
1702 1392 1757 1439 et
1784 1384 1954 1452 major

370 1479 671 1550 proveniat.
698 1481 907 1533 Annam
934 1477 986 1532 in
1021 1478 1324 1547 exemplum
1350 1475 1633 1546 proponit,
1663 1490 1768 1545 quo
1797 1484 1953 1544 pacto

368 1572 525 1627 liberi
556 1572 661 1626 sint
703 1570 986 1626 educandi.
1019 1570 1149 1626 Cum
1186 1577 1364 1625 autem
1408 1570 1494 1623 illa
1518 1568 1819 1626 Samuelem
1844 1583 1952 1622 ara:

366 1677 538 1718 sacra:
566 1662 729 1718 cultui
772 1660 1065 1726 addixerit,
1094 1660 1209 1730 ejus
1252 1659 1573 1714 sacrificium
1616 1658 1950 1713 sacerdotum

367 1754 566 1809 oblatis
590 1753 778 1808 hostiis
799 1761 1159 1821 comparatur.
1193 1752 1414 1807 Demum
1440 1750 1718 1820 disciplina
1748 1749 1949 1804 coelein

371 1842 694 1900 inbuendas
712 1843 937 1914 juvenes
964 1857 1083 1899 esse
1111 1841 1261 1897 dicit.

436 1936 676 2003 Quartus
694 1978 710 2003 ,
738 1951 899 2007 quem
928 1935 995 1990 de
1020 1934 1171 1990 Anna
1198 1934 1413 1999 habuit,
1444 1947 1621 1988 sermo
1650 1932 1914 1988 intercidit
1932 1974 1948 2000 ,

364 2038 423 2083 ut
449 2027 719 2098 colligitur
747 2043 813 2082 ex
853 2026 917 2081 iis
957 2042 1074 2095 qua:
1114 2027 1167 2080 in
1198 2027 1384 2096 quinto
1411 2040 1694 2092 sermone,
1724 2024 1815 2095 qui
1839 2024 1951 2095 jam

362 2126 590 2187 quartus
630 2116 719 2173 illo
771 2118 970 2172 amisso
1006 2116 1347 2183 inscribitur,
1388 2116 1639 2171 dicuntur
1678 2130 1824 2170 num.
1871 2115 1948 2171 ὃς

363 2224 565 2278 nempe
606 2209 659 2263 in
709 2208 1028 2278 prmcedenti
1052 2223 1301 2264 sermone
1341 2207 1606 2279 explicata
1637 2207 1802 2263 fuisse
1834 2207 1950 2262 hace

364 2294 531 2349 verba
564 2295 753 2349 cantici
799 2295 964 2348 Anna:
1012 2311 1026 2347 :
1068 2292 1428 2362 Con/innatum
1456 2303 1527 2347 est
1567 2309 1654 2346 cor
1690 2308 1857 2345 meum
1895 2291 1950 2345 in

368 2387 602 2443 Domino
622 2428 636 2452 ,
662 2395 769 2441 etc.
805 2403 819 2441 :
847 2401 1072 2455 quorum
1098 2386 1466 2455 interpretatio
1493 2400 1600 2440 non
1645 2383 1870 2440 habetur
1895 2383 1945 2437 in

361 2494 429 2533 co
460 2477 554 2548 qui
586 2478 770 2533 tertius
794 2485 896 2532 est.

434 2569 668 2636 Quintus
688 2609 704 2635 ,
734 2568 827 2638 qui
854 2581 997 2622 nunc
1024 2576 1245 2638 quartus
1273 2567 1326 2622 in
1357 2567 1509 2621 titulo
1536 2565 1736 2630 fertur,
1767 2564 1835 2618 ab
1853 2579 1948 2619 au-

360 2663 605 2718 ditorum
659 2661 924 2731 paucitate
951 2660 1170 2731 incipit,
1215 2669 1270 2715 ct
1309 2661 1430 2731 quia
1473 2660 1600 2715 circi
1650 2658 1947 2728 spectacula

366 2754 591 2809 solitam
617 2750 964 2823 frequentiam
986 2752 1345 2819 abstulerant,
1375 2759 1559 2807 contra
1601 2750 1753 2805 ludos
1789 2764 1950 2820 eque-

358 2852 534 2911 stres,
557 2858 755 2913 eosque
779 2844 869 2915 qui
888 2843 980 2899 illo
1008 2843 1324 2914 properandi
1349 2857 1511 2899 causa
1539 2843 1817 2898 ecclesiam
1856 2841 1951 2897 de-

360 2945 650 3002 sererent,
682 2935 846 2991 multa
888 2951 987 3006 pro
1015 2951 1165 2992 more
1202 2950 1300 2991 suo
1330 2935 1620 3006 profundit.
1658 2935 1732 2990 De
1761 2948 1947 3004 preca-

362 3029 515 3083 tione
530 3026 746 3083 demum
771 3028 899 3099 agit,
927 3028 1104 3098 aitque
1133 3026 1429 3083 orationem
1452 3041 1572 3081 cum
1604 3025 1797 3080 affectu
1823 3039 1949 3080 con-

358 3121 603 3190 junctam
664 3134 785 3176 esse
830 3119 1066 3186 debere,
1114 3134 1437 3191 omnemque
1498 3119 1671 3174 locum
1721 3132 1840 3173 esse
1881 3117 1948 3172 ad

360 3213 627 3268 orandum
652 3221 1031 3283 opportunum.
1059 3211 1288 3281 Quartus
1330 3219 1386 3267 et
1413 3211 1628 3281 quintus
1658 3217 1783 3265 ante
1812 3209 1948 3264 Pen-

361 3312 608 3359 tccosten
628 3302 760 3359 dicti
790 3301 959 3359 fuere.
1772 3290 1803 3307 ’

434 3396 667 3460 Sextus,
698 3395 789 3466 qui
821 3411 961 3451 nunc
986 3394 1203 3468 quintus
1227 3394 1535 3450 inscribitur
1558 3436 1572 3459 ,
1609 3400 1728 3464 post
1755 3392 1946 3448 festum

363 3487 719 3542 Pentecostes
774 3486 987 3542 habitus
1034 3486 1167 3551 fuit,
1220 3493 1279 3539 ut
1323 3493 1444 3555 post
1485 3484 1692 3540 initium
1733 3484 1945 3538 dicitur.

362 3576 636 3646 Principio
660 3575 917 3632 adversus
946 3590 1039 3632 eos
1081 3576 1343 3648 loquitur,
1370 3577 1457 3646 qui
1488 3576 1541 3630 in
1576 3573 1769 3630 diebus
1799 3573 1949 3629 festis

362 3675 417 3721 et
446 3667 874 3723 solemnitatibus
922 3676 1127 3722 tantum
1169 3667 1450 3723 ecclesiam
1495 3664 1943 3737 frequentabant:

361 3758 563 3814 deinde
591 3759 824 3830 erplicat
846 3760 974 3831 quid
1000 3761 1070 3815 sit
1098 3760 1214 3815 dies
1238 3760 1435 3827 festus,
1467 3775 1529 3816 ac
1566 3764 1633 3815 de
1670 3760 1826 3815 Anna
1852 3773 1949 3828 pro

362 3868 519 3908 more
544 3853 799 3923 loquitur.
831 3853 961 3910 Item
989 3855 1099 3924 agit
1134 3851 1391 3910 adversus
1420 3870 1544 3918 eos,
1575 3853 1666 3925 qui
1706 3852 1951 3907 incusant

360 3947 602 4002 divinam
625 3947 1014 4017 providentiam
1039 3990 1055 4015 ,
1087 3962 1153 4003 eo
1181 3948 1321 4018 quod
1365 3948 1417 4002 in
1448 3949 1546 4001 hac
1582 3946 1690 4001 vita
1734 3945 1948 4016 quidam

362 4039 477 4093 sint
497 4038 720 4105 divites,
751 4039 967 4110 quidam
991 4055 1272 4111 pauperes.
1304 4041 1541 4109 Denique
1574 4040 1648 4093 ait
1670 4048 1949 4108 pauperta-

364 4140 476 4185 tem
505 4130 844 4185 utilissimam
866 4146 1004 4198 esse,
1024 4146 1086 4186 ac
1108 4131 1227 4200 plus
1253 4130 1540 4199 voluptatis
1563 4137 1721 4200 atque
1747 4129 1942 4184 securi-

368 4222 494 4275 tatis
515 4220 733 4288 habere,
759 4236 918 4291 quam
943 4221 1139 4276 divitia:
1162 4221 1423 4288 habeant,
1454 4220 1807 4277 demonstrat.

442 4311 688 4367 Homilicz
705 4314 1201 4369 ali¢.—ilomiliam
1226 4315 1489 4370 Debitoris
1510 4313 1698 4369 decem
1719 4312 1944 4367 millium

369 4405 691 4460 talentorum
723 4404 827 4461 hoc
849 4420 991 4461 anno
1018 4421 1077 4462 se
1102 4406 1348 4463 habuisse
1376 4400 1763 4462 commemorat
1784 4405 1951 4476 Chry-

366 4506 639 4552 sostomus
674 4495 762 4565 (Τ.
793 4497 848 4552 5.
872 4493 1070 4571 c.17),
1099 4513 1219 4554 cum
1259 4499 1332 4552 ait
1356 4514 1503 4552 num.
1534 4499 1560 4553 l
1598 4516 1612 4553 :
1646 4496 1756 4554 Nos
1784 4507 1952 4552 autem

369 4603 530 4641 unum
565 4587 808 4642 chordam
834 4589 1140 4659 pulsavimus
1163 4607 1253 4660 per
1277 4599 1433 4643 totam
1466 4589 1947 4660 Quadragesimam,

371 4678 494 4732 dum
518 4679 677 4749 legem
704 4680 841 4735 vobis
860 4682 923 4735 de
937 4683 1227 4753 juramento
1252 4682 1600 4745 recitavimus;
1623 4692 1668 4736 et
1696 4681 1788 4734 Dei
1821 4698 1944 4751 gra-

373 4770 448 4823 tia
471 4769 706 4837 effectum
750 4780 860 4839 est,
889 4782 944 4826 ut
972 4773 1211 4843 pleraque
1250 4789 1282 4825 a
1308 4773 1450 4826 nobis
1475 4788 1565 4825 ora
1605 4772 1661 4825 in
1694 4772 1789 4825 hac
1831 4773 1983 4843 legis-

377 4860 596 4915 melodia
628 4861 702 4915 ita
728 4862 954 4916 instilta
993 4863 1125 4926 sint,
1170 4870 1225 4915 ut
1260 4861 1472 4932 depulsa
1502 4877 1655 4931 prava
1683 4870 1952 4916 consuetu-

382 4951 532 5017 dine,
558 4968 652 5021 pro
679 4968 737 5006 eo
762 4953 899 5023 quod
917 4961 1033 5007 ante
1051 4950 1216 5005 Deum
1247 4952 1495 5023 jurabant
1513 4993 1527 5018 ,
1555 4953 1669 5022 jam
1696 4952 1823 5007 nihil
1857 4953 1955 5007 nisi

379 5039 500 5107 Est,
520 5050 567 5095 et
589 5040 711 5096 Non
730 5051 836 5109 est,
862 5052 908 5096 et
934 5041 1092 5098 Crede
1116 5043 1240 5097 mihi
1258 5084 1273 5109 ,
1298 5043 1352 5097 in
1373 5043 1548 5113 lingua
1576 5059 1667 5095 sua
1692 5042 1955 5110 circumfe-

378 5140 521 5197 rant,
548 5131 699 5202 idque
722 5133 776 5186 in
796 5133 1246 5203 omni-colloquio,
1286 5142 1391 5188 etc.
1424 5132 1607 5203 Itaque
1654 5141 1803 5188 certo
1832 5147 1955 5188 cer-

380 5224 484 5277 tius
507 5232 590 5278 est
614 5224 786 5293 ipsum
808 5224 944 5279 hanc
971 5226 1282 5280 concionem
1317 5224 1567 5279 habuisse
1594 5222 1783 5278 eodem
1817 5239 1956 5278 anno

378 5327 487 5382 quo
516 5312 773 5369 Ilomilias
800 5314 853 5370 in
892 5314 1107 5370 Statuas
1131 5315 1420 5381 habuerat;
1453 5329 1624 5384 neque
1664 5314 1840 5369 minus
1863 5329 1933 5369 ex.

382 5405 644 5471 ploratum
663 5414 748 5463 est
774 5407 947 5478 ipsum
973 5407 1111 5463 hanc
1132 5408 1355 5478 primam
1379 5405 1628 5463 habuisse
1647 5405 1957 5461 concionem

383 5503 657 5566 postquam
687 5512 753 5552 ex
782 5497 970 5552 morbo
1017 5498 1396 5561 convaluerat,
1429 5504 1487 5550 ut
1521 5511 1587 5551 ex
1616 5495 1803 5566 primis
1830 5511 1958 5550 con-

379 5584 547 5641 cionis
570 5586 750 5643 verbis
773 5588 1032 5659 arguitur.
1088 5587 1246 5655 Quasi
1265 5603 1327 5642 ea:
1354 5585 1629 5657 longinqua
1663 5586 1954 5656 peregrina-

381 5677 547 5745 tione,
577 5677 776 5747 inquit,
817 5679 885 5732 ad
911 5694 999 5733 vos
1024 5694 1246 5733 reversus
1274 5693 1432 5733 essent
1451 5718 1466 5744 ,
1502 5679 1575 5732 ita
1607 5693 1686 5731 me
1707 5676 1856 5731 hodie
1879 5680 1960 5747 af-

387 5766 565 5827 fectum
588 5772 743 5825 sentio
771 5785 793 5835 ;
819 5786 934 5824 cum
970 5770 1100 5825 enim
1130 5770 1322 5825 nullum
1354 5771 1628 5827 amicorum
1650 5769 1957 5826 consortium

1548 357 1725 413 nunc
1766 353 2032 413 pntuuu
2070 320 2461 414 ADORNATA.

3538 369 3641 425 {26

2064 482 2172 520 esse
2214 477 2406 538 potest,
2450 470 2580 525 nihil
2635 474 2883 527 commodi
2941 473 3090 542 affert
3145 493 3315 533 eorum
3354 484 3638 549 prasentia.

2068 558 2404 625 Quamobrem
2430 579 2521 618 nos
2541 565 2628 634 qui
2653 566 2791 620 domi
2816 567 3170 637 versabantur,
3199 588 3408 642 peregre
3441 590 3639 630 versan-

2062 651 2193 706 tibus
2215 652 2343 707 nihil
2370 654 2466 709 hac
2491 656 2545 711 in
2573 668 2716 728 parte
2748 659 2996 729 feliciores
3034 663 3224 734 fuimus
3253 680 3273 720 :
3297 667 3536 723 nimirum
3558 686 3639 740 qut

2061 744 2323 813 superiore
2346 755 2569 818 tempore
2591 750 2737 805 nulla
2767 750 3021 807 vobiscum
3055 755 3307 825 colloquia
3332 757 3515 814 habere
3546 779 3630 831 ρο-

2062 835 2252 890 tuimus
2275 852 2294 891 :
2319 839 2408 891 sed
2431 839 2605 894 danda
2629 850 2704 895 est
2737 844 2880 897 venia
2899 885 2918 909 ,
2964 860 3079 898 eum
3104 846 3236 901 illud
3279 864 3381 903 non
3408 850 3602 905 inertia:
3626 895 3640 918 ,

2062 927 2149 981 sed
2163 928 2474 997 inﬁrmitatis
2491 932 2747 988 silentium
2767 934 2936 1005 fuerit.
2960 936 3175 993 Certum
3198 937 3374 1010 itaque
3398 950 3481 996 est
3506 942 3641 996 hanc

2061 1016 2288 1085 primam
2315 1020 2585 1078 homiliam
2614 1021 2862 1081 habuisse
2885 1024 3329 1096 Chrysostomum
3358 1040 3637 1103 postquam

2061 1105 2129 1159 ab
2177 1109 2494 1178 mgritudine
2543 1115 2907 1170 convaluerat.
2956 1116 3071 1173 Jam
3117 1121 3371 1188 qumritur
3398 1138 3639 1191 quaenam

2060 1198 2320 1267 aegritudo
2348 1218 2363 1255 τ
2395 1217 2520 1258 num
2575 1204 2667 1259 illa
2717 1222 2820 1277 qua
2864 1207 3139 1264 laborabat
3181 1210 3308 1266 dum
3348 1223 3639 1285 martyrum

2059 1287 2427 1347 solemnitates
2454 1308 2549 1363 per
2574 1295 2758 1352 urbem
2790 1299 3213 1369 celebrarentur,
3257 1303 3325 1359 de
3355 1320 3458 1377 qua
3485 1320 3641 1377 supe-

2063 1379 2194 1434 rius.
2242 1381 2301 1437 Si
2330 1382 2397 1439 de
2436 1386 2526 1441 illa
2568 1386 2928 1460 intelligatur,
2959 1390 3098 1448 hanc
3135 1402 3282 1450 certe
3324 1398 3637 1454 concionem

2060 1467 2306 1528 habuerit
2328 1484 2612 1547 antequam
2647 1478 2933 1537 llomiliam
2967 1483 3019 1537 in
3050 1484 3325 1542 Dominica
3354 1503 3437 1551 τῆς
3460 1495 3636 1545 ἄπισθ-

2056 1570 2251 1630 ζομένης
2263 1574 2314 1619 et
2328 1564 2584 1623 Ilomilias
2600 1568 2667 1625 de
2680 1571 2829 1627 Anna
2848 1574 3382 1642 prmdicaretNerum
3396 1581 3529 1635 adeo
3542 1582 3639 1638 fre~

2056 1660 2280 1719 quenter
2296 1654 2705 1727 Chrysostomus
2728 1660 3122 1720 inﬁrmitatibus
3140 1668 3414 1737 corporeis
3433 1670 3638 1727 detine-

2058 1739 2229 1809 batur,
2258 1753 2434 1800 utnon
2463 1749 2729 1816 possimus
2750 1751 2801 1805 id
2826 1755 2975 1821 quasi
2996 1765 3199 1811 certum
3226 1767 3458 1816 statuere
3479 1780 3492 1817 :
3510 1777 3638 1831 qna-

2058 1847 2114 1887 re
2141 1834 2192 1887 in
2225 1835 2425 1892 incerto
2452 1853 2540 1895 res
2562 1850 2776 1897 maneat
2798 1854 3026 1913 oportet.
3054 1847 3110 1900 In
3140 1847 3240 1904 hac
3265 1865 3394 1906 vero
3416 1852 3632 1907 homilia

2058 1922 2108 1976 id
2134 1926 2397 1996 praecipue
2424 1930 2650 1998 probare
2677 1933 2882 2001 nititur,
2911 1938 3054 1991 omni
3080 1949 3298 2007 peccato
3314 1941 3633 1999 deteriorctn

2055 2029 2177 2071 esse
2201 2016 2514 2087 injuriarum
2540 2024 2988 2082 recordationem.

2128 2108 2274 2164 lianc
2315 2114 2670 2183 continenter,
2709 2126 2769 2172 ut
2790 2116 3035 2187 ﬁidetur,
3082 2132 3318 2194 sequutm
3356 2136 3480 2182 sunt
3527 2137 3637 2185 tres

2056 2201 2299 2257 llomilia}
2320 2203 2393 2289 de
2433 2206 2629 2262 Davide
2673 2218 2726 2263 et
2752 2209 2912 2266 Saftle
2952 2211 3040 2283 (Τ.
3082 2214 3135 2269 4.
3183 2233 3229 2271 c.
3261 2213 3365 2268 675
3388 2217 3429 2287 ).
3462 2219 3636 2289 Arguv

2055 2304 2292 2352 mentum
2316 2284 2459 2353 Enim
2500 2300 2642 2370 quod
2685 2300 2738 2357 in
2786 2302 3009 2359 llomilia
3052 2305 3118 2361 de
3160 2284 3407 2365 Debitore
3449 2284 3634 2366 decem

2054 2387 2276 2443 millium
2302 2389 2620 2446 talentorum
2645 2404 2901 2463 coeperat,
2922 2410 3115 2465 nempe
3135 2397 3201 2452 de
3223 2398 3532 2468 injuriarum
3554 2418 3636 2458 re~

2053 2479 2364 2536 cordatione
2405 2481 2743 2552 depellenda,
2777 2486 2830 2541 in
2861 2487 3007 2543 hisce
3052 2490 3220 2545 tribus
3261 2491 3492 2548 homiliis
3532 2511 3632 2549 una

2056 2570 2220 2637 serie,
2250 2573 2495 2641 exemplo
2520 2573 2591 2627 Da
2603 2574 2736 2629 vidis
2763 2590 2913 2643 usus,
2938 2586 3154 2635 strenue
3191 2584 3541 2653 persequitur,
3583 2595 3637 2640 et

2052 2660 2265 2730 quidem
2292 2662 2426 2722 adeo
2453 2666 2698 2735 pathetice
2722 2678 2780 2724 ut
2821 2668 3124 2726 auditorum
3153 2672 3413 2745 lacrymas
3439 2691 3634 2737 excus—

2052 2751 2221 2819 serit,
2262 2760 2421 2824 atqne
2465 2764 2525 2810 ut
2557 2757 2737 2813 videre
2776 2768 2858 2815 est
2884 2802 2899 2829 ,
2941 2762 3301 2818 Antiochenos
3332 2766 3398 2820 ad
3437 2782 3636 2837 praece-

2052 2849 2198 2911 ptum
2228 2844 2386 2912 illud,
2425 2845 2636 2917 Diligile
2658 2850 2887 2906 inimicos
2925 2862 3144 2918 vestros,
3189 2854 3510 2924 implendum
3540 2860 3636 2916 atl-

2052 2928 2298 3000 duxerit;
2330 2944 2385 2989 ut
2414 2936 2465 2990 in
2487 2937 2900 3009 Quadragesima
2930 2943 3198 3011 prreterita
3225 2944 3410 2999 eodem
3437 2961 3466 2999 a
3492 2948 3637 3016 jura-

2053 3027 2267 3096 tnentis,
2295 3029 2486 3099 quibus
2513 3031 2797 3087 admodum
2829 3035 3024 3089 assueti
3049 3045 3221 3104 erant,
3254 3049 3528 3099 avocaret.

2126 3116 2184 3173 In
2212 3128 2444 3174 mentem
2469 3121 2594 3175 mihi
2622 3122 2799 3177 subito
2824 3125 2966 3179 venit
2991 3127 3280 3182 verisimile
3309 3129 3454 3183 nullo
3482 3129 3638 3185 modo

2053 3224 2172 3266 esse
2200 3226 2358 3280 posse
2394 3211 2832 3285 Cbrysostomum
2867 3215 3150 3272 Homiliam
3192 3219 3259 3274 de
3301 3220 3548 3276 Debitore
3586 3234 3637 3278 et

2051 3307 2161 3356 tres
2190 3312 2474 3371 sequentes
2511 3304 2758 3361 habuisse
2784 3315 2904 3376 post
2941 3308 3308 3377 aegritudinem
3355 3310 3496 3365 illam
3537 3329 3637 3383 qua

2056 3402 2174 3460 post
2200 3393 2402 3449 Pascha
2424 3395 2549 3450 anni
2578 3397 2680 3451 587
2705 3397 2953 3452 detentus
2981 3397 3098 3465 fuit,
3123 3399 3249 3454 dum
3279 3401 3408 3457 festa
3437 3414 3599 3475 mart}
3619 3438 3637 3447 -

2053 3498 2170 3537 rum
2200 3484 2381 3538 multis
2427 3485 2615 3541 diebus
2656 3500 2752 3556 per
2788 3488 2973 3542 urbem
3018 3488 3354 3545 Antiochiam
3394 3492 3637 3548 celebra-

2054 3583 2236 3630 rentur
2262 3591 2275 3628 :
2308 3576 2363 3631 1⁸
2392 3576 2514 3647 quia
2542 3586 2662 3645 post
2687 3578 2831 3633 illam
2862 3578 3101 3634 Paschali
3145 3589 3384 3650 tempore
3414 3582 3638 3639 infirmi-

2055 3673 2216 3722 tatem
2269 3667 2437 3736 prima
2490 3668 2678 3724 concio
2720 3667 2822 3723 fuit
2875 3668 2983 3736 illa,
3043 3685 3201 3741 quam
3256 3672 3309 3726 in
3363 3672 3637 3730 Dominica

2052 3762 2395 3825 επισωςομινης
2418 3758 2603 3814 videre
2648 3767 2750 3827 est,
2797 3770 2855 3815 ut
2903 3761 3096 3817 ibidem
3147 3761 3298 3817 initio
3347 3763 3557 3829 dicitur,
3585 3775 3640 3822 et

2053 3850 2239 3904 concio
2264 3849 2331 3905 de
2351 3850 2599 3906 Debitore
2625 3852 2796 3921 prima
2834 3868 3046 3923 quoque
3074 3862 3158 3908 est
3179 3895 3195 3923 ,
3220 3854 3316 3910 sed
3344 3864 3459 3925 post
3485 3858 3639 3925 aegri.

2056 3939 2290 3996 tudinem
2333 3940 2471 3997 haud
2501 3942 2660 3998 dubie
2701 3944 2881 4000 aliam.
2923 3945 2981 3998 2°
3024 3945 3156 4013 Quia
3192 3947 3239 4001 si
3294 3946 3528 4002 homilia:
3567 3947 3638 4003 de

2055 4031 2302 4089 Debitore
2330 4043 2385 4089 et
2424 4043 2534 4090 tres
2569 4045 2853 4106 sequentes
2899 4045 3138 4107 tempore
3176 4037 3416 4092 Paschali
3447 4039 3638 4094 habita:

2054 4125 2278 4182 fuissent
2300 4137 2424 4184 ante
2447 4129 2729 4184 Homiliam
2772 4146 2856 4193 τῆς
2894 4137 3235 4199 ἕπεσωζομένης
3275 4140 3331 4187 et
3368 4131 3436 4187 de
3462 4134 3635 4198 Anna,

2055 4216 2107 4272 in
2132 4216 2215 4272 his
2245 4219 2381 4273 haud
2411 4220 2569 4276 dubie
2595 4230 2903 4276 memoratae
2936 4221 3181 4289 fuissent,
3217 4223 3416 4278 utalia:
3442 4238 3472 4277 a
3502 4233 3635 4280 lem-

2054 4322 2183 4378 pore
2208 4307 2482 4365 Paschalis
2511 4310 2664 4365 dicta:
2687 4323 2997 4368 memoratze
3021 4323 3163 4369 sunt.
3189 4316 3434 4386 Alioquin
3462 4327 3637 4371 autem

2055 4402 2342 4458 verisimile
2381 4416 2484 4456 non
2531 4411 2615 4458 est
2643 4403 2887 4458 homilias
2924 4406 3039 4460 illas
3087 4418 3316 4476 quatuor
3354 4408 3436 4462 vel
3474 4410 3642 4463 conti—

2056 4506 2246 4549 nenter
2273 4501 2397 4547 ante
2423 4492 2771 4549 Pentecosten
2802 4496 2886 4549 vel
2906 4496 3129 4551 alternis
3154 4498 3360 4553 vicibus
3390 4514 3509 4552 cum
3539 4500 3639 4552 ho-

2055 4586 2216 4642 miliis
2242 4586 2309 4641 de
2336 4588 2489 4641 Anna
2517 4586 2725 4641 habitas
2751 4585 2934 4642 fuisse.
2961 4588 3297 4657 Quapropter
3327 4598 3451 4658 puto
3474 4590 3642 4661 Chry-

2057 4686 2372 4743 sostomum,
2414 4677 2503 4748 qui
2533 4676 2961 4748 frequentissime
2989 4678 3175 4734 morbo
3202 4679 3494 4744 laborabat,
3524 4693 3642 4750 post

2059 4769 2405 4825 Pentecosten
2442 4770 2623 4841 ignoto
2652 4769 2805 4825 nobis
2847 4784 3033 4826 mense
3079 4770 3394 4840 aegritudine
3426 4779 3639 4840 captum

2058 4859 2245 4927 fuisse,
2277 4870 2332 4915 et
2356 4860 2445 4916 ubi
2487 4860 2772 4927 convaluit,
2808 4860 3032 4930 primam
3061 4860 3333 4915 homiliam
3363 4860 3510 4914 illam
3547 4861 3640 4913 ha-

2057 4950 2238 5006 buisse
2276 4949 2343 5005 de
2379 4950 2619 5005 debitore
2656 4950 2841 5005 decem
2881 4950 3105 5005 millium
3150 4951 3503 5018 talentorum,
3554 4951 3642 5005 ubi

2059 5048 2243 5095 contra
2272 5041 2583 5110 injuriarum
2613 5041 3040 5097 recordationem
3064 5041 3410 5095 concionatus
3431 5050 3532 5096 est.

2133 5131 2188 5187 ln
2217 5132 2387 5202 prima
2435 5132 2502 5187 de
2553 5132 2753 5189 Davide
2798 5132 3018 5187 homilia
3063 5132 3130 5188 de
3178 5132 3460 5187 tolerantia
3513 5133 3638 5201 agit,

2060 5231 2115 5277 et
2149 5223 2289 5293 quod
2324 5231 2566 5293 oporteat
2609 5223 2839 5278 inimicis
2873 5237 3115 5294 parcere,
3158 5238 3259 5279 nec
3298 5223 3367 5278 de
3392 5224 3642 5294 quopiam

2060 5314 2200 5369 male
2226 5313 2390 5384 loqui.
2716 5320 2723 5323 ‘

2134 5405 2191 5460 In
2218 5405 2448 5461 secunda
2490 5404 2679 5475 probat
2717 5420 2824 5461 non
2865 5406 3028 5462 modo
3070 5407 3320 5462 virtutem
3368 5421 3641 5471 exercere,

2065 5497 2158 5552 sed
2188 5498 2349 5553 etiam
2382 5497 2577 5552 virtute
2603 5496 2852 5566 praeditos
2891 5495 3130 5563 laudare,
3160 5512 3267 5552 non
3294 5511 3481 5566 parum
3504 5493 3643 5548 utili-

2009 5622 2015 5629 -
2065 5588 2187 5644 tatis
2216 5588 2407 5644 all‘erre
2436 5605 2452 5645 :
2480 5588 2728 5659 quodque
2758 5587 2922 5643 David
2943 5587 3361 5659 magniﬁcentius
3389 5596 3643 5653 tropaeum

2063 5678 2293 5734 erexerit
2311 5677 2577 5747 parcendo
2604 5678 2776 5745 Sauli,
2799 5692 2957 5748 quam
2981 5686 3243 5748 prostrato
3263 5673 3495 5741 Goliath,
3525 5684 3642 5725 ma-

2064 5769 2249 5839 gisque
2276 5767 2376 5823 sibi
2409 5766 2666 5837 profuerit
2690 5784 2846 5839 quam
2878 5768 3048 5823 Sauli.
