4110 6148
495 329 590 384 ΙΞΊ
1549 319 1605 375 S.
1646 317 1927 376 JOANNIS
1961 315 2434 377 CIIRYSOSTOMI
2478 321 2653 388 VITA,

559 445 616 498 In
644 441 816 506 tertia,
845 439 933 494 ubi
971 435 1098 491 vidit
1135 434 1329 489 multos
1366 447 1431 487 ex
1462 432 1525 487 iis
1549 432 1756 499 adesse,
1782 433 1870 502 qui
1893 445 2060 500 nuper

485 544 544 591 ut
575 531 848 588 theatralia
887 526 1187 598 spectacula
1219 523 1434 579 adirent
1475 528 1718 577 conetom
1749 538 1852 575 non
1893 522 2058 575 inter-

484 625 711 684 fuerant,
734 619 865 673 dixit
890 633 954 673 ex
990 615 1288 686 hujusmodi
1329 613 1714 684 spectatoribus
1742 611 1935 666 multos
1962 609 2056 664 ad-

481 715 679 767 ulteros
703 709 837 775 fieri,
865 707 1092 776 hincque
1118 705 1254 760 bclh
1283 713 1338 758 et
1363 703 1730 758 contentiones
1755 700 1921 754 nasci.
1951 699 2059 753 Ad-

3637 334 3739 392 128

2171 432 2367 488 Christi
2399 449 2604 502 necem,
2633 451 2788 506 quam
2818 438 2965 492 vituli
2994 435 3378 497 adorationem.
3410 443 3489 498 Ex
3523 447 3743 516 prophe-

2169 523 2234 576 tis
2261 523 2438 578 denuo
2466 525 2653 594 probat
2690 525 2918 582 futuram
2952 528 3256 586 Judaeorum
3289 535 3736 602 reprobationem.

2168 611 2368 668 Deinde
2402 624 2596 684 quanta
2624 617 2692 670 sit
2718 617 2998 672 sacerdOtii
3034 619 3260 690 dignitas
3285 621 3616 678 demonstrat
3636 667 3651 692 ,
3683 636 3740 683 et

2164 718 2304 758 nunc
2331 705 2640 775 abrogatum
2667 722 2786 762 esse
2809 709 2946 778 apud
2969 709 3179 767 Judmos
3205 714 3559 769 sacerdotium
3591 718 3742 773 evin-

474 805 558 860 dit
581 817 707 858 vero
735 801 986 856 Davidem
1031 813 1151 852 cum
1197 795 1357 852 Saftie
1398 810 1558 850 omne
1600 793 1865 864 patientia:
1890 806 2056 861 genus

477 905 760 961 superasse
784 909 796 944 :
829 889 1131 958 clauditque
1149 887 1330 941 dicet's
1353 886 1589 954 rapinam
1617 885 1875 954 patienter
1897 883 2050 947 ferre,

477 999 584 1038 non
642 983 907 1037 minorem
954 981 1204 1034 virtutem
1257 991 1397 1042 esse,
1455 989 1612 1040 quam
1662 974 2051 1042 eleemosynam

475 1091 718 1146 erogare.

546 1169 725 1222 Mense
749 1174 923 1220 autem
953 1162 1248 1234 Septembri
1279 1161 1402 1215 anni
1430 1159 1531 1216 587
1553 1159 1664 1230 jam
1697 1158 1883 1212 initam
1917 1171 2050 1211 con-

475 1269 554 1313 tra
575 1259 786 1314 Judmos
807 1256 1251 1318 concertationem
1281 1251 1368 1322 (Τ.
1396 1253 1446 1306 1.
1469 1271 1514 1307 c.
1540 1249 1700 1319 871),
1729 1263 1886 1318 quam
1910 1263 2050 1302 anno

473 1351 719 1418 proximo
747 1347 850 1403 386
890 1361 1072 1402 mense
1095 1345 1306 1400 circiter
1331 1341 1632 1410 Septembri
1660 1348 1895 1409 ceperat
1912 1380 1928 1408 ,
1957 1355 2049 1394 ea-

473 1439 597 1494 dem
631 1445 945 1507 tempestatc
970 1436 1275 1504 resumpsit.
1305 1435 1359 1489 ld
1390 1435 1476 1488 illc
1502 1433 1650 1487 initio
1680 1442 1898 1502 quartae,
1934 1446 2049 1500 qua:

474 1531 662 1585 harum
703 1530 1052 1600 posteriorum
1082 1528 1250 1597 prima
1288 1536 1402 1587 est,
1447 1527 1524 1581 sic
1550 1525 1824 1579 enuntiat:
1857 1523 2050 1576 Rursus

469 1620 550 1674 illi
573 1621 796 1690 infelices
824 1619 1204 1686 mortaliumque
1231 1617 1451 1670 omnium
1477 1613 1743 1667 miserrimi
1776 1612 1946 1666 Judaei
1963 1613 2050 1682 je-

467 1712 698 1784 junaturi
721 1720 877 1764 sunt:
905 1726 1078 1768 rursus
1105 1707 1290 1764 Christi
1319 1722 1515 1776 gregem
1547 1704 1830 1758 muniamus
1856 1720 2051 1757 necesse

470 1812 573 1867 est;
615 1803 838 1870 ideoque
864 1816 922 1854 se
948 1799 1131 1856 decem
1175 1797 1365 1852 diebus
1393 1805 1673 1866 antequam
1715 1795 1882 1850 Judaei
1908 1793 2048 1864 jeju-

472 1901 661 1946 narcut
687 1891 800 1950 haec
840 1890 1038 1955 monita
1067 1889 1278 1943 dedisse
1316 1889 1422 1953 ait,
1463 1889 1584 1956 quia
1623 1886 1771 1940 multi
1797 1901 1862 1940 ex
1890 1900 2049 1955 grege

467 1997 587 2044 suo,
619 1981 844 2051 quadam
876 1979 1253 2050 superstitione
1281 1978 1444 2044 moti,
1472 1992 1591 2032 cum
1621 1976 1816 2032 Judtcis
1837 1975 2046 2045 jejuna-

415 2095 418 2100 ·
467 2076 616 2129 bant.
661 2074 855 2142 A_itque
895 2072 1065 2142 primo
1102 2069 1407 2125 Judteorum
1447 2066 1574 2122 illud
1613 2066 1868 2136 jejunium
1906 2065 2048 2135 quod

467 2177 654 2222 contra
680 2167 1006 2221 voluntatem
1051 2164 1143 2218 Dei
1187 2162 1370 2228 fieret,
1403 2160 1620 2232 impium
1651 2167 1707 2214 et
1733 2159 2047 2214 sceleratum

468 2274 586 2313 esse
612 2277 624 2312 :
654 2259 875 2330 ideoque
917 2257 1036 2312 illos
1077 2255 1144 2310 ab
1182 2253 1284 2310 hoc
1318 2253 1537 2309 Judaico
1563 2260 1809 2321 suscepto
1845 2250 2050 2319 jejunio

468 2354 692 2418 avertit,
731 2359 784 2406 et
830 2353 882 2405 in
925 2348 1193 2404 concionis
1224 2349 1328 2401 fine
1354 2347 1488 2401 alios
1515 2346 1605 2414 qui
1642 2344 1708 2399 ab
1748 2342 2049 2412 hujusmodi

467 2443 688 2497 Judaico
709 2441 914 2512 jejunio
956 2440 1283 2494 abstinerent
1324 2438 1453 2492 bort‘
1480 2443 1584 2500 tur,
1627 2444 1684 2489 ut
1713 2434 1900 2488 fratres
1924 2448 2048 2487 suos

467 2542 697 2588 avocent
721 2533 788 2587 ab
809 2532 1110 2602 hujusmodi
1127 2531 1362 2601 jejuniis,
1385 2544 1504 2600 qua:
1526 2527 1867 2582 theatralibus
1888 2528 2046 2582 etiam

468 2624 782 2694 spectaculis
809 2623 962 2692 longe
987 2621 1166 2692 pejora
1195 2630 1395 2676 essent.

538 2714 785 2780 Quintam
807 2711 1078 2766 homiliam
1098 2710 1304 2766 orditur
1322 2710 1390 2766 ab
1411 2709 1708 2766 auditorum
1731 2707 2044 2779 frequentia,

468 2819 624 2873 quam
654 2803 812 2857 solito
838 2801 1092 2871 majorem
1119 2815 1237 2857 esse
1263 2801 1474 2872 gaudet,
1507 2809 1560 2856 et
1586 2801 1862 2870 pristinum
1890 2815 2048 2870 argu-

470 2904 706 2948 mentum
733 2893 1007 2948 ardentius
1046 2892 1300 2962 suscipit,
1339 2908 1401 2947 ac
1433 2892 1650 2947 Judaica
1691 2893 1868 2947 omnia
1897 2908 2050 2962 pror-

469 3000 558 3041 sus
589 2985 837 3053 abrogata
868 2999 986 3040 esse
1016 2985 1339 3055 pronuntiat.
1373 2983 1650 3053 Templum
1681 3000 1807 3039 vero
1832 2985 2049 3040 .leroso-

469 3077 783 3147 lymitanum
812 3091 1100 3147 numquam
1124 3091 1244 3132 esse
1271 3076 1673 3131 restaurandum
1704 3077 1914 3146 probat,
1942 3093 2046 3130 nou

467 3186 530 3225 es
559 3169 757 3224 Christi
785 3169 975 3235 modo,
1018 3167 1112 3224 sed
1143 3184 1209 3224 cx
1254 3168 1630 3238 pr0phetarum
1671 3169 1831 3223 etiam
1861 3169 2048 3238 pracdi-

467 3262 751 3317 ctiouibus.
781 3261 950 3332 Leges
975 3260 1397 3316 Christianorum
1424 3260 1756 3315 solummodo
1786 3261 1837 3315 in
1864 3275 2048 3331 perpe-

469 3366 614 3410 tuum
640 3355 929 3410 servandas
955 3368 1102 3419 esse,
1133 3361 1354 3408 caeteras
1385 3367 1569 3408 omnes
1596 3353 1941 3409 obsolevisse.
1975 3354 2047 3408 De

463 3447 767 3503 Judteorum
799 3455 978 3515 postea
1010 3445 1241 3515 pernicie
1268 3445 1504 3516 pluribus
1528 3445 1655 3515 agit,
1688 3445 2047 3514 ultionemque

468 3537 560 3592 Dei
599 3536 665 3591 de
696 3537 797 3590 illis
837 3547 1101 3605 sumptam
1142 3535 1255 3590 fuse
1277 3537 1628 3606 persequitur.
1661 3536 1892 3590 Danielis
1919 3552 2046 3590 vero

469 3628 777 3697 prephctias
803 3628 1099 3682 minutatim
1124 3627 1372 3696 explicat,
1399 3625 1823 3696 peculiaremque
1853 3640 2048 3679 sermo-

469 3733 590 3772 nem
631 3718 697 3773 de
728 3717 1145 3772 hebdomadibus
1186 3717 1417 3772 Danielis
1452 3715 1697 3771 instituit.
1742 3715 2045 3771 Judazorum

468 3817 528 3862 ut
559 3808 814 3877 templum
845 3805 1186 3862 restituerent
1225 3817 1444 3861 conatus
1485 3814 1901 3869 commemorat,
1947 3807 2046 3862 sub

467 3897 736 3952 Hadriano
767 3897 1088 3968 lmperatorc
1109 3938 1125 3964 ,
1173 3897 1271 3951 sub
1316 3897 1662 3951 Constantino
1683 3936 1696 3960 ,
1729 3897 2047 3965 demumque

465 3989 568 4042 sub
594 3989 802 4044 .luliano
849 3991 1130 4059 Apostata,
1181 3991 1270 4059 qui
1317 3989 1446 4058 ipsis
1490 3989 1728 4052 favebat;
1775 3998 1828 4042 et
1871 3998 2043 4044 tamen

467 4080 646 4134 omnia
671 4080 772 4134 illis
795 4079 988 4135 frustra
1018 4095 1252 4135 cessere.
1283 4081 1504 4135 Demum
1537 4091 1813 4150 postquam
1841 4081 2046 4137 dixerat

465 4170 774 4224 Malachiam
813 4170 1123 4240 prophetam
1152 4170 1510 4226 Christianum
1548 4173 1746 4228 cultum
1773 4175 2047 4244 prmsigni-

467 4261 728 4327 fieavisse,
761 4262 956 4316 claudit
998 4263 1308 4318 concionem
1331 4305 1346 4331 ,
1375 4265 1580 4320 cmtcris
1622 4266 1852 4321 homiliis
1882 4268 2044 4338 duplo

466 4351 653 4405 saltem
685 4352 974 4423 longiorem
999 4371 1011 4420 ;
1059 4355 1127 4408 ita
1157 4364 1212 4410 ut
1251 4357 1410 4410 etiam
1438 4371 1506 4411 ex
1537 4358 1721 4412 orandi
1752 4359 1942 4415 ardore
1967 4370 2046 4413 at-

465 4462 570 4516 que
601 4448 899 4516 prolixitate
923 4451 1232 4506 raucitatem
1263 4451 1620 4509 contraheret.

538 4539 716 4609 Neque
746 4549 920 4595 tamen
961 4541 1049 4596 ille
1086 4543 1164 4598 sic
1201 4542 1405 4598 destitit
1445 4559 1474 4597 a
1511 4545 1908 4608 concionando,
1951 4546 2042 4600 sed

465 4627 721 4695 postridie
747 4646 934 4686 raucus
959 4632 1186 4687 oratoris
1221 4648 1412 4688 munus
1448 4635 1716 4703 suscepit,
1749 4645 1803 4688 et
1839 4645 2040 4689 sextam

467 4719 735 4772 homiliam
761 4719 895 4774 dixit
922 4732 1182 4789 prmsentc
1225 4722 1478 4777 Flaviano
1503 4725 1752 4792 episeopo
1774 4733 1828 4778 et
1855 4740 2042 4795 magna
2087 4755 2092 4758 -

465 4812 642 4880 populi
675 4809 994 4879 frequentia.
1028 4815 1200 4881 Atque
1229 4814 1296 4868 de
1335 4816 1514 4883 templi
1543 4816 1902 4870 destructione
1945 4818 2043 4871 sub

469 4898 795 4966 Vespasiano
821 4901 1046 4968 primum
1079 4902 1328 4970 loquitur,
1361 4913 1416 4958 et
1437 4907 1662 4960 oratoris
1688 4909 1854 4976 magis
1884 4925 2039 4977 quam

465 4988 725 5040 annalium
765 4991 1022 5058 scriptoris
1051 5006 1242 5044 munus
1271 5008 1522 5047 exercens
1543 5035 1558 5059 ,
1587 4995 1714 5048 dicit
1737 4996 1846 5064 jam
1892 4999 2044 5065 quin-

465 5080 818 5147 gentesimum
845 5097 1038 5135 annum
1077 5083 1159 5152 agi
1195 5098 1261 5137 ex
1287 5099 1392 5152 quo
1421 5086 1674 5153 templum
1698 5086 2044 5158 Jerosolytni-

468 5181 651 5223 unum
679 5169 1004 5227 destructum
1043 5171 1248 5237 fuerat;
1292 5174 1412 5228 licet
1453 5191 1557 5228 non
1603 5175 1722 5244 plus
1747 5193 1902 5246 quam
1933 5188 2041 5234 tre-

467 5262 606 5315 t'cuti
636 5261 822 5318 decem
850 5274 903 5319 et
925 5275 1045 5320 octo
1064 5265 1188 5318 anni
1217 5265 1284 5320 ab
1311 5265 1514 5320 excidio
1541 5267 1632 5320 illo
1653 5267 1814 5336 elapsi
1840 5280 2038 5324 essent.

471 5354 663 5408 \‘erum
695 5354 832 5410 solet
861 5356 1273 5428 Chrysostomus
1318 5359 1370 5412 in
1415 5359 1762 5414 concionibus
1807 5362 1914 5413 suis
1947 5362 2041 5416 has

467 5455 762 5512 temporum
811 5447 1044 5502 rationes
1081 5459 1134 5502 et
1162 5450 1566 5519 supputationes
1603 5464 1787 5518 parum
1817 5467 2038 5518 curare,

467 5546 521 5588 ut
559 5536 682 5591 alibi
721 5537 1085 5594 observamus.
1134 5539 1266 5594 lliuc
1302 5555 1429 5594 vero
1463 5555 1678 5610 scepum
1721 5557 2041 5612 persequens

467 5626 524 5677 5.
562 5627 764 5690 doctor,
806 5629 932 5682 dicit
972 5639 1026 5684 et
1073 5629 1261 5698 probat
1308 5646 1490 5685 necem
1536 5630 1731 5685 Christi
1780 5634 2038 5687 malorum

469 5728 678 5770 Causam
709 5718 902 5774 Juda;is
929 5718 1116 5786 fuisse,
1159 5721 1331 5791 aitque
1369 5721 1530 5777 Deum
1568 5721 1828 5794 indignius
1857 5725 2036 5782 tulisse

2160 795 2231 848 cit
2249 837 2265 862 ,
2292 797 2640 866 observatque
2665 797 2829 853 libros
2854 808 3069 856 sanctos
3097 816 3202 856 non
3247 813 3484 858 sanctam
3524 805 3738 863 efficere

2159 899 2500 958 synagogam,
2527 889 2762 958 nihilque
2791 905 2896 945 non
2924 891 3033 961 agit
3061 900 3116 947 ut
3145 893 3414 950 auditores
3439 909 3565 951 suos
3591 911 3738 953 aver-

2160 985 2236 1031 tat
2263 991 2291 1030 a
2318 993 2599 1049 synagogas
2628 989 2683 1034 et
2707 979 2850 1034 aditu
2875 989 2929 1034 et
2957 981 3269 1038 imitatione.

2229 1067 2461 1138 ldipsum
2485 1080 2852 1140 argumentum
2881 1073 3214 1143 persequitur
3240 1075 3290 1129 in
3333 1076 3556 1146 septima
3603 1093 3734 1134 con-

2156 1162 2309 1216 cione
2337 1163 2630 1231 probatque
2652 1163 2900 1218 Judaicos
2924 1164 3057 1220 ritus
3081 1167 3363 1236 abrogatos
3387 1183 3526 1236 esse,
3554 1185 3733 1227 sacer-

2154 1251 2306 1306 dotes
2334 1251 2472 1320 apud
2501 1251 2709 1307 Judzcos
2750 1267 2868 1308 csse
2911 1269 3016 1309 non
3055 1271 3213 1325 posse
3233 1298 3248 1322 ,
3288 1260 3606 1331 unicumque
3636 1277 3729 1316 sa-

2156 1344 2414 1399 crificium
2440 1359 2558 1399 esse
2587 1360 2682 1414 per
2710 1359 2902 1416 corpus
2928 1346 3160 1414 Christi;
3185 1363 3246 1404 ac
3271 1349 3438 1420 legem
3469 1353 3729 1409 sublatam

2155 1435 2347 1502 fuisse,
2377 1451 2484 1490 non
2510 1437 2578 1491 ob
2604 1445 2816 1506 peccata
2854 1437 3191 1506 Judaeorum,
3223 1441 3315 1494 sed
3349 1441 3490 1511 quod
3529 1443 3727 1514 imper-

2155 1525 2288 1580 fecta
2328 1535 2489 1581 esset.
2522 1527 2742 1582 Demum
2782 1528 2848 1582 ad
2897 1527 3334 1584 Melchisedecum
3366 1532 3544 1599 venit,
3574 1536 3727 1598 cujus

2153 1615 2438 1670 sacerdotii
2469 1617 2776 1688 dignitatem
2805 1617 3061 1684 celebrat,
3101 1628 3154 1673 et
3175 1636 3240 1674 ex
3261 1620 3514 1689 prepheta
3540 1623 3728 1691 probat

2154 1706 2507 1760 sacerdotium
2533 1707 2661 1761 illud
2683 1715 2977 1762 extremum
3015 1723 3164 1774 esse,
3194 1725 3363 1780 exque
3397 1711 3542 1766 Pauli
3571 1713 3726 1768 dictis

2153 1796 2420 1851 Christum
2461 1812 2580 1853 esse
2619 1813 2803 1852 verum
2847 1798 2996 1853 illum
3045 1802 3378 1855 sacerdotem
3427 1817 3494 1858 ex
3539 1805 3726 1860 ordine

2153 1885 2542 1942 Mclchisedeci.
2579 1887 2687 1943 Hac
2718 1903 2846 1942 vero
2875 1889 2926 1942 in
2951 1904 3010 1944 re
3035 1889 3233 1945 diutius
3270 1891 3598 1960 immoratur,
3633 1895 3727 1950 de-

2151 1992 2403 2047 mumque
2432 1977 2659 2045 claudit,
2689 1977 2958 2034 auditores
2995 1979 3280 2034 cohortans
3306 1990 3362 2035 ut
3384 1981 3573 2039 fratres
3599 1999 3726 2041 suos

2152 2083 2182 2122 a
2212 2067 2446 2122 Judaicis
2469 2067 2934 2125 observationibus
2957 2078 3233 2134 avertant,
3262 2080 3316 2126 et
3339 2073 3404 2127 ad
3431 2089 3611 2128 veram
3639 2091 3725 2130 re-

2152 2159 2348 2212 ducant
2372 2159 2532 2213 viam.
2562 2157 2780 2229 Pr0pter
2803 2161 2897 2214 hoc
2917 2161 3068 2228 enim,
3101 2162 3286 2232 inquit,
3315 2180 3404 2218 nos
3429 2174 3622 2219 tantum
3643 2168 3725 2220 la-

2151 2248 2318 2302 borem
2347 2250 2662 2319 suscipimus,
2697 2267 2852 2320 neque
2875 2261 2930 2304 ut
2959 2252 3191 2320 plausum
3219 2255 3572 2326 strepitumque
3595 2261 3727 2328 refe-

2152 2357 2340 2405 ramus,
2371 2343 2459 2396 sed
2488 2352 2542 2395 ut
2567 2343 2762 2398 avulsas
2789 2343 2856 2396 ad
2895 2344 3023 2397 viam
3052 2345 3272 2400 veritatis
3299 2347 3615 2403 reducamus.

2222 2433 2472 2488 Octavam
2525 2434 2708 2489 habuit
2767 2444 3043 2506 postquam
3105 2437 3362 2508 jejunium
3421 2440 3723 2498 Judzeorum

2152 2528 2455 2590 transierat,
2489 2525 2625 2594 quod
2652 2525 2913 2595 jejunium
2934 2527 3244 2584 ebrietatem
3269 2545 3387 2586 esse
3406 2532 3552 2586 dicit.
3582 2534 3720 2588 Rur-

2151 2629 2376 2686 sumque
2409 2616 2677 2672 auditores
2713 2617 2974 2682 hortatur,
3020 2627 3077 2672 ut
3107 2618 3325 2674 fratrum
3366 2623 3722 2680 emendationi

2150 2714 2204 2762 et
2229 2707 2384 2761 saluti
2405 2708 2682 2763 consulant
2715 2718 2767 2764 et
2793 2709 3079 2780 advigilent
3110 2727 3124 2764 :
3157 2725 3254 2766 nec
3284 2712 3441 2767 modo
3464 2723 3584 2768 ante
3609 2729 3724 2784 pce-

2151 2807 2346 2864 Catum,
2378 2800 2471 2854 sed
2501 2801 2658 2856 etiam
2688 2814 2804 2874 post
2827 2817 3098 2874 peccatum
3120 2823 3304 2862 manus
3331 2808 3434 2862 illis
3460 2810 3725 2879 porrigen-

2151 2891 2246 2945 das
2285 2905 2404 2947 esse
2432 2893 2587 2960 dicit,
2631 2905 2687 2948 ut
2727 2896 2863 2950 Deus
2903 2895 3031 2951 fecit
3077 2898 3300 2952 Adamo.
3347 2899 3565 2954 Peccata
3594 2916 3722 2955 vero

2153 2983 2376 3037 fratrum
2421 2986 2771 3054 corrigenda,
2814 3004 2917 3042 non
2956 2988 3248 3058 evulganda
3281 3004 3420 3045 esse.
3460 2990 3722 3058 Quoniam

2151 3085 2326 3129 autem
2361 3075 2528 3130 Judtci
2558 3091 2615 3131 se
2639 3077 2876 3133 medicos
2909 3094 3027 3134 esse
3055 3079 3332 3143 dicebant,
3363 3089 3519 3155 atque
3544 3081 3722 3135 incan-

2153 3166 2434 3221 tationibus
2471 3182 2536 3222 ac
2587 3167 2918 3238 Iigamiuibus
2947 3169 3010 3223 ad
3059 3169 3320 3224 curandos
3360 3172 3571 3225 morbos
3607 3179 3722 3225 utc-

2151 3257 2361 3324 bantur,
2387 3268 2572 3314 contra
2599 3274 2692 3314 eos
2732 3260 2820 3328 qui
2851 3259 2914 3314 ad
2953 3261 3084 3314 tales
3119 3261 3354 3315 medicos
3379 3261 3723 3330 confugerent

2152 3350 2375 3420 insurgit
2399 3350 2806 3423 Chrysostomus
2826 3394 2840 3417 ,
2870 3354 3048 3422 aitque
3087 3353 3220 3406 mala
3251 3354 3424 3422 potius
3462 3356 3724 3423 patienter

2153 3442 2388 3508 ferenda,
2413 3460 2569 3513 quam
2602 3445 2734 3499 tales
2758 3444 3084 3499 adhibendas
3112 3446 3415 3500 curationes
3435 3487 3448 3510 ,
3480 3456 3635 3516 atque
3655 3447 3724 3501 ad

2153 3533 2316 3587 Deum
2344 3543 2397 3587 et
2425 3534 2488 3588 ad
2520 3545 2733 3588 sanctos
2759 3546 3020 3606 martyres
3048 3550 3167 3591 esse
3191 3535 3630 3606 confugiendum,
3660 3553 3724 3592 ac

2149 3625 2300 3694 signo
2321 3624 2492 3677 crucis
2514 3624 2764 3678 utendum

2222 3715 2349 3767 Alia:
2382 3716 2662 3769 conciones.
2687 3745 2756 3755 ——
2781 3715 2889 3770 Hoc
2917 3725 3150 3786 tempore
3189 3717 3365 3772 habita
3398 3717 3493 3772 fuit
3534 3719 3722 3773 concio

2153 3804 2237 3858 illa
2279 3804 2329 3857 in
2375 3805 2638 3858 Psalmutn
2681 3807 2741 3860 41
2776 3805 2874 3873 (Τ.
2906 3808 2959 3862 5.
2997 3825 3044 3861 c.
3076 3806 3236 3874 155),
3288 3809 3721 3874 Quemadmodum

2149 3895 2395 3950 desiderat
2411 3913 2602 3964 cervus,
2617 3907 2740 3962 ctc.,
2762 3907 2817 3950 ιιι
2833 3898 2943 3968 ipse
2960 3898 3363 3969 Chrysostomus
3379 3917 3477 3955 nec
3497 3901 3721 3956 obscure

2151 3985 2348 4040 indicat
2376 3987 2524 4041 initio
2551 3986 2632 4041 his
2653 3988 2828 4042 verbis
2853 4007 2866 4041 :
2910 3988 3009 4042 Vos
3028 3990 3246 4058 quidem,
3277 3991 3444 4061 inquit
3467 4032 3479 4053 ,
3514 4009 3602 4045 nos
3629 4009 3724 4044 nu-

2152 4095 2240 4146 per
2265 4077 2649 4131 admirabamini
2667 4121 2680 4142 ,
2711 4079 2910 4148 quando
2953 4080 3097 4132 verba
3125 4081 3333 4150 fecimus
3367 4081 3428 4134 de
3455 4080 3722 4135 Melchise-

2149 4168 2270 4221 deco
2289 4211 2304 4235 ,
2338 4179 2541 4237 propter
2568 4185 2738 4222 eorum
2765 4186 2876 4238 qua:
2899 4171 3032 4222 dicta
3064 4181 3177 4224 sunt
3203 4172 3559 4242 longitudinem
3583 4191 3601 4227 :
3629 4192 3722 4246 ego

2149 4271 2315 4313 autem
2358 4276 2442 4313 vos
2466 4260 2756 4313 admirabar
2793 4270 2996 4330 prapter
3022 4272 3234 4315 vestram
3274 4264 3326 4316 in
3367 4265 3618 4318 audiendo
3645 4276 3724 4317 at-

2151 4353 2417 4406 tentionem
2444 4360 2491 4405 et
2515 4352 2829 4420 sapientiam,
2863 4362 2907 4406 et
2931 4353 3064 4420 quod
3083 4369 3195 4406 cum
3221 4354 3467 4422 prolixior
3493 4372 3546 4408 se
3574 4356 3721 4409 obtu-

2151 4444 2284 4496 lisset
2323 4441 2514 4506 oratio,
2560 4458 2650 4494 nos
2689 4445 2755 4493 ad
2784 4442 2934 4509 ﬁnem
2971 4459 3124 4512 usque
3162 4446 3450 4513 consequuti
3477 4446 3610 4498 estis.
3659 4447 3723 4501 Et

2149 4533 2460 4603 quibusdam
2494 4533 2818 4601 interpositis
2843 4551 2857 4586 :
2900 4533 3326 4598 Quemadmodum
3353 4553 3470 4606 ergo
3500 4547 3618 4589 tunc
3642 4538 3723 4591 di-

2149 4625 2338 4691 cebam,
2366 4625 2498 4692 quod
2523 4625 2640 4676 dum
2664 4625 2770 4693 lupi
2794 4641 2993 4693 gregem
3023 4624 3280 4690 invadunt,
3305 4628 3480 4678 relicta
3512 4627 3682 4695 ﬁstula
3700 4667 3717 4693 ,

2149 4719 2360 4789 fundam
2402 4718 2453 4770 in
2494 4717 2699 4770 ut'anum
2728 4726 2927 4770 sumunt
2971 4704 3195 4786 pastores
3223 4733 3242 4771 .'
3280 4719 3350 4770 ita
3390 4734 3555 4782 nunc,
3598 4718 3722 4772 dum

2150 4814 2275 4880 festa
2303 4809 2600 4863 Juttaiorum
2638 4809 3016 4876 prazterierunt,
3046 4810 3130 4878 qui
3167 4819 3282 4862 sunt
3317 4812 3551 4880 quibusve
3588 4812 3722 4878 lupis

2148 4901 2488 4962 immaniores,
2516 4899 2690 4952 relicta
2712 4915 2884 4951 rursus
2905 4902 2932 4968 f
2931 4901 3084 4963 unda,
3109 4900 3371 4953 redeamus
3391 4902 3458 4953 ad
3475 4901 3721 4969 fistulam.

2149 4991 2280 5044 llinc
2305 4989 2453 5043 vides
2481 4989 2614 5043 hanc
2638 4989 2688 5042 in
2724 4989 2765 5043 P
2797 4990 2989 5042 almum
3017 4990 3077 5042 Μ
3111 4991 3378 5044 homiliam
3409 4999 3532 5044 tunc
3573 4991 3724 5045 habi-

2149 5089 2254 5133 tam
2287 5079 2468 5142 l'uisse,
2502 5093 2620 5133 cum
2651 5095 2818 5147 nuper
2847 5079 2911 5132 de
2955 5079 3338 5134 Melchisedeco
3376 5081 3538 5134 multa
3569 5081 3725 5135 dixis.

2147 5181 2261 5235 set,
2312 5179 2364 5224 ct
2408 5169 2648 5224 homilias
2693 5179 2876 5224 contra
2926 5169 3136 5224 Judteos
3179 5170 3511 5225 ahsolvisset.
3561 5173 3720 5225 Multa

2147 5274 2320 5317 autem
2344 5262 2410 5318 de
2437 5262 2819 5317 Melchisedeco
2839 5262 2969 5316 dixit
2993 5263 3043 5315 in
3069 5262 3282 5316 humilia
3305 5273 3488 5316 contra
3510 5263 3723 5318 Judaros

2150 5357 2372 5425 septima
2395 5397 2409 5421 ,
2441 5370 2560 5424 qua:
2598 5363 2676 5408 est
2726 5354 3011 5421 penultima
3052 5353 3190 5407 illius
3217 5355 3533 5422 argumenti.
3569 5353 3720 5421 Quod

2147 5464 2274 5500 vero
2319 5446 2386 5500 de
2429 5454 2640 5515 pastore
2682 5444 2840 5506 dicit,
2872 5444 3188 5497 adveniente
3234 5444 3358 5512 lupo
3400 5443 3612 5498 fundam
3641 5460 3722 5498 su-

2148 5549 2352 5604 tnente,
2395 5538 2446 5590 in
2480 5545 2664 5606 quarta
2705 5535 2948 5598 habetur,
2978 5535 3064 5587 ubi
3107 5535 3256 5588 initio
3293 5537 3510 5590 secundi
3537 5549 3723 5590 contra

2145 5632 2356 5687 Judazos
2381 5631 2506 5686 belli
2545 5631 2620 5683 sic
2643 5629 2918 5683 classicum
2945 5643 3136 5682 canere
3164 5629 3373 5684 videtur
3407 5625 3722 5699 Chrysosto.

2153 5740 2308 5780 mus:
2345 5721 2538 5776 Rursus
2561 5721 2786 5790 infelices
2826 5720 2904 5772 illi
2945 5719 3326 5788 mortaliumque
3367 5722 3590 5774 omnium
3623 5723 3718 5775 tui-
