4110 6148
357 307 458 363 HQ

355 415 547 471 serrtmi
581 413 758 470 ludcei
790 412 1076 484 jeiunaturi
1121 419 1272 468 sunt:
1301 425 1478 466 rursus
1513 408 1700 464 Christi
1740 420 1937 479 gregem

357 508 641 562 muniamus
688 520 887 560 necesse
950 513 1039 560 est.
1103 501 1518 572 Quandoquidem
1577 509 1624 556 et
1682 508 1939 566 pastores,

357 599 596 671 quamdiu
635 597 790 652 noxia
824 596 978 651 bestia
1001 597 1210 649 molesta
1238 611 1341 648 non
1375 601 1480 660 est,
1526 592 1618 646 sub
1656 591 1822 646 ilicem
1855 597 1945 643 aut

361 686 605 760 populum
647 688 896 757 porrecti,
928 687 1102 755 ﬁstula
1136 693 1356 751 canunt,
1396 684 1612 739 sinentes
1641 697 1753 736 oves
1795 681 1946 736 libere

362 797 452 852 pro
483 795 573 833 suo
599 778 847 833 arbitratu
877 793 1080 849 pascere
1103 793 1120 831 :
1145 793 1316 831 verum
1343 775 1495 830 simul
1532 783 1682 844 atque
1703 771 1946 826 senserint

361 868 594 924 alicunde
631 867 866 938 luporum
909 867 1247 921 incursionem
1287 865 1577 930 imminere,
1611 879 1729 917 mox
1753 860 1946 930 objecta

361 961 532 1032 fistula
555 963 771 1032 fundam
799 962 1073 1032 arripiunt,
1104 969 1150 1014 et
1175 961 1354 1014 emisso
1380 959 1576 1012 calamo
1597 999 1611 1023 ,
1645 956 1860 1027 fustibus
1898 961 1946 1007 et

360 1053 497 1106 saxis
525 1052 789 1105 obarmant
815 1067 951 1118 sese,
992 1065 1184 1121 proque
1220 1049 1340 1104 ovili
1367 1048 1721 1112 consistentes,
1763 1059 1944 1114 magno

362 1147 580 1200 clamore
604 1145 892 1214 ingentique
919 1143 1119 1198 ululatu
1148 1142 1495 1212 vociferantes,
1529 1139 1812 1208 frequenter
1835 1136 1945 1205 ipso

361 1236 584 1290 clamore
618 1238 814 1306 feram,
860 1233 1153 1303 priusquam
1178 1233 1460 1302 irrumpat,
1490 1230 1717 1300 abigunt.
1761 1226 1946 1295 Itaque

362 1335 486 1398 post
527 1326 898 1396 Septembrem
941 1325 1064 1379 anni
1090 1323 1215 1391 587,
1249 1333 1526 1394 postquam
1557 1321 1800 1376 homilias
1829 1319 1946 1372 illas

363 1419 600 1489 quinque
621 1426 805 1472 contra
830 1415 1042 1471 Iudaeos
1061 1415 1288 1481 dixerat,
1313 1413 1396 1468 vel
1423 1413 1646 1467 fortasse
1665 1418 1944 1481 postquam

364 1513 608 1569 ultimam
634 1510 861 1578 dixerat,
891 1525 1007 1580 quae
1028 1510 1188 1567 etiam
1215 1517 1330 1578 post
1351 1507 1612 1577 jejunium
1642 1503 1946 1560 Judmorum

365 1603 547 1657 habita
587 1601 714 1668 fuit,
745 1601 883 1657 hanc
912 1599 1183 1654 homiliam
1211 1598 1380 1665 dixit,
1416 1611 1572 1666 quam
1605 1603 1778 1648 tamen
1809 1592 1945 1646 inter

366 1693 745 1764 Expositiones
784 1693 839 1746 in
881 1691 1120 1746 Psalmos
1146 1691 1250 1743 alio
1289 1697 1530 1756 tempore
1565 1685 1908 1740 concinnatas
1930 1723 1944 1751 ,

363 1802 554 1842 eorum
583 1787 672 1857 qui
699 1799 796 1840 nos
821 1791 1205 1854 praecesserant
1226 1781 1470 1851 exemplo
1498 1779 1826 1847 reliquimus.

436 1878 621 1932 Primo
660 1885 836 1931 autem
860 1882 1040 1928 narrat
1064 1888 1164 1944 qua
1192 1871 1259 1926 de
1284 1885 1444 1926 causa
1474 1869 1613 1923 Deus
1639 1868 1869 1937 psalmos
1895 1867 1947 1921 in

363 1971 533 2023 vitam
577 1976 814 2021 nostram
842 1964 1128 2031 induxerit,
1177 1971 1233 2017 ut
1262 1975 1455 2030 nempe
1495 1959 1827 2014 socordiorcs
1854 1957 1948 2012 ho-

363 2061 543 2115 mines
571 2059 818 2127 erigeret,
845 2056 1074 2110 animam
1105 2061 1394 2116 recrearet,
1439 2050 1647 2119 aliaque
1682 2049 1819 2103 bona
1851 2046 1948 2101 ho-

363 2151 603 2205 minibus
635 2147 951 2216 impertiret.
983 2145 1172 2199 Postea
1203 2143 1269 2198 de
1312 2141 1471 2196 modo
1500 2138 1754 2210 psallendi
1784 2138 1950 2192 multa

363 2241 520 2307 dicit,
566 2249 619 2294 et
642 2239 847 2308 aliquas
884 2235 1100 2290 adhibet
1125 2247 1303 2299 voces,
1347 2231 1414 2286 ad
1443 2246 1559 2286 eam
1590 2245 1702 2284 rem
1729 2243 1950 2297 usurpa-

364 2341 472 2397 tas,
515 2345 648 2400 quas
699 2343 808 2384 non
853 2323 1361 2396 intelligenteshene
1409 2321 1561 2378 multi
1609 2320 1947 2390 interpretes,

365 2439 650 2496 perperam
671 2429 960 2486 verterunt,
992 2427 1045 2474 et
1068 2432 1293 2494 quarum
1316 2430 1470 2471 usum
1498 2422 1553 2470 et
1580 2428 1793 2468 sensum
1816 2409 1952 2465 mul-

364 2517 437 2570 tis
469 2516 692 2569 aliorum
712 2510 930 2568 Patrum
960 2518 1015 2567 et
1037 2510 1354 2580 scriptorum
1381 2505 1638 2574 exemplis
1665 2502 1952 2574 explicavi-

363 2625 494 2666 mus
523 2611 574 2662 in
606 2609 824 2663 Monito.

438 2700 733 2755 Catecheses
775 2699 843 2752 ad
886 2695 1268 2757 illuminandos.
1295 2723 1365 2734 —
1393 2693 1550 2748 Binas
1598 2689 1947 2756 Catecheses,

361 2808 505 2864 quas
531 2791 598 2846 ad
631 2789 1006 2845 illuminandos
1061 2803 1155 2843 seu
1191 2785 1600 2842 catechumenos
1628 2783 1951 2852 Chrysosto-

336 2901 494 2963 ﬁmus
523 2883 707 2938 habuit
746 2890 866 2952 post
893 2880 1150 2936 l‘lomilias
1174 2879 1241 2935 de
1264 2879 1463 2935 Statuis
1489 2875 1750 2932 edidimus
1777 2871 1862 2944 (Τ.
1891 2869 1947 2924 Ξ.

373 2997 420 3034 c.
454 2976 610 3046 225).
652 2976 773 3030 lllas
801 2989 946 3040 vero,
994 2973 1328 3042 maximeque
1371 2971 1595 3040 primam
1633 2967 1686 3021 in
1714 2964 1952 3033 Quadra-

360 3073 574 3143 gesima
602 3072 725 3125 anni
753 3069 855 3125 587
886 3069 1080 3124 dictam
1121 3067 1282 3122 fuisse
1312 3065 1656 3136 probabiliter
1680 3062 1955 3118 existima-

363 3182 528 3233 mus;
579 3162 949 3219 Tillemontius
995 3175 1124 3216 vero
1173 3161 1226 3214 in
1273 3173 1470 3213 annum
1521 3157 1628 3212 588
1676 3164 1952 3224 utramque

362 3258 664 3315 amandare
688 3256 906 3312 mavult.
937 3255 1051 3323 Qua
1081 3253 1149 3309 de
1177 3268 1236 3307 re
1260 3253 1498 3322 pluribus
1523 3249 1869 3305 disseruimus
1898 3247 1950 3302 in

361 3349 573 3405 Monito
616 3347 683 3402 ad
713 3347 949 3411 easdem,
983 3345 1070 3400 ubi
1109 3343 1229 3399 vide
1270 3343 1364 3398 sis.
1411 3343 1465 3396 In
1494 3341 1663 3411 prima
1707 3339 1952 3394 catechu-

363 3456 562 3497 menos
585 3439 832 3506 instituit,
863 3447 916 3493 et
953 3437 1107 3492 docet
1145 3451 1209 3491 ea
1236 3451 1354 3505 qum
1384 3435 1521 3489 scire
1550 3449 1644 3503 par
1673 3441 1788 3488 erat
1817 3449 1829 3486 :
1859 3447 1953 3486 ne-

363 3548 476 3604 que
506 3532 648 3586 enim
674 3528 854 3586 omnia
876 3527 1201 3584 docebantur
1221 3524 1612 3590 catcchumeni;
1643 3523 1952 3594 mysterium

367 3638 605 3692 namque
655 3620 837 3675 calicis
890 3619 1235 3689 ignorabant,
1289 3615 1461 3671 donec
1516 3615 1705 3669 initiati
1751 3621 1951 3668 essent.

368 3715 582 3772 Laudat
622 3714 741 3768 illos
777 3711 918 3783 quod
958 3711 1184 3780 juvenes
1223 3708 1542 3777 baptismum
1580 3713 1758 3760 essent
1799 3718 1953 3759 acce-

369 3807 538 3878 pturi,
567 3805 885 3872 illorumque
929 3799 1302 3870 negligentiam
1345 3795 1628 3865 improbat,
1659 3796 1750 3865 qui
1779 3793 1954 3863 bapti-

367 3912 551 3954 smum
594 3894 909 3949 differebant
951 3906 1116 3962 usque
1162 3889 1228 3944 ad
1276 3897 1523 3942 mortem.
1554 3887 1806 3957 Baptismi
1857 3900 1955 3940 no-

369 3991 521 4048 mina
570 3988 738 4044 multa
776 4001 894 4041 esse
923 3985 1098 4047 docet,
1140 3997 1331 4052 nempe
1368 3983 1638 4036 lavacrum
1676 3994 1958 4050 regenera-

371 4083 558 4148 tionis,
587 4078 920 4142 illuminatio,
943 4076 1227 4146 baptisma,
1260 4073 1553 4143 sepultura,
1581 4086 1710 4125 crux
1739 4081 1792 4125 et
1817 4070 1917 4124 alia
1942 4087 1957 4125 :

373 4177 712 4243 multumque
735 4171 1021 4226 discrimen
1047 4183 1166 4222 esse
1195 4167 1322 4222 dicit
1347 4167 1485 4220 inter
1516 4165 1834 4234 baptismum
1863 4162 1960 4218 Ju-

375 4269 617 4324 dtcorum
634 4273 690 4320 et
705 4263 1146 4320 Christianorum.
1161 4259 1463 4315 Christiano
1484 4259 1715 4328 linguam
1732 4256 1962 4310 maxime

376 4358 734 4418 cohibendam
777 4371 915 4422 esse,
962 4370 1029 4410 ex
1072 4367 1174 4424 qua
1223 4353 1401 4422 lapsus
1435 4351 1586 4406 multi
1627 4347 1960 4420 proveniant.

377 4453 594 4510 Claudit
639 4452 857 4507 demum
910 4447 1092 4504 dicens
1138 4461 1170 4501 a
1221 4445 1536 4516 iuramentis
1590 4442 1963 4499 abstinendum

378 4564 522 4616 esse,
554 4544 699 4618 quod
741 4544 936 4599 malum
971 4539 1264 4596 Antiochia:
1307 4538 1535 4593 maxime
1560 4545 1684 4591 tunc
1712 4535 1966 4604 temporis

383 4642 700 4705 invaluerat,
733 4645 894 4706 atque
923 4634 1017 4688 illo
1040 4632 1212 4686 solum
1251 4644 1391 4685 anno
1416 4628 1518 4684 587
1547 4643 1641 4697 per
1665 4625 1968 4695 Quadrage-

384 4734 576 4788 simam
618 4738 785 4785 totam
828 4734 1017 4782 contra
1048 4724 1348 4794 juramenta
1387 4719 1690 4775 concionari
1740 4717 1964 4784 solebat,

387 4823 530 4894 quod
559 4820 877 4877 sententiam
907 4828 1144 4873 nostram
1171 4813 1383 4868 ﬁrmare
1402 4810 1631 4866 videtur.

459 4915 516 4969 ln
546 4910 779 4974 secunda
809 4907 1073 4966 catechesi
1101 4904 1519 4959 illuminatorum
1547 4914 1640 4955 seu
1675 4899 1968 4969 baptizato-

389 5022 509 5062 rum
538 5003 715 5060 ofﬁcia
756 5002 987 5072 explicat
1016 5016 1031 5054 :
1059 4997 1224 5054 verba
1250 4995 1416 5052 refert
1456 4993 1512 5049 in
1538 4992 1803 5062 baptismo
1840 5005 1968 5061 pro-

391 5099 520 5165 lata,
551 5111 762 5167 nempe,
792 5092 1100 5149 Abt-enuntio
1126 5090 1234 5156 tibi,
1261 5083 1473 5154 Satana,
1507 5095 1551 5142 et
1580 5100 1779 5156 pompa:
1803 5093 1900 5137 tua:
1924 5091 1972 5136 et

392 5190 550 5244 cultui
573 5198 678 5243 tuo.
709 5185 863 5243 Unde
905 5183 1240 5240 occasionem
1288 5178 1450 5235 sumit
1493 5175 1744 5247 carpendi
1786 5173 1976 5228 mulie-

393 5297 517 5349 res,
560 5295 682 5353 quae
729 5279 895 5333 nimio
939 5275 1148 5331 ornatui
1195 5271 1498 5328 studebant.
1551 5269 1804 5336 Pompam
1848 5279 1975 5319 vero

395 5374 684 5429 satanicam
714 5381 832 5427 esse
857 5368 1004 5434 dicit,
1028 5367 1252 5426 theatra,
1272 5363 1540 5418 circenses
1568 5359 1741 5424 ludos,
1768 5355 1975 5411 dierum

397 5463 820 5528 observationes,
863 5457 1157 5531 prmstigias
1199 5462 1254 5509 et
1286 5452 1483 5508 omina.
1522 5447 1777 5519 Loquitur
1815 5445 1976 5501 etiam

399 5559 466 5614 de
494 5557 579 5623 iis,
607 5557 696 5626 qui
733 5551 1056 5610 carminibus
1098 5556 1152 5603 et
1187 5545 1425 5618 ligaturis
1451 5542 1753 5607 utebantur,
1784 5539 1978 5610 quique

403 5648 721 5703 numismata
751 5640 1037 5699 Alexandri
1078 5636 1380 5693 Macedonis
1423 5647 1583 5688 aurea
1615 5630 1773 5701 capiti
1799 5637 1852 5684 et
1882 5643 1976 5698 pe-

404 5738 558 5797 dibus
584 5732 1042 5806 circumligabant,
1069 5737 1226 5802 atquc
1270 5729 1320 5784 in
1362 5727 1501 5798 regis
1529 5723 1815 5783 idololatrac
1845 5721 1977 5776 ima-

1518 293 1700 352 ΝυΝο
1740 287 2002 348 PRIMUM
2037 285 2430 346 ADORNATA.

3519 295 3623 354 I30

2048 405 2170 474 gine
2192 418 2342 474 spem
2365 403 2664 461 habebant:
2687 413 2742 460 at
2767 405 2818 461 in
2843 421 3001 462 cruce
3019 407 3215 465 Christi
3246 419 3445 467 tantum
3470 428 3622 484 spem

2045 493 2345 549 habendam
2371 509 2490 550 esse
2513 496 2656 550 dicit.
2694 495 2753 550 ln
2783 497 3084 566 hujusmodi
3127 500 3339 556 insanas
3368 505 3623 572 supersti-

2047 585 2220 640 tiones
2249 585 2410 640 multa
2439 586 2674 655 profert,
2705 597 2759 642 et
2797 602 2890 642 eos
2929 589 3018 658 qui
3049 589 3439 648 incantamenta
3468 594 3622 648 adhi-

2047 673 2235 732 berent
2264 675 2727 733 vehementissime
2771 681 3214 752 coarguitLatque
3243 685 3344 738 hoc
3375 684 3623 753 baptismi

2046 765 2188 821 dicto
2221 767 2523 822 catechesin
2568 768 2784 834 claudit,
2831 769 3134 826 Abrenuntio
3184 773 3291 839 tibi,
3324 771 3535 843 Satana,
3578 785 3625 830 et

2049 873 2246 928 pompa:
2274 868 2374 914 tute
2400 869 2448 915 et
2472 861 2632 914 cultui
2657 868 2764 928 tuo,
2794 871 2842 916 et
2871 863 3146 935 conjungor
3167 866 3273 933 tibi,
3301 866 3516 922 Christe.

2121 947 2363 1004 Homilice
2403 952 2466 1004 de
2517 949 2904 1020 Prop/tetiarum
2944 954 3260 1010 obscuritate.
3287 986 3359 997 —-
3382 957 3624 1013 liomilias

2049 1041 2167 1096 dua:
2194 1042 2259 1097 de
2288 1042 2689 1113 Prophetiarum
2713 1044 3035 1100 obscuritate
3061 1046 3126 1101 ad
3156 1062 3350 1102 annum
3372 1049 3475 1105 588
3500 1067 3626 1106 con-

2049 1135 2324 1205 signantur
2363 1151 2393 1190 a
2433 1137 2502 1191 el.
2531 1137 2644 1192 viro
2674 1137 3032 1205 Tillemontio,
3079 1138 3173 1193 sed
3216 1155 3280 1194 ex
3325 1142 3627 1210 conjectura

2055 1234 2258 1280 tantum
2289 1225 2374 1297 (T.
2417 1227 2470 1282 6.
2518 1244 2560 1280 c.
2593 1226 2758 1299 165);
2793 1237 2951 1299 atque
2987 1244 3053 1284 ex
3081 1229 3145 1285 iis
3175 1246 3292 1301 qua:
3332 1233 3384 1286 in
3429 1233 3626 1290 Monito

2051 1314 2280 1369 diximus
2309 1316 2564 1370 incertum
2603 1332 2824 1386 prorsus
2861 1318 3086 1385 videtur,
3121 1335 3226 1389 quo
3253 1336 3393 1376 anno
3419 1323 3628 1380 emissa:

2051 1405 2270 1462 fuerint.
2314 1406 2370 1462 ln
2398 1408 2568 1478 prima
2606 1408 2763 1464 docet
2789 1411 3057 1480 quomodo
3083 1413 3355 1467 tractanda
3384 1415 3452 1468 sit
3480 1414 3630 1470 Scri-

2052 1507 2203 1568 plura
2234 1515 2404 1564 sacra,
2432 1499 2500 1556 de
2528 1501 2912 1557 Melchisedeco
2942 1503 3182 1573 quaedam
3208 1503 3387 1570 habet,
3413 1521 3475 1560 ac
3501 1523 3630 1577 pau-

2051 1590 2129 1644 cis
2142 1591 2429 1646 Anommos
2445 1592 2635 1661 carpit,
2655 1600 2708 1647 et
2722 1601 2905 1648 contra
2925 1593 3202 1649 haereticos
3220 1597 3404 1664 probat
3418 1612 3632 1667 genera-

2053 1681 2252 1738 tionem
2271 1680 2467 1738 Christi
2493 1693 2747 1739 aeternam
2777 1699 2912 1751 esse,
2939 1686 3333 1755 generationem
3365 1701 3493 1743 vero
3516 1687 3634 1760 ejus

2054 1775 2406 1844 corporalem,
2447 1775 2549 1831 etsi
2596 1786 2818 1843 certam,
2866 1779 3086 1849 intelligi
3135 1789 3189 1834 et
3225 1781 3478 1849 explicari
3524 1797 3632 1837 non

2054 1881 2254 1936 posse:
2284 1865 2448 1920 Vetus
2489 1867 2888 1929 Testamentum
2926 1869 3206 1924 obscurum
3248 1887 3366 1928 esse
3407 1873 3536 1928 dicit
3579 1882 3634 1929 et

2055 1958 2297 2014 consulto
2323 1974 2386 2014 ex
2421 1959 2599 2014 divina
2635 1960 2964 2028 providentia
2999 1961 3212 2028 factum,
3247 1972 3304 2017 ut
3344 1964 3631 2019 obscurum

2055 2059 2109 2106 et
2155 2050 2416 2120 explicatu
2464 2049 2676 2105 difﬁcile
2731 2050 3192 2121 esset:additque
3243 2055 3628 2122 prmscientiam

2058 2142 2150 2198 Dei
2199 2157 2302 2197 non
2343 2157 2462 2198 esse
2489 2151 2829 2213 peccatorum
2875 2158 3112 2198 causam.
3145 2143 3269 2198 Ideo
3298 2153 3475 2200 autem
3501 2162 3627 2216 pro-

2058 2234 2244 2305 phetas
2297 2233 2522 2290 obscure
2569 2233 2742 2290 futura
2796 2235 3139 2290 annuntiasse
3177 2244 3345 2304 putat,
3390 2251 3458 2291 ne
3507 2248 3630 2292 ante

2057 2332 2266 2394 tempus
2290 2323 2458 2380 Judazi
2496 2325 2585 2379 illa
2617 2324 2991 2394 intelligerent.
3038 2325 3222 2395 Neque
3250 2335 3426 2382 tamen
3454 2329 3632 2382 omnia

2057 2415 2280 2470 obscura
2308 2414 2506 2482 fuisse;
2539 2430 2662 2470 nam
2690 2415 2874 2470 inutile
2912 2415 3102 2474 fuisset
3136 2416 3213 2472 sic
3253 2415 3430 2476 futura
3456 2418 3634 2474 omnia

2057 2505 2432 2575 prmnuntiare.‘

2127 2596 2187 2650 In
2211 2596 2442 2650 secunda
2472 2610 2700 2666 quoque,
2723 2611 2842 2667 quae
2873 2597 3009 2652 inter
3037 2597 3372 2669 longissimas
3396 2599 3632 2668 Chrysa-
3721 2625 3734 2628 -

2057 2686 2213 2740 stomi
2236 2687 2521 2741 conciones
2550 2686 2902 2756 computanda
2946 2695 3047 2751 est,
3078 2701 3266 2743 causas
3295 2689 3634 2743 obscuritatis

2056 2779 2227 2836 atl‘ert.
2258 2780 2434 2834 Prima
2477 2795 2635 2835 causa
2667 2788 2770 2845 est,
2802 2779 2923 2850 quia
2967 2780 3105 2836 sicut
3130 2782 3387 2835 velamem
3426 2781 3636 2853 Moyses

2058 2873 2110 2927 in
2143 2881 2324 2927 monte
2359 2871 2562 2939 habuit,
2595 2871 2687 2942 qui
2725 2871 2930 2942 Moyses
2955 2871 3225 2942 legislator
3261 2879 3344 2926 est
3367 2890 3381 2926 :
3405 2872 3474 2932 ita
3502 2887 3636 2947 quo-

2057 2981 2158 3036 que
2191 2967 2362 3036 legem
2390 2965 2628 3020 velamen
2675 2963 2944 3029 habuisse,
2987 2977 3179 3031 nempe
3221 2963 3632 3025 obscuritatem;

2056 3057 2152 3112 sed
2204 3071 2375 3126 neque
2421 3055 2710 3125 legislatori
2757 3054 2884 3109 vitio
2928 3053 3235 3109 vertendum
3252 3094 3272 3121 ,
3317 3069 3488 3124 neque
3533 3053 3635 3124 legi

2057 3148 2263 3205 crimini
2290 3147 2521 3202 dandum
2548 3146 2710 3201 fuisse
2738 3146 3000 3211 velamen,
3033 3145 3127 3199 sed
3153 3145 3457 3198 auditorum
3489 3144 3635 3198 inﬁr-

2057 3241 2230 3294 mitati
2264 3238 2620 3293 tribuendum.
2663 3235 2904 3309 Secunda
2931 3249 3089 3288 causa
3116 3234 3457 3288 obscuritatis
3483 3243 3632 3288 vete-

2056 3333 2132 3388 ris
2165 3331 2491 3387 Tcstamenti
2542 3338 2644 3395 est,
2689 3328 2810 3398 quia
2853 3341 2960 3380 non
3010 3326 3266 3394 scriptum
3309 3324 3407 3378 fuit
3457 3324 3635 3396 lingua

2058 3424 2262 3490 Grmca,
2313 3420 2408 3476 sed
2439 3419 2736 3484 chraica;
2786 3432 2906 3472 cum
2949 3425 3126 3471 autem
3171 3431 3236 3470 ex
3282 3415 3539 3470 llebraica
3584 3416 3637 3470 in

2060 3515 2300 3572 Graecam
2340 3513 2572 3583 linguam
2609 3510 2918 3566 translatum
2958 3509 3138 3575 fuerit,
3170 3508 3452 3561 maximam
3481 3507 3640 3560 habet

2059 3607 2442 3664 difﬁcultatem.
2485 3603 2820 3665 Translatum
2863 3612 3038 3656 autem
3076 3599 3176 3654 fuit
3203 3599 3407 3665 Grmee,
3447 3598 3635 3667 inquit,

2061 3684 2160 3758 sub
2199 3700 2485 3755 Ptolenimo
2524 3712 2668 3766 rege,
2697 3695 2948 3750 trecentis
2990 3693 3143 3748 annis
3185 3700 3309 3747 ante
3347 3691 3634 3746 adventum

2059 3792 2288 3857 Christi;
2337 3790 2594 3845 adventus
2651 3795 2827 3842 autem
2879 3783 3075 3840 Christi
3128 3799 3247 3854 qua:
3290 3783 3639 3837 amiseramus

2061 3888 2300 3942 anetiora
2328 3883 2481 3938 nobis
2506 3881 2754 3937 restituit.
2787 3878 2922 3932 Dicit
2951 3887 3134 3947 postea
3176 3876 3472 3930 orationem
3503 3877 3638 3930 mul-

2063 3977 2300 4033 titudinis
2327 3989 2570 4045 magnam
2598 3972 2702 4026 vim
2725 3970 2941 4024 habere.
2977 3969 3070 4023 llis
3095 3967 3239 4021 addit
3264 3967 3472 4022 diaconi
3501 3967 3639 4022 dicta

2063 4069 2116 4124 in
2137 4068 2388 4138 Liturgia,
2419 4065 2568 4136 queis
2593 4063 2802 4134 plebem
2830 4061 2894 4115 ad
2922 4059 3242 4129 precandum
3265 4059 3526 4112 hortatur.
3554 4059 3643 4114 Ait

2063 4159 2256 4215 deinde
2294 4173 2502 4212 morum
2537 4153 2920 4212 correctionem
2964 4149 3250 4220 Scriptura:
3288 4164 3453 4203 sacra:
3481 4149 3639 4201 ﬁnem

2065 4264 2185 4304 esse
2217 4266 2230 4302 :
2261 4256 2316 4302 et
2347 4256 2622 4316 postquam
2653 4251 2839 4299 contra
2869 4241 3187 4295 Maniclneos
3223 4238 3463 4308 quaedam
3490 4237 3643 4293 dixe-

2066 4351 2168 4406 rat,
2211 4337 2408 4392 claudit
2447 4336 2628 4390 dicens
2665 4340 3008 4406 peccatorum
3056 4330 3481 4386 recordationem
3524 4341 3643 4384 esse

2067 4430 2308 4504 peccanti
2336 4427 2652 4483 remedium.

2138 4521 2268 4578 Alia:
2295 4521 2579 4575 conciones.
2609 4545 2680 4555 —
2698 4511 2995 4570 Secundam
3025 4510 3093 4565 de
3117 4509 3520 4578 Prophetiarum
3547 4510 3644 4562 ob-

2070 4617 2319 4675 scuritate
2358 4611 2627 4666 homiliam
2663 4607 2716 4662 in
2751 4605 3021 4659 Dominica
3048 4603 3272 4657 dixerat.
3301 4601 3490 4656 Paucis
3518 4616 3648 4656 vero

2072 4717 2258 4781 postea
2287 4706 2477 4763 diebus
2518 4703 2660 4756 illam
2687 4697 2958 4752 homiliam
2990 4693 3174 4750 habuit
3202 4692 3290 4765 (T.
3316 4692 3370 4746 2.
3423 4705 3464 4746 c.
3492 4691 3646 4761 245),

2071 4818 2192 4875 quae
2236 4798 2558 4862 inscribitur,
2597 4793 2847 4848 Adversus
2891 4805 2974 4843 eos
3017 4787 3101 4858 qui
3144 4786 3361 4839 dicerent
3393 4794 3650 4836 anemonas

2074 4873 2350 4966 gubernare
2388 4904 2467 4943 res
2498 4887 2767 4940 humanas.
2807 4880 2865 4936 In
2906 4880 3062 4950 hujus
3087 4879 3229 4933 enim
3269 4875 3528 4946 principio
3561 4873 3650 4928 illa

2075 4963 2253 5040 omnia
2281 4977 2495 5050 repetit,
2528 4991 2644 5046 quae
2679 4973 2732 5028 in
2773 4973 2877 5026 ﬁne
2903 4971 3043 5025 illius
3068 4966 3340 5023 concionis
3369 4979 3427 5020 se
3455 4963 3653 5019 dixisse

2081 5072 2423 5136 testiﬁcatur;
2452 5067 2704 5122 nimirum
2748 5063 2816 5118 de
2860 5059 3058 5116 sanctis
3089 5059 3354 5129 justisque
3381 5056 3531 5120 viris,
3564 5054 3653 5124 qui

2079 5181 2173 5222 sua
2202 5171 2440 5239 peccata,
2470 5174 2576 5214 non
2607 5168 2785 5212 autem
2821 5153 3017 5217 aliena,
3046 5165 3166 5205 cum
3193 5145 3378 5202 dolore
3405 5160 3653 5201 exsecra-

2080 5236 2345 5325 tionisque
2401 5247 2785 5321 signiﬁcatione
2839 5238 3332 5298 commemorabant
3369 5253 3382 5290 :
3415 5236 3655 5305 exempla

2080 5348 2222 5404 enim
2252 5343 2436 5400 eadem
2463 5340 2640 5396 omnia
2662 5336 2959 5406 eodemque
2989 5332 3175 5387 ordine
3201 5339 3466 5386 recenset.
3499 5327 3657 5384 Ordi-

2082 5448 2167 5494 tur
2205 5444 2384 5490 autem
2412 5432 2479 5487 ab
2507 5427 2960 5486 Antiochenorum
3006 5423 3335 5486 assiduitate,
3377 5421 3554 5489 aitque
3598 5417 3660 5470 ti—

2084 5528 2284 5586 muisse
2322 5541 2382 5581 se
2411 5538 2482 5578 ne
2503 5519 2897 5590 multiplicitate
2926 5516 3185 5572 dictorum
3215 5512 3485 5568 fastidium
3513 5522 3660 5562 crea-

2084 5629 2204 5688 ret;
2255 5617 2350 5675 sed
2375 5615 2604 5688 gaudere
2632 5627 2692 5668 se
2715 5609 2859 5681 quod
2901 5607 3070 5678 magis
3094 5605 3419 5662 desiderium
3464 5609 3518 5651 et
3562 5612 3661 5649 au-

2088 5685 2267 5773 diendi
2283 5685 2603 5778 voluptatem
2623 5701 2827 5760 auxerit
2850 5717 2864 5768 ;
2892 5709 3000 5755 tum
3022 5697 3264 5768 superius
3289 5693 3426 5747 dicta
3445 5685 3661 5757 repetit,
