  <div class='ocr_page' id='page_1' title='image "/cluster/home/n/w/nwhite01/storage/ocr_20150623/47/mdp.39015012902212/163.png"; bbox 0 0 4110 6148; ppageno 0'>
   <div class='ocr_carea' id='block_1_1' title="bbox 451 242 546 299">
    <p class='ocr_par' dir='ltr' id='par_1_1' title="bbox 451 242 546 299">
     <span class='ocr_line' id='line_1_1' title="bbox 451 242 546 299; baseline -0.042 -1"><span class='ocrx_word' id='word_1_1' title='bbox 451 242 546 299; x_wconf 69' lang='grc'><strong>131</strong></span> 
     </span>
    </p>
   </div>
   <div class='ocr_carea' id='block_1_2' title="bbox 454 339 2028 418">
    <p class='ocr_par' dir='ltr' id='par_1_2' title="bbox 454 339 2028 418">
     <span class='ocr_line' id='line_1_2' title="bbox 454 339 2028 418; baseline -0.006 -13"><span class='ocrx_word' id='word_1_2' title='bbox 454 363 512 406; x_wconf 89' lang='lat' dir='ltr'><strong>ut</strong></span> <span class='ocrx_word' id='word_1_3' title='bbox 539 351 793 417; x_wconf 76' lang='lat' dir='ltr'><strong>diximus,</strong></span> <span class='ocrx_word' id='word_1_4' title='bbox 816 360 870 405; x_wconf 91' lang='lat' dir='ltr'><strong>et</strong></span> <span class='ocrx_word' id='word_1_5' title='bbox 894 356 1071 418; x_wconf 85' lang='lat' dir='ltr'><strong>postea</strong></span> <span class='ocrx_word' id='word_1_6' title='bbox 1100 356 1399 399; x_wconf 90' lang='lat' dir='ltr'><strong>sermonem</strong></span> <span class='ocrx_word' id='word_1_7' title='bbox 1416 340 1622 396; x_wconf 88' lang='lat' dir='ltr'><strong>orditur</strong></span> <span class='ocrx_word' id='word_1_8' title='bbox 1647 355 1868 397; x_wconf 86' lang='lat' dir='ltr'><strong>narrans</strong></span> <span class='ocrx_word' id='word_1_9' title='bbox 1890 339 2028 395; x_wconf 89' lang='lat' dir='ltr'><strong>unde</strong></span> 
     </span>
    </p>
   </div>
   <div class='ocr_carea' id='block_1_3' title="bbox 450 434 2031 516">
    <p class='ocr_par' dir='ltr' id='par_1_3' title="bbox 450 434 2031 516">
     <span class='ocr_line' id='line_1_3' title="bbox 450 434 2031 516; baseline -0.008 -18"><span class='ocrx_word' id='word_1_10' title='bbox 450 446 710 516; x_wconf 88' lang='lat' dir='ltr'><strong>originem</strong></span> <span class='ocrx_word' id='word_1_11' title='bbox 740 442 952 498; x_wconf 87' lang='lat' dir='ltr'><strong>duxerit</strong></span> <span class='ocrx_word' id='word_1_12' title='bbox 973 438 1162 494; x_wconf 88' lang='lat' dir='ltr'><strong>divisio</strong></span> <span class='ocrx_word' id='word_1_13' title='bbox 1189 437 1504 505; x_wconf 84' lang='lat' dir='ltr'><strong>linguarum.</strong></span> <span class='ocrx_word' id='word_1_14' title='bbox 1534 434 1670 489; x_wconf 82' lang='lat' dir='ltr'><strong>[line</strong></span> <span class='ocrx_word' id='word_1_15' title='bbox 1690 442 1872 489; x_wconf 89' lang='lat' dir='ltr'><strong>narrat</strong></span> <span class='ocrx_word' id='word_1_16' title='bbox 1891 434 2031 489; x_wconf 79' lang='lat' dir='ltr'><strong>Ada-</strong></span> 
     </span>
    </p>
   </div>
   <div class='ocr_carea' id='block_1_4' title="bbox 452 523 2029 602">
    <p class='ocr_par' dir='ltr' id='par_1_4' title="bbox 452 523 2029 602">
     <span class='ocr_line' id='line_1_4' title="bbox 452 523 2029 602; baseline -0.007 -13"><span class='ocrx_word' id='word_1_17' title='bbox 452 550 596 589; x_wconf 89' lang='lat' dir='ltr'><strong>mum</strong></span> <span class='ocrx_word' id='word_1_18' title='bbox 622 532 673 587; x_wconf 92' lang='lat' dir='ltr'><strong>in</strong></span> <span class='ocrx_word' id='word_1_19' title='bbox 702 541 856 602; x_wconf 91' lang='lat' dir='ltr'><strong>portu</strong></span> <span class='ocrx_word' id='word_1_20' title='bbox 887 528 1213 598; x_wconf 84' lang='lat' dir='ltr'><strong>naufragium</strong></span> <span class='ocrx_word' id='word_1_21' title='bbox 1241 524 1430 581; x_wconf 83' lang='lat' dir='ltr'><strong>fecisse</strong></span> <span class='ocrx_word' id='word_1_22' title='bbox 1453 540 1467 592; x_wconf 89' lang='lat'><strong>;</strong></span> <span class='ocrx_word' id='word_1_23' title='bbox 1500 539 1692 595; x_wconf 85' lang='lat' dir='ltr'><strong>nempe</strong></span> <span class='ocrx_word' id='word_1_24' title='bbox 1726 538 1849 585; x_wconf 89' lang='lat' dir='ltr'><strong>cum</strong></span> <span class='ocrx_word' id='word_1_25' title='bbox 1875 523 2029 581; x_wconf 83' lang='lat' dir='ltr'><strong>bonis</strong></span> 
     </span>
    </p>
   </div>
   <div class='ocr_carea' id='block_1_5' title="bbox 452 614 2028 685">
    <p class='ocr_par' dir='ltr' id='par_1_5' title="bbox 452 614 2028 685">
     <span class='ocr_line' id='line_1_5' title="bbox 452 614 2028 685; baseline -0.007 -5"><span class='ocrx_word' id='word_1_26' title='bbox 452 624 699 680; x_wconf 91' lang='lat' dir='ltr'><strong>omnibus</strong></span> <span class='ocrx_word' id='word_1_27' title='bbox 751 620 1067 685; x_wconf 80' lang='lat' dir='ltr'><strong>abundaret,</strong></span> <span class='ocrx_word' id='word_1_28' title='bbox 1121 617 1381 673; x_wconf 76' lang='lat' dir='ltr'><strong>suadente</strong></span> <span class='ocrx_word' id='word_1_29' title='bbox 1427 616 1660 682; x_wconf 81' lang='lat' dir='ltr'><strong>diabolo,</strong></span> <span class='ocrx_word' id='word_1_30' title='bbox 1707 630 1739 669; x_wconf 90' lang='lat' dir='ltr'><strong>e</strong></span> <span class='ocrx_word' id='word_1_31' title='bbox 1782 614 2028 684; x_wconf 78' lang='lat' dir='ltr'><strong>paradiso</strong></span> 
     </span>
    </p>
   </div>
   <div class='ocr_carea' id='block_1_6' title="bbox 451 707 2029 788">
    <p class='ocr_par' dir='ltr' id='par_1_6' title="bbox 451 707 2029 788">
     <span class='ocr_line' id='line_1_6' title="bbox 451 707 2029 788; baseline -0.008 -15"><span class='ocrx_word' id='word_1_32' title='bbox 451 719 654 788; x_wconf 88' lang='lat' dir='ltr'><strong>ejectus</strong></span> <span class='ocrx_word' id='word_1_33' title='bbox 692 716 828 781; x_wconf 89' lang='lat' dir='ltr'><strong>fuit;</strong></span> <span class='ocrx_word' id='word_1_34' title='bbox 871 714 965 770; x_wconf 88' lang='lat' dir='ltr'><strong>sed</strong></span> <span class='ocrx_word' id='word_1_35' title='bbox 1009 714 1176 768; x_wconf 89' lang='lat' dir='ltr'><strong>Deum</strong></span> <span class='ocrx_word' id='word_1_36' title='bbox 1215 710 1455 766; x_wconf 74' lang='lat' dir='ltr'><strong>effecisse</strong></span> <span class='ocrx_word' id='word_1_37' title='bbox 1488 717 1550 764; x_wconf 90' lang='lat' dir='ltr'><strong>ut</strong></span> <span class='ocrx_word' id='word_1_38' title='bbox 1594 710 1801 764; x_wconf 91' lang='lat' dir='ltr'><strong>lucrum</strong></span> <span class='ocrx_word' id='word_1_39' title='bbox 1832 707 2029 763; x_wconf 89' lang='lat' dir='ltr'><strong>damno</strong></span> 
     </span>
    </p>
   </div>
   <div class='ocr_carea' id='block_1_7' title="bbox 447 798 2026 877">
    <p class='ocr_par' dir='ltr' id='par_1_7' title="bbox 447 798 2026 877">
     <span class='ocr_line' id='line_1_7' title="bbox 447 798 2026 877; baseline -0.006 -16"><span class='ocrx_word' id='word_1_40' title='bbox 447 807 619 877; x_wconf 81' lang='lat' dir='ltr'><strong>majus</strong></span> <span class='ocrx_word' id='word_1_41' title='bbox 645 814 810 869; x_wconf 91' lang='lat' dir='ltr'><strong>esset,</strong></span> <span class='ocrx_word' id='word_1_42' title='bbox 839 813 895 860; x_wconf 88' lang='lat' dir='ltr'><strong>et</strong></span> <span class='ocrx_word' id='word_1_43' title='bbox 927 811 1171 859; x_wconf 87' lang='lat' dir='ltr'><strong>naturam</strong></span> <span class='ocrx_word' id='word_1_44' title='bbox 1197 810 1434 856; x_wconf 88' lang='lat' dir='ltr'><strong>nostram</strong></span> <span class='ocrx_word' id='word_1_45' title='bbox 1463 800 1531 854; x_wconf 91' lang='lat' dir='ltr'><strong>ad</strong></span> <span class='ocrx_word' id='word_1_46' title='bbox 1554 799 1800 854; x_wconf 90' lang='lat' dir='ltr'><strong>thronum</strong></span> <span class='ocrx_word' id='word_1_47' title='bbox 1823 798 2026 868; x_wconf 89' lang='lat' dir='ltr'><strong>regium</strong></span> 
     </span>
    </p>
   </div>
   <div class='ocr_carea' id='block_1_8' title="bbox 445 888 2027 956">
    <p class='ocr_par' dir='ltr' id='par_1_8' title="bbox 445 888 2027 956">
     <span class='ocr_line' id='line_1_8' title="bbox 445 888 2027 956; baseline -0.007 -4"><span class='ocrx_word' id='word_1_48' title='bbox 445 897 724 952; x_wconf 89' lang='lat' dir='ltr'><strong>extulisse.</strong></span> <span class='ocrx_word' id='word_1_49' title='bbox 753 894 886 949; x_wconf 87' lang='lat' dir='ltr'><strong>Nam</strong></span> <span class='ocrx_word' id='word_1_50' title='bbox 919 894 1058 948; x_wconf 89' lang='lat' dir='ltr'><strong>Deus</strong></span> <span class='ocrx_word' id='word_1_51' title='bbox 1089 907 1194 947; x_wconf 94' lang='lat' dir='ltr'><strong>non</strong></span> <span class='ocrx_word' id='word_1_52' title='bbox 1232 906 1353 946; x_wconf 92' lang='lat' dir='ltr'><strong>cum</strong></span> <span class='ocrx_word' id='word_1_53' title='bbox 1390 890 1479 945; x_wconf 89' lang='lat' dir='ltr'><strong>dat</strong></span> <span class='ocrx_word' id='word_1_54' title='bbox 1514 888 1696 956; x_wconf 92' lang='lat' dir='ltr'><strong>modo,</strong></span> <span class='ocrx_word' id='word_1_55' title='bbox 1738 888 1833 943; x_wconf 89' lang='lat' dir='ltr'><strong>sed</strong></span> <span class='ocrx_word' id='word_1_56' title='bbox 1867 888 2027 943; x_wconf 89' lang='lat' dir='ltr'><strong>etiam</strong></span> 
     </span>
    </p>
   </div>
   <div class='ocr_carea' id='block_1_9' title="bbox 448 978 2024 1051">
    <p class='ocr_par' dir='ltr' id='par_1_9' title="bbox 448 978 2024 1051">
     <span class='ocr_line' id='line_1_9' title="bbox 448 978 2024 1051; baseline -0.006 -8"><span class='ocrx_word' id='word_1_57' title='bbox 448 1003 567 1043; x_wconf 91' lang='lat' dir='ltr'><strong>cum</strong></span> <span class='ocrx_word' id='word_1_58' title='bbox 598 986 775 1042; x_wconf 88' lang='lat' dir='ltr'><strong>aufert</strong></span> <span class='ocrx_word' id='word_1_59' title='bbox 813 987 987 1041; x_wconf 89' lang='lat' dir='ltr'><strong>bonus</strong></span> <span class='ocrx_word' id='word_1_60' title='bbox 1015 991 1118 1040; x_wconf 90' lang='lat' dir='ltr'><strong>est.</strong></span> <span class='ocrx_word' id='word_1_61' title='bbox 1151 983 1276 1038; x_wconf 77' lang='lat' dir='ltr'><strong>Eva:</strong></span> <span class='ocrx_word' id='word_1_62' title='bbox 1323 982 1484 1037; x_wconf 91' lang='lat' dir='ltr'><strong>etiam</strong></span> <span class='ocrx_word' id='word_1_63' title='bbox 1514 979 1783 1051; x_wconf 81' lang='lat' dir='ltr'><strong>profuisse</strong></span> <span class='ocrx_word' id='word_1_64' title='bbox 1811 978 1951 1049; x_wconf 88' lang='lat' dir='ltr'><strong>quod</strong></span> <span class='ocrx_word' id='word_1_65' title='bbox 1995 993 2024 1033; x_wconf 89' lang='lat' dir='ltr'><strong>a</strong></span> 
     </span>
    </p>
   </div>
   <div class='ocr_carea' id='block_1_10' title="bbox 447 1069 2021 1145">
    <p class='ocr_par' dir='ltr' id='par_1_10' title="bbox 447 1069 2021 1145">
     <span class='ocr_line' id='line_1_10' title="bbox 447 1069 2021 1145; baseline -0.006 -14"><span class='ocrx_word' id='word_1_66' title='bbox 447 1077 662 1134; x_wconf 85' lang='lat' dir='ltr'><strong>diabolo</strong></span> <span class='ocrx_word' id='word_1_67' title='bbox 686 1076 907 1145; x_wconf 87' lang='lat' dir='ltr'><strong>decepta</strong></span> <span class='ocrx_word' id='word_1_68' title='bbox 933 1074 1145 1139; x_wconf 84' lang='lat' dir='ltr'><strong>fuisset;</strong></span> <span class='ocrx_word' id='word_1_69' title='bbox 1183 1087 1305 1128; x_wconf 92' lang='lat' dir='ltr'><strong>cum</strong></span> <span class='ocrx_word' id='word_1_70' title='bbox 1345 1072 1487 1126; x_wconf 91' lang='lat' dir='ltr'><strong>enim</strong></span> <span class='ocrx_word' id='word_1_71' title='bbox 1514 1069 1680 1125; x_wconf 84' lang='lat' dir='ltr'><strong>filium</strong></span> <span class='ocrx_word' id='word_1_72' title='bbox 1707 1069 2021 1139; x_wconf 69' lang='lat' dir='ltr'><strong>peperisset,</strong></span> 
     </span>
    </p>
   </div>
   <div class='ocr_carea' id='block_1_11' title="bbox 446 1160 2026 1235">
    <p class='ocr_par' dir='ltr' id='par_1_11' title="bbox 446 1160 2026 1235">
     <span class='ocr_line' id='line_1_11' title="bbox 446 1160 2026 1235; baseline -0.005 -13"><span class='ocrx_word' id='word_1_73' title='bbox 446 1168 600 1233; x_wconf 85' lang='lat' dir='ltr'><strong>dixit,</strong></span> <span class='ocrx_word' id='word_1_74' title='bbox 630 1166 841 1221; x_wconf 84' lang='lat' dir='ltr'><strong>Possedi</strong></span> <span class='ocrx_word' id='word_1_75' title='bbox 872 1165 1122 1219; x_wconf 84' lang='lat' dir='ltr'><strong>hominem</strong></span> <span class='ocrx_word' id='word_1_76' title='bbox 1151 1179 1239 1235; x_wconf 87' lang='lat' dir='ltr'><strong>per</strong></span> <span class='ocrx_word' id='word_1_77' title='bbox 1264 1162 1446 1229; x_wconf 89' lang='lat' dir='ltr'><strong>Deum,</strong></span> <span class='ocrx_word' id='word_1_78' title='bbox 1473 1160 1798 1231; x_wconf 78' lang='lat' dir='ltr'><strong>experientia</strong></span> <span class='ocrx_word' id='word_1_79' title='bbox 1834 1174 2026 1230; x_wconf 86' lang='lat' dir='ltr'><strong>nempe</strong></span> 
     </span>
    </p>
   </div>
   <div class='ocr_carea' id='block_1_12' title="bbox 450 1249 2025 1321">
    <p class='ocr_par' dir='ltr' id='par_1_12' title="bbox 450 1249 2025 1321">
     <span class='ocr_line' id='line_1_12' title="bbox 450 1249 2025 1321; baseline -0.006 -10"><span class='ocrx_word' id='word_1_80' title='bbox 450 1274 546 1312; x_wconf 82' lang='lat' dir='ltr'><strong>sua</strong></span> <span class='ocrx_word' id='word_1_81' title='bbox 587 1258 775 1313; x_wconf 91' lang='lat' dir='ltr'><strong>cdocta</strong></span> <span class='ocrx_word' id='word_1_82' title='bbox 820 1272 847 1310; x_wconf 90' lang='lat' dir='ltr'><strong>a</strong></span> <span class='ocrx_word' id='word_1_83' title='bbox 896 1256 1007 1310; x_wconf 91' lang='lat' dir='ltr'><strong>Deo</strong></span> <span class='ocrx_word' id='word_1_84' title='bbox 1051 1254 1189 1309; x_wconf 91' lang='lat' dir='ltr'><strong>bona</strong></span> <span class='ocrx_word' id='word_1_85' title='bbox 1230 1253 1407 1308; x_wconf 82' lang='lat' dir='ltr'><strong>omnia</strong></span> <span class='ocrx_word' id='word_1_86' title='bbox 1452 1264 1787 1321; x_wconf 88' lang='lat' dir='ltr'><strong>promanare.</strong></span> <span class='ocrx_word' id='word_1_87' title='bbox 1833 1249 2025 1305; x_wconf 84' lang='lat' dir='ltr'><strong>Postea</strong></span> 
     </span>
    </p>
   </div>
   <div class='ocr_carea' id='block_1_13' title="bbox 449 1340 2023 1418">
    <p class='ocr_par' dir='ltr' id='par_1_13' title="bbox 449 1340 2023 1418">
     <span class='ocr_line' id='line_1_13' title="bbox 449 1340 2023 1418; baseline -0.007 -15"><span class='ocrx_word' id='word_1_88' title='bbox 449 1350 556 1418; x_wconf 87' lang='lat' dir='ltr'><strong>agit</strong></span> <span class='ocrx_word' id='word_1_89' title='bbox 582 1348 650 1403; x_wconf 93' lang='lat' dir='ltr'><strong>de</strong></span> <span class='ocrx_word' id='word_1_90' title='bbox 677 1347 838 1402; x_wconf 84' lang='lat' dir='ltr'><strong>variis</strong></span> <span class='ocrx_word' id='word_1_91' title='bbox 877 1345 1091 1401; x_wconf 75' lang='lat' dir='ltr'><strong>malitia:</strong></span> <span class='ocrx_word' id='word_1_92' title='bbox 1118 1344 1423 1416; x_wconf 79' lang='lat' dir='ltr'><strong>generibus,</strong></span> <span class='ocrx_word' id='word_1_93' title='bbox 1453 1342 1777 1411; x_wconf 86' lang='lat' dir='ltr'><strong>domumque</strong></span> <span class='ocrx_word' id='word_1_94' title='bbox 1802 1340 1869 1395; x_wconf 90' lang='lat' dir='ltr'><strong>de</strong></span> <span class='ocrx_word' id='word_1_95' title='bbox 1897 1354 2023 1410; x_wconf 84' lang='lat' dir='ltr'><strong>pro-</strong></span> 
     </span>
    </p>
   </div>
   <div class='ocr_carea' id='block_1_14' title="bbox 449 1439 849 1497">
    <p class='ocr_par' dir='ltr' id='par_1_14' title="bbox 449 1439 849 1497">
     <span class='ocr_line' id='line_1_14' title="bbox 449 1439 849 1497; baseline 0.008 -3"><span class='ocrx_word' id='word_1_96' title='bbox 449 1440 678 1495; x_wconf 89' lang='lat' dir='ltr'><strong>videntia</strong></span> <span class='ocrx_word' id='word_1_97' title='bbox 713 1439 849 1497; x_wconf 89' lang='lat' dir='ltr'><strong>Dei..</strong></span> 
     </span>
    </p>
   </div>
   <div class='ocr_carea' id='block_1_15' title="bbox 516 1522 2025 1598">
    <p class='ocr_par' dir='ltr' id='par_1_15' title="bbox 516 1522 2025 1598">
     <span class='ocr_line' id='line_1_15' title="bbox 516 1522 2025 1598; baseline -0.007 -14"><span class='ocrx_word' id='word_1_98' title='bbox 516 1529 812 1585; x_wconf 90' lang='lat' dir='ltr'><strong>Secundam</strong></span> <span class='ocrx_word' id='word_1_99' title='bbox 842 1527 1112 1598; x_wconf 86' lang='lat' dir='ltr'><strong>posuimus</strong></span> <span class='ocrx_word' id='word_1_100' title='bbox 1139 1526 1421 1579; x_wconf 82' lang='lat' dir='ltr'><strong>llomiliam</strong></span> <span class='ocrx_word' id='word_1_101' title='bbox 1442 1524 1509 1579; x_wconf 92' lang='lat' dir='ltr'><strong>de</strong></span> <span class='ocrx_word' id='word_1_102' title='bbox 1532 1522 1743 1577; x_wconf 87' lang='lat' dir='ltr'><strong>diabolo</strong></span> <span class='ocrx_word' id='word_1_103' title='bbox 1766 1529 2025 1577; x_wconf 90' lang='lat' dir='ltr'><strong>tentatore</strong></span> 
     </span>
    </p>
   </div>
   <div class='ocr_carea' id='block_1_16' title="bbox 448 1612 2024 1690">
    <p class='ocr_par' dir='ltr' id='par_1_16' title="bbox 448 1612 2024 1690">
     <span class='ocr_line' id='line_1_16' title="bbox 448 1612 2024 1690; baseline -0.006 -17"><span class='ocrx_word' id='word_1_104' title='bbox 448 1618 533 1690; x_wconf 83' lang='lat' dir='ltr'><strong>(T.</strong></span> <span class='ocrx_word' id='word_1_105' title='bbox 565 1620 619 1672; x_wconf 73' lang='lat'><strong>2.</strong></span> <span class='ocrx_word' id='word_1_106' title='bbox 651 1636 697 1672; x_wconf 92' lang='lat' dir='ltr'><strong>c.</strong></span> <span class='ocrx_word' id='word_1_107' title='bbox 730 1617 879 1690; x_wconf 70' lang='lat'><strong>257),</strong></span> <span class='ocrx_word' id='word_1_108' title='bbox 905 1634 1059 1687; x_wconf 89' lang='lat' dir='ltr'><strong>quam</strong></span> <span class='ocrx_word' id='word_1_109' title='bbox 1087 1632 1155 1671; x_wconf 91' lang='lat' dir='ltr'><strong>an</strong></span> <span class='ocrx_word' id='word_1_110' title='bbox 1181 1624 1305 1670; x_wconf 91' lang='lat' dir='ltr'><strong>ante</strong></span> <span class='ocrx_word' id='word_1_111' title='bbox 1334 1631 1402 1669; x_wconf 91' lang='lat' dir='ltr'><strong>an</strong></span> <span class='ocrx_word' id='word_1_112' title='bbox 1433 1623 1550 1684; x_wconf 91' lang='lat' dir='ltr'><strong>post</strong></span> <span class='ocrx_word' id='word_1_113' title='bbox 1575 1613 1796 1681; x_wconf 86' lang='lat' dir='ltr'><strong>primam</strong></span> <span class='ocrx_word' id='word_1_114' title='bbox 1827 1612 2024 1665; x_wconf 82' lang='lat' dir='ltr'><strong>habue-</strong></span> 
     </span>
    </p>
   </div>
   <div class='ocr_carea' id='block_1_17' title="bbox 445 1705 2022 1777">
    <p class='ocr_par' dir='ltr' id='par_1_17' title="bbox 445 1705 2022 1777">
     <span class='ocr_line' id='line_1_17' title="bbox 445 1705 2022 1777; baseline -0.003 -12"><span class='ocrx_word' id='word_1_115' title='bbox 445 1713 516 1766; x_wconf 86' lang='lat' dir='ltr'><strong>rit</strong></span> <span class='ocrx_word' id='word_1_116' title='bbox 560 1712 843 1766; x_wconf 89' lang='lat' dir='ltr'><strong>incertum.</strong></span> <span class='ocrx_word' id='word_1_117' title='bbox 892 1710 1234 1777; x_wconf 77' lang='lat' dir='ltr'><strong>Exploratum</strong></span> <span class='ocrx_word' id='word_1_118' title='bbox 1268 1715 1413 1761; x_wconf 88' lang='lat' dir='ltr'><strong>certe</strong></span> <span class='ocrx_word' id='word_1_119' title='bbox 1456 1706 1671 1759; x_wconf 90' lang='lat' dir='ltr'><strong>omnino</strong></span> <span class='ocrx_word' id='word_1_120' title='bbox 1709 1705 1914 1759; x_wconf 88' lang='lat' dir='ltr'><strong>videtur</strong></span> <span class='ocrx_word' id='word_1_121' title='bbox 1958 1705 2022 1761; x_wconf 88' lang='lat' dir='ltr'><strong>il-</strong></span> 
     </span>
    </p>
   </div>
   <div class='ocr_carea' id='block_1_18' title="bbox 447 1795 2022 1872">
    <p class='ocr_par' dir='ltr' id='par_1_18' title="bbox 447 1795 2022 1872">
     <span class='ocr_line' id='line_1_18' title="bbox 447 1795 2022 1872; baseline -0.003 -17"><span class='ocrx_word' id='word_1_122' title='bbox 447 1802 570 1868; x_wconf 91' lang='lat' dir='ltr'><strong>lam,</strong></span> <span class='ocrx_word' id='word_1_123' title='bbox 602 1816 758 1872; x_wconf 90' lang='lat' dir='ltr'><strong>quam</strong></span> <span class='ocrx_word' id='word_1_124' title='bbox 785 1810 904 1871; x_wconf 90' lang='lat' dir='ltr'><strong>post</strong></span> <span class='ocrx_word' id='word_1_125' title='bbox 935 1801 1136 1853; x_wconf 89' lang='lat' dir='ltr'><strong>initium</strong></span> <span class='ocrx_word' id='word_1_126' title='bbox 1166 1799 1320 1867; x_wconf 87' lang='lat' dir='ltr'><strong>hujus</strong></span> <span class='ocrx_word' id='word_1_127' title='bbox 1355 1812 1413 1852; x_wconf 91' lang='lat' dir='ltr'><strong>se</strong></span> <span class='ocrx_word' id='word_1_128' title='bbox 1443 1796 1603 1852; x_wconf 86' lang='lat' dir='ltr'><strong>biduo</strong></span> <span class='ocrx_word' id='word_1_129' title='bbox 1627 1804 1749 1851; x_wconf 87' lang='lat' dir='ltr'><strong>ante</strong></span> <span class='ocrx_word' id='word_1_130' title='bbox 1774 1795 2022 1850; x_wconf 68' lang='lat' dir='ltr'><strong>habuisse</strong></span> 
     </span>
    </p>
   </div>
   <div class='ocr_carea' id='block_1_19' title="bbox 443 1886 2022 1965">
    <p class='ocr_par' dir='ltr' id='par_1_19' title="bbox 443 1886 2022 1965">
     <span class='ocr_line' id='line_1_19' title="bbox 443 1886 2022 1965; baseline -0.003 -21"><span class='ocrx_word' id='word_1_131' title='bbox 443 1892 589 1955; x_wconf 86' lang='lat' dir='ltr'><strong>dicit,</strong></span> <span class='ocrx_word' id='word_1_132' title='bbox 636 1907 743 1945; x_wconf 91' lang='lat' dir='ltr'><strong>non</strong></span> <span class='ocrx_word' id='word_1_133' title='bbox 784 1906 904 1945; x_wconf 89' lang='lat' dir='ltr'><strong>esse</strong></span> <span class='ocrx_word' id='word_1_134' title='bbox 942 1905 1058 1943; x_wconf 90' lang='lat' dir='ltr'><strong>eam</strong></span> <span class='ocrx_word' id='word_1_135' title='bbox 1085 1903 1243 1958; x_wconf 86' lang='lat' dir='ltr'><strong>quam</strong></span> <span class='ocrx_word' id='word_1_136' title='bbox 1273 1888 1521 1965; x_wconf 40' lang='lat' dir='ltr'><strong>primam’</strong></span> <span class='ocrx_word' id='word_1_137' title='bbox 1540 1886 1830 1954; x_wconf 81' lang='lat' dir='ltr'><strong>posuimus,</strong></span> <span class='ocrx_word' id='word_1_138' title='bbox 1876 1894 1933 1940; x_wconf 92' lang='lat' dir='ltr'><strong>ut</strong></span> <span class='ocrx_word' id='word_1_139' title='bbox 1970 1892 2022 1940; x_wconf 84' lang='lat' dir='ltr'><strong>in</strong></span> 
     </span>
    </p>
   </div>
   <div class='ocr_carea' id='block_1_20' title="bbox 444 1976 2023 2049">
    <p class='ocr_par' dir='ltr' id='par_1_20' title="bbox 444 1976 2023 2049">
     <span class='ocr_line' id='line_1_20' title="bbox 444 1976 2023 2049; baseline -0.002 -15"><span class='ocrx_word' id='word_1_140' title='bbox 444 1980 646 2035; x_wconf 83' lang='lat' dir='ltr'><strong>Monito</strong></span> <span class='ocrx_word' id='word_1_141' title='bbox 676 1980 842 2035; x_wconf 84' lang='lat' dir='ltr'><strong>fusius</strong></span> <span class='ocrx_word' id='word_1_142' title='bbox 867 1977 1142 2049; x_wconf 86' lang='lat' dir='ltr'><strong>probatur.</strong></span> <span class='ocrx_word' id='word_1_143' title='bbox 1180 1977 1343 2047; x_wconf 91' lang='lat' dir='ltr'><strong>llnjns</strong></span> <span class='ocrx_word' id='word_1_144' title='bbox 1376 1992 1537 2047; x_wconf 91' lang='lat' dir='ltr'><strong>porro</strong></span> <span class='ocrx_word' id='word_1_145' title='bbox 1567 1976 1815 2032; x_wconf 69' lang='lat' dir='ltr'><strong>secunda:</strong></span> <span class='ocrx_word' id='word_1_146' title='bbox 1844 1976 2023 2031; x_wconf 87' lang='lat' dir='ltr'><strong>titulus</strong></span> 
     </span>
    </p>
   </div>
   <div class='ocr_carea' id='block_1_21' title="bbox 443 2068 2023 2140">
    <p class='ocr_par' dir='ltr' id='par_1_21' title="bbox 443 2068 2023 2140">
     <span class='ocr_line' id='line_1_21' title="bbox 443 2068 2023 2140; baseline -0.004 -15"><span class='ocrx_word' id='word_1_147' title='bbox 443 2082 560 2127; x_wconf 87' lang='lat' dir='ltr'><strong>est:</strong></span> <span class='ocrx_word' id='word_1_148' title='bbox 591 2073 841 2126; x_wconf 81' lang='lat' dir='ltr'><strong>Adversus</strong></span> <span class='ocrx_word' id='word_1_149' title='bbox 871 2088 952 2126; x_wconf 83' lang='lat' dir='ltr'><strong>eos</strong></span> <span class='ocrx_word' id='word_1_150' title='bbox 996 2071 1081 2140; x_wconf 86' lang='lat' dir='ltr'><strong>qui</strong></span> <span class='ocrx_word' id='word_1_151' title='bbox 1115 2070 1377 2140; x_wconf 82' lang='lat' dir='ltr'><strong>objiciunt,</strong></span> <span class='ocrx_word' id='word_1_152' title='bbox 1418 2086 1507 2123; x_wconf 89' lang='lat' dir='ltr'><strong>cur</strong></span> <span class='ocrx_word' id='word_1_153' title='bbox 1536 2085 1562 2124; x_wconf 91' lang='lat' dir='ltr'><strong>e</strong></span> <span class='ocrx_word' id='word_1_154' title='bbox 1594 2069 1756 2122; x_wconf 84' lang='lat' dir='ltr'><strong>medio</strong></span> <span class='ocrx_word' id='word_1_155' title='bbox 1800 2068 2023 2120; x_wconf 80' lang='lat' dir='ltr'><strong>sublatus</strong></span> 
     </span>
    </p>
   </div>
   <div class='ocr_carea' id='block_1_22' title="bbox 444 2159 2017 2233">
    <p class='ocr_par' dir='ltr' id='par_1_22' title="bbox 444 2159 2017 2233">
     <span class='ocr_line' id='line_1_22' title="bbox 444 2159 2017 2233; baseline -0.004 -18"><span class='ocrx_word' id='word_1_156' title='bbox 444 2182 545 2218; x_wconf 84' lang='lat' dir='ltr'><strong>non</strong></span> <span class='ocrx_word' id='word_1_157' title='bbox 569 2165 632 2218; x_wconf 82' lang='lat' dir='ltr'><strong>sit</strong></span> <span class='ocrx_word' id='word_1_158' title='bbox 658 2163 923 2226; x_wconf 78' lang='lat' dir='ltr'><strong>diabolus;</strong></span> <span class='ocrx_word' id='word_1_159' title='bbox 949 2172 994 2216; x_wconf 89' lang='lat' dir='ltr'><strong>et</strong></span> <span class='ocrx_word' id='word_1_160' title='bbox 1015 2161 1150 2233; x_wconf 84' lang='lat' dir='ltr'><strong>quod</strong></span> <span class='ocrx_word' id='word_1_161' title='bbox 1176 2162 1329 2231; x_wconf 81' lang='lat' dir='ltr'><strong>hujus</strong></span> <span class='ocrx_word' id='word_1_162' title='bbox 1356 2161 1549 2213; x_wconf 87' lang='lat' dir='ltr'><strong>malitia</strong></span> <span class='ocrx_word' id='word_1_163' title='bbox 1578 2159 1705 2213; x_wconf 88' lang='lat' dir='ltr'><strong>nihil</strong></span> <span class='ocrx_word' id='word_1_164' title='bbox 1733 2176 1823 2213; x_wconf 87' lang='lat' dir='ltr'><strong>nos</strong></span> <span class='ocrx_word' id='word_1_165' title='bbox 1848 2159 2017 2224; x_wconf 77' lang='lat' dir='ltr'><strong>lwdat,</strong></span> 
     </span>
    </p>
   </div>
   <div class='ocr_carea' id='block_1_23' title="bbox 441 2249 2021 2323">
    <p class='ocr_par' dir='ltr' id='par_1_23' title="bbox 441 2249 2021 2323">
     <span class='ocr_line' id='line_1_23' title="bbox 441 2249 2021 2323; baseline -0.004 -14"><span class='ocrx_word' id='word_1_166' title='bbox 441 2259 484 2309; x_wconf 81' lang='lat' dir='ltr'><strong>si</strong></span> <span class='ocrx_word' id='word_1_167' title='bbox 511 2255 864 2318; x_wconf 86' lang='lat' dir='ltr'><strong>attendamus;</strong></span> <span class='ocrx_word' id='word_1_168' title='bbox 893 2264 939 2308; x_wconf 84' lang='lat' dir='ltr'><strong>et</strong></span> <span class='ocrx_word' id='word_1_169' title='bbox 965 2253 1027 2308; x_wconf 84' lang='lat' dir='ltr'><strong>de</strong></span> <span class='ocrx_word' id='word_1_170' title='bbox 1065 2252 1373 2323; x_wconf 81' lang='lat' dir='ltr'><strong>pcenitentia.</strong></span> <span class='ocrx_word' id='word_1_171' title='bbox 1408 2251 1530 2305; x_wconf 67' lang='lat' dir='ltr'><strong>lla‘c</strong></span> <span class='ocrx_word' id='word_1_172' title='bbox 1557 2250 1822 2320; x_wconf 86' lang='lat' dir='ltr'><strong>probanda</strong></span> <span class='ocrx_word' id='word_1_173' title='bbox 1850 2249 2021 2303; x_wconf 86' lang='lat' dir='ltr'><strong>susci-</strong></span> 
     </span>
    </p>
   </div>
   <div class='ocr_carea' id='block_1_24' title="bbox 445 2341 2020 2417">
    <p class='ocr_par' dir='ltr' id='par_1_24' title="bbox 445 2341 2020 2417">
     <span class='ocr_line' id='line_1_24' title="bbox 445 2341 2020 2417; baseline -0.004 -19"><span class='ocrx_word' id='word_1_174' title='bbox 445 2349 519 2416; x_wconf 88' lang='lat' dir='ltr'><strong>pit</strong></span> <span class='ocrx_word' id='word_1_175' title='bbox 569 2346 998 2417; x_wconf 83' lang='lat' dir='ltr'><strong>Chrysostomus,</strong></span> <span class='ocrx_word' id='word_1_176' title='bbox 1057 2352 1110 2399; x_wconf 90' lang='lat' dir='ltr'><strong>et</strong></span> <span class='ocrx_word' id='word_1_177' title='bbox 1154 2342 1323 2413; x_wconf 89' lang='lat' dir='ltr'><strong>primo</strong></span> <span class='ocrx_word' id='word_1_178' title='bbox 1370 2342 1677 2397; x_wconf 84' lang='lat' dir='ltr'><strong>Flavianum</strong></span> <span class='ocrx_word' id='word_1_179' title='bbox 1717 2341 2020 2408; x_wconf 86' lang='lat' dir='ltr'><strong>episc0pum</strong></span> 
     </span>
    </p>
   </div>
   <div class='ocr_carea' id='block_1_25' title="bbox 443 2428 2020 2507">
    <p class='ocr_par' dir='ltr' id='par_1_25' title="bbox 443 2428 2020 2507">
     <span class='ocr_line' id='line_1_25' title="bbox 443 2428 2020 2507; baseline -0.006 -18"><span class='ocrx_word' id='word_1_180' title='bbox 443 2447 754 2507; x_wconf 74' lang='lat' dir='ltr'><strong>praesentem</strong></span> <span class='ocrx_word' id='word_1_181' title='bbox 786 2436 965 2491; x_wconf 87' lang='lat' dir='ltr'><strong>laudat</strong></span> <span class='ocrx_word' id='word_1_182' title='bbox 992 2450 1021 2489; x_wconf 88' lang='lat' dir='ltr'><strong>a</strong></span> <span class='ocrx_word' id='word_1_183' title='bbox 1053 2436 1292 2500; x_wconf 90' lang='lat' dir='ltr'><strong>caritate,</strong></span> <span class='ocrx_word' id='word_1_184' title='bbox 1330 2448 1360 2487; x_wconf 91' lang='lat' dir='ltr'><strong>a</strong></span> <span class='ocrx_word' id='word_1_185' title='bbox 1385 2447 1591 2486; x_wconf 92' lang='lat' dir='ltr'><strong>summa</strong></span> <span class='ocrx_word' id='word_1_186' title='bbox 1618 2431 1896 2484; x_wconf 91' lang='lat' dir='ltr'><strong>modestia.</strong></span> <span class='ocrx_word' id='word_1_187' title='bbox 1932 2428 2020 2481; x_wconf 84' lang='lat' dir='ltr'><strong>Di-</strong></span> 
     </span>
    </p>
   </div>
   <div class='ocr_carea' id='block_1_26' title="bbox 442 2519 2022 2596">
    <p class='ocr_par' dir='ltr' id='par_1_26' title="bbox 442 2519 2022 2596">
     <span class='ocr_line' id='line_1_26' title="bbox 442 2519 2022 2596; baseline -0.004 -17"><span class='ocrx_word' id='word_1_188' title='bbox 442 2529 617 2596; x_wconf 72' lang='lat' dir='ltr'><strong>titque</strong></span> <span class='ocrx_word' id='word_1_189' title='bbox 662 2535 844 2596; x_wconf 90' lang='lat' dir='ltr'><strong>postea</strong></span> <span class='ocrx_word' id='word_1_190' title='bbox 890 2540 997 2579; x_wconf 90' lang='lat' dir='ltr'><strong>non</strong></span> <span class='ocrx_word' id='word_1_191' title='bbox 1039 2524 1305 2591; x_wconf 84' lang='lat' dir='ltr'><strong>diabolum</strong></span> <span class='ocrx_word' id='word_1_192' title='bbox 1352 2521 1549 2576; x_wconf 71' lang='lat' dir='ltr'><strong>lazdere</strong></span> <span class='ocrx_word' id='word_1_193' title='bbox 1590 2521 1878 2585; x_wconf 88' lang='lat' dir='ltr'><strong>hominem,</strong></span> <span class='ocrx_word' id='word_1_194' title='bbox 1928 2519 2022 2573; x_wconf 89' lang='lat' dir='ltr'><strong>sed</strong></span> 
     </span>
    </p>
   </div>
   <div class='ocr_carea' id='block_1_27' title="bbox 441 2610 2023 2684">
    <p class='ocr_par' dir='ltr' id='par_1_27' title="bbox 441 2610 2023 2684">
     <span class='ocr_line' id='line_1_27' title="bbox 441 2610 2023 2684; baseline -0.005 -13"><span class='ocrx_word' id='word_1_195' title='bbox 441 2632 702 2671; x_wconf 82' lang='lat' dir='ltr'><strong>summam</strong></span> <span class='ocrx_word' id='word_1_196' title='bbox 731 2615 961 2669; x_wconf 89' lang='lat' dir='ltr'><strong>hominis</strong></span> <span class='ocrx_word' id='word_1_197' title='bbox 989 2613 1271 2684; x_wconf 88' lang='lat' dir='ltr'><strong>ignaviam,</strong></span> <span class='ocrx_word' id='word_1_198' title='bbox 1302 2628 1421 2682; x_wconf 70' lang='lat' dir='ltr'><strong>qua:</strong></span> <span class='ocrx_word' id='word_1_199' title='bbox 1446 2620 1500 2666; x_wconf 88' lang='lat' dir='ltr'><strong>et</strong></span> <span class='ocrx_word' id='word_1_200' title='bbox 1526 2619 1727 2665; x_wconf 88' lang='lat' dir='ltr'><strong>rectum</strong></span> <span class='ocrx_word' id='word_1_201' title='bbox 1754 2610 2023 2665; x_wconf 88' lang='lat' dir='ltr'><strong>membro-</strong></span> 
     </span>
    </p>
   </div>
   <div class='ocr_carea' id='block_1_28' title="bbox 444 2701 2024 2774">
    <p class='ocr_par' dir='ltr' id='par_1_28' title="bbox 444 2701 2024 2774">
     <span class='ocr_line' id='line_1_28' title="bbox 444 2701 2024 2774; baseline -0.004 -12"><span class='ocrx_word' id='word_1_202' title='bbox 444 2724 558 2762; x_wconf 86' lang='lat' dir='ltr'><strong>rum</strong></span> <span class='ocrx_word' id='word_1_203' title='bbox 587 2724 738 2763; x_wconf 90' lang='lat' dir='ltr'><strong>usum</strong></span> <span class='ocrx_word' id='word_1_204' title='bbox 769 2706 1084 2774; x_wconf 89' lang='lat' dir='ltr'><strong>corrumpit,</strong></span> <span class='ocrx_word' id='word_1_205' title='bbox 1117 2714 1172 2760; x_wconf 90' lang='lat' dir='ltr'><strong>et</strong></span> <span class='ocrx_word' id='word_1_206' title='bbox 1209 2705 1313 2758; x_wconf 91' lang='lat' dir='ltr'><strong>alia</strong></span> <span class='ocrx_word' id='word_1_207' title='bbox 1344 2705 1589 2773; x_wconf 82' lang='lat' dir='ltr'><strong>importat</strong></span> <span class='ocrx_word' id='word_1_208' title='bbox 1629 2703 1784 2757; x_wconf 90' lang='lat' dir='ltr'><strong>mala.</strong></span> <span class='ocrx_word' id='word_1_209' title='bbox 1815 2701 2024 2757; x_wconf 88' lang='lat' dir='ltr'><strong>Claudit</strong></span> 
     </span>
    </p>
   </div>
   <div class='ocr_carea' id='block_1_29' title="bbox 441 2794 2018 2867">
    <p class='ocr_par' dir='ltr' id='par_1_29' title="bbox 441 2794 2018 2867">
     <span class='ocr_line' id='line_1_29' title="bbox 441 2794 2018 2867; baseline -0.003 -15"><span class='ocrx_word' id='word_1_210' title='bbox 441 2815 569 2856; x_wconf 87' lang='lat' dir='ltr'><strong>vero</strong></span> <span class='ocrx_word' id='word_1_211' title='bbox 598 2814 897 2855; x_wconf 84' lang='lat' dir='ltr'><strong>sermonem</strong></span> <span class='ocrx_word' id='word_1_212' title='bbox 927 2798 1110 2853; x_wconf 91' lang='lat' dir='ltr'><strong>dicens</strong></span> <span class='ocrx_word' id='word_1_213' title='bbox 1131 2797 1364 2867; x_wconf 88' lang='lat' dir='ltr'><strong>quinque</strong></span> <span class='ocrx_word' id='word_1_214' title='bbox 1384 2811 1502 2850; x_wconf 87' lang='lat' dir='ltr'><strong>esse</strong></span> <span class='ocrx_word' id='word_1_215' title='bbox 1529 2794 1849 2865; x_wconf 82' lang='lat' dir='ltr'><strong>poenitentiae</strong></span> <span class='ocrx_word' id='word_1_216' title='bbox 1873 2795 2018 2858; x_wconf 85' lang='lat' dir='ltr'><strong>vias;</strong></span> 
     </span>
    </p>
   </div>
   <div class='ocr_carea' id='block_1_30' title="bbox 442 2888 2020 2960">
    <p class='ocr_par' dir='ltr' id='par_1_30' title="bbox 442 2888 2020 2960">
     <span class='ocr_line' id='line_1_30' title="bbox 442 2888 2020 2960; baseline -0.003 -17"><span class='ocrx_word' id='word_1_217' title='bbox 442 2894 664 2960; x_wconf 77' lang='lat' dir='ltr'><strong>primam</strong></span> <span class='ocrx_word' id='word_1_218' title='bbox 711 2905 921 2959; x_wconf 88' lang='lat' dir='ltr'><strong>nempe,</strong></span> <span class='ocrx_word' id='word_1_219' title='bbox 967 2888 1360 2943; x_wconf 89' lang='lat' dir='ltr'><strong>damnationem</strong></span> <span class='ocrx_word' id='word_1_220' title='bbox 1403 2893 1774 2955; x_wconf 89' lang='lat' dir='ltr'><strong>peccatorum;</strong></span> <span class='ocrx_word' id='word_1_221' title='bbox 1828 2899 2020 2939; x_wconf 87' lang='lat' dir='ltr'><strong>secun-</strong></span> 
     </span>
    </p>
   </div>
   <div class='ocr_carea' id='block_1_31' title="bbox 442 2980 2022 3052">
    <p class='ocr_par' dir='ltr' id='par_1_31' title="bbox 442 2980 2022 3052">
     <span class='ocr_line' id='line_1_31' title="bbox 442 2980 2022 3052; baseline -0.003 -14"><span class='ocrx_word' id='word_1_222' title='bbox 442 2985 586 3052; x_wconf 88' lang='lat' dir='ltr'><strong>dam,</strong></span> <span class='ocrx_word' id='word_1_223' title='bbox 614 2984 657 3038; x_wconf 93' lang='lat' dir='ltr'><strong>si</strong></span> <span class='ocrx_word' id='word_1_224' title='bbox 687 2993 1022 3052; x_wconf 88' lang='lat' dir='ltr'><strong>acceptarum</strong></span> <span class='ocrx_word' id='word_1_225' title='bbox 1046 2997 1075 3035; x_wconf 93' lang='lat' dir='ltr'><strong>a</strong></span> <span class='ocrx_word' id='word_1_226' title='bbox 1104 2981 1349 3050; x_wconf 83' lang='lat' dir='ltr'><strong>proximo</strong></span> <span class='ocrx_word' id='word_1_227' title='bbox 1378 2980 1684 3052; x_wconf 89' lang='lat' dir='ltr'><strong>iujuriarum</strong></span> <span class='ocrx_word' id='word_1_228' title='bbox 1714 2994 1817 3036; x_wconf 92' lang='lat' dir='ltr'><strong>non</strong></span> <span class='ocrx_word' id='word_1_229' title='bbox 1846 2994 2022 3035; x_wconf 86' lang='lat' dir='ltr'><strong>recor-</strong></span> 
     </span>
    </p>
   </div>
   <div class='ocr_carea' id='block_1_32' title="bbox 442 3074 2017 3143">
    <p class='ocr_par' dir='ltr' id='par_1_32' title="bbox 442 3074 2017 3143">
     <span class='ocr_line' id='line_1_32' title="bbox 442 3074 2017 3143; baseline -0.001 -16"><span class='ocrx_word' id='word_1_230' title='bbox 442 3076 662 3142; x_wconf 87' lang='lat' dir='ltr'><strong>demur;</strong></span> <span class='ocrx_word' id='word_1_231' title='bbox 692 3076 920 3143; x_wconf 87' lang='lat' dir='ltr'><strong>tertiam,</strong></span> <span class='ocrx_word' id='word_1_232' title='bbox 949 3075 1242 3130; x_wconf 85' lang='lat' dir='ltr'><strong>orationem</strong></span> <span class='ocrx_word' id='word_1_233' title='bbox 1273 3074 1559 3129; x_wconf 77' lang='lat' dir='ltr'><strong>ferventem</strong></span> <span class='ocrx_word' id='word_1_234' title='bbox 1600 3083 1653 3129; x_wconf 92' lang='lat' dir='ltr'><strong>ct</strong></span> <span class='ocrx_word' id='word_1_235' title='bbox 1682 3082 2017 3137; x_wconf 85' lang='lat' dir='ltr'><strong>accuratam;</strong></span> 
     </span>
    </p>
   </div>
   <div class='ocr_carea' id='block_1_33' title="bbox 369 3164 2019 3238">
    <p class='ocr_par' dir='ltr' id='par_1_33' title="bbox 369 3164 2019 3238">
     <span class='ocr_line' id='line_1_33' title="bbox 369 3164 2019 3238; baseline -0.002 -15"><span class='ocrx_word' id='word_1_236' title='bbox 369 3215 378 3223; x_wconf 93' lang='lat'><strong>.</strong></span> <span class='ocrx_word' id='word_1_237' title='bbox 443 3176 707 3238; x_wconf 80' lang='lat' dir='ltr'><strong>quartam,</strong></span> <span class='ocrx_word' id='word_1_238' title='bbox 736 3167 1130 3237; x_wconf 82' lang='lat' dir='ltr'><strong>elecmosynam</strong></span> <span class='ocrx_word' id='word_1_239' title='bbox 1158 3182 1171 3232; x_wconf 93' lang='lat'><strong>;</strong></span> <span class='ocrx_word' id='word_1_240' title='bbox 1205 3166 1460 3236; x_wconf 90' lang='lat' dir='ltr'><strong>quintam,</strong></span> <span class='ocrx_word' id='word_1_241' title='bbox 1491 3165 1800 3225; x_wconf 74' lang='lat' dir='ltr'><strong>mbdcstiam</strong></span> <span class='ocrx_word' id='word_1_242' title='bbox 1840 3173 1894 3219; x_wconf 89' lang='lat' dir='ltr'><strong>et</strong></span> <span class='ocrx_word' id='word_1_243' title='bbox 1920 3164 2019 3220; x_wconf 87' lang='lat' dir='ltr'><strong>lm-</strong></span> 
     </span>
    </p>
   </div>
   <div class='ocr_carea' id='block_1_34' title="bbox 444 3260 741 3316">
    <p class='ocr_par' dir='ltr' id='par_1_34' title="bbox 444 3260 741 3316">
     <span class='ocr_line' id='line_1_34' title="bbox 444 3260 741 3316; baseline -0.003 -2"><span class='ocrx_word' id='word_1_244' title='bbox 444 3260 741 3316; x_wconf 76' lang='lat' dir='ltr'><strong>utilitatem.</strong></span> 
     </span>
    </p>
   </div>
   <div class='ocr_carea' id='block_1_35' title="bbox 514 3350 2022 3422">
    <p class='ocr_par' dir='ltr' id='par_1_35' title="bbox 514 3350 2022 3422">
     <span class='ocr_line' id='line_1_35' title="bbox 514 3350 2022 3422; baseline -0.001 -15"><span class='ocrx_word' id='word_1_245' title='bbox 514 3351 836 3407; x_wconf 86' lang='lat' dir='ltr'><strong>Coneionem</strong></span> <span class='ocrx_word' id='word_1_246' title='bbox 874 3360 1183 3422; x_wconf 86' lang='lat' dir='ltr'><strong>sequentem</strong></span> <span class='ocrx_word' id='word_1_247' title='bbox 1230 3350 1296 3406; x_wconf 91' lang='lat' dir='ltr'><strong>de</strong></span> <span class='ocrx_word' id='word_1_248' title='bbox 1339 3350 1544 3421; x_wconf 83' lang='lat' dir='ltr'><strong>Ignavia</strong></span> <span class='ocrx_word' id='word_1_249' title='bbox 1578 3351 1736 3407; x_wconf 90' lang='lat' dir='ltr'><strong>biduo</strong></span> <span class='ocrx_word' id='word_1_250' title='bbox 1780 3359 1899 3420; x_wconf 90' lang='lat' dir='ltr'><strong>post</strong></span> <span class='ocrx_word' id='word_1_251' title='bbox 1939 3365 2022 3405; x_wconf 87' lang='lat' dir='ltr'><strong>se-</strong></span> 
     </span>
    </p>
   </div>
   <div class='ocr_carea' id='block_1_36' title="bbox 444 3441 2023 3512">
    <p class='ocr_par' dir='ltr' id='par_1_36' title="bbox 444 3441 2023 3512">
     <span class='ocr_line' id='line_1_36' title="bbox 444 3441 2023 3512; baseline -0.001 -15"><span class='ocrx_word' id='word_1_252' title='bbox 444 3441 667 3503; x_wconf 79' lang='lat' dir='ltr'><strong>cundam</strong></span> <span class='ocrx_word' id='word_1_253' title='bbox 694 3457 752 3496; x_wconf 91' lang='lat' dir='ltr'><strong>se</strong></span> <span class='ocrx_word' id='word_1_254' title='bbox 776 3442 1022 3497; x_wconf 87' lang='lat' dir='ltr'><strong>habuisse</strong></span> <span class='ocrx_word' id='word_1_255' title='bbox 1051 3443 1201 3499; x_wconf 91' lang='lat' dir='ltr'><strong>initio</strong></span> <span class='ocrx_word' id='word_1_256' title='bbox 1228 3443 1558 3505; x_wconf 87' lang='lat' dir='ltr'><strong>testificatur,</strong></span> <span class='ocrx_word' id='word_1_257' title='bbox 1586 3442 1710 3496; x_wconf 91' lang='lat' dir='ltr'><strong>dum</strong></span> <span class='ocrx_word' id='word_1_258' title='bbox 1734 3458 1798 3496; x_wconf 86' lang='lat' dir='ltr'><strong>ex</strong></span> <span class='ocrx_word' id='word_1_259' title='bbox 1826 3441 2023 3512; x_wconf 93' lang='lat' dir='ltr'><strong>populo</strong></span> 
     </span>
    </p>
   </div>
   <div class='ocr_carea' id='block_1_37' title="bbox 446 3532 2025 3603">
    <p class='ocr_par' dir='ltr' id='par_1_37' title="bbox 446 3532 2025 3603">
     <span class='ocr_line' id='line_1_37' title="bbox 446 3532 2025 3603; baseline 0.001 -16"><span class='ocrx_word' id='word_1_260' title='bbox 446 3532 597 3587; x_wconf 90' lang='lat' dir='ltr'><strong>multi</strong></span> <span class='ocrx_word' id='word_1_261' title='bbox 627 3532 692 3585; x_wconf 91' lang='lat' dir='ltr'><strong>ad</strong></span> <span class='ocrx_word' id='word_1_262' title='bbox 728 3532 1009 3588; x_wconf 88' lang='lat' dir='ltr'><strong>theatrales</strong></span> <span class='ocrx_word' id='word_1_263' title='bbox 1034 3532 1188 3587; x_wconf 90' lang='lat' dir='ltr'><strong>ludos</strong></span> <span class='ocrx_word' id='word_1_264' title='bbox 1230 3548 1289 3588; x_wconf 89' lang='lat' dir='ltr'><strong>se</strong></span> <span class='ocrx_word' id='word_1_265' title='bbox 1317 3535 1666 3599; x_wconf 91' lang='lat' dir='ltr'><strong>contulerant,</strong></span> <span class='ocrx_word' id='word_1_266' title='bbox 1704 3549 1836 3603; x_wconf 84' lang='lat' dir='ltr'><strong>quos</strong></span> <span class='ocrx_word' id='word_1_267' title='bbox 1867 3534 2025 3588; x_wconf 88' lang='lat' dir='ltr'><strong>vehe-</strong></span> 
     </span>
    </p>
   </div>
   <div class='ocr_carea' id='block_1_38' title="bbox 446 3624 2025 3695">
    <p class='ocr_par' dir='ltr' id='par_1_38' title="bbox 446 3624 2025 3695">
     <span class='ocr_line' id='line_1_38' title="bbox 446 3624 2025 3695; baseline -0.001 -15"><span class='ocrx_word' id='word_1_268' title='bbox 446 3635 654 3681; x_wconf 85' lang='lat' dir='ltr'><strong>menter</strong></span> <span class='ocrx_word' id='word_1_269' title='bbox 688 3624 996 3680; x_wconf 86' lang='lat' dir='ltr'><strong>insectatur.</strong></span> <span class='ocrx_word' id='word_1_270' title='bbox 1028 3625 1309 3695; x_wconf 80' lang='lat' dir='ltr'><strong>Postquam</strong></span> <span class='ocrx_word' id='word_1_271' title='bbox 1351 3635 1526 3681; x_wconf 90' lang='lat' dir='ltr'><strong>autem</strong></span> <span class='ocrx_word' id='word_1_272' title='bbox 1556 3626 1763 3680; x_wconf 76' lang='lat' dir='ltr'><strong>dixerat</strong></span> <span class='ocrx_word' id='word_1_273' title='bbox 1786 3625 2025 3679; x_wconf 89' lang='lat' dir='ltr'><strong>volunta-</strong></span> 
     </span>
    </p>
   </div>
   <div class='ocr_carea' id='block_1_39' title="bbox 448 3716 2025 3786">
    <p class='ocr_par' dir='ltr' id='par_1_39' title="bbox 448 3716 2025 3786">
     <span class='ocr_line' id='line_1_39' title="bbox 448 3716 2025 3786; baseline 0.002 -19"><span class='ocrx_word' id='word_1_274' title='bbox 448 3725 552 3771; x_wconf 88' lang='lat' dir='ltr'><strong>tem</strong></span> <span class='ocrx_word' id='word_1_275' title='bbox 598 3731 717 3771; x_wconf 88' lang='lat' dir='ltr'><strong>csse</strong></span> <span class='ocrx_word' id='word_1_276' title='bbox 759 3716 1048 3780; x_wconf 86' lang='lat' dir='ltr'><strong>dominam,</strong></span> <span class='ocrx_word' id='word_1_277' title='bbox 1097 3725 1151 3770; x_wconf 93' lang='lat' dir='ltr'><strong>et</strong></span> <span class='ocrx_word' id='word_1_278' title='bbox 1196 3731 1263 3769; x_wconf 87' lang='lat' dir='ltr'><strong>ex</strong></span> <span class='ocrx_word' id='word_1_279' title='bbox 1307 3716 1573 3771; x_wconf 85' lang='lat' dir='ltr'><strong>voluntate</strong></span> <span class='ocrx_word' id='word_1_280' title='bbox 1622 3716 1929 3786; x_wconf 82' lang='lat' dir='ltr'><strong>contingere</strong></span> <span class='ocrx_word' id='word_1_281' title='bbox 1970 3725 2025 3770; x_wconf 92' lang='lat' dir='ltr'><strong>ut</strong></span> 
     </span>
    </p>
   </div>
   <div class='ocr_carea' id='block_1_40' title="bbox 446 3806 2025 3878">
    <p class='ocr_par' dir='ltr' id='par_1_40' title="bbox 446 3806 2025 3878">
     <span class='ocr_line' id='line_1_40' title="bbox 446 3806 2025 3878; baseline 0.001 -19"><span class='ocrx_word' id='word_1_282' title='bbox 446 3807 570 3859; x_wconf 87' lang='lat' dir='ltr'><strong>mali</strong></span> <span class='ocrx_word' id='word_1_283' title='bbox 597 3821 717 3860; x_wconf 92' lang='lat' dir='ltr'><strong>cum</strong></span> <span class='ocrx_word' id='word_1_284' title='bbox 744 3806 896 3860; x_wconf 90' lang='lat' dir='ltr'><strong>bonis</strong></span> <span class='ocrx_word' id='word_1_285' title='bbox 926 3807 1172 3875; x_wconf 78' lang='lat' dir='ltr'><strong>permixti</strong></span> <span class='ocrx_word' id='word_1_286' title='bbox 1199 3808 1323 3872; x_wconf 91' lang='lat' dir='ltr'><strong>sint,</strong></span> <span class='ocrx_word' id='word_1_287' title='bbox 1361 3808 1549 3878; x_wconf 85' lang='lat' dir='ltr'><strong>quaerit</strong></span> <span class='ocrx_word' id='word_1_288' title='bbox 1573 3806 1761 3860; x_wconf 87' lang='lat' dir='ltr'><strong>iterum</strong></span> <span class='ocrx_word' id='word_1_289' title='bbox 1787 3822 1883 3861; x_wconf 91' lang='lat' dir='ltr'><strong>cur</strong></span> <span class='ocrx_word' id='word_1_290' title='bbox 1909 3807 2025 3861; x_wconf 90' lang='lat' dir='ltr'><strong>dia-</strong></span> 
     </span>
    </p>
   </div>
   <div class='ocr_carea' id='block_1_41' title="bbox 447 3896 2026 3968">
    <p class='ocr_par' dir='ltr' id='par_1_41' title="bbox 447 3896 2026 3968">
     <span class='ocr_line' id='line_1_41' title="bbox 447 3896 2026 3968; baseline 0.002 -19"><span class='ocrx_word' id='word_1_291' title='bbox 447 3896 601 3950; x_wconf 90' lang='lat' dir='ltr'><strong>holus</strong></span> <span class='ocrx_word' id='word_1_292' title='bbox 644 3896 695 3950; x_wconf 92' lang='lat' dir='ltr'><strong>in</strong></span> <span class='ocrx_word' id='word_1_293' title='bbox 744 3897 921 3952; x_wconf 88' lang='lat' dir='ltr'><strong>medio</strong></span> <span class='ocrx_word' id='word_1_294' title='bbox 960 3897 1308 3968; x_wconf 88' lang='lat' dir='ltr'><strong>relinquatur,</strong></span> <span class='ocrx_word' id='word_1_295' title='bbox 1357 3907 1411 3952; x_wconf 91' lang='lat' dir='ltr'><strong>et</strong></span> <span class='ocrx_word' id='word_1_296' title='bbox 1456 3897 1761 3966; x_wconf 85' lang='lat' dir='ltr'><strong>respondet,</strong></span> <span class='ocrx_word' id='word_1_297' title='bbox 1802 3898 1922 3967; x_wconf 87' lang='lat' dir='ltr'><strong>quia</strong></span> <span class='ocrx_word' id='word_1_298' title='bbox 1963 3899 2026 3953; x_wconf 91' lang='lat' dir='ltr'><strong>iis</strong></span> 
     </span>
    </p>
   </div>
   <div class='ocr_carea' id='block_1_42' title="bbox 446 3985 2023 4058">
    <p class='ocr_par' dir='ltr' id='par_1_42' title="bbox 446 3985 2023 4058">
     <span class='ocr_line' id='line_1_42' title="bbox 446 3985 2023 4058; baseline 0.004 -19"><span class='ocrx_word' id='word_1_299' title='bbox 446 3987 536 4055; x_wconf 86' lang='lat' dir='ltr'><strong>qui</strong></span> <span class='ocrx_word' id='word_1_300' title='bbox 567 3985 782 4057; x_wconf 81' lang='lat' dir='ltr'><strong>vigilant</strong></span> <span class='ocrx_word' id='word_1_301' title='bbox 808 3996 862 4043; x_wconf 91' lang='lat' dir='ltr'><strong>et</strong></span> <span class='ocrx_word' id='word_1_302' title='bbox 890 3989 990 4043; x_wconf 89' lang='lat' dir='ltr'><strong>sibi</strong></span> <span class='ocrx_word' id='word_1_303' title='bbox 1028 3989 1325 4057; x_wconf 89' lang='lat' dir='ltr'><strong>attendunt,</strong></span> <span class='ocrx_word' id='word_1_304' title='bbox 1356 4004 1460 4044; x_wconf 90' lang='lat' dir='ltr'><strong>non</strong></span> <span class='ocrx_word' id='word_1_305' title='bbox 1502 3988 1659 4044; x_wconf 92' lang='lat' dir='ltr'><strong>modo</strong></span> <span class='ocrx_word' id='word_1_306' title='bbox 1690 3989 1820 4043; x_wconf 92' lang='lat' dir='ltr'><strong>nihil</strong></span> <span class='ocrx_word' id='word_1_307' title='bbox 1849 3999 2023 4058; x_wconf 86' lang='lat' dir='ltr'><strong>nocet,</strong></span> 
     </span>
    </p>
   </div>
   <div class='ocr_carea' id='block_1_43' title="bbox 448 4080 2026 4152">
    <p class='ocr_par' dir='ltr' id='par_1_43' title="bbox 448 4080 2026 4152">
     <span class='ocr_line' id='line_1_43' title="bbox 448 4080 2026 4152; baseline 0.002 -20"><span class='ocrx_word' id='word_1_308' title='bbox 448 4080 541 4135; x_wconf 86' lang='lat' dir='ltr'><strong>sed</strong></span> <span class='ocrx_word' id='word_1_309' title='bbox 570 4082 728 4135; x_wconf 91' lang='lat' dir='ltr'><strong>ctiam</strong></span> <span class='ocrx_word' id='word_1_310' title='bbox 757 4081 898 4136; x_wconf 90' lang='lat' dir='ltr'><strong>utilis</strong></span> <span class='ocrx_word' id='word_1_311' title='bbox 925 4090 1024 4148; x_wconf 86' lang='lat' dir='ltr'><strong>est,</strong></span> <span class='ocrx_word' id='word_1_312' title='bbox 1053 4097 1158 4137; x_wconf 92' lang='lat' dir='ltr'><strong>non</strong></span> <span class='ocrx_word' id='word_1_313' title='bbox 1193 4097 1256 4135; x_wconf 86' lang='lat' dir='ltr'><strong>ex</strong></span> <span class='ocrx_word' id='word_1_314' title='bbox 1294 4082 1567 4137; x_wconf 88' lang='lat' dir='ltr'><strong>voluntate</strong></span> <span class='ocrx_word' id='word_1_315' title='bbox 1594 4096 1706 4148; x_wconf 89' lang='lat' dir='ltr'><strong>sua,</strong></span> <span class='ocrx_word' id='word_1_316' title='bbox 1736 4098 1853 4152; x_wconf 66' lang='lat' dir='ltr'><strong>qua}</strong></span> <span class='ocrx_word' id='word_1_317' title='bbox 1892 4083 2026 4136; x_wconf 90' lang='lat' dir='ltr'><strong>mala</strong></span> 
     </span>
    </p>
   </div>
   <div class='ocr_carea' id='block_1_44' title="bbox 448 4172 2029 4245">
    <p class='ocr_par' dir='ltr' id='par_1_44' title="bbox 448 4172 2029 4245">
     <span class='ocr_line' id='line_1_44' title="bbox 448 4172 2029 4245; baseline 0.003 -20"><span class='ocrx_word' id='word_1_318' title='bbox 448 4181 549 4239; x_wconf 89' lang='lat' dir='ltr'><strong>est,</strong></span> <span class='ocrx_word' id='word_1_319' title='bbox 578 4172 674 4227; x_wconf 90' lang='lat' dir='ltr'><strong>sed</strong></span> <span class='ocrx_word' id='word_1_320' title='bbox 709 4189 777 4227; x_wconf 90' lang='lat' dir='ltr'><strong>ex</strong></span> <span class='ocrx_word' id='word_1_321' title='bbox 802 4172 1036 4241; x_wconf 89' lang='lat' dir='ltr'><strong>ipsorum</strong></span> <span class='ocrx_word' id='word_1_322' title='bbox 1080 4173 1407 4240; x_wconf 90' lang='lat' dir='ltr'><strong>fortitudine,</strong></span> <span class='ocrx_word' id='word_1_323' title='bbox 1441 4175 1528 4243; x_wconf 92' lang='lat' dir='ltr'><strong>qui</strong></span> <span class='ocrx_word' id='word_1_324' title='bbox 1574 4175 1688 4245; x_wconf 86' lang='lat' dir='ltr'><strong>ejus</strong></span> <span class='ocrx_word' id='word_1_325' title='bbox 1720 4176 1935 4237; x_wconf 89' lang='lat' dir='ltr'><strong>malitia,</strong></span> <span class='ocrx_word' id='word_1_326' title='bbox 1972 4185 2029 4230; x_wconf 92' lang='lat' dir='ltr'><strong>ut</strong></span> 
     </span>
    </p>
   </div>
   <div class='ocr_carea' id='block_1_45' title="bbox 450 4262 2028 4337">
    <p class='ocr_par' dir='ltr' id='par_1_45' title="bbox 450 4262 2028 4337">
     <span class='ocr_line' id='line_1_45' title="bbox 450 4262 2028 4337; baseline 0.003 -19"><span class='ocrx_word' id='word_1_327' title='bbox 450 4279 547 4332; x_wconf 87' lang='lat' dir='ltr'><strong>par</strong></span> <span class='ocrx_word' id='word_1_328' title='bbox 576 4271 676 4329; x_wconf 87' lang='lat' dir='ltr'><strong>est,</strong></span> <span class='ocrx_word' id='word_1_329' title='bbox 707 4271 948 4329; x_wconf 89' lang='lat' dir='ltr'><strong>utuntur,</strong></span> <span class='ocrx_word' id='word_1_330' title='bbox 991 4273 1049 4317; x_wconf 93' lang='lat' dir='ltr'><strong>ut</strong></span> <span class='ocrx_word' id='word_1_331' title='bbox 1071 4262 1207 4318; x_wconf 85' lang='lat' dir='ltr'><strong>Jobo</strong></span> <span class='ocrx_word' id='word_1_332' title='bbox 1233 4265 1471 4336; x_wconf 81' lang='lat' dir='ltr'><strong>contigit.</strong></span> <span class='ocrx_word' id='word_1_333' title='bbox 1506 4266 1860 4337; x_wconf 85' lang='lat' dir='ltr'><strong>llominesque</strong></span> <span class='ocrx_word' id='word_1_334' title='bbox 1887 4267 2028 4323; x_wconf 90' lang='lat' dir='ltr'><strong>solos</strong></span> 
     </span>
    </p>
   </div>
   <div class='ocr_carea' id='block_1_46' title="bbox 448 4355 2026 4427">
    <p class='ocr_par' dir='ltr' id='par_1_46' title="bbox 448 4355 2026 4427">
     <span class='ocr_line' id='line_1_46' title="bbox 448 4355 2026 4427; baseline 0.001 -18"><span class='ocrx_word' id='word_1_335' title='bbox 448 4355 578 4409; x_wconf 87' lang='lat' dir='ltr'><strong>dicit</strong></span> <span class='ocrx_word' id='word_1_336' title='bbox 615 4364 859 4410; x_wconf 88' lang='lat' dir='ltr'><strong>auctores</strong></span> <span class='ocrx_word' id='word_1_337' title='bbox 885 4368 1004 4410; x_wconf 85' lang='lat' dir='ltr'><strong>esse</strong></span> <span class='ocrx_word' id='word_1_338' title='bbox 1048 4355 1247 4426; x_wconf 89' lang='lat' dir='ltr'><strong>peccati</strong></span> <span class='ocrx_word' id='word_1_339' title='bbox 1275 4372 1289 4410; x_wconf 94' lang='lat'>:</span> <span class='ocrx_word' id='word_1_340' title='bbox 1322 4371 1443 4410; x_wconf 92' lang='lat' dir='ltr'><strong>nam</strong></span> <span class='ocrx_word' id='word_1_341' title='bbox 1485 4372 1551 4411; x_wconf 82' lang='lat' dir='ltr'><strong>ex</strong></span> <span class='ocrx_word' id='word_1_342' title='bbox 1578 4357 1863 4411; x_wconf 80' lang='lat' dir='ltr'><strong>voluntatis</strong></span> <span class='ocrx_word' id='word_1_343' title='bbox 1901 4373 2026 4427; x_wconf 86' lang='lat' dir='ltr'><strong>pro-</strong></span> 
     </span>
    </p>
   </div>
   <div class='ocr_carea' id='block_1_47' title="bbox 452 4445 2029 4518">
    <p class='ocr_par' dir='ltr' id='par_1_47' title="bbox 452 4445 2029 4518">
     <span class='ocr_line' id='line_1_47' title="bbox 452 4445 2029 4518; baseline -0.001 -18"><span class='ocrx_word' id='word_1_344' title='bbox 452 4446 625 4514; x_wconf 86' lang='lat' dir='ltr'><strong>posito</strong></span> <span class='ocrx_word' id='word_1_345' title='bbox 642 4445 769 4500; x_wconf 86' lang='lat' dir='ltr'><strong>boni</strong></span> <span class='ocrx_word' id='word_1_346' title='bbox 797 4445 880 4501; x_wconf 85' lang='lat' dir='ltr'><strong>vel</strong></span> <span class='ocrx_word' id='word_1_347' title='bbox 908 4445 1031 4499; x_wconf 89' lang='lat' dir='ltr'><strong>mali</strong></span> <span class='ocrx_word' id='word_1_348' title='bbox 1058 4461 1261 4501; x_wconf 88' lang='lat' dir='ltr'><strong>sumus.</strong></span> <span class='ocrx_word' id='word_1_349' title='bbox 1292 4446 1366 4501; x_wconf 89' lang='lat' dir='ltr'><strong>Dc</strong></span> <span class='ocrx_word' id='word_1_350' title='bbox 1390 4447 1525 4505; x_wconf 82' lang='lat' dir='ltr'><strong>Jobo</strong></span> <span class='ocrx_word' id='word_1_351' title='bbox 1562 4458 1740 4518; x_wconf 81' lang='lat' dir='ltr'><strong>postea</strong></span> <span class='ocrx_word' id='word_1_352' title='bbox 1771 4449 1929 4501; x_wconf 88' lang='lat' dir='ltr'><strong>multa</strong></span> <span class='ocrx_word' id='word_1_353' title='bbox 1952 4449 2029 4501; x_wconf 82' lang='lat' dir='ltr'><strong>tli-</strong></span> 
     </span>
    </p>
   </div>
   <div class='ocr_carea' id='block_1_48' title="bbox 449 4538 2031 4610">
    <p class='ocr_par' dir='ltr' id='par_1_48' title="bbox 449 4538 2031 4610">
     <span class='ocr_line' id='line_1_48' title="bbox 449 4538 2031 4610; baseline 0.001 -18"><span class='ocrx_word' id='word_1_354' title='bbox 449 4540 552 4605; x_wconf 71' lang='lat' dir='ltr'><strong>cit;</strong></span> <span class='ocrx_word' id='word_1_355' title='bbox 595 4538 814 4609; x_wconf 89' lang='lat' dir='ltr'><strong>ejusque</strong></span> <span class='ocrx_word' id='word_1_356' title='bbox 853 4540 1159 4609; x_wconf 74' lang='lat' dir='ltr'><strong>patientiam</strong></span> <span class='ocrx_word' id='word_1_357' title='bbox 1211 4540 1264 4593; x_wconf 91' lang='lat' dir='ltr'><strong>in</strong></span> <span class='ocrx_word' id='word_1_358' title='bbox 1315 4541 1616 4609; x_wconf 86' lang='lat' dir='ltr'><strong>exemplum</strong></span> <span class='ocrx_word' id='word_1_359' title='bbox 1666 4540 1928 4610; x_wconf 84' lang='lat' dir='ltr'><strong>prOpnnil,</strong></span> <span class='ocrx_word' id='word_1_360' title='bbox 1975 4549 2031 4593; x_wconf 90' lang='lat' dir='ltr'><strong>ut</strong></span> 
     </span>
    </p>
   </div>
   <div class='ocr_carea' id='block_1_49' title="bbox 448 4630 2030 4701">
    <p class='ocr_par' dir='ltr' id='par_1_49' title="bbox 448 4630 2030 4701">
     <span class='ocr_line' id='line_1_49' title="bbox 448 4630 2030 4701; baseline 0.004 -22"><span class='ocrx_word' id='word_1_361' title='bbox 448 4645 567 4695; x_wconf 75' lang='lat' dir='ltr'><strong>qua:</strong></span> <span class='ocrx_word' id='word_1_362' title='bbox 613 4630 861 4684; x_wconf 89' lang='lat' dir='ltr'><strong>omnibus</strong></span> <span class='ocrx_word' id='word_1_363' title='bbox 907 4630 1259 4685; x_wconf 88' lang='lat' dir='ltr'><strong>consolationi</strong></span> <span class='ocrx_word' id='word_1_364' title='bbox 1301 4646 1421 4685; x_wconf 89' lang='lat' dir='ltr'><strong>esse</strong></span> <span class='ocrx_word' id='word_1_365' title='bbox 1471 4633 1637 4701; x_wconf 84' lang='lat' dir='ltr'><strong>possit</strong></span> <span class='ocrx_word' id='word_1_366' title='bbox 1667 4648 1680 4683; x_wconf 88' lang='lat'>:</span> <span class='ocrx_word' id='word_1_367' title='bbox 1710 4630 2030 4699; x_wconf 84' lang='lat' dir='ltr'><strong>dcmttmquc</strong></span> 
     </span>
    </p>
   </div>
   <div class='ocr_carea' id='block_1_50' title="bbox 448 4720 2030 4790">
    <p class='ocr_par' dir='ltr' id='par_1_50' title="bbox 448 4720 2030 4790">
     <span class='ocr_line' id='line_1_50' title="bbox 448 4720 2030 4790; baseline -0.001 -16"><span class='ocrx_word' id='word_1_368' title='bbox 448 4720 644 4774; x_wconf 76' lang='lat' dir='ltr'><strong>claudit</strong></span> <span class='ocrx_word' id='word_1_369' title='bbox 672 4720 875 4785; x_wconf 89' lang='lat' dir='ltr'><strong>dicens,</strong></span> <span class='ocrx_word' id='word_1_370' title='bbox 902 4736 1021 4775; x_wconf 95' lang='lat' dir='ltr'><strong>cnm</strong></span> <span class='ocrx_word' id='word_1_371' title='bbox 1046 4720 1274 4789; x_wconf 84' lang='lat' dir='ltr'><strong>Spiritus</strong></span> <span class='ocrx_word' id='word_1_372' title='bbox 1299 4722 1463 4790; x_wconf 91' lang='lat' dir='ltr'><strong>gratia</strong></span> <span class='ocrx_word' id='word_1_373' title='bbox 1488 4722 1720 4776; x_wconf 81' lang='lat' dir='ltr'><strong>faciliora</strong></span> <span class='ocrx_word' id='word_1_374' title='bbox 1742 4723 2030 4777; x_wconf 82' lang='lat' dir='ltr'><strong>certamina</strong></span> 
     </span>
    </p>
   </div>
   <div class='ocr_carea' id='block_1_51' title="bbox 450 4812 2032 4882">
    <p class='ocr_par' dir='ltr' id='par_1_51' title="bbox 450 4812 2032 4882">
     <span class='ocr_line' id='line_1_51' title="bbox 450 4812 2032 4882; baseline 0.001 -16"><span class='ocrx_word' id='word_1_375' title='bbox 450 4815 627 4868; x_wconf 82' lang='lat' dir='ltr'><strong>otnnia</strong></span> <span class='ocrx_word' id='word_1_376' title='bbox 656 4826 798 4878; x_wconf 87' lang='lat' dir='ltr'><strong>esse,</strong></span> <span class='ocrx_word' id='word_1_377' title='bbox 827 4812 1163 4880; x_wconf 85' lang='lat' dir='ltr'><strong>maximeque</strong></span> <span class='ocrx_word' id='word_1_378' title='bbox 1206 4823 1323 4881; x_wconf 89' lang='lat' dir='ltr'><strong>post</strong></span> <span class='ocrx_word' id='word_1_379' title='bbox 1348 4814 1630 4868; x_wconf 87' lang='lat' dir='ltr'><strong>adventum</strong></span> <span class='ocrx_word' id='word_1_380' title='bbox 1660 4813 1878 4882; x_wconf 79' lang='lat' dir='ltr'><strong>Christi,</strong></span> <span class='ocrx_word' id='word_1_381' title='bbox 1911 4829 2032 4868; x_wconf 88' lang='lat' dir='ltr'><strong>cum</strong></span> 
     </span>
    </p>
   </div>
   <div class='ocr_carea' id='block_1_52' title="bbox 449 4901 1231 4973">
    <p class='ocr_par' dir='ltr' id='par_1_52' title="bbox 449 4901 1231 4973">
     <span class='ocr_line' id='line_1_52' title="bbox 449 4901 1231 4973; baseline -0.004 -16"><span class='ocrx_word' id='word_1_382' title='bbox 449 4905 615 4973; x_wconf 85' lang='lat' dir='ltr'><strong>gratia</strong></span> <span class='ocrx_word' id='word_1_383' title='bbox 638 4902 723 4955; x_wconf 91' lang='lat' dir='ltr'><strong>illa</strong></span> <span class='ocrx_word' id='word_1_384' title='bbox 754 4901 1108 4961; x_wconf 84' lang='lat' dir='ltr'><strong>abundantior</strong></span> <span class='ocrx_word' id='word_1_385' title='bbox 1129 4912 1231 4956; x_wconf 87' lang='lat' dir='ltr'><strong>est.</strong></span> 
     </span>
    </p>
   </div>
   <div class='ocr_carea' id='block_1_53' title="bbox 524 4991 2031 5061">
    <p class='ocr_par' dir='ltr' id='par_1_53' title="bbox 524 4991 2031 5061">
     <span class='ocr_line' id='line_1_53' title="bbox 524 4991 2031 5061; baseline 0.001 -16"><span class='ocrx_word' id='word_1_386' title='bbox 524 4991 790 5045; x_wconf 81' lang='lat' dir='ltr'><strong>Hactenus</strong></span> <span class='ocrx_word' id='word_1_387' title='bbox 819 5005 1013 5044; x_wconf 90' lang='lat' dir='ltr'><strong>annum</strong></span> <span class='ocrx_word' id='word_1_388' title='bbox 1051 5001 1104 5046; x_wconf 92' lang='lat' dir='ltr'><strong>et</strong></span> <span class='ocrx_word' id='word_1_389' title='bbox 1142 4992 1454 5060; x_wconf 90' lang='lat' dir='ltr'><strong>plerumque</strong></span> <span class='ocrx_word' id='word_1_390' title='bbox 1484 4992 1641 5058; x_wconf 89' lang='lat' dir='ltr'><strong>diem,</strong></span> <span class='ocrx_word' id='word_1_391' title='bbox 1671 5008 1777 5061; x_wconf 87' lang='lat' dir='ltr'><strong>quo</strong></span> <span class='ocrx_word' id='word_1_392' title='bbox 1814 4994 2031 5048; x_wconf 84' lang='lat' dir='ltr'><strong>concio-</strong></span> 
     </span>
    </p>
   </div>
   <div class='ocr_carea' id='block_1_54' title="bbox 453 5081 2033 5151">
    <p class='ocr_par' dir='ltr' id='par_1_54' title="bbox 453 5081 2033 5151">
     <span class='ocr_line' id='line_1_54' title="bbox 453 5081 2033 5151; baseline 0 -14"><span class='ocrx_word' id='word_1_393' title='bbox 453 5099 550 5140; x_wconf 78' lang='lat' dir='ltr'><strong>nes</strong></span> <span class='ocrx_word' id='word_1_394' title='bbox 577 5082 732 5136; x_wconf 68' lang='lat' dir='ltr'><strong>dictat</strong></span> <span class='ocrx_word' id='word_1_395' title='bbox 759 5081 987 5147; x_wconf 83' lang='lat' dir='ltr'><strong>fuerant,</strong></span> <span class='ocrx_word' id='word_1_396' title='bbox 1024 5082 1232 5151; x_wconf 89' lang='lat' dir='ltr'><strong>sequuti</strong></span> <span class='ocrx_word' id='word_1_397' title='bbox 1262 5096 1464 5147; x_wconf 91' lang='lat' dir='ltr'><strong>sumus,</strong></span> <span class='ocrx_word' id='word_1_398' title='bbox 1500 5083 1761 5137; x_wconf 89' lang='lat' dir='ltr'><strong>interdum</strong></span> <span class='ocrx_word' id='word_1_399' title='bbox 1790 5100 1892 5139; x_wconf 88' lang='lat' dir='ltr'><strong>non</strong></span> <span class='ocrx_word' id='word_1_400' title='bbox 1932 5085 2033 5138; x_wconf 89' lang='lat' dir='ltr'><strong>du-</strong></span> 
     </span>
    </p>
   </div>
   <div class='ocr_carea' id='block_1_55' title="bbox 455 5172 2034 5247">
    <p class='ocr_par' dir='ltr' id='par_1_55' title="bbox 455 5172 2034 5247">
     <span class='ocr_line' id='line_1_55' title="bbox 455 5172 2034 5247; baseline 0.003 -20"><span class='ocrx_word' id='word_1_401' title='bbox 455 5176 555 5228; x_wconf 76' lang='lat' dir='ltr'><strong>l-iis</strong></span> <span class='ocrx_word' id='word_1_402' title='bbox 592 5172 820 5235; x_wconf 83' lang='lat' dir='ltr'><strong>indiciis,</strong></span> <span class='ocrx_word' id='word_1_403' title='bbox 865 5173 1147 5243; x_wconf 85' lang='lat' dir='ltr'><strong>aliquando</strong></span> <span class='ocrx_word' id='word_1_404' title='bbox 1182 5189 1247 5229; x_wconf 90' lang='lat' dir='ltr'><strong>ex</strong></span> <span class='ocrx_word' id='word_1_405' title='bbox 1274 5174 1577 5244; x_wconf 85' lang='lat' dir='ltr'><strong>conjectura</strong></span> <span class='ocrx_word' id='word_1_406' title='bbox 1606 5185 1806 5231; x_wconf 91' lang='lat' dir='ltr'><strong>tantum</strong></span> <span class='ocrx_word' id='word_1_407' title='bbox 1836 5194 1848 5229; x_wconf 91' lang='lat'><strong>:</strong></span> <span class='ocrx_word' id='word_1_408' title='bbox 1877 5186 2034 5247; x_wconf 82' lang='lat' dir='ltr'><strong>atque</strong></span> 
     </span>
    </p>
   </div>
   <div class='ocr_carea' id='block_1_56' title="bbox 454 5266 2036 5339">
    <p class='ocr_par' dir='ltr' id='par_1_56' title="bbox 454 5266 2036 5339">
     <span class='ocr_line' id='line_1_56' title="bbox 454 5266 2036 5339; baseline 0.002 -20"><span class='ocrx_word' id='word_1_409' title='bbox 454 5269 519 5319; x_wconf 85' lang='lat' dir='ltr'><strong>ad</strong></span> <span class='ocrx_word' id='word_1_410' title='bbox 564 5281 761 5320; x_wconf 85' lang='lat' dir='ltr'><strong>annum</strong></span> <span class='ocrx_word' id='word_1_411' title='bbox 804 5266 910 5321; x_wconf 80' lang='lat'><strong>388</strong></span> <span class='ocrx_word' id='word_1_412' title='bbox 953 5267 1029 5321; x_wconf 87' lang='lat' dir='ltr'><strong>sic</strong></span> <span class='ocrx_word' id='word_1_413' title='bbox 1068 5266 1424 5339; x_wconf 85' lang='lat' dir='ltr'><strong>pervenimus.</strong></span> <span class='ocrx_word' id='word_1_414' title='bbox 1471 5266 1653 5337; x_wconf 84' lang='lat' dir='ltr'><strong>Neque</strong></span> <span class='ocrx_word' id='word_1_415' title='bbox 1682 5267 1897 5323; x_wconf 87' lang='lat' dir='ltr'><strong>dubium</strong></span> <span class='ocrx_word' id='word_1_416' title='bbox 1942 5284 2036 5322; x_wconf 91' lang='lat' dir='ltr'><strong>an-</strong></span> 
     </span>
    </p>
   </div>
   <div class='ocr_carea' id='block_1_57' title="bbox 455 5356 2035 5428">
    <p class='ocr_par' dir='ltr' id='par_1_57' title="bbox 455 5356 2035 5428">
     <span class='ocr_line' id='line_1_57' title="bbox 455 5356 2035 5428; baseline 0.002 -17"><span class='ocrx_word' id='word_1_417' title='bbox 455 5359 538 5411; x_wconf 86' lang='lat' dir='ltr'><strong>nis</strong></span> <span class='ocrx_word' id='word_1_418' title='bbox 572 5358 699 5423; x_wconf 76' lang='lat'><strong>589,</strong></span> <span class='ocrx_word' id='word_1_419' title='bbox 732 5356 858 5423; x_wconf 79' lang='lat'><strong>590,</strong></span> <span class='ocrx_word' id='word_1_420' title='bbox 888 5356 1010 5421; x_wconf 78' lang='lat'><strong>59!,</strong></span> <span class='ocrx_word' id='word_1_421' title='bbox 1045 5356 1366 5413; x_wconf 86' lang='lat' dir='ltr'><strong>indefessum</strong></span> <span class='ocrx_word' id='word_1_422' title='bbox 1397 5368 1659 5413; x_wconf 89' lang='lat' dir='ltr'><strong>oratorem</strong></span> <span class='ocrx_word' id='word_1_423' title='bbox 1690 5357 1755 5412; x_wconf 90' lang='lat' dir='ltr'><strong>ad</strong></span> <span class='ocrx_word' id='word_1_424' title='bbox 1784 5359 2035 5428; x_wconf 87' lang='lat' dir='ltr'><strong>populum</strong></span> 
     </span>
    </p>
   </div>
   <div class='ocr_carea' id='block_1_58' title="bbox 460 5447 2037 5519">
    <p class='ocr_par' dir='ltr' id='par_1_58' title="bbox 460 5447 2037 5519">
     <span class='ocr_line' id='line_1_58' title="bbox 460 5447 2037 5519; baseline 0.001 -16"><span class='ocrx_word' id='word_1_425' title='bbox 460 5447 849 5504; x_wconf 70' lang='lat' dir='ltr'><strong>Antiochenam</strong></span> <span class='ocrx_word' id='word_1_426' title='bbox 890 5449 1079 5504; x_wconf 87' lang='lat' dir='ltr'><strong>multas</strong></span> <span class='ocrx_word' id='word_1_427' title='bbox 1123 5464 1185 5503; x_wconf 82' lang='lat' dir='ltr'><strong>ex</strong></span> <span class='ocrx_word' id='word_1_428' title='bbox 1231 5450 1295 5504; x_wconf 90' lang='lat' dir='ltr'><strong>iis</strong></span> <span class='ocrx_word' id='word_1_429' title='bbox 1321 5464 1440 5519; x_wconf 74' lang='lat' dir='ltr'><strong>qu;o</strong></span> <span class='ocrx_word' id='word_1_430' title='bbox 1479 5458 1763 5518; x_wconf 78' lang='lat' dir='ltr'><strong>supersunt</strong></span> <span class='ocrx_word' id='word_1_431' title='bbox 1790 5449 2037 5505; x_wconf 84' lang='lat' dir='ltr'><strong>habuisse</strong></span> 
     </span>
    </p>
   </div>
   <div class='ocr_carea' id='block_1_59' title="bbox 455 5539 2037 5614">
    <p class='ocr_par' dir='ltr' id='par_1_59' title="bbox 455 5539 2037 5614">
     <span class='ocr_line' id='line_1_59' title="bbox 455 5539 2037 5614; baseline 0 -17"><span class='ocrx_word' id='word_1_432' title='bbox 455 5542 759 5606; x_wconf 84' lang='lat' dir='ltr'><strong>conciones,</strong></span> <span class='ocrx_word' id='word_1_433' title='bbox 802 5557 917 5612; x_wconf 80' lang='lat' dir='ltr'><strong>qua:</strong></span> <span class='ocrx_word' id='word_1_434' title='bbox 957 5542 1151 5599; x_wconf 86' lang='lat' dir='ltr'><strong>nullam</strong></span> <span class='ocrx_word' id='word_1_435' title='bbox 1192 5541 1275 5596; x_wconf 82' lang='lat' dir='ltr'><strong>vel</strong></span> <span class='ocrx_word' id='word_1_436' title='bbox 1323 5539 1446 5596; x_wconf 88' lang='lat' dir='ltr'><strong>anni</strong></span> <span class='ocrx_word' id='word_1_437' title='bbox 1474 5540 1555 5595; x_wconf 82' lang='lat' dir='ltr'><strong>vel</strong></span> <span class='ocrx_word' id='word_1_438' title='bbox 1581 5540 1681 5596; x_wconf 86' lang='lat' dir='ltr'><strong>dici</strong></span> <span class='ocrx_word' id='word_1_439' title='bbox 1721 5550 1899 5597; x_wconf 82' lang='lat' dir='ltr'><strong>notam</strong></span> <span class='ocrx_word' id='word_1_440' title='bbox 1927 5556 2037 5614; x_wconf 71' lang='lat' dir='ltr'><strong>pra:</strong></span> 
     </span>
    </p>
   </div>
   <div class='ocr_carea' id='block_1_60' title="bbox 455 5641 730 5692">
    <p class='ocr_par' dir='ltr' id='par_1_60' title="bbox 455 5641 730 5692">
     <span class='ocr_line' id='line_1_60' title="bbox 455 5641 730 5692; baseline 0.007 -5"><span class='ocrx_word' id='word_1_441' title='bbox 455 5651 507 5688; x_wconf 67' lang='grc' dir='ltr'><strong>δι’</strong></span> <span class='ocrx_word' id='word_1_442' title='bbox 538 5641 730 5692; x_wconf 85' lang='lat' dir='ltr'><strong>lerunt.</strong></span> 
     </span>
    </p>
   </div>
   <div class='ocr_carea' id='block_1_61' title="bbox 1441 224 2549 292">
    <p class='ocr_par' dir='ltr' id='par_1_61' title="bbox 1441 224 2549 292">
     <span class='ocr_line' id='line_1_61' title="bbox 1441 224 2549 292; baseline -0.004 -8"><span class='ocrx_word' id='word_1_443' title='bbox 1441 229 1497 285; x_wconf 89' lang='lat' dir='ltr'><strong>S.</strong></span> <span class='ocrx_word' id='word_1_444' title='bbox 1537 224 1814 283; x_wconf 62' lang='lat' dir='ltr'><strong>JOANNIS</strong></span> <span class='ocrx_word' id='word_1_445' title='bbox 1850 225 2327 282; x_wconf 72' lang='lat' dir='ltr'><strong>CllRYSOSTOMl</strong></span> <span class='ocrx_word' id='word_1_446' title='bbox 2367 226 2549 292; x_wconf 70' lang='lat' dir='ltr'><strong>VITA,</strong></span> 
     </span>
    </p>
   </div>
   <div class='ocr_carea' id='block_1_62' title="bbox 3612 232 3714 288">
    <p class='ocr_par' dir='ltr' id='par_1_62' title="bbox 3612 232 3714 288">
     <span class='ocr_line' id='line_1_62' title="bbox 3612 232 3714 288; baseline 0 0"><span class='ocrx_word' id='word_1_447' title='bbox 3612 232 3714 288; x_wconf 72' lang='lat' dir='ltr'><strong>l3‘!</strong></span> 
     </span>
    </p>
   </div>
   <div class='ocr_carea' id='block_1_63' title="bbox 2208 307 3714 400">
    <p class='ocr_par' dir='ltr' id='par_1_63' title="bbox 2208 307 3714 400">
     <span class='ocr_line' id='line_1_63' title="bbox 2208 307 3714 400; baseline 0.002 -3"><span class='ocrx_word' id='word_1_448' title='bbox 2208 341 2335 397; x_wconf 72' lang='lat' dir='ltr'><strong>Alite</strong></span> <span class='ocrx_word' id='word_1_449' title='bbox 2355 341 2636 395; x_wconf 76' lang='lat' dir='ltr'><strong>conciones.</strong></span> <span class='ocrx_word' id='word_1_450' title='bbox 2660 370 2730 383; x_wconf 64' lang='lat'><strong><em>~</em></strong></span> <span class='ocrx_word' id='word_1_451' title='bbox 2754 340 2808 395; x_wconf 92' lang='lat' dir='ltr'><strong>lu</strong></span> <span class='ocrx_word' id='word_1_452' title='bbox 2830 307 3024 396; x_wconf 66' lang='lat' dir='ltr'><strong>aanimi</strong></span> <span class='ocrx_word' id='word_1_453' title='bbox 3046 355 3173 397; x_wconf 88' lang='lat' dir='ltr'><strong>vero</strong></span> <span class='ocrx_word' id='word_1_454' title='bbox 3191 338 3297 396; x_wconf 68' lang='lat'><strong>392</strong></span> <span class='ocrx_word' id='word_1_455' title='bbox 3313 339 3593 397; x_wconf 87' lang='lat' dir='ltr'><strong>referimus</strong></span> <span class='ocrx_word' id='word_1_456' title='bbox 3620 356 3714 400; x_wconf 83' lang='lat' dir='ltr'><strong>no-</strong></span> 
     </span>
    </p>
   </div>
   <div class='ocr_carea' id='block_1_64' title="bbox 2134 429 3711 502">
    <p class='ocr_par' dir='ltr' id='par_1_64' title="bbox 2134 429 3711 502">
     <span class='ocr_line' id='line_1_64' title="bbox 2134 429 3711 502; baseline 0.002 -17"><span class='ocrx_word' id='word_1_457' title='bbox 2134 431 2334 486; x_wconf 88' lang='lat' dir='ltr'><strong>miliam</strong></span> <span class='ocrx_word' id='word_1_458' title='bbox 2366 431 2667 500; x_wconf 87' lang='lat' dir='ltr'><strong>inscriptam</strong></span> <span class='ocrx_word' id='word_1_459' title='bbox 2706 430 2771 485; x_wconf 86' lang='lat' dir='ltr'><strong>de</strong></span> <span class='ocrx_word' id='word_1_460' title='bbox 2800 430 3122 487; x_wconf 72' lang='lat' dir='ltr'><strong>Cmmeterio</strong></span> <span class='ocrx_word' id='word_1_461' title='bbox 3164 442 3217 485; x_wconf 89' lang='lat' dir='ltr'><strong>et</strong></span> <span class='ocrx_word' id='word_1_462' title='bbox 3242 431 3307 485; x_wconf 90' lang='lat' dir='ltr'><strong>de</strong></span> <span class='ocrx_word' id='word_1_463' title='bbox 3334 429 3524 495; x_wconf 86' lang='lat' dir='ltr'><strong>Cruce,</strong></span> <span class='ocrx_word' id='word_1_464' title='bbox 3551 447 3711 502; x_wconf 76' lang='lat' dir='ltr'><strong>quam</strong></span> 
     </span>
    </p>
   </div>
   <div class='ocr_carea' id='block_1_65' title="bbox 2133 520 3711 591">
    <p class='ocr_par' dir='ltr' id='par_1_65' title="bbox 2133 520 3711 591">
     <span class='ocr_line' id='line_1_65' title="bbox 2133 520 3711 591; baseline 0.001 -16"><span class='ocrx_word' id='word_1_465' title='bbox 2133 521 2262 576; x_wconf 90' lang='lat' dir='ltr'><strong>dicit</strong></span> <span class='ocrx_word' id='word_1_466' title='bbox 2303 520 2489 591; x_wconf 75' lang='lat' dir='ltr'><strong>viginti</strong></span> <span class='ocrx_word' id='word_1_467' title='bbox 2531 530 2621 575; x_wconf 90' lang='lat' dir='ltr'><strong>aut</strong></span> <span class='ocrx_word' id='word_1_468' title='bbox 2670 522 2826 589; x_wconf 91' lang='lat' dir='ltr'><strong>paulo</strong></span> <span class='ocrx_word' id='word_1_469' title='bbox 2870 522 3043 576; x_wconf 87' lang='lat' dir='ltr'><strong>minus</strong></span> <span class='ocrx_word' id='word_1_470' title='bbox 3084 521 3271 576; x_wconf 89' lang='lat' dir='ltr'><strong>diebus</strong></span> <span class='ocrx_word' id='word_1_471' title='bbox 3315 530 3600 591; x_wconf 88' lang='lat' dir='ltr'><strong>antequam</strong></span> <span class='ocrx_word' id='word_1_472' title='bbox 3642 522 3711 577; x_wconf 84' lang='lat' dir='ltr'><strong>de</strong></span> 
     </span>
    </p>
   </div>
   <div class='ocr_carea' id='block_1_66' title="bbox 2133 612 3710 679">
    <p class='ocr_par' dir='ltr' id='par_1_66' title="bbox 2133 612 3710 679">
     <span class='ocr_line' id='line_1_66' title="bbox 2133 612 3710 679; baseline 0.001 -11"><span class='ocrx_word' id='word_1_473' title='bbox 2133 612 2329 669; x_wconf 91' lang='lat' dir='ltr'><strong>sanctis</strong></span> <span class='ocrx_word' id='word_1_474' title='bbox 2351 613 2659 668; x_wconf 88' lang='lat' dir='ltr'><strong>mulieribus</strong></span> <span class='ocrx_word' id='word_1_475' title='bbox 2687 614 2928 679; x_wconf 90' lang='lat' dir='ltr'><strong>Bernice,</strong></span> <span class='ocrx_word' id='word_1_476' title='bbox 2948 614 3212 669; x_wconf 89' lang='lat' dir='ltr'><strong>Prosdoce</strong></span> <span class='ocrx_word' id='word_1_477' title='bbox 3227 623 3281 669; x_wconf 89' lang='lat' dir='ltr'><strong>et</strong></span> <span class='ocrx_word' id='word_1_478' title='bbox 3296 614 3555 669; x_wconf 88' lang='lat' dir='ltr'><strong>Domnina</strong></span> <span class='ocrx_word' id='word_1_479' title='bbox 3577 629 3710 670; x_wconf 83' lang='lat' dir='ltr'><strong>con-</strong></span> 
     </span>
    </p>
   </div>
   <div class='ocr_carea' id='block_1_67' title="bbox 2132 702 3713 776">
    <p class='ocr_par' dir='ltr' id='par_1_67' title="bbox 2132 702 3713 776">
     <span class='ocr_line' id='line_1_67' title="bbox 2132 702 3713 776; baseline 0.001 -19"><span class='ocrx_word' id='word_1_480' title='bbox 2132 703 2433 758; x_wconf 89' lang='lat' dir='ltr'><strong>eionaretur</strong></span> <span class='ocrx_word' id='word_1_481' title='bbox 2465 702 2551 776; x_wconf 90' lang='lat' dir='ltr'><strong>(T.</strong></span> <span class='ocrx_word' id='word_1_482' title='bbox 2583 704 2636 757; x_wconf 73' lang='lat'><strong>2.</strong></span> <span class='ocrx_word' id='word_1_483' title='bbox 2679 718 2727 757; x_wconf 92' lang='lat' dir='ltr'><strong>c.</strong></span> <span class='ocrx_word' id='word_1_484' title='bbox 2759 703 2910 773; x_wconf 79' lang='lat'><strong>595),</strong></span> <span class='ocrx_word' id='word_1_485' title='bbox 2952 712 3010 759; x_wconf 91' lang='lat' dir='ltr'><strong>ut</strong></span> <span class='ocrx_word' id='word_1_486' title='bbox 3047 718 3153 760; x_wconf 88' lang='lat' dir='ltr'><strong>non</strong></span> <span class='ocrx_word' id='word_1_487' title='bbox 3192 702 3364 759; x_wconf 90' lang='lat' dir='ltr'><strong>dubiis</strong></span> <span class='ocrx_word' id='word_1_488' title='bbox 3393 705 3533 759; x_wconf 87' lang='lat' dir='ltr'><strong>notis</strong></span> <span class='ocrx_word' id='word_1_489' title='bbox 3560 705 3713 760; x_wconf 83' lang='lat' dir='ltr'><strong>colli-</strong></span> 
     </span>
    </p>
   </div>
   <div class='ocr_carea' id='block_1_68' title="bbox 2131 794 3713 865">
    <p class='ocr_par' dir='ltr' id='par_1_68' title="bbox 2131 794 3713 865">
     <span class='ocr_line' id='line_1_68' title="bbox 2131 794 3713 865; baseline 0.004 -19"><span class='ocrx_word' id='word_1_490' title='bbox 2131 795 2271 864; x_wconf 84' lang='lat' dir='ltr'><strong>gitur</strong></span> <span class='ocrx_word' id='word_1_491' title='bbox 2286 809 2350 849; x_wconf 90' lang='lat' dir='ltr'><strong>ex</strong></span> <span class='ocrx_word' id='word_1_492' title='bbox 2376 794 2524 849; x_wconf 90' lang='lat' dir='ltr'><strong>initio</strong></span> <span class='ocrx_word' id='word_1_493' title='bbox 2539 804 2820 864; x_wconf 62' lang='lat' dir='ltr'><strong>postremae</strong></span> <span class='ocrx_word' id='word_1_494' title='bbox 2843 794 3065 865; x_wconf 88' lang='lat' dir='ltr'><strong>hujusce</strong></span> <span class='ocrx_word' id='word_1_495' title='bbox 3082 796 3374 863; x_wconf 86' lang='lat' dir='ltr'><strong>coneionis,</strong></span> <span class='ocrx_word' id='word_1_496' title='bbox 3398 795 3487 851; x_wconf 91' lang='lat' dir='ltr'><strong>ubi</strong></span> <span class='ocrx_word' id='word_1_497' title='bbox 3507 812 3567 853; x_wconf 90' lang='lat' dir='ltr'><strong>se</strong></span> <span class='ocrx_word' id='word_1_498' title='bbox 3587 807 3713 852; x_wconf 88' lang='lat' dir='ltr'><strong>ante</strong></span> 
     </span>
    </p>
   </div>
   <div class='ocr_carea' id='block_1_69' title="bbox 2131 885 3708 955">
    <p class='ocr_par' dir='ltr' id='par_1_69' title="bbox 2131 885 3708 955">
     <span class='ocr_line' id='line_1_69' title="bbox 2131 885 3708 955; baseline 0.003 -17"><span class='ocrx_word' id='word_1_499' title='bbox 2131 885 2313 955; x_wconf 83' lang='lat' dir='ltr'><strong>viginti</strong></span> <span class='ocrx_word' id='word_1_500' title='bbox 2359 885 2469 940; x_wconf 90' lang='lat' dir='ltr'><strong>fere</strong></span> <span class='ocrx_word' id='word_1_501' title='bbox 2492 885 2623 942; x_wconf 86' lang='lat' dir='ltr'><strong>&#39;dies</strong></span> <span class='ocrx_word' id='word_1_502' title='bbox 2662 886 3049 953; x_wconf 90' lang='lat' dir='ltr'><strong>concionatum,</strong></span> <span class='ocrx_word' id='word_1_503' title='bbox 3096 886 3258 941; x_wconf 89' lang='lat' dir='ltr'><strong>multa</strong></span> <span class='ocrx_word' id='word_1_504' title='bbox 3301 887 3500 943; x_wconf 79' lang='lat' dir='ltr'><strong>dixisse</strong></span> <span class='ocrx_word' id='word_1_505' title='bbox 3543 890 3619 943; x_wconf 87' lang='lat' dir='ltr'><strong>ait</strong></span> <span class='ocrx_word' id='word_1_506' title='bbox 3658 890 3708 943; x_wconf 91' lang='lat' dir='ltr'><strong>in</strong></span> 
     </span>
    </p>
   </div>
   <div class='ocr_carea' id='block_1_70' title="bbox 2124 973 3709 1049">
    <p class='ocr_par' dir='ltr' id='par_1_70' title="bbox 2124 973 3709 1049">
     <span class='ocr_line' id='line_1_70' title="bbox 2124 973 3709 1049; baseline 0.001 -20"><span class='ocrx_word' id='word_1_507' title='bbox 2124 973 2246 1045; x_wconf 33' lang='lat' dir='ltr'><strong>‘ha-c</strong></span> <span class='ocrx_word' id='word_1_508' title='bbox 2284 976 2481 1032; x_wconf 87' lang='lat' dir='ltr'><strong>verba:</strong></span> <span class='ocrx_word' id='word_1_509' title='bbox 2509 976 2750 1032; x_wconf 85' lang='lat' dir='ltr'><strong>Contrivit</strong></span> <span class='ocrx_word' id='word_1_510' title='bbox 2796 986 2966 1049; x_wconf 78' lang='lat' dir='ltr'><strong>portas</strong></span> <span class='ocrx_word' id='word_1_511' title='bbox 3006 993 3185 1046; x_wconf 69' lang='lat' dir='ltr'><strong>cereas,</strong></span> <span class='ocrx_word' id='word_1_512' title='bbox 3236 987 3285 1031; x_wconf 89' lang='lat' dir='ltr'><strong>et</strong></span> <span class='ocrx_word' id='word_1_513' title='bbox 3324 987 3481 1033; x_wconf 77' lang='lat' dir='ltr'><strong>vectes</strong></span> <span class='ocrx_word' id='word_1_514' title='bbox 3521 979 3709 1047; x_wconf 69' lang='lat' dir='ltr'><strong>ferreos</strong></span> 
     </span>
    </p>
   </div>
   <div class='ocr_carea' id='block_1_71' title="bbox 2130 1069 3707 1140">
    <p class='ocr_par' dir='ltr' id='par_1_71' title="bbox 2130 1069 3707 1140">
     <span class='ocr_line' id='line_1_71' title="bbox 2130 1069 3707 1140; baseline 0.005 -19"><span class='ocrx_word' id='word_1_515' title='bbox 2130 1069 2406 1139; x_wconf 77' lang='lat' dir='ltr'><strong>confregit;</strong></span> <span class='ocrx_word' id='word_1_516' title='bbox 2433 1084 2551 1139; x_wconf 76' lang='lat' dir='ltr'><strong>quae</strong></span> <span class='ocrx_word' id='word_1_517' title='bbox 2576 1071 2775 1140; x_wconf 91' lang='lat' dir='ltr'><strong>optime</strong></span> <span class='ocrx_word' id='word_1_518' title='bbox 2799 1071 3121 1126; x_wconf 86' lang='lat' dir='ltr'><strong>conveniunt</strong></span> <span class='ocrx_word' id='word_1_519' title='bbox 3149 1072 3204 1125; x_wconf 91' lang='lat' dir='ltr'><strong>in</strong></span> <span class='ocrx_word' id='word_1_520' title='bbox 3238 1071 3375 1127; x_wconf 89' lang='lat' dir='ltr'><strong>hanc</strong></span> <span class='ocrx_word' id='word_1_521' title='bbox 3395 1072 3464 1128; x_wconf 88' lang='lat' dir='ltr'><strong>de</strong></span> <span class='ocrx_word' id='word_1_522' title='bbox 3491 1072 3707 1129; x_wconf 65' lang='lat' dir='ltr'><strong>Cosme—</strong></span> 
     </span>
    </p>
   </div>
   <div class='ocr_carea' id='block_1_72' title="bbox 2133 1161 3707 1234">
    <p class='ocr_par' dir='ltr' id='par_1_72' title="bbox 2133 1161 3707 1234">
     <span class='ocr_line' id='line_1_72' title="bbox 2133 1161 3707 1234; baseline 0.005 -21"><span class='ocrx_word' id='word_1_523' title='bbox 2133 1162 2265 1214; x_wconf 91' lang='lat' dir='ltr'><strong>terio</strong></span> <span class='ocrx_word' id='word_1_524' title='bbox 2301 1169 2354 1215; x_wconf 89' lang='lat' dir='ltr'><strong>et</strong></span> <span class='ocrx_word' id='word_1_525' title='bbox 2377 1161 2546 1217; x_wconf 84' lang='lat' dir='ltr'><strong>Cruce</strong></span> <span class='ocrx_word' id='word_1_526' title='bbox 2571 1162 2862 1217; x_wconf 90' lang='lat' dir='ltr'><strong>homiliam.</strong></span> <span class='ocrx_word' id='word_1_527' title='bbox 2891 1163 3025 1218; x_wconf 89' lang='lat' dir='ltr'><strong>Ilinc</strong></span> <span class='ocrx_word' id='word_1_528' title='bbox 3047 1162 3217 1219; x_wconf 65' lang='lat' dir='ltr'><strong>Graeci</strong></span> <span class='ocrx_word' id='word_1_529' title='bbox 3247 1173 3493 1234; x_wconf 89' lang='lat' dir='ltr'><strong>putantes</strong></span> <span class='ocrx_word' id='word_1_530' title='bbox 3518 1166 3707 1221; x_wconf 86' lang='lat' dir='ltr'><strong>festum</strong></span> 
     </span>
    </p>
   </div>
   <div class='ocr_carea' id='block_1_73' title="bbox 2130 1250 3709 1327">
    <p class='ocr_par' dir='ltr' id='par_1_73' title="bbox 2130 1250 3709 1327">
     <span class='ocr_line' id='line_1_73' title="bbox 2130 1250 3709 1327; baseline 0.006 -23"><span class='ocrx_word' id='word_1_531' title='bbox 2130 1250 2197 1305; x_wconf 89' lang='lat' dir='ltr'><strong>de</strong></span> <span class='ocrx_word' id='word_1_532' title='bbox 2223 1253 2413 1319; x_wconf 89' lang='lat' dir='ltr'><strong>Cruce,</strong></span> <span class='ocrx_word' id='word_1_533' title='bbox 2446 1253 2585 1323; x_wconf 90' lang='lat' dir='ltr'><strong>quod</strong></span> <span class='ocrx_word' id='word_1_534' title='bbox 2615 1269 2796 1310; x_wconf 90' lang='lat' dir='ltr'><strong>mense</strong></span> <span class='ocrx_word' id='word_1_535' title='bbox 2825 1254 3121 1325; x_wconf 90' lang='lat' dir='ltr'><strong>Septembri</strong></span> <span class='ocrx_word' id='word_1_536' title='bbox 3160 1255 3249 1312; x_wconf 91' lang='lat' dir='ltr'><strong>die</strong></span> <span class='ocrx_word' id='word_1_537' title='bbox 3290 1257 3357 1312; x_wconf 76' lang='grc'><strong>14</strong></span> <span class='ocrx_word' id='word_1_538' title='bbox 3395 1259 3645 1327; x_wconf 88' lang='lat' dir='ltr'><strong>occurrit,</strong></span> <span class='ocrx_word' id='word_1_539' title='bbox 3675 1274 3709 1314; x_wconf 89' lang='lat' dir='ltr'><strong>a</strong></span> 
     </span>
    </p>
   </div>
   <div class='ocr_carea' id='block_1_74' title="bbox 2130 1342 3708 1414">
    <p class='ocr_par' dir='ltr' id='par_1_74' title="bbox 2130 1342 3708 1414">
     <span class='ocr_line' id='line_1_74' title="bbox 2130 1342 3708 1414; baseline 0.005 -17"><span class='ocrx_word' id='word_1_540' title='bbox 2130 1342 2511 1414; x_wconf 85' lang='lat' dir='ltr'><strong>Chrysostomo</strong></span> <span class='ocrx_word' id='word_1_541' title='bbox 2534 1346 2841 1412; x_wconf 88' lang='lat' dir='ltr'><strong>memorari,</strong></span> <span class='ocrx_word' id='word_1_542' title='bbox 2867 1347 3057 1402; x_wconf 87' lang='lat' dir='ltr'><strong>festum</strong></span> <span class='ocrx_word' id='word_1_543' title='bbox 3087 1357 3390 1403; x_wconf 89' lang='lat' dir='ltr'><strong>sanctarum</strong></span> <span class='ocrx_word' id='word_1_544' title='bbox 3432 1350 3708 1405; x_wconf 75' lang='lat' dir='ltr'><strong>Domnina:</strong></span> 
     </span>
    </p>
   </div>
   <div class='ocr_carea' id='block_1_75' title="bbox 2130 1434 3709 1507">
    <p class='ocr_par' dir='ltr' id='par_1_75' title="bbox 2130 1434 3709 1507">
     <span class='ocr_line' id='line_1_75' title="bbox 2130 1434 3709 1507; baseline 0.004 -19"><span class='ocrx_word' id='word_1_545' title='bbox 2130 1442 2184 1488; x_wconf 92' lang='lat' dir='ltr'><strong>et</strong></span> <span class='ocrx_word' id='word_1_546' title='bbox 2232 1434 2457 1488; x_wconf 89' lang='lat' dir='ltr'><strong>liliarum</strong></span> <span class='ocrx_word' id='word_1_547' title='bbox 2508 1435 2692 1505; x_wconf 85' lang='lat' dir='ltr'><strong>viginti</strong></span> <span class='ocrx_word' id='word_1_548' title='bbox 2738 1444 2922 1506; x_wconf 87' lang='lat' dir='ltr'><strong>postea</strong></span> <span class='ocrx_word' id='word_1_549' title='bbox 2968 1435 3173 1500; x_wconf 88' lang='lat' dir='ltr'><strong>diebus,</strong></span> <span class='ocrx_word' id='word_1_550' title='bbox 3224 1446 3412 1507; x_wconf 89' lang='lat' dir='ltr'><strong>quarta</strong></span> <span class='ocrx_word' id='word_1_551' title='bbox 3462 1438 3709 1495; x_wconf 81' lang='lat' dir='ltr'><strong>videlicet</strong></span> 
     </span>
    </p>
   </div>
   <div class='ocr_carea' id='block_1_76' title="bbox 2130 1523 3708 1596">
    <p class='ocr_par' dir='ltr' id='par_1_76' title="bbox 2130 1523 3708 1596">
     <span class='ocr_line' id='line_1_76' title="bbox 2130 1523 3708 1596; baseline 0.004 -19"><span class='ocrx_word' id='word_1_552' title='bbox 2130 1523 2392 1587; x_wconf 88' lang='lat' dir='ltr'><strong>Octobris,</strong></span> <span class='ocrx_word' id='word_1_553' title='bbox 2414 1525 2711 1585; x_wconf 85' lang='lat' dir='ltr'><strong>celebrant:</strong></span> <span class='ocrx_word' id='word_1_554' title='bbox 2744 1525 2836 1580; x_wconf 91' lang='lat' dir='ltr'><strong>sed</strong></span> <span class='ocrx_word' id='word_1_555' title='bbox 2868 1541 3165 1596; x_wconf 91' lang='lat' dir='ltr'><strong>perperam.</strong></span> <span class='ocrx_word' id='word_1_556' title='bbox 3188 1527 3304 1582; x_wconf 87' lang='lat' dir='ltr'><strong>Non</strong></span> <span class='ocrx_word' id='word_1_557' title='bbox 3330 1529 3472 1583; x_wconf 90' lang='lat' dir='ltr'><strong>enim</strong></span> <span class='ocrx_word' id='word_1_558' title='bbox 3493 1529 3545 1582; x_wconf 93' lang='lat' dir='ltr'><strong>in</strong></span> <span class='ocrx_word' id='word_1_559' title='bbox 3569 1528 3708 1584; x_wconf 90' lang='lat' dir='ltr'><strong>festo</strong></span> 
     </span>
    </p>
   </div>
   <div class='ocr_carea' id='block_1_77' title="bbox 2130 1612 3707 1688">
    <p class='ocr_par' dir='ltr' id='par_1_77' title="bbox 2130 1612 3707 1688">
     <span class='ocr_line' id='line_1_77' title="bbox 2130 1612 3707 1688; baseline 0.005 -23"><span class='ocrx_word' id='word_1_560' title='bbox 2130 1623 2325 1668; x_wconf 69' lang='lat' dir='ltr'><strong>sanctm</strong></span> <span class='ocrx_word' id='word_1_561' title='bbox 2360 1612 2565 1681; x_wconf 83' lang='lat' dir='ltr'><strong>Crucis,</strong></span> <span class='ocrx_word' id='word_1_562' title='bbox 2596 1631 2714 1684; x_wconf 70' lang='lat' dir='ltr'><strong>quae</strong></span> <span class='ocrx_word' id='word_1_563' title='bbox 2751 1618 2801 1669; x_wconf 92' lang='lat' dir='ltr'><strong>in</strong></span> <span class='ocrx_word' id='word_1_564' title='bbox 2834 1616 3200 1685; x_wconf 87' lang='lat' dir='ltr'><strong>Septembrem</strong></span> <span class='ocrx_word' id='word_1_565' title='bbox 3244 1616 3447 1682; x_wconf 89' lang='lat' dir='ltr'><strong>incidit,</strong></span> <span class='ocrx_word' id='word_1_566' title='bbox 3482 1632 3707 1688; x_wconf 65' lang='lat' dir='ltr'><strong>quaeque</strong></span> 
     </span>
    </p>
   </div>
   <div class='ocr_carea' id='block_1_78' title="bbox 2130 1704 3703 1771">
    <p class='ocr_par' dir='ltr' id='par_1_78' title="bbox 2130 1704 3703 1771">
     <span class='ocr_line' id='line_1_78' title="bbox 2130 1704 3703 1771; baseline 0.005 -15"><span class='ocrx_word' id='word_1_567' title='bbox 2130 1704 2363 1757; x_wconf 91' lang='lat' dir='ltr'><strong>nondum</strong></span> <span class='ocrx_word' id='word_1_568' title='bbox 2410 1705 2501 1759; x_wconf 92' lang='lat' dir='ltr'><strong>illo</strong></span> <span class='ocrx_word' id='word_1_569' title='bbox 2528 1720 2643 1760; x_wconf 74' lang='lat' dir='ltr'><strong>mvo</strong></span> <span class='ocrx_word' id='word_1_570' title='bbox 2669 1705 3054 1771; x_wconf 88' lang='lat' dir='ltr'><strong>celebrabatur,</strong></span> <span class='ocrx_word' id='word_1_571' title='bbox 3086 1706 3223 1761; x_wconf 89' lang='lat' dir='ltr'><strong>hanc</strong></span> <span class='ocrx_word' id='word_1_572' title='bbox 3266 1707 3401 1762; x_wconf 80' lang='lat' dir='ltr'><strong>dixit</strong></span> <span class='ocrx_word' id='word_1_573' title='bbox 3431 1709 3703 1764; x_wconf 71' lang='lat' dir='ltr'><strong>llomiliam</strong></span> 
     </span>
    </p>
   </div>
   <div class='ocr_carea' id='block_1_79' title="bbox 2129 1794 3706 1871">
    <p class='ocr_par' dir='ltr' id='par_1_79' title="bbox 2129 1794 3706 1871">
     <span class='ocr_line' id='line_1_79' title="bbox 2129 1794 3706 1871; baseline 0.004 -22"><span class='ocrx_word' id='word_1_574' title='bbox 2129 1794 2574 1867; x_wconf 83' lang='lat' dir='ltr'><strong>Chrysostomus;</strong></span> <span class='ocrx_word' id='word_1_575' title='bbox 2604 1798 2695 1853; x_wconf 89' lang='lat' dir='ltr'><strong>sed</strong></span> <span class='ocrx_word' id='word_1_576' title='bbox 2724 1799 2776 1853; x_wconf 90' lang='lat' dir='ltr'><strong>in</strong></span> <span class='ocrx_word' id='word_1_577' title='bbox 2808 1798 2895 1853; x_wconf 92' lang='lat' dir='ltr'><strong>die</strong></span> <span class='ocrx_word' id='word_1_578' title='bbox 2919 1799 3260 1863; x_wconf 85' lang='lat' dir='ltr'><strong>Parasceves,</strong></span> <span class='ocrx_word' id='word_1_579' title='bbox 3288 1801 3473 1855; x_wconf 83' lang='lat' dir='ltr'><strong>eadem</strong></span> <span class='ocrx_word' id='word_1_580' title='bbox 3514 1817 3706 1871; x_wconf 86' lang='lat' dir='ltr'><strong>nempe</strong></span> 
     </span>
    </p>
   </div>
   <div class='ocr_carea' id='block_1_80' title="bbox 2129 1888 3706 1960">
    <p class='ocr_par' dir='ltr' id='par_1_80' title="bbox 2129 1888 3706 1960">
     <span class='ocr_line' id='line_1_80' title="bbox 2129 1888 3706 1960; baseline 0.004 -19"><span class='ocrx_word' id='word_1_581' title='bbox 2129 1903 2231 1957; x_wconf 89' lang='lat' dir='ltr'><strong>qua</strong></span> <span class='ocrx_word' id='word_1_582' title='bbox 2256 1889 2538 1943; x_wconf 87' lang='lat' dir='ltr'><strong>crucifixus</strong></span> <span class='ocrx_word' id='word_1_583' title='bbox 2570 1897 2652 1944; x_wconf 89' lang='lat' dir='ltr'><strong>est</strong></span> <span class='ocrx_word' id='word_1_584' title='bbox 2682 1888 2957 1956; x_wconf 89' lang='lat' dir='ltr'><strong>Dominus,</strong></span> <span class='ocrx_word' id='word_1_585' title='bbox 3003 1899 3058 1943; x_wconf 92' lang='lat' dir='ltr'><strong>ut</strong></span> <span class='ocrx_word' id='word_1_586' title='bbox 3085 1892 3197 1960; x_wconf 89' lang='lat' dir='ltr'><strong>ipse</strong></span> <span class='ocrx_word' id='word_1_587' title='bbox 3228 1891 3464 1959; x_wconf 88' lang='lat' dir='ltr'><strong>plurimis</strong></span> <span class='ocrx_word' id='word_1_588' title='bbox 3495 1891 3546 1945; x_wconf 90' lang='lat' dir='ltr'><strong>in</strong></span> <span class='ocrx_word' id='word_1_589' title='bbox 3573 1893 3706 1947; x_wconf 88' lang='lat' dir='ltr'><strong>locis</strong></span> 
     </span>
    </p>
   </div>
   <div class='ocr_carea' id='block_1_81' title="bbox 2128 1978 3707 2037">
    <p class='ocr_par' dir='ltr' id='par_1_81' title="bbox 2128 1978 3707 2037">
     <span class='ocr_line' id='line_1_81' title="bbox 2128 1978 3707 2037; baseline 0.002 -4"><span class='ocrx_word' id='word_1_590' title='bbox 2128 1979 2378 2035; x_wconf 85' lang='lat' dir='ltr'><strong>declarat.</strong></span> <span class='ocrx_word' id='word_1_591' title='bbox 2411 1978 2608 2035; x_wconf 81' lang='lat' dir='ltr'><strong>Verum</strong></span> <span class='ocrx_word' id='word_1_592' title='bbox 2653 1995 2715 2034; x_wconf 90' lang='lat' dir='ltr'><strong>ea</strong></span> <span class='ocrx_word' id='word_1_593' title='bbox 2756 1979 2823 2035; x_wconf 92' lang='lat' dir='ltr'><strong>de</strong></span> <span class='ocrx_word' id='word_1_594' title='bbox 2863 1995 2923 2035; x_wconf 90' lang='lat' dir='ltr'><strong>re</strong></span> <span class='ocrx_word' id='word_1_595' title='bbox 2972 1981 3265 2036; x_wconf 88' lang='lat' dir='ltr'><strong>audiendus</strong></span> <span class='ocrx_word' id='word_1_596' title='bbox 3309 1991 3386 2036; x_wconf 90' lang='lat' dir='ltr'><strong>est</strong></span> <span class='ocrx_word' id='word_1_597' title='bbox 3416 1980 3707 2037; x_wconf 89' lang='lat' dir='ltr'><strong>Tillemon-</strong></span> 
     </span>
    </p>
   </div>
   <div class='ocr_carea' id='block_1_82' title="bbox 2131 2072 3707 2144">
    <p class='ocr_par' dir='ltr' id='par_1_82' title="bbox 2131 2072 3707 2144">
     <span class='ocr_line' id='line_1_82' title="bbox 2131 2072 3707 2144; baseline 0.002 -20"><span class='ocrx_word' id='word_1_598' title='bbox 2131 2074 2232 2125; x_wconf 88' lang='lat' dir='ltr'><strong>tius</strong></span> <span class='ocrx_word' id='word_1_599' title='bbox 2258 2087 2310 2140; x_wconf 92' lang='lat' dir='ltr'><strong>p.</strong></span> <span class='ocrx_word' id='word_1_600' title='bbox 2341 2073 2436 2127; x_wconf 79' lang='lat'><strong>571</strong></span> <span class='ocrx_word' id='word_1_601' title='bbox 2474 2090 2485 2125; x_wconf 95' lang='lat'>:</span> <span class='ocrx_word' id='word_1_602' title='bbox 2521 2072 2788 2142; x_wconf 85' lang='lat' dir='ltr'><strong>Reliquum</strong></span> <span class='ocrx_word' id='word_1_603' title='bbox 2826 2073 2980 2143; x_wconf 84' lang='lat' dir='ltr'><strong>igitur</strong></span> <span class='ocrx_word' id='word_1_604' title='bbox 3015 2083 3086 2126; x_wconf 83' lang='lat' dir='ltr'><strong>cst</strong></span> <span class='ocrx_word' id='word_1_605' title='bbox 3126 2083 3178 2127; x_wconf 91' lang='lat' dir='ltr'><strong>ut</strong></span> <span class='ocrx_word' id='word_1_606' title='bbox 3222 2073 3484 2127; x_wconf 85' lang='lat' dir='ltr'><strong>credamus</strong></span> <span class='ocrx_word' id='word_1_607' title='bbox 3523 2078 3707 2144; x_wconf 78' lang='lat' dir='ltr'><strong>festam</strong></span> 
     </span>
    </p>
   </div>
   <div class='ocr_carea' id='block_1_83' title="bbox 2129 2163 3703 2235">
    <p class='ocr_par' dir='ltr' id='par_1_83' title="bbox 2129 2163 3703 2235">
     <span class='ocr_line' id='line_1_83' title="bbox 2129 2163 3703 2235; baseline 0.001 -17"><span class='ocrx_word' id='word_1_608' title='bbox 2129 2163 2190 2219; x_wconf 86' lang='lat' dir='ltr'><strong>S.</strong></span> <span class='ocrx_word' id='word_1_609' title='bbox 2219 2163 2488 2219; x_wconf 80' lang='lat' dir='ltr'><strong>Domnina:</strong></span> <span class='ocrx_word' id='word_1_610' title='bbox 2523 2174 2569 2218; x_wconf 89' lang='lat' dir='ltr'><strong>et</strong></span> <span class='ocrx_word' id='word_1_611' title='bbox 2593 2165 2841 2218; x_wconf 85' lang='lat' dir='ltr'><strong>sociarum</strong></span> <span class='ocrx_word' id='word_1_612' title='bbox 2869 2164 3166 2231; x_wconf 61' lang='lat' dir='ltr'><strong>Antiochiae,</strong></span> <span class='ocrx_word' id='word_1_613' title='bbox 3196 2182 3295 2219; x_wconf 90' lang='lat' dir='ltr'><strong>non</strong></span> <span class='ocrx_word' id='word_1_614' title='bbox 3322 2176 3502 2235; x_wconf 86' lang='lat' dir='ltr'><strong>quarta</strong></span> <span class='ocrx_word' id='word_1_615' title='bbox 3546 2165 3703 2220; x_wconf 83' lang='lat' dir='ltr'><strong>Octo-</strong></span> 
     </span>
    </p>
   </div>
   <div class='ocr_carea' id='block_1_84' title="bbox 2128 2255 3705 2328">
    <p class='ocr_par' dir='ltr' id='par_1_84' title="bbox 2128 2255 3705 2328">
     <span class='ocr_line' id='line_1_84' title="bbox 2128 2255 3705 2328; baseline 0.002 -19"><span class='ocrx_word' id='word_1_616' title='bbox 2128 2255 2247 2323; x_wconf 73' lang='lat' dir='ltr'><strong>bn&#39;s,</strong></span> <span class='ocrx_word' id='word_1_617' title='bbox 2291 2255 2380 2309; x_wconf 83' lang='lat' dir='ltr'><strong>sed</strong></span> <span class='ocrx_word' id='word_1_618' title='bbox 2426 2256 2619 2310; x_wconf 86' lang='lat' dir='ltr'><strong>decima</strong></span> <span class='ocrx_word' id='word_1_619' title='bbox 2660 2265 2841 2326; x_wconf 86' lang='lat' dir='ltr'><strong>quarta</strong></span> <span class='ocrx_word' id='word_1_620' title='bbox 2882 2256 3094 2327; x_wconf 81' lang='lat' dir='ltr'><strong>Aprilis,</strong></span> <span class='ocrx_word' id='word_1_621' title='bbox 3138 2274 3236 2328; x_wconf 87' lang='lat' dir='ltr'><strong>qua</strong></span> <span class='ocrx_word' id='word_1_622' title='bbox 3281 2258 3363 2311; x_wconf 86' lang='lat' dir='ltr'><strong>die</strong></span> <span class='ocrx_word' id='word_1_623' title='bbox 3407 2267 3608 2312; x_wconf 86' lang='lat' dir='ltr'><strong>notatur</strong></span> <span class='ocrx_word' id='word_1_624' title='bbox 3650 2259 3705 2312; x_wconf 85' lang='lat' dir='ltr'><strong>in</strong></span> 
     </span>
    </p>
   </div>
   <div class='ocr_carea' id='block_1_85' title="bbox 2128 2345 3701 2421">
    <p class='ocr_par' dir='ltr' id='par_1_85' title="bbox 2128 2345 3701 2421">
     <span class='ocr_line' id='line_1_85' title="bbox 2128 2345 3701 2421; baseline 0.004 -23"><span class='ocrx_word' id='word_1_625' title='bbox 2128 2345 2493 2416; x_wconf 81' lang='lat' dir='ltr'><strong>Martyrologio</strong></span> <span class='ocrx_word' id='word_1_626' title='bbox 2523 2346 2819 2418; x_wconf 81' lang='lat' dir='ltr'><strong>Hieronymi</strong></span> <span class='ocrx_word' id='word_1_627' title='bbox 2847 2356 2893 2402; x_wconf 87' lang='lat' dir='ltr'><strong>et</strong></span> <span class='ocrx_word' id='word_1_628' title='bbox 2930 2349 3167 2414; x_wconf 87' lang='lat' dir='ltr'><strong>aliorum,</strong></span> <span class='ocrx_word' id='word_1_629' title='bbox 3199 2349 3499 2403; x_wconf 84' lang='lat' dir='ltr'><strong>celebratum</strong></span> <span class='ocrx_word' id='word_1_630' title='bbox 3527 2351 3701 2421; x_wconf 81' lang='lat' dir='ltr'><strong>fuisse.</strong></span> 
     </span>
    </p>
   </div>
   <div class='ocr_carea' id='block_1_86' title="bbox 2130 2435 3706 2510">
    <p class='ocr_par' dir='ltr' id='par_1_86' title="bbox 2130 2435 3706 2510">
     <span class='ocr_line' id='line_1_86' title="bbox 2130 2435 3706 2510; baseline 0.006 -22"><span class='ocrx_word' id='word_1_631' title='bbox 2130 2435 2277 2502; x_wconf 82' lang='lat' dir='ltr'><strong>Quod</strong></span> <span class='ocrx_word' id='word_1_632' title='bbox 2304 2446 2495 2508; x_wconf 86' lang='lat' dir='ltr'><strong>spectat</strong></span> <span class='ocrx_word' id='word_1_633' title='bbox 2537 2448 2700 2492; x_wconf 87' lang='lat' dir='ltr'><strong>autem</strong></span> <span class='ocrx_word' id='word_1_634' title='bbox 2740 2439 2809 2493; x_wconf 84' lang='lat' dir='ltr'><strong>ad</strong></span> <span class='ocrx_word' id='word_1_635' title='bbox 2855 2455 3043 2493; x_wconf 89' lang='lat' dir='ltr'><strong>annum</strong></span> <span class='ocrx_word' id='word_1_636' title='bbox 3090 2456 3186 2510; x_wconf 86' lang='lat' dir='ltr'><strong>quo</strong></span> <span class='ocrx_word' id='word_1_637' title='bbox 3216 2439 3295 2494; x_wconf 76' lang='lat' dir='ltr'><strong>ha:</strong></span> <span class='ocrx_word' id='word_1_638' title='bbox 3328 2440 3442 2495; x_wconf 63' lang='lat' dir='ltr'><strong>dum</strong></span> <span class='ocrx_word' id='word_1_639' title='bbox 3484 2441 3706 2497; x_wconf 68' lang='lat' dir='ltr'><strong>homilia</strong></span> 
     </span>
    </p>
   </div>
   <div class='ocr_carea' id='block_1_87' title="bbox 2128 2528 3706 2602">
    <p class='ocr_par' dir='ltr' id='par_1_87' title="bbox 2128 2528 3706 2602">
     <span class='ocr_line' id='line_1_87' title="bbox 2128 2528 3706 2602; baseline 0.004 -22"><span class='ocrx_word' id='word_1_640' title='bbox 2128 2528 2312 2580; x_wconf 75' lang='lat' dir='ltr'><strong>habita:</strong></span> <span class='ocrx_word' id='word_1_641' title='bbox 2352 2537 2504 2593; x_wconf 83' lang='lat' dir='ltr'><strong>sunt;</strong></span> <span class='ocrx_word' id='word_1_642' title='bbox 2528 2530 2753 2599; x_wconf 80' lang='lat' dir='ltr'><strong>queritur</strong></span> <span class='ocrx_word' id='word_1_643' title='bbox 2778 2529 3164 2600; x_wconf 82' lang='lat' dir='ltr'><strong>Chrysostomus</strong></span> <span class='ocrx_word' id='word_1_644' title='bbox 3203 2539 3320 2585; x_wconf 89' lang='lat' dir='ltr'><strong>tunc</strong></span> <span class='ocrx_word' id='word_1_645' title='bbox 3356 2547 3591 2602; x_wconf 79' lang='lat' dir='ltr'><strong>magnum</strong></span> <span class='ocrx_word' id='word_1_646' title='bbox 3616 2548 3706 2588; x_wconf 68' lang='lat' dir='ltr'><strong>ex-</strong></span> 
     </span>
    </p>
   </div>
   <div class='ocr_carea' id='block_1_88' title="bbox 2126 2618 3703 2687">
    <p class='ocr_par' dir='ltr' id='par_1_88' title="bbox 2126 2618 3703 2687">
     <span class='ocr_line' id='line_1_88' title="bbox 2126 2618 3703 2687; baseline 0.003 -16"><span class='ocrx_word' id='word_1_647' title='bbox 2126 2618 2271 2672; x_wconf 85' lang='lat' dir='ltr'><strong>citari</strong></span> <span class='ocrx_word' id='word_1_648' title='bbox 2300 2620 2589 2687; x_wconf 88' lang='lat' dir='ltr'><strong>tumultum,</strong></span> <span class='ocrx_word' id='word_1_649' title='bbox 2636 2637 2748 2674; x_wconf 87' lang='lat' dir='ltr'><strong>cum</strong></span> <span class='ocrx_word' id='word_1_650' title='bbox 2785 2621 3103 2677; x_wconf 76' lang='lat' dir='ltr'><strong>decederetur</strong></span> <span class='ocrx_word' id='word_1_651' title='bbox 3130 2622 3198 2674; x_wconf 88' lang='lat' dir='ltr'><strong>ad</strong></span> <span class='ocrx_word' id='word_1_652' title='bbox 3235 2637 3433 2677; x_wconf 80' lang='lat' dir='ltr'><strong>sacram</strong></span> <span class='ocrx_word' id='word_1_653' title='bbox 3475 2638 3703 2676; x_wconf 85' lang='lat' dir='ltr'><strong>commu-</strong></span> 
     </span>
    </p>
   </div>
   <div class='ocr_carea' id='block_1_89' title="bbox 2127 2712 3707 2784">
    <p class='ocr_par' dir='ltr' id='par_1_89' title="bbox 2127 2712 3707 2784">
     <span class='ocr_line' id='line_1_89' title="bbox 2127 2712 3707 2784; baseline 0 -18"><span class='ocrx_word' id='word_1_654' title='bbox 2127 2712 2363 2766; x_wconf 88' lang='lat' dir='ltr'><strong>nionem:</strong></span> <span class='ocrx_word' id='word_1_655' title='bbox 2381 2713 2647 2783; x_wconf 84' lang='lat' dir='ltr'><strong>eademque</strong></span> <span class='ocrx_word' id='word_1_656' title='bbox 2680 2714 2837 2767; x_wconf 84' lang='lat' dir='ltr'><strong>utitur</strong></span> <span class='ocrx_word' id='word_1_657' title='bbox 2858 2714 3168 2784; x_wconf 87' lang='lat' dir='ltr'><strong>querimonia</strong></span> <span class='ocrx_word' id='word_1_658' title='bbox 3197 2713 3250 2767; x_wconf 88' lang='lat' dir='ltr'><strong>in</strong></span> <span class='ocrx_word' id='word_1_659' title='bbox 3275 2713 3511 2767; x_wconf 89' lang='lat' dir='ltr'><strong>concione</strong></span> <span class='ocrx_word' id='word_1_660' title='bbox 3534 2713 3596 2767; x_wconf 86' lang='lat' dir='ltr'><strong>de</strong></span> <span class='ocrx_word' id='word_1_661' title='bbox 3622 2714 3707 2767; x_wconf 85' lang='lat' dir='ltr'><strong>die</strong></span> 
     </span>
    </p>
   </div>
   <div class='ocr_carea' id='block_1_90' title="bbox 2130 2806 3706 2878">
    <p class='ocr_par' dir='ltr' id='par_1_90' title="bbox 2130 2806 3706 2878">
     <span class='ocr_line' id='line_1_90' title="bbox 2130 2806 3706 2878; baseline -0.001 -17"><span class='ocrx_word' id='word_1_662' title='bbox 2130 2806 2311 2861; x_wconf 82' lang='lat' dir='ltr'><strong>Natali</strong></span> <span class='ocrx_word' id='word_1_663' title='bbox 2335 2824 2470 2862; x_wconf 87' lang='lat' dir='ltr'><strong>anno</strong></span> <span class='ocrx_word' id='word_1_664' title='bbox 2508 2806 2632 2872; x_wconf 74' lang='lat'><strong>586,</strong></span> <span class='ocrx_word' id='word_1_665' title='bbox 2673 2817 2720 2862; x_wconf 77' lang='lat' dir='ltr'><strong>et</strong></span> <span class='ocrx_word' id='word_1_666' title='bbox 2756 2809 2807 2862; x_wconf 87' lang='lat' dir='ltr'><strong>in</strong></span> <span class='ocrx_word' id='word_1_667' title='bbox 2850 2808 3084 2863; x_wconf 87' lang='lat' dir='ltr'><strong>concione</strong></span> <span class='ocrx_word' id='word_1_668' title='bbox 3110 2807 3173 2862; x_wconf 84' lang='lat' dir='ltr'><strong>de</strong></span> <span class='ocrx_word' id='word_1_669' title='bbox 3214 2806 3507 2878; x_wconf 85' lang='lat' dir='ltr'><strong>Epiphania</strong></span> <span class='ocrx_word' id='word_1_670' title='bbox 3531 2807 3706 2877; x_wconf 80' lang='lat' dir='ltr'><strong>paucis</strong></span> 
     </span>
    </p>
   </div>
   <div class='ocr_carea' id='block_1_91' title="bbox 2131 2897 3707 2968">
    <p class='ocr_par' dir='ltr' id='par_1_91' title="bbox 2131 2897 3707 2968">
     <span class='ocr_line' id='line_1_91' title="bbox 2131 2897 3707 2968; baseline -0.001 -18"><span class='ocrx_word' id='word_1_671' title='bbox 2131 2908 2241 2968; x_wconf 81' lang='lat' dir='ltr'><strong>post</strong></span> <span class='ocrx_word' id='word_1_672' title='bbox 2275 2898 2447 2952; x_wconf 84' lang='lat' dir='ltr'><strong>diebus</strong></span> <span class='ocrx_word' id='word_1_673' title='bbox 2471 2898 2641 2951; x_wconf 89' lang='lat' dir='ltr'><strong>habita</strong></span> <span class='ocrx_word' id='word_1_674' title='bbox 2674 2915 2807 2952; x_wconf 90' lang='lat' dir='ltr'><strong>anno</strong></span> <span class='ocrx_word' id='word_1_675' title='bbox 2838 2898 2940 2952; x_wconf 82' lang='lat'><strong>587</strong></span> <span class='ocrx_word' id='word_1_676' title='bbox 2966 2916 2984 2952; x_wconf 91' lang='lat'><strong><em>:</em></strong></span> <span class='ocrx_word' id='word_1_677' title='bbox 3021 2898 3156 2951; x_wconf 84' lang='lat' dir='ltr'><strong>unde</strong></span> <span class='ocrx_word' id='word_1_678' title='bbox 3193 2899 3421 2968; x_wconf 79' lang='lat' dir='ltr'><strong>fortassis</strong></span> <span class='ocrx_word' id='word_1_679' title='bbox 3466 2898 3517 2950; x_wconf 88' lang='lat' dir='ltr'><strong>in</strong></span> <span class='ocrx_word' id='word_1_680' title='bbox 3554 2897 3707 2949; x_wconf 84' lang='lat' dir='ltr'><strong>alter-</strong></span> 
     </span>
    </p>
   </div>
   <div class='ocr_carea' id='block_1_92' title="bbox 2129 2986 3705 3058">
    <p class='ocr_par' dir='ltr' id='par_1_92' title="bbox 2129 2986 3705 3058">
     <span class='ocr_line' id='line_1_92' title="bbox 2129 2986 3705 3058; baseline -0.002 -15"><span class='ocrx_word' id='word_1_681' title='bbox 2129 2991 2289 3043; x_wconf 87' lang='lat' dir='ltr'><strong>utrius</strong></span> <span class='ocrx_word' id='word_1_682' title='bbox 2317 2990 2438 3044; x_wconf 88' lang='lat' dir='ltr'><strong>anni</strong></span> <span class='ocrx_word' id='word_1_683' title='bbox 2468 2986 2781 3043; x_wconf 85' lang='lat' dir='ltr'><strong>Parasceven</strong></span> <span class='ocrx_word' id='word_1_684' title='bbox 2812 2989 2917 3043; x_wconf 77' lang='lat' dir='ltr'><strong>[nec</strong></span> <span class='ocrx_word' id='word_1_685' title='bbox 2945 2989 3153 3042; x_wconf 88' lang='lat' dir='ltr'><strong>homilia</strong></span> <span class='ocrx_word' id='word_1_686' title='bbox 3190 2987 3504 3058; x_wconf 82' lang='lat' dir='ltr'><strong>conjicienda</strong></span> <span class='ocrx_word' id='word_1_687' title='bbox 3536 2988 3705 3041; x_wconf 79' lang='lat' dir='ltr'><strong>ridea-</strong></span> 
     </span>
    </p>
   </div>
   <div class='ocr_carea' id='block_1_93' title="bbox 2130 3079 3705 3150">
    <p class='ocr_par' dir='ltr' id='par_1_93' title="bbox 2130 3079 3705 3150">
     <span class='ocr_line' id='line_1_93' title="bbox 2130 3079 3705 3150; baseline -0.001 -17"><span class='ocrx_word' id='word_1_688' title='bbox 2130 3090 2230 3134; x_wconf 87' lang='lat' dir='ltr'><strong>tur.</strong></span> <span class='ocrx_word' id='word_1_689' title='bbox 2275 3080 2453 3134; x_wconf 82' lang='lat' dir='ltr'><strong>Verum</strong></span> <span class='ocrx_word' id='word_1_690' title='bbox 2482 3096 2615 3134; x_wconf 89' lang='lat' dir='ltr'><strong>anno</strong></span> <span class='ocrx_word' id='word_1_691' title='bbox 2645 3081 2747 3135; x_wconf 81' lang='lat'><strong>586</strong></span> <span class='ocrx_word' id='word_1_692' title='bbox 2773 3084 2952 3150; x_wconf 87' lang='lat' dir='ltr'><strong>festum</strong></span> <span class='ocrx_word' id='word_1_693' title='bbox 2981 3079 3040 3134; x_wconf 91' lang='lat' dir='ltr'><strong>S.</strong></span> <span class='ocrx_word' id='word_1_694' title='bbox 3074 3079 3355 3142; x_wconf 70' lang='lat' dir='ltr'><strong>Domninaz,</strong></span> <span class='ocrx_word' id='word_1_695' title='bbox 3387 3080 3487 3137; x_wconf 80' lang='lat' dir='ltr'><strong>sive</strong></span> <span class='ocrx_word' id='word_1_696' title='bbox 3515 3079 3705 3131; x_wconf 82' lang='lat' dir='ltr'><strong>decima</strong></span> 
     </span>
    </p>
   </div>
   <div class='ocr_carea' id='block_1_94' title="bbox 2128 3167 3706 3240">
    <p class='ocr_par' dir='ltr' id='par_1_94' title="bbox 2128 3167 3706 3240">
     <span class='ocr_line' id='line_1_94' title="bbox 2128 3167 3706 3240; baseline 0 -20"><span class='ocrx_word' id='word_1_697' title='bbox 2128 3179 2307 3239; x_wconf 86' lang='lat' dir='ltr'><strong>quarta</strong></span> <span class='ocrx_word' id='word_1_698' title='bbox 2363 3170 2469 3224; x_wconf 86' lang='lat' dir='ltr'><strong>dies</strong></span> <span class='ocrx_word' id='word_1_699' title='bbox 2516 3170 2739 3240; x_wconf 78' lang='lat' dir='ltr'><strong>Aprilis,</strong></span> <span class='ocrx_word' id='word_1_700' title='bbox 2797 3170 3062 3224; x_wconf 87' lang='lat' dir='ltr'><strong>undecimo</strong></span> <span class='ocrx_word' id='word_1_701' title='bbox 3114 3179 3224 3238; x_wconf 83' lang='lat' dir='ltr'><strong>post</strong></span> <span class='ocrx_word' id='word_1_702' title='bbox 3280 3167 3618 3233; x_wconf 77' lang='lat' dir='ltr'><strong>Parasceven,</strong></span> <span class='ocrx_word' id='word_1_703' title='bbox 3659 3178 3706 3222; x_wconf 92' lang='lat' dir='ltr'><strong>et</strong></span> 
     </span>
    </p>
   </div>
   <div class='ocr_carea' id='block_1_95' title="bbox 2128 3259 3703 3314">
    <p class='ocr_par' dir='ltr' id='par_1_95' title="bbox 2128 3259 3703 3314">
     <span class='ocr_line' id='line_1_95' title="bbox 2128 3259 3703 3314; baseline 0 -4"><span class='ocrx_word' id='word_1_704' title='bbox 2128 3276 2263 3312; x_wconf 87' lang='lat' dir='ltr'><strong>anno</strong></span> <span class='ocrx_word' id='word_1_705' title='bbox 2306 3260 2407 3314; x_wconf 85' lang='grc'>’587</span> <span class='ocrx_word' id='word_1_706' title='bbox 2451 3260 2712 3313; x_wconf 86' lang='lat' dir='ltr'><strong>undecimo</strong></span> <span class='ocrx_word' id='word_1_707' title='bbox 2758 3271 2875 3314; x_wconf 88' lang='lat' dir='ltr'><strong>ante</strong></span> <span class='ocrx_word' id='word_1_708' title='bbox 2918 3259 3232 3314; x_wconf 86' lang='lat' dir='ltr'><strong>Parasceven</strong></span> <span class='ocrx_word' id='word_1_709' title='bbox 3279 3260 3359 3313; x_wconf 88' lang='lat' dir='ltr'><strong>die</strong></span> <span class='ocrx_word' id='word_1_710' title='bbox 3398 3260 3703 3312; x_wconf 85' lang='lat' dir='ltr'><strong>occurrebat.</strong></span> 
     </span>
    </p>
   </div>
   <div class='ocr_carea' id='block_1_96' title="bbox 2131 3349 3711 3422">
    <p class='ocr_par' dir='ltr' id='par_1_96' title="bbox 2131 3349 3711 3422">
     <span class='ocr_line' id='line_1_96' title="bbox 2131 3349 3711 3422; baseline 0.001 -20"><span class='ocrx_word' id='word_1_711' title='bbox 2131 3349 2452 3406; x_wconf 85' lang='lat' dir='ltr'><strong>Probabilius</strong></span> <span class='ocrx_word' id='word_1_712' title='bbox 2485 3368 2603 3421; x_wconf 83' lang='lat' dir='ltr'><strong>ergo</strong></span> <span class='ocrx_word' id='word_1_713' title='bbox 2639 3354 2886 3422; x_wconf 74' lang='lat' dir='ltr'><strong>referatur</strong></span> <span class='ocrx_word' id='word_1_714' title='bbox 2911 3352 2963 3404; x_wconf 89' lang='lat' dir='ltr'><strong>in</strong></span> <span class='ocrx_word' id='word_1_715' title='bbox 3002 3367 3190 3404; x_wconf 83' lang='lat' dir='ltr'><strong>annum</strong></span> <span class='ocrx_word' id='word_1_716' title='bbox 3225 3350 3350 3415; x_wconf 70' lang='lat'><strong>592,</strong></span> <span class='ocrx_word' id='word_1_717' title='bbox 3381 3365 3479 3420; x_wconf 88' lang='lat' dir='ltr'><strong>quo</strong></span> <span class='ocrx_word' id='word_1_718' title='bbox 3510 3349 3711 3404; x_wconf 78' lang='lat' dir='ltr'><strong>Pascha</strong></span> 
     </span>
    </p>
   </div>
   <div class='ocr_carea' id='block_1_97' title="bbox 2130 3428 3712 3515">
    <p class='ocr_par' dir='ltr' id='par_1_97' title="bbox 2130 3428 3712 3515">
     <span class='ocr_line' id='line_1_97' title="bbox 2130 3428 3712 3515; baseline -0.003 -18"><span class='ocrx_word' id='word_1_719' title='bbox 2130 3445 2470 3499; x_wconf 86' lang='lat' dir='ltr'><strong>celebrabatur</strong></span> <span class='ocrx_word' id='word_1_720' title='bbox 2497 3445 2732 3515; x_wconf 64' lang='lat' dir='ltr'><strong>vigesima</strong></span> <span class='ocrx_word' id='word_1_721' title='bbox 2770 3454 2943 3497; x_wconf 85' lang='lat' dir='ltr'><strong>octava</strong></span> <span class='ocrx_word' id='word_1_722' title='bbox 2972 3428 3166 3510; x_wconf 76' lang='lat' dir='ltr'><strong>Martii,</strong></span> <span class='ocrx_word' id='word_1_723' title='bbox 3208 3452 3253 3496; x_wconf 83' lang='lat' dir='ltr'><strong>et</strong></span> <span class='ocrx_word' id='word_1_724' title='bbox 3298 3442 3491 3495; x_wconf 83' lang='lat' dir='ltr'><strong>decima</strong></span> <span class='ocrx_word' id='word_1_725' title='bbox 3528 3451 3712 3512; x_wconf 83' lang='lat' dir='ltr'><strong>quarta</strong></span> 
     </span>
    </p>
   </div>
   <div class='ocr_carea' id='block_1_98' title="bbox 2130 3532 3705 3603">
    <p class='ocr_par' dir='ltr' id='par_1_98' title="bbox 2130 3532 3705 3603">
     <span class='ocr_line' id='line_1_98' title="bbox 2130 3532 3705 3603; baseline -0.001 -17"><span class='ocrx_word' id='word_1_726' title='bbox 2130 3534 2340 3603; x_wconf 81' lang='lat' dir='ltr'><strong>Aprilis,</strong></span> <span class='ocrx_word' id='word_1_727' title='bbox 2397 3534 2670 3587; x_wconf 88' lang='lat' dir='ltr'><strong>octodecim</strong></span> <span class='ocrx_word' id='word_1_728' title='bbox 2718 3535 2892 3588; x_wconf 84' lang='lat' dir='ltr'><strong>diebus</strong></span> <span class='ocrx_word' id='word_1_729' title='bbox 2947 3544 3058 3603; x_wconf 80' lang='lat' dir='ltr'><strong>post</strong></span> <span class='ocrx_word' id='word_1_730' title='bbox 3105 3544 3335 3588; x_wconf 85' lang='lat' dir='ltr'><strong>sanctam</strong></span> <span class='ocrx_word' id='word_1_731' title='bbox 3369 3532 3705 3586; x_wconf 78' lang='lat' dir='ltr'><strong>Parasceven.</strong></span> 
     </span>
    </p>
   </div>
   <div class='ocr_carea' id='block_1_99' title="bbox 2132 3623 3709 3695">
    <p class='ocr_par' dir='ltr' id='par_1_99' title="bbox 2132 3623 3709 3695">
     <span class='ocr_line' id='line_1_99' title="bbox 2132 3623 3709 3695; baseline -0.001 -17"><span class='ocrx_word' id='word_1_732' title='bbox 2132 3624 2243 3678; x_wconf 91' lang='lat' dir='ltr'><strong>lmo</strong></span> <span class='ocrx_word' id='word_1_733' title='bbox 2272 3625 2456 3695; x_wconf 82' lang='lat' dir='ltr'><strong>viginti</strong></span> <span class='ocrx_word' id='word_1_734' title='bbox 2485 3624 2688 3688; x_wconf 89' lang='lat' dir='ltr'><strong>diebus,</strong></span> <span class='ocrx_word' id='word_1_735' title='bbox 2719 3625 2764 3679; x_wconf 89' lang='lat' dir='ltr'><strong>si</strong></span> <span class='ocrx_word' id='word_1_736' title='bbox 2791 3626 3099 3694; x_wconf 85' lang='lat' dir='ltr'><strong>vigesimam</strong></span> <span class='ocrx_word' id='word_1_737' title='bbox 3128 3634 3332 3679; x_wconf 85' lang='lat' dir='ltr'><strong>sextam</strong></span> <span class='ocrx_word' id='word_1_738' title='bbox 3359 3623 3550 3689; x_wconf 84' lang='lat' dir='ltr'><strong>Martii,</strong></span> <span class='ocrx_word' id='word_1_739' title='bbox 3589 3640 3709 3692; x_wconf 75' lang='lat' dir='ltr'><strong>qua:</strong></span> 
     </span>
    </p>
   </div>
   <div class='ocr_carea' id='block_1_100' title="bbox 2132 3715 3709 3787">
    <p class='ocr_par' dir='ltr' id='par_1_100' title="bbox 2132 3715 3709 3787">
     <span class='ocr_line' id='line_1_100' title="bbox 2132 3715 3709 3787; baseline -0.001 -17"><span class='ocrx_word' id='word_1_740' title='bbox 2132 3716 2471 3781; x_wconf 84' lang='lat' dir='ltr'><strong>Parascevcs,</strong></span> <span class='ocrx_word' id='word_1_741' title='bbox 2516 3724 2570 3771; x_wconf 89' lang='lat' dir='ltr'><strong>et</strong></span> <span class='ocrx_word' id='word_1_742' title='bbox 2592 3715 2851 3771; x_wconf 89' lang='lat' dir='ltr'><strong>decimam</strong></span> <span class='ocrx_word' id='word_1_743' title='bbox 2888 3726 3092 3770; x_wconf 81' lang='lat' dir='ltr'><strong>sextam</strong></span> <span class='ocrx_word' id='word_1_744' title='bbox 3124 3716 3337 3787; x_wconf 81' lang='lat' dir='ltr'><strong>Aprilis,</strong></span> <span class='ocrx_word' id='word_1_745' title='bbox 3371 3730 3471 3785; x_wconf 91' lang='lat' dir='ltr'><strong>qua</strong></span> <span class='ocrx_word' id='word_1_746' title='bbox 3512 3723 3709 3771; x_wconf 74' lang='lat' dir='ltr'><strong>sancta:</strong></span> 
     </span>
    </p>
   </div>
   <div class='ocr_carea' id='block_1_101' title="bbox 2132 3806 3439 3873">
    <p class='ocr_par' dir='ltr' id='par_1_101' title="bbox 2132 3806 3439 3873">
     <span class='ocr_line' id='line_1_101' title="bbox 2132 3806 3439 3873; baseline -0.002 -12"><span class='ocrx_word' id='word_1_747' title='bbox 2132 3807 2407 3861; x_wconf 73' lang='lat' dir='ltr'><strong>Domuinze</strong></span> <span class='ocrx_word' id='word_1_748' title='bbox 2429 3806 2621 3862; x_wconf 87' lang='lat' dir='ltr'><strong>festum</strong></span> <span class='ocrx_word' id='word_1_749' title='bbox 2648 3807 3036 3873; x_wconf 89' lang='lat' dir='ltr'><strong>celebrabatur,</strong></span> <span class='ocrx_word' id='word_1_750' title='bbox 3067 3820 3439 3861; x_wconf 83' lang='lat' dir='ltr'><strong>connutueres.</strong></span> 
     </span>
    </p>
   </div>
   <div class='ocr_carea' id='block_1_102' title="bbox 2207 3896 3711 3969">
    <p class='ocr_par' dir='ltr' id='par_1_102' title="bbox 2207 3896 3711 3969">
     <span class='ocr_line' id='line_1_102' title="bbox 2207 3896 3711 3969; baseline -0.003 -15"><span class='ocrx_word' id='word_1_751' title='bbox 2207 3900 2300 3955; x_wconf 90' lang='lat' dir='ltr'><strong>llis</strong></span> <span class='ocrx_word' id='word_1_752' title='bbox 2326 3899 2623 3969; x_wconf 87' lang='lat' dir='ltr'><strong>adjicimus,</strong></span> <span class='ocrx_word' id='word_1_753' title='bbox 2655 3914 2755 3953; x_wconf 90' lang='lat' dir='ltr'><strong>nos</strong></span> <span class='ocrx_word' id='word_1_754' title='bbox 2777 3914 2842 3953; x_wconf 88' lang='lat' dir='ltr'><strong>ex</strong></span> <span class='ocrx_word' id='word_1_755' title='bbox 2871 3898 3231 3952; x_wconf 86' lang='lat' dir='ltr'><strong>admonitione</strong></span> <span class='ocrx_word' id='word_1_756' title='bbox 3256 3896 3398 3952; x_wconf 91' lang='lat' dir='ltr'><strong>circa</strong></span> <span class='ocrx_word' id='word_1_757' title='bbox 3419 3896 3711 3950; x_wconf 90' lang='lat' dir='ltr'><strong>tumultum</strong></span> 
     </span>
    </p>
   </div>
   <div class='ocr_carea' id='block_1_103' title="bbox 2135 3988 3710 4053">
    <p class='ocr_par' dir='ltr' id='par_1_103' title="bbox 2135 3988 3710 4053">
     <span class='ocr_line' id='line_1_103' title="bbox 2135 3988 3710 4053; baseline -0.003 -8"><span class='ocrx_word' id='word_1_758' title='bbox 2135 3991 2187 4045; x_wconf 88' lang='lat' dir='ltr'><strong>in</strong></span> <span class='ocrx_word' id='word_1_759' title='bbox 2218 3988 2521 4045; x_wconf 88' lang='lat' dir='ltr'><strong>accedendo</strong></span> <span class='ocrx_word' id='word_1_760' title='bbox 2550 3989 2614 4044; x_wconf 92' lang='lat' dir='ltr'><strong>ad</strong></span> <span class='ocrx_word' id='word_1_761' title='bbox 2644 4004 2850 4043; x_wconf 82' lang='lat' dir='ltr'><strong>Sacram</strong></span> <span class='ocrx_word' id='word_1_762' title='bbox 2877 3988 3331 4053; x_wconf 88' lang='lat' dir='ltr'><strong>communionem,</strong></span> <span class='ocrx_word' id='word_1_763' title='bbox 3355 4003 3461 4042; x_wconf 90' lang='lat' dir='ltr'><strong>non</strong></span> <span class='ocrx_word' id='word_1_764' title='bbox 3488 3988 3710 4040; x_wconf 89' lang='lat' dir='ltr'><strong>multum</strong></span> 
     </span>
    </p>
   </div>
   <div class='ocr_carea' id='block_1_104' title="bbox 2136 4078 3712 4147">
    <p class='ocr_par' dir='ltr' id='par_1_104' title="bbox 2136 4078 3712 4147">
     <span class='ocr_line' id='line_1_104' title="bbox 2136 4078 3712 4147; baseline -0.003 -12"><span class='ocrx_word' id='word_1_765' title='bbox 2136 4081 2360 4147; x_wconf 91' lang='lat' dir='ltr'><strong>moveri,</strong></span> <span class='ocrx_word' id='word_1_766' title='bbox 2391 4090 2449 4136; x_wconf 89' lang='lat' dir='ltr'><strong>ut</strong></span> <span class='ocrx_word' id='word_1_767' title='bbox 2475 4095 2595 4135; x_wconf 91' lang='lat' dir='ltr'><strong>cam</strong></span> <span class='ocrx_word' id='word_1_768' title='bbox 2628 4081 2712 4134; x_wconf 89' lang='lat' dir='ltr'><strong>vel</strong></span> <span class='ocrx_word' id='word_1_769' title='bbox 2740 4080 2792 4132; x_wconf 91' lang='lat' dir='ltr'><strong>in</strong></span> <span class='ocrx_word' id='word_1_770' title='bbox 2817 4095 3013 4135; x_wconf 87' lang='lat' dir='ltr'><strong>ammm</strong></span> <span class='ocrx_word' id='word_1_771' title='bbox 3041 4079 3166 4145; x_wconf 79' lang='lat'><strong>386,</strong></span> <span class='ocrx_word' id='word_1_772' title='bbox 3199 4079 3281 4133; x_wconf 89' lang='lat' dir='ltr'><strong>vel</strong></span> <span class='ocrx_word' id='word_1_773' title='bbox 3310 4080 3359 4132; x_wconf 93' lang='lat' dir='ltr'><strong>in</strong></span> <span class='ocrx_word' id='word_1_774' title='bbox 3390 4095 3586 4133; x_wconf 90' lang='lat' dir='ltr'><strong>annum</strong></span> <span class='ocrx_word' id='word_1_775' title='bbox 3608 4078 3712 4131; x_wconf 82' lang='lat'><strong>587</strong></span> 
     </span>
    </p>
   </div>
   <div class='ocr_carea' id='block_1_105' title="bbox 2135 4168 3713 4240">
    <p class='ocr_par' dir='ltr' id='par_1_105' title="bbox 2135 4168 3713 4240">
     <span class='ocr_line' id='line_1_105' title="bbox 2135 4168 3713 4240; baseline -0.001 -15"><span class='ocrx_word' id='word_1_776' title='bbox 2135 4171 2503 4240; x_wconf 77' lang='lat' dir='ltr'><strong>conjicianius.</strong></span> <span class='ocrx_word' id='word_1_777' title='bbox 2536 4170 2716 4240; x_wconf 86' lang='lat' dir='ltr'><strong>Neque</strong></span> <span class='ocrx_word' id='word_1_778' title='bbox 2744 4172 2885 4224; x_wconf 89' lang='lat' dir='ltr'><strong>enim</strong></span> <span class='ocrx_word' id='word_1_779' title='bbox 2917 4171 2968 4223; x_wconf 92' lang='lat' dir='ltr'><strong>in</strong></span> <span class='ocrx_word' id='word_1_780' title='bbox 2996 4170 3232 4225; x_wconf 87' lang='lat' dir='ltr'><strong>homiliis</strong></span> <span class='ocrx_word' id='word_1_781' title='bbox 3263 4179 3465 4224; x_wconf 88' lang='lat' dir='ltr'><strong>tantum</strong></span> <span class='ocrx_word' id='word_1_782' title='bbox 3510 4169 3578 4224; x_wconf 92' lang='lat' dir='ltr'><strong>de</strong></span> <span class='ocrx_word' id='word_1_783' title='bbox 3606 4168 3713 4223; x_wconf 81' lang='lat' dir='ltr'><strong>Na-</strong></span> 
     </span>
    </p>
   </div>
   <div class='ocr_carea' id='block_1_106' title="bbox 2138 4261 3709 4332">
    <p class='ocr_par' dir='ltr' id='par_1_106' title="bbox 2138 4261 3709 4332">
     <span class='ocr_line' id='line_1_106' title="bbox 2138 4261 3709 4332; baseline -0.001 -17"><span class='ocrx_word' id='word_1_784' title='bbox 2138 4263 2224 4315; x_wconf 89' lang='lat' dir='ltr'><strong>tali</strong></span> <span class='ocrx_word' id='word_1_785' title='bbox 2257 4262 2402 4316; x_wconf 90' lang='lat' dir='ltr'><strong>etde</strong></span> <span class='ocrx_word' id='word_1_786' title='bbox 2447 4262 2743 4332; x_wconf 86' lang='lat' dir='ltr'><strong>Epiphania</strong></span> <span class='ocrx_word' id='word_1_787' title='bbox 2774 4261 3066 4315; x_wconf 89' lang='lat' dir='ltr'><strong>admonitio</strong></span> <span class='ocrx_word' id='word_1_788' title='bbox 3112 4261 3409 4332; x_wconf 83' lang='lat' dir='ltr'><strong>hujusmodi</strong></span> <span class='ocrx_word' id='word_1_789' title='bbox 3461 4261 3709 4327; x_wconf 89' lang='lat' dir='ltr'><strong>occurrit,</strong></span> 
     </span>
    </p>
   </div>
   <div class='ocr_carea' id='block_1_107' title="bbox 2137 4351 3712 4423">
    <p class='ocr_par' dir='ltr' id='par_1_107' title="bbox 2137 4351 3712 4423">
     <span class='ocr_line' id='line_1_107' title="bbox 2137 4351 3712 4423; baseline -0.002 -16"><span class='ocrx_word' id='word_1_790' title='bbox 2137 4352 2229 4407; x_wconf 88' lang='lat' dir='ltr'><strong>sed</strong></span> <span class='ocrx_word' id='word_1_791' title='bbox 2271 4352 2429 4407; x_wconf 88' lang='lat' dir='ltr'><strong>etiam</strong></span> <span class='ocrx_word' id='word_1_792' title='bbox 2470 4352 2523 4406; x_wconf 88' lang='lat' dir='ltr'><strong>in</strong></span> <span class='ocrx_word' id='word_1_793' title='bbox 2564 4351 2780 4406; x_wconf 90' lang='lat' dir='ltr'><strong>homilia</strong></span> <span class='ocrx_word' id='word_1_794' title='bbox 2808 4352 3127 4423; x_wconf 77' lang='lat' dir='ltr'><strong>pnncedcnti</strong></span> <span class='ocrx_word' id='word_1_795' title='bbox 3154 4352 3221 4406; x_wconf 92' lang='lat' dir='ltr'><strong>de</strong></span> <span class='ocrx_word' id='word_1_796' title='bbox 3246 4352 3377 4407; x_wconf 82' lang='lat' dir='ltr'><strong>Juda</strong></span> <span class='ocrx_word' id='word_1_797' title='bbox 3406 4351 3676 4422; x_wconf 89' lang='lat' dir='ltr'><strong>proditore</strong></span> <span class='ocrx_word' id='word_1_798' title='bbox 3696 4393 3712 4415; x_wconf 94' lang='lat'><strong>,</strong></span> 
     </span>
    </p>
   </div>
   <div class='ocr_carea' id='block_1_108' title="bbox 2135 4442 3719 4515">
    <p class='ocr_par' dir='ltr' id='par_1_108' title="bbox 2135 4442 3719 4515">
     <span class='ocr_line' id='line_1_108' title="bbox 2135 4442 3719 4515; baseline -0.004 -15"><span class='ocrx_word' id='word_1_799' title='bbox 2135 4446 2284 4515; x_wconf 87' lang='lat' dir='ltr'><strong>cujus</strong></span> <span class='ocrx_word' id='word_1_800' title='bbox 2306 4461 2502 4499; x_wconf 89' lang='lat' dir='ltr'><strong>annum</strong></span> <span class='ocrx_word' id='word_1_801' title='bbox 2533 4447 2803 4514; x_wconf 85' lang='lat' dir='ltr'><strong>assignare</strong></span> <span class='ocrx_word' id='word_1_802' title='bbox 2829 4460 2933 4499; x_wconf 89' lang='lat' dir='ltr'><strong>non</strong></span> <span class='ocrx_word' id='word_1_803' title='bbox 2965 4445 3250 4515; x_wconf 89' lang='lat' dir='ltr'><strong>potuimus.</strong></span> <span class='ocrx_word' id='word_1_804' title='bbox 3291 4443 3425 4511; x_wconf 85' lang='lat' dir='ltr'><strong>Quid</strong></span> <span class='ocrx_word' id='word_1_805' title='bbox 3454 4443 3594 4498; x_wconf 87' lang='lat' dir='ltr'><strong>enim</strong></span> <span class='ocrx_word' id='word_1_806' title='bbox 3636 4442 3719 4495; x_wconf 81' lang='lat' dir='ltr'><strong>in-</strong></span> 
     </span>
    </p>
   </div>
   <div class='ocr_carea' id='block_1_109' title="bbox 2137 4535 3718 4607">
    <p class='ocr_par' dir='ltr' id='par_1_109' title="bbox 2137 4535 3718 4607">
     <span class='ocr_line' id='line_1_109' title="bbox 2137 4535 3718 4607; baseline -0.003 -12"><span class='ocrx_word' id='word_1_807' title='bbox 2137 4538 2403 4595; x_wconf 87' lang='lat' dir='ltr'><strong>commodi</strong></span> <span class='ocrx_word' id='word_1_808' title='bbox 2432 4538 2657 4604; x_wconf 78' lang='lat' dir='ltr'><strong>accitlat,</strong></span> <span class='ocrx_word' id='word_1_809' title='bbox 2683 4537 2726 4593; x_wconf 89' lang='lat' dir='ltr'><strong>si</strong></span> <span class='ocrx_word' id='word_1_810' title='bbox 2756 4552 3015 4607; x_wconf 87' lang='lat' dir='ltr'><strong>ponamus</strong></span> <span class='ocrx_word' id='word_1_811' title='bbox 3045 4536 3481 4607; x_wconf 77' lang='lat' dir='ltr'><strong>Chrysostomum</strong></span> <span class='ocrx_word' id='word_1_812' title='bbox 3531 4535 3718 4590; x_wconf 88' lang='lat' dir='ltr'><strong>multis</strong></span> 
     </span>
    </p>
   </div>
   <div class='ocr_carea' id='block_1_110' title="bbox 2137 4628 3713 4700">
    <p class='ocr_par' dir='ltr' id='par_1_110' title="bbox 2137 4628 3713 4700">
     <span class='ocr_line' id='line_1_110' title="bbox 2137 4628 3713 4700; baseline -0.002 -18"><span class='ocrx_word' id='word_1_813' title='bbox 2137 4631 2405 4700; x_wconf 77' lang='lat' dir='ltr'><strong>variisque</strong></span> <span class='ocrx_word' id='word_1_814' title='bbox 2436 4629 2608 4693; x_wconf 91' lang='lat' dir='ltr'><strong>annis,</strong></span> <span class='ocrx_word' id='word_1_815' title='bbox 2639 4629 2761 4698; x_wconf 89' lang='lat' dir='ltr'><strong>quia</strong></span> <span class='ocrx_word' id='word_1_816' title='bbox 2792 4644 2886 4698; x_wconf 91' lang='lat' dir='ltr'><strong>par</strong></span> <span class='ocrx_word' id='word_1_817' title='bbox 2914 4628 3166 4683; x_wconf 89' lang='lat' dir='ltr'><strong>tumultus</strong></span> <span class='ocrx_word' id='word_1_818' title='bbox 3194 4643 3224 4682; x_wconf 91' lang='lat' dir='ltr'><strong>a</strong></span> <span class='ocrx_word' id='word_1_819' title='bbox 3252 4629 3447 4698; x_wconf 84' lang='lat' dir='ltr'><strong>pepulo</strong></span> <span class='ocrx_word' id='word_1_820' title='bbox 3476 4628 3713 4681; x_wconf 87' lang='lat' dir='ltr'><strong>concita-</strong></span> 
     </span>
    </p>
   </div>
   <div class='ocr_carea' id='block_1_111' title="bbox 2138 4719 3715 4790">
    <p class='ocr_par' dir='ltr' id='par_1_111' title="bbox 2138 4719 3715 4790">
     <span class='ocr_line' id='line_1_111' title="bbox 2138 4719 3715 4790; baseline -0.002 -14"><span class='ocrx_word' id='word_1_821' title='bbox 2138 4721 2311 4788; x_wconf 89' lang='lat' dir='ltr'><strong>batur,</strong></span> <span class='ocrx_word' id='word_1_822' title='bbox 2337 4720 2523 4777; x_wconf 90' lang='lat' dir='ltr'><strong>eadem</strong></span> <span class='ocrx_word' id='word_1_823' title='bbox 2552 4721 2629 4775; x_wconf 90' lang='lat' dir='ltr'><strong>uti</strong></span> <span class='ocrx_word' id='word_1_824' title='bbox 2660 4721 3023 4774; x_wconf 92' lang='lat' dir='ltr'><strong>admonitione</strong></span> <span class='ocrx_word' id='word_1_825' title='bbox 3046 4737 3180 4790; x_wconf 90' lang='lat' dir='ltr'><strong>opus</strong></span> <span class='ocrx_word' id='word_1_826' title='bbox 3210 4720 3481 4775; x_wconf 87' lang='lat' dir='ltr'><strong>habuisse.</strong></span> <span class='ocrx_word' id='word_1_827' title='bbox 3511 4719 3715 4774; x_wconf 78' lang='lat' dir='ltr'><strong>Meliori</strong></span> 
     </span>
    </p>
   </div>
   <div class='ocr_carea' id='block_1_112' title="bbox 2140 4812 3721 4883">
    <p class='ocr_par' dir='ltr' id='par_1_112' title="bbox 2140 4812 3721 4883">
     <span class='ocr_line' id='line_1_112' title="bbox 2140 4812 3721 4883; baseline -0.001 -17"><span class='ocrx_word' id='word_1_828' title='bbox 2140 4815 2298 4883; x_wconf 80' lang='lat' dir='ltr'><strong>igitur</strong></span> <span class='ocrx_word' id='word_1_829' title='bbox 2322 4813 2528 4868; x_wconf 90' lang='lat' dir='ltr'><strong>calculo</strong></span> <span class='ocrx_word' id='word_1_830' title='bbox 2557 4813 2608 4867; x_wconf 89' lang='lat' dir='ltr'><strong>in</strong></span> <span class='ocrx_word' id='word_1_831' title='bbox 2634 4828 2828 4867; x_wconf 91' lang='lat' dir='ltr'><strong>annum</strong></span> <span class='ocrx_word' id='word_1_832' title='bbox 2858 4812 2963 4868; x_wconf 74' lang='grc'><strong>592</strong></span> <span class='ocrx_word' id='word_1_833' title='bbox 2989 4813 3289 4877; x_wconf 89' lang='lat' dir='ltr'><strong>referimus,</strong></span> <span class='ocrx_word' id='word_1_834' title='bbox 3321 4812 3422 4867; x_wconf 89' lang='lat' dir='ltr'><strong>etsi</strong></span> <span class='ocrx_word' id='word_1_835' title='bbox 3466 4827 3569 4864; x_wconf 94' lang='lat' dir='ltr'><strong>non</strong></span> <span class='ocrx_word' id='word_1_836' title='bbox 3603 4827 3721 4864; x_wconf 88' lang='lat' dir='ltr'><strong>om-</strong></span> 
     </span>
    </p>
   </div>
   <div class='ocr_carea' id='block_1_113' title="bbox 2141 4900 3724 4974">
    <p class='ocr_par' dir='ltr' id='par_1_113' title="bbox 2141 4900 3724 4974">
     <span class='ocr_line' id='line_1_113' title="bbox 2141 4900 3724 4974; baseline -0.003 -16"><span class='ocrx_word' id='word_1_837' title='bbox 2141 4906 2226 4959; x_wconf 86' lang='lat' dir='ltr'><strong>nis</strong></span> <span class='ocrx_word' id='word_1_838' title='bbox 2255 4918 2471 4974; x_wconf 89' lang='lat' dir='ltr'><strong>prorsus</strong></span> <span class='ocrx_word' id='word_1_839' title='bbox 2501 4904 2699 4958; x_wconf 90' lang='lat' dir='ltr'><strong>tollitur</strong></span> <span class='ocrx_word' id='word_1_840' title='bbox 2725 4903 2998 4957; x_wconf 90' lang='lat' dir='ltr'><strong>dubitandi</strong></span> <span class='ocrx_word' id='word_1_841' title='bbox 3029 4918 3209 4957; x_wconf 83' lang='lat' dir='ltr'><strong>causa.</strong></span> <span class='ocrx_word' id='word_1_842' title='bbox 3242 4902 3373 4957; x_wconf 86' lang='lat' dir='ltr'><strong>Nam</strong></span> <span class='ocrx_word' id='word_1_843' title='bbox 3404 4911 3461 4954; x_wconf 92' lang='lat' dir='ltr'><strong>ut</strong></span> <span class='ocrx_word' id='word_1_844' title='bbox 3486 4900 3724 4954; x_wconf 82' lang='lat' dir='ltr'><strong>diximus</strong></span> 
     </span>
    </p>
   </div>
   <div class='ocr_carea' id='block_1_114' title="bbox 2143 4992 3726 5062">
    <p class='ocr_par' dir='ltr' id='par_1_114' title="bbox 2143 4992 3726 5062">
     <span class='ocr_line' id='line_1_114' title="bbox 2143 4992 3726 5062; baseline -0.003 -13"><span class='ocrx_word' id='word_1_845' title='bbox 2143 4996 2194 5049; x_wconf 92' lang='lat' dir='ltr'><strong>in</strong></span> <span class='ocrx_word' id='word_1_846' title='bbox 2219 4995 2415 5049; x_wconf 81' lang='lat' dir='ltr'><strong>Monito</strong></span> <span class='ocrx_word' id='word_1_847' title='bbox 2433 4993 2500 5048; x_wconf 91' lang='lat' dir='ltr'><strong>ad</strong></span> <span class='ocrx_word' id='word_1_848' title='bbox 2529 4994 2773 5049; x_wconf 89' lang='lat' dir='ltr'><strong>homilias</strong></span> <span class='ocrx_word' id='word_1_849' title='bbox 2798 5004 2852 5049; x_wconf 91' lang='lat' dir='ltr'><strong>et</strong></span> <span class='ocrx_word' id='word_1_850' title='bbox 2876 4995 3020 5062; x_wconf 91' lang='lat' dir='ltr'><strong>alibi,</strong></span> <span class='ocrx_word' id='word_1_851' title='bbox 3052 4994 3244 5049; x_wconf 57' lang='lat' dir='ltr'><strong>tabulge</strong></span> <span class='ocrx_word' id='word_1_852' title='bbox 3274 4992 3577 5058; x_wconf 89' lang='lat' dir='ltr'><strong>Paschalcs,</strong></span> <span class='ocrx_word' id='word_1_853' title='bbox 3607 5007 3726 5062; x_wconf 77' lang='lat' dir='ltr'><strong>qua:</strong></span> 
     </span>
    </p>
   </div>
   <div class='ocr_carea' id='block_1_115' title="bbox 2141 5079 3726 5153">
    <p class='ocr_par' dir='ltr' id='par_1_115' title="bbox 2141 5079 3726 5153">
     <span class='ocr_line' id='line_1_115' title="bbox 2141 5079 3726 5153; baseline -0.003 -12"><span class='ocrx_word' id='word_1_854' title='bbox 2141 5098 2263 5141; x_wconf 91' lang='lat' dir='ltr'><strong>sunt</strong></span> <span class='ocrx_word' id='word_1_855' title='bbox 2295 5079 2674 5153; x_wconf 78' lang='lat' dir='ltr'><strong>posterioribus</strong></span> <span class='ocrx_word' id='word_1_856' title='bbox 2696 5087 2903 5141; x_wconf 67' lang='lat' dir='ltr'><strong>StIICllliS</strong></span> <span class='ocrx_word' id='word_1_857' title='bbox 2933 5086 3285 5153; x_wconf 68' lang='lat' dir='ltr'><strong>concinnam,</strong></span> <span class='ocrx_word' id='word_1_858' title='bbox 3309 5100 3428 5139; x_wconf 92' lang='lat' dir='ltr'><strong>cum</strong></span> <span class='ocrx_word' id='word_1_859' title='bbox 3451 5083 3726 5139; x_wconf 86' lang='lat' dir='ltr'><strong>veteribus</strong></span> 
     </span>
    </p>
   </div>
   <div class='ocr_carea' id='block_1_116' title="bbox 2142 5176 3719 5249">
    <p class='ocr_par' dir='ltr' id='par_1_116' title="bbox 2142 5176 3719 5249">
     <span class='ocr_line' id='line_1_116' title="bbox 2142 5176 3719 5249; baseline -0.001 -18"><span class='ocrx_word' id='word_1_860' title='bbox 2142 5178 2358 5231; x_wconf 88' lang='lat' dir='ltr'><strong>calculis</strong></span> <span class='ocrx_word' id='word_1_861' title='bbox 2390 5192 2494 5232; x_wconf 91' lang='lat' dir='ltr'><strong>non</strong></span> <span class='ocrx_word' id='word_1_862' title='bbox 2525 5193 2736 5247; x_wconf 88' lang='lat' dir='ltr'><strong>semper</strong></span> <span class='ocrx_word' id='word_1_863' title='bbox 2760 5178 3104 5246; x_wconf 87' lang='lat' dir='ltr'><strong>concordant,</strong></span> <span class='ocrx_word' id='word_1_864' title='bbox 3146 5179 3316 5249; x_wconf 86' lang='lat' dir='ltr'><strong>iisque</strong></span> <span class='ocrx_word' id='word_1_865' title='bbox 3345 5193 3451 5233; x_wconf 88' lang='lat' dir='ltr'><strong>non</strong></span> <span class='ocrx_word' id='word_1_866' title='bbox 3496 5176 3719 5233; x_wconf 92' lang='lat' dir='ltr'><strong>omnino</strong></span> 
     </span>
    </p>
   </div>
   <div class='ocr_carea' id='block_1_117' title="bbox 2143 5268 2661 5324">
    <p class='ocr_par' dir='ltr' id='par_1_117' title="bbox 2143 5268 2661 5324">
     <span class='ocr_line' id='line_1_117' title="bbox 2143 5268 2661 5324; baseline -0.004 -1"><span class='ocrx_word' id='word_1_867' title='bbox 2143 5269 2274 5323; x_wconf 84' lang='lat' dir='ltr'><strong>fides</strong></span> <span class='ocrx_word' id='word_1_868' title='bbox 2294 5279 2373 5323; x_wconf 88' lang='lat' dir='ltr'><strong>est</strong></span> <span class='ocrx_word' id='word_1_869' title='bbox 2402 5268 2661 5324; x_wconf 84' lang='lat' dir='ltr'><strong>habenda.</strong></span> 
     </span>
    </p>
   </div>
   <div class='ocr_carea' id='block_1_118' title="bbox 2214 5356 3722 5430">
    <p class='ocr_par' dir='ltr' id='par_1_118' title="bbox 2214 5356 3722 5430">
     <span class='ocr_line' id='line_1_118' title="bbox 2214 5356 3722 5430; baseline -0.004 -15"><span class='ocrx_word' id='word_1_870' title='bbox 2214 5359 2457 5415; x_wconf 83' lang='lat' dir='ltr'><strong>Nondum</strong></span> <span class='ocrx_word' id='word_1_871' title='bbox 2480 5360 2675 5429; x_wconf 88' lang='lat' dir='ltr'><strong>elapsis</strong></span> <span class='ocrx_word' id='word_1_872' title='bbox 2698 5360 2879 5430; x_wconf 82' lang='lat' dir='ltr'><strong>viginti</strong></span> <span class='ocrx_word' id='word_1_873' title='bbox 2902 5360 3086 5416; x_wconf 88' lang='lat' dir='ltr'><strong>diebus</strong></span> <span class='ocrx_word' id='word_1_874' title='bbox 3111 5375 3139 5413; x_wconf 91' lang='lat' dir='ltr'><strong>a</strong></span> <span class='ocrx_word' id='word_1_875' title='bbox 3166 5360 3458 5414; x_wconf 67' lang='lat' dir='ltr'><strong>Parasreve</strong></span> <span class='ocrx_word' id='word_1_876' title='bbox 3478 5356 3722 5419; x_wconf 61' lang='lat' dir='ltr'><strong>Pascha&#39;,</strong></span> 
     </span>
    </p>
   </div>
   <div class='ocr_carea' id='block_1_119' title="bbox 2145 5450 3722 5522">
    <p class='ocr_par' dir='ltr' id='par_1_119' title="bbox 2145 5450 3722 5522">
     <span class='ocr_line' id='line_1_119' title="bbox 2145 5450 3722 5522; baseline -0.003 -15"><span class='ocrx_word' id='word_1_877' title='bbox 2145 5453 2196 5507; x_wconf 90' lang='lat' dir='ltr'><strong>in</strong></span> <span class='ocrx_word' id='word_1_878' title='bbox 2223 5468 2324 5522; x_wconf 78' lang='lat' dir='ltr'><strong>qua</strong></span> <span class='ocrx_word' id='word_1_879' title='bbox 2350 5454 2658 5508; x_wconf 84' lang='lat' dir='ltr'><strong>concionem</strong></span> <span class='ocrx_word' id='word_1_880' title='bbox 2687 5453 2753 5508; x_wconf 90' lang='lat' dir='ltr'><strong>de</strong></span> <span class='ocrx_word' id='word_1_881' title='bbox 2770 5453 3103 5509; x_wconf 61' lang='lat' dir='ltr'><strong>Cameterio</strong></span> <span class='ocrx_word' id='word_1_882' title='bbox 3120 5454 3359 5508; x_wconf 89' lang='lat' dir='ltr'><strong>etCruce</strong></span> <span class='ocrx_word' id='word_1_883' title='bbox 3390 5453 3521 5508; x_wconf 81' lang='lat' dir='ltr'><strong>dixit</strong></span> <span class='ocrx_word' id='word_1_884' title='bbox 3549 5451 3634 5521; x_wconf 88' lang='lat' dir='ltr'><strong>(T.</strong></span> <span class='ocrx_word' id='word_1_885' title='bbox 3664 5450 3722 5514; x_wconf 77' lang='lat'><strong>9.,</strong></span> 
     </span>
    </p>
   </div>
   <div class='ocr_carea' id='block_1_120' title="bbox 2152 5541 3723 5615">
    <p class='ocr_par' dir='ltr' id='par_1_120' title="bbox 2152 5541 3723 5615">
     <span class='ocr_line' id='line_1_120' title="bbox 2152 5541 3723 5615; baseline -0.002 -20"><span class='ocrx_word' id='word_1_886' title='bbox 2152 5541 2371 5615; x_wconf 72' lang='lat' dir='ltr'><strong>c.6227),</strong></span> <span class='ocrx_word' id='word_1_887' title='bbox 2421 5544 2702 5598; x_wconf 89' lang='lat' dir='ltr'><strong>llomiliam</strong></span> <span class='ocrx_word' id='word_1_888' title='bbox 2750 5545 2931 5599; x_wconf 91' lang='lat' dir='ltr'><strong>habuit</strong></span> <span class='ocrx_word' id='word_1_889' title='bbox 2974 5544 3038 5599; x_wconf 90' lang='lat' dir='ltr'><strong>de</strong></span> <span class='ocrx_word' id='word_1_890' title='bbox 3083 5544 3180 5599; x_wconf 89' lang='lat' dir='ltr'><strong>SS.</strong></span> <span class='ocrx_word' id='word_1_891' title='bbox 3226 5544 3451 5599; x_wconf 84' lang='lat' dir='ltr'><strong>Bernice</strong></span> <span class='ocrx_word' id='word_1_892' title='bbox 3481 5554 3535 5598; x_wconf 85' lang='lat' dir='ltr'><strong>et</strong></span> <span class='ocrx_word' id='word_1_893' title='bbox 3567 5542 3723 5595; x_wconf 82' lang='lat' dir='ltr'><strong>Pros-</strong></span> 
     </span>
    </p>
   </div>
   <div class='ocr_carea' id='block_1_121' title="bbox 2148 5636 3718 5709">
    <p class='ocr_par' dir='ltr' id='par_1_121' title="bbox 2148 5636 3718 5709">
     <span class='ocr_line' id='line_1_121' title="bbox 2148 5636 3718 5709; baseline -0.003 -17"><span class='ocrx_word' id='word_1_894' title='bbox 2148 5636 2279 5693; x_wconf 88' lang='lat' dir='ltr'><strong>doce</strong></span> <span class='ocrx_word' id='word_1_895' title='bbox 2316 5636 2604 5709; x_wconf 81' lang='lat' dir='ltr'><strong>virginibus</strong></span> <span class='ocrx_word' id='word_1_896' title='bbox 2647 5647 2698 5693; x_wconf 85' lang='lat' dir='ltr'><strong>et</strong></span> <span class='ocrx_word' id='word_1_897' title='bbox 2727 5636 2792 5693; x_wconf 91' lang='lat' dir='ltr'><strong>dc</strong></span> <span class='ocrx_word' id='word_1_898' title='bbox 2824 5637 2876 5693; x_wconf 83' lang='lat' dir='ltr'><strong>S.</strong></span> <span class='ocrx_word' id='word_1_899' title='bbox 2926 5638 3180 5693; x_wconf 88' lang='lat' dir='ltr'><strong>Domnina</strong></span> <span class='ocrx_word' id='word_1_900' title='bbox 3225 5652 3405 5691; x_wconf 82' lang='lat' dir='ltr'><strong>earum</strong></span> <span class='ocrx_word' id='word_1_901' title='bbox 3437 5648 3625 5705; x_wconf 72' lang='lat' dir='ltr'><strong>matre,</strong></span> <span class='ocrx_word' id='word_1_902' title='bbox 3667 5642 3718 5687; x_wconf 85' lang='lat' dir='ltr'><strong>ut</strong></span> 
     </span>
    </p>
   </div>
  </div>
