4110 6148
467 273 570 328 135

467 381 700 445 bomiliis
723 382 792 441 de
819 381 1036 438 nomine
1061 377 1260 434 Abram
1289 374 1346 431 in
1372 372 1644 429 Abraham
1687 379 1894 427 mutato
1943 384 2052 426 non

464 481 632 538 semel
659 478 784 549 agit.
819 475 1050 531 Primam
1079 486 1201 526 eum
1225 468 1569 524 Tillemontio
1595 466 1682 522 diu
1716 474 1832 536 post
1857 478 2052 520 secun-

467 575 588 629 dam
615 568 854 638 ablegavi
881 575 935 620 et
963 565 1014 618 in
1040 562 1182 618 aliud
1210 570 1417 631 tempus
1439 559 1641 628 distuli,
1663 565 1905 629 quartam
1921 569 2056 627 quo-

467 680 568 735 quc
592 679 621 717 a
643 659 968 728 reliquarum
990 655 1130 711 serie
1145 652 1497 709 amovendam
1524 651 1707 707 censui
1726 665 1743 704 :
1761 648 2053 705 secundam

467 769 618 821 vero,
649 752 881 816 tertiam,
913 749 1152 818 quintam
1175 754 1231 802 et
1253 753 1457 801 sextam
1484 743 1825 800 continenter
1848 756 2053 811 ponen-

466 846 563 902 das
594 859 714 900 esse
738 857 952 898 censeo.
981 838 1142 895 Sexta
1170 837 1357 908 paucis
1381 835 1566 891 diebus
1591 842 1717 889 ante
1743 832 2054 902 Quadrage-

466 938 658 992 simam
686 933 865 988 habita
897 932 1011 995 fuit,
1036 939 1094 985 ut
1124 929 1324 984 ibidem
1347 936 1615 983 narratur.
1639 924 1776 982 Vide
1799 923 2056 980 Monitum

466 1027 536 1083 ad
555 1024 802 1082 homilias
828 1023 990 1078 hasce
1018 1021 1188 1076 Tomo
1211 1026 1365 1074 sexto
1390 1031 1436 1068 c.
1465 1016 1555 1074 95.

541 1125 598 1180 In
628 1125 822 1196 prima,
851 1134 1008 1190 quam
1052 1117 1172 1173 loco
1199 1113 1509 1171 mutandam
1553 1118 1824 1184 putamus,
1863 1108 2060 1182 gaudet

469 1219 537 1275 de
561 1215 743 1290 populi
771 1209 1065 1283 frequentia
1094 1217 1148 1264 et
1172 1221 1457 1273 concursu,
1501 1205 1651 1260 dolet
1691 1211 1868 1259 autem
1913 1200 2060 1272 quod

470 1310 765 1374 auditores,
794 1306 921 1361 dum
949 1302 1139 1358 concio
1165 1301 1470 1366 haberetur,
1495 1296 1878 1366 incompositas
1899 1307 2060 1349 voces

472 1403 801 1463 erititterent,
832 1396 1282 1452 tumultuarentur
1318 1407 1382 1447 ac
1411 1390 1701 1463 lymphatis
1725 1387 1926 1444 similes
1950 1385 2060 1441 eir-

472 1500 904 1565 eumagerentur,
933 1488 1000 1544 de
1026 1485 1338 1556 Serapltinis
1363 1497 1528 1554 pauca
1556 1481 1706 1537 dicit.
1739 1479 1863 1534 Illos
1883 1485 2063 1532 autem

473 1590 734 1657 increpat,
767 1584 856 1654 qui
882 1582 948 1638 ad
975 1578 1278 1652 spectacula
1303 1577 1600 1648 prodirent,
1625 1573 1821 1644 quique
1848 1569 1927 1626 sic
1947 1584 2065 1641 my-

472 1679 635 1737 steria
661 1677 838 1732 divina
867 1688 988 1730 cum
1018 1669 1363 1726 dxmoniacis
1388 1667 1692 1721 miscerent.

546 1770 602 1824 In
630 1766 884 1831 secunda,
927 1778 1086 1834 quam
1117 1761 1342 1832 primam
1371 1766 1638 1828 putamus,
1673 1755 1726 1810 in
1755 1753 1906 1819 illud,
1948 1751 2066 1807 Vidi

476 1859 752 1915 Dominum
775 1856 1046 1919 sedentem,
1075 1861 1204 1916 etc.,
1228 1848 1394 1903 multa
1421 1845 1645 1918 profert.
1679 1845 1921 1900 Divinam
1965 1858 2065 1898 na-

474 1962 644 2009 turam
662 1951 821 2006 etiam
841 1945 1043 2018 angelis
1061 1937 1661 2010 ineomprehensibilem
1688 1951 1807 1992 esse
1829 1949 2068 2006 pronun-

476 2047 604 2110 tiat;
633 2043 858 2113 ideoque
883 2037 1055 2109 carpit
1083 2038 1397 2101 Anomceos,
1427 2031 1517 2103 qui
1539 2029 1608 2087 de
1635 2037 1824 2085 natura
1851 2027 1940 2084 illa
1967 2028 2069 2082 im-

477 2137 592 2207 pios
612 2131 915 2205 proferrent
939 2142 1240 2186 sermones.

549 2223 794 2284 IIomilize
821 2221 990 2276 tertia:
1016 2225 1391 2289 argumentum
1420 2221 1545 2269 sunt
1575 2212 1690 2268 haec
1717 2210 1910 2279 verba,
1941 2209 2070 2264 Ela-

477 2333 582 2377 tum
609 2331 677 2376 est
706 2336 794 2375 cor
826 2315 984 2372 Oziaz.
1029 2311 1168 2370 Dicit
1193 2317 1374 2366 autem
1402 2304 1495 2365 ille
1533 2303 1862 2380 superbiam,
1905 2302 2064 2354 etiam

477 2431 544 2470 ex
567 2413 723 2468 bona;
747 2407 1090 2466 conscientia:
1118 2403 1424 2460 testimonio
1451 2401 1581 2456 oriri
1609 2414 1786 2478 posse,
1823 2408 1879 2453 et
1916 2398 2070 2453 bonis

477 2505 731 2577 operibus
761 2502 1080 2557 instruetum
1111 2495 1281 2566 magis
1309 2493 1602 2565 oppugnari
1624 2506 1655 2545 a
1679 2490 1894 2545 diabolo
1915 2506 1928 2545 :
1949 2497 2068 2543 tan-

479 2607 699 2666 tumque
742 2593 943 2648 malum
974 2589 1171 2644 inferre
1201 2585 1394 2642 animus
1438 2582 1767 2654 superbiam,
1812 2589 2068 2651 quantum

480 2687 694 2756 corpori
727 2693 984 2738 tumores.

549 2779 750 2847 Quarta
778 2774 988 2839 concio,
1016 2787 1174 2844 quam
1218 2770 1338 2826 loco
1381 2766 1705 2824 movendum
1733 2779 1854 2821 esse
1882 2779 2074 2821 cense-

480 2885 620 2936 mus,
653 2870 707 2923 in
742 2872 1112 2938 argumentum
1145 2861 1306 2917 habet
1335 2861 1452 2915 lucc
1494 2859 1657 2914 verba
1695 2875 1709 2913 :
1743 2856 1962 2910 Factum
1999 2865 2073 2910 est

480 2966 534 3018 in
560 2977 694 3016 anno
724 2960 776 3013 in
801 2974 898 3028 quo
926 2963 1153 3010 mortuus
1179 2963 1253 3008 est
1277 2969 1369 3008 rex
1399 2951 1575 3015 Ozias,
1619 2957 1725 3005 etc.
1755 2948 1896 3002 Dicit
1944 2946 2076 3000 faei-

486 3055 586 3111 lius
607 3066 726 3108 esse
748 3051 915 3106 solem
941 3047 1227 3118 exstingui,
1255 3059 1412 3115 quam
1441 3043 1535 3097 Dei
1562 3040 1855 3096 Ecclesiam
1882 3039 2069 3094 deleri.

479 3146 775 3204 Occasione
796 3151 975 3198 autem
1003 3140 1146 3195 Ozia:
1173 3138 1313 3209 regis
1343 3135 1575 3192 afﬁrmat
1603 3142 1658 3190 et
1688 3133 1877 3204 probat
1899 3147 2077 3187 sacer-

481 3239 665 3295 dotum
691 3235 998 3307 dignitatem
1025 3229 1283 3301 majorem
1311 3242 1450 3295 esse,
1477 3241 1636 3296 quam
1667 3239 1871 3294 regum.
2001 3235 2005 3239 '

551 3313 832 3400 Quinta‘et
855 3337 1026 3392 sexta,
1057 3325 1182 3379 licet
1221 3321 1329 3376 alio
1373 3321 1530 3390 longe
1559 3328 1799 3388 tempore
1837 3330 2079 3386 pronun-

483 3427 649 3491 tiatae,
678 3423 818 3477 idem
844 3426 1218 3490 argumentum
1248 3420 1597 3486 pertractant,
1631 3422 1686 3466 et
1713 3410 1783 3465 de
1812 3409 1956 3464 Oziae
1983 3425 2076 3463 su-

485 3515 670 3587 perbia
714 3521 897 3583 agunt.
931 3511 1066 3563 IIinc
1094 3508 1163 3563 de
1191 3505 1532 3562 sacerdotum
1576 3509 1838 3572 potestate
1881 3500 2076 3570 agitur,

485 3612 750 3677 docetque
773 3606 1213 3676 Cbrysostomus,
1244 3615 1350 3670 quo
1389 3605 1546 3669 pacto
1592 3594 1785 3649 debeat
1827 3592 2078 3648 sacerdos

487 3707 798 3773 peccantem
829 3694 1125 3766 principem
1155 3690 1448 3759 corripere.
1477 3686 1533 3741 In
1564 3692 1715 3740 sexta
1748 3697 1879 3739 vero
1901 3683 1969 3738 de
1983 3683 2082 3738 Se-

488 3792 834 3861 raphinorum
864 3786 1120 3855 dignitate
1143 3780 1400 3851 loquitur.
1425 3777 1480 3831 In
1511 3776 1614 3832 line
1633 3775 1790 3831 docet
1809 3773 2080 3845 quomodo

489 3887 555 3940 ad
588 3898 795 3939 sacram
827 3892 1066 3934 mensam
1094 3877 1163 3932 sit
1190 3871 1572 3928 accedendum.

561 3977 642 4032 De
675 3973 911 4029 llomiliis
939 3973 993 4025 in
1024 3967 1275 4024 Genesim.
1297 3963 1505 4019 —Jam
1533 3975 1667 4017 vero
1694 3959 1952 4030 quxritur
1968 3972 2078 4039 quo

493 4088 634 4128 anno
665 4069 956 4126 conciones
1001 4064 1056 4118 in
1109 4058 1360 4117 Genesim
1416 4055 1608 4110 habita:
1652 4053 1848 4108 fuerint
1880 4051 1966 4124 (T.
1996 4050 2078 4122 4),

495 4180 613 4235 qua:
642 4175 772 4216 sane
798 4159 955 4226 longe
981 4151 1250 4208 difficilior
1281 4148 1506 4218 quaestio
1535 4154 1636 4200 est.
1666 4145 1816 4200 Circa
1847 4152 2078 4235 tempus,

495 4234 603 4327 quo
630 4251 843 4319 scriptae
864 4246 1031 4306 fuere,
1057 4255 1286 4312 operose
1310 4237 1556 4294 edisserit
1580 4237 1661 4291 vir
1685 4234 2079 4306 sagacissimus,

496 4345 844 4412 omniumque
873 4338 1028 4408 longe
1054 4331 1490 4390 accuratissimus
1519 4329 1908 4394 'I‘illcmontius,
1935 4329 2086 4399 cujus

497 4437 659 4493 verba
680 4433 866 4489 Latine
892 4429 1145 4485 translata
1168 4425 1370 4480 referre
1392 4438 1457 4478 ne
1485 4424 1658 4492 pigeat
1682 4441 1694 4476 :
1723 4421 1872 4488 Quod
1894 4428 2087 4489 spectat

498 4544 711 4594 annuat,
743 4541 841 4597 quo
870 4523 949 4577 Ita:
975 4518 1197 4575 homilite
1219 4526 1334 4570 sunt
1353 4514 1554 4579 habitw,
1578 4512 1774 4566 nonnisi
1798 4511 2088 4583 conjectura

502 4623 667 4675 dicere
694 4630 982 4688 possumus.
1015 4611 1147 4665 Illas
1175 4607 1563 4678 Chrysostomus
1595 4603 1776 4656 habere
1801 4601 1945 4672 coepit
1978 4600 2088 4653 Do-

502 4713 686 4767 minica
720 4707 974 4779 jejunium
1003 4700 1346 4774 praecedente,
1371 4713 1471 4766 quo
1517 4711 1605 4765 per
1636 4692 2088 4763 Quadragesimam

501 4803 629 4860 illud
657 4807 1028 4871 argumentum,
1060 4801 1114 4845 ut
1146 4787 1413 4843 verisimile
1437 4797 1533 4854 est,
1563 4793 1818 4839 tractaret.
1850 4781 2090 4838 Secunda

505 4896 635 4952 enim
659 4892 742 4944 die
767 4887 1008 4958 sequenti,
1032 4883 1162 4953 feria
1184 4880 1374 4935 scilicet
1397 4877 1619 4932 secunda
1643 4887 1688 4930 et
1713 4878 1877 4945 prima
1901 4875 2002 4928 diei
2017 4876 2091 4940 ie-

507 4989 655 5058 iunii,
688 4984 820 5036 dicta
846 4981 974 5052 fuit;
999 4976 1144 5030 tertia
1173 4973 1300 5043 feria
1325 4971 1490 5035 tertia,
1519 4977 1700 5039 quarta
1726 4970 1807 5022 die
1830 4969 2093 5038 insequen-

507 5081 562 5134 ti.
594 5077 779 5143 Sicque
802 5073 1020 5138 reliquas
1040 5081 1211 5120 omnes
1243 5062 1459 5133 singulis
1501 5061 1675 5113 diebus
1717 5061 1913 5114 habitas
1937 5059 2094 5127 fuisse

507 5167 707 5224 credere
747 5173 840 5228 est,
871 5163 982 5216 licet
1022 5158 1077 5212 id
1115 5172 1218 5210 non
1261 5152 1508 5224 significet
1557 5150 1961 5220 Chrysostomus,
1994 5149 2093 5202 nisi

511 5265 640 5328 forte
664 5272 726 5310 ex
753 5253 1012 5308 occasione
1054 5247 1277 5319 quadam
1303 5243 1447 5298 aliud
1489 5251 1838 5312 argumentum
1873 5249 2094 5294 tractan—

509 5359 630 5404 dum
653 5353 949 5401 occurreret.
981 5339 1184 5395 Certum
1203 5338 1390 5408 quippe
1418 5344 1491 5390 est
1523 5333 1766 5405 populum
1794 5332 2016 5405 quotidie
2039 5332 2093 5386 in

509 5440 769 5498 ecclesiam
811 5434 1116 5494 conuenisse,
1147 5429 1654 5498 Chrysostomumque
1681 5423 1894 5493 singulis
1921 5423 2094 5478 diebus

509 5532 859 5590 concionatunt
884 5543 1008 5581 esse.
1041 5522 1232 5578 Eodem
1271 5521 1422 5574 etiam
1461 5519 1511 5571 in
1541 5516 1768 5572 Genesim
1799 5526 2094 5588 argumento

516 5623 745 5694 pergebat
774 5619 978 5675 sabbato
1011 5627 1056 5670 et
1085 5613 1371 5678 Dominica,
1404 5611 1515 5665 licet
1541 5610 1601 5663 iis
1631 5609 1804 5665 diebus
1833 5625 1933 5663 non
1953 5609 2096 5679 jeju-

512 5726 750 5771 naretur:
779 5728 896 5768 nam
938 5706 1200 5764 undecima
1227 5703 1432 5759 homilia
1458 5703 1508 5757 in
1537 5702 1714 5756 horum
1744 5703 1983 5757 alterutro
2012 5699 2094 5755 die

1534 257 1593 317 S.
1632 253 1911 316 JOANNIS
1945 250 2425 313 CHRYSOSTOMI
2467 255 2645 325 VITA,

2161 368 2296 424 dicta
2314 371 2433 442 fuit.
2461 371 2690 427 Homilia
2708 372 2907 441 quinta.
2928 383 3089 440 sexta,
3112 375 3341 446 septima,
3367 387 3561 446 octava,
3583 399 3740 451 nona,

2160 461 2492 528 continenter,
2521 464 2626 518 suis
2653 479 2864 536 qumque
2887 465 3078 533 diebus,
3109 467 3292 522 habita:
3312 469 3534 539 fuerunt.
3568 471 3744 544 Neque

2160 550 2326 606 dicere
2360 553 2519 622 possis
2546 569 2632 606 eas
2657 554 2725 606 ad
2752 555 2968 625 quinque
3006 555 3113 610 dies
3141 558 3334 628 jejunii
3366 562 3601 616 secunda:
3628 563 3738 616 heb-

2161 643 2393 698 domadis
2423 645 2668 714 pertinere
2684 661 2705 700 :
2733 663 2850 700 nam
2875 647 3069 703 decima
3093 650 3146 703 in
3172 651 3255 705 die
3266 653 3454 722 jejunii
3473 653 3610 707 dicta
3630 657 3742 724 fuit,

2161 749 2208 793 et
2231 739 2285 793 in
2306 738 2619 794 hebdomada
2644 741 2861 812 quinque
2889 750 3081 796 tantum
3097 743 3282 814 jejunii
3311 745 3417 799 dies
3437 755 3580 800 erant
3605 763 3625 801 :
3655 765 3748 802 un-

2161 829 2354 884 decima
2381 847 2499 885 vero
2524 831 2730 887 sabbato
2753 833 2892 888 illius
2913 836 3148 889 secunda:
3172 837 3496 893 hebdomadis
3522 857 3746 910 pronur:

2163 920 2289 974 tiata
2316 930 2407 975 est.
2439 920 2503 977 Si
2542 939 2659 994 ergo
2700 922 2944 978 Homilia:
2983 925 3038 978 in
3079 923 3313 980 Genesim
3337 929 3551 1000 singulis
3577 930 3754 986 diebus

2162 1030 2265 1067 una
2293 1013 2421 1068 serie
2442 1013 2626 1069 habita:
2654 1015 2862 1084 fuerint,
2885 1015 2941 1070 id
2964 1015 3099 1088 quod
3127 1019 3262 1072 circa
3291 1034 3380 1073 sex
3402 1021 3580 1074 saltem
3609 1023 3754 1092 prio-

2163 1123 2244 1161 res
2269 1109 2472 1162 omnino
2493 1108 2763 1163 verisimile
2779 1117 2883 1175 est;
2910 1120 3052 1164 sexta
3073 1111 3248 1182 utique
3267 1113 3396 1183 feria
3414 1121 3556 1167 sexta
3576 1116 3758 1184 prima

2165 1200 2490 1255 hebdomadis
2512 1201 2926 1272 Quadragesimte
2949 1204 3274 1273 pronuntiata
3298 1205 3468 1275 fuerit.

2236 1291 2302 1347 In
2322 1304 2462 1347 sexta
2483 1293 2690 1348 homilia
2720 1293 3103 1365 Chrysostomus
3127 1297 3355 1363 queritur
3379 1297 3718 1352 Antiochenos
3736 1340 3753 1362 ,

2165 1385 2308 1439 nulla
2327 1385 2734 1458 quotidianarum
2760 1385 3204 1451 adhortationum,
3237 1387 3379 1440 nulla
3417 1387 3759 1459 Quadragesi-

2167 1477 2314 1531 malis
2344 1475 2643 1546 paenitentiae
2670 1476 2864 1529 ratione
2904 1475 3071 1529 habita
3089 1516 3104 1542 ,
3133 1476 3253 1530 circi
3279 1477 3412 1530 ludis
3438 1477 3752 1545 interfuisse.

2170 1568 2243 1623 lli
2276 1569 2415 1623 haud
2438 1568 2588 1624 dubie
2610 1569 2854 1624 circenses
2897 1569 3005 1623 ludi
3041 1569 3217 1624 eadem
3254 1570 3368 1639 ipsa
3408 1571 3488 1624 die
3524 1571 3760 1624 celebrati

2169 1661 2406 1730 fuerant;
2437 1676 2554 1713 nam
2579 1660 2631 1714 in
2663 1659 3064 1731 Quadragesima
3093 1662 3372 1730 vespertino
3401 1671 3620 1730 tempore
3638 1678 3760 1715 con-

2169 1754 2336 1806 ciones
2362 1751 2671 1806 habebantur
2690 1769 2710 1806 :
2731 1752 2865 1806 unde
2900 1752 3136 1821 consequi
3176 1752 3371 1806 videtur
3398 1752 3533 1806 hunc
3571 1751 3783 1805 annum'

2172 1859 2277 1898 esse
2303 1826 2391 1896 aut
2417 1841 2523 1897 595
2548 1851 2636 1895 aut
2662 1841 2786 1898 596.
2810 1841 3183 1896 Kalendarium
3204 1843 3337 1896 enim
3361 1843 3647 1896 Romanum
3675 1843 3760 1896 tu-

2170 1933 2262 1987 dos
2285 1931 2455 1988 nullos
2483 1933 2708 2004 assignat
2752 1933 2894 1986 initio
2933 1933 3115 1986 mensis
3159 1932 3352 1987 Martii.
3399 1932 3532 1986 Ludi
3574 1933 3764 2004 quippe

2173 2023 2410 2091 Gotthici,
2439 2025 2526 2089 qui
2563 2041 2594 2078 a
2627 2035 2808 2097 quarta
2834 2024 3102 2080 Februarii
3127 2026 3194 2079 ad
3219 2043 3404 2079 nonam
3429 2026 3762 2094 habebantur,

2172 2133 2274 2171 non
2317 2117 2398 2171 hic
2439 2132 2472 2170 a
2511 2116 2871 2188 Chrysostomo
2915 2128 3388 2173 commemorantur.
3426 2117 3609 2172 Verum
3637 2111 3766 2173 'ludi

2171 2209 2340 2263 adhuc
2376 2209 2700 2278 assignantur
2738 2209 3004 2264 undecima
3043 2209 3329 2276 Februarii,
3361 2227 3474 2283 qua:
3496 2229 3631 2265 anno
3659 2214 3767 2269 595

2171 2303 2426 2358 concurrit
2451 2319 2568 2356 cum
2593 2303 2722 2374 feria
2741 2313 2881 2356 sexta
2907 2305 3085 2373 prima:
3110 2305 3436 2359 hebdomadis
3468 2305 3768 2376 Quadrage-

2171 2402 2332 2465 simtu,
2354 2401 2472 2469 quia
2504 2393 2708 2455 Pascha
2726 2395 2879 2456 istius
2892 2396 3015 2452 anni
3033 2396 3208 2450 incidit
3230 2398 3278 2450 in
3301 2398 3584 2468 vigesimam
3610 2402 3769 2468 septi-

2172 2512 2308 2549 mam
2330 2494 2525 2551 Martii.
2555 2495 2878 2550 Annotantur
2901 2497 3052 2549 etiam
3079 2497 3185 2550 ludt
3207 2489 3274 2550 ad
3293 2491 3518 2547 ultimam
3539 2490 3770 2545 Februa-

2173 2587 2240 2640 rii
2260 2627 2275 2652 ,
2317 2586 2372 2640 id
2407 2585 2542 2657 quod
2571 2586 2638 2641 ad
2666 2603 2856 2640 annuat
2886 2586 2988 2643 596
3016 2590 3262 2657 pertinere
3285 2593 3461 2659 potest,
3502 2599 3619 2658 quo,
3652 2605 3768 2643 cum

2175 2675 2381 2732 Pascha
2409 2678 2650 2733 incideret
2677 2679 2731 2733 in
2755 2679 3000 2733 decimam
3027 2680 3226 2733 tertiam
3257 2681 3447 2752 Aprilis
3472 2723 3487 2747 ,
3530 2681 3771 2751 vigesima

2176 2787 2316 2826 nona
2343 2769 2606 2825 Februarii
2636 2773 2960 2827 concurrebat
2989 2789 3102 2826 cum
3139 2774 3268 2844 feria
3299 2784 3440 2827 sexta
3469 2775 3647 2844 prima:
3674 2778 3771 2830 he-

2176 2861 2440 2916 bdomadis
2478 2861 2912 2933 Quadragesimaz.
2959 2862 3044 2917 Ea:
3080 2865 3188 2918 istis
3226 2881 3339 2918 vero
3386 2865 3578 2920 duobus
3622 2867 3772 2922 annis

2176 2951 2561 3023 anteferendum
2589 2952 2822 3006 ducimus
2847 2969 3038 3006 annum
3059 2955 3183 3021 595,
3204 2957 3320 3022 quia
3343 2965 3577 3026 putamus
3606 2957 3774 3028 Chry-

2176 3054 2454 3098 sostomum
2491 3061 2624 3098 anno
2664 3045 2768 3100 ’596
2795 3044 3049 3100 Ilomilias
3079 3046 3141 3098 de
3179 3045 3482 3101 Paznitentia
3515 3044 3769 3103 habuisse.

2181 3134 2375 3200 Quibus
2413 3135 2484 3187 ita
2523 3135 2804 3190 constitutis
2831 3135 2939 3189 ludi
2964 3136 3206 3191 circenses
3230 3138 3326 3201 illi,
3358 3139 3421 3193 de
3445 3141 3622 3209 quibus
3651 3157 3776 3208 que—

2178 3227 2311 3280 ritur
2345 3225 2730 3296 Chrysostamus
2757 3227 2965 3281 homitia
2991 3229 3053 3282 41
3079 3270 3093 3294 ,
3121 3245 3233 3299 qua:
3261 3231 3420 3284 tribus
3444 3242 3556 3302 post
3584 3231 3775 3286 Pente-

2180 3325 2350 3370 costen
2400 3315 2793 3371 hebdomadibus
2836 3317 3006 3370 habita
3041 3327 3133 3381 est,
3175 3319 3229 3372 id
3270 3329 3361 3386 est,
3395 3323 3525 3392 forte
3565 3323 3776 3378 sabbato

2181 3407 2259 3462 41
2269 3408 2392 3475 unii,
2418 3409 2463 3463 si
2495 3425 2608 3462 vere
2640 3409 2773 3462 dicta
2800 3409 2866 3463 sit
2901 3426 3036 3464 anno
3071 3411 3212 3476 595;
3258 3413 3386 3478 ludi,
3418 3415 3638 3483 inquam,
3672 3418 3778 3469 cir-

2181 3517 2350 3556 censes
2370 3541 2384 3568 ,
2421 3501 2501 3554 illi
2530 3505 2745 3572 fortasse
2769 3496 2931 3567 erant,
2953 3503 3041 3572 qui
3068 3503 3136 3556 ad
3177 3505 3394 3574 primam
3423 3506 3567 3559 istius
3589 3509 3776 3561 mensis

2183 3592 2315 3646 client
2340 3600 2600 3645 notantur.
2639 3590 2827 3646 Verum
2861 3593 2969 3646 hazc
3006 3610 3107 3648 non
3146 3604 3200 3648 ut
3238 3611 3344 3649 rem
3386 3595 3703 3665 exploratam
3729 3607 3778 3652 et

2183 3692 2371 3737 certam
2399 3683 2578 3738 damus
2608 3699 2628 3739 :
2658 3699 2774 3737 cum
2799 3686 3017 3739 maxime
3037 3687 3320 3756 ignoremus
3345 3697 3516 3742 utrum
3537 3690 3631 3743 hoc
3660 3689 3776 3743 Ka-

2183 3775 2468 3830 lendarium
2489 3784 2605 3830 tunc
2625 3776 2860 3845 temporis
2879 3776 3161 3832 Antiochia:
3177 3778 3228 3832 in
3249 3795 3343 3832 usu
3360 3789 3507 3844 esset,
3539 3796 3629 3834 nec
3647 3782 3780 3834 scia-

2189 3883 2300 3921 mus
2321 3877 2490 3919 utrunt
2513 3867 2622 3920 ludi
2645 3883 2816 3921 omnes
2837 3868 3134 3921 circensium
3153 3885 3328 3924 cursus
3349 3871 3654 3927 exhiberent.
3679 3872 3779 3926 Po-

2186 3964 2350 4010 terant
2371 3956 2486 4010 item
2512 3957 2620 4010 ludi
2637 3957 2876 4011 celebrari
2903 3975 3000 4011 non
3015 3968 3246 4012 consueto
3266 3961 3461 4015 ordine.
3491 3946 3604 4014 Iino
3626 3963 3780 4016 etiam

2185 4047 2292 4101 ludi
2321 4056 2625 4101 annotantur
2643 4049 2711 4101 ad
2730 4049 3079 4102 duodecimam
3099 4049 3231 4102 diem
3257 4050 3541 4118 Februarii,
3570 4053 3780 4121 perinde

2186 4149 2332 4208 atque
2359 4138 2426 4191 ad
2461 4140 2814 4205 undecimam;
2855 4141 2926 4193 ita
2955 4150 3010 4193 ut
3031 4181 3046 4207 ,
3078 4157 3193 4194 cum
3231 4140 3615 4212 Chrysostomus
3660 4146 3780 4198 abs-

2187 4238 2335 4283 terret
2360 4247 2441 4284 eos
2463 4231 2550 4300 qui
2577 4231 2710 4285 circo
2733 4231 3019 4302 adfuerant,
3043 4232 3273 4286 videatur
3299 4249 3498 4287 monere
3517 4233 3766 4302 debuisse,

2186 4322 2409 4393 sequenti
2439 4322 2519 4374 die
2551 4320 2867 4393 exploratum
2893 4327 3003 4393 fore
3027 4339 3148 4377 num
3176 4325 3380 4378 monitis
3400 4325 3503 4379 suis
3523 4326 3786 4394 obtempe-

2188 4422 2401 4466 rassent.
2436 4411 2621 4466 Verum
2644 4413 2700 4479 ii,
2727 4414 2812 4482 qui
2836 4414 3130 4468 duodecimo
3153 4415 3234 4468 die
3253 4413 3646 4480 celebrabantur,
3676 4432 3786 4469 non

2190 4512 2333 4558 erant
2360 4507 2490 4574 forte
2511 4503 2754 4556 circenses
2784 4519 2802 4557 :
2839 4521 2957 4557 nam
2989 4504 3057 4558 ibi
3100 4504 3458 4559 Calendarium
3480 4523 3579 4559 non
3606 4517 3783 4559 notam

2191 4595 2338 4649 habet
2375 4597 2530 4650 Com.
2569 4594 2784 4663 XXIIII,
2813 4596 2866 4649 id
2908 4606 3013 4662 est,
3045 4596 3393 4652 Commisura:
3422 4597 3586 4652 XXIV
3619 4614 3633 4650 :
3664 4611 3786 4667 qua

2190 4687 2387 4740 videtur
2404 4686 2527 4740 mihi
2555 4702 2660 4740 esse
2685 4697 2804 4740 nota
2824 4686 3057 4741 ludorum
3087 4688 3405 4743 circensium.
3445 4688 3549 4743 Illa
3583 4707 3785 4759 quoque.

2193 4791 2313 4835 nota
2334 4782 2449 4836 Cm.
2473 4779 2687 4848 XXIIII,
2704 4791 2751 4834 et
2777 4781 2893 4834 Cm.
2917 4781 3032 4844 XII,
3049 4783 3265 4835 occurrit
3291 4783 3358 4835 ad
3379 4799 3581 4846 nonam,
3601 4782 3784 4853 vigesi-

2193 4890 2328 4927 mam
2348 4874 2574 4944 quintam
2595 4882 2640 4928 et
2662 4875 2950 4945 vigesimam
2978 4876 3242 4945 septimam
3269 4875 3536 4930 Februarii
3563 4893 3582 4930 :
3610 4893 3784 4931 verum

2195 4965 2248 5018 hi
2277 4965 2381 5018 dies
2410 4981 2474 5018 ne
2501 4982 2591 5036 per
2613 4974 2773 5019 totum
2791 4967 2994 5037 quidem
3016 4976 3210 5036 tempus
3228 5010 3242 5034 ,
3271 4985 3369 5040 quo
3401 4969 3660 5040 presbyter
3685 4971 3786 5040 fuit

2195 5054 2582 5125 Chrysostomus
2605 5097 2620 5124 ,
2666 5057 2722 5111 in
2763 5058 2944 5128 feriam
2988 5067 3182 5113 sextam
3232 5062 3408 5130 prima!
3454 5063 3784 5119 hebdomadis

2200 5147 2612 5217 Quadragesima:
2629 5147 2879 5201 incidunt.
2909 5147 3013 5202 Illa
3042 5160 3163 5204 nota
3189 5149 3308 5205 Cm.
3336 5151 3404 5204 ad
3427 5153 3656 5206 ultimam
3682 5153 3786 5208 Fe-

2197 5239 2390 5294 bruarii
2418 5257 2518 5294 non
2543 5242 2745 5312 ponitur
2763 5282 2778 5308 ,
2808 5258 2908 5312 quo
2928 5244 3078 5297 etiam
3103 5244 3389 5300 excluditur
3403 5263 3564 5301 annus
3584 5248 3708 5302 596.

2269 5331 2383 5386 Alio
2427 5333 2544 5386 item
2578 5343 2873 5404 argumento
2909 5333 3208 5390 abducimur
3232 5353 3296 5392 ne
3317 5339 3440 5393 anni
3465 5339 3602 5406 596,
3641 5357 3789 5409 quem

2199 5426 2514 5496 assignamus
2539 5467 2552 5491 ,
2594 5437 2738 5481 notas
2766 5443 2874 5482 esse
2896 5437 3059 5483 certas
3085 5439 3316 5500 putemus
3346 5447 3366 5485 :
3387 5432 3522 5501 quod
3560 5431 3789 5486 videlicet

2200 5534 2302 5572 non
2334 5518 2536 5572 omnino
2561 5519 2879 5590 exploratum
2900 5521 2964 5573 sit
2989 5530 3183 5574 sextam
3207 5522 3468 5575 homiliam
3493 5524 3619 5593 feria
3643 5532 3792 5579 sexta

2201 5609 2422 5663 habitam
2463 5611 2634 5678 fuisse.
2676 5608 2802 5662 Cum
2841 5611 2972 5663 enim
3011 5611 3278 5666 undecima
3317 5614 3522 5666 sabbato
3553 5617 3794 5672 secundm

2205 5699 2531 5756 hebdomadis
2558 5700 2694 5755 haud
2726 5700 2876 5756 dubie
2899 5703 3032 5755 dicta
3061 5703 3230 5772 fuerit,
3254 5721 3313 5757 ex
3335 5704 3571 5758 tredecim
3597 5722 3791 5774 pra-re-
