4110 6148
291 347 394 407 15⁸1

290 463 526 518 dentibus
551 458 748 526 diebus,
781 455 1066 526 incipiendo
1098 471 1128 508 a
1157 453 1425 508 Dominica
1445 460 1561 506 ante
1585 449 1884 519 Quadrage-

289 557 493 620 simam,
521 553 574 607 in
598 568 699 626 qua
720 551 888 622 prima
921 547 1128 604 homilia
1154 547 1327 601 habita
1352 544 1470 615 fuit,
1498 551 1596 597 tres
1621 540 1890 596 certissime

289 647 420 713 dies,
440 655 528 701 aut
557 645 802 700 concione
817 643 964 698 vacui
987 646 1149 714 fuere,
1173 649 1260 695 aut
1290 638 1554 693 conciones
1584 633 1801 690 habuere
1824 634 1892 688 ad

291 737 437 792 aliud
465 743 818 807 argumentum
845 733 1168 803 pertinentes,
1199 730 1274 784 vel
1294 730 1339 785 si
1367 727 1590 798 ejusdem
1612 726 1893 798 argumenti

292 830 503 901 fuerint,
527 837 660 882 certe
679 828 796 898 jam
827 825 1132 896 deperditas.
1159 822 1314 892 Atqui
1341 831 1439 876 tres
1465 821 1543 876 illi
1562 819 1670 874 dies
1691 817 1894 873 nonnisi

293 930 412 975 ante
442 920 671 992 quintam
689 960 703 982 ,
737 917 814 971 vel
838 915 1106 982 decimam,
1135 913 1215 968 vel
1246 912 1564 968 undecimam
1590 910 1746 965 statui
1771 924 1892 980 pos-

293 1020 434 1076 sunt,
473 1009 592 1079 quia
632 1007 751 1061 alia:
788 1022 959 1061 omnes
994 1006 1306 1060 continenter
1332 1012 1379 1057 et
1419 1018 1522 1056 una
1543 1001 1738 1055 dierum
1764 998 1894 1053 serie

293 1102 447 1156 dicttc
471 1110 605 1154 sunt.
633 1097 719 1153 Ea;
743 1098 878 1152 hisce
899 1111 1050 1167 porro
1078 1094 1236 1151 tribus
1260 1110 1392 1149 unus
1410 1093 1589 1148 saltem
1607 1092 1740 1148 inter
1759 1091 1896 1146 deci-

293 1212 432 1250 mam
459 1203 508 1248 et
531 1192 852 1247 undecimam
883 1187 1297 1244 constituendus:
1326 1188 1410 1258 qui
1432 1187 1564 1241 enim
1598 1184 1772 1255 pransi
1800 1184 1895 1238 de-

294 1289 444 1341 cima:
466 1286 762 1358 adfuerant,
789 1299 890 1338 non
924 1283 1106 1356 feriam
1129 1291 1346 1351 sextam,
1371 1290 1427 1334 ut
1451 1279 1653 1335 credere
1675 1287 1768 1347 est,
1801 1277 1893 1333 de-

295 1379 544 1448 legerunt,
575 1384 628 1430 ut
639 1375 897 1447 jejunium
921 1371 1187 1428 solverent.

373 1471 642 1525 Hactenus
669 1467 1044 1523 Tillemontius
1069 1483 1083 1521 :
1108 1464 1200 1521 ubi
1222 1465 1478 1522 observes
1496 1473 1694 1534 quanto
1709 1461 1895 1518 labore

295 1578 361 1620 ac
388 1563 565 1619 studio
589 1562 666 1618 uti
692 1561 848 1629 solet,
877 1559 994 1615 illas
1018 1557 1272 1630 temporis
1299 1565 1452 1612 n0tas
1490 1555 1560 1611 sit
1603 1569 1896 1626 persequu-

300 1663 387 1709 tus
432 1661 737 1724 quantaque
776 1648 1057 1721 prudentia
1095 1665 1124 1704 a
1163 1647 1362 1719 judicio
1405 1645 1647 1702 absolute
1673 1643 1896 1700 ferendo

298 1745 584 1800 abstineat.
641 1742 838 1797 Contra
887 1741 1034 1797 illam
1061 1753 1189 1795 vero
1228 1737 1568 1804 sententiam,
1617 1751 1776 1807 quam
1808 1735 1896 1791 ille

301 1835 514 1890 hairens
539 1841 594 1890 et
615 1832 962 1889 subdubitans
976 1830 1334 1902 amplectitur,
1357 1829 1448 1883 alii
1469 1837 1522 1884 et
1543 1827 1764 1883 fortasse
1785 1841 1898 1882 ma-

295 1927 447 1997 jores
472 1932 694 1996 possunt
719 1922 954 1992 scrupuli
980 1920 1226 1992 proferri.
1254 1918 1634 1974 Kalendarium
1663 1918 1804 1973 enim
1832 1917 1897 1972 il-

299 2019 393 2074 lud
426 2019 724 2072 Romanum
745 2013 1078 2071 Constantini
1100 2011 1274 2084 Magni
1301 2024 1444 2066 anno
1474 2009 1580 2064 525
1602 2051 1618 2079 ,
1646 2017 1705 2064 ut
1731 2009 1898 2063 fertur

301 2111 356 2165 in
385 2109 556 2174 titulo,
588 2107 788 2163 editum
820 2096 872 2161 et
899 2121 930 2160 a
958 2102 1176 2160 Petavio
1202 2102 1525 2173 publicatum
1557 2101 1609 2155 in
1637 2099 1898 2156 Uranolo-

299 2203 390 2272 gin
421 2217 477 2272 p.
509 2199 644 2264 “2,
674 2199 931 2254 incertum
959 2205 1042 2252 est
1066 2212 1133 2250 an
1163 2195 1304 2250 idem
1329 2193 1586 2248 manserit
1625 2191 1693 2247 ad
1728 2207 1897 2262 usque

304 2297 467 2349 tinem
497 2292 676 2348 steculi
710 2291 881 2363 quarti
919 2306 934 2345 :
966 2290 1076 2344 imo
1116 2297 1319 2344 certum
1358 2286 1571 2355 videtur
1616 2285 1670 2341 in
1715 2285 1897 2342 multis

300 2388 495 2443 saltem
524 2394 785 2440 mutatum
812 2383 1010 2440 fuisse:
1037 2397 1163 2438 nam
1192 2380 1485 2438 secundum
1517 2379 1751 2452 profanat
1780 2380 1898 2451 plu-

303 2482 441 2535 rium
470 2479 689 2535 deorum
717 2476 987 2549 religionis
1006 2479 1166 2531 ritum
1194 2476 1570 2532 concinnatum
1590 2483 1673 2530 est
1692 2483 1894 2530 totum:

302 2577 391 2648 qui
422 2575 569 2646 impii
598 2574 731 2628 ritus
759 2572 975 2627 demum
1004 2570 1105 2625 sub
1133 2569 1437 2624 Theodosio
1476 2567 1667 2637 Magno
1701 2565 1896 2621 sublati

300 2675 449 2720 sunt.
478 2665 559 2720 Ad
585 2664 699 2719 hmc
725 2672 932 2720 certum
957 2661 1168 2716 videtur
1196 2660 1354 2715 urbes
1384 2659 1503 2714 illas
1531 2658 1676 2714 orbis
1704 2657 1896 2729 praeci-

302 2774 458 2830 puas,
485 2758 657 2829 qualis
692 2766 810 2812 erat
848 2755 1150 2824 Antiochia,
1187 2767 1312 2809 suos
1351 2761 1442 2807 aut
1468 2752 1678 2822 aliquos
1707 2752 1896 2807 saltem

302 2852 402 2908 sibi
427 2851 671 2921 proprios
703 2848 954 2912 habuisse
979 2848 1134 2910 ritus,
1156 2854 1414 2917 quantum
1444 2844 1512 2898 ad
1543 2843 1695 2898 ludos
1715 2852 1770 2898 et
1794 2843 1897 2898 alia

305 2945 356 2998 in
382 2943 718 2998 Kalcndariis
746 2939 976 2996 adscribi
1003 2939 1157 2995 solita
1185 2955 1200 2992 :
1228 2952 1335 3008 quo
1362 2937 1536 3008 posito
1564 2935 1690 3008 quid
1718 2950 1899 3007 possu-

303 3053 421 3092 mus
453 3051 519 3092 ex
548 3033 870 3092 Kalendario
901 3033 1144 3088 Romano
1181 3030 1324 3086 circa
1359 3029 1723 3085 Antiochenos
1763 3029 1898 3084 ritus

304 3127 577 3184 Statuere?
617 3126 772 3195 Quod
814 3139 943 3181 vero
989 3123 1184 3179 dicitur
1223 3121 1610 3194 querimoniam
1656 3119 1896 3191 Chryso-

236 3241 243 3249 ·
303 3221 462 3276 stomi
490 3218 642 3273 initio
669 3217 902 3272 homilia:
928 3223 1094 3272 sextae
1124 3228 1230 3270 non
1251 3220 1496 3282 spectare
1516 3211 1669 3268 ludos
1689 3210 1900 3268 Gotthi-

302 3329 416 3378 cos,
447 3313 498 3369 id
528 3321 675 3368 certe
699 3309 984 3367 divinando
1003 3309 1108 3364 dici
1133 3307 1363 3363 videtur.
1394 3305 1524 3372 Quis
1543 3303 1685 3360 enim
1711 3305 1812 3359 scit
1831 3319 1899 3359 an

303 3407 356 3460 in
402 3403 544 3459 ludis
587 3402 870 3468 Gotthicis,
897 3401 1088 3457 saltem
1117 3399 1168 3453 in
1198 3413 1384 3454 eorum
1414 3394 1753 3467 quibusdam,
1779 3409 1902 3450 cur-

300 3512 394 3552 sus
413 3510 672 3568 equorum
693 3493 1068 3550 adhiberetur?
1098 3500 1153 3547 at
1175 3500 1360 3548 contra
1385 3488 1693 3560 hujusmodi
1712 3502 1900 3543 cursus

302 3597 448 3643 totus
482 3596 566 3643 est
593 3586 1006 3655 Chrysostomus
1032 3584 1084 3638 in
1116 3583 1332 3639 homilia
1361 3589 1532 3637 sexta.
1564 3581 1784 3636 Demum
1817 3588 1900 3635 ta-

305 3681 460 3736 bulas
482 3677 786 3744 Paschales,
805 3677 954 3747 queis
975 3676 1058 3730 hae
1079 3689 1266 3731 omnes
1289 3674 1610 3744 conjectura:
1637 3673 1897 3740 nituntur,

303 3770 591 3842 aliquando
636 3768 851 3823 fallaces
889 3781 1007 3822 esse
1044 3781 1202 3836 supra
1242 3765 1604 3836 probavimus.
1643 3763 1753 3819 Nec
1793 3771 1900 3818 tam

306 3863 588 3933 perspicue
613 3862 810 3915 scimus
837 3867 1016 3913 utrum
1046 3858 1189 3912 circa
1218 3856 1633 3912 celebrationem
1659 3853 1897 3920 Paschae,

305 3955 467 4009 ritum
496 3951 912 4007 Alexandrinum
939 3956 1219 4004 servarent
1248 3947 1586 4003 Antiocheni.
1629 3946 1696 4000 lis
1724 3945 1899 4000 omni-

307 4045 405 4099 bus
433 4045 613 4116 itaque
643 4041 939 4112 perpensis,
970 4039 1230 4095 fateamur
1257 4052 1479 4094 necesse
1505 4045 1608 4104 est,
1637 4037 1899 4091 incertum

309 4150 531 4205 prorsus
555 4149 674 4189 esse
699 4149 804 4205 quo
829 4146 970 4186 anno
998 4131 1096 4185 hos
1123 4131 1174 4184 in
1205 4129 1458 4186 Genesim
1488 4141 1766 4184 sermones
1795 4128 1901 4180 An-

310 4227 522 4283 tiochia:
551 4225 796 4280 habuerit
822 4223 1250 4295 Chrysostomus.
1298 4221 1355 4276 ld
1392 4235 1556 4275 unum
1595 4219 1712 4274 sine
1739 4217 1901 4274 dubio

309 4319 546 4386 scimus,
601 4332 844 4387 magnam
894 4331 1080 4371 eorum
1129 4324 1337 4384 partem
1384 4315 1437 4368 in
1483 4312 1900 4384 Quadragesima

308 4409 507 4464 dictam
559 4406 758 4474 fuisse,
807 4406 1057 4477 illamque
1101 4404 1570 4475 Quadragesimam
1624 4418 1732 4458 non
1781 4416 1902 4458 esse

309 4499 433 4552 anni
470 4497 596 4561 386,
627 4497 678 4552 in
703 4511 804 4567 qua
831 4507 952 4551 octo
993 4495 1062 4550 ab
1099 4495 1182 4550 his
1218 4495 1456 4550 diversos
1484 4494 1666 4549 habuit
1690 4509 1899 4549 sermo-

314 4605 441 4655 nes;
485 4604 664 4660 neque
701 4588 827 4642 anni
869 4588 995 4655 587,
1027 4602 1186 4657 quam
1233 4602 1367 4656 pene
1407 4595 1569 4641 totam
1612 4586 1667 4641 in
1710 4585 1900 4657 deplo-

315 4679 479 4736 randa
520 4680 973 4736 Antiochenorum
999 4679 1068 4734 ob
1096 4693 1312 4734 eversas
1351 4685 1553 4732 statuas
1598 4675 1900 4733 calamitate

314 4773 626 4844 absumpsit.

380 4867 543 4922 Certo
567 4873 778 4922 constat
804 4866 965 4922 etiam
996 4865 1192 4920 multas
1219 4864 1350 4920 alias
1379 4863 1576 4919 diversi
1602 4863 1902 4936 argumenti

314 4956 564 5013 habuisse
606 4957 853 5012 llomilias
890 4955 1328 5028 Chrysostomum
1363 4955 1666 5010 intermisso
1689 4954 1904 5010 concio-

312 5067 440 5106 uum
471 5051 523 5105 in
544 5050 796 5107 Genesim
821 5066 1002 5116 cursu,
1029 5059 1085 5104 ut
1119 5050 1170 5103 in
1198 5065 1387 5118 magna
1411 5058 1464 5104 et
1490 5057 1669 5104 sancta
1700 5046 1902 5104 hebdo-

312 5143 467 5198 mada
496 5142 562 5198 de
585 5141 718 5197 Juda
746 5141 1036 5213 proditore,
1059 5141 1111 5195 in
1133 5140 1390 5196 Paschate
1409 5150 1593 5195 contra
1624 5139 1900 5206 Ebriosos,

313 5245 433 5304 post
482 5235 686 5290 Pascha
729 5234 976 5288 homilias
1017 5233 1252 5304 quinque
1294 5234 1346 5286 in
1388 5232 1712 5301 Principium
1741 5232 1903 5287 Acto-

311 5345 450 5393 rum,
479 5339 532 5384 et
561 5327 810 5384 homilias
828 5335 1056 5398 quatuor
1074 5326 1141 5382 de
1161 5326 1448 5381 Mutatioue
1470 5326 1762 5380 nominum.
1787 5323 1901 5381 Una

310 5436 439 5475 vero
474 5421 616 5476 serie
661 5419 910 5474 homilias
955 5418 1167 5489 triginta
1199 5417 1334 5473 duas
1366 5417 1419 5471 in
1444 5416 1854 5488 Quadragesima
1883 5433 1899 5473 :

307 5517 349 5570 si
381 5515 610 5571 alterius
643 5514 942 5584 argumenti
969 5511 1201 5566 humilia:
1229 5510 1489 5580 quaepiam
1521 5510 1660 5564 hunc
1688 5525 1903 5566 cursum

307 5607 802 5679 interpellaverint,
833 5621 912 5660 ea:
934 5604 1042 5675 jam
1071 5619 1176 5658 non
1203 5610 1429 5658 exstant.
1462 5602 1649 5672 Operae
1681 5603 1905 5671 pretium

305 5713 481 5757 autem
521 5699 688 5756 fuerit
720 5699 927 5752 illarum
959 5713 1054 5767 per
1073 5695 1538 5767 Quadragesimam
1569 5696 1906 5753 homiliarum

305 5796 572 5862 ordinem,
605 5801 660 5848 et
698 5798 895 5861 quanto
929 5789 1109 5861 elapso
1139 5789 1391 5860 temporis
1427 5790 1595 5862 spatio
1623 5790 1721 5846 alia
1744 5791 1898 5850 aliam

1470 330 1652 392 NUNC
1691 329 1948 388 PRIMUM
1986 332 2381 396 ADORNATA.
3494 343 3590 398 l38

1994 463 2216 521 sequuta
2238 454 2327 522 sit,
2353 454 2438 510 hic
2460 454 2640 525 paucis
2660 456 3011 527 perscribere.

2067 544 2245 601 Prima
2274 547 2464 604 concio
2494 548 2634 604 dicta
2666 548 2765 605 fuit
2806 551 3084 607 Dominica
3122 551 3239 620 die,
3268 569 3386 621 qua:
3415 555 3586 630 Quin-

1995 639 2318 707 quagesimte
2345 656 2509 711 penes
2536 657 2634 696 nos
2660 652 2899 711 vocatur,
2927 655 3210 715 antequam
3240 647 3586 720 quadragesi-

1996 728 2138 783 male
2174 727 2437 799 jejunium
2482 731 2737 800 iniretur;
2783 734 3034 800 secunda,
3073 735 3160 791 die
3201 738 3444 808 sequenti
3482 754 3586 810 qua

1992 818 2256 890 jejunium
2286 822 2672 894 incipiebatur;
2702 824 2856 880 tertia
2887 833 2940 880 et
2965 835 3151 896 quarta
3179 828 3232 882 in
3261 828 3411 885 feriis
3432 831 3586 886 tertia

1997 921 2052 968 et
2078 922 2264 983 quarta
2288 931 2303 970 :
2332 912 2416 970 hae
2438 915 2778 971 continenter
2801 916 3020 988 singulis
3047 918 3235 974 diebus
3259 919 3414 976 dictae
3439 929 3583 978 sunt.

1998 1002 2264 1060 Incertum
2290 1021 2416 1062 vero
2444 1015 2547 1073 est,
2576 1015 2752 1063 utrum
2800 1007 2940 1065 inter
2979 1017 3222 1080 quartam
3260 1020 3314 1067 et
3347 1015 3588 1083 quintam

1999 1093 2272 1152 homiliam
2313 1097 2488 1168 aliqua
2528 1097 2644 1154 dies
2689 1099 3073 1165 intercesserit,
3100 1109 3193 1155 aut
3213 1103 3470 1158 concione
3494 1120 3588 1159 va-

1998 1203 2118 1254 cua,
2149 1198 2240 1245 aut
2270 1189 2338 1245 ad
2374 1189 2518 1246 aliud
2547 1191 2901 1248 concionandi
2925 1202 3294 1262 argumentum
3316 1195 3587 1265 deputata.

1997 1277 2071 1336 Ut
2097 1288 2155 1335 ut
2181 1289 2282 1346 est,
2314 1282 2518 1352 quinta,
2548 1291 2722 1348 sexta,
2757 1283 3005 1353 septima,
3036 1294 3222 1340 octava
3247 1294 3301 1342 et
3326 1303 3463 1342 nona
3490 1287 3589 1341 lio-

1999 1374 2159 1430 milire
2183 1377 2519 1432 continenter
2545 1375 2768 1446 singulis
2809 1376 2911 1433 sibi
2956 1378 3364 1436 succedentibus
3401 1379 3590 1439 diebus

2000 1464 2158 1521 dicta:
2187 1475 2332 1535 sunt,
2365 1467 2558 1538 partim
2586 1466 2639 1522 in
2671 1468 2858 1538 prima,
2891 1469 3083 1538 partim
3107 1470 3159 1524 in
3186 1471 3415 1527 secunda
3445 1471 3590 1540 Qua-

1999 1558 2315 1630 dragesimae
2368 1558 2702 1616 hebdomade
2744 1578 2758 1614 :
2801 1559 3007 1616 decima
3053 1561 3212 1617 etiam
3259 1563 3312 1620 in
3357 1565 3591 1621 secunda

1999 1652 2334 1710 hebdomade
2360 1662 2452 1708 aut
2481 1653 2608 1710 fet-ia
2635 1654 2817 1724 quinta
2842 1695 2858 1720 ,
2889 1661 2981 1709 aut
3017 1663 3205 1710 sexta:
3230 1655 3508 1712 undecima
3539 1657 3592 1712 in

1999 1743 2221 1800 sabbato
2257 1744 2508 1800 secundae
2544 1745 2892 1801 hebdomadis
2922 1763 2936 1801 :
2967 1745 3282 1802 duodecima
3311 1747 3485 1802 habita
3511 1755 3595 1803 est

2000 1845 2122 1906 post
2142 1836 2300 1892 aliam
2329 1835 2413 1892 vel
2433 1836 2584 1904 alias,
2612 1853 2732 1908 qua:
2759 1838 2828 1892 ad
2858 1837 3131 1894 diversum
3158 1854 3188 1894 a
3213 1840 3408 1897 Genesi
3437 1856 3596 1912 argu-

2000 1935 2241 1982 mentum
2287 1926 2622 1997 spectabant.
2671 1927 2816 1984 lnter
2870 1928 3243 1986 duodecimam
3288 1946 3500 2002 quoque
3539 1940 3594 1988 et

2003 2017 2266 2073 decimam
2297 2018 2512 2073 tertiam
2536 2018 2621 2072 vel
2649 2034 2786 2074 unus
2808 2019 2895 2076 vel
2927 2019 3106 2089 plures
3131 2020 3246 2076 dies
3273 2023 3593 2079 intercesse-

2004 2116 2151 2164 runt.
2183 2108 2398 2164 Decima
2426 2117 2617 2178 quarta
2651 2109 2791 2164 dicta
2827 2117 2910 2166 est
2945 2110 3034 2166 die
3076 2109 3336 2166 decimam
3384 2113 3594 2168 tertiam

2003 2202 2321 2273 insequente
2359 2218 2371 2255 :
2405 2201 2612 2257 decima
2651 2202 2836 2272 quinta
2873 2202 3120 2258 similiter
3160 2213 3418 2275 sequente
3460 2205 3546 2260 die
3577 2223 3592 2259 :

2000 2290 2209 2347 decima
2231 2299 2400 2359 sexta,
2421 2291 2510 2348 die
2540 2292 2666 2346 item
2691 2302 2985 2364 sequente:
3009 2293 3216 2350 decima
3241 2295 3464 2365 septima
3487 2310 3596 2351 uno

2001 2384 2088 2440 vel
2116 2384 2356 2454 pluribus
2387 2393 2508 2454 post
2532 2384 2793 2440 decimam
2832 2394 3038 2441 sextam
3071 2386 3258 2442 diebus
3291 2406 3304 2442 :
3331 2387 3596 2443 decimam

2001 2477 2282 2547 septimam
2329 2477 2537 2533 decima
2580 2486 2800 2546 octava,
2833 2479 2977 2535 nulla
3015 2479 3102 2536 dic
3140 2481 3473 2551 interposita,
3505 2495 3596 2538 se-

2001 2576 2163 2638 quuta
2211 2577 2326 2634 est;
2373 2567 2580 2623 decima
2620 2583 2768 2624 nona
2801 2583 2867 2624 an
2910 2570 3248 2626 continenter
3278 2571 3477 2628 "habita
3527 2573 3598 2628 sit

2001 2657 2311 2729 ignoratur;
2352 2659 2705 2730 similiterque
2742 2660 3033 2731 vigesima,
3079 2677 3239 2731 quam
3276 2662 3466 2719 diebus
3502 2679 3594 2720 se-

2001 2750 2308 2819 quentibus,
2354 2749 2503 2805 nulla
2544 2759 2766 2806 vacante
2806 2751 2934 2819 die,
2974 2762 3301 2822 exceperunt
3342 2754 3598 2825 vigesima

2001 2841 2194 2912 prima,
2221 2842 2477 2913 vigesima
2506 2842 2742 2898 secunda
2766 2883 2782 2910 ,
2819 2843 3074 2914 vigesima
3117 2847 3304 2914 tertia,
3338 2847 3594 2917 vigesima

2003 2945 2210 3006 quarta.
2252 2935 2514 3006 Brevique
2544 2936 2861 3007 interposito
2890 2939 3084 3007 spatio,
3114 2939 3382 2995 coutinuis
3409 2940 3599 2997 diebus

2002 3029 2259 3099 vigesima
2305 3030 2486 3100 quinta
2511 3069 2528 3098 ,
2568 3030 2823 3100 vigesima
2863 3040 3034 3099 sexta,
3064 3030 3318 3102 vigesima
3348 3034 3594 3102 septima,

2003 3122 2260 3194 vigesima
2288 3131 2495 3178 octava.
2541 3121 2809 3193 Vigesima
2848 3138 2988 3178 nona
3031 3139 3098 3178 an
3135 3124 3222 3180 die
3261 3134 3380 3195 post
3403 3126 3597 3198 vigesi-

2003 3229 2146 3270 mam
2173 3223 2413 3269 octavam
2445 3224 2702 3285 sequente
2727 3213 2904 3269 habita
2930 3215 3033 3283 sit,
3083 3216 3375 3285 ignoratur.
3413 3217 3600 3288 Trige-

2005 3306 2138 3360 sima
2182 3319 2303 3360 cum
2349 3321 2595 3375 magnam
2641 3305 3028 3362 hebdomadem
3075 3306 3356 3378 attigisset,
3387 3317 3447 3362 ut
3486 3310 3598 3378 ipse

2003 3395 2419 3469 Chrysostomus
2445 3396 2520 3450 ait
2548 3414 2560 3450 :
2587 3397 2856 3467 trigesima
2900 3396 3070 3466 prima
3113 3406 3168 3452 et
3212 3397 3480 3468 trigesima
3508 3414 3595 3455 se-

2006 3487 2177 3543 cunda
2201 3489 2254 3542 in
2281 3487 2630 3543 hebdomadis
2657 3497 2856 3543 sanctae
2880 3488 3090 3558 diebus,
3115 3489 3204 3561 qui
3229 3488 3416 3546 feriam
3441 3491 3597 3562 quin-

2008 3586 2114 3635 tam
2146 3579 2198 3633 in
2218 3593 2370 3635 coena
2404 3579 2612 3633 Domini
2645 3578 2972 3649 praecedunt.

2078 3671 2179 3727 llic
2225 3673 2384 3743 longo
2433 3673 2689 3742 temporis
2729 3673 2902 3744 spatio
2946 3672 3203 3729 llomilias
3245 3673 3297 3728 in
3344 3673 3594 3730 Genesim

2007 3764 2419 3835 Chrysostomus
2446 3764 2748 3835 intercepit,
2779 3780 2842 3820 ac
2871 3763 3000 3820 feria
3029 3765 3212 3836 quinta
3240 3766 3294 3821 in
3318 3782 3470 3822 eteua
3501 3768 3596 3821 Do.

2006 3857 2136 3911 mini
2177 3855 2244 3911 de
2287 3856 2422 3912 Juda
2467 3856 2736 3926 proditore
2777 3858 3028 3927 loquutus
3057 3867 3160 3923 est,
3191 3867 3244 3913 et
3275 3857 3405 3914 feria
3444 3869 3594 3914 sexta

2007 3949 2278 4005 homiliam
2315 3949 2384 4006 de
2421 3949 2612 4017 Cruce,
2639 3959 2798 4020 atque
2823 3951 2876 4004 in
2901 3951 2987 4006 die
3011 3959 3196 4006 sancto
3225 3952 3444 4007 Pascha:
3468 3969 3598 4007 cou-

2005 4043 2214 4098 cionem
2253 4051 2438 4098 contra
2482 4041 2739 4098 Ebriosos
2780 4049 2836 4096 et
2871 4041 2941 4096 de
2988 4041 3430 4106 Resurrectionc;
3474 4051 3596 4113 post

2007 4135 2212 4191 Pascha
2253 4144 2429 4191 autem
2472 4135 2728 4190 llomilias
2756 4135 2807 4190 in
2833 4135 3159 4206 Principium
3193 4138 3446 4191 Actorum
3476 4155 3489 4190 :
3523 4137 3595 4191 ita

2009 4235 2068 4281 ut
2096 4227 2426 4282 intermissas
2458 4225 2511 4279 in
2537 4226 2786 4282 Genesim
2815 4226 3062 4282 llomilias
3090 4235 3208 4298 post
3238 4229 3592 4284 Pentecosten

2009 4328 2212 4374 tantum
2231 4321 2598 4389 resumpserit.
2618 4321 2674 4374 lu
2703 4321 2966 4391 principio
2992 4322 3134 4376 enim
3165 4322 3398 4378 llomilias
3429 4324 3592 4393 trige-

2006 4411 2156 4465 sima:
2182 4409 2352 4466 tertiae
2381 4424 2441 4465 se
2477 4425 2509 4464 a
2543 4411 2710 4466 multo
2748 4411 2860 4481 jam
2905 4421 3146 4482 tempore
3183 4428 3401 4468 cursum
3443 4414 3594 4468 illum

2007 4503 2358 4560 intermisisse
2386 4503 2533 4558 dicit.
2583 4504 2712 4558 Post
2741 4504 3064 4574 trigesimam
3091 4505 3299 4558 tertiam
3329 4505 3597 4576 trigesima

1963 4651 1971 4660 ,
2007 4605 2192 4668 quarta
2219 4595 2516 4666 insequenti
2542 4593 2631 4650 die
2649 4593 2792 4649 dicta
2817 4593 2932 4660 fuit,
2957 4602 3012 4648 et
3041 4594 3297 4663 postridie
3325 4594 3594 4663 trigesima

2008 4689 2192 4759 quinta
2233 4703 2248 4742 :
2296 4686 2435 4742 hanc
2471 4685 2807 4741 continenter
2847 4683 3173 4754 subsequuta
3210 4693 3294 4740 est
3328 4684 3596 4754 trigesima

2007 4790 2177 4847 sexta,
2202 4794 2360 4851 quam
2379 4779 2589 4850 excepit
2615 4777 2885 4848 trigesima
2911 4778 3156 4848 septima.
3187 4776 3245 4832 lu
3273 4778 3445 4833 triduo
3470 4792 3600 4833 con-

2009 4872 2242 4927 tinenter
2264 4871 2356 4939 38,
2384 4870 2472 4937 '59,
2498 4881 2552 4926 et
2577 4871 2646 4926 40
2675 4869 2868 4926 habitat
2892 4878 3032 4924 sunt.
3062 4871 3190 4926 Post
3215 4870 3415 4941 aliquot
3434 4869 3600 4925 inter-

2009 4965 2212 5036 positos
2236 4963 2354 5020 dies
2374 4963 2830 5034 quadragesimam
2855 4962 3078 5032 primam
3101 4961 3350 5018 habuisse
3369 4962 3597 5020 videtur.

2011 5057 2179 5112 Biduo
2218 5065 2398 5112 autem
2439 5055 2685 5126 sequenti
2724 5055 3184 5134 quadragesimam
3225 5054 3514 5110 secundam
3544 5062 3599 5108 et

2011 5147 2473 5218 quadragesimam
2516 5146 2745 5202 tertiam.
2796 5146 2987 5201 Postea
3027 5160 3155 5200 vero
3193 5145 3508 5201 concionem
3532 5145 3599 5200 de

2012 5239 2344 5294 Samaritana
2375 5237 2580 5302 habuit,
2611 5251 2674 5290 ac
2703 5235 2930 5291 subinde
2955 5235 3412 5305 quadragesimam
3439 5251 3599 5305 quar-

2014 5340 2119 5384 tam
2161 5331 2210 5384 in
2253 5329 2504 5386 Genesim
2541 5327 2912 5397 pronuntiavit,
2933 5335 2988 5382 et
3008 5325 3168 5397 paulo
3188 5335 3311 5394 post
3327 5329 3602 5383 continen-

2014 5433 2096 5479 ter
2122 5422 2191 5478 45
2214 5463 2230 5490 ,
2259 5421 2364 5488 ιθ,
2405 5422 2474 5478 47
2504 5429 2559 5476 et
2593 5420 2684 5487 48,
2715 5419 2959 5475 similiter
2992 5419 3062 5475 49
3090 5429 3145 5474 ct
3181 5419 3278 5484 50;
3311 5428 3364 5475 et
3401 5421 3606 5490 aliquot

2015 5525 2197 5585 postea
2252 5515 2440 5569 diebus
2486 5512 2978 5584 quinquagesimam
3022 5512 3286 5581 primam:
3321 5528 3602 5568 numerum

2014 5621 2212 5663 auxere
2238 5605 2399 5660 biduo
2427 5605 2668 5676 sequenti
2698 5603 2767 5659 52
2795 5615 2848 5658 et
2876 5603 2966 5658 55.

2087 5697 2588 5768 Quinquagesimam
2610 5704 2852 5766 quartam
2874 5693 3051 5750 emisit
3072 5704 3348 5764 postquam
3377 5691 3443 5747 de
3463 5691 3604 5748 Con-

2008 5775 2266 5853 :versione
2311 5792 2479 5848 sancti
2521 5789 2749 5846 Matthaei
2779 5787 3090 5845 concionem
3119 5785 3374 5840 habuerat
3406 5801 3420 5840 :
3448 5799 3602 5852 quam
