4110 6148
509 246 609 300 139

492 368 809 427 concionem
849 372 1088 436 sequuta:
1126 369 1251 417 sunt
1278 358 1367 422 55,
1406 357 1511 425 56,
1551 357 1619 413 57
1654 365 1708 412 et
1743 355 1832 412 58.
1877 354 2087 411 Serietn

503 460 785 528 intercepit
818 456 1005 512 concio
1034 453 1102 507 de
1126 448 1603 506 Observationibus
1632 444 1891 517 legalibus
1912 487 1927 512 ,
1967 451 2090 515 post

505 568 661 626 quam
685 550 771 605 die
793 546 1030 616 sequenti
1053 540 1540 612 quinquagâ€™esimam
1562 551 1755 592 nonam
1777 536 1930 591 dixit.
1964 535 2091 590 Pau-

503 645 551 700 lo
570 652 696 712 post
716 648 889 694 autem
913 635 1003 702 60,
1038 634 1128 698 6t,
1160 631 1250 697 62,
1284 629 1674 700 pronuntiavit,
1704 641 1860 697 quam
1885 635 2090 697 postre-

504 749 644 790 mam
676 732 764 786 die
800 727 1044 799 sequenti
1070 724 1399 795 sexagesima
1435 722 1606 786 tertia,
1642 728 1860 791 sequuta
1888 717 2006 785 fuit,
2035 725 2091 773 et

505 822 661 896 paulo
676 826 801 892 post
812 815 1147 887 seaxgesima
1162 822 1371 885 quarta,
1401 821 1455 867 et
1478 810 1734 881 pos1ridie
1758 808 2085 879 sexagesima

505 912 708 983 quinta,
737 912 901 983 paulo
926 920 1050 982 post
1073 906 1401 977 sexagesima
1448 912 1618 968 sexta,
1664 902 1800 957 inter
1832 916 1992 971 quam
2034 909 2088 955 et

504 1002 889 1075 sexagesimam
944 1000 1224 1071 septimam
1268 996 1466 1067 aliquid
1516 996 1670 1065 spatii
1722 992 2087 1049 intercessisse

501 1096 731 1151 videtur.
781 1093 974 1163 Sicque
1011 1104 1200 1146 omnes
1237 1089 1292 1143 in
1337 1086 1587 1144 Genesim
1629 1084 1913 1141 conciones
1942 1097 2088 1138 eom-

502 1187 657 1257 pletze
688 1184 916 1239 fuerunt.

577 1276 759 1350 Stylus
781 1271 1148 1345 Chrysostomi
1174 1270 1226 1325 in
1258 1269 1340 1323 his
1370 1268 1601 1323 homiliis
1624 1266 1805 1323 nescio
1833 1264 1959 1337 quid
1984 1279 2086 1321 no-

505 1371 555 1424 vi
589 1384 699 1440 pra:
722 1381 781 1422 se
808 1365 926 1421 fert.
957 1365 1035 1420 De
1063 1363 1145 1419 his
1170 1361 1403 1417 homiliis
1429 1361 1653 1432 loquens
1678 1358 1898 1414 Photius
1912 1357 2086 1412 aithic

505 1459 773 1518 observari
794 1466 1103 1514 consuetam
1134 1454 1499 1528 Chrysostomi
1533 1453 1847 1514 claritatem,
1882 1449 2085 1521 purita-

502 1563 632 1619 tem,
651 1550 985 1622 splendorem
1012 1557 1065 1604 et
1090 1548 1294 1618 copiam
1316 1544 1546 1608 dicendi,
1574 1543 1955 1599 sententiarum
1977 1541 2085 1597 frc-

499 1644 766 1715 quentiam
784 1650 836 1697 et
856 1641 1245 1711 aptissimarum
1259 1636 1661 1693 similitudinum
1686 1633 2081 1698 abundantiam;

507 1735 601 1790 sed
624 1748 714 1788 eas
731 1732 1036 1788 remissiore
1049 1738 1103 1785 et
1116 1728 1396 1783 humiliore
1407 1725 1614 1782 dicendi
1630 1738 1826 1797 genere
1837 1725 2082 1795 scriptas,

503 1836 815 1895 tantumque
839 1823 1081 1879 Humiliis
1107 1836 1200 1876 seu
1220 1819 1633 1876 Commentariis
1664 1818 1714 1871 in
1764 1817 1896 1871 Acta
1944 1816 2085 1886 ston

505 1917 785 1972 inferiores
814 1929 953 1979 esse,
983 1923 1237 1984 quantum
1287 1910 1374 1967 illa
1424 1911 1476 1965 in
1505 1912 1638 1965 Acta
1692 1909 2083 1964 Commentaria

500 2010 750 2066 inferiora
772 2016 897 2063 sunt
918 2005 1329 2063 Commentariis
1355 2005 1407 2059 in
1426 2003 1692 2073 Epistolas
1727 2002 1874 2055 Pauli
1922 2010 1977 2055 et
2029 2000 2083 2055 in

500 2100 839 2160 Psalterium.
869 2100 946 2155 Ac
975 2112 1160 2153 revera
1193 2096 1275 2150 hze
1305 2096 1587 2151 conciones
1607 2135 1622 2160 ,
1672 2093 1796 2149 licet
1838 2107 2081 2162 magnam

497 2194 796 2250 ubertatem
818 2199 978 2261 atque
1001 2189 1212 2245 solitam
1232 2187 1598 2259 Chrysostomi
1626 2184 1944 2241 inventionis
1966 2182 2085 2239 feli-

498 2286 715 2341 citatem
744 2300 854 2355 pra:
875 2298 933 2337 se
957 2281 1147 2345 ferant,
1179 2296 1283 2335 non
1312 2286 1489 2334 tamen
1522 2279 1634 2348 pari
1660 2278 1835 2334 studio
1858 2278 1941 2333 vel
1989 2291 2082 2331 ac-

499 2378 775 2433 curatione
801 2374 1132 2430 concinnatm
1161 2372 1427 2426 videntur.
1458 2370 1555 2425 llic
1575 2384 1719 2439 smpe
1748 2368 2081 2423 animadver-

499 2480 579 2525 tas
605 2469 942 2539 longissimas
972 2466 1078 2521 texi
1103 2464 1370 2535 periodos,
1403 2479 1521 2533 qua:
1565 2462 1914 2531 parcntheses
1953 2461 2085 2515 alias

499 2574 660 2629 super
676 2559 807 2612 alias
828 2566 934 2612 tam
965 2555 1270 2624 frequenter
1289 2552 1593 2615 exhibeant,
1626 2559 1685 2605 ut
1711 2549 1957 2621 principii
1983 2550 2082 2604 ob-

499 2652 621 2705 litus
672 2655 873 2711 orator,
932 2643 1247 2701 sententiam
1296 2639 1656 2711 imperfectam
1697 2640 1979 2711 relinquat.
2031 2648 2086 2695 ct

498 2739 782 2812 aliquando
829 2737 1048 2793 verbum
1090 2735 1156 2791 ad
1178 2735 1405 2790 ordinent
1448 2731 1812 2789 necessarium
1862 2739 2084 2801 prccter-

499 2834 690 2887 mittat.
723 2831 903 2901 Neque
930 2843 1059 2884 vero
1077 2827 1130 2882 id
1156 2827 1347 2881 mirum
1373 2825 1467 2880 tibi
1496 2823 1756 2889 videatur,
1779 2823 1825 2877 si
1856 2837 2084 2893 perpen-

500 2927 615 2991 das,
638 2924 887 2995 periodos
907 2921 1027 2977 illas
1048 2918 1333 2991 aliquando
1378 2919 1449 2972 ita
1497 2916 1734 2983 extendi,
1784 2917 1870 2969 vix
1916 2923 1974 2970 ut
2028 2915 2081 2969 in

499 3018 688 3089 pagina
716 3028 820 3070 una
846 3012 1210 3068 absolvantur.
1246 3010 1381 3065 llinc
1431 3007 1629 3063 inferas
1671 3017 1940 3063 oratorem
1980 3020 2081 3061 no-

498 3120 667 3164 strum
719 3107 834 3161 haec
876 3103 1310 3166 concionantem,
1340 3115 1448 3155 non
1476 3099 1546 3154 ita
1586 3113 1799 3169 semper
1841 3105 2083 3167 paratum

501 3201 917 3269 meditatumque
940 3195 1007 3250 ad
1031 3195 1342 3250 concionem
1394 3192 1623 3257 venisse,
1673 3189 1771 3245 sed
1817 3188 1981 3243 multa
2014 3202 2082 3243 ex

500 3306 737 3364 tempore
756 3300 816 3347 ut
832 3289 997 3346 menti
1026 3302 1145 3344 sese
1160 3285 1456 3342 otl'erebant
1469 3285 1689 3340 dixisse.

567 3385 621 3441 Si
652 3397 865 3439 causam
895 3394 1056 3452 porro
1082 3392 1312 3450 quaeras,
1357 3376 1657 3448 perpendas
1698 3375 1860 3431 velim
1907 3376 2079 3447 ipsum

500 3479 554 3532 in
590 3475 691 3529 hac
716 3471 1134 3542 Quadragesima
1169 3469 1237 3524 ad
1274 3484 1444 3539 usque
1491 3467 1842 3524 hebdomadis
1884 3476 2083 3522 sanctae

501 3566 801 3628 dimidium,
834 3578 938 3617 non
958 3560 1116 3616 modo
1134 3560 1248 3615 illas
1278 3560 1494 3630 triginta
1518 3558 1651 3613 duas
1674 3563 1878 3628 priores
1908 3558 2081 3612 homi-

499 3660 598 3714 lias
620 3657 892 3722 habuisse,
920 3652 1014 3709 sed
1042 3653 1202 3708 etiam
1237 3652 1369 3706 alias
1395 3651 1681 3706 identidem
1733 3660 2076 3717 memoratas,

500 3766 618 3819 qua:
640 3748 896 3803 suadente
914 3747 1161 3815 quapiam
1190 3742 1446 3813 temporis
1495 3742 1779 3797 occasione
1821 3742 2078 3797 llomilia-

498 3858 616 3897 rum
640 3842 691 3894 in
723 3838 971 3896 Genesim
999 3851 1214 3893 cursum
1264 3835 1692 3905 interpellabant,
1744 3843 1797 3891 et
1852 3834 2080 3891 fortasse

496 3935 628 3987 alias
648 3947 858 4004 quoque
884 3930 1083 3986 dixisse
1103 3930 1170 3983 ab
1195 3945 1252 3984 se
1273 3945 1380 3983 non
1409 3939 1877 3996 commemoratas,
1910 3929 1981 3984 ita
2023 3939 2080 3984 ut

498 4025 732 4095 quotidie
754 4023 941 4087 ferme,
964 4032 1018 4077 et
1042 4021 1255 4091 quidem
1286 4020 1593 4089 longissime
1615 4020 1962 4076 concionatus
1987 4022 2075 4076 sit.

500 4116 556 4170 ld
584 4124 760 4170 autem
792 4129 820 4167 a
847 4115 960 4167 viro
978 4112 1273 4183 prazsertim
1298 4112 1387 4181 qui
1405 4126 1501 4181 per
1525 4119 1692 4166 totum
1721 4128 1916 4167 annum
1943 4128 2077 4168 con-

496 4206 742 4263 cionandi
771 4205 1004 4260 officium
1032 4202 1441 4274 exsequebatur,
1479 4218 1586 4259 non
1632 4219 1789 4274 posse
1822 4205 1948 4261 'sine
1979 4221 2077 4260 ex-

497 4297 778 4367 temporali
835 4295 1220 4351 declamatione
1268 4294 1555 4350 identidem
1617 4297 1805 4353 saltem
1855 4298 2076 4369 repetita

496 4388 759 4461 praestari,
784 4387 1045 4442 fateamur
1068 4401 1290 4443 necesse
1313 4394 1413 4445 est.
1440 4385 1494 4441 In
1517 4390 1867 4459 extemporali
1898 4397 2075 4444 autem

493 4480 905 4547 declamatione,
937 4478 1024 4533 ubi
1052 4478 1320 4550 ingenium
1342 4488 1487 4535 tanta
1516 4479 1723 4549 pollens
1748 4481 2074 4547 inventione,

498 4586 631 4626 nova
654 4585 870 4642 semper
889 4574 1086 4625 oratori
1108 4571 1431 4642 suppeditat,
1459 4571 1587 4641 quid
1617 4571 1810 4625 mirum
1840 4573 1883 4626 si
1936 4587 2076 4627 non-

497 4679 783 4734 numquam
803 4673 986 4719 contra
1009 4665 1393 4735 prteceptiones
1409 4666 1780 4735 grammaticas
1802 4672 2104 4742 pecceturâ€œ

491 4757 589 4812 etsi
620 4758 795 4812 minor
822 4758 1038 4828 á¼€ÎºÏá½·ÎµÎ¹Î¹Î±
1056 4756 1111 4810 in
1133 4758 1342 4826 syntaxi
1362 4764 1627 4811 occurrat.

570 4855 820 4910 Diximus
853 4854 1307 4925 Chrysostomum
1365 4855 1725 4911 Homiliarum
1786 4857 1842 4912 in
1895 4856 2073 4914 Gene-

494 4950 598 4998 sun
653 4958 877 4998 cursum
927 4942 1288 5011 intercepisse
1327 4943 1416 5011 (Î¤.
1464 4945 1518 4999 2.
1552 4963 1601 4999 c.
1640 4946 1787 5017 57l),
1843 4954 1903 5000 ut
1936 4947 2072 5001 feria

496 5036 689 5105 quinta
747 5035 803 5088 in
861 5031 1033 5088 Ctena
1081 5032 1297 5088 Domini
1332 5033 1401 5088 de
1430 5032 1569 5089 Juda
1618 5036 1897 5104 proditore
1954 5020 2075 5106 age-

495 5134 604 5181 ret.
634 5124 928 5180 Homiliam
972 5138 1104 5179 vero
1132 5124 1202 5181 de
1222 5124 1363 5180 Juda
1393 5124 1675 5196 proditore
1706 5126 1915 5196 aliquot
1947 5134 2073 5183 ante

497 5231 693 5281 annos,
735 5222 797 5270 ut
850 5212 1081 5270 credere
1111 5223 1219 5281 est,
1266 5216 1380 5285 jam
1430 5216 1716 5281 habuerat,
1768 5218 1862 5273 sed
1924 5219 2072 5275 illam

496 5298 1183 5381 retractavit,initiumque
1212 5310 1465 5372 mutavit,
1489 5320 1543 5365 et
1564 5310 1812 5381 quendam
1845 5311 2071 5375 addidit,

496 5411 555 5457 ttt
583 5416 703 5457 eam
736 5401 871 5457 feria
899 5402 1088 5472 quinta
1129 5401 1182 5457 in
1222 5400 1389 5458 Caana
1419 5399 1634 5456 Domini
1662 5401 1890 5467 diceret,
1924 5401 2069 5473 quod

495 5496 658 5552 etiam
696 5493 750 5548 in
774 5493 898 5548 aliis
928 5493 1392 5575 homiliisâ€˜fecisse
1415 5494 1860 5565 deprehenditur.
1895 5494 2071 5550 Occa-

500 5590 658 5645 sione
677 5587 1004 5659 proditionis
1028 5585 1182 5645 Judae
1212 5589 1365 5654 dicit,
1401 5605 1508 5644 non
1535 5589 1862 5645 necessitate
1890 5586 2068 5643 homi-

500 5696 621 5736 nem
654 5680 719 5734 ad
751 5679 955 5734 bonum
993 5679 1257 5749 pertrahi,
1294 5679 1580 5750 ipsumque
1609 5695 1674 5735 ex
1716 5680 1886 5736 libero
1925 5679 2069 5734 arbi-

1557 244 1613 302 S.
1652 241 1930 301 JOANNIS
1966 238 2441 299 CIIRYSOSTOMI
2477 240 2657 308 Vlâ€˜l'A.

3668 235 3772 293 â€œ0

2201 356 2309 410 trio
2351 355 2437 411 vel
2488 355 2692 410 bonum
2735 355 2820 412 vel
2855 356 3058 411 malum
3092 353 3330 425 deligere
3359 358 3414 409 et
3438 361 3776 423 perpetrare.

2224 494 2235 505 .
2263 446 2417 513 Quod
2434 445 2487 500 in
2500 446 2720 501 homilia
2739 447 2955 504 deluda
2971 445 3251 519 proditore
3264 442 3776 510 animadvertimus,

2197 532 2426 603 idipsum
2449 534 2899 605 deprehendimus
2919 552 2973 591 tn
2998 535 3257 591 concione
3281 536 3355 601 de
3374 533 3546 593 Cruce
3566 552 3634 594 ac
3674 537 3774 595 La-

2194 633 2515 698 trone,qu.'e
2559 627 2614 682 in
2661 628 2750 683 die
2800 628 3121 684 Parasceves
3171 627 3352 684 habita
3397 628 3530 697 fuit;
3584 647 3776 704 nempe

2194 715 2659 788 Chrysostomum,
2688 733 2847 789 quam
2898 718 3102 790 aliquot
3135 727 3260 775 ante
3313 734 3485 777 annos
3528 722 3777 780 habuisse

2192 809 2422 878 videtur,
2453 811 2695 867 eamdem
2721 811 2971 868 secundis
2992 812 3134 867 curis
3175 814 3528 885 recognitam,
3581 824 3637 870 et
3658 816 3781 887 qui-

2194 900 2417 956 busdam
2447 902 2499 956 in
2526 902 2674 967 locis,
2705 902 2758 957 in
2788 902 3049 973 principio
3080 903 3315 959 maxime
3352 913 3635 972 mutatam,
3686 920 3784 963 eo-

2192 988 2317 1045 dem
2341 1000 2648 1047 recurrente
2678 991 2766 1048 die
2792 992 3122 1049 Parasceves
3153 993 3347 1049 iterum
3377 997 3781 1065 pronuntiasse.

2152 1098 2162 1109 â€˜
2190 1083 2308 1139 Non
2337 1086 2506 1141 series
2534 1085 2695 1141 modo
2722 1086 2907 1142 eadem
2936 1095 3038 1155 est,
3070 1086 3162 1142 sed
3179 1088 3338 1142 etiam
3368 1089 3527 1143 verba
3548 1089 3783 1159 plerum-

2193 1191 2333 1247 que;
2371 1188 2530 1248 atque
2554 1178 2847 1250 Scriptura:
2888 1179 3003 1235 loca
3052 1179 3242 1235 eodem
3285 1181 3404 1251 ipso
3448 1182 3503 1237 in
3555 1192 3781 1255 utraque

2192 1267 2382 1324 ordine
2414 1269 2675 1325 locantur.
2703 1270 2834 1338 Quae
2860 1270 3025 1340 prior,
3056 1286 3174 1342 qua:
3201 1272 3467 1342 posterior
3492 1272 3634 1329 dicta
3665 1274 3780 1332 fue-

2192 1359 2282 1425 rit,
2309 1374 2415 1414 non
2449 1360 2519 1414 ita
2547 1359 2700 1416 facile
2726 1370 2808 1417 est
2850 1360 3277 1431 deprehendere.
3309 1363 3505 1420 Verum
3560 1381 3626 1420 ex
3672 1367 3737 1422 iis
3762 1409 3778 1434 ,

2191 1465 2310 1520 qua:
2329 1466 2476 1504 num.
2499 1452 2534 1507 5
2561 1451 2611 1505 in
2639 1462 2865 1522 utraque
2890 1451 3159 1519 dicuntur,
3190 1453 3390 1524 aliquid
3415 1455 3549 1511 lucis
3568 1455 3633 1511 ad
3664 1472 3779 1514 rem

2190 1541 2560 1596 excutiendam
2582 1541 2801 1599 affertur
2824 1562 2837 1598 :
2856 1559 2981 1599 nam
2998 1545 3050 1598 in
3070 1545 3266 1615 priore,
3284 1546 3433 1616 cujus
3455 1548 3657 1603 initium
3674 1559 3774 1615 est,

2194 1634 2342 1689 hodie
2356 1633 2607 1701 Christus,
2631 1636 2708 1691 sic
2731 1635 2923 1706 legitur
2947 1652 2962 1693 :
2996 1635 3258 1692 Imitemur
3278 1637 3447 1708 itaque
3472 1648 3518 1693 et
3547 1656 3639 1695 nos
3663 1640 3778 1696 Do-

2191 1726 2405 1793 minum,
2431 1736 2476 1781 et
2494 1743 2585 1797 pro
2611 1726 2830 1781 inimicis
2858 1743 3117 1798 precemur
3135 1744 3153 1781 :
3179 1728 3405 1782 eamdem
3428 1731 3560 1783 enim
3590 1732 3775 1784 cohor-

2190 1820 2427 1873 tationem
2453 1835 2674 1874 resumo.
2710 1819 2833 1873 Jam
2858 1822 3031 1891 quinto
3057 1821 3138 1875 die
3161 1820 3298 1875 vobis
3322 1821 3385 1874 de
3416 1823 3589 1876 eodem
3617 1841 3775 1895 argu-

2190 1921 2353 1965 mento
2394 1912 2607 1965 dissero.
2650 1911 2779 1979 Qum
2820 1925 2947 1967 vero
2971 1911 3237 1983 posterior
3262 1912 3466 1967 locatur
3486 1915 3563 1967 sic
3585 1914 3774 1970 habet:

2189 2000 2457 2056 Imitemur
2483 2011 2530 2056 et
2552 2019 2642 2057 nos
2669 2001 2965 2070 Dominum,
3015 2012 3063 2056 et
3112 2019 3206 2073 pro
3233 2003 3448 2058 inimicis
3492 2022 3775 2076 precemur.

2192 2092 2319 2159 Qua:
2345 2095 2453 2148 heri
2483 2094 2677 2157 monui,
2706 2093 2992 2147 eorumdem
3009 2103 3053 2147 et
3078 2110 3210 2148 nunc
3231 2098 3643 2167 commonefacio,
3671 2100 3775 2151 sci-

2189 2199 2277 2237 ens
2304 2183 2540 2253 prwciari
2568 2186 2691 2256 facti
2723 2184 3146 2254 magnitudinem.
3172 2185 3301 2241 lude
3326 2202 3455 2241 vero
3507 2188 3774 2258 liquidum

2189 2289 2309 2329 esse
2329 2276 2562 2343 videtur,
2583 2277 2934 2346 posteriorem
2953 2292 3071 2333 eam
3093 2293 3233 2341 esse,
3274 2294 3394 2349 qure
3423 2290 3540 2349 post
3593 2282 3777 2336 "unti-

2191 2366 2289 2421 lias
2315 2367 2366 2420 in
2390 2366 2641 2422 Genesim
2664 2368 2715 2422 in
2733 2366 3148 2440 Quadragesima
3179 2369 3385 2425 habitas
3416 2371 3500 2425 die
3524 2372 3777 2427 Parascc-

2191 2473 2284 2514 ves
2304 2458 2445 2514 dicta
2462 2458 2559 2514 fuit
2586 2475 2737 2515 :nam
2758 2462 2807 2515 in
2827 2461 3075 2517 Homiliis
3093 2461 3143 2515 in
3163 2462 3409 2517 Genesim
3434 2464 3522 2530 ÎžÎŸ,
3558 2465 3647 2529 '51,
3680 2467 3774 2531 52,

2190 2565 2258 2605 ne
2293 2551 2496 2606 minime
2534 2552 2748 2622 quidem
2773 2553 2840 2609 de
2865 2555 3110 2624 precibus
3154 2570 3252 2623 pro
3293 2555 3525 2610 inimicis
3572 2557 3776 2613 dictum

2189 2641 2310 2710 fuit,
2344 2641 2570 2713 ideoque
2595 2644 2648 2699 in
2681 2653 2948 2714 postrema
2976 2646 3150 2701 locum
3203 2647 3427 2701 mutavit
3449 2646 3770 2720 Chrysosto-

2187 2745 2327 2797 mus,
2351 2731 2498 2787 etde
2526 2732 2774 2802 precibus
2800 2748 2897 2804 pro
2924 2734 3158 2791 inimicis
3197 2736 3250 2791 in
3300 2735 3519 2792 homilia
3564 2754 3765 2810 praece-

2186 2820 2332 2875 deuti
2362 2821 2429 2877 de
2448 2822 2583 2877 Juda
2603 2823 2875 2893 proditore
2904 2832 3108 2881 tantum
3132 2825 3388 2897 loquitur.
3411 2826 3548 2883 Vide
3580 2829 3631 2882 in
3663 2828 3778 2883 Mu-

2188 2914 2301 2969 nito
2325 2915 2391 2970 ad
2421 2914 2559 2971 hanc
2587 2917 2862 2972 homiliam
2891 2917 2952 2974 T.
2981 2917 3037 2986 2,
3062 2934 3108 2973 c.
3136 2917 3261 2973 597.

2259 3004 2317 3061 ltt
2337 3006 2424 3063 die
2447 3008 2874 3066 Resurreetionis
2896 3010 3111 3067 Domini
3130 3011 3319 3068 eodem
3347 3028 3488 3068 anno
3508 3013 3646 3071 dicta
3679 3016 3777 3070 fuit

2188 3096 2413 3152 Homilia
2430 3107 2612 3153 contra
2631 3099 2883 3157 Ehriosos
2898 3101 3035 3157 etde
3051 3100 3458 3159 Rcsurrectione
3511 3103 3599 3176 (T.
3628 3106 3684 3159 9..
3723 3124 3767 3163 r.

2188 3186 2341 3258 M7).
2368 3188 2516 3245 Hane
2549 3205 2677 3246 vero
2710 3192 3023 3247 concionem
3045 3192 3124 3248 sic
3166 3205 3427 3249 memorat
3454 3195 3773 3268 Chrysosto-

2185 3294 2305 3337 mus
2328 3281 2544 3339 homilia
2575 3283 2749 3353 prima
2789 3282 2847 3358 (6
2903 3284 3168 3359 Januarii)
3204 3286 3257 3342 in
3299 3287 3628 3358 Principium
3676 3291 3777 3345 Ac-

2186 3380 2387 3439 torum,
2416 3388 2536 3445 quae
2556 3374 2744 3430 eodem
2766 3375 2882 3447 ipso
2907 3391 3051 3432 anno
3074 3378 3234 3448 paulo
3261 3388 3382 3449 post
3427 3380 3628 3434 Pascha
3679 3380 3772 3435 ha-

2186 3464 2293 3519 bita
2317 3463 2436 3532 fuit,
2469 3482 2617 3521 num.
2648 3466 2685 3521 2
2714 3487 2728 3524 :
2763 3467 2886 3523 Non
2914 3478 3031 3524 sunt
3060 3471 3215 3541 igitur
3240 3473 3428 3526 malum
3456 3474 3658 3539 divitiw,
3686 3479 3777 3531 sed

2185 3555 2477 3625 illegitimus
2504 3573 2679 3611 earum
2702 3575 2823 3614 usus
2848 3569 2922 3615 est
2965 3562 3155 3616 malum
3186 3577 3206 3618 :
3236 3571 3282 3618 et
3328 3564 3455 3617 sicut
3497 3582 3656 3636 nuper
3707 3566 3773 3620 de

2185 3648 2421 3703 ebrietate
2446 3652 2597 3704 verba
2624 3654 2834 3723 faciens,
2857 3669 2959 3708 non
2979 3654 3153 3709 vinum
3196 3657 3533 3721 accusabam;
3586 3660 3775 3729 quippe

2184 3753 2297 3791 cum
2344 3741 2508 3795 omnis
2554 3751 2784 3797 creatura
2828 3744 2925 3799 Dei
2957 3745 3087 3800 bona
3123 3748 3216 3814 sit,
3268 3764 3383 3817 qua:
3426 3765 3539 3802 cum
3578 3754 3769 3821 gratia-

2184 3844 2299 3882 rum
2332 3830 2527 3885 actione
2563 3834 2877 3904 percipitur;
2918 3835 3007 3890 sed
3041 3836 3231 3890 malum
3274 3854 3442 3905 usum,
3486 3848 3589 3895 etc.
3639 3840 3771 3909 Quae

2185 3921 2347 3975 verba
2377 3935 2497 3975 cum
2530 3921 2630 3977 hac
2683 3925 2943 3980 concione
2989 3926 3126 3983 mire
3173 3939 3491 3996 consonant,
3537 3932 3771 3985 maxime

2184 4023 2313 4064 vero
2339 4025 2460 4065 cum
2490 4011 2594 4068 hoc
2628 4014 2866 4083 ejusdem
2912 4016 3028 4071 loco
3079 4036 3094 4073 :
3133 4018 3485 4074 Abstineamus
3521 4020 3583 4073 ab
3611 4022 3768 4076 ebrie-

2185 4111 2285 4156 tate
2312 4118 2331 4157 :
2357 4120 2456 4158 non
2478 4105 2591 4158 dico
2621 4106 2736 4174 hoc,
2755 4106 3093 4163 abstineamus
3119 4126 3150 4163 a
3173 4111 3309 4178 vino,
3333 4112 3422 4166 sed
3447 4112 3508 4166 ab
3533 4113 3774 4169 ebrietate

2184 4194 2539 4252 abstineamus.
2572 4197 2693 4252 Non
2726 4200 2896 4254 vinum
2941 4202 3087 4273 efficit
3138 4203 3460 4269 ebrietatem;
3509 4216 3584 4261 est
3634 4207 3769 4261 enim

2183 4285 2282 4340 Dei
2310 4298 2537 4342 creatura
2563 4306 2582 4345 :
2609 4289 2704 4345 Dei
2726 4309 2876 4359 porro
2904 4305 3136 4350 creatura
3159 4296 3287 4351 nihil
3311 4298 3454 4368 efï¬cit
3490 4299 3653 4364 mali;
3679 4300 3772 4353 sed

2183 4379 2417 4433 uoluntas
2448 4382 2584 4435 mala
2613 4383 2758 4452 efficit
2787 4384 3108 4454 ebrietatem,
3134 4396 3238 4442 etc.
3270 4388 3559 4458 Postquam
3587 4399 3769 4447 autem

2182 4470 2249 4526 de
2275 4487 2401 4527 vero
2425 4473 2612 4543 jejunii
2642 4491 2739 4531 usu
2760 4486 2813 4532 et
2834 4486 3020 4534 contra
3043 4478 3354 4536 ebrietatem
3385 4482 3635 4553 loquutus
3662 4493 3764 4555 est,

2183 4562 2314 4617 dicit
2340 4565 2536 4620 nullam
2566 4581 2689 4623 esse
2719 4584 3063 4638 personarum
3109 4571 3507 4630 distinctionem
3550 4575 3601 4629 in
3632 4591 3762 4645 par-

2184 4656 2489 4727 ticipatione
2520 4663 2932 4730 mysteriorum:
2961 4674 3052 4719 aut
3072 4664 3231 4721 etiam
3253 4681 3312 4722 se
3333 4676 3534 4737 septem
3556 4667 3764 4724 dierum

2182 4751 2354 4820 spatio
2370 4750 2607 4822 quotidie
2626 4755 3062 4813 concionaturum
3092 4774 3229 4815 esse.
3262 4759 3315 4814 ln
3341 4760 3441 4816 hac
3462 4776 3618 4832 porro
3636 4776 3763 4817 cou-

2180 4844 2335 4899 cione
2350 4845 2831 4917 Manuscriptorum
2861 4864 2964 4920 ope
2982 4851 3183 4908 hiatum
3208 4867 3456 4924 magnum
3483 4855 3763 4912 sarsimus.

2253 4955 2496 5013 Domitia:
2518 4959 2572 5013 in
2602 4958 2924 5031 Principium
2971 4963 3229 5019 Actorum.
3261 4995 3333 5007 â€”
3358 4965 3507 5021 lianc
3549 4970 3768 5026 concio-

2182 5061 2301 5103 nem
2327 5059 2566 5120 sequutee
2591 5060 2716 5107 sunt
2742 5053 2881 5120 alite,
2908 5070 3131 5125 quarum
3160 5056 3385 5113 fortasse
3410 5059 3658 5130 quaedam
3688 5063 3763 5116 in-

2182 5140 2527 5209 terciderunt,
2573 5144 2617 5198 si
2647 5144 2861 5215 quidem
2910 5147 3135 5218 singulis
3182 5149 3373 5207 diebus
3415 5153 3764 5212 coneionatus

2179 5230 2248 5285 sit
2270 5229 2354 5299 (Î¤.
2371 5232 2423 5287 5.
2445 5247 2491 5287 c.
2510 5232 2622 5305 65).
2653 5235 2796 5292 Inter
2819 5252 2910 5293 eas
2942 5254 3089 5307 vero,
3109 5255 3241 5311 quas
3255 5243 3413 5311 paulo
3430 5254 3549 5314 post
3562 5244 3762 5299 Pascha

2180 5321 2332 5389 dixit,
2379 5337 2728 5382 numerantur
2754 5328 2998 5384 llomilim
3028 5331 3080 5384 in
3113 5331 3439 5403 Principium
3481 5336 3762 5403 Actorum,

2178 5427 2295 5482 qum
2326 5415 2375 5467 in
2408 5415 2554 5485 prius
2583 5417 2741 5473 editis
2766 5419 2925 5491 longo
2963 5421 3242 5478 intervallo
3284 5436 3546 5496 separatas
3585 5439 3760 5495 erant,

2178 5519 2411 5576 quasque
2452 5524 2569 5577 nos,
2600 5511 2715 5581 ipso
2741 5512 3125 5584 Chrysostomo
3141 5515 3297 5583 duce,
3321 5520 3660 5576 continenter
3678 5539 3766 5592 po-

2177 5595 2401 5667 suimus,
2419 5609 2474 5653 ut
2491 5602 2599 5671 ipsa
2619 5606 2878 5673 temporis
2895 5615 2949 5661 et
2964 5610 3260 5678 argumenti
3283 5612 3420 5665 ratio
3436 5614 3762 5682 postulabat;

2180 5688 2248 5743 ita
2268 5700 2323 5745 ut
2351 5693 2621 5763 assignare
2638 5694 2687 5749 iu
2709 5709 2954 5769 promptu
2975 5699 3128 5755 fuerit
3148 5742 3161 5767 ,
3181 5719 3298 5772 qua:
3326 5704 3393 5758 sit
3426 5705 3616 5774 prima,
3641 5723 3758 5778 quae
