4110 6148
298 323 390 383 Ml
1464 312 1647 371 NUNC
1687 312 1947 369 PRIMUM
1988 308 2355 367 ADORNATA
2368 349 2381 361 .

292 439 543 505 secunda,
558 452 680 509 qua:
696 437 871 505 tertia,
890 445 994 492 etc.
1021 434 1076 491 ld
1093 447 1221 491 vero
1235 433 1380 490 clare
1397 432 1553 489 docet
1569 433 1683 502 ipse
1702 430 1872 500 Chry-

292 540 560 588 sostomus
588 527 727 584 infra
751 529 805 584 in
827 544 910 594 ea,
930 542 1089 597 quam
1113 527 1323 582 tertiam
1368 525 1559 582 ordine
1586 524 1832 594 ponimus
1857 539 1871 577 :

292 624 363 678 ibi
388 622 530 677 enim
562 622 764 676 num.l
798 621 990 691 legitur
1014 637 1028 674 :
1054 617 1136 674 Eo
1162 620 1316 690 ﬁtut,
1358 631 1479 668 cum
1536 616 1607 668 ad
1641 624 1871 685 quartum

287 717 395 785 jam
417 715 551 769 diem
575 713 941 784 expositionem
988 711 1398 783 produxerimus,
1446 710 1660 764 necdum
1706 716 1874 762 tamen

292 821 442 861 unam
468 804 835 875 expositionem
879 803 1185 873 potuerimus
1240 802 1517 873 praeterire,
1569 799 1659 854 sed
1705 798 1873 852 adhuc

292 899 423 950 circa
472 894 619 949 illaut
648 909 923 949 versemur.
979 893 1047 948 Et
1076 893 1233 963 paulo
1274 900 1429 961 post:
1481 889 1664 958 Itaque
1707 888 1872 960 primo

299 988 371 1041 ii'e
407 1003 508 1039 non
538 1001 645 1040 esse
698 994 879 1039 temere
924 984 1298 1056 prctereundas
1339 983 1689 1052 inscriptiones
1736 981 1874 1034 dice-

289 1077 423 1144 bam,
454 1092 553 1149 quo
577 1084 803 1145 tempore
826 1075 1026 1130 titulum
1054 1075 1190 1128 vobis
1215 1073 1406 1129 Altaris
1435 1074 1551 1143 legi,
1603 1088 1664 1126 ac
1713 1070 1873 1126 Pauli

288 1170 588 1240 sapientiam
621 1168 930 1223 ostendi.....
959 1167 1024 1222 In
1052 1169 1147 1221 ltoc
1174 1167 1318 1222 desiit
1348 1167 1505 1236 priori
1533 1166 1616 1219 die
1639 1174 1742 1219 tota
1779 1164 1872 1217 do-

287 1264 447 1315 ctrina
473 1277 492 1315 :
524 1269 635 1332 post
677 1261 824 1314 illam
850 1259 1069 1314 secundo
1092 1259 1194 1326 die,
1225 1258 1310 1328 qui
1349 1258 1466 1313 libri
1516 1257 1656 1312 illius
1693 1265 1869 1310 auctor

284 1361 410 1405 esset
433 1351 754 1421 quesivimus
772 1390 788 1417 ,
818 1360 865 1404 et
887 1351 1165 1404 invenimus
1199 1348 1294 1404 Dei
1314 1350 1480 1421 gratia
1504 1348 1694 1402 Lucam
1719 1364 1871 1403 evan-

284 1443 520 1513 gelistam
566 1456 586 1495 :
621 1442 890 1510 multisque
927 1441 1064 1495 vobis
1105 1440 1612 1495 demonstrationibus
1660 1455 1768 1493 rem
1813 1438 1869 1493 in

281 1535 562 1603 quaestione
590 1536 803 1605 positam
834 1535 1171 1606 probavimus.
1214 1535 1436 1590 Demum
1463 1535 1657 1591 clarius
1686 1536 1869 1604 paucis

282 1625 655 1696 interpositis:
679 1625 860 1681 Prima
885 1627 1041 1697 igitur
1069 1628 1152 1681 die
1174 1628 1238 1682 de
1262 1628 1624 1699 inscriptione;
1647 1629 1869 1682 secunda

279 1731 405 1771 vero
441 1718 506 1771 de
528 1734 585 1772 eo
614 1719 698 1787 qui
728 1719 909 1772 librum
954 1719 1190 1787 scripsit;
1235 1720 1380 1773 tertia
1423 1720 1506 1774 die
1544 1720 1869 1777 disseruimus

279 1809 426 1879 apud
443 1827 551 1875 eos,
573 1811 660 1880 qui
687 1811 1012 1878 advenerant,
1034 1813 1097 1866 de
1120 1813 1264 1867 initio
1286 1813 1566 1884 Scriptura:
1590 1829 1610 1867 :
1635 1822 1681 1867 et
1704 1823 1870 1868 osten-

278 1904 451 1957 dimus
493 1905 615 1974 quid
656 1905 722 1959 sit
760 1914 926 1958 aetum
947 1946 963 1971 ,
993 1905 1116 1975 quid
1140 1906 1206 1960 sit
1232 1906 1554 1974 miraculum,
1584 1915 1632 1961 et
1654 1908 1777 1979 quid
1802 1906 1868 1961 sit

274 1997 615 2062 conversatio,
647 1997 769 2067 quid
790 1998 988 2067 signum
1016 2006 1067 2052 et
1097 1998 1383 2068 prodigium
1411 2014 1473 2052 ac
1499 1999 1723 2054 virtus...
1757 1998 1870 2053 Ηο-

274 2087 363 2141 die
392 2086 641 2171 reliquum
660 2088 1003 2156 inscriptionis
1026 2106 1194 2162 Opera!
1215 2091 1429 2160 pretium
1450 2100 1524 2146 est
1548 2091 1794 2158 dicamus,
1819 2100 1867 2146 et

273 2180 406 2249 quid
427 2180 678 2250 signiﬁcet
701 2183 919 2251 apostoli
942 2198 1122 2237 nomen
1152 2184 1493 2238 ostendamus.

352 2268 414 2323 In
446 2270 615 2338 prima
648 2271 806 2340 igitur
833 2273 1089 2328 concione
1115 2285 1397 2344 postquam
1429 2289 1523 2330 eos
1552 2284 1827 2344 carpserat
1845 2316 1861 2345 ,

273 2361 370 2430 qui
389 2371 708 2417 conventum
726 2363 964 2419 ecclesiae
979 2365 1340 2433 deseruerant,
1368 2382 1475 2422 non
1503 2375 1703 2423 temere
1724 2382 1865 2438 prat-

272 2452 573 2507 tereundas
600 2467 718 2508 esse
756 2468 1026 2510 sacrorum
1067 2456 1323 2512 librorum
1363 2457 1738 2528 inscriptiones
1771 2457 1868 2512 do-

270 2556 389 2610 cet,
420 2554 477 2600 et
505 2546 573 2600 de
598 2546 945 2617 inscriptione
975 2549 1170 2604 Altaris
1189 2592 1203 2616 ,
1233 2551 1480 2604 nimirum
1505 2550 1690 2621 Ignoto
1715 2550 1860 2619 Deo,

270 2635 410 2706 agit,
439 2635 763 2705 demumque
789 2654 978 2695 recens
1007 2641 1327 2697 illuminatos
1352 2641 1659 2714 alloquitur.

347 2727 653 2783 Secundam
676 2772 691 2798 ,
721 2731 811 2787 ubi
835 2731 902 2787 de
923 2741 1142 2790 auctore
1166 2728 1299 2791 libri‘
1316 2738 1571 2793 Actorum
1597 2738 1865 2796 edissere-

270 2818 390 2885 bat,
409 2829 467 2874 et
486 2819 684 2875 Lucam
709 2836 829 2878 esse
857 2823 1276 2893 demonstrabat,
1309 2830 1606 2897 reperimus
1626 2833 1862 2901 quidem;

271 2910 396 2975 sed,
429 2909 556 2976 heu,
584 2912 780 2968 misere
805 2913 1186 2985 deformatam,
1223 2927 1279 2972 et
1312 2934 1433 2974 cum
1475 2923 1668 2991 spuriis
1693 2923 1864 2978 inter-

269 3003 523 3057 mixtam.
554 3002 651 3059 Est
675 3020 866 3076 nempe
895 3007 1112 3064 bomilia
1134 3009 1385 3081 inscripta
1408 3013 1566 3085 (Vide
1587 3014 1863 3084 Monitum,

270 3100 306 3146 t.
350 3094 405 3148 5.
445 3110 494 3147 ε.
535 3089 645 3158 65)
672 3097 736 3151 de
758 3097 1136 3171 Assumptione,
1171 3118 1267 3159 seu
1301 3106 1629 3162 Ascensione
1655 3108 1865 3164 Domini

268 3192 331 3237 et.
352 3182 743 3256 Chrysostomo
782 3189 1086 3261 adscripta;
1118 3194 1208 3249 ubi
1250 3211 1370 3266 quae
1399 3197 1569 3266 prima
1599 3199 1862 3268 feruntur,

268 3275 669 3348 Chrysostomo
699 3290 885 3337 nostro
925 3284 1139 3355 indigna
1162 3288 1408 3343 videntur
1439 3304 1577 3346 esse.
1607 3291 1718 3347 Sub
1750 3292 1866 3349 hmc
1898 3294 1901 3303 “

268 3366 606 3436 adjiciuntur
641 3371 742 3425 alia
765 3413 780 3435 ,
810 3389 929 3442 quae
968 3389 1090 3430 cum
1138 3377 1406 3446 prioribus
1443 3397 1548 3436 non
1591 3383 1865 3440 cohaerere

268 3464 569 3526 putantur;
595 3469 652 3514 et
680 3461 804 3516 licet
828 3464 1067 3521 melioris
1097 3476 1236 3522 notae
1259 3469 1383 3532 sint,
1413 3479 1591 3526 utrum
1633 3474 1867 3545 Chryso-

269 3555 457 3603 stomo
485 3551 593 3605 sint
619 3551 991 3621 adscribenda,
1019 3572 1212 3627 necne,
1239 3576 1344 3614 non
1372 3562 1541 3617 ausim
1571 3564 1861 3622 afﬁrmare.

270 3638 537 3742 Sequitur
560 3652 742 3742 postea
774 3659 903 3742 pars
932 3648 1021 3703 illa
1045 3690 1059 3714 ,
1087 3650 1176 3704 ubi
1215 3652 1529 3722 quibusdam
1573 3658 1865 3726 praemissis

272 3732 422 3831 circa
452 3732 859 3802 inscriptionem
891 3737 1009 3792 libri
1040 3743 1293 3797 Actorum
1321 3785 1335 3810 ,
1368 3761 1487 3815 qua)
1516 3748 1583 3801 ad
1628 3764 1864 3817 prmsens

275 3823 584 3875 institutum
613 3823 856 3891 apprime
883 3829 1170 3897 quadrant,
1201 3832 1268 3886 de
1294 3832 1451 3903 hujus
1479 3847 1700 3893 auctore
1719 3855 1867 3906 egre-

272 3912 361 3981 gie
403 3911 706 3981 disseritur,
754 3925 809 3971 et
856 3917 1054 3975 Lucam
1098 3937 1219 3978 esse
1270 3926 1545 3994 probatur.
1594 3929 1692 3985 llic
1732 3904 1864 3988 vero

273 4004 724 4077 Chrysostomut’n
753 4024 1020 4080 agnosco;
1054 4030 1152 4071 nec
1181 4016 1368 4073 dubito
1395 4021 1631 4089 quintam
1655 4038 1717 4078 ea
1745 4040 1865 4094 quas

273 4095 343 4151 de
365 4097 718 4167 inscriptione
747 4102 1026 4173 Actorum,
1047 4123 1205 4177 quam
1233 4124 1296 4165 ea
1323 4127 1441 4180 quze
1459 4112 1526 4166 de
1556 4112 1716 4183 hujus
1742 4116 1863 4172 libri

273 4195 504 4243 auctore
529 4188 791 4257 feruntur,
814 4194 881 4248 ad
903 4209 1022 4250 eam
1051 4197 1322 4254 bomiliam
1349 4203 1671 4273 pertineant,
1703 4221 1862 4276 quam

276 4287 335 4333 ut
348 4280 645 4337 secundam
668 4284 737 4340 ab
755 4300 815 4341 se
833 4286 1028 4344 dictam
1046 4291 1133 4347 hic
1149 4306 1410 4351 memorat
1430 4296 1859 4369 Chrysostomus.

276 4369 420 4425 llinc
466 4374 726 4442 quaeritur
767 4377 822 4432 in
869 4378 997 4449 illa,
1045 4388 1253 4454 quoties
1294 4401 1324 4441 a
1369 4392 1762 4447 resurrectione
1795 4393 1863 4448 ad

275 4462 669 4522 Ascensionem
719 4484 884 4540 uSque
937 4474 1192 4531 Dominus
1239 4478 1486 4536 Christus
1535 4489 1859 4555 apparuerit.

276 4555 431 4647 lianc
452 4573 668 4629 quoque
688 4573 892 4630 partem
922 4565 1286 4638 Cbrysostomi
1315 4586 1436 4628 esse
1466 4583 1596 4644 puto
1620 4592 1634 4629 :
1658 4578 1862 4647 reliqua

278 4645 396 4700 fere
419 4648 601 4703 omnia
627 4665 747 4720 quae
773 4653 827 4707 in
860 4656 957 4710 hac
983 4656 1291 4728 longissima
1321 4661 1542 4720 humilia
1568 4645 1855 4736 habentur,

277 4749 371 4793 aut
391 4741 595 4810 inepta,
623 4751 718 4799 aut
743 4744 1130 4818 Chrysostomo
1153 4753 1370 4825 indigna
1398 4765 1542 4811 sunt.

349 4852 530 4909 Tertia
577 4856 795 4913 bomilia
815 4901 830 4928 ,
858 4876 1015 4933 quam
1035 4905 1052 4935 ,
1095 4866 1260 4922 altera
1300 4869 1366 4923 ad
1405 4871 1604 4927 calcem
1631 4873 1859 4945 rejects,

278 4947 573 5004 secundam
604 4950 977 5021 inscribimus,
1018 4960 1071 5012 in
1102 4959 1274 5016 Palaea
1306 4978 1401 5018 seu
1440 4969 1607 5023 veteri
1635 4971 1862 5028 ecclesia

276 5039 613 5097 Antiochena
646 5044 746 5100 fuit
765 5089 779 5111 ,
807 5063 869 5103 ea
896 5061 979 5105 est
1007 5052 1057 5106 in
1084 5069 1186 5123 qua
1213 5055 1281 5111 de
1314 5058 1662 5130 inscriptione
1694 5064 1860 5119 Acto-

275 5145 398 5184 rum
423 5134 617 5204 agitur,
650 5153 858 5196 necnon
880 5142 946 5196 de
974 5143 1271 5203 din'crentia
1301 5149 1446 5208 inter
1470 5153 1779 5215 miraculum
1809 5166 1862 5216 et

274 5232 456 5319 actum
478 5267 493 5291 ,
517 5228 836 5302 additurque
860 5235 1021 5290 vitam
1062 5251 1183 5295 cum
1210 5242 1405 5299 virtute
1436 5253 1606 5301 actam
1624 5288 1640 5315 ,
1677 5247 1861 5304 utilio-

272 5329 390 5369 rem
420 5332 542 5374 esse
570 5322 735 5392 signis
761 5335 816 5380 et
838 5328 1130 5387 miraculis.

345 5410 583 5480 Quarta,
627 5432 787 5489 quam
826 5436 989 5493 supra
1017 5437 1306 5484 memorata
1347 5429 1415 5486 de
1454 5446 1611 5489 causa
1655 5436 1861 5492 tertiam

273 5504 619 5565 inscribimus
638 5552 653 5575 ,
688 5512 757 5569 de
783 5517 1006 5572 utilitate
1031 5518 1269 5577 lectionis
1295 5522 1684 5596 Scripturarum
1724 5530 1858 5598 agit,

272 5605 329 5649 et
353 5608 410 5652 ut
439 5600 578 5654 tituli
607 5601 821 5658 Aetnam
846 5608 1201 5680 Apostolorum
1218 5624 1538 5683 postremam
1559 5632 1744 5673 vocem
1763 5635 1859 5675 ex.

274 5687 453 5760 plicet,
483 5697 747 5768 perquirit
770 5700 896 5771 quid
921 5702 1179 5775 signiﬁcet
1206 5707 1432 5778 apostoli
1457 5725 1672 5784 nomen,
1700 5714 1858 5774 dicit-

3464 303 3567 359 ΝΞ

1980 440 2087 496 quo
2132 425 2490 498 apostolorum
2535 422 2843 494 dignitatem
2893 420 3063 477 multo
3108 418 3362 491 majorem
3409 431 3565 483 esse,

1980 530 2136 586 quam
2180 515 2613 585 magistratuum,
2661 514 2768 568 imo
2804 513 2962 567 etiam
3009 526 3192 584 regum
3235 519 3291 566 et
3331 508 3564 579 impera-

1980 613 2174 681 torum.

2047 696 2295 763 Quintam
2324 694 2687 765 subjungimus
2712 709 2829 750 eam
2855 707 2974 763 qum
3002 700 3187 763 quarta
3218 689 3560 753 inscribitur;

1976 787 2030 843 in
2056 802 2160 858 qua
2187 787 2379 858 quterit
2414 786 2822 858 Cbrysostomus
2859 800 2954 839 cur
2991 784 3124 838 Acta
3165 784 3216 837 in
3244 782 3561 838 Pentecoste

1977 878 2256 950 lcgantur:
2284 894 2351 934 ex
2390 879 2506 949 ejus
2542 893 2670 934 vero
2709 876 2862 933 dictis
2890 876 3146 946 arguitur,
3187 883 3415 944 quatuor
3442 873 3559 927 aliis

1975 985 2096 1027 esse
2118 970 2553 1027 subnectendam.

2047 1061 2289 1117 Homilies
2329 1062 2394 1117 de
2438 1060 2721 1116 Mutatione
2760 1059 3039 1114 nominum.
3076 1088 3148 1099 —
3172 1057 3301 1112 Post
3324 1056 3557 1128 quinque

1976 1153 2095 1209 illas
2123 1155 2176 1209 in
2207 1155 2553 1225 lnseriptione
2578 1154 2834 1209 Actorum
2864 1152 3109 1207 homilias
3144 1150 3557 1221 Chrysostomus

1973 1246 2259 1302 conciones
2296 1247 2364 1302 de
2403 1246 2692 1301 Mutatione
2736 1245 3011 1300 nominum
3040 1243 3203 1298 variis
3245 1242 3345 1298 sub
3391 1240 3554 1296 titulis

1973 1335 2176 1393 habuit.
2216 1336 2273 1392 ld
2302 1352 2432 1392 vero
2469 1336 2668 1393 diserte
2706 1345 2883 1390 narrat
2913 1335 2967 1389 in
3006 1325 3183 1407 prima
3216 1331 3372 1402 hujus
3395 1346 3553 1401 argu-
3574 1314 3589 1329 '

1974 1428 2172 1496 menti,
2203 1427 2352 1499 cujus
2375 1427 2652 1498 inscriptio
2687 1426 2765 1482 sic
2800 1425 2995 1481 habet:
3028 1424 3222 1480 Saulus
3253 1422 3421 1476 adhuc
3445 1423 3554 1493 spi-

1972 1536 2094 1576 rans
2125 1520 2396 1587 minarum,
2426 1529 2528 1576 etc.
2556 1536 2570 1573 :
2611 1519 2699 1575 ubi
2723 1518 2801 1573 sic
2826 1518 2899 1572 ait
2925 1532 3071 1571 num.
3097 1518 3129 1573 3
3154 1533 3166 1568 :
3198 1513 3380 1570 Totum
3406 1513 3557 1583 igitur

1973 1611 2191 1667 debitum
2231 1611 2572 1682 inscriptionis
2614 1611 2750 1665 vobis
2792 1608 3150 1680 persolvimus,
3181 1605 3553 1675 inscriptionis,

1970 1702 2209 1774 inquam,
2237 1702 2456 1756 Actuum
2490 1701 2911 1772 Apostolicorum.
2954 1698 3023 1755 Ut
3064 1714 3181 1770 ergo
3220 1697 3417 1751 initium
3442 1696 3555 1749 libri

1972 1795 2325 1864 attingeremus
2357 1792 2481 1847 ordo
2506 1793 2763 1864 exigebat,
2806 1807 2864 1844 at
2890 1791 3174 1844 doceremus
3196 1788 3319 1860 quid
3347 1787 3441 1841 hoc
3463 1786 3556 1841 sibi

1971 1885 2087 1939 velit
2110 1901 2128 1938 :
2154 1885 2388 1940 Primum
2409 1883 2621 1955 quidem
2642 1897 2943 1938 sermonem
2966 1880 3181 1935 fecimus
3202 1879 3268 1934 de
3288 1878 3554 1944 omnibus,

1971 1990 2006 2032 ο
2033 1976 2355 2047 TheOphile,
2386 1992 2505 2046 qua:
2535 1975 2693 2043 cmpit
2723 1973 2878 2028 Jesus
2913 1972 3084 2026 facere
3118 1985 3180 2024 ac
3208 1969 3419 2025 docere.
3464 1968 3556 2023 Ve-

1970 2078 2249 2148 rumtamen
2277 2085 2379 2123 non
2415 2068 2534 2122 sinit
2568 2066 2766 2121 Paulus
2800 2073 2853 2119 ut
2887 2065 3016 2118 hanc
3044 2063 3220 2119 seriem
3249 2061 3441 2116 ordinis
3474 2076 3555 2114 se-

1969 2140 2116 2230 quar,
2131 2159 2219 2216 sed
2234 2160 2301 2213 ad
2312 2176 2364 2214 se
2376 2175 2565 2229 suaque
2578 2166 2710 2212 recte
2730 2160 2865 2229 facta
2881 2156 3104 2228 linguam
3123 2140 3344 2207 nostram
3359 2151 3550 2205 invitat.

1972 2250 2131 2323 Cupio
2176 2266 2391 2322 namque
2435 2249 2603 2303 videre
2641 2247 2787 2302 illum
2831 2246 3173 2300 introductum
3214 2242 3554 2303 Damascum,

1970 2358 2073 2398 non
2096 2342 2259 2413 ferrea
2277 2349 2473 2406 catena,
2495 2339 2584 2395 sed
2605 2338 2871 2393 Dominica
2892 2352 3008 2392 voce
3027 2337 3264 2390 vinctum.
3292 2333 3388 2388 llic
3407 2331 3556 2388 vides

1970 2440 2094 2503 post
2118 2432 2372 2487 liomilias
2400 2432 2453 2486 in
2479 2430 2804 2500 Principium
2832 2431 3083 2484 Actorum
3111 2427 3400 2481 institutam
3429 2439 3557 2478 con-

1969 2523 2178 2579 cionem
2203 2540 2218 2577 :
2249 2521 2398 2577 vides
2438 2522 2563 2577 item
2593 2520 2706 2591 ejus
2734 2526 3123 2591 argumentum.
3160 2515 3401 2571 liabitam
3430 2515 3553 2569 item

1971 2614 2130 2680 hanc,
2153 2613 2219 2670 de
2238 2628 2341 2685 qua
2362 2628 2502 2669 nunc
2520 2614 2745 2683 agimus,
2767 2618 3050 2680 antequam
3072 2616 3280 2678 tempus
3299 2604 3555 2660 Paschale

1970 2705 2316 2773 dilaberetur,
2344 2715 2528 2776 aperte
2569 2711 2752 2759 narrat
2779 2717 2926 2757 num.
2954 2701 3026 2756 ις
3060 2698 3199 2754 Nam
3226 2699 3299 2767 si,
3329 2697 3450 2751 dum
3474 2714 3557 2751 so-

1969 2800 2074 2854 lam
2102 2798 2258 2866 vobis,
2286 2798 2376 2864 ait,
2408 2797 2787 2867 inscriptionem
2812 2795 3022 2865 legimus
3047 2800 3094 2847 et
3120 2806 3412 2846 enarramus
3432 2831 3446 2855 ,
3478 2789 3557 2842 di-

1968 2888 2183 2943 midium
2210 2887 2541 2943 solemnitatis
2565 2885 3005 2957 consumpsimus;
3031 2882 3076 2938 si
3094 2883 3155 2937 ab
3176 2881 3383 2936 exordio
3411 2879 3555 2934 initio

1971 2981 2161 3052 factum
2187 2979 2351 3049 ipsum
2378 2978 2492 3033 libri
2532 2977 2742 3049 pelagus
2765 2975 3044 3031 orationem
3078 2973 3345 3027 immittere
3377 2972 3559 3042 coepis-

1971 3085 2154 3136 scmus,
2179 3077 2444 3140 quantum,
2475 3085 2663 3140 quwso,
2695 3068 2930 3138 temporis
2956 3065 3388 3136 impendissemus,
3412 3075 3468 3117 ut
3488 3064 3556 3117 ad

1968 3160 2086 3214 illas
2143 3160 2205 3213 de
2250 3158 2419 3213 Paulo
2467 3157 2782 3212 narrationes
2820 3154 3222 3227 perveniremus!
3262 3155 3329 3210 Et
3371 3164 3555 3224 postea

1968 3265 2117 3305 num.
2144 3250 2177 3306 5
2212 3266 2317 3305 non
2358 3249 2584 3304 obscure
2620 3248 2880 3319 signiﬁcat
2907 3248 3049 3301 illam
3088 3244 3357 3300 bomiliam
3379 3288 3392 3312 ,
3435 3262 3554 3319 ane

1969 3342 2117 3397 nulla
2142 3341 2454 3396 intermedia
2481 3346 2849 3412 prmcesserat,
2874 3352 2994 3393 esse
3017 3336 3253 3408 quintam
3276 3336 3327 3389 in
3351 3334 3555 3388 Princi-

1969 3434 2115 3505 pium
2143 3434 2425 3499 Actorum,
2468 3432 2521 3487 in
2551 3447 2651 3502 qua
2694 3430 2947 3502 quzeritur
2972 3443 3067 3483 cur
3105 3429 3237 3481 Acta
3272 3425 3555 3496 Apostolo-

1968 3541 2087 3582 rum
2136 3525 2186 3580 in
2242 3525 2556 3581 Pentecoste
2597 3523 2858 3593 legantur.
2911 3521 3009 3576 llic
3060 3534 3290 3590 namque
3336 3528 3552 3574 sanctus

1969 3615 2155 3671 doctor
2182 3616 2304 3671 talia
2333 3614 2508 3669 fatur:
2544 3613 2731 3668 Nonne
2754 3614 2805 3666 in
2832 3612 2999 3684 priore
3019 3609 3153 3665 vobis
3179 3610 3387 3664 collecta
3413 3609 3552 3663 dice-

1970 3704 2084 3759 bam
2105 3722 2163 3760 ea
2187 3704 2451 3771 miracula,
2481 3721 2591 3776 qua:
2619 3720 2817 3758 crucem
2846 3712 3053 3771 sequuta
3073 3709 3221 3767 sunt,
3242 3700 3305 3755 iis
3330 3701 3547 3772 majora,

1968 3812 2081 3867 qua:
2099 3797 2258 3867 ipsam
2281 3805 2635 3867 prwcesserant
2661 3794 2948 3849 exstitisse?
2976 3787 3142 3847 nonne
3165 3791 3220 3845 id
3243 3791 3434 3845 ostendi
3461 3807 3549 3844 vo-

1969 3891 2045 3944 bis
2068 3899 2112 3943 et
2139 3906 2200 3944 ea:
2233 3889 2490 3942 miraculis
2522 3896 2569 3942 et
2597 3904 2660 3941 ea:
2697 3887 3058 3957 discipulorum
3101 3885 3467 3950 benevolentia;
3503 3894 3547 3938 et

1968 3997 2065 4051 quo
2086 3990 2231 4052 pacto
2250 3988 2395 4033 antea
2415 3979 2613 4049 quidem
2635 3977 2862 4033 Christus
2882 3977 3134 4046 imperans
3149 3985 3371 4029 mortuos
3391 3975 3551 4029 susci—

1971 4069 2125 4138 tabat,
2155 4080 2327 4140 postea
2349 4085 2463 4124 vero
2488 4085 2744 4124 servorum
2769 4069 2879 4139 ejus
2901 4065 3075 4120 umbra
3098 4065 3317 4133 idipsum
3341 4075 3550 4136 praesta-

1969 4160 2091 4215 bat?
2126 4169 2230 4215 etc.
2262 4160 2390 4228 Quce
2428 4160 2606 4215 omnia
2646 4158 2844 4214 diserte
2870 4165 3150 4212 narrantur
3175 4157 3228 4211 in
3254 4156 3339 4210 illa
3367 4157 3547 4227 quinta

1967 4251 2186 4308 homilia
2225 4252 2276 4306 in
2324 4253 2649 4322 Principium
2689 4251 2944 4306 Actorum
2990 4264 3135 4304 num.
3179 4249 3231 4303 7.
3281 4249 3380 4315 Qui
3423 4263 3550 4304 vero

1968 4343 2164 4399 fuerint
2207 4341 2280 4396 illi
2347 4342 2636 4411 praesides,
2693 4340 2786 4411 qui
2837 4350 2945 4395 tum
3000 4340 3053 4394 in
3093 4339 3279 4409 hujus,
3334 4351 3441 4394 tum
3495 4340 3548 4393 in

1967 4433 2236 4505 sequentis
2263 4431 2495 4485 bomilia:
2528 4430 2633 4485 ﬁne
2674 4439 3068 4505 memorantur,
3116 4429 3201 4483 hic
3250 4429 3550 4499 disquircn-

1966 4504 2115 4579 dum.
2152 4520 2414 4577 Pra'sules
2459 4519 2643 4588 utique
2685 4504 2835 4585 illos,
2883 4518 2973 4587 qui
3013 4516 3160 4571 hisce
3205 4517 3547 4572 concionibus

1944 4610 2211 4680 aderant,
2233 4628 2339 4668 non
2370 4612 2500 4666 alios
2522 4600 2684 4664 fuisse
2698 4617 2846 4680 puto,
2869 4622 3026 4677 quam
3047 4606 3327 4676 episcopos
3342 4606 3541 4661 vicinos

1966 4706 2136 4779 Syriae
2164 4705 2249 4760 vel
2276 4702 2592 4767 Phoenicia},
2633 4699 2723 4770 qui
2765 4697 2890 4753 alibi
2932 4711 3140 4768 quoque
3180 4694 3544 4768 Chrysostomi

1965 4801 2205 4857 concioni
2235 4798 2539 4858 interfuisse
2568 4804 2952 4862 memorantur,
2983 4803 3041 4851 ut
3064 4794 3377 4850 videbimus.
3408 4794 3542 4849 Cum

1963 4893 2107 4948 enim
2145 4890 2424 4946 Antiochia
2467 4888 2777 4959 metropolis
2819 4896 2993 4952 esset,
3040 4887 3174 4942 nihil
3215 4887 3431 4942 dubium
3460 4896 3544 4942 est

1963 4984 2090 5055 quin
2119 4984 2488 5053 episcoporum
2527 4980 2679 5035 multi
2715 4980 2907 5034 vicina:
2931 4978 3196 5050 regionis,
3238 4979 3349 5034 sive
3375 4993 3538 5050 negoo

1965 5077 2159 5133 tiorum
2188 5089 2344 5130 causa
2366 5114 2385 5141 ,
2425 5073 2538 5128 sive
2575 5071 2838 5127 desiderio
2865 5069 3113 5125 audiendi
3141 5069 3501 5142 Chrysostomi
3526 5112 3540 5134 ,

1964 5170 2117 5241 cujus
2142 5167 2456 5239 eloquentia:
2491 5167 2626 5221 fama
2654 5164 2897 5231 volabat,
2939 5164 2993 5219 in
3032 5162 3363 5234 metropolim
3391 5178 3542 5219 suam

1965 5276 2024 5318 se
2052 5259 2376 5317 conferrent.
2668 5264 2671 5267 ’

2037 5352 2131 5407 Die
2156 5352 2468 5422 insequente
2492 5359 2611 5421 post
2641 5349 2874 5405 habitam
2919 5349 3229 5404 concionem
3273 5347 3327 5402 in
3372 5347 3497 5403 illud
3524 5388 3541 5413 ,

1967 5443 2164 5500 Paulus
2182 5454 2345 5497 autem
2373 5443 2539 5496 adhuc
2564 5443 2762 5513 spirans
2784 5440 3067 5507 minarum,
3089 5448 3217 5504 etc.,
3241 5438 3382 5493 illam
3411 5454 3539 5495 cono

1964 5535 2173 5590 cioncm
2211 5532 2426 5597 habuit,
2454 5547 2573 5602 quae
2614 5530 2935 5592 inscribitur,
2965 5530 3026 5583 de
3053 5528 3330 5583 Nominum
3370 5538 3535 5582 muta-

1966 5629 2115 5684 tione.
2142 5625 2293 5696 Quod
2331 5632 2695 5695 argumentum
2726 5623 2815 5679 ille
2843 5623 2896 5678 in
2935 5620 3041 5677 ﬁne
3069 5620 3415 5693 prtecedcntis
3444 5621 3541 5672 ho-

1966 5721 2126 5777 milia:
2146 5726 2414 5790 coeperat,
2450 5715 2547 5771 hac
2574 5716 2842 5788 proposita
2875 5715 3186 5788 quaestione,
3211 5726 3308 5768 cur
3332 5707 3497 5765 Paulo
3514 5745 3535 5779 ,
