4110 6148
522 296 618 352 IL?»

510 401 606 464 cur
621 409 799 474 Petro,
820 422 912 464 cur
929 406 1050 463 aliis
1073 405 1125 461 in
1149 405 1326 461 Veteri
1339 403 1683 461 Testamento
1711 414 1970 461 mutatum
2004 419 2102 460 no-

519 517 638 556 men
661 499 909 555 l'uerit.ld
936 500 1077 553 enim
1110 499 1224 567 ipse
1254 506 1438 553 narrat
1461 513 1610 552 num.
1641 498 1677 552 2
1703 517 1716 554 :
1746 497 1924 568 Neque
1951 499 2099 563 enim,

517 593 603 655 ait,
637 592 701 644 de
723 589 869 644 rebus
900 587 1176 643 trivialibus
1199 589 1524 658 quastione»:
1545 589 1783 643 habemus
1809 589 1958 643 hodie
1976 630 1991 654 ,
2019 589 2108 643 sed

521 682 574 736 tle
599 697 652 733 re
675 695 787 750 qua:
813 681 961 750 coepit
985 679 1189 749 quidem
1215 681 1448 734 hesterno
1469 679 1553 734 die
1571 681 1806 751 proponi,
1829 697 1930 734 non
1946 681 2107 751 potuit

516 782 678 824 αηιεηι
704 771 886 830 solutio
920 771 1211 842 qmestionis
1253 769 1431 838 afferri
1452 811 1467 837 ,
1500 780 1705 841 prapter
1732 788 1904 825 eorum
1930 772 2106 826 multi-

516 863 737 918 tudinem
777 878 890 933 qua:
921 864 1121 934 fuerant
1161 863 1218 916 in
1257 862 1480 916 medium
1530 863 1746 933 prolata.
1790 862 1926 928 Quid
1978 863 2109 918 illud

514 969 665 1025 porro
696 953 815 1006 est?
843 951 922 1007 De
951 953 1211 1007 nominum
1240 953 1560 1023 impositione
1594 953 1803 1023 qutestio
1831 962 1973 1022 erat,
1995 969 2111 1025 quae

519 1042 653 1097 Deus
699 1045 887 1099 sanctis
939 1045 1194 1114 imposuit.
1247 1044 1316 1099 Et
1357 1045 1673 1114 quibusdam
1732 1045 2105 1116 interpositis:

515 1134 672 1188 Pauli
721 1136 951 1206 facinora
993 1151 1204 1190 narrare
1245 1135 1598 1208 cupiebamus,
1619 1137 1831 1207 jamque
1887 1138 2110 1194 historice

514 1227 842 1297 attigeramus
879 1227 1143 1281 exordium
1169 1268 1184 1295 ,
1237 1236 1284 1282 et
1322 1227 1401 1281 his
1428 1227 1585 1283 verbis
1611 1238 1907 1298 conceptum
1929 1245 2110 1284 narra-

517 1320 667 1374 tionis
692 1321 891 1374 initium
918 1321 1197 1375 invenimus
1222 1336 1242 1374 :
1271 1320 1464 1377 Saulus
1488 1333 1668 1378 autem
1694 1322 1870 1378 adhuc
1897 1324 2108 1392 Spirans

515 1413 688 1467 Ininas
713 1421 768 1468 et
794 1413 995 1468 eodem
1021 1414 1075 1468 in
1103 1412 1393 1485 discipulos
1417 1415 1648 1482 Domini,
1672 1416 1909 1470 continuo
1934 1417 2109 1470 turba-

516 1505 585 1557 vit
616 1520 706 1559 nos
732 1505 942 1558 mutatio
973 1506 1189 1561 nominis
1215 1522 1234 1561 :
1262 1515 1317 1562 et
1340 1516 1533 1563 caetera
1570 1507 1639 1563 de
1668 1508 1945 1563 nominum
1985 1523 2108 1563 mu-

517 1595 755 1664 tatione,
787 1613 907 1667 qua:
960 1597 1197 1667 pluribus
1241 1599 1332 1655 ille
1376 1600 1857 1670 prosequitur:ila
1897 1609 1958 1656 ut
1992 1599 2110 1656 hinc

519 1687 709 1742 concio
740 1688 809 1742 sit
835 1703 931 1744 ceu
956 1689 1406 1759 complementum
1433 1689 1805 1760 prarcedentis.

591 1777 740 1832 lianc
776 1777 1047 1832 homiliam
1076 1787 1333 1849 sequutus
1369 1789 1452 1835 est
1488 1795 1667 1837 sermo
1695 1781 1782 1850 (T.
1805 1782 1858 1837 4.
1878 1804 1925 1843 c.
1943 1783 2105 1854 619),

520 1868 611 1937 qui
637 1878 754 1938 post
785 1869 1042 1924 llomilias
1079 1872 1132 1924 in
1161 1870 1412 1926 Genesim
1441 1886 1613 1926 nonus
1633 1881 1972 1940 numeratur,
2017 1873 2110 1929 ubi

519 1961 640 2015 dum
683 1961 789 2016 illa:
817 1962 883 2017 de
921 1962 1112 2031 quibus
1152 1963 1313 2018 modo
1361 1964 1566 2035 egimus
1621 1965 1856 2021 homiliae
1902 1981 2110 2022 memo-

517 2060 703 2106 rantur
725 2094 740 2120 ,
769 2052 914 2107 etde
936 2053 1222 2110 Mulatione
1249 2057 1482 2111 nominis
1507 2057 1755 2123 Abrahce,
1779 2057 1953 2128 deque
1977 2058 2110 2113 alio-

518 2160 634 2200 rum
658 2147 931 2203 nominum
962 2150 1298 2220 propriorum
1319 2191 1334 2219 ,
1357 2165 1476 2220 qua:
1501 2149 1555 2205 in
1573 2150 1751 2206 Veteri
1769 2149 2111 2206 Testamento

517 2247 678 2304 sunt,
715 2238 1100 2310 signiﬁcatione
1133 2249 1405 2297 tractatur.
1439 2240 1497 2295 lu
1539 2240 1640 2296 hoc
1683 2254 1964 2305 sermone,
1987 2255 2111 2312 per-

518 2329 646 2385 inde
673 2340 832 2401 atque
860 2332 912 2386 in
938 2333 1363 2402 praecedentibus
1387 2333 1636 2400 homiliis,
1669 2333 1829 2405 longo
1847 2333 2111 2403 prooemio

519 2436 649 2478 usus
674 2433 755 2478 est
780 2423 1213 2497 Chrysostomus.
1244 2426 1379 2481 Hinc
1411 2427 1761 2497 querimoniae
1789 2427 1967 2497 populi
1993 2428 2109 2480 An-

519 2513 753 2569 tiocheni
779 2557 795 2583 ,
827 2517 895 2571 ob
933 2518 1151 2572 nimiam
1182 2518 1566 2588 prommiorum
1597 2519 1976 2589 prolixitatem.
2005 2519 2112 2574 Ctt-

515 2604 604 2675 jus
651 2607 998 2675 querimonia:
1055 2609 1372 2676 occasione,
1421 2609 1606 2679 paucis
1659 2608 1856 2679 elapsis
1924 2609 2110 2665 diebus

523 2695 666 2750 illam
694 2696 760 2751 de
795 2696 1027 2752 ferendis
1048 2698 1575 2768 Reprehensionibus
1603 2700 1876 2755 homiliam
1906 2700 2108 2766 habuit,

519 2803 678 2857 quam
709 2803 805 2843 nos
827 2787 880 2843 in
907 2791 1045 2845 serie
1073 2790 1408 2846 homiliarum
1428 2790 1495 2847 de
1509 2791 1794 2846 Nominum
1821 2793 2112 2849 mutati0ne

521 2879 733 2933 tertiam
764 2881 1010 2950 ponimus
1035 2923 1049 2948 ,
1081 2883 1201 2952 quia
1235 2882 1348 2952 ipsa
1378 2883 1504 2938 licet
1541 2884 1592 2938 in
1624 2884 1772 2954 prius
1802 2884 1958 2938 editis
1981 2883 2112 2952 .dis-

523 2981 693 3028 tracta
746 2983 799 3029 et
851 2976 1035 3044 procul
1085 2977 1153 3030 ab
1195 2977 1313 3031 aliis
1361 2977 1572 3048 posita,
1618 2992 1738 3033 sese
1791 2978 1966 3049 prodit
2010 2978 2112 3034 hoc

523 3065 712 3120 ordine
732 3067 1035 3135 ponendam
1065 3082 1186 3124 esse
1217 3084 1364 3123 num.
1398 3069 1432 3124 5
1459 3069 1543 3123 his
1571 3069 1753 3125 verbis
1785 3087 1798 3124 :
1824 3069 1905 3124 De
1941 3069 2110 3125 Paulo

520 3166 687 3212 autem
728 3177 890 3214 sermo
920 3161 1060 3214 nobis
1105 3178 1265 3232 nuper
1296 3172 1443 3230 erat,
1473 3161 1676 3232 quando
1719 3163 1781 3216 de
1829 3163 2111 3217 nominibus

521 3251 918 3319 disserebamus,
950 3252 1393 3324 qnwrebamusque
1430 3271 1519 3308 cur
1560 3255 1833 3324 aliquando
1875 3254 2065 3310 Saulus
2091 3295 2106 3322 ,

519 3351 692 3411 postea
719 3358 832 3396 vero
871 3341 1070 3399 Paulus
1114 3354 1316 3399 vocatus
1362 3344 1534 3415 fuerit.
1581 3343 1715 3400 Inde
1749 3361 1864 3400 vero
1898 3346 2112 3416 digressi

519 3449 691 3488 sumus
725 3435 793 3488 ad
825 3446 1033 3492 veterem
1076 3438 1339 3493 historiam
1361 3478 1377 3502 ,
1405 3455 1576 3492 omnes
1621 3438 1708 3508 qui
1747 3439 1851 3492 alia
1904 3441 2112 3494 nomina

522 3524 799 3579 habuerant
822 3529 1233 3584 examinavimus.
1253 3529 1432 3600 Pergit
1452 3529 1609 3584 etiam
1633 3529 1683 3583 in
1707 3528 1810 3585 hac
1828 3531 2108 3598 concione,

521 3631 584 3671 ac
609 3616 856 3689 disquirit
898 3636 995 3675 cur
1034 3621 1201 3677 Paulo
1245 3637 1442 3676 nomen
1485 3630 1744 3676 mutatum
1782 3622 1888 3690 sit,
1920 3631 1973 3677 et
2013 3637 2112 3678 cur

523 3724 630 3764 non
670 3711 848 3764 statim
890 3710 959 3765 ab
1001 3712 1118 3782 ejus
1163 3715 1513 3768 conversione
1549 3732 1562 3767 :
1601 3713 1696 3768 sed
1737 3728 1843 3767 non
1893 3713 2111 3769 modico

522 3809 646 3871 post
673 3801 818 3856 illam
858 3810 1098 3872 tempore
1127 3805 1338 3875 excepit
1366 3804 1587 3859 homilia
1621 3803 1673 3858 in
1707 3803 1837 3859 illud
1861 3847 1876 3872 ,
1910 3803 2110 3861 Paulus

521 3902 762 3960 vocatus,
791 3893 843 3947 in
900 3894 1052 3964 cujus
1109 3896 1286 3952 medio
1339 3897 1478 3952 idem
1526 3898 1700 3968 ipsum
1746 3899 1914 3969 tangit
1955 3913 2113 3970 argu-

522 3991 796 4049 mentum,
824 3992 879 4039 et
922 3994 1029 4040 tres
1060 3986 1266 4056 priores
1308 3986 1556 4043 homilias
1593 3997 1981 4045 commemorat
2026 3989 2110 4047 his

521 4075 703 4130 verbis
729 4091 744 4127 :
778 4074 917 4128 Nam
943 4076 986 4130 si
1007 4076 1345 4131 recordamini
1365 4119 1382 4144 ,
1411 4088 1509 4134 tres
1538 4079 1759 4150 integros
1787 4080 1892 4135 dies
1915 4081 1978 4137 de
2001 4084 2110 4138 solo

521 4163 616 4217 hoc
644 4165 845 4218 nomine
873 4165 1165 4221 disseruisse
1186 4183 1263 4221 me
1290 4168 1430 4222 scitis
1448 4209 1463 4235 ,
1497 4187 1608 4223 cum
1637 4187 1814 4226 causas
1842 4171 2107 4243 aﬁ'errem,

521 4253 584 4307 ob
609 4269 734 4324 quas
756 4295 771 4320 ,
799 4270 914 4308 cum
955 4254 1149 4311 Saulus
1190 4269 1339 4312 antea
1380 4270 1659 4328 vocaretur,
1688 4260 1888 4318 Paulus
1931 4264 2113 4320 deinde

518 4355 724 4400 vocatus
750 4356 864 4414 est,
892 4359 938 4402 et
971 4364 1121 4419 quam
1160 4351 1221 4404 ob
1247 4366 1352 4404 rem
1385 4367 1485 4405 non
1513 4352 1680 4407 statim
1707 4353 1776 4407 ad
1808 4355 1961 4423 ﬁdem
1991 4372 2112 4411 con-

520 4450 690 4491 versus
737 4437 871 4492 hanc
916 4441 1312 4510 appellationem
1363 4445 1594 4516 accepit,
1646 4445 1736 4499 sed
1788 4445 1856 4498 ad
1897 4448 2111 4501 multum

520 4537 716 4600 tempus
741 4546 923 4585 nomen
949 4533 1152 4586 retinuit
1175 4575 1190 4600 ,
1221 4533 1356 4604 quod
1380 4533 1458 4588 illi
1488 4545 1716 4606 parentes
1743 4536 2107 4608 imposuerant.

519 4619 724 4686 Quibus
765 4631 872 4678 tres
911 4623 1072 4679 hasce
1113 4626 1321 4695 priores
1373 4626 1442 4682 de
1489 4627 1772 4683 Nominum
1815 4629 2109 4687 mutatione

519 4709 767 4769 homilias
802 4715 871 4769 ita
901 4716 1104 4773 diserte
1140 4728 1559 4786 commemorat,
1589 4730 1646 4775 ut
1692 4721 1834 4776 nulla
1877 4724 2111 4794 supersit

521 4804 805 4863 adversum
833 4810 1135 4878 suspicandi
1162 4827 1343 4866 causa.
1367 4814 1459 4868 ":B
1487 4830 1646 4885 porro
1674 4826 1900 4887 quatuor
1935 4817 2109 4873 homi-

519 4898 608 4954 lite
638 4899 689 4953 in
717 4899 862 4968 prius
909 4903 1064 4957 editis
1108 4903 1180 4957 ita
1221 4904 1490 4961 distracta:
1513 4949 1529 4974 ,
1555 4916 1642 4975 et,
1675 4919 1733 4965 ut
1782 4911 1854 4966 ita
1895 4911 2068 4967 dicam
2089 4953 2106 4981 ,

519 4989 789 5058 dissipatae
815 5002 962 5047 erant
985 5034 1000 5058 ,
1030 5001 1089 5048 ut
1111 4995 1324 5050 nonnisi
1349 5011 1468 5051 cum
1499 4999 1695 5069 ingenti
1726 5001 1908 5059 labore
1927 5014 2111 5074 posset

519 5094 703 5134 earum
731 5083 900 5138 series
931 5084 1260 5154 internosci,
1307 5089 1754 5157 quemadmodum
1803 5103 1858 5148 et
1903 5110 2107 5164 praece-

521 5171 708 5227 dentes
735 5173 852 5228 alite
882 5175 934 5229 in
961 5177 1217 5232 Actorum
1240 5179 1664 5249 inscriptionem.
1687 5181 1896 5248 Quanto
1927 5194 2106 5241 autem

519 5264 572 5319 id
615 5265 874 5322 lectorum
904 5267 1186 5340 dispendio
1213 5271 1469 5329 acciderit
1495 5316 1511 5341 ,
1545 5283 1742 5329 norunt
1783 5276 1857 5344 ii,
1889 5278 1981 5348 qui
2022 5281 2107 5337 vel

518 5358 842 5430 primoribus
872 5359 1038 5417 labris
1066 5379 1179 5420 rem
1217 5364 1633 5420 ecclesiasticam
1660 5366 1949 5426 literariam
1978 5372 2106 5428 atti-

508 5464 728 5525 gerunt.

593 5542 839 5602 Homiliaz
866 5548 929 5604 de
967 5547 1291 5606 Ptenitentia.
1319 5581 1386 5592 —
1411 5550 1667 5622 Homilies
1695 5553 1762 5610 de
1787 5553 2106 5613 Pcenitentia

521 5647 642 5706 post
667 5653 861 5693 annum
893 5639 998 5696 595
1023 5656 1144 5696 cum
1170 5641 1514 5699 Tillemontio
1547 5660 1614 5700 ex
1659 5645 1762 5701 levi
1801 5648 2107 5716 conjectura

522 5731 788 5798 ponimus.
821 5730 988 5789 Tanta
1030 5743 1207 5791 autem
1239 5744 1318 5792 est
1347 5739 1399 5792 lu
1427 5749 1610 5794 eorum
1655 5738 1842 5797 ordine
1889 5751 2101 5813 pertur-

1611 291 1668 346 S.
1710 285 1990 345 JOANNIS
2028 285 2503 346 CHRYSOSTOMI
2532 288 2689 346 VlTA
2709 329 2728 359 ,

3704 289 3803 347 Mli

2221 404 2366 460 batio
2395 402 2484 464 (T.
2503 405 2558 460 2.
2590 423 2638 459 c.
2657 404 2809 478 277),
2837 414 2896 461 ut
2923 404 3140 462 difﬁcile
3160 403 3230 461 sit
3248 404 3427 462 dicere
3454 421 3573 477 quas
3601 407 3769 477 prima
3787 449 3805 476 ,

2215 510 2336 564 qua:
2361 496 2620 562 secunda,
2645 512 2764 566 quae
2805 496 2960 552 tertia
2993 495 3174 552 habita
3205 495 3384 552 fuerit.
3415 495 3522 552 Sed
3548 497 3614 552 ad
3635 497 3807 554 Moni—

2215 595 2331 639 tum
2386 587 2438 641 in
2493 586 2710 642 easdem
2758 588 3054 655 mittimus,
3100 588 3193 643 ubi
3247 587 3362 642 hmc
3419 603 3516 659 pro
3559 587 3812 647 facultate

2213 679 2582 734 discussimus.
2616 679 2843 735 iiomilia
2896 688 3073 735 tamen
3119 688 3331 750 quarta,
3363 681 3517 750 cujus
3563 681 3800 750 initium,

2214 768 2458 824 Pastores
2487 785 2634 836 oves,
2659 766 2782 839 jure
2801 777 3004 839 quartas
3032 771 3250 825 nomine
3276 770 3562 842 insignitur
3593 789 3606 825 :
3640 787 3812 842 quan-

2214 858 2500 929 doquidem
2549 859 2966 932 Chrysostomus
3014 860 3166 915 initio
3211 861 3340 916 dicit
3375 877 3435 917 se
3473 863 3584 932 jam
3622 872 3812 933 quarta

2215 954 2331 1008 vice
2373 962 2428 1008 et
2455 953 2544 1009 die
2568 953 2638 1009 de
2659 953 2972 1023 poenitentia
3001 967 3180 1024 agere.
3209 952 3316 1008 Sed
3346 968 3476 1010 cave
3509 963 3665 1024 putes
3691 971 3815 1026 per-

2215 1045 2340 1101 inde
2363 1056 2570 1102 certum
2596 1060 2715 1102 esse
2743 1061 2861 1102 eam
2888 1087 2902 1112 ,
2929 1054 3040 1102 tres
3067 1045 3187 1102 illas
3231 1061 3365 1116 quas
3392 1047 3600 1117 priores
3631 1051 3818 1118 posui.-

2215 1152 2353 1203 mus,
2385 1146 2477 1192 aut
2505 1137 2740 1207 aliquam
2768 1153 2837 1193 ex
2862 1137 2981 1193 aliis
3004 1145 3283 1208 sequutam
3311 1153 3451 1193 esse.
3480 1138 3702 1194 Planum
3732 1149 3816 1197 est

2215 1234 2366 1294 tres,
2410 1235 2536 1282 ante
2580 1227 2722 1282 hanc
2763 1235 3046 1297 quartam,
3091 1227 3158 1283 de
3206 1228 3519 1298 paenitentia
3566 1229 3814 1286 homilias

2214 1314 2384 1371 dictas
2409 1314 2575 1371 fuisse
2598 1357 2614 1383 ,
2651 1316 2747 1373 sed
2785 1319 2950 1372 hasne
2986 1327 3094 1373 tres
3117 1358 3135 1386 ,
3161 1334 3294 1389 quas
3329 1320 3720 1390 praemisimus,
3744 1337 3813 1378 an
3863 1329 3866 1332 ‘

2213 1407 2378 1476 alias,
2411 1409 2647 1478 ignotum
2669 1423 2888 1478 prorsus
2919 1417 3022 1464 est.
3039 1410 3337 1466 Antiochia:
3359 1420 3537 1467 autem
3563 1428 3809 1483 pronun-

2215 1499 2400 1553 tiatam
2429 1499 2595 1554 fuisse
2624 1499 2853 1556 suadent
2876 1501 2992 1556 hate
3017 1501 3176 1556 verba
3207 1517 3356 1557 num.
3381 1502 3450 1557 2:
3482 1503 3818 1576 Quandoqui-

2219 1589 2334 1645 dem
2361 1606 2453 1645 nos
2478 1607 2594 1644 cum
2632 1590 3038 1662 exagitabamur,
3060 1593 3224 1646 vexati
3249 1597 3412 1665 fame,
3444 1605 3581 1664 peste
3603 1636 3617 1661 ,
3651 1613 3812 1666 gran-

2219 1680 2372 1748 dine,
2417 1681 2638 1736 siccitate
2661 1723 2676 1748 ,
2709 1683 2990 1750 incendiis,
3023 1683 3240 1738 hostium
3279 1685 3604 1755 incursione,
3646 1705 3818 1743 nonne

2213 1771 2436 1844 quotidie
2486 1773 2697 1828 ecclesia
2749 1774 3070 1828 multitudine
3110 1775 3508 1831 convenientium
3571 1789 3816 1849 angusta-

2221 1863 2369 1918 batur
2386 1861 2525 1918 ?.....
2553 1863 2836 1937 Postquam
2855 1874 3025 1920 autem
3054 1865 3192 1922 Deus
3215 1869 3344 1922 iram
3364 1868 3596 1938 deposuit
3620 1909 3636 1936 ,
3667 1880 3821 1940 atque

2215 1963 2328 2026 post
2356 1963 2520 2010 tantos
2546 1957 2734 2025 ﬂuctus
2763 1957 3038 2027 procellunt
3062 1956 3247 2029 abegit,
3276 1958 3344 2012 ad
3364 1959 3603 2030 pristinos
3631 1962 3822 2016 iterant

2214 2062 2378 2100 mores
2407 2048 2591 2102 reversi
2617 2063 2810 2102 sumus.
2834 2048 2985 2120 Atqui
3020 2049 3075 2102 in
3102 2049 3213 2121 ipso
3239 2050 3568 2104 tentationum
3590 2061 3824 2122 tempore

2219 2137 2328 2192 haec
2366 2139 2640 2209 praedicere
2675 2149 2720 2194 et
2749 2141 3010 2210 testiﬁcari
3049 2158 3151 2196 non
3197 2143 3511 2198 desistebam.
3563 2145 3662 2201 llic
3701 2146 3825 2201 1οη-

2214 2243 2336 2299 gam
2371 2229 2733 2285 calamitatum
2771 2233 2968 2287 seriem
2997 2241 3262 2289 memorat
3285 2274 3301 2301 ,
3344 2235 3536 2304 quibus
3576 2251 3826 2306 praesens

2215 2318 2331 2388 ipse
2359 2327 2510 2387 erat,
2541 2328 2599 2376 et
2636 2321 3056 2378 concionabatur
3088 2339 3102 2376 :
3133 2339 3252 2394 quae
3293 2325 3473 2380 omnia
3503 2329 3716 2382 nonnisi
3747 2328 3822 2382 ad

2217 2418 2469 2482 tempus,
2510 2428 2616 2483 quo
2667 2413 2970 2470 Antiochiae
3025 2416 3306 2488 presbyter
3352 2427 3506 2485 erat,
3553 2420 3827 2490 quadrare

2215 2512 2459 2574 possunt.
2501 2505 2744 2561 Hostium
2783 2522 2914 2562 vero
2963 2508 3210 2565 incursus
3260 2519 3406 2580 putat
3437 2510 3819 2567 Tillemontius

2217 2610 2340 2650 esse
2367 2596 2702 2652 invasionem
2737 2599 2882 2654 illam
2910 2598 3246 2668 Hunnorum,
3264 2617 3382 2671 quae
3409 2616 3549 2656 anno
3568 2602 3675 2658 395
3695 2618 3827 2658 con-

2218 2687 2548 2758 tigitzquod
2600 2698 2686 2745 sat
2745 2689 2962 2760 quidem
3017 2693 3312 2749 verisimile
3356 2694 3583 2750 videtur.
3633 2695 3703 2751 Ut
3757 2707 3827 2753 ut

2217 2791 2347 2832 vero
2375 2788 2457 2833 est
2476 2819 2492 2844 ,
2527 2779 2668 2835 hanc
2695 2781 2746 2836 in
2777 2781 3014 2849 ultimos,
3045 2784 3237 2854 quibus
3270 2785 3570 2842 Antiochiae
3597 2789 3826 2844 concio-

2217 2879 2376 2926 natus
2403 2881 2507 2939 est,
2539 2888 2712 2930 annos
2760 2884 3060 2945 opportune
3085 2878 3380 2949 rejicimus.

2286 2962 2479 3031 Quinta
2506 3005 2528 3032 ,
2553 2967 2703 3036 cujus
2750 2967 2980 3036 initium,
3009 2969 3154 3026 Lazta
3196 2972 3338 3028 nobis
3367 2973 3517 3028 hodie
3549 2991 3610 3029 ac
3639 2975 3828 3047 festiva

2215 3053 2512 3124 celebritas,
2539 3067 2620 3111 est
2643 3059 3023 3128 pulcherrima,
3055 3078 3218 3132 quam
3253 3063 3315 3118 de
3345 3066 3549 3136 jejunio
3574 3109 3590 3132 ,
3622 3067 3828 3122 inscri-

2215 3145 2323 3215 psit
2355 3145 2607 3203 Savilius.
2639 3149 2710 3204 Et
2729 3161 2813 3206 est
2833 3153 3046 3223 quidem
3071 3154 3137 3210 de
3153 3155 3359 3226 jejunio
3383 3199 3398 3224 ,
3425 3158 3521 3213 sed
3549 3161 3828 3230 pneeipue

2215 3235 2282 3291 de
2323 3240 2637 3307 pmnitentia
2662 3282 2676 3307 ,
2705 3258 2822 3313 qum
2862 3260 2968 3314 quo
3018 3257 3173 3316 pacto
3221 3263 3341 3303 cum
3389 3251 3511 3308 aliis
3546 3251 3830 3310 cohtnreat
3911 3302 3918 3306 .

2215 3327 2546 3398 deprehendi
2578 3333 2726 3388 nullo
2767 3335 2929 3390 modo
2956 3347 3150 3406 potest.
3179 3339 3480 3397 Antiochia:
3508 3359 3636 3399 vero
3663 3343 3828 3400 habi-

2217 3429 2325 3476 tam
2352 3421 2518 3480 fuisse
2555 3425 2752 3482 indicat
2781 3427 3230 3500 Chrysostomus,
3261 3449 3382 3488 cum
3425 3436 3826 3494 monachorum

2216 3514 2269 3569 in
2297 3517 2570 3574 montibus
2601 3519 2844 3588 proxime
2883 3519 3190 3592 degentium
3216 3527 3520 3596 exemplum
3562 3530 3826 3587 conside—

2214 3607 2444 3662 randum
2470 3608 2680 3677 oll'erat,
2705 3620 2761 3665 ut
2787 3611 2923 3668 solet
2946 3613 3001 3667 in
3022 3615 3367 3672 concionibus
3391 3619 3689 3676 Antiochia:
3714 3620 3829 3677 ha~

2217 3698 2364 3754 bilis.

2288 3793 2472 3863 Sexta,
2503 3798 2660 3866 cujus
2686 3797 2917 3867 initium,
2953 3799 3118 3867 Quam
3147 3803 3370 3873 jucundi
3395 3805 3714 3876 spirituales,
3741 3806 3822 3864 de

2213 3886 2418 3958 jejunio
2449 3890 2685 3946 maxime
2719 3891 2867 3962 agit:
2901 3907 2968 3946 an
3008 3909 3139 3948 vero
3179 3896 3512 3965 Antiochiae,
3552 3913 3619 3952 an
3666 3897 3823 3955 Con-

2161 3982 2166 3986 ’
2217 3980 2563 4050 stantinopoli
2616 3979 2794 4036 habita
2839 3983 3036 4051 fuerit,
3075 3985 3256 4054 nullo,
3289 3998 3346 4042 ut
3390 3988 3619 4057 videtur,
3647 3990 3822 4047 modo

2218 4069 2552 4140 deprehendi
2584 4081 2781 4142 potest.
2808 4073 3066 4129 ilomilias
3113 4077 3233 4131 illas
3271 4077 3401 4134 duas
3445 4080 3500 4134 in
3539 4081 3819 4138 Psalmum

2214 4165 2738 4236 quinquagesimum,
2766 4182 2887 4238 qua:
2916 4168 2968 4222 in
2991 4170 3176 4240 quinto
3193 4171 3362 4226 Tomo
3389 4173 3562 4228 locum
3587 4174 3816 4246 habent,

2215 4265 2403 4326 putant
2426 4258 2642 4328 quidam
2663 4261 3010 4316 concionibus
3026 4261 3093 4317 de
3113 4262 3429 4319 Ptenitentia
3446 4265 3819 4338 adjungendas

2215 4363 2336 4404 esse
2375 4367 2390 4404 :
2432 4359 2529 4417 at,
2556 4360 2614 4406 ut
2657 4367 2757 4408 suo
2809 4353 2930 4410 loco
2979 4354 3195 4425 dicitur,
3225 4371 3348 4413 cum
3391 4358 3496 4414 illis
3533 4359 3819 4418 cohaarere

2214 4458 2376 4513 posse
2402 4458 2510 4499 non
2536 4445 2810 4502 videntur.

2286 4538 2420 4616 Tros
2445 4554 2734 4612 sequentes
2759 4544 3016 4614 homilite,
3050 4562 3243 4618 nempe
3264 4550 3511 4620 septima,
3537 4559 3725 4606 octava
3755 4562 3818 4608 et

2215 4645 2355 4686 nona
2376 4674 2391 4698 ,
2415 4648 2522 4688 non
2565 4650 2721 4705 pares
2773 4635 3135 4694 Germanitatis
3185 4649 3340 4696 notas
3366 4657 3475 4712 pro:
3516 4657 3574 4697 se
3604 4643 3813 4699 lerunt.

2213 4722 2396 4796 Stylus
2435 4724 2855 4798 aChrysostomi
2899 4730 3162 4802 elegantia
3209 4747 3313 4787 non
3356 4748 3539 4803 parum
3579 4736 3814 4792 recedit.

2213 4817 2572 4884 Quamobrem
2601 4837 2708 4877 non
2753 4824 2871 4879 sine
2907 4825 3088 4895 aliquo
3114 4827 3366 4897 scrupulo
3395 4843 3486 4883 eas
3511 4828 3649 4882 inter
3687 4844 3810 4898 ger.

2213 4926 2371 4989 mana
2392 4912 2764 4985 Chrysostomi
2792 4931 2953 4986 opera
2991 4919 3375 4989 relinquimus;
3407 4935 3506 4975 nec
3536 4928 3716 4974 tamen
3741 4917 3814 4974 ab

2214 4981 2318 5059 illis
2343 5004 2699 5075 sejungendas
2725 5021 2845 5062 esse
2871 5007 3141 5077 duximus,
3171 5009 3420 5080 quoniam
3461 5019 3520 5063 ut
3548 5009 3661 5078 jam
3683 5009 3810 5064 alibi

2211 5099 2537 5166 monuimus,
2565 5099 2850 5155 indicendi
2876 5116 3073 5171 genere
3102 5117 3208 5156 non
3233 5116 3446 5172 semper
3469 5101 3574 5157 sibi
3600 5110 3808 5156 constat

2213 5187 2266 5244 S.
2292 5188 2495 5244 doctor.
2518 5191 2666 5245 Alias
2708 5191 2928 5262 insuper
2967 5193 3339 5266 Chrysostomi
3381 5193 3449 5249 de
3489 5193 3807 5248 Ptenitentia

2213 5279 2461 5336 homilias
2486 5281 2779 5353 habemus,
2822 5300 2954 5355 quas
2989 5294 3173 5358 utpote
3217 5286 3426 5358 spurias
3451 5287 3505 5343 in
3535 5284 3809 5355 Appendi-

2210 5389 2327 5430 eem
2357 5375 2738 5446 ablegavimus.

2285 5466 2597 5525 Innumeras
2653 5469 2948 5527 Antiochiae
2998 5471 3183 5528 habuit
3233 5473 3524 5530 conciones
3571 5471 3781 5545 Chryse

2212 5566 2418 5615 stomus
2440 5601 2456 5628 ,
2484 5576 2708 5631 quarum
2741 5577 2932 5634 magna
2959 5578 3083 5634 pars
3105 5563 3250 5619 edita
3285 5563 3383 5620 fuit
3404 5606 3420 5631 ,
3447 5574 3501 5620 et
3530 5579 3683 5620 nova:
3718 5565 3769 5617 in
3792 5594 3807 5602 -

2212 5649 2424 5705 terdum
2447 5665 2477 5704 a
2505 5651 2739 5707 tenebris
2766 5662 3044 5709 eruuntur.
3070 5654 3148 5710 Ex
3177 5653 3339 5711 editis
3372 5669 3503 5711 vero
3543 5669 3805 5726 quarum-

2211 5747 2333 5803 dam
2376 5758 2571 5800 annum
2610 5759 2715 5815 quo
2741 5745 2897 5803 dicta:
2940 5745 3151 5805 luerunt
3199 5748 3548 5807 indicavimus
3596 5748 3678 5802 vel
3728 5759 3798 5803 ex
