4110 6148
307 314 404 370 145

302 427 462 482 certis
487 428 630 482 notis
651 468 666 494 ,
691 427 780 484 vel
817 442 888 484 ex
919 426 1225 498 conjectura
1267 433 1470 480 tantum
1533 441 1547 477 :
1574 431 1888 478 camerarum

303 529 646 588 sntem,qua:
691 519 848 589 longe
892 518 1083 590 majori
1129 532 1354 573 numero
1390 524 1549 582 sunt,
1580 528 1776 569 annum
1823 525 1893 566 ne

303 611 609 680 conjectura
644 610 860 682 quidem
894 609 1110 681 assequi
1157 622 1460 681 possumus.
1485 606 1562 662 De
1599 604 1684 661 his
1726 616 1892 676 porro

307 704 409 780 iam
433 702 698 776 agendum
728 702 884 760 nobis
909 710 1013 759 est.

373 791 624 850 Encomia
667 791 827 848 Pauli
869 791 1123 865 Apostoli.
1145 793 1306 849 —Et
1350 792 1524 864 primo
1561 787 1775 861 quidem
1823 786 1892 844 de

309 880 454 941 Pauli
472 881 738 936 encomiis
758 877 844 952 (T.
868 879 925 934 2.
944 895 988 932 c.
1019 877 1147 946 469)
1177 893 1274 932 seu
1300 876 1639 934 sermonibus
1657 887 1888 946 septem,

306 987 440 1046 quos
463 973 689 1028 omnino
715 985 1018 1026 memorare
1044 969 1256 1024 videtur
1276 970 1330 1023 in
1353 969 1582 1024 Ilomilia
1615 969 1667 1022 in
1693 967 1895 1022 Kalen-

303 1066 420 1131 dss,
436 1064 527 1120 ubi
543 1063 624 1119 sic
641 1063 803 1119 habet
817 1063 974 1133 paulo
989 1071 1111 1132 post
1131 1061 1360 1116 initium.
1381 1061 1566 1130 Nuper
1585 1062 1759 1132 igitur,
1779 1077 1893 1114 cum

299 1156 505 1214 beatum
548 1156 774 1212 Paulum
800 1156 1039 1211 encomiis
1064 1155 1431 1210 celebraremus
1477 1153 1564 1228 (T.
1600 1155 1652 1209 1.
1679 1170 1726 1209 c.
1761 1154 1887 1210 955.

275 1241 336 1333 ξι.
365 1250 485 1321 20),
510 1252 582 1305 sic
601 1250 959 1316 exsultavistis,
996 1266 1058 1302 ac
1085 1249 1128 1302 si
1153 1250 1321 1318 ipsum
1357 1257 1652 1317 praesentem
1676 1249 1888 1300 vidisse-

299 1339 481 1393 tis.....
520 1338 760 1394 Volebam
791 1350 960 1395 autem
984 1340 1038 1394 in
1062 1340 1196 1395 idem
1235 1348 1588 1412 argumentum
1627 1339 1778 1395 hodie
1804 1339 1894 1394 de-

295 1431 576 1496 scendere;
606 1431 694 1485 sed
719 1432 786 1485 ad
805 1431 910 1485 alia
933 1431 1169 1502 quaedam
1189 1472 1204 1500 ,
1227 1447 1341 1502 quae
1366 1432 1526 1503 magis
1551 1440 1750 1502 urgent,
1777 1446 1894 1485 ora-

295 1522 370 1574 tio
418 1530 594 1577 nostra
633 1521 959 1592 provehitur;
984 1524 1038 1576 in
1074 1522 1253 1593 quibus
1297 1539 1330 1576 a
1371 1531 1476 1576 tota
1504 1521 1654 1577 hodie
1697 1521 1895 1576 civitate

293 1621 558 1684 peccatur.
584 1613 687 1668 Eos
708 1613 841 1668 enim
862 1655 878 1681 ,
907 1614 994 1684 qui
1013 1614 1243 1668 encomia
1268 1613 1425 1669 Pauli
1453 1614 1633 1669 audire
1659 1615 1889 1686 cupiunt,

293 1706 442 1776 prius
469 1705 668 1759 uirtutis
693 1704 853 1760 Pauli
877 1706 1088 1762 tumulos
1121 1722 1226 1761 esse
1251 1715 1484 1777 oportet,
1515 1715 1562 1760 et
1601 1706 1894 1773 huiusmodi

292 1802 539 1852 concione
567 1797 766 1868 dignos.
795 1797 893 1852 llic
929 1796 1081 1852 vides
1105 1796 1394 1852 conciones
1434 1796 1487 1851 in
1513 1795 1736 1851 Paulum
1780 1803 1892 1850 tum

288 1887 404 1959 jam
433 1888 645 1944 habitas
671 1928 686 1952 ,
714 1896 827 1944 tum
854 1898 976 1959 post
1004 1887 1278 1944 habendas
1306 1885 1596 1944 memorari
1621 1928 1637 1954 ,
1667 1901 1892 1957 quarum

288 1989 675 2050 argumentum
706 1988 861 2036 erant
888 1981 1132 2036 encomia
1159 1979 1331 2037 Pauli.
1353 1979 1420 2034 Et
1442 1988 1623 2036 tamen
1635 1979 1894 2034 Herman-

288 2073 404 2129 tius
441 2074 691 2144 opinatus
726 2083 844 2143 est,
880 2073 1012 2130 illud
1040 2073 1190 2129 Pauli
1237 2073 1540 2129 encomium
1572 2073 1624 2129 in
1664 2073 1893 2129 Homilia

287 2165 364 2221 de
389 2165 644 2221 Kalendis
673 2174 1027 2222 memoratum
1049 2207 1064 2234 ,
1099 2166 1285 2223 haberi
1314 2167 1370 2222 in
1393 2167 1624 2222 Humilia
1651 2167 1718 2223 de
1746 2167 1891 2222 Peti-

289 2260 447 2314 tione
475 2257 708 2313 filiorum
748 2257 998 2313 Zebedaei
1026 2273 1176 2313 num.
1205 2259 1260 2326 5,
1293 2258 1385 2314 ubi
1411 2258 1582 2315 obiter
1603 2259 1751 2314 Pauli
1778 2260 1892 2314 lau-

287 2349 391 2405 des
419 2349 641 2420 attingit
666 2348 1495 2422 Cbrysostomus.Tillemontius
1522 2366 1670 2418 vero,
1695 2353 1893 2421 rejecta

288 2441 601 2498 llermantii
628 2441 917 2513 opinione,
945 2449 1098 2513 putat
1123 2441 1397 2497 homiliam
1436 2442 1490 2497 in
1531 2441 1790 2498 concione
1827 2441 1894 2498 de

292 2532 559 2588 Kalendis
585 2541 935 2588 memoratam
962 2548 1082 2588 eam
1111 2548 1232 2588 esse
1252 2575 1268 2600 ,
1299 2533 1451 2604 cujus
1478 2533 1681 2600 titulus,
1707 2534 1896 2600 Quales

287 2624 548 2679 ducenda:
575 2625 677 2679 sint
701 2641 888 2680 uxores
911 2667 926 2693 ,
953 2625 1044 2681 ubi
1072 2625 1266 2680 Paulus
1295 2625 1586 2681 identidem
1624 2626 1892 2681 laudatur.

289 2715 526 2781 Verum,
572 2725 629 2771 ut
669 2731 734 2772 es
781 2716 1026 2788 superius
1061 2715 1240 2770 allatis
1278 2715 1454 2772 verbis
1497 2715 1757 2788 liquidum
1789 2724 1892 2786 est,

291 2824 405 2865 non
438 2809 619 2880 agitur
658 2810 729 2866 ibi
756 2809 825 2866 de
863 2809 1109 2866 laudibus
1146 2809 1341 2877 Pauli,
1373 2825 1506 2880 quas
1547 2809 1896 2866 concionibus

287 2906 405 2962 suis
434 2948 451 2975 ,
481 2904 768 2976 cujuslibet
799 2904 1010 2961 tandem
1034 2904 1334 2976 argumenti
1368 2904 1510 2972 sint,
1539 2903 1738 2974 passim
1778 2903 1897 2957 obi-

289 3006 489 3068 terque
535 2997 812 3053 interserit
885 2995 1338 3069 Chrysostomus,
1390 2995 1536 3067 quod
1603 2993 1900 3065 saepissime

290 3103 430 3144 sane
456 3089 757 3160 contingit;
786 3087 881 3144 sed
915 3087 982 3144 de
1003 3088 1352 3143 concionibus
1377 3087 1645 3158 plurimis,
1672 3102 1897 3158 quarum

287 3191 674 3255 argumentum
697 3191 852 3238 erant
875 3181 1120 3237 encomia
1140 3180 1312 3236 Pauli:
1334 3181 1412 3235 Ad
1436 3180 1686 3246 eamdem,
1702 3179 1894 3250 inquit,

288 3289 480 3329 rursus
507 3273 825 3345 hypothesim
861 3272 1160 3328 descendere
1183 3271 1410 3327 volebam
1431 3286 1457 3334 ,°
1487 3271 1540 3326 id
1565 3279 1684 3337 est,
1715 3284 1900 3327 rursus

288 3365 358 3420 de
430 3365 585 3420 Pauli
642 3364 891 3420 laudibus
933 3365 1245 3420 concionari
1299 3363 1545 3420 volebam
1581 3378 1730 3434 :quo
1773 3363 1900 3435 quid

289 3457 480 3526 aliud,
512 3473 730 3530 quaeso,
761 3457 988 3514 indicari
1045 3459 1252 3529 possit,
1299 3473 1462 3530 quam
1507 3472 1788 3514 sermones
1832 3457 1901 3514 de

291 3549 469 3608 Paulo
495 3553 742 3624 apostolo
759 3594 777 3622 ,
805 3551 876 3609 de
904 3551 1098 3624 quibus
1126 3567 1270 3608 nunc
1295 3553 1544 3624 agimus?

367 3645 445 3701 Ut
467 3656 673 3702 eertum
694 3654 777 3702 est
808 3647 904 3703 has
923 3646 1210 3704 conciones
1224 3647 1523 3703 Antiochiae
1543 3646 1714 3704 dictas
1738 3647 1903 3704 fuisse

292 3738 454 3807 (nam
482 3737 538 3792 id
567 3746 754 3808 aperte
783 3737 982 3794 indicat
1009 3738 1426 3810 Chrysostomus
1463 3739 1682 3796 homilia
1713 3750 1900 3812 quarta

293 3827 365 3884 de
406 3828 559 3884 Pauli
597 3829 864 3898 laudibus,
892 3830 982 3886 ubi
1009 3830 1078 3887 de
1108 3832 1306 3901 templo
1335 3831 1600 3902 Apollinis
1629 3833 1681 3886 in
1707 3833 1904 3888 subur-

292 3921 388 3978 bio
412 3921 709 3991 Daphnesa
731 3921 953 3980 fulmine
976 3931 1116 3979 tacto
1134 3925 1298 3980 verba
1324 3924 1473 3995 facit)
1505 3944 1519 3980 :
1548 3925 1619 3980 ita
1641 3925 1709 3980 de
1739 3940 1900 3991 anno,

295 4029 408 4084 quo
431 4013 549 4068 haec
578 4015 931 4071 concionatus
961 4025 1062 4083 est,
1095 4016 1228 4072 nihil
1255 4017 1339 4072 vel
1366 4027 1571 4073 certum
1607 4018 1693 4073 vel
1718 4018 1904 4074 admo-

294 4105 431 4161 dum
462 4106 743 4177 probabile
767 4109 924 4164 statui
951 4117 1146 4180 potest.
1183 4109 1386 4165 Eodem
1407 4122 1608 4177 autem,
1651 4125 1758 4181 quo
1793 4112 1904 4166 llo-

297 4200 466 4255 milire
507 4199 560 4254 in
589 4197 880 4268 Kalendas,
927 4216 1072 4256 anno
1105 4201 1188 4258 ha:
1217 4204 1506 4259 conciones
1531 4203 1728 4259 habita:
1757 4212 1902 4273 sunt,

296 4301 466 4361 atque
498 4298 554 4345 ut
579 4290 993 4362 Chrysostomus
1020 4293 1115 4358 ait,
1145 4293 1390 4350 llomiliae
1425 4295 1477 4350 in
1514 4293 1780 4351 Kalendas
1816 4295 1906 4351 Ja-

301 4385 505 4450 nuarii,
544 4384 796 4440 Encomia
826 4400 922 4442 seu
956 4401 1236 4442 sermones
1261 4387 1314 4442 in
1349 4387 1569 4444 Paulum
1603 4389 1908 4459 intercepe-

301 4489 474 4533 runt:
502 4477 575 4534 ita
611 4487 670 4535 ut
703 4494 775 4535 ex
816 4480 1156 4536 sermonibus
1183 4481 1236 4536 in
1263 4480 1506 4546 Paulum,
1552 4481 1769 4552 quidam
1811 4480 1907 4538 Ja-

279 4571 556 4645 {nuarium
601 4588 840 4628 mensem
891 4574 1298 4644 praecesserint,
1348 4574 1563 4645 quidam
1617 4576 1670 4630 in
1721 4590 1908 4632 mense

276 4639 564 4718 Uanuario
593 4663 758 4720 habiti
780 4639 997 4720 fuerint.
1025 4666 1132 4720 llos
1160 4639 1338 4722 autem
1366 4639 1426 4720 in
1457 4667 1679 4722 Paulum
1705 4681 1909 4722 sermo-

305 4771 408 4812 nes
435 4758 681 4813 Anianus
708 4757 1025 4829 Pelagianus
1051 4757 1237 4814 Latine
1257 4757 1538 4826 convertit,
1567 4767 1761 4828 putans
1789 4759 1909 4814 illos

308 4847 505 4905 hmresi
559 4865 675 4906 suae
715 4849 895 4906 favere
928 4889 943 4904 .
988 4866 1090 4922 qua
1136 4850 1204 4906 de
1241 4865 1301 4905 re
1339 4850 1579 4920 pluribus
1612 4850 1818 4920 egimus
1855 4851 1910 4907 in

305 4941 512 4998 llonito
541 4958 592 4998 c.
619 4941 746 4999 471.
774 4941 831 4998 1η
861 4943 945 4999 his
973 4958 1134 5015 porro
1161 4943 1395 4998 homiliis
1419 4951 1622 5013 septem
1648 4945 1762 4999 sive
1789 4959 1912 5000 ora-

310 5035 548 5091 tionibus
575 5034 819 5104 Paulum,
857 5052 1016 5107 quem
1055 5038 1109 5092 in
1151 5046 1262 5092 toto
1291 5053 1514 5106 operum
1552 5051 1771 5092 suorum
1817 5037 1912 5092 de-

309 5143 475 5186 cursu
495 5131 686 5202 quavis
710 5129 834 5186 data
859 5131 1141 5186 occasione
1165 5130 1418 5196 celebrat,
1441 5128 1719 5185 confertim
1743 5129 1914 5184 laudi-

313 5224 413 5279 bus
458 5223 680 5279 extollit
723 5240 739 5276 :
789 5223 938 5279 illum
985 5239 1107 5278 cum
1163 5223 1365 5278 sanctis
1417 5221 1624 5278 Veteris
1675 5230 1732 5278 et
1777 5221 1912 5276 Novi

314 5315 643 5374 Testamenti
671 5318 896 5383 confert,
927 5316 1130 5372 nullum
1153 5315 1282 5372 dicit
1306 5315 1469 5372 fuisse
1493 5325 1570 5371 tot
1595 5331 1913 5371 arcanorum

311 5419 646 5466 consortem.
701 5409 822 5466 Uno
867 5409 1054 5474 verbo,
1101 5408 1218 5464 haec
1258 5395 1408 5463 Pauli
1448 5408 1694 5463 encomia
1727 5422 1914 5463 eorum

311 5501 555 5556 omnium
601 5500 980 5570 compendium
1023 5515 1143 5556 esse
1172 5500 1295 5570 jure
1343 5498 1560 5566 dixeris,
1607 5515 1726 5570 quae
1753 5497 1914 5554 Com-

311 5594 598 5650 meritariis
624 5593 680 5650 in
701 5595 832 5649 Acta
855 5604 909 5650 et
923 5595 976 5649 in
997 5593 1267 5664 Epistolas
1288 5592 1436 5649 Pauli
1454 5592 1522 5650 de
1538 5593 1672 5649 tanti
1689 5593 1914 5664 apostoli

317 5685 630 5757 praestantia
656 5695 714 5742 et
739 5687 936 5742 virtute
963 5685 1240 5758 praedicat.

388 5773 687 5849 intercepta
714 5777 871 5850 igitur
896 5777 1244 5836 llomiliarum
1264 5776 1319 5835 in
1343 5777 1567 5836 Paulum
1594 5777 1734 5836 serie
1759 5775 1914 5852 (TJ.

1509 305 1691 364 NUNC
1727 299 1992 360 PRIMUM
2029 303 2423 364 ADORNATA.

3484 317 3585 374 “6

1991 435 2037 474 c.
2067 417 2222 492 951),
2259 422 2675 494 Chrysostomus
2701 425 2983 484 Homiliam
3006 430 3060 486 in
3087 429 3256 488 Kalen
3275 433 3356 489 las
3381 433 3581 493 habuit.

1997 511 2096 567 llic
2124 529 2250 568 vero
2276 513 2528 572 Kalendae
2553 517 2787 574 Januarii
2817 532 3201 592 memorantur,
3229 541 3332 596 qua
3358 524 3446 582 die
3487 543 3581 582 an-

1997 619 2098 660 nus
2135 605 2483 684 incipiebatur
2507 611 2648 680 apud
2677 611 2966 679 Romanos,
2994 624 3050 672 et
3073 625 3223 686 ξένια,
3265 633 3360 676 seu
3392 637 3583 677 munu-

1996 696 2164 764 scula,
2191 699 2378 754 amicis
2397 702 2740 773 cognatisque
2763 705 3142 763 oﬂ‘erebantur.
3174 709 3289 766 Mos
3319 721 3444 768 tunc
3469 723 3584 770 erat

1997 789 2243 844 convivia
2290 790 2586 862 celebrare,
2634 794 2844 865 aliaque
2901 798 3128 866 publica:
3181 801 3381 858 laetitiae
3433 805 3581 875 signa

1996 877 2148 947 dare,
2191 880 2278 935 ubi
2323 882 2636 955 plerumque
2669 885 2943 942 dissoluta:
2972 889 3139 958 plebis
3172 900 3342 963 gesta,
3391 909 3582 965 super-

1995 972 2233 1029 stitiosos
2264 975 2683 1040 observationes,
2727 978 2936 1048 aliaque
2965 980 3015 1034 id
3045 996 3214 1051 genus
3237 984 3416 1041 videre
3444 996 3580 1042 erat.

1996 1063 2109 1132 Qua
2138 1064 2206 1120 de
2229 1081 2290 1120 re
2312 1066 2583 1123 auditores
2603 1084 2730 1124 suos
2757 1071 2930 1140 carpit
2956 1073 3387 1145 Chrysostomus.
3428 1078 3586 1134 Liba-

1996 1155 2119 1210 nius
2140 1171 2300 1226 porro
2325 1160 2638 1228 opusculum
2666 1161 2833 1217 edidit
2869 1163 2924 1216 in
2953 1162 3218 1222 Kalendas
3245 1167 3582 1238 inscriptum,

1997 1244 2088 1300 ubi
2136 1261 2243 1316 quo
2287 1247 2393 1302 ritu
2437 1248 2688 1305 Kalendae
2725 1253 2918 1308 tierent
2960 1253 3260 1310 minutatim
3306 1257 3583 1326 describit,

1996 1337 2176 1408 aitque
2201 1353 2359 1393 unam
2381 1340 2730 1412 eamdemque
2760 1343 3122 1401 celebritatem
3154 1362 3248 1417 per
3270 1356 3435 1404 totum
3475 1350 3584 1406 Ro-

1998 1442 2214 1483 manum
2239 1429 2522 1500 imperium
2549 1432 2639 1486 illa
2667 1433 2756 1504 die
2781 1436 2886 1506 agi.
2919 1435 3101 1507 Itaque
3125 1429 3192 1494 de
3217 1437 3302 1494 die
3327 1448 3377 1495 et
3403 1457 3586 1498 mense

1997 1517 2143 1573 nulla
2179 1518 2387 1574 videtur
2411 1522 2635 1591 quaestio
2672 1526 2879 1580 moveri
2909 1541 3104 1596 posse;
3135 1543 3290 1584 secus
3316 1541 3491 1586 autem
3519 1533 3588 1588 de

1997 1624 2160 1679 anno,
2191 1627 2352 1682 quem
2397 1629 2466 1669 ne
2507 1614 2833 1686 conjecturis
2861 1616 3075 1690 quidem
3113 1620 3457 1690 probabiliter
3503 1638 3590 1678 as-

1997 1703 2196 1772 signari
2221 1718 2376 1772 posse
2397 1714 2664 1775 putamus.

2068 1794 2324 1851 Homilias
2361 1797 2429 1854 de
2455 1797 2660 1856 Lazaro
2691 1799 2778 1874 (Τ.
2807 1801 2859 1856 l.
2892 1821 2938 1858 ε.
2967 1803 3100 1878 96⁸5)
3144 1818 3246 1875 qua
3283 1806 3407 1861 anni
3451 1813 3588 1862 tem-

1997 1894 2206 1956 pestate
2239 1886 2486 1944 habuerit
2533 1889 2947 1963 Chrysostomus
2988 1894 3103 1964 ipse
3151 1895 3426 1962 declarat;
3481 1900 3592 1953 imo

1997 1975 2156 2034 etiam
2181 1995 2285 2050 qua
2311 1979 2398 2036 die
2429 1982 2653 2052 primam
2682 1983 2878 2040 dixerit
2915 1987 3156 2041 enuntiat
3183 1989 3236 2042 in
3259 1988 3374 2058 ipso
3407 1990 3592 2059 primre

1997 2073 2272 2130 concionis
2296 2073 2448 2152 titulo
2474 2093 2488 2131 :
2516 2075 2747 2131 llomilia
2769 2078 3012 2148 postridie
3041 2077 3306 2135 Kalendas
3327 2084 3594 2138 Antiochia:

1999 2164 2191 2232 habita,
2225 2165 2288 2220 de
2314 2167 2376 2220 iis
2404 2167 2492 2239 qui
2535 2167 2864 2234 inebriantur,
2909 2169 3069 2240 deque
3108 2171 3171 2225 iis
3201 2172 3286 2240 qui
3313 2182 3594 2227 commeant

1997 2257 2066 2311 ad
2089 2273 2368 2329 cauponas,
2396 2261 2580 2333 quique
2601 2262 2811 2316 choreas
2838 2263 3025 2317 ducunt
3054 2279 3143 2334 per
3166 2263 3435 2332 civitatem,
3459 2267 3595 2335 quod

1998 2366 2098 2404 non
2150 2360 2377 2422 Oporteat
2425 2362 2784 2424 praeceptorem
2853 2354 3119 2425 desperare
3188 2355 3251 2408 de
3307 2356 3590 2427 discipulis,

1997 2442 2196 2498 etiamsi
2212 2444 2264 2499 in
2287 2460 2506 2517 praesens
2527 2461 2628 2499 non
2649 2445 2989 2515 obtemperent
3012 2462 3031 2500 .°
3050 2455 3302 2518 postremo
3318 2448 3381 2502 de
3395 2448 3594 2503 Lazaro

1997 2538 2229 2591 mendico
2254 2553 2315 2590 ac
2343 2537 2407 2592 de
2427 2539 2609 2604 divite;
2640 2546 2750 2592 tum
2778 2537 2937 2592 etiam
2961 2539 3011 2592 in
3039 2539 3313 2595 concionis
3335 2541 3595 2611 principio

1998 2630 2169 2699 ipsam
2200 2628 2340 2684 diem
2382 2629 2618 2700 assignat
2646 2646 2661 2684 :
2700 2629 2950 2684 Hesterna
2977 2630 3077 2696 die,
3109 2649 3226 2686 cum
3251 2642 3376 2687 esset
3413 2634 3597 2702 festum

1997 2723 2231 2790 Satante,
2259 2722 2448 2793 fecistis
2479 2726 2663 2795 festum
2691 2723 2936 2792 Spiritus.
2971 2723 3125 2779 Unde
3153 2725 3348 2780 inferas
3369 2727 3596 2797 primam

2001 2813 2146 2868 illam
2197 2814 2265 2870 de
2315 2815 2521 2872 Lazaro
2565 2817 2880 2872 concionem
2925 2817 3119 2872 dictam
3157 2816 3323 2874 fuisse
3361 2820 3598 2876 secundo

2001 2905 2237 2960 Januarii
2262 2906 2369 2972 die,
2404 2917 2524 2977 post
2555 2909 2748 2965 festum
2781 2907 3165 2977 Saturnalium,
3192 2911 3333 2981 quod
3357 2927 3481 2968 vere
3524 2914 3600 2968 fe-

2002 3006 2143 3054 stum
2165 2997 2374 3053 Satanae
2399 3007 2535 3066 erat,
2572 3000 2665 3055 ubi
2693 3000 3024 3066 temulentia,
3059 3002 3324 3070 tripudiis,
3357 3004 3597 3058 saltatio.

2003 3089 2183 3156 nibus,
2214 3091 2718 3158 comessationibus,
2760 3093 2984 3162 aliisque
3021 3107 3087 3147 ex
3113 3093 3376 3150 Bacchico
3419 3094 3600 3151 furore

2002 3184 2450 3254 consequentibus
2475 3199 2694 3255 operam
2729 3184 2888 3241 dabat
2915 3201 3038 3256 pars
3065 3188 3302 3243 maxima
3331 3189 3557 3244 civitatis
3581 3207 3596 3254 ;

2003 3274 2319 3345 videturque
2337 3275 2524 3331 eodem
2549 3292 2689 3331 anno
2719 3277 2897 3333 habita
2922 3292 3028 3348 quo
3049 3276 3264 3333 homilia
3285 3279 3527 3349 superior
3545 3281 3596 3334 in

2003 3365 2289 3435 Kalendas,
2318 3367 2530 3437 quando
2569 3377 2626 3423 ut
2667 3368 2954 3424 dissolutos
2995 3383 3176 3424 mores
3209 3383 3597 3439 compesceret,

2003 3469 2222 3514 strenue
2245 3468 2429 3514 contra
2459 3459 2739 3514 satanicam
2772 3459 2910 3514 hanc
2932 3459 3369 3515 consuetudinem
3389 3461 3603 3516 concio-

2004 3561 2164 3606 natus
2190 3560 2290 3608 est.
2338 3551 2416 3607 De
2457 3567 2600 3607 anno
2633 3559 2831 3619 autem,
2880 3563 2986 3622 quo
3016 3551 3098 3607 ha:
3135 3551 3370 3608 homilize
3409 3551 3602 3608 habita:

2004 3645 2176 3714 fuere,
2207 3661 2276 3703 ne
2297 3645 2557 3717 probabili
2585 3645 2800 3718 quidem
2821 3646 3027 3702 ratione
3049 3645 3338 3718 quidquam
3363 3655 3600 3702 statuere

2005 3755 2312 3811 possumus.

2079 3833 2188 3889 Has
2213 3847 2341 3890 vero
2356 3832 2642 3889 conciones
2658 3833 2995 3891 continenter
3013 3833 3217 3903 habuit,
3237 3834 3417 3904 paucis
3434 3833 3604 3889 inter-

2006 3926 2195 3996 positis
2224 3925 2364 3981 inter
2397 3925 2633 3996 singulas
2660 3925 2869 3989 diebus,
2925 3925 3119 3994 quibus
3151 3925 3377 3980 fortasse
3415 3924 3603 3980 diebus

2006 4032 2100 4072 eas
2123 4033 2242 4088 qua:
2264 4017 2333 4072 de
2357 4015 2414 4072 S.
2447 4017 2612 4072 Paulo
2641 4027 2956 4086 supererant
2979 4017 3226 4072 absolvit.
3257 4017 3315 4071 In
3343 4015 3600 4083 secunda,

2008 4123 2166 4180 quam
2196 4108 2378 4179 paucis
2398 4117 2518 4180 post
2543 4109 2769 4179 primam
2797 4107 2984 4164 diebus
3011 4107 3214 4175 habuit,
3243 4107 3422 4162 statim
3451 4106 3600 4173 dicit,

2008 4199 2238 4270 primum
2268 4199 2479 4254 virtutis
2505 4199 2725 4270 gradum
2763 4213 2883 4254 esse
2908 4197 3128 4254 alterius
3167 4196 3349 4253 virtuti
3385 4197 3607 4268 applau-

2009 4290 2158 4348 dere.
2202 4290 2336 4346 llinc
2365 4291 2560 4346 malam
2587 4291 2938 4361 quorumdam
2975 4289 3282 4361 opinionem
3321 4289 3390 4346 de
3429 4288 3606 4346 medio

2009 4385 2202 4441 tollere
2234 4385 2426 4453 satagit
2457 4400 2472 4438 :
2519 4393 2672 4440 erant
2695 4385 2836 4440 enim
2862 4384 3076 4454 quidam
3103 4386 3193 4455 qui
3215 4394 3462 4454 putarent
3484 4383 3604 4438 ani-

2010 4494 2126 4535 mas
2151 4478 2384 4534 violenta
2423 4486 2597 4533 morte
2633 4476 3002 4531 decedentium
3030 4477 3144 4532 fieri
3175 4478 3468 4534 daemonas.
3503 4479 3609 4534 Po-
3660 4533 3670 4545 ι

2009 4580 2124 4628 stea
2167 4570 2236 4626 de
2263 4570 2467 4625 Lazaro
2500 4577 2554 4623 et
2580 4567 2647 4624 de
2673 4566 2837 4622 divite
2860 4567 3022 4621 verba
3050 4565 3197 4632 facit,
3225 4567 3404 4638 aitque
3427 4576 3607 4639 rapto-
3660 4599 3673 4643 ς

2010 4679 2126 4721 rem
2154 4661 2566 4735 computandum
2590 4674 2710 4716 esse
2739 4658 2974 4726 divitem,
3004 4659 3094 4730 qui
3112 4667 3318 4731 partem
3346 4659 3607 4717 bonorum

2011 4772 2120 4813 non
2150 4755 2407 4827 impertit.

2085 4849 2143 4905 In
2183 4850 2337 4906 tertia
2376 4847 2623 4904 hortatur
2655 4845 2723 4902 ad
2763 4845 3048 4902 lectionem
3087 4841 3375 4914 Scripturae
3415 4857 3605 4912 saeue,
3665 4837 3668 4839 λ

2013 4943 2195 5014 aitque
2219 4957 2285 4999 ex
2312 4939 2580 5012 frequenti
2602 4939 2864 5011 ejusmodi
2890 4937 3119 4993 lectione
3151 4945 3385 4993 mentem
3411 4936 3608 5006 aperiri

2013 5034 2082 5090 ad
2112 5035 2367 5104 majorem
2396 5032 2512 5104 ejus
2528 5029 2947 5104 intelligentiam.
2974 5028 3261 5099 Scripturae
3289 5042 3418 5084 vero
3442 5041 3610 5084 sacrae

2015 5125 2365 5195 ignorantiam
2388 5123 2621 5179 haereses
2646 5121 2935 5193 peperisse,
2959 5135 3022 5175 ac
3037 5127 3314 5191 postquam
3339 5118 3407 5174 de
3421 5119 3614 5175 adver-

2017 5221 2092 5275 sis
2117 5195 2380 5290 patienter
2405 5217 2641 5274 ferendis
2669 5216 2832 5271 multa
2871 5215 3026 5282 dixit,
3056 5213 3352 5269 orationem
3389 5212 3609 5268 claudit.

2093 5311 2322 5367 Homilia
2347 5309 2410 5364 de
2430 5309 2492 5365 S.
2515 5308 2734 5380 Babylo.
2761 5336 2835 5348 —
2865 5307 2992 5362 Post
3021 5305 3138 5361 hmo
3169 5305 3444 5376 aliquanto
3469 5312 3610 5359 tem-

2017 5418 2150 5474 pore
2202 5417 2480 5460 sermones
2529 5402 2597 5457 de
2639 5399 2844 5454 Lazaro
2887 5397 3212 5465 intermisit,
3273 5395 3504 5466 primum
3554 5405 3610 5448 ut

2019 5497 2078 5555 S.
2122 5497 2336 5570 Babylae
2365 5494 2602 5566 episcopi
2641 5489 2960 5548 Antiocheni
2993 5498 3051 5547 et
3095 5489 3382 5560 martyris;
3421 5487 3614 5543 deinde

2021 5605 2154 5646 vero
2195 5599 2252 5645 ut
2279 5596 2582 5645 sanctorum
2623 5582 2890 5641 Juventini
2929 5590 2984 5638 et
3022 5580 3292 5637 Maximini
3319 5588 3614 5645 martyrum

2021 5683 2264 5740 encomia
2293 5681 2604 5738 celebraret.
2637 5677 2752 5744 Qua
2781 5676 2834 5732 in
2855 5689 2915 5730 re
2935 5674 3054 5744 ipso
3067 5673 3449 5744 Chrysostomo
3478 5665 3616 5720 duco

2024 5775 2292 5848 loquimur
2335 5791 2350 5830 :
2391 5773 2465 5828 ait
2488 5771 2629 5829 enim
2661 5771 2748 5828 ille
2771 5766 2872 5825 sub
2899 5765 3106 5823 initium
3148 5760 3379 5817 homiliae
3413 5765 3616 5826 quartae
