4110 6148
471 334 568 392 H7

465 451 536 507 de
558 448 758 505 Lazaro
781 464 793 500 :
828 446 1015 501 Verum
1035 461 1133 500 non
1151 442 1542 498 existimavimus
1564 458 1667 498 esse
1692 449 1852 496 tutum
1874 439 1935 495 S.
1957 435 2059 493 Ba-

468 543 598 613 bwa
623 551 668 595 ct
695 541 821 611 biga:
855 537 964 593 SS.
995 546 1311 607 martyrum,
1348 534 1435 605 qui
1468 542 1587 603 post
1615 533 1759 587 illam
1782 529 2056 586 homiliam

466 636 831 695 occurrerunt,
868 626 1115 697 praetora
1142 634 1281 697 gesta
1311 625 1591 694 pra’terire.
1635 623 1839 692 Quibus
1861 636 2056 677 conso-

464 732 557 778 nat
602 721 873 777 concionis
921 721 975 774 in
1026 719 1084 775 S.
1120 719 1370 790 Babylam
1415 716 1699 773 exordium
1746 735 1760 772 :
1823 715 2058 771 Volebam

404 843 406 845 ν
465 815 696 885 equidem
745 813 989 867 hodierno
1031 812 1115 867 die
1154 812 1374 867 debitum
1414 811 1624 866 reddere
1649 851 1665 878 ,
1711 808 1848 879 quod
1894 823 2059 878 nuper

464 908 603 961 vobis
632 948 647 971 ,
682 922 797 959 eum
844 906 925 959 In'c
972 921 1129 959 essent
1156 946 1172 972 ,
1210 904 1419 974 promisi
1470 918 1491 959 :
1531 903 1619 959 sed
1654 901 1777 973 quid
1822 898 2057 972 faciam!

463 997 529 1052 B.
576 997 799 1070 Babylas
838 997 1480 1068 intervenienﬂ'apparuit,
1509 1005 1555 1053 et
1593 996 1663 1050 ad
1700 995 1923 1066 seipsum
1964 1008 2058 1047 nos

461 1093 673 1146 vocavit.
727 1092 871 1162 Bigze
920 1100 1097 1147 autem
1138 1099 1453 1162 martyrum,
1513 1090 1603 1160 qui
1651 1097 1769 1160 post
1813 1097 2057 1143 sanctum

465 1183 720 1254 Babylam
778 1183 1034 1239 llomilias
1092 1182 1161 1238 de
1212 1181 1415 1237 Lazaro
1485 1182 1824 1251 intercepere
1855 1222 1869 1246 ,
1931 1186 2059 1235 sunt

464 1283 680 1329 sanctus
716 1273 1031 1331 Juventinus
1079 1283 1135 1329 ct
1163 1272 1219 1329 S.
1251 1272 1586 1341 Maximinus,
1628 1273 1719 1344 qui
1761 1270 2058 1328 Antiocblat

430 1367 607 1435 ,passi
635 1365 862 1432 fuerant,
907 1374 961 1422 et
989 1382 1214 1436 quorum
1242 1364 1459 1421 homilia
1488 1366 1566 1421 sic
1603 1365 1830 1435 incipit:
1878 1365 2061 1435 Nuper

466 1455 528 1510 B.
555 1455 775 1528 Babylas
795 1474 910 1511 cum
942 1458 1100 1513 tribus
1131 1459 1300 1529 pueris
1323 1475 1413 1513 nos
1440 1459 1521 1512 hic
1539 1457 1875 1530 congregabat
1906 1473 1925 1512 :
1961 1459 2058 1512 Ito-

466 1547 548 1600 die
577 1564 671 1618 par
695 1548 807 1604 SS.
832 1548 1047 1603 militum
1072 1550 1125 1603 in
1155 1549 1261 1604 acie
1279 1550 1547 1604 exercitum
1570 1547 1757 1604 Christi
1783 1549 2057 1604 constituit.

468 1641 652 1713 Nuper
675 1644 923 1715 quadriga
951 1654 1254 1716 martyrum,
1279 1643 1429 1698 hodie
1456 1643 1592 1715 biga.
1619 1641 1943 1699 Concionem
1963 1643 2061 1698 ita-

466 1750 592 1805 que,
643 1745 762 1806 post
804 1737 1013 1792 tertiam
1050 1736 1119 1793 de
1161 1736 1366 1792 Lazaro
1411 1734 1939 1798 liomiliam‘habuit,
1992 1736 2060 1792 de

466 1826 522 1882 S.
568 1828 784 1900 Babyla,
839 1829 929 1898 qui
981 1828 1263 1898 episcopus
1306 1826 1674 1883 Antiochenus
1726 1842 1848 1883 cum
1893 1837 2055 1894 esset,

467 1920 779 1991 martyrium
799 1937 891 1990 pro
907 1921 1120 1976 Christo
1137 1934 1325 1991 passus
1337 1929 1437 1975 est.
1459 1919 1588 1990 Ejus
1604 1919 1883 1975 historiam
1900 1920 2063 1975 refert

466 2011 919 2081 Clirysostomus;
970 2010 1202 2067 maxime
1229 2026 1357 2066 vero
1391 2011 1444 2066 in
1474 2011 1613 2067 libro
1657 2011 1770 2078 illo,
1811 2027 1968 2081 quem
1995 2011 2062 2067 de

466 2102 695 2173 Martyre
724 2102 919 2175 Babyla
949 2111 1133 2158 contra
1178 2101 1442 2158 lulianum
1471 2102 1783 2171 Apostatam
1826 2103 2059 2173 scripsit,

467 2194 556 2248 ubi
584 2194 803 2248 multum
833 2192 1011 2250 differt
1037 2194 1106 2250 ab
1144 2194 1374 2249 Eusebio
1414 2192 1750 2260 Cmsariensi,
1805 2202 1863 2247 ut
1903 2208 2061 2264 supra

467 2287 696 2342 diximus
722 2302 736 2339 :
768 2302 833 2342 ex
860 2302 1076 2344 rumore
1104 2302 1331 2357 namque
1350 2287 1492 2357 vulgi
1524 2287 1749 2357 loquens
1778 2287 2062 2341 conciona-

470 2390 573 2446 tor,
606 2379 848 2449 quaedam
899 2380 1062 2435 refert
1106 2394 1138 2434 a
1182 2379 1259 2434 rei
1288 2379 1512 2434 veritate
1536 2379 1748 2434 aliena:
1786 2378 1880 2433 sed
1907 2378 2065 2447 longe

468 2471 795 2537 accuratius,
860 2485 981 2526 cum
1031 2469 1100 2526 de
1143 2468 1507 2541 Reliquiarum
1550 2469 1669 2539 ejus
1720 2469 2064 2525 translatione

471 2578 773 2619 sermonem
804 2563 985 2618 habet.

543 2653 743 2725 Nuper,
776 2653 965 2723 inquit,
1018 2667 1125 2708 non
1166 2661 1364 2717 autem,
1403 2652 1528 2718 lteri,
1576 2661 1633 2707 ut
1680 2651 1748 2708 ab
1778 2653 2067 2723 interprete

471 2745 725 2815 deceptus
748 2744 1120 2799 Tillemontius
1146 2744 1343 2813 posuit.
1371 2743 1479 2799 Sed
1509 2743 1775 2813 negetium
1806 2742 2067 2799 facessere

472 2837 683 2891 videtur
720 2835 793 2903 id,
840 2836 982 2906 quod
1031 2836 1083 2889 in
1113 2845 1387 2906 postremo
1415 2834 1642 2889 exordio
1669 2834 1799 2890 dicit
1828 2849 1844 2889 :
1887 2834 2068 2904 Nuper

477 2930 540 2984 B.
560 2928 782 3001 Babylas
802 2945 915 2983 cum
932 2929 1090 2983 tribus
1111 2931 1279 3000 pueris
1296 2945 1387 2983 nos
1403 2929 1484 2983 hic
1498 2929 1834 3000 congregabat
1854 2945 1873 2983 :
1896 2930 1946 2983 in
1967 2928 2068 2984 hac

473 3020 615 3076 enim
637 3021 891 3076 concione
908 3036 972 3075 ne
994 3021 1197 3076 minime
1214 3021 1428 3092 quidem
1450 3020 1518 3076 de
1540 3020 1707 3075 tribus
1731 3021 1911 3090 pueris
1936 3021 2068 3091 legi-

476 3111 805 3177 tur.Verum,
822 3122 878 3167 ut
892 3113 1040 3167 initio
1057 3113 1290 3167 homilizc
1304 3112 1518 3181 dicitur,
1535 3127 1642 3167 non
1656 3110 2069 3183 Chrysostomus

474 3205 641 3272 solus,
679 3205 771 3261 sed
793 3220 914 3260 cum
940 3205 1028 3260 alii
1053 3205 1312 3273 seniores,
1354 3214 1468 3261 tum
1507 3206 1787 3275 episc0pns
1815 3204 1928 3275 ipse
1950 3204 2068 3259 Fla-

473 3297 664 3352 vianus
689 3295 879 3352 eodem
907 3298 994 3352 die
1018 3297 1318 3352 concionati
1339 3305 1483 3353 sunt.
1516 3295 1642 3351 Ηωσ
1661 3306 1708 3350 et
1727 3296 1850 3364 alia,
1877 3295 2066 3366 inquit,

475 3388 752 3442 senioribus
780 3387 1222 3442 commemoranda
1246 3387 1553 3455 doctoribus,
1584 3395 1631 3441 et
1656 3387 1910 3441 communi
1937 3386 2071 3457 patri

476 3490 649 3534 nostro
667 3479 1003 3550 relinquemus
1024 3495 1044 3535 :
1064 3497 1144 3535 res
1169 3480 1302 3535 enim
1327 3481 1632 3551 antiquiores
1659 3480 1906 3551 praetore
1933 3479 2071 3534 vobis

477 3589 509 3625 a
548 3573 746 3625 senibus
779 3579 986 3642 possunt
1006 3573 1209 3626 narrari
1237 3587 1256 3625 :
1284 3587 1397 3642 quae
1421 3588 1537 3627 vero
1561 3588 1665 3626 non
1697 3573 1770 3625 ita
1795 3571 1991 3642 pridem
2013 3587 2071 3625 ac

476 3672 652 3718 nostra
683 3672 831 3717 aetate
848 3672 966 3717 sunt
992 3672 1155 3734 gesta,
1183 3662 1319 3717 vobis
1339 3663 1546 3733 juvenis
1566 3679 1656 3734 ego
1682 3662 1922 3730 narrabo,
1957 3678 2072 3732 qua:

480 3756 717 3810 nimirum
741 3765 855 3826 post
884 3755 1094 3821 obitum,
1134 3765 1243 3827 post
1273 3757 1533 3827 exsequias
1557 3756 1819 3827 martyris,
1862 3773 1922 3810 ac
1951 3757 2073 3812 dum

477 3850 533 3902 in
558 3847 793 3901 suburbio
830 3856 1134 3912 moraretur,
1180 3847 1490 3901 acciderunt.
1528 3846 1654 3902 Ιίωο
1690 3847 1759 3902 de
1787 3846 1844 3900 S.
1876 3847 2072 3920 Babyla

478 3939 581 3994 sibi
608 3936 904 3993 enarranda
936 3936 1666 4009 proposuitChrysostomus,
1707 3948 1902 3994 caetera
1927 3955 2075 3995 com-

479 4029 627 4085 muni
653 4030 786 4099 patri
805 4038 859 4084 et
871 4029 1169 4085 senioribus
1188 4016 1659 4085 commemoranda
1683 4030 1914 4101 reliquit.
1940 4031 2072 4086 Nam

480 4133 540 4179 tit
567 4122 776 4177 czeteris
803 4122 979 4176 locum
1003 4130 1058 4176 et
1079 4130 1290 4191 tempus
1316 4121 1489 4190 daret,
1515 4123 1828 4180 concionem
1856 4125 1924 4180 de
1953 4139 2075 4180 san-

479 4222 569 4272 cto
596 4213 793 4285 Babyla
823 4213 1121 4268 breviorem
1164 4213 1367 4281 habuit,
1406 4230 1563 4284 quam
1590 4215 1796 4271 solebat
1824 4234 1838 4271 :
1881 4217 2073 4272 verisi-

484 4307 717 4376 mileque
746 4316 829 4359 est
854 4305 1084 4376 aliquem
1108 4320 1172 4361 ex
1201 4305 1284 4371 iis,
1331 4307 1420 4377 qui
1449 4315 1571 4377 post
1596 4309 1743 4362 illum
1770 4309 2070 4364 concionati

480 4404 627 4464 sunt,
651 4396 720 4451 de
752 4398 921 4453 tribus
941 4397 1120 4467 pueris
1141 4398 1301 4454 verba
1331 4398 1537 4454 fecisse.
1569 4398 1768 4456 Eodem
1791 4399 1951 4471 igitur
1974 4416 2074 4456 an—

480 4506 551 4546 no
580 4489 760 4546 habita
786 4498 868 4546 est
890 4490 1005 4546 haec
1033 4491 1241 4560 concio,
1282 4506 1388 4563 quo
1421 4491 1664 4548 llomiliae
1691 4493 1744 4548 in
1776 4493 2069 4560 Lazarum;

477 4591 532 4638 et
561 4582 779 4655 quidem
815 4597 999 4639 mense
1021 4582 1296 4652 Januario,
1340 4583 1547 4639 scilicet
1591 4584 1847 4655 vigesima
1889 4594 2075 4654 quarta

477 4677 731 4748 cjusdem‘
768 4677 990 4743 mensis,
1046 4686 1105 4732 ut
1154 4677 1381 4743 videtur,
1428 4691 1531 4748 qua
1578 4676 1666 4732 die
1705 4676 2075 4749 Martyrologis

480 4770 661 4823 omnia
685 4769 875 4823 festum
907 4768 965 4824 S.
987 4769 1201 4838 Babylaa
1227 4769 1480 4824 indicant.
1509 4768 1609 4836 Qui
1634 4782 1760 4824 vero
1789 4767 1947 4823 fuerit
1977 4783 2078 4823 au-

482 4874 582 4915 nus
608 4860 715 4924 illc,
743 4875 846 4912 non
877 4859 947 4911 ita
971 4857 1123 4914 facile
1142 4867 1226 4915 est
1253 4859 1677 4928 deprehendere.
1702 4859 2077 4915 Tillemontius

480 4966 679 5006 annum
706 4951 942 5020 assignat
967 4950 1091 5004 387.
1142 4950 1273 5019 Ejus
1299 4951 1563 5005 calculum
1605 4953 1956 5021 excussimus,
1995 4953 2075 5007 le-

481 5042 824 5111 vissimisque
877 5041 1198 5111 conjecturis
1238 5041 1423 5096 fultum
1469 5058 1590 5098 esse
1630 5045 1977 5114 probavimus
2022 5047 2078 5101 in

485 5134 690 5189 Monito
717 5133 782 5187 ad
809 5133 1091 5188 liomiliam
1120 5133 1172 5187 in
1196 5131 1481 5199 Kalendas,
1514 5151 1633 5205 qua:
1655 5135 1939 5193 liomiliam
1968 5139 2078 5208 pri-

485 5241 629 5281 mam
675 5225 742 5281 de
794 5226 996 5281 Lazaro
1043 5240 1153 5280 uno
1202 5224 1293 5280 die
1341 5227 1632 5296 praecessit.
1686 5226 1764 5283 lbi
1816 5228 1936 5283 vide
1981 5229 2078 5296 sis,

491 5334 699 5376 necnon
730 5319 781 5373 in
809 5318 1007 5374 Monito
1029 5319 1095 5373 ad
1117 5317 1374 5374 Homilias
1397 5318 1465 5374 de
1484 5318 1709 5375 Lazaro.

561 5412 794 5467 Homilia
849 5413 904 5467 in
960 5410 1067 5467 SS.
1129 5409 1459 5467 Juventinum
1508 5422 1557 5468 et
1610 5413 1969 5470 Maximinum.
2008 5446 2081 5460 -—

494 5504 644 5562 lianc
686 5505 869 5576 paucis
916 5505 1244 5576 interpositis
1291 5504 1482 5562 diebus
1511 5549 1526 5575 ,
1581 5514 1640 5562 ut
1681 5522 1840 5578 supra
1881 5510 2081 5580 proba-

496 5609 608 5654 tum
657 5606 778 5667 est,
831 5607 1055 5669 sequuta
1113 5608 1198 5654 est
1240 5598 1466 5654 Homilia
1524 5601 1576 5655 in
1617 5611 1831 5657 sanctos
1879 5603 2080 5659 Juven-

489 5690 656 5745 tinum
710 5696 765 5745 et
815 5690 1158 5745 Maximinum
1222 5701 1486 5760 martyres
1536 5693 1896 5750 Antiochenos
1926 5737 1941 5762 ,
1991 5696 2081 5766 qui

484 5795 608 5836 cum
634 5783 733 5839 sub
752 5782 962 5865 .lnliano
984 5785 1239 5853 Apostata
1258 5784 1629 5854 comprehensi
1654 5796 1708 5842 et
1731 5787 1783 5842 in
1809 5802 2080 5845 carcerem

1569 324 1625 381 S.
1665 320 1947 380 JOANNIS
1979 317 2466 380 CHRYSOSTOMI
2496 315 2675 382 VITA,

3658 298 3762 351 H3

2169 435 2321 503 trusi,
2364 434 2467 489 diis
2496 431 2751 487 sacriﬁcia
2784 428 2973 484 offerre
2996 425 3231 487 nollent;
3263 422 3383 493 ejus
3401 423 3554 491 jussu
3586 414 3763 484 capite

2164 526 2392 584 truncati
2419 533 2564 582 sunt.
2606 523 2685 578 Ex
2712 522 2870 592 hujus
2914 534 3073 590 porro
3112 516 3388 573 concionis
3423 513 3631 581 verbis,
3667 510 3759 569 ubi

2162 619 2356 674 dicitur
2383 633 2564 688 nuper,
2599 615 2911 670 concionem
2930 610 3000 666 de
3025 610 3082 665 S.
3112 607 3310 680 Babyla
3341 607 3542 663 dictam
3570 603 3761 669 fuisse,

2163 709 2285 781 quia
2314 716 2467 764 vetus
2495 707 2760 776 interpres
2787 703 3007 758 Latinus
3045 700 3177 756 illud
3221 700 3386 755 verbo
3435 697 3569 767 lteri,
3623 696 3766 752 male

2165 808 2419 868 verterat,
2461 798 2499 854 ii
2527 799 2621 868 qui
2645 792 3032 868 Martyrologiis
3054 806 3270 862 Operam
3299 788 3563 845 dederunt
3600 787 3654 842 in
3682 789 3764 840 vi-

2163 894 2420 966 gesimam
2462 891 2699 963 quintam
2738 886 3013 944 Februarii
3056 885 3245 941 horum
3279 891 3576 954 martyrum
3619 879 3762 934 diem

2164 981 2358 1040 festum
2381 982 2685 1050 conferunt,
2733 980 2859 1036 licet
2892 979 2975 1034 bis
3014 978 3067 1033 in
3094 977 3194 1031 hac
3231 975 3449 1031 humilia
3489 974 3550 1031 Se
3574 988 3761 1044 nuper,

2164 1092 2269 1132 non
2301 1085 2479 1132 autem
2509 1074 2759 1130 hesterna
2780 1072 2868 1127 die
2892 1070 2960 1127 de
2977 1069 3036 1127 S.
3067 1068 3267 1141 Babyla
3289 1082 3349 1122 se
3376 1065 3538 1122 verba
3566 1063 3763 1120 fecisse

2162 1168 2342 1223 dicat:
2374 1167 2526 1238 cujus
2550 1165 2745 1222 festum
2770 1162 2957 1219 incidit
2990 1162 3042 1216 in
3073 1160 3146 1216 24
3173 1158 3431 1216 Januarii.
3476 1155 3608 1213 Inde
3641 1171 3764 1211 mos

2163 1260 2409 1326 obtinuit,
2441 1267 2499 1314 ut
2525 1257 2613 1314 die
2640 1258 2836 1313 festum
2864 1256 2923 1311 S.
2951 1254 3164 1326 Babyla:
3184 1254 3518 1322 insequente,
3547 1248 3645 1305 SS.
3668 1246 3737 1303 ιιι
3762 1280 3765 1281 ν

2162 1354 2366 1410 ventini
2416 1360 2473 1409 et
2512 1351 2784 1407 Maximini
2830 1348 3146 1405 memoriam
3185 1343 3466 1401 enuntient
3495 1360 3509 1397 :
3542 1357 3648 1397 non
3692 1355 3760 1397 ex

2164 1446 2472 1504 Gnecorum
2514 1445 2731 1501 Menaeis
2785 1442 2841 1499 id
2885 1441 3130 1505 mutuati,
3175 1437 3457 1509 siquidem,
3511 1442 3571 1489 ut
3609 1441 3767 1488 notat

2164 1540 2365 1609 optime
2382 1536 2692 1603 Bollandus,
2710 1534 2856 1590 nulla
2872 1534 2925 1589 in
2946 1531 3185 1595 Menaeis,
3204 1526 3517 1597 Menologiis
3535 1525 3762 1594 aliisque

2164 1630 2313 1686 fastis
2334 1629 2663 1696 Grecorum,
2679 1627 2775 1684 SS.
2792 1624 3061 1683 Juventini
3081 1633 3135 1678 et
3150 1620 3420 1678 Maximini
3442 1625 3613 1674 exstat
3642 1632 3761 1670 me-

2165 1723 2373 1789 moria;
2405 1721 2521 1786 sed,
2550 1730 2609 1775 ut
2640 1719 2893 1784 diximus,
2934 1732 3001 1772 ex
3030 1714 3227 1771 veteris
3263 1710 3566 1782 interpretis
3609 1708 3764 1777 lapsu

2164 1816 2221 1871 in
2251 1813 2641 1887 Martyrologiis
2665 1821 2902 1867 erratum
2923 1817 3026 1865 est.

2237 1908 2365 1965 Post
2407 1907 2523 1963 hac
2573 1905 2819 1963 cncomia
2854 1900 3108 1975 ejusdem
3149 1896 3419 1971 parabolae
3473 1908 3761 1966 argumen-

2168 2010 2281 2057 tum
2331 2000 2655 2070 resumpsit,
2702 2006 2757 2053 et
2798 2003 3041 2068 quartam
3091 1991 3159 2048 de
3205 1990 3410 2046 Lazaro
3447 1987 3760 2042 concionem

2167 2093 2354 2148 habuit
2390 2108 2406 2147 :
2438 2090 2567 2147 dicit
2609 2097 2787 2145 autem
2841 2087 2940 2142 sub
2994 2083 3202 2140 initium
3241 2096 3307 2137 ex
3363 2079 3462 2134 hac
3508 2076 3761 2148 purabola

2167 2200 2389 2258 magnos
2432 2183 2631 2256 percipi
2677 2195 2836 2252 posse
2886 2179 3111 2234 fructus.
3148 2173 3353 2231 Deinde
3394 2187 3523 2227 vero
3572 2160 3766 2241 proluit

2168 2279 2360 2333 anima:
2402 2274 2892 2337 immortalitatem,
2944 2271 3124 2341 aitque
3172 2263 3518 2323 conscientiae
3561 2271 3763 2317 nostra:

2168 2371 2398 2428 tribunal
2427 2384 2547 2425 esse
2579 2369 2968 2436 incorruptum,
3023 2371 3183 2433 atque
3211 2375 3280 2416 ex
3317 2356 3568 2413 aerumnis
3595 2363 3649 2413 et
3673 2368 3767 2408 ca-

2169 2463 2494 2518 lamitatibus
2537 2459 2790 2515 illustrari
2835 2464 3107 2522 mentem,
3156 2462 3211 2510 et
3257 2459 3511 2508 consueta
3567 2444 3761 2533 morali

2169 2554 2543 2611 adhortatione
2567 2549 2767 2608 claudit
2793 2548 3127 2605 concionem.

2260 2647 2543 2703 liomiliam
2597 2645 2651 2700 in
2711 2641 2843 2698 illud
2878 2683 2893 2709 ,
2957 2639 3038 2694 De
3095 2633 3458 2691 dormientibus
3507 2631 3625 2686 noto
3676 2643 3766 2684 eos

2167 2742 2406 2812 ignorare
2429 2781 2444 2806 ,
2485 2744 2609 2808 post
2644 2741 2876 2802 quatuor
2907 2732 3027 2787 illas
3070 2728 3138 2785 de
3165 2728 3366 2783 Lazaro
3396 2721 3640 2780 homilias
3661 2719 3765 2812 ha-

2169 2811 2282 2887 bita
2322 2829 2450 2898 fuit,
2497 2836 2557 2884 ut
2600 2828 2716 2899 ipse
2743 2826 2894 2881 initio
2924 2824 3085 2890 dicit,
3122 2830 3176 2877 et
3223 2821 3277 2875 in
3333 2817 3434 2875 hac
3483 2815 3643 2872 etiam
3695 2811 3768 2868 de

2170 2922 2373 2978 Lazaro
2404 2918 2696 2976 identidem
2725 2917 2853 2988 agit.
2893 2914 3228 2984 Quapropter
3255 2917 3378 2980 post
3419 2905 3667 2962 homilias
3694 2903 3767 2958 de

2170 3015 2372 3072 Lazaro
2398 3025 2453 3070 et
2477 3012 2732 3083 temporis
2752 3018 2805 3067 et
2824 3008 3119 3081 argumenti
3145 3019 3304 3062 causa
3330 3005 3383 3061 in
3412 3001 3511 3057 hac
3528 2999 3766 3058 editione

2171 3107 2344 3179 posita
2372 3105 2488 3160 fuit.

2243 3198 2531 3267 Postquam
2562 3204 2719 3251 terra:
2759 3201 2936 3249 motus
2965 3189 3304 3246 Antiochiam
3347 3184 3765 3257 subagitaverat,

2171 3290 2332 3346 aliam
2370 3288 2557 3345 habuit
2601 3287 2870 3343 homiliam
2896 3284 3346 3356 Cbrysostomus,
3393 3292 3514 3350 qua:
3547 3276 3602 3331 in
3625 3272 3766 3331 Ter-

2173 3400 2248 3440 rre
2287 3392 2488 3440 motum
2529 3391 2584 3439 et
2623 3381 2850 3437 Divitem
2887 3389 2941 3435 et
2968 3378 3226 3433 Lazarum
3257 3373 3584 3436 inscribitur,
3618 3368 3768 3423 ideo.

2173 3493 2277 3549 que
2316 3478 2461 3532 illam
2499 3477 2639 3532 inter
2676 3473 2934 3530 llomilias
2971 3472 3038 3527 de
3079 3471 3279 3526 Lazaro
3328 3476 3534 3522 sextam
3580 3462 3767 3519 consi-

2173 3584 2417 3642 gnamus.
2471 3570 2619 3624 Hanc
2681 3567 2997 3623 concionem
3062 3562 3403 3619 Hermantius
3457 3558 3512 3613 in
3564 3570 3768 3611 annum

2173 3662 2278 3719 587
2306 3660 2683 3716 conferendam
2726 3658 2963 3730 putavit,
3007 3655 3258 3727 quoniam
3289 3653 3382 3707 illo
3416 3664 3559 3705 anno
3604 3658 3767 3703 terra:

2173 3766 2351 3811 motus
2376 3754 2676 3809 Antiochia:
2698 3753 2813 3808 fuit.
2850 3751 3046 3807 Verum
3075 3747 3209 3804 adeo
3236 3746 3542 3817 frequentes
3570 3740 3768 3797 Antio-

2175 3845 2310 3901 chia:
2351 3854 2506 3900 terras
2531 3853 2707 3900 motus
2730 3852 2902 3909 erant,
2947 3851 3005 3897 ut
3042 3841 3093 3895 in
3126 3838 3324 3894 Monito
3357 3834 3424 3891 ad
3452 3835 3588 3888 lianc
3630 3846 3770 3886 con-

2175 3938 2383 3995 cionem
2415 3936 2775 4008 probavimus,
2809 3943 2864 3989 ut
2898 3933 3020 3987 hinc
3058 3944 3256 3985 annum
3303 3941 3410 4000 quo
3452 3923 3630 3980 habita
3668 3921 3771 3976 ho-

2175 4030 2322 4086 milia
2343 4029 2441 4084 fuit
2464 4028 2778 4099 consignare
2800 4042 2905 4080 non
2934 4025 3108 4079 liceat.

2249 4120 2534 4176 llomiliam
2564 4119 2631 4175 de
2660 4118 2847 4174 Viduis
2885 4113 2974 4186 (Τ.
3005 4116 3057 4171 5.
3117 4131 3164 4169 c.
3190 4111 3321 4184 321)
3356 4109 3541 4180 paucis
3578 4106 3771 4163 diebus

2177 4223 2301 4286 post
2323 4213 2606 4269 Iiomiliam
2636 4211 2703 4267 de
2732 4206 3124 4265 dormientibus
3151 4203 3543 4277 pronuntiatam
3575 4200 3764 4263 fuisse,

2177 4306 2294 4376 ipse
2326 4304 2740 4375 Chrysostomus
2780 4302 2833 4356 in
2869 4300 3129 4370 principio
3156 4294 3340 4361 refert,
3368 4309 3489 4348 cum
3517 4291 3614 4356 ait,
3646 4303 3769 4345 eam

2178 4396 2400 4451 multam
2445 4395 2641 4451 habere
2677 4393 3046 4464 cognationem
3093 4404 3216 4444 cum
3255 4383 3577 4459 prtecedenti
3609 4401 3628 4434 ι
3652 4382 3772 4437 Hoc

2178 4489 2322 4543 enim
2363 4486 2492 4542 illud
2521 4495 2625 4553 est,
2652 4504 2671 4538 ι
2704 4486 2894 4555 inquit,
2933 4501 2953 4536 ι
2976 4481 3118 4554 quod
3147 4495 3319 4550 nuper
3345 4476 3641 4540 dicebatur,
3690 4472 3772 4528 De

2179 4581 2538 4637 dormientibus
2569 4590 2736 4635 autem
2773 4578 2891 4633 nolo
2937 4594 3024 4632 vos
3061 4577 3319 4646 ignorare,
3351 4575 3575 4643 fratres;
3620 4576 3679 4623 et
3701 4567 3774 4621 de

2178 4673 2573 4731 resurrectione
2599 4670 2765 4726 multa
2801 4681 2913 4725 tum
2955 4683 2987 4723 a
3026 4667 3179 4721 nobis
3207 4662 3518 4721 suntdicta.
3551 4679 3573 4714 ι
3604 4660 3681 4714 Ita
3709 4664 3778 4714 ut

2179 4780 2385 4826 certum
2414 4767 2655 4823 videatur
2688 4765 2828 4819 hanc
2849 4763 3048 4818 dictam
3078 4759 3243 4815 fuisse
3267 4756 3454 4829 paucis
3481 4762 3600 4826 post
3621 4752 3772 4807 illam

2180 4878 2339 4933 quam
2369 4861 2438 4916 de
2463 4858 2874 4915 Resurrectione
2900 4864 2953 4911 et
2988 4854 3056 4909 de
3088 4852 3291 4907 Lazaro
3315 4850 3556 4920 quintam
3580 4843 3776 4901 inseri-

2179 4954 2419 5026 psimus;
2469 4952 2578 5006 imo
2605 4949 2845 5006 fortassis
2871 4954 2995 5001 ante
3020 4954 3226 5001 sextam
3263 4942 3333 4996 de
3357 4937 3778 4995 Besurrectione

2182 5053 2238 5102 et
2263 5044 2330 5100 de
2356 5045 2575 5099 Lazaro.
2622 5043 2768 5097 Hanc
2792 5056 2914 5095 eum
2944 5038 3047 5095 illis
3075 5036 3143 5093 de
3170 5037 3372 5092 Lazaro
3397 5041 3453 5088 et
3477 5031 3602 5086 aliis
3625 5029 3776 5099 ejus-

2183 5137 2306 5193 dem
2331 5134 2611 5204 temporis,
2663 5148 2783 5204 qua:
2825 5131 3071 5186 undecim
3099 5141 3327 5183 numero
3369 5134 3515 5190 sunt,
3566 5122 3781 5177 confert

2183 5228 2552 5286 Tillemontius
2579 5226 2635 5281 in
2659 5225 2782 5280 anni
2810 5224 2915 5280 586
2940 5222 3150 5278 initium
3184 5239 3199 5277 :
3241 5227 3428 5275 contra
3452 5230 3611 5286 quam
3642 5225 3779 5269 tem-

2184 5321 2331 5391 poris
2358 5328 2538 5374 notam
2575 5332 2680 5373 non
2710 5330 2878 5387 pauca
2919 5313 3171 5377 diximus,
3225 5308 3368 5366 aliud
3396 5317 3576 5363 autem
3619 5319 3779 5373 argu-

2184 5420 2424 5469 mentum
2456 5410 2720 5482 prioribus
2744 5407 3042 5476 adjicimus.
3085 5404 3305 5459 Certum
3343 5410 3427 5456 est
3458 5399 3781 5468 Chrysosto-

2186 5522 2331 5561 mum
2352 5519 2494 5560 anno
2512 5505 2727 5558 ineunte
2752 5501 2856 5556 387
2883 5514 2991 5555 non
3014 5511 3211 5569 paucos
3225 5493 3477 5550 habuisse
3499 5503 3782 5547 sermones

2185 5601 2254 5657 de
2276 5598 2654 5656 consubstantia
2681 5605 2736 5650 et
2762 5602 2948 5650 contra
2976 5594 3299 5653 Anommos;
3328 5600 3431 5644 nec
3456 5584 3632 5641 minus
3659 5596 3781 5638 cer-

2187 5706 2298 5751 tum
2339 5694 2514 5749 solere
2548 5689 2990 5763 Chrysostomum
3023 5684 3415 5757 prmtcritarum
3458 5678 3781 5733 eoneicnum

2189 5787 2519 5855 meminisse,
2562 5784 2713 5858 cujus
2753 5784 2830 5839 rei
2865 5781 3109 5852 exempla
3153 5778 3348 5850 passim
3399 5773 3622 5829 vidimus
3662 5789 3676 5801 ·
3712 5785 3782 5824 an
