4110 6148
340 285 438 365 ita

319 971 477 1023 attitei
512 974 738 1040 pendeo,
771 977 943 1034 donec
968 984 1089 1051 quid
1117 987 1312 1043 certius
1334 1003 1589 1062 emergat.

387 1062 677 1129 Sept'mam
701 1068 768 1122 de
815 1069 1016 1127 Lazaro
1054 1079 1297 1144 ponimus
1345 1081 1610 1139 homiliam
1653 1103 1770 1156 qua:
1812 1090 1895 1144 itt-

315 1151 600 1218 scribitur,
643 1159 892 1214 Adversus
918 1180 1019 1228 eos,
1069 1167 1156 1234 qui
1206 1170 1272 1221 ad
1320 1171 1560 1228 circenses
1589 1177 1734 1232 ludos
1776 1198 1892 1248 per-

312 1252 456 1308 gunt,
488 1254 533 1296 et
567 1247 618 1297 in
649 1248 790 1300 illum
831 1249 1092 1324 Evangelii
1120 1258 1319 1314 locum:
1350 1262 1544 1320 Intrate
1586 1279 1683 1335 per
1723 1247 1890 1340 angu-

308 1340 444 1383 stam
474 1345 705 1400 mtuant,
740 1341 858 1407 quia
887 1342 987 1395 lata
1019 1357 1166 1414 porta
1197 1359 1250 1404 et
1271 1354 1498 1420 spatiosa
1529 1358 1607 1411 via
1638 1369 1734 1426 est,
1770 1379 1889 1430 qua:

306 1419 450 1475 ducit
481 1426 546 1477 ad
577 1429 949 1498 perditionem,
989 1446 1038 1488 ct
1083 1441 1232 1494 multi
1263 1419 1386 1498 sunt
1414 1447 1504 1516 qui
1555 1448 1752 1506 intrant
1791 1419 1886 1522 per

303 1527 423 1564 eam
471 1532 484 1567 :
535 1526 579 1568 et
627 1535 798 1574 versus
841 1525 989 1590 ﬁnem
1018 1568 1032 1592 ,
1077 1531 1127 1583 in
1172 1530 1386 1588 Divitem
1432 1547 1480 1590 ct
1521 1540 1574 1593 in
1608 1540 1880 1602 Lazarum.

300 1602 451 1659 lianc
484 1624 609 1662 vero
637 1615 943 1670 concinnem
976 1620 1027 1672 itt
1059 1624 1196 1677 serie
1233 1625 1565 1686 hontiliarttm
1590 1634 1656 1688 de
1683 1634 1882 1694 Lazaro

297 1710 424 1748 esse
467 1703 762 1766 ponendam
806 1707 961 1762 docet
1014 1713 1124 1780 ipse
1161 1715 1574 1787 Chrysostomus
1613 1741 1759 1782 num.
1801 1730 1874 1783 ὅτ

300 1781 476 1840 Unum
530 1791 681 1860 igitur
709 1812 769 1847 ex
805 1798 898 1861 iis,
927 1802 1012 1864 qui
1028 1860 1036 1870 ,
1059 1821 1146 1871 per
1165 1820 1433 1878 angustant
1458 1823 1502 1866 et
1530 1791 1721 1871 ai'ctam
1748 1821 1877 1874 viam

291 1875 622 1942 incesserunt.
654 1883 786 1939 vobis
809 1888 858 1940 in
881 1893 1097 1947 medium
1137 1901 1476 1968 prpfcrentes,
1507 1921 1678 1960 eorum
1711 1925 1824 1977 qua:
1844 1929 1876 1966 a

287 1961 519 2021 Domino
548 1972 680 2026 dicta
705 1987 818 2029 sunt
848 1982 1100 2037 veritatem
1125 1989 1458 2056 ostendamus,
1493 2003 1538 2048 et
1562 1998 1734 2052 cadent
1757 2016 1872 2055 rur-

286 2071 381 2108 sus
413 2056 618 2114 Domini
663 2070 903 2134 parabola
931 2082 1150 2128 utamur.
1191 2076 1258 2132 Et
1301 2083 1483 2148 paucis
1511 2084 1868 2158 interpositis,

283 2160 386 2199 eos
414 2151 601 2204 cadent
635 2157 880 2222 parabola
906 2160 1016 2230 jatn
1054 2164 1285 2224 imbutos
1320 2171 1616 2243 declarans,
1649 2181 1724 2234 sic
1743 2197 1867 2250 per-

280 2235 400 2302 git:
444 2239 518 2318 ._4c
545 2243 647 2295 seio
683 2249 910 2316 equidem
955 2267 1060 2320 vos,
1114 2257 1337 2315 homines
1382 2267 1711 2336 perspicaces,
1754 2273 1869 2342 jam
1909 2298 1918 2308 -

278 2328 426 2393 quod
478 2331 704 2391 dicturus
745 2355 858 2394 sum
909 2344 1223 2418 intelligere;
1275 2353 1599 2412 nihilominus
1651 2370 1867 2416 tamena

279 2420 432 2474 nobis
477 2425 579 2478 dici
604 2443 798 2484 necesse
814 2443 904 2487 est.
936 2436 1000 2490 Et
1039 2449 1219 2507 postea
1267 2442 1333 2498 de
1369 2445 1526 2501 divite
1574 2459 1627 2504 et
1666 2449 1866 2507 Lazaro

275 2509 532 2580 pluribus
574 2519 700 2587 agit.
761 2523 978 2579 Ποιηυηί
1033 2546 1180 2584 num.
1235 2533 1302 2599 5,
1357 2547 1634 2607 postquam
1680 2541 1864 2598 Lazari

274 2613 513 2658 mortem
541 2622 664 2663 cum
692 2611 865 2668 divitis
896 2616 1039 2672 obitu
1071 2623 1366 2680 contulerat
1391 2646 1404 2680 :
1431 2628 1679 2687 Lubenler
1708 2637 1859 2706 enim,

271 2695 388 2760 ait,
435 2696 569 2751 lianc
593 2717 695 2754 rem
724 2721 858 2774 serpe
898 2725 1069 2776 rerso,
1103 2725 1156 2766 ut
1191 2733 1336 2784 nemo
1373 2736 1436 2774 ea:
1477 2723 1599 2790 illis,
1631 2729 1718 2796 qui
1744 2745 1861 2800 ege-

269 2795 406 2839 state
433 2790 510 2842 vel
553 2793 737 2846 morbis
763 2808 810 2848 et
847 2799 980 2866 fame
1007 2819 1318 2873 premuntur,
1365 2828 1418 2862 se
1457 2826 1761 2884 contemnat,
1805 2831 1860 2880 et

272 2876 503 2943 seipsum
546 2882 781 2938 miserum
824 2890 1125 2959 arbitretur,
1167 2897 1256 2949 sed
1295 2901 1572 2972 patienter,
1624 2919 1728 2962 etc.
1779 2908 1856 2963 Ex

268 2968 470 3034 quibus
500 2975 837 3040 perspicuum
869 2992 949 3035 est
977 2983 1111 3038 hanc
1133 2988 1288 3056 paulo
1317 3000 1436 3058 post
1464 2968 1711 3051 homilias
1738 2998 1856 3053 illas

265 3070 506 3124 quatuor
531 3061 597 3116 de
621 3062 822 3120 Lazaro
853 3076 1239 3138 pronuntiatam
1279 3077 1466 3136 fuisse.
1501 3085 1853 3152 Quamobrem

264 3147 321 3199 in
353 3153 623 3209 nonnullis
653 3156 937 3215 codicibus
959 3163 1082 3219 Mss.
1126 3167 1264 3224 inter
1295 3147 1548 3228 nomina;
1568 3176 1634 3231 de
1653 3177 1854 3234 Lazaro

260 3242 506 3310 ponitur,
527 3258 582 3299 et
609 3248 659 3300 iu
678 3249 982 3309 Colbertino
998 3257 1101 3311 564
1122 3270 1241 3328 post
1259 3273 1483 3331 quatuor
1508 3267 1628 3321 illas
1650 3271 1852 3338 priores

257 3330 332 3384 de
360 3330 570 3388 Lazaro
610 3336 835 3408 locatur,
866 3354 920 3398 et
960 3330 1485 3420 inscribituriQuinta
1526 3359 1593 3412 de
1627 3359 1848 3430 Lazaro,

257 3432 425 3490 atque
454 3425 683 3483 llomilia
707 3431 757 3486 in
788 3433 934 3500 illud,
973 3436 1110 3494 Nolo
1140 3457 1226 3496 vos
1247 3444 1482 3516 ignorare
1506 3449 1568 3503 de
1595 3425 1850 3508 dormieru-

255 3513 415 3576 tibus,
451 3516 760 3576 inscribitur
796 3525 956 3583 Sexta
991 3531 1060 3586 de
1099 3513 1320 3590 Lazaro.
1353 3538 1544 3596 Verum
1578 3543 1713 3600 hanc
1747 3562 1846 3616 po-

253 3616 520 3660 stremam
549 3609 617 3666 de
660 3614 822 3672 Ludis
851 3620 1178 3678 circensibus
1198 3669 1211 3690 ,
1242 3628 1327 3682 illa
1357 3630 1424 3685 de
1455 3609 1846 3694 Dormientibus

253 3701 557 3764 pneccssit,
600 3714 658 3756 ut
695 3705 806 3772 ipsa
837 3710 1067 3767 humilia:
1111 3716 1250 3772 illius
1290 3721 1460 3789 prima
1495 3726 1653 3781 verba
1710 3729 1844 3783 indi-

253 3799 379 3842 cant
409 3808 424 3844 :
457 3789 581 3846 Dies
602 3808 817 3864 quatuor
835 3802 886 3854 in
909 3806 1211 3873 explicanda
1231 3813 1366 3866 vobis
1391 3812 1574 3870 Lazari
1600 3821 1843 3894 parabqla

249 3885 683 3950 consmnpsimus,
714 3899 815 3944 ctc.
845 3893 1007 3960 Igitur
1038 3898 1332 3956 Antiochia:
1357 3907 1694 3964 continenter
1722 3922 1841 3980 post

249 3971 546 4028 conciones
569 3975 638 4031 de
672 3977 873 4035 Lazaro
910 3985 1046 4040 hanc
1075 3987 1262 4044 habuit
1299 3992 1591 4064 homiliam,
1615 4001 1702 4055 ubi
1727 4004 1837 4072 pri-

255 4075 402 4113 munt
435 4074 623 4120 contra
653 4068 770 4124 illos
795 4073 931 4142 agit,
959 4077 1045 4145 qui
1067 4078 1334 4137 circenses
1360 4085 1511 4140 ludos
1537 4088 1838 4159 frequenta-

247 4151 402 4220 bant,
435 4166 491 4209 et
524 4167 703 4226 postea
731 4163 796 4216 ad
823 4177 1130 4223 consuetam
1162 4173 1228 4226 de
1248 4173 1446 4231 Lazaro
1467 4187 1522 4232 et
1549 4179 1712 4236 divite
1739 4200 1834 4254 pa-

245 4243 490 4299 rabolam
527 4248 780 4307 deﬂectit.

317 4334 593 4393 Hactenus
619 4353 825 4414 tempus
841 4363 945 4416 quo
962 4352 1245 4408 conciones
1271 4356 1506 4429 singulas
1536 4361 1831 4420 Antiochia

243 4423 435 4480 habuit
495 4429 911 4506 Cltrysostomus
962 4441 1380 4512 assignavimus,
1434 4451 1590 4506 modo
1631 4457 1823 4519 certis,

242 4518 405 4572 modo
433 4519 612 4576 dubiis
659 4525 889 4583 indiciis.
927 4532 1157 4588 Creteras
1195 4554 1324 4592 vero
1367 4556 1499 4611 quas
1531 4544 1825 4609 edidimus.

241 4623 482 4678 quasque
518 4613 837 4685 Antiochire,
888 4621 1004 4674 sine
1058 4625 1160 4679 ulla
1210 4627 1467 4696 probabili
1512 4635 1634 4687 anni
1665 4648 1823 4700 nata,

242 4699 496 4756 habuisse
531 4716 811 4774 putamus,
860 4711 943 4766 hic
984 4719 1317 4773 continenter
1357 4735 1706 4790 apponetnus,
1735 4727 1827 4781 illo

239 4790 556 4863 ordinequo
584 4797 634 4850 in
663 4801 761 4854 hac
780 4802 1011 4859 editione
1039 4806 1293 4864 feruntur.

313 4879 560 4940 llomilia:
601 4889 651 4941 in
694 4889 1042 4950 Pentecosten.
1079 4929 1150 4939 —
1177 4899 1457 4957 llomiliam
1506 4909 1728 4975 primam
1770 4911 1820 4965 in

239 4969 598 5032 Pentecosten
636 4996 701 5035 ne
736 4985 1038 5053 conjectura
1071 4991 1282 5060 quidem
1322 4992 1501 5050 dicere
1542 5013 1821 5067 possumus

235 5080 342 5133 quo
368 5081 513 5122 anno
542 5068 719 5126 habita
750 5073 925 5142 fuerit,
955 5089 1014 5132 ut
1041 5080 1091 5133 in
1118 5081 1316 5137 Monito
1337 5084 1403 5140 ad
1433 5090 1674 5144 eamdem
1709 5108 1820 5162 pro-

196 5136 484 5236 ihavimus
512 5159 598 5229 (Τ.
627 5163 681 5216 2.
720 5181 766 5217 c.
799 5136 951 5240 45b).
977 5169 1032 5224 ln
1059 5187 1120 5226 ea
1147 5136 1276 5228 vero
1434 5136 1645 5247 parvam
1667 5136 1818 5240 nobis

213 5229 605 5305 \liﬂicultatcm
636 5254 791 5311 affert
813 5259 866 5311 in
893 5229 1267 5320 enumerandis
1302 5270 1592 5337 majoribus
1623 5273 1820 5331 festivi-

236 5342 453 5407 tatibus,
481 5360 617 5416 quas
644 5349 746 5403 sub
794 5352 998 5408 initium
1033 5358 1216 5426 prima:
1245 5361 1296 5414 in
1337 5361 1685 5422 Pcntecosten
1723 5371 1817 5422 ho-

241 5433 390 5487 stilia:
417 5437 500 5490 sic
545 5453 948 5498 commemorat.
995 5447 1225 5504 Primam
1271 5452 1398 5506 dicit
1446 5454 1810 5525 Epiphaniam,

241 5529 518 5583 secundam
541 5529 765 5596 Pascha,
791 5539 995 5593 tertiam
1013 5541 1380 5601 Pentecosten.
1406 5547 1668 5616 Qumritur
1689 5570 1814 5609 vero

241 5629 322 5674 tur
342 5621 594 5678 Natalem
629 5625 824 5684 Christi
847 5631 987 5688 diem
1018 5636 1272 5703 omiserit,
1299 5656 1453 5711 quem
1485 5644 1596 5714 ipse
1621 5644 1692 5701 23
1720 5649 1808 5702 Do-

237 5713 462 5769 minis
505 5716 768 5772 celebrari
814 5721 920 5790 jam
970 5723 1122 5790 dixit,
1175 5739 1228 5782 et
1269 5731 1319 5785 in
1367 5713 1514 5802 quo,
1543 5745 1598 5790 ut
1647 5756 1803 5806 supra

555 5835 816 5930 Ιδολτιιοι.
863 5841 906 5896 (ἱ
921 5861 951 5896 tt
966 5885 978 5898 .
1025 5841 1066 5897 Χ
1085 5841 1173 5899 ΙΝ
1189 5842 1264 5902 il.

207 5907 256 5914 ’νς-

1519 329 1696 389 NUNC
1740 335 1995 395 PRIMUM
2037 344 2076 397 Α
2089 343 2306 402 UOH!“
2317 347 2420 404 ΤΑ.

337 437 458 478 vero
497 426 807 504 contingere
846 435 1030 502 potuit,
1080 446 1136 492 ut
1177 440 1382 509 vigente
1428 443 1512 499 illa
1544 459 1726 503 contra
1761 450 1908 505 Ano-

335 531 500 570 tnteos
524 518 931 590 disceptatione.
966 528 1015 581 itt
1050 529 1189 584 nulla
1233 531 1483 590 harumce
1515 554 1704 594 novent
1742 540 1913 596 humi.

329 605 536 669 liarum,
571 627 688 680 qum
720 615 836 670 sine
863 617 1041 680 dubio,
1069 623 1112 675 si
1143 624 1329 678 eodem
1355 641 1494 681 anno
1516 640 1570 684 et
1604 647 1784 688 mense
1815 634 1911 689 ha~

328 694 448 750 bitu:
476 698 689 766 fuerint,
731 705 870 758 inter
905 708 1160 765 llnmilias
1194 727 1376 768 coittra
1419 721 1706 776 Anommos
1741 725 1905 780 inter-

327 787 498 841 niixtze
520 790 753 858 luerunt,
774 798 854 850 vcl
875 800 1143 855 minimam
1161 803 1339 860 haberi
1357 808 1510 878 hujus
1530 819 1904 871 C0:tlt't)\'t:l‘si:e

325 878 689 935 mentionem?
724 883 832 940 llac
859 889 985 943 tnilti
1022 907 1162 946 nova
1193 897 1406 951 suborta
1435 899 1706 958 dubitandi
1743 921 1899 961 causa

3497 362 3595 420 σεο

2023 454 2271 520 diximus.
2313 462 2623 518 concionem
2672 466 2870 520 habuit.
2914 467 3023 528 Dici
3058 469 3191 525 forte
3236 474 3420 540 possit,
3464 480 3591 546 quia

2018 551 2206 605 festum
2236 552 2434 608 Natalis
2458 555 2653 612 Christi
2685 574 2711 611 a
2741 561 3072 628 paucissimis
3098 564 3249 628 anuis
3287 566 3591 626 Antiochia!

2013 641 2380 698 celebrabatur
2406 647 2492 701 die
2517 649 2584 704 25
2613 651 2946 717 Decembris,
2979 669 3101 708 cum
3141 667 3292 710 antea
3330 674 3428 711 una
3466 659 3590 726 Epiz-

2013 730 2220 798 phania:
2268 735 2606 804 solemnitas,
2658 741 2746 796 die
2805 754 2953 798 sexta
3023 745 3254 800 Januarii
3309 758 3364 802 et
3412 749 3583 806 Natali

2009 823 2238 890 Christi,
2269 835 2323 880 ct
2347 827 2614 899 Magorum
2669 831 2986 900 adorationi,
3015 845 3068 890 et
3091 837 3286 893 Christi
3320 839 3581 909 baptismo

2005 912 2252 982 deputata
2278 928 2443 984 esset,
2493 920 2578 975 hic
2607 922 2896 978 secundum
2937 937 3172 982 veterem
3215 930 3580 986 solemnitatcs

2004 1008 2313 1062 numerandi
2336 1012 2768 1068 consuetudinem
2791 1031 2819 1068 a
2831 1015 3212 1087 Chrysostomo
3229 1019 3574 1089 Epiphaniam

2001 1099 2306 1165 memorari,
2335 1100 2581 1170 diemque
2605 1102 2844 1158 Natalem
2877 1109 3059 1160 taceri.
3091 1106 3186 1163 llic
3216 1109 3462 1164 nimirum
3491 1127 3573 1166 re,-

1997 1201 2182 1257 Ceptus
2210 1192 2276 1246 ab
2307 1211 2422 1248 tero
2461 1198 2775 1252 recensendi
2818 1214 2934 1253 mos
2982 1199 3146 1256 fuisse
3187 1201 3395 1258 videtur
3433 1204 3570 1272 apud

1997 1281 2354 1340 Autiochenos
2379 1327 2393 1350 ,
2421 1297 2480 1340 ut
2526 1297 2634 1342 tres
2678 1289 2994 1361 insigniores
3037 1293 3397 1348 solemnitates
3421 1294 3586 1349 dicem

1994 1383 2127 1437 rent,
2158 1373 2506 1444 Epiphaniam
2528 1421 2542 1444 ,
2575 1379 2774 1436 Pascha
2804 1392 2858 1436 et
2907 1384 3253 1439 Pentecosten
3282 1403 3295 1440 :
3323 1384 3563 1440 Natalem

1991 1479 2117 1518 vero
2161 1465 2368 1521 Domini
2410 1468 2573 1533 diem,
2607 1472 2725 1542 quia
2758 1489 2928 1543 nuper
2968 1474 3215 1529 inductus
3263 1476 3454 1538 fuerat,
3505 1486 3562 1531 ttt

1981 1555 2090 1623 jam
2124 1558 2370 1624 vidimus,
2403 1561 2452 1615 iu
2487 1562 2585 1616 hoc
2612 1579 2835 1621 numero
2859 1567 3090 1622 nondum
3127 1578 3405 1638 ponerent,
3435 1571 3556 1641 quia

1986 1657 2139 1703 antea
2166 1665 2285 1705 cum
2317 1651 2609 1722 Epiphania
2636 1657 3026 1714 celebrabatur.

2055 1737 2297 1794 Secunda
2329 1743 2488 1797 etiam
2532 1745 2599 1800 de
2626 1745 2941 1805 Pentecoste
2970 1751 3183 1805 homilia
3215 1751 3410 1807 nullam
3445 1768 3557 1822 pra

1982 1841 2040 1882 se
2085 1828 2184 1882 fert
2227 1835 2480 1901 temporis
2525 1845 2725 1890 notam.
2770 1838 2824 1892 In
2867 1838 2967 1894 hac
3011 1855 3170 1910 porro
3201 1842 3550 1899 Pcntecosten

1980 1931 2138 1976 vocat
2163 1923 2575 1996 Chrysostomus
2605 1931 2918 2000 metropolim
2945 1937 3217 2002 festorum,
3255 1936 3378 2003 quia
3405 1936 3553 1991 vide-

1978 2010 2122 2076 licet,
2153 2023 2210 2068 ut
2249 2017 2442 2071 ibidem
2471 2018 2671 2088 adjicit,
2702 2019 2931 2077 fructum
2975 2024 3061 2077 illa
3095 2025 3380 2079 Dominicte
3422 2042 3547 2096 pro-

1975 2105 2244 2160 missionis
2267 2107 2438 2166 allert.
2479 2109 2593 2164 Non
2621 2125 2788 2179 pauca
2827 2123 3008 2167 contra
3036 2113 3549 2171 Pnenmatomachos

1974 2194 2208 2264 disserit,
2227 2200 2316 2268 qui
2343 2200 2570 2268 Spiritus
2592 2202 2759 2255 sancti
2785 2205 3112 2271 tnajcstatem
3139 2218 3198 2257 ac
3213 2204 3541 2260 divinitatem

1974 2288 2299 2357 impelebant
2319 2307 2332 2342 :
2356 2308 2419 2345 ac
2445 2303 2724 2363 postquam
2747 2294 2815 2349 de
2845 2294 3101 2350 fructibus
3123 2295 3352 2366 Spiritus
3371 2299 3540 2352 sancti

1973 2380 2134 2431 tnulta
2168 2382 2402 2448 protulit,
2433 2383 2590 2437 linem
2621 2384 2828 2440 dicendi
2852 2385 2998 2442 facit.

2042 2469 2316 2526 Contiones
2361 2475 2498 2527 alite.
2538 2503 2611 2516 -—-
2646 2477 2940 2533 Antiochia:
2994 2480 3118 2535 item
3161 2481 3364 2537 incerto
3397 2493 3538 2536 anno

1968 2563 2276 2618 enncionem
2303 2564 2485 2620 habuit
2514 2567 2581 2622 de
2607 2568 2664 2622 S.
2709 2568 2920 2638 Pelagia
2952 2582 3183 2642 martyre
3207 2572 3532 2655 Antiochena

1969 2650 2053 2723 (Τ.
2082 2653 2137 2706 ‘2.
2167 2675 2212 2708 c.
2244 2655 2412 2724 579),
2443 2673 2561 2725 qua:
2604 2671 2727 2710 cum
2775 2657 3092 2714 Christiana:
3135 2660 3255 2716 lidei
3303 2651 3458 2716 causa
3501 2677 3532 2716 ι

1967 2744 2221 2800 militibus
2242 2746 2551 2803 abducenda
2577 2758 2748 2816 esset,
2779 2763 2848 2806 ne
2877 2752 3160 2822 virginitati
3201 2767 3310 2808 sure
3341 2755 3420 2809 vis
3449 2755 3530 2808 ins

1965 2834 2225 2902 ferretur,
2271 2855 2390 2896 sese
2449 2843 2772 2913 prmcipitem
2833 2843 3011 2908 dedit,
3066 2854 3120 2899 et
3179 2846 3259 2899 sic
3303 2857 3528 2902 mortem

1961 2923 2061 2977 sibi
2098 2929 2353 2983 conscivit
2400 2937 2477 2992 De
2513 2951 2614 2989 una
2659 2945 2838 2988 sancta
2868 2934 3070 3003 virgine
3108 2934 3272 2989 multa
3320 2949 3527 2990 memon

1960 3022 2142 3068 rantur
2153 3015 2208 3068 in
2223 3014 2427 3071 Monito
2440 3018 2660 3088 ibidem,
2675 3035 2911 3090 quamon
2921 3034 3052 3080 sunt
3079 3025 3358 3092 prmseutis
3370 3023 3529 3079 iusti.

1960 3104 2075 3157 tuti.

2029 3194 2082 3247 In
2109 3205 2345 3250 sanctum
2376 3213 2587 3267 quoque
2625 3199 2878 3269 lgnatium
2913 3199 3194 3271 Deiferum,
3230 3196 3527 3258 Antiochia:

1955 3284 2258 3354 episcopum
2301 3296 2355 3340 et
2387 3299 2693 3359 martyrem,
2720 3291 3030 3344 concionem
3080 3292 3264 3345 habuit
3296 3293 3525 3364 Chryse.

1954 3385 2178 3441 Stemus,
2203 3376 2383 3445 paucis
2407 3388 2524 3447 post
2546 3380 2856 3434 concionem
2883 3381 2933 3434 in
2957 3382 3014 3435 S.
3042 3381 3306 3451 Pclagiam
3337 3382 3524 3445 diebus

1953 3464 2039 3535 (Τ.
2069 3465 2120 3520 2.
2155 3479 2204 3516 ε.
2233 3465 2370 3540 587)
2404 3487 2417 3523 :
2447 3469 2513 3524 de
2527 3486 2668 3525 anno
2688 3481 2861 3526 autem
2888 3487 2956 3527 ne
2979 3473 3285 3542 eonjecmra
3307 3474 3521 3543 quidem

1950 3565 2184 3614 statuere
2208 3559 2475 3628 quidpiam
2503 3576 2806 3629 possumus.
2834 3561 3048 3616 Festum
3081 3564 3140 3618 S.
3171 3561 3353 3633 lgnatii
3379 3565 3518 3619 cele-

1948 3645 2134 3701 bratur
2158 3647 2294 3716 apud
2312 3664 2407 3702 nos
2434 3651 2602 3718 prima
2623 3649 2917 3715 Februarii,
2935 3652 3075 3721 apud
3097 3651 3314 3707 Graecos
3337 3661 3518 3706 autem

1947 3738 2198 3808 vigesima
2222 3738 2309 3794 die
2336 3727 2674 3806 Decembris;
2705 3743 2827 3810 quia
2853 3757 2981 3796 vero
3003 3743 3054 3797 in
3084 3743 3208 3796 Mss.
3241 3743 3398 3798 etiam
3425 3759 3519 3796 an-

1946 3827 2260 3896 tiquissimis
2283 3838 2497 3883 notatur
2522 3845 2581 3883 ea
2616 3831 2726 3899 ipsa
2753 3830 2869 3886 dies
2907 3831 3159 3900 vigesima
3189 3831 3516 3894 Decembris.

1944 3919 2231 3974 verisimile
2277 3921 2486 3976 videtur
2515 3921 2602 3975 illa
2636 3921 2725 3976 die
2761 3921 2994 3976 habitam
3041 3922 3206 3976 fuisse
3234 3922 3370 3977 hanc
3396 3935 3527 3976 con-

1942 4009 2169 4073 cionem,
2199 4025 2302 4064 non
2330 4020 2505 4064 autem
2539 4011 2599 4064 t7
2629 4011 2934 4065 Decembris
2958 4053 2972 4075 ,
2999 4025 3099 4080 qua
3127 4010 3212 4064 die
3243 4010 3519 4065 translatio

1939 4097 2054 4164 ejus
2079 4099 2375 4153 celebratur
2412 4100 2465 4154 itt
2495 4099 2731 4154 Ecclesia
2777 4100 3037 4163 Romana,
3089 4109 3146 4154 ut
3181 4107 3328 4155 recte
3365 4108 3518 4154 notat

1940 4187 2138 4242 Fronto
2179 4189 2417 4254 Ducarus,
2464 4192 2550 4259 qui
2583 4202 2691 4246 tres
2725 4192 2840 4261 ejus
2873 4191 3245 4246 translationes
3280 4206 3560 4246 comma»

1939 4267 2144 4340 morat;
2176 4281 2400 4348 primam
2438 4281 2605 4334 Roma
2645 4283 3003 4350 Antiochiam,
3038 4290 3096 4337 ut
3135 4282 3390 4353 putabant
3432 4283 3514 4336 di-

1935 4372 2120 4440 scipuli
2175 4374 2325 4442 ejus,
2375 4374 2462 4442 qui
2505 4376 2634 4430 Acta
2674 4377 3015 4444 scripserant,
3063 4377 3277 4446 quando
3317 4388 3514 4446 nempe

1933 4463 2168 4532 reliquite
2215 4464 2331 4532 ejus
2372 4465 2641 4518 translatae
2678 4475 2802 4518 sunt
2829 4483 2842 4519 :
2872 4480 2994 4519 nam
3031 4465 3413 4536 Chrysostomo
3455 4468 3512 4520 in

1935 4555 2034 4609 hac
2062 4555 2276 4609 homilia
2306 4570 2368 4609 ac
2392 4556 2712 4626 Hieronymo
2739 4555 2992 4620 testibus,
3021 4571 3142 4610 ossa
3173 4557 3290 4626 ejus
3323 4557 3486 4611 Antio

1931 4647 2065 4702 chi:e
2103 4649 2448 4717 quiescebant
2468 4690 2484 4715 ,
2509 4655 2564 4702 et
2588 4647 2802 4717 quidem
2827 4656 2976 4702 extra
3005 4658 3211 4717 portam
3243 4648 3513 4718 Daphmtts

1937 4750 2055 4789 ram
2095 4737 2147 4791 in
2187 4734 2531 4800 cmmeterio,
2568 4731 2744 4802 inQuit
2787 4738 3139 4809 Hieronymus
3175 4739 3228 4793 in
3260 4738 3400 4794 libro
3437 4739 3506 4794 de

1930 4825 2290 4897 Scriptorihus
2337 4828 2740 4882 Ecclesiasticis.
2789 4828 3031 4884 Secunda
3086 4829 3361 4884 translatio
3406 4830 3507 4884 ima
3545 4917 3547 4919 ι

1931 4929 2146 4984 perante
2163 4915 2463 4971 Theodosio
2485 4916 2524 4972 ll
2540 4916 2676 4972 facta
2687 4926 2787 4983 est,
2806 4933 2925 4974 cum
2939 4920 3054 4989 ejus
3059 4919 3209 4988 jussu
3229 4936 3296 4976 ex
3313 4936 3504 4976 cmme-

1929 5008 2061 5061 terio
2088 5008 2139 5061 in
2166 5009 2416 5077 templum
2439 5006 2687 5064 Fortunae
2706 5010 2821 5080 ejus
2849 5025 2968 5064 ossa
2992 5011 3242 5066 translata
3269 5021 3415 5077 sunt,
3447 5023 3504 5067 et

1928 5099 2180 5170 templum
2208 5102 2331 5154 olim
2356 5103 2686 5158 (lattnonibus
2706 5102 2959 5169 dicatum,
2985 5107 3204 5176 martyri
3227 5121 3512 5191 consecras,

1927 5202 2036 5245 tum
2065 5204 2165 5253 est,
2199 5191 2368 5262 inquit
2399 5192 2672 5264 Evagrius.
2705 5193 2937 5250 Tertiam
2970 5197 3365 5254 translationem
3400 5201 3504 5253 Ana

1926 5284 2116 5338 tiochia
2165 5283 2387 5338 Romam
2435 5294 2694 5338 memorat
2720 5285 3146 5357 Martyrologium
3177 5288 3487 5349 Romanum,

1923 5391 2041 5429 cum
2085 5375 2134 5428 in
2161 5377 2384 5430 ecclesia
2414 5375 2470 5430 S.
2508 5376 2798 5432 Clementis
2826 5379 3097 5432 recondita
3133 5389 3276 5433 sunt.
3307 5380 3360 5434 ltt
3399 5381 3496 5435 hac

1921 5479 2047 5518 vero
2072 5467 2326 5520 concione
2363 5466 2773 5538 Chrysostontus
2807 5468 3060 5538 lgnatium
3088 5469 3160 5523 ait
3193 5469 3316 5525 leris
3346 5472 3491 5538 obje-

1921 5568 2062 5611 ctnm
2095 5559 2323 5628 quinque
2348 5574 2572 5614 coronas
2600 5575 2883 5625 merutsse;
2912 5561 3040 5617 dicit
3063 5563 3278 5633 insuper
3308 5563 3485 5617 Amic.v

1919 5649 2052 5704 chize
2073 5651 2296 5707 ducenta
2329 5651 2598 5706 hominum
2629 5653 2791 5706 millia
2820 5669 2957 5708 esse.

1993 5744 2232 5810 Aliquam
2264 5747 2578 5801 concinnum
2622 5747 2914 5801 Antiothim
2956 5748 3250 5804 habitat-um
3296 5746 3487 5800 serit-nrt

3080 5860 3148 5916 11
