4110 6148
481 356 577 411 Nil

475 473 635 538 nobis
667 470 865 526 italieat
891 469 979 536 (T.
1035 469 1086 522 6.
1116 486 1165 522 c.
1211 465 1330 537 liis)
1362 467 1475 537 ipse
1509 462 1918 522 Chrvsnslomns
1950 480 2058 519 ser-

480 577 640 616 mone
664 561 834 631 primo
867 559 934 613 de
973 559 1147 614 verbis
1165 557 1432 620 Jeretniae,
1463 573 1584 616 eum
1615 559 1688 614 ait
1715 575 1771 613 ιι.
1810 560 1832 614 l
1882 571 1898 610 :
1928 555 2060 612 l’ro-

480 663 649 724 pterea
674 654 740 705 de
763 651 913 706 Petro
937 660 983 705 et
1013 649 1179 706 Paulo
1222 668 1383 723 nuper
1427 651 1865 709 dtsseruissemus.
1911 659 1956 702 et
1998 655 2062 704 de

480 755 655 801 Morta
694 745 825 799 inter
862 744 997 815 ipsos
1029 744 1309 800 Antiochia:
1342 756 1712 804 controversia.
1743 759 2063 814 pugnamque

478 838 642 903 illum,
667 852 778 907 quae
802 837 929 891 inter
943 853 1028 891 eos
1043 853 1148 891 esse
1162 837 1444 902 videbatur,
1470 853 1593 907 pace
1614 836 1787 907 quouis
1809 836 2061 891 utiliorem

430 934 436 941 “
476 927 614 982 vobis
638 929 1045 991 ostendissemus,
1079 944 1288 1000 euntque
1314 928 1383 982 ad
1406 938 1715 999 praeruptam
1746 938 1794 983 et
1827 944 2061 999 asperam

482 1035 567 1071 ros
594 1018 734 1071 illam
763 1019 893 1072 riam
918 1013 1321 1083 deduxissemns,
1349 1019 1417 1070 at!
1440 1019 1583 1083 aliud
1606 1028 1955 1089 argumentum
1978 1033 2063 1070 ros

450 1110 836 1175 .trutluxiutus,
882 1109 1004 1162 dum
1045 1108 1178 1162 beati
1221 1108 1475 1162 Eustatltii
1532 1110 1785 1179 pra'conia
1838 1124 2066 1162 sermone

481 1200 730 1268 τριηριεαὶ
750 1215 943 1265 simius,
967 1208 1138 1270 etpost
1162 1197 1306 1252 illum
1333 1200 1558 1269 generosi
1583 1200 1818 1270 martyris
1846 1198 2062 1253 Romani

484 1289 663 1345 laudes
704 1291 1075 1361 percurrimus,
1123 1305 1237 1343 cum
1273 1289 1522 1344 illustrius
1564 1289 1705 1344 nobis
1752 1289 1944 1358 factum
1994 1299 2065 1341 est

486 1384 767 1446 theatrum,
817 1383 1038 1452 amplior
1088 1383 1367 1454 upplausus
1409 1394 1457 1437 et
1488 1384 1654 1453 major
1696 1382 1936 1453 strepitus
1979 1397 2064 1435 ac-

482 1474 831 1530 cltnnttntium.
1162 1483 1166 1487 ⁴

530 1567 833 1625 'Conct'ones
863 1567 999 1623 alite.
1018 1597 1086 1608 —
1108 1566 1274 1635 Quam
1300 1568 1520 1638 primam
1551 1568 1636 1623 hic
1658 1576 1913 1623 memorat
1937 1581 2067 1622 con-

487 1659 736 1725 ciouem,
770 1676 830 1714 ea
859 1670 960 1724 est,
996 1676 1154 1730 quam
1209 1670 1330 1732 post
1370 1662 1652 1716 lectionem
1704 1661 1955 1731 Epistolas
1999 1661 2064 1714 ad

486 1749 700 1809 Galatas
719 1750 805 1823 (T.
835 1753 886 1806 5.
912 1766 958 1806 c.
978 1751 1105 1821 571)
1132 1751 1427 1807 Antiochia:
1453 1752 1633 1806 habuit
1661 1752 2069 1825 Chrysostmnus

488 1840 541 1895 in
572 1840 721 1907 illml,
752 1839 816 1894 In
848 1841 1030 1911 faciem
1054 1840 1212 1896 Petro
1238 1842 1421 1896 restiti.
1450 1842 1664 1895 Veritus
1689 1844 1831 1896 enim
1858 1858 1923 1894 ne
1948 1851 2067 1895 tan-

490 1933 622 1996 tilla,
648 1947 769 2000 quze
791 1932 886 2007 'hic
922 1939 1143 2002 apparet
1180 1935 1319 1988 inter
1360 1934 1574 1989 Petrum
1605 1942 1659 1988 et
1697 1934 1939 1999 Paulum,
1967 1935 2068 1987 Ee-

488 2024 669 2078 clesize
709 2024 1006 2090 columnas,
1048 2024 1314 2080 dissensio
1363 2026 1569 2094 piorum
1615 2027 1822 2080 animos
1865 2035 2072 2097 pertur-

489 2115 658 2179 baret,
682 2114 841 2185 longa
884 2115 1058 2170 locum
1103 2116 1250 2171 illum
1281 2118 1524 2170 oratione
1549 2132 1607 2171 es
1622 2116 1835 2185 planare
1864 2116 2068 2170 nititur.

490 2204 680 2259 Statim
706 2205 938 2275 explicat
963 2217 1158 2276 quanta
1185 2207 1309 2260 hinc
1335 2206 1669 2262 incommoda
1692 2216 1994 2276 sequantur,
2026 2209 2069 2261 si

491 2310 619 2351 vero
637 2305 692 2351 ct
716 2297 1030 2368 objurgandi
1057 2299 1255 2364 animo,
1279 2298 1523 2369 plurimis
1542 2302 1916 2370 praesentibus,
1946 2314 2072 2368 apo.

492 2389 723 2443 tolurum
765 2390 1105 2461 coryplneum
1149 2390 1347 2447 Paulus
1386 2392 1457 2446 sit
1492 2393 1733 2448 adortus.
1781 2391 1913 2446 llinc
1940 2392 2074 2445 duas

489 2480 632 2537 circa
652 2481 793 2536 hunc
820 2482 994 2537 locum
1022 2484 1317 2538 sententias
1337 2483 1506 2552 aperit
1529 2484 1817 2553 statimque
1844 2483 2069 2537 refutat:

490 2586 717 2640 quantm
754 2573 904 2647 prior
936 2585 1037 2639 est,
1077 2573 1313 2637 Petrum,
1352 2574 1419 2627 de
1454 2588 1560 2642 quo
1597 2575 1683 2628 hic
1727 2575 1933 2643 agitur,
1968 2590 2072 2627 non

491 2662 857 2731 apostolorum
883 2664 1199 2733 principem,
1230 2663 1324 2721 sed
1351 2664 1511 2718 alium
1535 2678 1653 2718 esse
1674 2667 2071 2734 cognominem;

496 2754 664 2807 altera
705 2755 889 2807 Statuit
933 2770 1111 2808 veram
1156 2769 1276 2811 esse
1317 2757 1810 2825 reprehensionem,
1860 2771 1960 2811 nec
1999 2756 2074 2810 si-

491 2838 692 2898 t'nulate
736 2841 949 2898 iactant.
996 2845 1197 2900 Deinde
1242 2862 1372 2901 vero
1415 2861 1567 2902 suam
1613 2848 1700 2902 ille
1738 2848 1937 2918 profert
1963 2849 2075 2918 upi-

496 2933 742 2988 nionem:
773 2949 965 3004 nempe
988 2936 1261 3006 apostolos
1286 2936 1501 2992 Petrum
1529 2946 1583 2992 et
1603 2937 1824 2991 Paulum
1851 2938 1916 2992 ad
1942 2939 2077 3006 hante

496 3023 635 3094 piam
676 3024 1071 3079 simulationem
1128 3036 1342 3096 paratos
1392 3028 1782 3098 meditatosque
1822 3029 2072 3094 venisse,

498 3129 673 3184 exque
701 3123 852 3185 pacto
879 3126 931 3171 et
961 3126 1223 3171 convento
1252 3119 1388 3174 inter
1415 3120 1601 3174 ambos
1631 3120 1796 3186 inito;
1828 3131 1935 3174 tmn
1960 3136 2018 3174 se
2044 3135 2077 3175 a

496 3207 748 3278 gentibus
778 3202 1091 3279 segregasse
1120 3209 1368 3275 Petrum,
1401 3226 1467 3264 ne
1498 3211 1550 3265 in
1575 3209 1878 3266 Judacorum
1910 3212 2078 3266 offen-

493 3300 699 3353 sionem
734 3311 1066 3367 occurreret,
1110 3310 1220 3356 tum
1260 3302 1480 3357 Paulum
1521 3303 1571 3357 ei
1612 3304 1664 3356 in
1695 3303 1881 3357 faciem
1925 3305 2078 3357 resti-

496 3390 645 3454 tisse,
691 3391 783 3445 illo
835 3408 940 3446 non
988 3393 1305 3461 reluctante,
1336 3394 1455 3467 quia
1500 3395 1777 3450 amborum
1822 3409 1883 3448 ea
1926 3408 2077 3450 mens

492 3491 639 3546 erat,
668 3492 725 3535 ut
756 3482 884 3550 legis
907 3483 1090 3553 jugum
1130 3486 1378 3554 gentibus
1406 3501 1511 3539 non
1548 3486 1934 3555 imponeretur.
1961 3485 2078 3540 Ca:-

494 3579 666 3624 terunt
696 3570 1060 3641 Cbrysostomi
1088 3575 1290 3644 opinio,
1315 3592 1437 3645 qua:
1488 3576 1555 3630 ab
1581 3576 1807 3647 Origene
1833 3591 2078 3631 manasse

494 3659 750 3727 creditur,
778 3662 847 3716 ab
875 3662 1201 3735 Hieronymo
1224 3667 1455 3734 primum
1484 3676 1810 3737 propugnata
1831 3707 1844 3730 ,
1876 3667 1945 3721 ab
1978 3670 2079 3720 Au-

492 3753 708 3824 gustino
734 3753 959 3809 refutatu
987 3767 1088 3822 est,
1118 3767 1395 3813 asserente
1430 3775 1612 3813 veram
1643 3776 1741 3814 nec
1775 3760 2075 3815 simulatam

495 3836 658 3898 luisse
695 3844 843 3901 Pauli
883 3848 1379 3919 reprehensitiuem,
1410 3852 1479 3905 ita
1518 3860 1574 3905 ut
1608 3852 1725 3921 ejus
1750 3856 2077 3921 argumentis

493 3934 712 3992 cederet
765 3938 880 4009 ipse
925 3941 1303 4013 Hieronymus.
1348 3941 1466 3996 Non
1508 3942 1701 3999 desunt
1761 3953 1936 3999 tamen
1985 3945 2077 4014 qui

496 4024 721 4096 primam
751 4031 1070 4086 sententiam
1090 4074 1104 4098 ,
1133 4048 1251 4102 qua:
1278 4034 1492 4087 Petrum
1535 4035 1602 4089 ab
1642 4036 1884 4105 apostolo
1913 4038 2076 4092 alium

492 4118 707 4187 asserit,
731 4137 830 4177 nec
847 4140 935 4193 qm
958 4125 1247 4179 secundam
1269 4140 1299 4179 a
1321 4123 1700 4197 Chrysostomo
1720 4136 2077 4200 oppugnatam

495 4207 759 4280 hodieque
787 4211 1097 4268 defendant.

567 4300 712 4358 llauc
736 4307 1047 4360 concionem
1067 4309 1284 4378 excepit
1309 4308 1534 4366 llomilia
1562 4310 1649 4383 (T.
1678 4311 1735 4366 2.
1769 4333 1814 4370 c.
1838 4314 1973 4383 595)
2023 4315 2074 4367 in

495 4393 556 4450 8.
592 4390 925 4453 Eustathium
948 4400 1339 4456 Antiochenum
1368 4399 1699 4473 episcopum,
1723 4405 1813 4474 qui
1833 4404 1900 4458 ab
1923 4405 2078 4460 Aria-

496 4493 600 4558 nis,
620 4491 770 4561 queis
792 4491 1323 4548 admodum'inl‘estus
1345 4503 1480 4559 erat,
1504 4494 1797 4560 abdicatus,
1813 4506 1867 4552 et
1891 4512 2074 4552 eorum

494 4602 657 4654 Opera
698 4586 750 4640 iu
774 4585 1019 4640 exsilium
1060 4587 1378 4641 amandatus
1409 4587 1598 4642 fuerat.
1640 4588 1716 4642 De
1754 4588 1874 4642 loco
1903 4588 2075 4644 exsilii

496 4694 601 4732 non
631 4693 732 4731 una
761 4689 844 4732 est
872 4679 1173 4745 sententia;
1222 4678 1569 4751 Hieronymo,
1610 4679 1700 4749 qui
1745 4678 1872 4734 dicit
1904 4681 2075 4751 ip~nm

493 4768 891 4837 'l‘rajanopolim
947 4771 997 4823 in
1047 4769 1271 4825 Thracia
1324 4771 1625 4843 ablegatum
1677 4770 1884 4838 fuisse,
1936 4778 2076 4829 favet

491 4861 927 4933 Chrysostomus,
961 4861 1050 4929 qui
1095 4865 1168 4914 ait
1193 4861 1311 4930 ejus
1351 4877 1545 4932 corpus
1580 4864 1633 4917 in
1663 4864 1887 4921 Thracia
1934 4883 2072 4923 esse.

492 4952 608 5006 Alia
637 4952 858 5021 plurima
888 4952 954 5005 de
982 4951 1260 5005 Eustathio
1288 4952 1520 5010 diximus
1546 4957 1602 5010 in
1621 4955 1820 5013 Muttito
1842 4961 1907 5014 ad
1940 4960 2078 5017 hanc

492 5044 828 5125 concionem,
876 5043 963 5097 ubi
1009 5045 1127 5098 vide
1167 5045 1260 5097 sis.
1307 5044 1363 5099 lu
1393 5045 1508 5115 ejus
1534 5059 1712 5102 autem
1739 5051 2075 5109 abdicatione

494 5128 601 5188 tota
637 5151 772 5205 pene
797 5137 1060 5191 seditione
1102 5138 1450 5210 conﬂagravit
1490 5141 1795 5197 Antiochia.
1842 5145 2077 5201 Annalis

442 5236 447 5241 '
493 5219 634 5279 enim
666 5228 930 5297 utrimque
957 5230 1216 5298 partibus,
1242 5228 1567 5302 adscitisque
1594 5232 1868 5299 militibus,
1896 5237 2075 5291 omnia

489 5321 642 5371 ιιι-ειιιι
665 5319 730 5371 ad
756 5335 982 5390 pugnam
1011 5334 1064 5376 ct
1095 5320 1414 5378 horrendam
1440 5324 1646 5380 cladem
1687 5335 1869 5394 parata
1896 5344 1911 5392 ;
1943 5344 2075 5383 ven-

490 5422 709 5483 tumque
740 5413 920 5469 fuisset
942 5415 1007 5469 ad
1037 5416 1260 5486 gladios,
1293 5417 1391 5472 nisi
1431 5418 1867 5487 supervenientes
1907 5419 2073 5491 Impe-

491 5491 684 5559 Iat'oris
744 5506 911 5561 litera:
969 5508 1179 5579 plebem
1236 5510 1713 5580 compescuisset“.
1768 5510 2075 5583 'l‘amenque

490 5596 674 5656 Ariani
705 5618 815 5655 sua:
844 5615 1004 5658 secta:
1027 5603 1296 5659 hominem
1325 5606 1632 5674 episcopum
1660 5606 2071 5659 Constituerunt.

490 5695 802 5765 Deindeqne
838 5695 1095 5751 Catholici
1126 5693 1329 5749 induas
1350 5705 1403 5749 et
1432 5689 1526 5765 ipsi
1557 5706 1731 5765 partes
1754 5696 1906 5749 divisi
1929 5706 2070 5751 sunt:

488 5789 823 5856 quat-‘umuia
850 5789 958 5859 jam
989 5768 1220 5843 diuinitus
1251 5806 1409 5860 supra
1443 5800 1492 5845 et
1526 5789 1576 5845 in
1621 5790 1810 5846 eodem
1852 5790 2072 5848 Muttito.

1568 354 1625 408 S.
1665 349 1941 407 JOANNIS
1979 346 2450 408 CHRYSOSTOMI
2495 349 2673 413 \'l'f.\.

3640 349 3743 407 liii

2239 463 2365 520 Post
2408 466 2688 522 llomiliam
2735 466 2784 523 in
2830 466 2888 524 S.
2940 466 3272 525 Eustathium
3312 464 3400 539 (Τ.
3444 465 3500 521 3.
3540 481 3586 519 c.
3617 466 3748 538 605)

2164 556 2579 630 Cbrysostomus
2607 560 2916 616 Encomium
2945 563 2997 616 in
3035 562 3101 641 S.‘
3123 563 3420 616 Romanum
3452 560 3748 616 Antioche-

2168 664 2293 702 num
2322 649 2605 721 Martyrem
2635 653 2876 723 protulit.
2905 652 2970 707 de
2998 669 3104 723 quo
3130 653 3379 707 nonnulla
3418 661 3544 707 sunt
3571 653 3623 707 in
3651 652 3751 706 du-

2169 741 2314 797 bium
2344 752 2546 808 vocata,
2576 758 2695 814 quae
2740 744 2790 798 in
2823 744 3018 799 Monito
3053 744 3443 814 expenduntur.
3476 744 3750 798 Romanus

2168 831 2258 887 ille
2304 842 2403 899 est,
2434 834 2522 903 qui
2566 845 2843 904 postquam
2887 834 3059 904 lingua
3089 844 3359 905 amputata
3406 834 3504 904 ipsi
3544 833 3656 893 fuit.
3694 842 3751 887 ut

2169 932 2322 979 antea
2350 924 2682 996 loquebatur.
2709 928 2884 981 Altera
2914 928 2963 980 in
2987 927 3042 984 8.
3075 926 3371 980 Rmuanum
3403 925 3617 981 homilia
3651 926 3753 979 ibi-

2169 1016 2290 1070 dem
2330 1017 2588 1088 sequitur,
2616 1016 2766 1088 cujus
2796 1018 2965 1089 stylus
3005 1016 3369 1089 Chrysostouii
3398 1017 3607 1072 dicendi
3655 1032 3751 1086 ge.

2170 1107 2284 1160 neri
2333 1117 2436 1161 tam
2479 1107 2736 1162 absimilis
2764 1107 2994 1171 videtur,
3043 1115 3100 1161 ut
3128 1110 3216 1161 vix
3244 1106 3387 1161 credi
3430 1108 3598 1176 possit
3623 1122 3749 1161 esse

2170 1197 2229 1253 8.
2253 1197 2488 1252 doctoris
2511 1212 2648 1268 opus
2686 1216 2701 1253 :
2732 1199 2909 1253 omnia
2953 1198 3118 1268 trepis
3166 1197 3751 1269 exelamationibosque

2170 1286 2489 1353 redundant,
2521 1299 2573 1342 et
2603 1289 2783 1343 nescio
2809 1289 2934 1359 quid
2979 1289 3317 1360 peregrinum
3363 1289 3528 1343 olent.
3572 1289 3752 1357 Quare

2169 1378 2443 1433 crederem
2467 1380 2639 1448 potius
2663 1392 2781 1434 esse
2801 1379 3072 1448 cujusdam
3093 1379 3387 1452 presbyteri
3408 1378 3748 1443 Antiocheni,

2170 1471 2258 1542 qui
2287 1473 2386 1525 sub
2413 1471 2667 1527 Flaviano
2694 1471 2927 1524 alternas
2956 1485 3077 1524 cum
3105 1469 3489 1542 Cbrysostomo
3530 1471 3749 1525 concio-

2170 1560 2331 1616 nandi
2354 1570 2532 1631 partes
2556 1569 2755 1631 ageret,
2781 1561 2830 1615 id
2857 1561 2996 1631 quod
3023 1560 3451 1630 frequentissime
3474 1561 3753 1616 accidebat

2173 1652 2263 1707 illo
2295 1661 2567 1723 tempore;
2597 1654 2665 1707 ita
2698 1661 2755 1707 ut
2785 1651 2905 1707 dua:
2935 1661 3110 1708 tresve
3135 1653 3420 1707 conciones
3444 1652 3634 1708 eodem
3660 1653 3752 1708 die

2171 1745 2511 1802 continenter
2538 1745 2868 1799 dicerentur.

2244 1838 2628 1911 Chrysostomo
2646 1837 2800 1904 duce,
2825 1845 2883 1890 ut
2909 1838 3067 1908 supr'a
3091 1836 3289 1892 dictum
3307 1847 3409 1901 est,
3431 1846 3552 1907 post
3569 1837 3754 1893 [Ionii-

2174 1930 2299 1986 linm
2315 1929 2366 1983 in
2387 1928 2445 1984 8.
2463 1929 2758 1983 [tomamtm
2776 1938 3083 1996 martyrem,
3104 1912 3349 1998 ponimus
3373 1929 3683 1984 concionem
3699 1930 3755 1985 in

2175 2021 2300 2076 illud
2328 2019 2573 2077 Ieremia:
2589 2018 2677 2088 (Τ.
2698 2018 2751 2074 6.
2778 2015 2971 2092 c.1553)
2993 2037 3006 2073 :
3024 2017 3258 2081 Domine,
3279 2030 3465 2074 nonest
3485 2020 3757 2075 iuliomine

2173 2115 2255 2168 uia
2279 2114 2408 2185 ejus,
2432 2128 2588 2184 neque
2609 2116 2759 2166 homo
2778 2111 2886 2178 ibit,
2922 2120 2968 2165 et
2995 2111 3173 2182 diriget
3198 2127 3419 2181 gressum
3439 2129 3585 2165 suum
3616 2111 3752 2183 (Jer.

2176 2207 2263 2263 10.
2289 2207 2553 2279 23).'Quo
2583 2205 2701 2260 loco
2719 2216 2773 2261 et
2799 2205 3064 2276 plerisque
3096 2204 3214 2258 aliis
3237 2206 3289 2257 in
3310 2203 3581 2276 Scriptura
3603 2220 3754 2259 saera

2175 2300 2435 2354 similibus
2461 2297 2815 2352 abolebantur
2840 2297 3011 2362 multi,
3034 2295 3121 2365 qui
3152 2295 3397 2350 dicebant
3432 2311 3538 2349 non
3568 2311 3632 2349 ex
3657 2310 3755 2348 vo-

2176 2389 2379 2444 luntate
2394 2398 2446 2444 et
2464 2387 2684 2443 arbitrio
2700 2397 2879 2442 nostro
2898 2385 3130 2456 pendere
3146 2395 3202 2439 ut
3226 2385 3311 2439 vel
3330 2385 3524 2439 bonum
3552 2385 3633 2439 vel
3652 2401 3756 2438 ma-

2176 2483 2284 2537 lum
2315 2496 2552 2550 agamus.
2580 2480 2687 2534 llos
2705 2479 3047 2534 vehementer
3067 2478 3307 2547 increpat
3321 2477 3757 2549 Cbrysostomus,

2175 2571 2509 2643 affirmatque
2535 2586 2698 2642 penes
2719 2570 2995 2624 arbitrium
3019 2579 3259 2625 nostrum
3286 2583 3408 2625 esse
3444 2569 3527 2623 vel
3556 2569 3759 2623 bonum

2178 2665 2262 2720 vel
2285 2666 2481 2719 malum
2517 2680 2708 2734 agere;
2738 2678 2842 2717 non
2870 2662 3010 2732 quod
3031 2662 3095 2717 ad
3127 2663 3320 2716 bonum
3358 2661 3621 2732 agendum
3651 2677 3759 2716 non

2176 2775 2426 2830 egeamus
2450 2756 2615 2828 gratia
2644 2756 2773 2822 Dei;
2799 2771 2922 2810 nam
2955 2765 3010 2809 ut
3036 2754 3160 2808 alibi
3202 2769 3348 2824 saepe
3376 2754 3524 2819 dicit,
3556 2754 3761 2808 volenti

2177 2866 2389 2921 semper
2413 2849 2564 2903 adest
2587 2849 2753 2918 gratia
2800 2848 2913 2912 Dei,
2941 2862 3038 2902 nec
3066 2847 3154 2917 qui
3199 2858 3401 2917 peccat,
3451 2849 3636 2917 gratiae
3665 2847 3760 2901 de-

2179 2941 2371 2997 fectum
2399 2950 2570 3012 potest
2598 2953 2845 3010 Umquam
2878 2940 2928 2993 in
2955 2939 3347 2993 excusatimtem
3376 2938 3686 2994 obtendere.

2249 3036 2523 3089 Conciones
2548 3033 2612 3088 de
2651 3032 2971 3086 Maccabeis.
2990 3062 3063 3072 --
3087 3030 3194 3086 Has
3233 3040 3524 3101 sequuntur
3546 3042 3654 3085 tres
3692 3031 3767 3088 de

2178 3125 2486 3182 hlaccabwis
2514 3125 2823 3191 conciones,
2850 3140 2966 3192 qua:
2996 3123 3190 3177 nullam
3218 3140 3325 3193 pra:
3352 3138 3411 3177 se
3440 3123 3763 3178 feruntanni

2180 3227 2357 3271 notam
2381 3213 2467 3287 (T.
2493 3213 2550 3269 Ξ.
2597 3232 2642 3269 c.
2665 3212 2822 3285 (il't').
2856 3215 3009 3268 Prior
3039 3225 3259 3268 matrem
3291 3215 3584 3284 pra-sortiar
3617 3215 3764 3268 Mac-

2178 3311 2479 3364 cabmorum
2522 3321 2552 3360 a
2593 3305 2892 3361 constantia
2921 3304 3190 3375 animique
3222 3306 3432 3381 robore
3474 3301 3763 3373 plurimum

2178 3398 2536 3454 commendat.
2581 3396 2846 3462 Secunda,
2889 3395 2977 3451 die
3026 3397 3320 3466 insequenti
3361 3396 3560 3460 habita,
3593 3400 3763 3465 septi-

2181 3505 2324 3543 mum
2364 3489 2734 3559 junioremque
2771 3503 2835 3543 ex
2880 3487 3190 3542 Maecabmis
3233 3487 3476 3543 laudibus
3513 3499 3765 3558 exornat,

2179 3592 2351 3636 matre
2379 3595 2589 3649 quoque
2633 3579 2921 3633 ldentidem
2965 3579 3016 3633 in
3050 3579 3262 3633 laudum
3315 3591 3519 3648 partem
3552 3592 3763 3634 vocata.

2182 3673 2329 3728 llanc
2356 3670 2655 3725 breviorem
2697 3668 3111 3742 Chrysostomus
3136 3668 3407 3723 homiliam
3451 3671 3767 3741 pronuntia-

2180 3765 2288 3829 vit;
2340 3772 2394 3817 ut
2446 3761 2673 3832 pluribus
2708 3801 2724 3828 ,
2778 3762 2966 3831 inquit,
3023 3761 3102 3815 illi
3154 3759 3387 3814 laudibus
3432 3777 3465 3813 α
3509 3762 3767 3816 communi

2179 3858 2382 3912 doctore
2429 3855 2840 3923 cumularentur,
2886 3870 3076 3926 nempe
3125 3869 3155 3908 a
3196 3855 3447 3909 Flaviano
3484 3857 3764 3923 episcopo,

2179 3950 2270 4020 qui
2322 3956 2439 4020 post
2479 3947 2917 4019 Chrysostomnm
2964 3944 3372 4000 concionaturus
3415 3954 3548 3999 erat.
3581 3943 3764 3998 Tertia

2179 4041 2416 4095 onuiium
2447 4039 2762 4095 brevissima
2789 4038 2840 4091 in
2865 4036 3188 4092 Maccabasos
3216 4035 3452 4100 humilia,
3484 4051 3514 4089 a
3537 4036 3765 4089 nonnul~

2178 4131 2245 4187 lis
2275 4134 2325 4187 in
2353 4130 2717 4201 illegitimitatis
2746 4128 3103 4198 suspicionem
3133 4138 3372 4191 vocatur,
3406 4141 3504 4180 nec
3533 4126 3763 4194 injuria:

2179 4239 2301 4279 nam
2328 4223 2435 4278 olet
2458 4231 2602 4277 certe
2624 4221 2984 4290 peregrinum.
3004 4217 3135 4289 Styli
3154 4232 3322 4288 genus
3348 4216 3634 4287 strigosum
3656 4226 3764 4281 est;

2178 4318 2356 4372 omnia
2401 4318 2548 4385 quasi
2610 4315 2661 4367 in
2707 4321 3010 4366 transcursu
3038 4310 3307 4365 dicuntur.
3352 4309 3535 4379 Neque
3582 4318 3763 4364 tamen

2177 4425 2297 4464 eam
2325 4408 2442 4463 loco
2465 4405 2780 4461 movendam
2800 4419 2918 4460 esse
2942 4404 3120 4475 putavi
3144 4420 3156 4457 :
3181 4403 3311 4456 satis
3330 4403 3474 4457 enim
3493 4403 3596 4456 erit
3621 4417 3768 4456 scru-

2180 4502 2361 4572 pulum
2395 4500 2678 4566 indicpsse,
2707 4515 2774 4553 ne
2802 4498 2920 4569 quis
2959 4513 3078 4553 eam
3112 4507 3169 4552 ut
3195 4508 3402 4551 certum
3433 4495 3490 4551 S.
3526 4496 3767 4551 doctoris

2178 4594 2342 4649 fetum
2376 4590 2751 4661 habenteQnid
2782 4604 2931 4655 Vero,
2962 4590 3004 4643 si
3032 4588 3270 4643 dicamus
3297 4587 3433 4643 h.mc
3462 4588 3766 4651 humiliam,

2179 4702 2299 4757 qua:
2328 4699 2456 4739 sane
2487 4682 2797 4738 brevissima
2822 4689 2924 4744 est,
2958 4681 3240 4734 illam‘esse
3266 4696 3424 4749 quatn
3454 4679 3765 4733 Flavianum

2178 4781 2485 4848 episcOpum
2536 4790 2658 4829 mox
2689 4773 3146 4843 pronuntiaturum
3189 4785 3308 4825 csse
3351 4770 3561 4824 dicebat
3598 4783 3765 4836 supra

2177 4868 2626 4943 Clu-ysostomns?
2674 4865 2830 4921 Certe
2869 4863 3003 4919 nihil
3030 4862 3206 4928 video,
3237 4861 3378 4932 quod
3424 4875 3521 4915 nos
3547 4860 3614 4914 ab
3663 4858 3768 4913 hac

2179 4963 2431 5033 Opinione
2455 4960 2728 5015 dimovere
2756 4957 2943 5027 possit.

2251 5056 2380 5109 Alite
2424 5052 2666 5107 uomitus.
2707 5078 2781 5091 —
2805 5049 3104 5105 Conciones
3148 5045 3202 5101 in
3248 5044 3576 5100 Macrahzeos
3613 5046 3767 5112 sequi

2179 5148 2338 5205 debet
2364 5145 2587 5201 Ilomilia
2617 5144 2683 5199 de
2707 5142 2764 5200 S.
2793 5140 3106 5213 Martyribns
3133 5138 3428 5195 Antiochia:
3469 5136 3649 5191 habita
3674 5134 3766 5205 (T.

2178 5240 2234 5295 2.
2277 5254 2327 5292 c.
2355 5238 2524 5304 645):
2555 5252 2676 5291 nam
2709 5251 2855 5290 num.
2890 5236 2914 5287 1
2950 5233 3120 5288 innuit
3154 5232 3242 5286 ille
3269 5245 3329 5285 se
3366 5229 3503 5283 hanc
3529 5244 3769 5297 prouuuo

2181 5332 2341 5386 tiasse
2364 5329 2519 5401 paulo
2540 5337 2659 5399 post
2686 5324 3101 5382 Maccabzeorum
3120 5322 3532 5385 solemnitatem,
3551 5319 3769 5391 quando

2130 5484 2144 5494 ,
2179 5424 2467 5480 Flavianus
2486 5421 2771 5490 episcopus
2796 5428 3085 5489 martyrum
3134 5415 3330 5470 festum
3367 5414 3477 5467 ruri
3520 5413 3766 5466 celebra-

2179 5530 2329 5576 turus
2352 5518 2629 5583 abscessit,
2650 5523 2808 5585 atque
2828 5512 3212 5586 Chrysostomo
3249 5510 3301 5564 in
3331 5509 3443 5578 ipsa
3476 5506 3606 5561 urbe
3634 5519 3769 5558 cun-

2178 5609 2426 5667 cionaudi
2474 5606 2799 5680 provinciam
2828 5603 3059 5674 reliquit.
3093 5602 3150 5656 In
3189 5600 3291 5655 hac
3317 5607 3497 5653 autem
3548 5596 3768 5650 humilia

2179 5704 2245 5758 de
2272 5711 2560 5771 martyrum
2592 5700 2784 5752 virtute
2810 5697 3022 5767 egregie
3048 5694 3265 5749 disserit
3284 5692 3344 5748 S.
3366 5691 3587 5746 doctor:
3619 5698 3767 5749 tuuta
3806 5734 3812 5743 .

2180 5770 2364 5851 eorum
2400 5770 2516 5847 ossa
2547 5790 2662 5866 plus
2692 5788 2755 5844 ad
2786 5789 3033 5849 salutem,
3065 5784 3130 5839 ad
3170 5783 3657 5854 compunctimiem,
3698 5779 3765 5833 ad
