4110 6148
302 368 401 426 153

297 476 660 549 panitcntiam
681 475 925 533 conferre
950 475 1098 541 dicit,
1126 491 1281 548 quam
1307 476 1585 534 doctorum
1616 495 1900 551 q-uorums

294 573 418 627 libet
446 571 608 626 verba
635 570 1149 640 adntouitionesque.
1184 569 1317 626 llinc
1347 558 1536 627 transit
1563 574 1627 627 ad
1659 589 1753 629 eos
1784 575 1872 645 qui

293 662 542 734 mysteria
570 660 783 731 indigne
809 661 1143 732 participant,
1166 662 1428 734 edicitque
1451 662 1569 720 illas
1589 682 1693 720 non
1721 681 1875 721 secus

296 751 604 822 plectendos
644 766 784 815 esse,
834 768 992 820 quam
1020 767 1113 805 eos
1143 752 1230 822 qui
1279 753 1557 809 Dominum
1596 755 1875 811 cruciﬁxe-

293 852 430 900 rant.
482 841 735 921 Permulti
784 857 915 896 vero
955 851 1071 912 post
1123 842 1260 899 hanc
1286 844 1519 899 habitam
1564 847 1873 902 concionem

297 936 419 992 dicti
449 934 594 990 illius
641 935 985 989 acerbitatem
1032 950 1137 989 non
1187 938 1436 1003 terentes,
1466 937 1877 1008 indignabantur

294 1038 346 1082 et
373 1025 874 1081 excatulescebant:
920 1025 1113 1080 Avocas
1154 1042 1263 1090 nos,
1306 1027 1633 1098 inquiebant,
1660 1045 1691 1081 α
1730 1046 1875 1084 sacra

292 1133 500 1183 meum,
540 1126 589 1168 et
634 1132 666 1167 a
716 1117 1068 1169 communione
1114 1116 1338 1187 repellis.
1380 1119 1555 1184 Quare
1602 1128 1875 1188 permotus

290 1205 731 1276 Chrysostomus,
755 1204 1162 1274 pulcherrimam
1184 1206 1324 1260 illam
1347 1208 1639 1262 orationem
1669 1208 1870 1271 habuit,

286 1314 406 1367 qua:
437 1297 764 1363 inscribitur,
810 1295 929 1349 Non
953 1313 1060 1350 esse
1100 1298 1169 1350 ad
1215 1298 1433 1369 gratiam
1470 1300 1874 1354 coneionandam

288 1387 377 1449 (Τ.
401 1387 458 1440 2.
504 1406 550 1440 ι’.
582 1388 709 1455 65⁸5)
738 1402 876 1456 :qua
902 1387 1092 1456 prohat
1119 1403 1230 1442 rem
1256 1403 1376 1443 esse
1407 1390 1625 1459 periculi
1662 1390 1779 1460 plen
1819 1408 1868 1446 ιη

286 1490 398 1532 tum
433 1478 764 1547 pta-dicanti,
803 1488 912 1533 tum
951 1478 1310 1545 audientibus,
1352 1480 1399 1535 si
1426 1481 1493 1535 ad
1521 1483 1748 1551 gratiam
1781 1483 1872 1540 ille

282 1577 671 1631 conciouctur:
699 1578 1025 1648 plurimaque
1054 1577 1179 1633 dicit
1208 1579 1309 1633 alia
1341 1578 1406 1633 ad
1436 1579 1869 1634 concionatortun

282 1676 340 1720 et
366 1667 432 1720 ad
475 1668 774 1722 auditorum
813 1668 1047 1723 ofﬁcium
1073 1671 1385 1740 spectantia.
1426 1670 1537 1750 Etsi
1577 1649 1872 1726 vero'hmc

281 1755 502 1812 homilia
533 1758 597 1812 ad
625 1759 970 1830 panegyricos
994 1768 1297 1816 sanctorum
1323 1775 1602 1817 sermones
1622 1777 1727 1815 non
1749 1775 1870 1832 per-

278 1850 438 1913 tinet,
471 1864 576 1904 non
606 1849 753 1904 licuit
797 1866 914 1904 eam
946 1866 975 1904 a
1004 1852 1323 1921 prazcedenti
1364 1852 1621 1908 concione
1663 1852 1867 1922 disjun-

276 1956 431 2010 gere,
464 1942 587 2012 quia
613 1953 845 2013 emptam
874 1944 942 1999 de
967 1945 1181 2015 indigne
1204 1944 1735 2002 'communieantibus
1768 1947 1868 2016 hy-

275 2030 590 2100 pothesim,
637 2049 699 2089 ea
744 2050 903 2103 quam
948 2035 1181 2091 diximus
1224 2032 1505 2092 occasione
1550 2037 1742 2092 ductus
1782 2037 1869 2092 hic

272 2124 644 2193 prosequitur.
674 2125 792 2192 Quo
818 2141 961 2179 anno
997 2135 1272 2198 utramque
1304 2126 1551 2183 habuerit
1594 2126 1864 2182 homiliam

271 2214 720 2286 ltitrysnstomus.
752 2216 1011 2274 incertum
1054 2218 1273 2273 omnino
1297 2226 1381 2274 est
1413 2237 1429 2274 :
1457 2218 1559 2274 hoc
1595 2234 1756 2273 unum
1799 2233 1864 2275 ex

271 2304 515 2359 secnuda
544 2304 784 2370 homilia,
812 2309 895 2361 cui
925 2307 1124 2371 titulus,
1150 2307 1268 2363 Non
1291 2326 1398 2365 esse
1423 2310 1491 2364 ad
1508 2311 1725 2381 gratiam
1743 2325 1867 2363 con-

269 2395 611 2460 cionandum,
640 2398 905 2466 expiscari
933 2412 1088 2467 poSsc
1114 2399 1376 2466 videmur,
1409 2418 1600 2471 nempe
1630 2401 1863 2457 habitam

269 2492 564 2554 utramque
589 2483 755 2542 fuisse
780 2496 902 2557 post
932 2488 1185 2543 Homilias
1213 2490 1281 2545 de
1309 2489 1531 2547 Lazaro.
1557 2491 1687 2547 Dicit
1722 2494 1863 2548 enim

265 2575 333 2630 S.
365 2574 560 2630 ductor
593 2593 741 2632 num.
766 2580 803 2634 5
826 2578 892 2634 de
918 2578 1119 2635 Lazaro
1153 2581 1412 2652 loquens:
1464 2580 1534 2637 Et
1572 2584 1699 2655 quid
1737 2601 1865 2656 opus

267 2675 351 2720 est
379 2667 680 2736 parabolam
701 2680 856 2731 totam
879 2688 1170 2739 percurrere
1184 2673 1210 2727 Ρ
1227 2674 1414 2746 quippe
1432 2677 1585 2729 nostis
1607 2678 1866 2733 historiam

266 2773 517 2824 onmem;
539 2760 889 2816 crudelitatem
910 2762 1097 2831 divitis,
1131 2781 1230 2834 quo
1257 2775 1403 2836 pacto
1431 2768 1711 2822 mendicum
1738 2785 1864 2839 par-

265 2850 479 2918 ticipem
522 2866 826 2906 mensmvnou
851 2853 1039 2920 faceret
1058 2870 1078 2909 :
1105 2865 1369 2926 egestatem
1394 2857 1541 2913 illius
1556 2875 1618 2913 ac
1653 2859 1860 2929 famem,

264 2954 389 2994 rum
418 2958 523 3011 qua
577 2955 815 3014 perpetuo
856 2946 1258 3016 conﬂictabatur.
1300 2948 1429 3017 Qua:
1462 2965 1592 3005 sane
1618 2951 1865 3008 videntur

268 3041 397 3099 post
422 3048 705 3088 sermones
730 3033 799 3089 de
822 3034 1020 3090 Lazaro
1041 3036 1202 3104 dicta,
1232 3038 1358 3094 licet
1390 3039 1441 3094 id
1469 3042 1735 3102 afﬁrmare
1756 3059 1862 3098 non

263 3125 469 3178 ausim.
498 3123 618 3193 Quo
661 3136 836 3181 autem
876 3142 1019 3183 anno
1060 3143 1335 3187 sermones
1376 3130 1445 3187 de
1490 3133 1691 3189 Lazaro
1736 3135 1864 3191 dicti

260 3216 491 3282 luerim,
516 3218 717 3286 pariter
745 3218 1005 3276 incertum
1036 3230 1136 3287 est,
1168 3232 1221 3279 ttt
1246 3225 1474 3281 vidimus
1500 3242 1680 3298 supra.

341 3307 573 3364 Brevem
612 3309 770 3363 aliam
803 3311 855 3365 in
885 3321 1099 3372 sanctos
1126 3315 1384 3388 Martyres
1425 3316 1607 3374 habuit
1642 3322 1861 3377 concio-

259 3413 398 3454 nem
430 3398 521 3463 (Τ.
547 3398 605 3454 2.
642 3416 693 3454 c.
725 3398 883 3473 661).
911 3405 1064 3474 cujus
1085 3421 1284 3460 annum
1313 3409 1584 3480 assignare
1612 3427 1717 3466 non
1742 3429 1863 3483 pos-

258 3506 479 3545 sumus.
513 3491 641 3548 [hac
664 3505 841 3549 autem
865 3498 918 3550 in
942 3512 1070 3566 agro
1089 3499 1584 3558 Antiocheno‘dicta
1613 3503 1728 3571 fuit,
1753 3521 1862 3577 quo

256 3581 616 3637 conﬂuebant
640 3597 703 3637 ex
725 3585 940 3640 civitate
961 3586 1135 3654 multi,
1163 3589 1256 3644 sed
1287 3599 1561 3662 postquam
1585 3603 1639 3648 et
1657 3596 1857 3651 cultum

257 3673 600 3744 martyribus
628 3674 1002 3741 cxhibuerant,
1048 3688 1103 3734 et
1142 3680 1429 3737 conciones
1457 3684 1754 3752 audierant,
1789 3687 1856 3743 ad

258 3766 502 3834 popinas
558 3775 614 3820 et
651 3769 1077 3838 computationes
1120 3773 1474 3831 divcrlebant.
1523 3777 1635 3846 Qua
1679 3781 1749 3836 de
1799 3797 1859 3837 re

257 3856 469 3910 acriter
516 3855 570 3910 in
620 3872 714 3911 eos
763 3858 1031 3915 invehitur
1058 3873 1274 3920 sanctus
1306 3866 1518 3922 Doctor.
1567 3869 1853 3942 Perpende,

258 3943 461 4015 inquit,
512 3963 667 4016 quam
690 3950 958 4005 ridiculum
1000 3953 1084 4017 sit,
1109 3965 1222 4024 post
1256 3956 1508 4026 ejusmodi
1533 3972 1861 4032 conventum:

257 4044 375 4104 post
402 4037 629 4105 vigilias,
668 4050 780 4109 post
812 4057 1072 4097 sacrarum
1108 4046 1416 4101 auditionem
1445 4050 1851 4121 Scripturarum,

256 4136 375 4192 post
420 4127 707 4182 divinorum
752 4133 1187 4203 participationem
1230 4140 1600 4209 mysteriorum.
1651 4154 1696 4198 et
1743 4157 1856 4217 post

252 4217 584 4284 spiritualem
625 4218 957 4289 largitionem,
988 4226 1150 4280 virum
1181 4239 1269 4282 aut
1297 4230 1557 4286 mulierem
1582 4243 1711 4290 totos
1740 4236 1850 4292 dies

251 4307 307 4362 in
327 4309 541 4379 po'pinis
567 4313 894 4385 transigentes
920 4316 1097 4372 videri.

324 4402 622 4458 liottiiliam
651 4405 701 4459 in
732 4406 790 4462 S.
821 4408 1086 4465 lulianum
1116 4424 1402 4486 martyrem
1428 4415 1645 4473 Cilicem
1676 4420 1763 4491 (T.
1793 4423 1851 4478 9...

262 4512 314 4554 τ.
347 4495 481 4565 ϐϐὅ)
510 4535 526 4560 ,
566 4496 658 4566 qui
705 4512 802 4566 pro
844 4498 1059 4555 Christo
1101 4505 1339 4560 cervices
1380 4507 1619 4574 dederat,
1667 4511 1857 4569 habuit

250 4581 678 4654 Chrysostomus
708 4590 1025 4657 Antiochiae,
1055 4603 1112 4648 ut
1139 4597 1474 4664 exploratum
1499 4611 1600 4666 est,
1633 4612 1745 4658 tum
1784 4622 1852 4661 cx

251 4671 321 4725 iis
340 4688 462 4743 (pne
491 4673 562 4729 de
592 4676 839 4746 Daphnes
859 4681 1134 4750 suburbio,
1175 4686 1349 4758 deque
1373 4693 1852 4751 comessationibus

251 4773 421 4833 atque
466 4767 716 4835 tripudiis
755 4769 952 4827 ibidem
980 4772 1168 4830 haberi
1208 4777 1845 4850 solitiscommcmorat;

251 4864 370 4911 tum
399 4859 564 4912 etiam
590 4861 712 4928 quia
752 4863 993 4932 ejusdem
1023 4868 1191 4922 sancti
1222 4868 1848 4940 ReliquiasAntiochiam

248 4950 534 5005 translata:
574 4950 826 5009 fuerant:
856 4965 1078 5028 eratque
1106 4957 1294 5014 eadem
1320 4960 1377 5016 in
1420 4962 1554 5018 urbe
1597 4965 1846 5031 ecclesia,

246 5039 497 5109 ejusdem
538 5046 710 5100 sancti
740 5047 957 5103 nomine
1001 5060 1334 5117 consecrata,
1383 5068 1502 5125 qtae
1530 5055 1584 5111 in
1624 5057 1848 5114 historia

244 5133 633 5191 Ecclesiasxica
666 5152 773 5193 non
815 5138 1180 5212 infrequenter
1219 5155 1570 5204 memoratur.
1601 5148 1681 5204 De
1703 5164 1846 5205 anno

241 5233 431 5280 autem
468 5241 577 5297 quo
608 5226 749 5284 hanc
775 5229 910 5287 dixit
930 5233 1268 5302 concionem,
1292 5235 1431 5291 nihil
1454 5238 1717 5309 expiscari
1745 5256 1843 5311 po—

212 5336 219 5341 ·
241 5316 476 5376 luimus.

312 5410 475 5471 ,Cirea
500 5411 787 5470 llomiiiam
828 5416 881 5472 in
908 5428 1151 5475 sanctum
1178 5420 1511 5478 Barlaamum
1556 5435 1845 5498 martyrem

238 5500 331 5570 (Τ.
375 5503 432 5560 2.
475 5523 527 5562 c.
556 5506 706 5580 675)
757 5518 906 5566 notat
942 5511 1143 5568 Fronto
1185 5515 1410 5571 Ductcus
1452 5517 1503 5572 in
1547 5518 1846 5591 Menologio

238 5597 472 5660 quidam
503 5591 823 5657 Grzccoruin
861 5606 1224 5676 manuscripto
1251 5607 1317 5663 ad
1355 5608 1495 5665 diem
1525 5611 1592 5665 16
1616 5610 1846 5667 Novetn~

238 5683 353 5745 bris
372 5692 690 5749 annuntiari
739 5692 933 5751 festum
962 5694 1022 5751 S.
1054 5695 1313 5755 Barlaami
1336 5701 1604 5773 martyris,
1629 5712 1685 5756 ut
1711 5712 1765 5758 ct
1790 5703 1843 5758 in

235 5774 620 5854 ﬂat-tymlngio
647 5782 907 5840 Rotnano.
932 5786 1046 5842 Alia
1083 5803 1206 5842 vero
1222 5787 1527 5845 Crzecorum
1551 5792 1841 5865 ilcnologia

1479 368 1661 429 NUNC
1698 368 1960 427 PRIMUM
2002 368 2391 429 ADORNATL

3463 372 3569 428 αδδ

1988 477 2091 535 hoc
2121 479 2312 535 festum
2348 478 2412 534 ad
2440 478 2698 535 decimam
2731 492 2922 533 nonam
2957 475 3275 532 Mvembris
3309 477 3566 535 referunt.

1979 575 2085 631 Sed
2111 576 2268 646 longe
2296 576 2397 630 alia
2424 577 2548 630 enini
2576 581 2889 645 tempestate
2915 587 2977 627 ea
3003 572 3310 627 solemnitas
3332 572 3555 639 Chrsz-

1979 666 2135 721 stomi
2157 675 2395 736 tempore
2415 665 2803 721 celebrabatur.
2826 659 3198 716 NamHomilia
3211 661 3264 715 in
3279 659 3406 717 illud
3420 659 3460 713 Α
3472 676 3563 731 ρο-

1978 757 2312 812 stoiidictum
2333 755 2353 830 (
2375 756 2435 811 Τ.
2454 758 2507 812 5.
2542 773 2590 810 c.
2609 755 2707 810 2H
2729 753 2771 819 δ.
2798 754 2938 810 Nolo
2953 756 3289 827 vosignorare
3308 794 3325 823 ,
3358 760 3562 827 fratres,

1977 848 2111 917 quod
2121 857 2288 919 patre.
2307 852 2467 899 nostri
2487 857 2657 899 omnes
2667 847 2757 901 sub
2772 845 2900 900 nube
2913 846 3117 916 fuerunt
3136 847 3212 919 (ι.
3233 836 3351 903 Ger.
3377 848 3465 904 10.
3481 847 3502 899 l
3521 853 3567 919 ),‘

1977 948 2107 994 etc.:
2122 954 2239 1005 qua:
2255 937 2470 994 homilia
2485 936 2573 993 die
2587 936 2777 993 festum
2797 937 2855 993 S.
2872 937 3130 992 Barlaami
3146 939 3457 1009 insequente
3474 939 3562 993 ha»

1979 1033 2087 1086 bita
2109 1040 2215 1098 cst,
2245 1040 2302 1085 ut
2325 1031 2516 1086 ibidem
2540 1031 2613 1085 ait
2631 1030 3044 1102 Chrysostomus
3068 1049 3081 1084 :
3104 1030 3301 1086 diserte
3326 1031 3455 1086 dicit
3478 1033 3568 1087 ille

1980 1123 2207 1178 hiemem
2229 1123 2339 1191 jatn
2362 1122 2660 1192 przcterisse
2684 1132 3026 1191 aestatemque
3046 1121 3325 1177 advenisse
3361 1140 3374 1175 :
3407 1123 3532 1177 Lib:

1976 1216 2095 1281 rati,
2119 1216 2309 1281 inquit,
2341 1231 2513 1269 sumus
2536 1215 2716 1279 hieme,
2741 1224 2786 1268 ct
2820 1223 2993 1268 testate
3026 1214 3354 1283 perfruimur,
3383 1216 3568 1270 blande

1976 1305 2182 1377 amante
2227 1305 2467 1377 zephyro.
2492 1305 2627 1360 Hinc
2648 1320 2776 1360 sane
2796 1304 3143 1374 coasequitur
3170 1304 3326 1375 longe
3348 1306 3564 1361 diverse

1975 1396 2099 1449 anni
2158 1404 2396 1465 tempore
2447 1405 2572 1451 tunc
2613 1395 2938 1450 celebratum
2986 1394 3149 1449 fuisse
3196 1395 3255 1451 S.
3297 1396 3557 1451 Barlaami

1976 1486 2226 1557 martyris
2254 1487 2447 1541 festum
2477 1504 2491 1541 :
2521 1502 2641 1541 nam
2672 1502 2734 1541 ca
2772 1488 2821 1542 in
2860 1486 2991 1540 urbe
3016 1489 3203 1542 concio
3240 1486 3356 1541 iure
3384 1487 3561 1541 habita

1975 1588 2083 1646 est,
2113 1579 2165 1634 in
2191 1579 2345 1648 cujus
2367 1594 2517 1651 agro,
2549 1589 2605 1634 ιιι
2634 1579 2829 1634 ibidem
2857 1579 3068 1646 dicitur,
3100 1577 3395 1650 frequentia
3420 1596 3560 1636 mar.

1979 1678 2156 1742 tyrum
2207 1670 2448 1741 sepulcra
2479 1671 2831 1737 exsistebant,
2873 1685 2979 1740 quo
2998 1655 3270 1726 continere
3315 1672 3562 1728 solebant
3613 1720 3616 1723 .

1976 1771 2237 1832 quotquot
2258 1778 2325 1817 ex
2354 1761 2559 1817 civibus
2583 1762 2893 1818 corumdcm
2925 1771 3218 1835 martyrum
3247 1763 3558 1819 memoriam

1972 1851 2234 1916 recolere,
2284 1851 2627 1921 ipsorumque
2669 1850 2904 1921 praesidii
2940 1862 3218 1907 consortes
3259 1867 3381 1908 esse
3409 1853 3556 1908 vole-

1973 1940 2101 1995 bant
2125 1959 2138 1995 :
2169 1941 2310 2011 quod
2337 1956 2467 1997 sane
2492 1942 2792 1996 Antiochia:
2816 1950 3123 2011 competere
3148 1957 3307 1997 nemo
3339 1940 3560 2012 negare-

1970 2034 2062 2091 rit.
2094 2034 2171 2089 Ad
2214 2034 2328 2089 lucc
2370 2049 2521 2101 vero,
2573 2033 2674 2088 sub
2700 2033 2873 2112 linem.
2892 2032 3130 2103 ejusdem
3170 2048 3329 2102 supra
3359 2049 3560 2089 meum.

1971 2136 2102 2181 ratae
2131 2124 2383 2190 homilim,
2418 2125 2709 2197 praestitum
2736 2125 2976 2181 omnium
3008 2139 3195 2195 preces
3215 2126 3463 2196 postulat.
3492 2129 3562 2180 At

1967 2216 2425 2289 Constantinopoli
2458 2217 2736 2287 praesulem
2784 2217 2987 2272 nullum
3016 2215 3428 2288 Cbrysostomus
3454 2232 3555 2271 no-

1968 2318 2137 2375 verat,
2163 2310 2275 2379 ipse
2292 2323 2578 2379 supremus
2601 2308 2839 2363 omnium
2861 2307 3053 2378 pracsul
3077 2324 3091 2360 :
3116 2306 3411 2362 Antiochia:
3433 2323 3559 2360 vero

1970 2401 2224 2470 prmsules
2271 2399 2429 2454 vicini
2485 2398 2850 2470 Chrysostemi
2891 2397 3237 2453 concionihus
3287 2396 3553 2453 interdum

1968 2490 2211 2552 aderant.
2243 2497 2304 2544 ut
2346 2489 2598 2543 vidimus.
2647 2490 2861 2544 Annum
2905 2503 3054 2553 vero,
3086 2502 3193 2558 quo
3238 2487 3333 2543 has
3374 2487 3556 2541 habuit

1970 2574 2242 2646 homilias,
2273 2596 2340 2636 ne
2370 2579 2677 2650 conjectura
2707 2579 2922 2650 quidem
2953 2593 3244 2648 possumus
3267 2579 3500 2647 assequi.

2039 2669 2095 2726 In
2124 2672 2343 2727 homilia
2372 2687 2502 2729 vero
2540 2673 2782 2743 sequenti
2812 2670 2901 2726 die
2943 2670 3122 2724 habita
3168 2671 3220 2723 in
3250 2669 3376 2724 ilittd
3413 2672 3556 2738 Apo-

1968 2763 2089 2818 stoli
2116 2763 2203 2839 (Τ.
2233 2766 2288 2819 3.
2322 2780 2369 2816 ε.
2400 2763 2556 2834 241),
2591 2762 2730 2818 Nolo
2774 2779 2859 2816 uos
2883 2763 3137 2833 ignorare,
3176 2766 3378 2834 fratres,
3418 2764 3552 2831 quod

1969 2864 2138 2926 patres
2163 2857 2319 2910 nostri
2348 2871 2521 2909 omnes
2538 2855 2631 2909 sub
2656 2854 2787 2909 nube
2806 2857 3028 2925 fuerunt,
3050 2862 3096 2906 et
3116 2868 3288 2906 omnes
3307 2869 3397 2924 per
3416 2870 3556 2905 mare

1969 2946 2296 3013 transierunt,
2319 2944 2684 3018 Cbrysostomi
2713 2959 2907 3015 scopas
2933 2951 3017 2999 est
3042 2942 3431 3015 demonstrare,
3468 2959 3557 2996 res

1969 3037 2022 3092 in
2052 3039 2216 3093 veteri
2243 3038 2359 3107 lege
2379 3046 2544 3100 actas,
2576 3036 2771 3091 futuris
2798 3036 2957 3091 rebus
2985 3036 3142 3090 iidem
3178 3035 3374 3100 lacere,
3407 3050 3555 3090 essc-

1968 3142 2073 3197 que
2118 3128 2236 3182 illas
2260 3142 2439 3183 rerum
2480 3127 2603 3180 novi
2631 3126 2671 3178 Τ
2675 3126 2957 3180 estamenti
2994 3134 3175 3196 typum
3205 3133 3261 3180 et
3285 3125 3552 3182 umbram.

1966 3218 2330 3285 Mareionem,
2379 3217 2728 3273 Manicbmum
2770 3225 2825 3271 et
2869 3215 3094 3271 Paulum
3143 3216 3549 3274 Samosatenum

1966 3310 2140 3365 obiter
2166 3309 2493 3379 perstringit,
2521 3314 2576 3363 et
2596 3306 2873 3378 postulatis
2898 3308 2953 3362 in
2975 3308 3078 3363 line
3101 3317 3405 3363 sanctorum
3426 3323 3553 3377 pre-

1966 3400 2138 3461 cibus.
2163 3400 2437 3455 bomiliam
2463 3399 2683 3471 claudit.
2719 3399 2888 3455 Notes
2912 3398 3074 3455 velim
3103 3408 3308 3455 certum
3336 3400 3557 3470 quidem

1965 3506 2086 3547 esse
2128 3491 2267 3547 hanc
2305 3492 2619 3546 concionem
2668 3490 2904 3546 habitam
2949 3489 3113 3546 luisse
3155 3490 3242 3546 die
3267 3489 3456 3547 festum

1963 3585 2225 3640 Barlaami
2255 3584 2583 3656 insequente,
2609 3591 2665 3647 at
2687 3599 2792 3638 non
2822 3582 3044 3655 perinde
3069 3582 3400 3653 exploratum
3429 3598 3551 3639 esse

1962 3692 2033 3733 an
2061 3693 2128 3734 eo
2155 3693 2299 3733 anno
2330 3693 2439 3749 quo
2467 3678 2738 3734 homiliam
2764 3678 2921 3735 istam
2955 3677 3024 3734 de
3051 3676 3110 3735 S.
3141 3664 3422 3734 Barlaamo
3448 3676 3548 3730 ha-

1963 3769 2097 3837 buit,
2125 3784 2193 3825 an
2220 3771 2349 3826 alio.
3210 3760 3217 3763 ⁷

2032 3858 2356 3917 Concionem
2377 3876 2505 3918 vero
2539 3861 2606 3918 de
2632 3871 2813 3918 sancta
2842 3861 3066 3918 Drosidc
3100 3869 3335 3935 martyre
3364 3860 3455 3931 (T.
3484 3860 3542 3915 2.

1976 3958 2022 3995 e.
2046 3945 2185 4024 685)
2233 3952 2286 4005 in
2332 3967 2461 4022 agro
2496 3953 2836 4008 Antiocheno
2879 3953 3064 4009 habuit
3110 3955 3545 4026 Chrysostomus,

1959 4056 2085 4100 cum
2106 4052 2319 4115 arrepta
2348 4059 2554 4101 serenae
2580 4046 2684 4102 dici
2725 4046 3030 4112 occasione,
3075 4046 3327 4116 populum
3354 4045 3566 4100 Διιιίοι

1959 4135 2192 4193 ebenum
2217 4153 2285 4193 eo
2308 4137 2530 4194 deduxit
2564 4139 2848 4195 Flavianus
2872 4139 3175 4210 episcopus.
3206 4148 3267 4193 ut
3301 4148 3548 4192 narratur

1960 4243 2109 4281 num.
2136 4227 2191 4281 2.
2219 4227 2387 4296 llujus
2407 4243 2566 4298 porro
2584 4239 2782 4287 sancta:
2803 4229 3052 4301 martyris
3072 4243 3239 4300 pauca
3259 4237 3547 4299 supersunt

1960 4326 2340 4372 monumenta:
2365 4319 2558 4388 vixque
2585 4319 2727 4373 aliud
2756 4320 3029 4389 quidpiam
3050 4320 3197 4375 circa
3227 4318 3541 4391 martyrium

1958 4410 2359 4480 eertamiuaque
2386 4409 2503 4480 ejus
2521 4411 2785 4476 novimus,
2803 4426 2961 4480 quam
2983 4410 3126 4480 quod
3154 4412 3231 4465 ait
3247 4410 3306 4465 S.
3330 4410 3545 4473 doctor,

1958 4517 2076 4558 cam
2105 4502 2157 4557 in
2202 4516 2389 4571 rogum
2434 4500 2731 4569 coniectam
2771 4499 2955 4554 fuisse.
2990 4499 3176 4568 Neque
3211 4500 3387 4553 solum
3424 4513 3550 4553 san-

1956 4605 2096 4651 ctam
2124 4591 2424 4660 Drosidem,
2447 4593 2543 4649 sed
2566 4601 2621 4649 et
2638 4592 2772 4647 alios
2801 4592 2961 4647 etiam
2986 4592 3242 4662 plurimos
3261 4600 3543 4663 martyres.

1956 4702 2184 4756 quorum
2226 4701 2348 4742 ossa
2392 4685 2583 4742 eodem
2625 4685 2746 4739 loco
2792 4684 3037 4754 deposita
3075 4692 3248 4752 erant,
3300 4683 3547 4739 laudibus

1956 4779 2298 4836 commendat
2333 4778 2769 4851 Chrysostomns,
2795 4786 3089 4847 eorumque
3114 4776 3168 4832 in
3193 4776 3468 4832 d:rmonas
3491 4788 3547 4830 et

1956 4875 2009 4928 in
2039 4874 2258 4929 morbos
2280 4872 2546 4943 quoslibet
2573 4878 2892 4941 potestatem
2912 4870 3258 4941 deprzedicat,
3287 4884 3354 4925 ac
3373 4882 3546 4940 quan.

1956 4972 2063 5018 tam
2089 4979 2156 5019 ex
2178 4978 2364 5020 eorum
2406 4962 2556 5019 aditu
2592 4963 2872 5020 utilitatem
2902 4963 3193 5034 decerpere
3216 4961 3397 5026 liccat,
3427 4962 3547 5032 plu.

1954 5057 2104 5112 ribus
2130 5057 2370 5126 exponit.
2403 5056 2483 5113 De
2515 5071 2677 5121 anno,
2704 5071 2810 5127 quo
2843 5055 2960 5112 haec
2990 5056 3328 5127 pronuntiata
3353 5055 3548 5110 minoia

1956 5148 2075 5212 fuit.
2109 5148 2243 5221 nihil
2268 5163 2490 5223 prorsus
2510 5148 2790 5203 habemus.

2026 5238 2269 5296 Homilies
2295 5241 2435 5296 alia.
2471 5270 2545 5282 --
2573 5240 2854 5295 llomiliam
2882 5239 2935 5294 in
2966 5248 3121 5296 terrm
3147 5247 3350 5293 motum
3380 5239 3542 5293 etiam

1951 5334 2223 5389 edidimus
2245 5334 2385 5389 inter
2414 5332 2716 5389 Conciones
2750 5332 2820 5387 dc
2850 5331 3052 5387 Lazaro
3082 5330 3172 5401 (Τ.
3198 5331 3254 5385 2.
3305 5345 3351 5383 θ.
3383 5330 3474 5386 711
3493 5331 3535 5393 i.

1952 5426 2041 5481 ttbi
2072 5426 2255 5482 multis
2284 5434 2394 5481 tum
2413 5423 2808 5497 Cbrysostomi,
2834 5435 2943 5479 tum
2973 5424 3199 5479 aliorum
3228 5423 3544 5491 testimoniis

1953 5518 2298 5589 probavimus
2343 5518 2682 5573 Antiochiam
2711 5515 3082 5586 frequentibus
3110 5525 3268 5570 terrm
3308 5514 3544 5570 motibus

1952 5624 2260 5666 succussam
2301 5609 2485 5676 fuisse,
2531 5609 2871 5678 maximeque
2898 5607 3270 5679 Chrysostomi
3312 5621 3448 5660 ωιτη.
3495 5602 3551 5654 tt‘

1952 5714 2129 5761 autem
2163 5714 2322 5761 terrae
2353 5712 2549 5769 motus,
2580 5704 2649 5761 de
2681 5718 2789 5776 quo
2808 5718 2949 5760 nunc
2974 5703 3167 5772 agitur,
3200 5712 3327 5757 tunc
3350 5700 3555 5753 accidit

1957 5814 2076 5853 eum
2109 5799 2524 5869 (Zhrysmtomus
2547 5813 2688 5869 aeger
2714 5798 2766 5852 in
2790 5798 2931 5854 lecto
2960 5795 3303 5852 decumbcrot
3329 5811 3341 5842 τ
3376 5797 3464 5862 qui
3489 5800 3557 5845 ιη’
