4110 6148
462 434 475 441 1

486 487 815 543 ardens‘erat
840 487 1016 543 studio
1052 471 1389 546 instituenda:
1415 488 1606 562 plebis,
1639 503 1882 549 mmstam
1910 493 2049 550 illam

485 590 709 630 cernens
755 577 825 631 ob
850 578 1180 648 ingruentem
1221 580 1598 651 calamitatem,
1643 584 1791 639 nullo
1830 584 2053 641 allectus

488 667 658 723 morbi
684 683 864 736 sensu,
895 671 959 726 ad
984 684 1198 743 gregem
1223 675 1490 732 advolavit
1516 694 1532 731 :
1560 676 1701 748 quod
1726 678 1940 750 quidem
1970 680 2058 735 ille

485 757 660 813 innuit
691 772 812 814 cum
841 762 914 816 ait
944 780 958 816 :
996 761 1145 819 Verbi
1173 765 1406 822 doctrina
1432 769 1783 840 aegritudinem
1814 786 1978 825 meam
2006 770 2059 825 in

490 847 668 903 bonam
697 851 1028 909 valetudinem
1066 858 1294 913 mutavit.
1322 858 1449 917 Hrec
1486 876 1648 932 porro
1685 863 1872 917 concio
1909 872 2058 917 extra

489 937 674 994 urbem
704 942 754 995 in
781 943 955 1013 aliqua
986 948 1361 1017 ecclesiarum,
1388 966 1520 1021 quas
1542 952 1721 1022 populi
1743 952 2060 1008 Antiocheni

494 1027 685 1096 pietate
713 1030 855 1087 ducti
886 1032 1307 1106 frequentabant,
1341 1039 1571 1096 habitam
1612 1041 1794 1105 fuisse,
1835 1043 2059 1098 suadent

497 1130 598 1172 non
640 1135 802 1189 pauca
832 1123 1197 1197 Chrysostomi
1222 1131 1404 1197 verba,
1435 1132 1522 1201 qui
1558 1132 1808 1202 populum
1840 1149 1944 1187 non
1972 1149 2062 1189 se-

497 1208 601 1263 mel
627 1210 807 1265 laudat
832 1214 903 1268 oh
930 1227 1230 1286 susceptum
1260 1221 1507 1276 audiendi
1548 1237 1706 1277 causa
1744 1222 1947 1278 itineris
1985 1225 2062 1277 la-

496 1299 678 1357 berem
715 1305 936 1359 multum
966 1315 1124 1378 atque
1148 1310 1418 1366 sudorem.
1465 1311 1519 1367 In
1562 1314 1708 1369 hunc
1746 1330 1872 1368 vero
1908 1324 2064 1370 terra:

493 1404 697 1449 motum
722 1411 781 1452 se
814 1400 973 1454 etiam
1004 1403 1173 1475 pridie
1199 1408 1568 1463 concionatum
1606 1426 1723 1465 esse
1753 1411 2066 1466 testiﬁcatur

493 1482 906 1556 Chcysostomus
948 1493 999 1548 in
1029 1495 1213 1550 eadem
1258 1500 1538 1554 concione.
1572 1502 1801 1568 Annum,
1840 1518 1944 1573 quo
1980 1502 2067 1558 hic

498 1582 654 1631 terra!
679 1588 853 1635 motus
877 1585 1091 1652 accidit,
1130 1602 1197 1643 ne
1230 1590 1531 1659 conjectura
1558 1593 1768 1661 quidem
1799 1596 2067 1663 assignare

497 1674 813 1731 possumus:
845 1685 911 1726 ex
941 1675 1251 1743 :rgritudine
1292 1695 1519 1748 namque
1545 1681 1912 1752 Cbrysostomi
1950 1686 2069 1739 nul-

496 1754 603 1810 lam
625 1758 813 1814 calculi
840 1766 1066 1831 ponendi
1109 1782 1292 1830 ansam
1329 1772 1564 1839 arripere
1593 1771 1712 1827 licet
1738 1791 1751 1826 :
1777 1790 1895 1828 nam
1925 1773 2072 1828 vale-

500 1846 697 1902 tudinis
718 1864 825 1905 non
850 1861 931 1905 sat
964 1854 1131 1911 linum
1151 1859 1249 1921 vir,
1275 1846 1415 1928 sfnpe
1440 1876 1557 1914 cum
1582 1861 1779 1917 morbis
1796 1862 2068 1919 conﬂicta-

497 1933 674 1992 batur.

571 2028 848 2085 llomiliam
893 2036 976 2089 cui
1005 2036 1180 2093 titulus
1212 2048 1293 2094 est
1328 2057 1343 2094 :
1384 2043 1437 2095 in
1475 2042 1603 2096 illud
1631 2039 1719 2110 (Τ.
1754 2042 1806 2099 5.
1855 2058 1901 2095 c.
1932 2043 1995 2099 31
2025 2042 2067 2115 ).

499 2116 676 2186 Pater,
717 2124 760 2177 si
790 2127 1039 2195 possibile
1064 2140 1162 2196 est,
1189 2141 1420 2188 transeat
1458 2150 1487 2188 a
1515 2152 1600 2191 me
1626 2136 1760 2191 calix
1808 2135 1948 2192 iste:
1978 2150 2070 2190 vo-

500 2223 796 2268 rumtamen
828 2233 932 2272 nou
961 2220 1097 2275 sicut
1117 2238 1215 2292 ego
1236 2226 1377 2288 volo,
1407 2226 1500 2280 sed
1533 2229 1672 2282 sicut
1707 2238 1760 2281 tu
1785 2245 1798 2281 :
1829 2238 1876 2281 et
1900 2236 2072 2281 contra

502 2301 859 2361 Marcionistas
884 2319 932 2363 et
963 2310 1290 2379 Manichwos,
1323 2324 1368 2368 et
1396 2316 1532 2385 quod
1555 2319 1779 2388 ingerere
1797 2333 1849 2371 se
1876 2317 2072 2387 pericu-

500 2391 566 2446 lis
608 2409 707 2449 non
749 2410 994 2465 oporteat,
1029 2402 1118 2456 sed
1158 2405 1292 2459 omni
1338 2406 1601 2472 uoluntati,
1649 2407 1747 2461 Dei
1775 2409 2072 2463 voluntatem

501 2487 796 2555 anteferre:
835 2488 995 2557 hanc,
1026 2493 1260 2562 inquam,
1311 2511 1378 2550 an
1419 2498 1558 2552 inter
1601 2499 1977 2565 Antiochenas,
2007 2515 2073 2554 an

505 2572 644 2627 inter
661 2575 1271 2650 Constantiuopolitanas
1293 2600 1575 2643 accensere
1596 2600 1852 2658 oporteat,
1874 2607 1978 2644 non
2004 2592 2074 2646 ita

502 2663 658 2720 facile
692 2673 1087 2740 est‘augurari;
1133 2674 1330 2743 aliquid
1363 2685 1537 2732 tamen
1567 2680 1699 2734 lucis
1727 2695 1792 2733 ex
1840 2682 1922 2746 iis,
1955 2698 2074 2751 qua:

506 2766 625 2822 post
644 2758 959 2828 principium
981 2762 1249 2831 dicuntur,
1269 2780 1366 2820 nos
1388 2768 1612 2822 mutuari
1636 2784 1788 2838 posse
1810 2779 2073 2840 putamus.

506 2845 583 2900 De
612 2851 879 2916 proposita
920 2852 1146 2908 lectione
1188 2870 1349 2925 agens
1389 2855 1820 2928 Chrysostomus,
1863 2874 2072 2928 nempe,

503 2937 680 3009 Pater,
706 2942 758 2995 si
774 2944 1015 3015 possibile
1032 2956 1123 3012 est,
1153 2957 1373 3002 transeat
1392 2965 1423 3002 a
1451 2966 1531 3004 me
1552 2949 1690 3005 calia:
1722 2953 1813 3005 iste
1830 2968 1848 3005 :
1874 2967 2074 3005 verum-

506 3041 675 3087 tamen
723 3035 974 3089 non‘sicut
1007 3052 1101 3107 ego
1123 3040 1254 3098 uolo.
1300 3040 1389 3093 sed
1407 3041 1530 3095 sicut
1561 3050 1633 3107 tu,
1681 3042 1752 3096 ita
1791 3043 2022 3112 loquitur
2060 3060 2073 3096 :

504 3121 648 3176 Nam
671 3134 719 3178 et
738 3127 921 3180 multos
944 3143 1165 3198 qurercre
1183 3129 1399 3184 arbitror
1416 3147 1514 3200 qua
1535 3131 1598 3184 de
1621 3147 1777 3185 causa
1801 3132 1908 3197 lucc
1943 3132 2078 3185 dicta

503 3216 606 3269 sint
645 3233 676 3269 a
701 3216 920 3281 Christo,
954 3236 1013 3272 ac
1041 3222 1308 3276 uerisimile
1333 3232 1403 3276 est
1428 3240 1531 3289 eos,
1560 3224 1646 3293 qui
1684 3225 1890 3290 adsunt,
1921 3224 2083 3297 haereo,

507 3309 629 3363 tieos
672 3310 779 3363 liae
802 3313 950 3366 verba
990 3314 1234 3384 accipere.
1281 3315 1558 3383 multosque
1599 3333 1662 3371 ea:
1696 3317 2080 3386 simplicioribus

506 3399 748 3468 fratribus
790 3404 1139 3470 supplantare.
1202 3403 1354 3459 Unde
1406 3406 1573 3475 liquet
1616 3408 1893 3461 hmreticos
1937 3406 2077 3470 illos,

506 3490 595 3558 qui
624 3489 813 3544 Filium
852 3492 1007 3547 Patre
1045 3496 1302 3549 minorem
1334 3496 1540 3566 ipsique
1583 3497 1890 3551 dissimilem
1938 3498 2082 3551 dice-

509 3578 670 3643 bant,
721 3595 912 3650 nempe
958 3585 1282 3649 Anommos,
1331 3586 1694 3655 Chrysostomi
1737 3586 2084 3641 concionibus

512 3671 832 3726 interluxisse.
881 3672 1010 3727 Illud
1053 3685 1229 3727 autem
1263 3676 1564 3744 frequenter
1609 3677 1903 3731 Antiochia:
1946 3678 2085 3731 acci-

510 3761 672 3826 disse,
707 3764 776 3816 ita
805 3770 861 3816 ut
891 3775 1178 3831 prmsentes
1211 3767 1488 3822 hmreticos
1517 3768 1930 3838 Chrysostomus
1950 3784 2083 3823 con-

511 3851 727 3915 futaret,
778 3855 891 3924 ipso
929 3854 1128 3911 diserte
1169 3857 1241 3911 ait
1266 3857 1437 3912 Temo
1478 3859 1648 3929 primo
1674 3859 1742 3914 de
1783 3858 2087 3931 lncompre-

513 3943 756 3999 hensihili
784 3956 968 4001 contra
994 3947 1284 4003 Anommos
1313 3964 1360 4003 c.
1382 3946 1512 4003 707:
1540 3949 1873 4020 idipsumquc
1902 3962 2086 4024 postea

511 4032 812 4090 subindicat
846 4052 895 4090 c.
930 4034 1063 4102 πε),
1107 4048 1161 4092 et
1208 4048 1358 4101 seqq.
1385 4079 1399 4100 ,
1449 4040 1500 4091 in
1544 4038 1661 4096 huic
1707 4044 1889 4109 verba,
1935 4045 2108 4114 queis

510 4122 755 4179 Christus
780 4125 996 4181 Petrum
1024 4128 1236 4196 repulit,
1294 4127 1432 4182 Vade
1467 4140 1579 4199 post
1606 4147 1701 4197 me,
1724 4132 1949 4200 Salano,
1979 4146 2083 4193 etc.

516 4214 719 4282 Eadem
743 4231 877 4286 pene
898 4217 1034 4288 ipsa,
1062 4235 1180 4288 qua:
1196 4219 1314 4285 hic,
1338 4221 1494 4291 paulo
1519 4231 1640 4293 pust
1666 4224 1870 4279 initium
1899 4227 2083 4292 habes.

513 4305 811 4378 iisdemque
867 4308 977 4365 lere
1035 4310 1211 4365 verbis
1273 4325 1675 4370 commemorat.
1730 4316 2084 4383 Quamobrem

518 4402 812 4468 putaverim
858 4400 996 4456 hanc
1032 4403 1304 4458 llomiliam
1334 4406 1628 4462 Antiochia:
1674 4408 1906 4464 habitam
1953 4410 2089 4465 luis-

518 4505 616 4557 se,
672 4506 773 4546 nec
828 4492 1055 4549 fortasse
1101 4493 1189 4550 diu
1243 4505 1365 4566 post
1403 4497 1519 4553 illas
1568 4507 1754 4553 contra
1799 4501 2088 4557 Anommos

509 4583 798 4639 conciones
843 4602 858 4638 :
904 4586 1045 4656 quod
1073 4598 1251 4642 tamen
1294 4603 1360 4642 ex
1382 4589 1691 4659 conjectura
1724 4584 1924 4646 tantum
1951 4593 2087 4647 dici-

513 4688 567 4727 ιιι
573 4690 654 4729 138.

565 4765 1197 4826 Concioncsillasduas’n
1209 4771 1792 4847 huncPaulilocum(T.
1808 4776 1919 4830 ελ.
1937 4776 2086 4850 485).

516 4856 753 4910 Salutate
776 4855 1071 4913 Priscillam
1088 4860 1107 4929 (
1125 4859 1277 4913 Rom.
1305 4863 1394 4916 i6.
1421 4863 1488 4929 ὅ)
1507 4905 1521 4928 ,
1560 4876 1663 4919 clo.
1686 4904 1703 4931 ,
1722 4879 1789 4922 ex
1819 4866 2089 4922 verisimili

515 4948 820 5015 conjectura
845 4950 1141 5005 Antiochiae
1171 4951 1376 5005 habitas
1405 4953 1566 5009 fuisse
1587 4965 1849 5024 putamus.
1881 4958 2089 5014 Etenim

523 5039 665 5093 illum
693 5041 869 5096 adhuc
896 5042 948 5096 in
974 5042 1269 5111 presbyteri
1296 5043 1482 5099 ordine
1511 5045 1672 5102 fuisse
1689 5049 1895 5105 videtur
1915 5065 1978 5104 ex
2005 5050 2089 5114 iis,

513 5144 635 5199 qua:
659 5131 727 5185 de
744 5133 1108 5189 sacerdotibus
1135 5133 1305 5199 istius,
1334 5133 1386 5188 in
1415 5150 1516 5205 qua
1540 5136 1798 5206 degebat,
1824 5139 1973 5193 urbis
1995 5140 2097 5192 alio

515 5231 647 5291 quot
685 5223 737 5278 in
766 5224 896 5279 locis
922 5226 1027 5292 ait,
1073 5225 1302 5280 maxime
1328 5241 1454 5280 vero
1480 5228 1535 5281 in
1578 5228 1808 5282 secunda
1848 5244 1992 5281 num.
2020 5229 2093 5284 5:

516 5313 605 5369 ubi
621 5315 899 5370 auditores
919 5332 1164 5386 carpens,
1195 5318 1333 5387 quod
1354 5318 1566 5387 quidam
1587 5332 1772 5372 eorum
1793 5320 2096 5374 sacerdotes

520 5408 729 5474 probris
754 5417 809 5462 et
830 5392 1083 5463 ctmvieiis
1108 5418 1425 5476 onerarent,
1454 5410 1542 5465 alii
1582 5425 1708 5464 vero
1735 5409 1848 5464 lure
1873 5410 2093 5483 audien-

517 5506 621 5562 tes,
644 5499 940 5554 attaledieos
988 5500 1108 5555 illos
1153 5516 1256 5555 non
1282 5511 1713 5570 compescerent,
1750 5502 1867 5556 talia
1915 5500 2093 5556 fatur:

524 5588 659 5652 Quid
696 5589 798 5642 illis
841 5591 990 5657 fuerit
1027 5590 1244 5655 beatius,
1289 5591 1410 5657 quid
1447 5600 1617 5646 autem
1643 5590 1783 5645 nobis
1830 5591 2098 5645 miser’us.’

523 5679 939 5746 Quandoquidem
966 5683 1043 5736 illi
1070 5683 1365 5753 sanguinem
1392 5695 1436 5737 ct
1461 5685 1683 5739 animant
1711 5703 1801 5752 pro
1828 5695 2100 5755 prwrepto-

519 5771 657 5824 aibas
687 5773 1059 5843 profundi-baut
1124 5791 1215 5828 nos
1242 5784 1403 5828 autem
1433 5792 1588 5846 neque
1617 5782 1814 5831 uerbum
1841 5793 1930 5849 pro
1958 5793 2093 5833 com-

1563 379 1621 437 S.
1659 378 1935 435 JOANNiS
1971 379 2435 438 CIIRYSOSTOMI
2478 382 2654 449 VITA,

3627 375 3723 431 155

2161 498 2387 552 munibus
2415 498 2638 554 patribus
2663 496 2878 550 emittere
2904 495 3142 549 audemus
3161 535 3177 560 ,
3203 493 3289 547 sed
3313 508 3425 545 cum
3461 489 3729 544 audiamus

2160 593 2230 644 eis
2267 589 2514 654 maledici,
2546 600 2591 643 et
2611 588 2841 642 conuiciis
2862 604 2944 642 eos
2973 585 3290 641 dehonestari
3322 594 3369 639 et
3405 601 3436 637 a
3471 584 3576 639 suis
3597 592 3642 636 et
3669 580 3731 636 ab

2161 680 2358 743 alienis,
2388 681 2656 736 maledicos
2685 696 2839 753 neque
2865 679 3219 747 compescimus
3239 718 3254 743 ,
3283 692 3437 744 neque
3462 674 3726 744 reprehen-

2163 772 2346 837 dimus,
2377 789 2530 842 neque
2554 772 2888 843 prohibemus.
2916 771 3039 825 Hmc
3059 780 3199 824 certe
3220 784 3324 824 non
3352 768 3595 822 videnlur
3614 777 3737 819 esse

2163 862 2300 917 dicta
2329 862 2686 934 Cltrysostomi
2712 862 2821 934 jam
2854 861 3125 931 episcopi:
3157 873 3328 926 neque
3370 857 3510 911 enim
3542 856 3657 917 ille,
3689 853 3735 908 si

2164 957 2442 1026 episcopus
2470 955 2686 1020 fuisset,
2729 955 3061 1018 sacerdotes,
3101 955 3188 1023 qui
3228 952 3478 1007 conviciis
3518 952 3737 1022 impule-

2166 1049 2377 1114 buntur,
2407 1064 2714 1103 communes
2748 1057 2924 1118 patres
2950 1046 3285 1116 appellasset.
3321 1045 3373 1098 In
3404 1044 3547 1098 hisce
3583 1057 3741 1112 porro

2165 1138 2371 1193 duabus
2400 1139 2629 1193 homiliis
2654 1139 2705 1193 id
2742 1138 3105 1192 demonstrare
3134 1137 3336 1198 nititur,
3366 1135 3504 1204 quod
3536 1143 3588 1188 et
3613 1129 3742 1186 alibi

2169 1228 2489 1298 frequenter,
2518 1230 2765 1284 nimirum
2809 1228 3209 1297 inscriptiones,
3251 1226 3460 1279 nomina
3492 1225 3699 1293 propria
3719 1264 3738 1289 ,

2169 1317 2533 1383 salutationes,
2561 1319 2795 1388 aliasque
2820 1317 3157 1387 quantumvis
3187 1315 3428 1369 n'tinimas
3452 1315 3742 1382 Scriptura

2169 1422 2335 1462 sacra:
2361 1408 2668 1477 particulas,
2717 1424 2820 1461 non
2862 1420 3278 1475 supervacancas
3297 1445 3310 1467 ,
3340 1403 3432 1470 sed
3461 1402 3744 1471 diligenter

2169 1500 2511 1555 excutiendas
2539 1516 2677 1555 esse.
2706 1499 2838 1554 Cum
2881 1514 3006 1553 vero
3045 1498 3410 1566 inscriptiones
3439 1505 3490 1547 et
3529 1494 3742 1547 nomina

2172 1592 2379 1661 propria
2402 1601 2786 1648 commemorat
2814 1591 2962 1645 initio
2987 1589 3230 1646 secunda:
3256 1589 3433 1642 dicens
3457 1604 3474 1644 :
3505 1586 3642 1639 Num
3661 1584 3745 1640 di-

2170 1683 2360 1736 dicistis
2384 1683 2730 1752 inscriptiones
2757 1674 2805 1738 e‘l
2834 1680 3036 1735 nomina
3060 1692 3104 1734 et
3123 1681 3372 1749 simplices
3396 1682 3742 1743 salutationes,

2171 1773 2431 1843 diligenter
2474 1776 2527 1826 in
2571 1772 2849 1842 Scripturis
2893 1773 3252 1827 excutiendas?
3296 1786 3449 1831 cum,
3495 1770 3744 1838 inquam,

2172 1861 2542 1931 inscriptiones
2571 1871 2622 1916 et
2646 1864 2886 1927 nomina,
2924 1862 2972 1915 id
2998 1872 3077 1914 est
3103 1859 3313 1913 nomina
3332 1860 3563 1928 propria,
3592 1873 3744 1911 com-

2172 1962 2458 2017 memorat,
2491 1953 2826 2007 subiudicare
2856 1965 3070 2021 prorsus
3099 1951 3306 2003 videtur
3334 1948 3575 2001 homilias
3612 1960 3747 2016 quas

2173 2044 2240 2099 de
2268 2044 2611 2113 inscriptione
2635 2048 2907 2107 Actorum,
2935 2043 3105 2111 deque
3130 2040 3246 2095 aliis
3269 2040 3551 2108 Scriptura!
3578 2051 3748 2091 sacrm

2175 2132 2625 2203 inscriptionibus,
2662 2148 2865 2187 necnon
2896 2141 3119 2201 quatuor
3142 2131 3292 2192 alias,
3319 2144 3450 2197 quas
3477 2127 3543 2181 de
3568 2127 3747 2180 nomi-

2174 2224 2332 2278 nibus
2358 2210 2442 2277 vel
2470 2222 2538 2278 de
2579 2224 2870 2276 mutatione
2901 2222 3172 2276 nominum
3210 2219 3505 2273 Antiochia:
3547 2216 3749 2269 habue-

2174 2324 2293 2370 rat:
2322 2313 2461 2368 nnde
2485 2314 2642 2369 etiam
2666 2313 2867 2367 eruitur
2892 2311 3051 2366 hasce
3077 2310 3320 2366 bomilias
3340 2306 3629 2363 Antiocltice
3651 2305 3749 2359 ha-

2176 2405 2310 2459 bitas
2335 2405 2516 2461 fuisse.

2246 2496 2331 2552 .lo.
2362 2494 2768 2567 Chrysosmmus
2794 2493 2881 2566 (Τ.
2908 2495 2962 2549 3.
3004 2508 3048 2546 c.
3070 2489 3242 2564 261),
3284 2491 3373 2561 qui
3404 2503 3509 2544 non
3536 2499 3750 2557 sempesI

2176 2587 2559 2655 extemporales
2579 2585 2761 2640 habuit
2781 2586 3081 2647 conciones,
3106 2582 3384 2637 Homiliam
3409 2580 3475 2634 de
3500 2579 3750 2634 Eleemo-

2178 2694 2307 2749 syna
2331 2678 2480 2743 dixit,
2508 2677 2787 2731 occasione
2814 2676 3172 2730 meudicorum
3198 2682 3252 2728 et
3279 2685 3584 2739 egenorum,
3613 2680 3751 2736 quos

2179 2769 2370 2825 hiemis
2396 2779 2634 2838 tempore
2657 2767 2923 2838 jacentes,
2956 2781 3077 2820 cum
3106 2779 3201 2834 per
3226 2763 3400 2817 lorum
3425 2769 3474 2814 et
3499 2759 3750 2827 angipor-

2180 2874 2263 2916 tus
2302 2861 2368 2916 ad
2405 2862 2681 2916 ecclesiam
2713 2868 2986 2930 pergeret,
3026 2864 3317 2925 repererat.
3346 2852 3497 2908 Hunc
3524 2851 3590 2904 ad
3618 2862 3753 2904 cou-

2179 2952 2494 3008 ciooandum
2523 2961 2828 3020 apparatum
2848 2991 2864 3017 ,
2898 2948 3022 3003 dum
3060 2948 3160 3001 iter
3188 2944 3411 3007 faceret,
3438 2939 3715 2995 adornavit
3733 2978 3752 3001 ,

2160 3045 2393 3099 ethunc
2419 3043 2486 3099 de
2509 3043 2841 3111 eleemosyna
2869 3039 3176 3095 concionem
3200 3034 3548 3105 improvisator
3573 3040 3757 3085 orator

2183 3133 2552 3202 pronuntiavit.
2581 3131 2871 3186 Antiochiae
2895 3138 3070 3184 autem
3096 3126 3326 3181 habitam
3349 3124 3509 3178 fuisse
3534 3120 3753 3185 indicat,

2184 3242 2287 3280 non
2320 3226 2477 3280 modo
2500 3239 2622 3280 cum
2645 3225 2737 3282 ait.
2767 3238 2824 3278 se
2854 3236 2947 3291 per
2975 3220 3141 3275 lorum
3169 3229 3223 3273 et
3248 3219 3553 3287 angiportus
3575 3214 3754 3269 cccle-

2184 3318 2313 3371 siam
2344 3318 2574 3384 petiisse,
2601 3315 2693 3369 sed
2714 3315 2889 3376 etiam,
2914 3321 2966 3365 ct
2987 3312 3140 3380 longe
3161 3308 3379 3373 clarius,
3403 3306 3487 3358 uhi
3510 3305 3580 3357 ait
3604 3304 3757 3356 nunt.

2186 3408 2387 3475 6,011!!!
2421 3406 2588 3459 fames
2614 3405 2795 3458 orbem
2823 3403 3069 3456 invasttra
3098 3407 3257 3463 esset,
3286 3398 3437 3451 istam
3465 3395 3756 3454 civitatem,

2186 3512 2378 3566 nempe
2404 3494 2732 3551 Antiochiam
2754 3535 2769 3560 ,
2817 3508 2907 3563 per
2933 3490 3223 3546 Barnaham
3264 3497 3317 3541 et
3344 3487 3558 3542 Saulum
3600 3498 3761 3553 pecu-

2187 3588 2302 3641 nias
2331 3585 2714 3657 Jerosolymam
2763 3583 2991 3637 misisse.
3039 3580 3129 3634 Dc‘
3159 3592 3298 3633 anno
3334 3588 3515 3631 autem
3561 3573 3761 3628 habita

2187 3678 2458 3734 concionis
2483 3677 2609 3732 nihil
2636 3673 2916 3731 dicendum
2939 3671 3189 3741 suppetit.

2261 3768 2514 3824 llomilias
2536 3777 2643 3821 tres
2669 3778 2890 3819 numero
2915 3762 3096 3816 habuit
3121 3760 3529 3831 Chrysostomus
3552 3757 3603 3809 in
3629 3755 3762 3810 illud

2189 3861 2428 3930 Apostoli
2455 3858 2544 3930 (Τ.
2576 3860 2629 3914 '5.
2653 3874 2701 3913 c.
2727 3857 2824 3911 271
2852 3855 2870 3926 )
2916 3875 2930 3911 :
2967 3853 3218 3909 Habentes
3258 3852 3485 3906 eumdem
3526 3850 3761 3918 spiritum

2191 3953 2266 4024 (2.
2293 3951 2410 4007 Cor.
2438 3951 2493 4006 4.
2532 3948 2620 4019 15)
2639 3989 2653 4014 ,
2682 3957 2786 4003 etc.
2819 3944 3112 4001 Antiochia:
3141 3957 3267 3997 vero
3305 3941 3512 3996 habitas
3561 3940 3720 3993 fuisse
3739 3977 3759 4003 ,

2190 4043 2413 4099 suadent
2438 4057 2500 4097 ea
2535 4055 2655 4112 qua:
2677 4039 2804 4094 dicit
2831 4038 2898 4092 de
2924 4033 3198 4090 monachis
3221 4034 3472 4088 verticem
3503 4029 3762 4084 montium

2191 4133 2598 4205 occupantibus,
2641 4141 2989 4199 asperumque
3011 4126 3133 4180 vita:
3160 4124 3418 4180 rationem
3446 4120 3723 4191 agentibus
3743 4161 3761 4184 ,

2191 4241 2325 4297 quos
2348 4239 2474 4280 sane
2497 4221 2785 4277 menachos
2806 4220 2857 4273 in
2889 4215 3227 4272 Antiochenis
3246 4213 3587 4269 concionihus
3609 4225 3765 4264 com-

2193 4329 2491 4371 memorare
2518 4313 2685 4377 solet,
2736 4325 2890 4365 secus
2937 4311 2988 4362 in
3033 4304 3648 4374 Constantinopolitanis.
3681 4304 3764 4356 An

2191 4403 2555 4477 Chrysostomi
2597 4415 2723 4457 vere
2763 4401 2870 4455 sint
2910 4398 2994 4452 hat
3022 4397 3281 4460 humilia),
3319 4407 3480 4448 ausus
3506 4402 3588 4448 est
3613 4392 3768 4461 quis-

2193 4496 2332 4567 piam
2355 4493 2617 4559 dubitare,
2637 4506 2757 4545 cum
2781 4498 2953 4544 tamen
2974 4486 3163 4559 stylus,
3185 4484 3366 4549 dictio,
3390 4492 3570 4551 tropus
3594 4480 3767 4551 Chry-

2193 4596 2485 4641 sostomum
2514 4583 2814 4652 loquentem
2845 4579 3090 4649 prodant.
3124 4574 3405 4632 Dubitandi
3445 4586 3621 4628 causze
3650 4571 3769 4625 tiro

2195 4678 2427 4746 alioquin
2474 4674 2630 4729 docto
2678 4670 2977 4740 hujusmodi
3026 4670 3219 4723 luere:
3260 4666 3401 4736 quod
3443 4676 3631 4732 nempe
3678 4659 3768 4715 hic

2194 4769 2536 4823 coneionator
2559 4763 2706 4818 hom.
2737 4765 2786 4826 1,
2819 4777 2873 4815 n.
2903 4761 2960 4826 3,
3004 4755 3442 4827 Sentipelagianis
3480 4751 3657 4807 favere
3679 4751 3767 4805 vi-

2195 4861 2400 4925 deatur,
2427 4873 2548 4911 cum
2570 4855 2697 4910 dicit
2721 4854 2790 4909 de
2813 4853 2963 4907 initio
2983 4852 3102 4906 lidci
3133 4849 3394 4919 loquens:
3427 4844 3605 4915 Neque
3634 4845 3766 4898 enini

2198 4952 2366 5014 Deus,
2394 4965 2553 5021 neque
2584 4947 2810 5018 Spiritus
2832 4945 2995 5017 gratia
3027 4952 3253 4996 nostrum
3280 4939 3514 5012 praeuenit
3534 4938 3764 5009 proposi-

2198 5055 2338 5106 tum;
2381 5043 2467 5096 sed
2493 5039 2687 5094 etiamsi
2724 5047 2892 5104 vocet,
2936 5043 3191 5105 exspectat
3217 5042 3382 5086 tamen
3408 5039 3465 5083 ut
3501 5038 3685 5098 sponte
3721 5034 3764 5082 α

2200 5133 2406 5204 propria
2433 5133 2688 5186 uoluntate
2715 5128 3046 5193 accedamus;
3072 5142 3133 5180 ac
3157 5135 3262 5179 tum
3290 5125 3518 5187 demunt,
3548 5135 3665 5174 cum
3687 5134 3769 5172 ac-

2198 5226 2515 5289 cesserimus,
2557 5222 2700 5277 nobis
2729 5237 2879 5275 suum
2917 5230 3075 5274 totum
3114 5216 3309 5273 exhibet
3351 5212 3623 5269 auxilium.
3664 5209 3770 5265 Sed

2202 5311 2720 5371 animadvertendum
2748 5321 2848 5376 est,
2880 5310 3020 5380 quod
3042 5325 3164 5363 eum
3193 5322 3279 5374 ea,
3311 5321 3432 5377 quae
3457 5303 3523 5358 ad
3550 5301 3776 5372 gratiam

2201 5408 2526 5478 spectabant.
2550 5405 2782 5460 nondum
2805 5404 2856 5457 in
2875 5400 3294 5455 controversiam
3310 5405 3505 5452 vocata
3528 5391 3773 5456 fuissent,

2203 5515 2307 5555 non
2358 5507 2509 5553 erant
2554 5512 2617 5551 ea
2654 5496 2814 5551 certis
2843 5508 3030 5548 vocum
3056 5490 3312 5545 limitibus
3341 5482 3776 5550 circumscripta;

2204 5607 2376 5660 neque
2420 5590 2652 5653 mirum,
2704 5587 2749 5642 si
2789 5594 3233 5652 extemporaneus
3274 5588 3477 5639 orator,
3520 5574 3592 5630 sd
3640 5572 3776 5627 bons

2207 5682 2501 5751 peragenda
2532 5679 2799 5734 concitare
2825 5676 3030 5738 volens,
3060 5673 3181 5726 talia
3214 5668 3494 5741 proferret,
3523 5679 3644 5735 qua:
3672 5677 3780 5717 non

2208 5776 2273 5828 ad
2306 5776 2551 5827 trutinam
2584 5781 2704 5823 ante
2731 5768 3141 5822 examinat-erat.
3174 5761 3228 5817 ln
3257 5761 3339 5814 bis
3374 5760 3535 5813 etiam
3560 5752 3781 5808 concio-
