4110 6148
345 297 444 352 i5?

341 415 527 482 nibus,
575 415 627 469 in
675 417 901 489 aliisque
929 421 1178 491 operibus
1207 438 1312 478 non
1362 438 1525 493 pauca
1566 421 1920 495 dicit,'queis

342 508 596 577 probatur
625 509 796 577 ipsum
828 513 1098 568 censuisse
1125 513 1194 567 ad
1232 515 1438 570 initium
1485 515 1637 581 ﬁdei,
1668 519 1916 572 auxilium

342 598 434 654 Dei
473 613 592 654 esse
640 602 1019 657 necessarium.
1055 604 1246 659 Verum
1275 607 1410 662 alius
1435 608 1500 662 ad
1531 608 1643 664 haec
1685 611 1922 679 pluribus

340 694 608 748 tractanda
637 695 788 749 nobis
809 707 889 751 est
917 699 1235 754 constitutus
1259 701 1428 756 locus.
1453 703 1622 756 Aliam
1647 701 1915 765 dubitandi

342 796 551 838 causam
583 784 738 839 effert
774 786 828 840 is
859 787 1002 856 ipse,
1035 791 1121 858 qui
1155 791 1383 859 priorem
1416 793 1634 862 protulit
1671 811 1683 844 :
1715 796 1811 848 sub
1842 795 1923 849 ir-

339 876 486 930 ilium
514 876 745 932 bomiliie
772 881 940 933 tertiae
969 880 1162 936 dicitur
1185 899 1214 934 a
1236 883 1381 937 Pauli
1413 894 1650 954 tempore
1667 888 1920 956 quingen-

339 978 419 1022 tos
446 983 616 1022 annos
642 969 852 1040 elapsos
879 987 1020 1038 esse,
1048 989 1164 1044 qua;
1191 975 1348 1045 longe
1371 977 1721 1032 recentiorem
1748 978 1919 1051 Chry-

338 1067 578 1111 sostomo
601 1069 874 1114 auctorem
905 1073 1144 1132 arguant.
1199 1064 1332 1120 Hinc
1358 1081 1484 1121 vero
1513 1068 1708 1122 nullam
1744 1067 1920 1123 afferri

337 1147 612 1203 dubitandi
656 1164 870 1205 causam
914 1153 1091 1206 statim
1134 1153 1376 1210 advertet
1421 1156 1657 1226 quisquis
1707 1159 1920 1214 lectioni

336 1239 706 1312 Chrysostomi
749 1253 994 1299 assuetus
1041 1258 1355 1316 perpetuam
1402 1249 1520 1317 ejus
1560 1251 1611 1303 in
1658 1265 1918 1305 annorum

337 1333 557 1388 calculis
587 1335 961 1404 negligentiam
991 1337 1373 1393 observaverit.
1401 1340 1489 1394 Sic
1517 1357 1620 1394 non
1641 1343 1802 1396 semel
1833 1342 1920 1398 ille

335 1438 509 1478 annos
537 1425 861 1495 quingentos
901 1439 1178 1482 enumerat
1204 1445 1232 1483 a
1261 1441 1527 1499 p0strema
1563 1434 1740 1500 templi
1769 1433 1921 1486 Jeru-

335 1515 642 1585 solymitani
686 1516 1075 1585 destructione,
1118 1536 1235 1589 qua:
1277 1520 1477 1590 aliquot
1503 1522 1657 1575 annis
1693 1533 1916 1576 mortem

337 1604 488 1658 Pauli
510 1607 828 1676 subsequuta
853 1619 952 1662 est.
979 1609 1067 1664 Sic
1090 1621 1144 1665 et
1161 1611 1282 1665 alibi
1310 1613 1501 1679 passim
1523 1615 1914 1679 anaclironismt,

333 1696 389 1748 in
412 1697 672 1764 scriptore
693 1714 882 1768 nempe
901 1709 1194 1770 tempm‘um
1216 1703 1473 1758 rationem
1497 1720 1678 1772 parum
1699 1715 1918 1762 curante

331 1785 832 1854 deprehenduntur.

405 1876 870 1946 Elegantissimam
898 1881 1206 1936 concionem
1243 1881 1328 1953 (T.
1361 1884 1414 1937 5.
1455 1898 1502 1936 c.
1533 1884 1679 1948 547),
1713 1885 1774 1936 de
1804 1883 1911 1936 Fu-

332 1976 566 2019 turorum
608 1968 818 2033 deliciis,
866 1982 1008 2036 etc.,
1060 1971 1244 2026 habuit
1283 1972 1693 2045 Clirysostotnus
1733 1956 1917 2030 A'ntio-

327 2057 470 2110 «bis:
489 2099 505 2122 ,
535 2069 592 2112 ut
618 2064 858 2130 arguitur
881 2079 943 2115 ex
975 2063 1039 2116 iis
1063 2105 1077 2128 ,
1105 2080 1222 2131 qua:
1261 2065 1360 2118 sub
1387 2066 1591 2119 initium
1640 2066 1910 2131 dicuntur,

327 2162 527 2218 nempe
550 2149 613 2201 ad
645 2151 783 2204 hunc
812 2164 1104 2223 martyrum
1131 2153 1300 2208 locum
1330 2156 1577 2224 populum
1608 2159 1912 2210 ventitasse.

325 2239 499 2294 Extra
528 2241 710 2296 urbem
756 2259 949 2314 nempe
973 2257 1087 2299 erat
1113 2247 1336 2301 ecclesia
1383 2257 1597 2317 propter
1623 2258 1914 2317 martyrum

323 2331 605 2402 Reliquias
643 2333 1005 2404 frequentata,
1039 2353 1143 2408 quo
1172 2339 1457 2408 pergebant
1501 2340 1676 2408 populi
1707 2340 1914 2408 pietatis

323 2440 513 2487 causa,
543 2436 594 2480 et
616 2428 704 2480 ubi
732 2427 1034 2498 frequenter
1052 2430 1335 2485 conciones
1357 2429 1707 2496 habebantur,
1734 2432 1912 2500 utjatlt

323 2530 437 2570 non
484 2517 652 2571 semel
695 2519 941 2572 vidimus.
975 2519 1090 2586 Quo
1142 2528 1318 2574 autem
1365 2535 1508 2575 anno
1554 2521 1690 2575 dicta
1738 2523 1807 2575 sit
1847 2537 1910 2575 ex

322 2606 474 2660 nulla
505 2617 628 2661 nota
654 2610 864 2677 assequi
896 2625 1196 2678 possumus.

393 2698 858 2752 Commentariqu
912 2698 1011 2769 (T.
1061 2702 1134 2769 5)
1182 2700 1532 2771 liomiliasque
1579 2702 1630 2755 in
1674 2701 1911 2754 Psalmos

319 2789 630 2844 Antiochia:
670 2792 910 2846 emisisse
949 2791 1384 2862 Clirysostomum
1432 2803 1634 2847 eertum
1665 2793 1907 2847 videtur:

319 2897 461 2951 opus
507 2883 778 2951 egregium
831 2891 885 2937 et
930 2883 1070 2936 inter
1117 2885 1549 2951 prmslantis.~itna
1593 2883 1708 2954 ejus
1750 2900 1909 2953 opt-ra

319 2974 773 3045 computandum,
802 2984 859 3027 ut
887 2975 1056 3028 cuivis
1083 2975 1274 3043 legenti
1305 2975 1474 3044 palam
1502 2975 1623 3029 erit.
1654 2974 1910 3044 Opinatur

317 3063 728 3129 Tillemoutius,
787 3065 884 3119 lius
923 3066 976 3119 in
1025 3065 1262 3119 Psalmos
1309 3080 1586 3120 sermones
1632 3065 1910 3134 scripsisse

316 3153 800 3224 Chrysostomum,
853 3171 950 3209 nec
994 3157 1400 3210 eoneionantem
1449 3156 1500 3209 in
1549 3166 1688 3210 cwtu
1732 3155 1908 3226 populi

315 3244 630 3313 protulisse.
663 3245 719 3298 ld
747 3259 902 3308 vero,
932 3253 988 3298 ut
1015 3254 1097 3298 est
1127 3245 1175 3298 iu
1209 3245 1409 3313 judicio
1439 3245 1660 3299 ferendo
1684 3255 1869 3299 cautus
1889 3285 1904 3309 ,

314 3335 673 3390 subdubitans
701 3345 903 3390 tantum
948 3335 1206 3390 enuntiat.
1237 3335 1360 3389 Mihi
1402 3351 1526 3390 vero
1554 3350 1708 3389 secus
1738 3337 1904 3389 visunt

312 3435 422 3479 est.
455 3426 512 3480 lu
541 3426 624 3480 bis
654 3426 796 3480 enim
824 3427 1158 3481 sermonibus
1185 3427 1378 3496 passim
1409 3427 1656 3495 populum
1686 3426 1908 3495 alloqui-

313 3530 429 3583 tur,
460 3519 688 3589 taliaqne
716 3521 987 3585 enuntiat,
1027 3534 1145 3589 qua:
1168 3519 1500 3573 eoncionauti
1532 3525 1733 3572 tantum
1760 3533 1905 3571 eom-

311 3619 505 3679 petere
533 3609 770 3678 possint,
823 3619 878 3663 ιιι
917 3610 1094 3678 videas
1136 3609 1187 3663 in
1234 3609 1547 3663 PaL-latione
1575 3608 1641 3661 ad
1681 3607 1903 3663 Tumum

312 3703 590 3773 quintum.
618 3702 698 3756 Ad
727 3719 932 3756 morum
964 3702 1296 3771 disciplinam
1324 3703 1376 3754 lii
1405 3701 1772 3755 commentarii
1804 3700 1903 3755 ad-

312 3795 538 3847 modum
565 3794 852 3862 opportnni
896 3803 1059 3846 sunt:
1091 3793 1294 3846 nullum
1345 3792 1548 3846 etliices
1579 3803 1901 3862 praeceptum

312 3886 400 3941 llic
447 3900 558 3939 non
611 3883 870 3938 oﬂ‘endas.
905 3883 1198 3938 Occasione
1226 3891 1434 3954 sumpta
1478 3899 1540 3936 ex
1571 3881 1901 3936 Psalmorum

309 3976 648 4047 argumentis
669 4016 684 4041 ,
711 3990 870 4030 omne
890 3975 1141 4028 virtutum
1171 3989 1334 4044 genus
1362 3974 1448 4026 hic
1475 3973 1896 4039 commendatur,

313 4071 436 4123 vitia
459 4068 642 4122 omnia
662 4069 1030 4136 exagitantur:
1059 4066 1315 4135 exemplis
1337 4064 1717 4134 frequentibus,
1741 4064 1900 4119 modo

317 4160 620 4230 lugiendum
664 4165 971 4229 peccatum,
1011 4157 1168 4211 modo
1197 4155 1617 4225 amplectendam
1649 4156 1896 4210 virtutem

235 4301 244 4306 -
313 4266 434 4306 esse
461 4251 736 4304 suadetur.

383 4341 682 4395 Antiochia:
711 4340 906 4394 dictam
938 4339 1286 4410 probabiliter
1333 4347 1578 4407 putamus
1623 4335 1894 4391 homiliam

307 4434 394 4488 cui
427 4433 610 4486 titulus
641 4430 726 4502 (T.
757 4432 812 4487 5.
840 4449 881 4484 ι’.
910 4430 1046 4495 519)
1073 4449 1084 4483 :
1123 4428 1344 4482 Homilia
1385 4428 1551 4480 habita
1581 4427 1632 4480 in
1662 4442 1896 4497 magnam

311 4523 720 4588 Hebdomadam,
752 4525 804 4576 in
829 4538 926 4592 qua
949 4521 1154 4574 docetur
1175 4537 1262 4573 cur
1282 4536 1340 4572 ea
1360 4535 1543 4590 magna
1567 4517 1895 4572 "ebdomada

307 4616 616 4686 appelletur,
657 4623 703 4666 et
733 4614 784 4666 in
821 4613 950 4665 illud
970 4652 983 4674 ,
1017 4611 1193 4665 Lauda
1224 4613 1397 4664 anima
1427 4626 1542 4664 inea
1575 4609 1892 4675 Dominum,

307 4721 368 4758 ac
393 4706 458 4759 de
483 4705 689 4758 custode
716 4703 927 4756 carceris
954 4703 1005 4755 in
1027 4702 1183 4755 Actis.

382 4797 882 4866 lnterpretationem
911 4796 962 4847 in
993 4793 1178 4846 Isaiam
1202 4791 1286 4862 (Τ.
1307 4791 1359 4846 6.
1379 4790 1563 4859 initio),
1583 4800 1808 4858 emptam
1839 4801 1894 4845 et

309 4903 478 4958 usque
519 4887 584 4945 ad
613 4885 887 4940 dimidium
931 4885 1120 4954 capitis
1144 4881 1315 4936 octavi
1352 4880 1632 4935 deductam
1661 4881 1907 4934 creditur.

305 4977 723 5048 Cbrysostomus
747 4977 1094 5031 adornavissc
1120 4970 1435 5037 Antiochim,
1464 4980 1746 5040 antequam
1775 4987 1892 5041 pre-

307 5074 491 5140 sbyter
519 5079 658 5123 esset
687 5085 700 5121 :
732 5083 904 5138 neque
930 5067 1073 5120 enim
1104 5065 1154 5118 in
1176 5064 1460 5119 conciones
1488 5062 1764 5116 distributa
1787 5070 1889 5127 est,

304 5171 367 5215 ut
408 5160 647 5214 llomilite
682 5159 734 5213 in
763 5158 1010 5213 Genesim
1043 5156 1174 5211 etin
1208 5155 1464 5210 Psalmos.
1503 5152 1654 5208 Circa
1684 5163 1891 5222 tempus

304 5262 360 5304 et
401 5252 611 5318 locum,
653 5253 805 5320 queis
850 5249 952 5303 hoc
993 5264 1127 5318 opus
1163 5246 1574 5317 Clirysostomus
1611 5261 1893 5315 aggressus

303 5327 427 5408 est,
477 5355 774 5410 caatesaqne
816 5342 882 5396 ad
929 5341 1155 5410 idipsum
1197 5339 1524 5408 Spei-lautia,
1565 5337 1888 5392 Tillemontii

302 5435 622 5489 sententiain
648 5434 874 5489 libenter
901 5433 1271 5508 amplectimur
1301 5429 1525 5502 (Tillem.
1547 5447 1597 5498 p.
1626 5429 1742 5498 90).
1777 5427 1890 5483 Hoc

303 5544 454 5595 opus,
479 5527 650 5597 inquit
675 5526 782 5592 ille,
811 5524 1153 5596 Clirysostomi
1178 5539 1283 5576 esse
1307 5537 1451 5575 nemo
1479 5537 1576 5574 non
1598 5521 1843 5574 existimet
1869 5537 1888 5574 :

303 5618 453 5684 idque
476 5618 740 5688 elegantia
764 5617 1036 5687 specimina
1064 5631 1168 5683 prie
1201 5630 1253 5669 se
1273 5616 1368 5684 fert
1405 5629 1503 5666 non
1533 5611 1780 5683 vulgaria.
1815 5612 1890 5666 De

306 5709 513 5778 nuperio
545 5709 777 5763 Romano
804 5706 1034 5778 qua‘dam
1073 5705 1150 5760 hic
1181 5706 1425 5760 habentur
1457 5723 1518 5773 p.
1539 5704 1607 5758 ει
1633 5703 1786 5775 (quod
1813 5707 1886 5758 vi-

1508 310 1686 367 NUNC
1728 307 1986 364 ιτιιιδιωι
2027 309 2410 367 ADUKNATA.

3500 338 3601 387 ίῗὼ

2028 423 2202 474 deliret
2232 440 2424 477 summa
2458 441 2579 494 pace
2603 438 2718 480 tunc
2745 431 3036 499 frueretur),
3066 435 3173 501 ejus
3201 449 3351 491 statin
3381 455 3602 512 tempore

2024 511 2369 583 Chrysostomi
2394 518 2750 587 congruentia,
2795 521 3012 575 maxime
3051 539 3165 578 vero
3185 567 3200 593 ,
3247 529 3292 582 si
3323 511 3513 596 spectes
3541 551 3601 591 ea

2023 623 2136 678 qua:
2165 625 2353 662 annum
2377 610 2479 665 577
2517 624 2894 681 pra'cesserunt.
2923 615 3066 671 Illud
3102 635 3215 673 vero
3239 624 3404 693 operis
3441 627 3518 680 vel
3547 627 3600 684 in

2021 697 2326 765 solitudine,
2357 701 2432 753 vel
2468 718 2582 754 cum
2615 701 2856 758 diaconus
2899 716 3058 773 esset,
3106 711 3319 780 fortasse
3357 716 3601 771 emiserit.

2027 786 2165 841 Nam
2194 805 2256 843 ex
2277 805 2372 858 quo
2399 801 2618 860 tempore
2645 793 2898 864 presbyter
2925 797 3041 865 fuit,
3071 815 3169 854 non
3200 802 3392 856 videtur
3414 815 3490 858 sat
3511 806 3600 858 otii

2023 887 2070 930 et
2105 879 2257 947 spatii
2297 879 2556 948 habuisse,
2601 893 2653 936 ut
2689 893 2829 938 tanto
2866 887 3059 941 edendo
3084 893 3225 960 operi
3256 909 3458 948 ntaaum
3499 900 3600 949 ad-

2025 981 2240 1023 ﬂiOt‘t’I‘Cl
2247 1008 2260 1022 ο

2097 1061 2552 1131 Elegantissimam
2600 1065 2868 1122 homiliam
2917 1069 3011 1141 (T.
3051 1073 3103 1126 θ.
3141 1091 3188 1128 c.
3214 1076 3316 1130 9.47
3351 1079 3369 1148 )
3421 1079 3600 1138 habuit

2026 1150 2322 1205 Antiochia:
2369 1155 2418 1206 in
2477 1173 2660 1225 magna
2709 1160 2929 1214 ecclesia
2974 1178 3096 1216 cum
3142 1180 3303 1233 pauca
3354 1171 3600 1236 praefatus

2023 1251 2162 1293 esset
2192 1243 2470 1309 episcopus
2512 1244 2811 1313 Flavianus,
2851 1251 2901 1304 in
2945 1251 3069 1304 illud
3115 1253 3401 1324 Evangelii,
3437 1257 3600 1312 Filius

2023 1345 2086 1383 ex
2129 1331 2293 1401 seipse
2346 1334 2473 1386 nillil
2526 1337 2814 1404 [ueit,,nisi
2856 1343 2988 1409 quod
3039 1343 3214 1396 viderit
3262 1344 3469 1400 Patrem
3515 1351 3598 1416 {a-

2023 1423 2251 1477 cientem.
2283 1424 2448 1494 llujus
2505 1437 2679 1482 autem
2729 1432 3030 1498 concionis,
3061 1448 3155 1489 seu
3205 1437 3380 1504 potius
3427 1439 3602 1496 disce-

2024 1514 2275 1582 ptationis
2325 1515 2486 1588 (nam
2537 1528 2641 1572 tota
2695 1520 2748 1573 in
2793 1537 2986 1592 genere
3027 1527 3270 1594 poleniieo
3321 1531 3598 1602 versatur)

2023 1602 2233 1658 occasio
2292 1606 2387 1658 fuit
2443 1608 2823 1664 AllOlllCBOl‘Ultt
2875 1615 3114 1682 quaedam
3174 1617 3420 1686 objectio.
3465 1620 3597 1676 Cum

2021 1693 2164 1746 enim
2222 1693 2631 1766 Chrysostomus
2683 1701 2736 1754 in
2791 1703 3111 1769 praecedenti
3173 1709 3432 1764 concione
3499 1710 3600 1767 hoc

2022 1780 2166 1836 dicto
2207 1784 2512 1854 evangelica
2556 1788 2608 1841 in
2657 1790 2888 1843 medium
2938 1793 3199 1860 adducto,
3251 1794 3410 1851 Pater
3461 1816 3599 1854 meus

2021 1888 2176 1944 usque
2215 1877 2364 1928 modo
2398 1891 2656 1946 operatur,
2692 1891 2739 1934 et
2779 1900 2868 1952 ego
2898 1900 3096 1953 operor,
3133 1889 3454 1944 ostendisset
3481 1892 3599 1947 Filii

2020 1979 2140 2018 cum
2171 1964 2328 2020 Patre
2353 1970 2727 2037 mqualitatem,
2753 1988 2909 2041 quam
2935 1976 3115 2044 etiam,
3148 1973 3337 2047 inquit,
3367 1980 3600 2038 declarat

2020 2059 2342 2126 evangelista
2373 2060 2455 2113 liis
2477 2063 2670 2126 verbis,
2701 2062 2974 2133 Propterea
2996 2068 3154 2138 magis
3179 2073 3599 2140 persequebantur

2019 2162 2150 2213 eum,
2183 2164 2287 2202 non
2310 2151 2473 2204 solum
2499 2153 2617 2221 quia
2642 2153 2860 2209 solvebat
2883 2157 3174 2222 sabbatum,
3203 2161 3293 2214 sed
3317 2171 3362 2215 et
3395 2160 3595 2220 Patrem

2018 2253 2167 2291 suum
2206 2240 2398 2293 dicebat
2425 2240 2590 2296 Deum
2608 2285 2623 2308 ,
2663 2246 2907 2310 aqualem
2931 2265 2984 2301 se
3008 2248 3202 2318 {ueiens
3227 2251 3371 2318 Deo;
3400 2255 3466 2307 ita
3495 2271 3592 2310 sen

2018 2343 2230 2413 nionem
2256 2331 2466 2386 clausit.
2514 2332 2758 2388 Haeretici
2797 2347 2971 2390 autem
3017 2343 3261 2396 Anomazi
3293 2342 3418 2398 huic
3447 2361 3590 2413 argu-

2019 2405 2199 2472 mento
2224 2435 2288 2472 ex
2319 2420 2524 2475 Joanne
2549 2426 2870 2494 evangelista
2897 2426 3197 2497 desumpto,
3227 2431 3386 2485 alium
3430 2449 3590 2502 oppu-

2017 2525 2174 2564 suere
2214 2511 2432 2568 Joannis
2475 2515 2682 2580 locum,
2731 2534 2921 2585 nempe
2963 2520 3090 2573 illud
3129 2520 3349 2578 Joannis
3396 2525 3590 2589 5,19:

2017 2599 2171 2654 Nihil
2194 2613 2352 2670 potest
2376 2606 2542 2672 facere
2585 2605 2752 2661 Filius
2773 2650 2786 2672 ,
2821 2612 2914 2663 nisi
2958 2613 3130 2665 viderit
3159 2611 3368 2668 Patrem
3409 2618 3594 2685 [aciem

2015 2699 2132 2744 tem.
2162 2692 2398 2764 Cumque
2429 2698 2545 2750 talis
2565 2709 2708 2754 esset
2733 2698 2961 2768 objectio
2985 2717 3103 2771 qua:
3131 2714 3308 2771 posset
3331 2705 3600 2761 auditores

2017 2785 2232 2841 turbare
2259 2798 2417 2857 atque
2443 2791 2764 2859 pereellere,
2807 2809 2940 2860 opus
2965 2802 3080 2848 erat
3122 2794 3282 2850 hasce
3308 2799 3599 2853 Anommo-

2014 2890 2131 2929 rum
2162 2879 2395 2946 argutias
2432 2881 2724 2936 confutare.
2761 2882 3114 2947 Quamobrem
3159 2884 3444 2942 Flavianus
3479 2891 3598 2959 epi-

2013 2981 2206 3034 scopus
2232 2973 2696 3038 paucaprazl'atus,
2741 2987 2862 3026 cum
2888 2974 3049 3028 sciret
3074 2977 3322 3046 p0pulum
3347 2979 3596 3036 audiendi

2015 3072 2077 3110 ea
2117 3058 2183 3112 de
2215 3074 2272 3112 re
2302 3059 2666 3130 Chrysostomi
2696 3065 2944 3132 cupidum
2991 3081 3110 3119 esse
3133 3109 3148 3133 ,
3187 3069 3295 3123 cito
3341 3071 3496 3123 linem
3524 3072 3595 3124 dio

2013 3147 2163 3224 cendi
2195 3145 2336 3212 fecit,
2365 3160 2418 3202 et
2447 3149 2826 3220 Clirysostonio
2851 3152 3132 3207 haereticos
3159 3141 3464 3212 confutandi
3495 3175 3594 3214 cu-

2012 3253 2124 3291 ram
2152 3238 2489 3295 demandavit
2515 3259 2528 3296 :
2558 3252 2784 3296 noverat
2821 3246 2961 3298 enim
2990 3247 3257 3302 neminem
3302 3265 3456 3318 posse
3486 3263 3592 3307 tam

2013 3329 2222 3384 fortiter
2245 3330 2500 3402 lueil'ugas
2527 3332 2646 3387 illos
2673 3334 2984 3406 proﬂigare,
3021 3353 3179 3406 quam
3205 3339 3438 3396 Joannes
3469 3344 3590 3409 llic.

2009 3420 2161 3490 Cujus
2185 3421 2564 3491 eIOquentiam,
2586 3440 2808 3480 acumen
2832 3428 3044 3496 ingenii,
3064 3439 3231 3500 atque
3253 3431 3588 3503 dialecticam,

2008 3514 2214 3581 experti
2259 3529 2405 3584 Saepe
2446 3515 2674 3570 fuerant.
2724 3519 3141 3589 Clirysostomus
3180 3538 3339 3589 VCIO,
3383 3534 3440 3578 ut
3476 3537 3594 3581 erat

2010 3604 2336 3672 moderatus,
2362 3607 2512 3661 initio
2539 3609 2782 3678 queritur
2802 3612 2899 3665 sibi
2927 3610 3162 3666 delatum
3191 3631 3384 3670 munus
3413 3631 3534 3671 esse
3555 3635 3587 3671 τι

2007 3693 2226 3750 doctore
2253 3711 2381 3760 suo,
2420 3700 2508 3768 qui
2545 3714 2669 3753 vere
2706 3697 2824 3754 fons
2859 3700 3115 3756 doctrina:
3150 3715 3320 3770 esset,
3352 3715 3405 3760 et
3443 3707 3588 3764 lianc

2008 3786 2329 3854 provinciam
2361 3791 2526 3858 probe
2563 3791 2835 3860 suscipere
2866 3803 3079 3861 posset:
3114 3793 3307 3850 deinde
3343 3813 3471 3852 vero
3501 3815 3586 3852 ar-

2004 3863 2312 3946 gumentum
2338 3881 2761 3936 adversariorum
2789 3893 2895 3938 tam
2934 3889 3097 3953 probe
3119 3887 3370 3958 depellit,
3401 3901 3458 3944 ut
3491 3908 3586 3947 ne-

2005 3971 2143 4023 scias
2167 3980 2337 4025 utrum
2365 3974 2530 4042 magis
2551 3975 2781 4041 mireris,
2803 3977 3182 4044 eloquentiam,
3205 3995 3274 4032 an
3295 3981 3585 4037 dialectica:

2005 4064 2130 4116 vim.
2179 4063 2302 4118 llicc
2329 4081 2457 4119 vero
2484 4067 2672 4120 concio
2717 4067 2896 4121 multis
2935 4069 3090 4122 annis
3131 4080 3249 4138 post
3293 4077 3584 4128 conciones

2004 4153 2120 4206 illas
2161 4155 2292 4208 alias
2329 4166 2512 4209 contra
2552 4158 2846 4212 Anomceos
2881 4162 3075 4214 emissa
3107 4161 3337 4228 videtur,
3365 4178 3491 4218 cum
3517 4181 3584 4220 ex

2002 4243 2218 4297 assiduo
2234 4245 2582 4300 concionandi
2605 4248 2780 4303 officio
2803 4265 3048 4320 magnum
3064 4251 3162 4305 sibi
3180 4253 3476 4309 Antiochia
3493 4272 3582 4309 nu-

2004 4350 2124 4386 men
2157 4336 2448 4402 peperisset
2475 4337 2905 4408 Clirysostomns.
2933 4341 3058 4396 llxc
3095 4343 3308 4399 liomilia
3339 4355 3472 4401 utet
3498 4364 3578 4402 se-

2002 4433 2223 4494 quentes
2257 4441 2426 4494 nuper
2451 4442 2514 4479 ex
2548 4428 2781 4484 tenebris
2808 4440 2974 4483 erutte
3001 4431 3230 4486 fuerunt.

2073 4514 2296 4578 Eodem,
2316 4526 2372 4570 ut
2394 4517 2643 4585 putatur(
2671 4515 2732 4569 Τ.
2763 4519 2816 4570 6.
2853 4535 2902 4572 c.
2942 4519 3047 4575 257
3073 4517 3115 4592 ).
3137 4523 3348 4576 circiter
3370 4533 3571 4594 tempo-

2001 4619 2058 4659 re
2083 4603 2361 4658 llomiliam
2387 4605 2452 4658 de
2471 4604 2856 4660 Melcliisedecu
2874 4607 3070 4660 habuit.
3094 4609 3185 4662 Est
3205 4620 3403 4675 autem,
3432 4615 3568 4681 quod

2002 4695 2344 4764 spectatcjus
2380 4704 2582 4770 partem
2630 4711 2738 4748 non
2775 4695 3070 4763 minimam,
3120 4699 3442 4767 praecedenti
3469 4716 3571 4758 non

2000 4784 2290 4839 dissimilis.
2315 4785 2460 4838 Licet
2483 4785 2624 4839 enim
2641 4785 2706 4839 de
2737 4784 3142 4854 Melchisedeco,
3174 4799 3230 4841 ut
3258 4780 3361 4843 fert
3382 4790 3576 4845 inscri-

2001 4875 2130 4943 ptio,
2158 4885 2360 4944 agatur,
2393 4891 2498 4928 non
2519 4877 2734 4930 minima
2763 4886 2935 4931 tamen
2983 4894 3104 4948 pars
3147 4880 3422 4936 concionis
3445 4897 3574 4937 con-

2002 4975 2081 5018 tra
2107 4967 2396 5019 Anommos
2415 4977 2517 5020 est.
2545 4967 2741 5022 Deinde
2767 4983 2894 5021 vero
2915 4979 3097 5024 contra
3124 4970 3576 5031 Melcliisedecitas

1998 5057 2317 5126 diSpntatur,
2345 5058 2436 5126 qui
2481 5058 2728 5112 dicebant
2773 5057 3214 5117 Melchisedecum
3251 5077 3374 5120 esse
3416 5065 3573 5121 Chri-

1999 5157 2080 5203 sto
2107 5146 2234 5202 Filio
2245 5150 2622 5218 majorcmmlii
2646 5150 3022 5218 putaliantesse
3034 5151 3283 5220 Spiritum
3310 5167 3579 5226 sanctum,

2000 5252 2055 5296 ut
2097 5241 2251 5295 docet
2280 5243 2438 5294 etiam
2468 5241 2790 5310 Epiphanius
2835 5241 3025 5297 bznresi
3052 5245 3148 5317 46,
3187 5247 3255 5298 al.
3289 5247 3380 5301 55.
3409 5248 3487 5303 Ex
3508 5247 3577 5305 iis

1996 5351 2113 5402 qua:
2152 5343 2335 5387 contra
2387 5337 2676 5388 Anomtnos
2711 5336 2976 5401 dicuntur,
3020 5338 3322 5406 conjectura
3365 5341 3571 5398 ducitur

1997 5425 2225 5477 habitant
2246 5426 2384 5476 illam
2415 5422 2577 5478 fuisse
2601 5426 2912 5478 Antiochiae.

2069 5515 2291 5570 llonnlia
2315 5516 2512 5569 inillud
2543 5517 2767 5584 apostoli
2799 5515 2885 5587 (T.
2914 5519 2964 5571 6.
3001 5535 3044 5570 c.
3093 5520 3245 5590 ΤΗ),
3272 5521 3385 5575 Hoc
3408 5534 3572 5576 autem

1995 5607 2188 5671 scitote,
2216 5607 2348 5677 quod
2372 5608 2422 5660 in
2445 5606 2724 5660 novissimis
2778 5609 2948 5661 diebus
2974 5621 3116 5664 erant
3138 5625 3358 5681 tempora
3377 5609 3570 5682 gravia',

1997 5717 2030 5758 ti
2057 5716 2142 5758 me
2164 5702 2213 5756 in
2251 5699 2497 5756 Vaticana
2528 5697 2847 5755 Bibliotheca
2890 5703 3172 5776 exscripta.
3203 5705 3258 5760 in
3295 5722 3355 5758 ea
3387 5721 3570 5766 omnes
