4110 6148
506 352 606 407 I59

497 467 643 536 styli,
695 461 942 518 dictionis
994 456 1416 526 inventionisque
1463 464 1602 509 nota:
1652 466 1992 522 coacurrunt,
2015 466 2072 510 ut

495 576 614 613 cam
663 558 1043 625 Chrysostomo
1088 548 1471 603 adscribamus.
1521 547 1690 617 Ipsam
1725 548 1904 603 habuit
1952 565 2074 604 cum

495 648 786 720 permultos
811 645 924 698 dies
945 644 1138 696 absens
1160 640 1570 710 infirtnitateque
1596 639 1843 696 detentus
1867 641 2069 706 l'uiSSrt,

499 758 563 798 ac
586 756 692 810 pra:
731 753 910 791 amore
936 735 1139 805 populi,
1171 733 1340 786 adhuc
1363 732 1695 786 manentibus
1749 733 1919 786 morbi
1948 734 2074 787 reli-

493 833 629 902 quiis
654 829 718 882 ad
758 827 1038 882 ecclesiam
1076 823 1484 877 conciouaturus
1537 821 1819 876 advolavit.
1855 821 1908 874 ΙιΙ
1933 821 2074 891 quod

493 925 607 993 ipse
632 921 804 986 initio,
835 918 1166 984 maximeque
1188 915 1240 968 in
1275 914 1378 967 fine
1406 913 1635 966 homiliw
1657 912 1803 967 dicit.
1822 913 1957 967 Cutn
1981 930 2076 966 au-

493 1024 598 1069 tent
628 1028 770 1080 szepc
798 1010 997 1064 morbis
1042 1007 1273 1060 afflictus
1329 1005 1499 1068 fuerit,
1535 1021 1636 1057 non
1689 1006 1757 1059 ita
1790 1005 1942 1059 facile
1969 1013 2070 1068 est,

494 1106 546 1157 in
581 1101 723 1172 quod
765 1112 973 1169 tenipus
1005 1099 1116 1151 haec
1167 1095 1417 1158 incidant,
1449 1094 1850 1164 deprehendeie
1882 1112 1894 1147 :
1927 1095 2074 1148 initio

501 1212 669 1250 cutien
697 1194 920 1248 suadere
943 1192 1145 1246 videtur
1169 1190 1306 1245 hanc
1351 1189 1620 1243 homiliam
1676 1189 1965 1242 Antiochia:
1993 1188 2072 1242 di-

491 1299 629 1341 ctam
657 1285 836 1339 fuisse.
1646 1289 1653 1298 '

567 1375 807 1431 llomilia:
846 1372 1129 1443 nonaginta
1159 1369 1246 1443 (Τ.
1277 1372 1308 1425 7
1334 1370 1418 1442 )in
1445 1369 1746 1424 Manlia-um
1780 1369 2073 1427 Antiochim

493 1469 683 1522 habitze
711 1467 940 1530 fuerunt,
962 1476 1013 1519 et
1035 1464 1259 1518 Tomum
1291 1464 1573 1533 septimum
1604 1473 1768 1517 totum
1787 1471 2070 1532 occupant.

491 1560 673 1615 Murali
701 1560 1079 1628 cujuscumque
1126 1556 1338 1626 generis
1384 1555 1660 1625 disciplina
1700 1554 1926 1622 refertas,
1957 1556 2074 1610 uni-

493 1668 696 1708 versam
731 1651 1046 1706 Clnistiame
1094 1649 1212 1701 vita:
1242 1657 1294 1701 ct
1343 1646 1565 1700 instituti
1593 1661 1853 1705 summam
1885 1661 1990 1714 pra:
2015 1661 2073 1699 se

493 1749 687 1800 ferunt.
714 1744 806 1798 llic
832 1756 1017 1796 Ottlttcs
1035 1741 1245 1792 virtutis
1271 1736 1526 1790 adeunda:
1553 1746 1605 1790 et
1625 1736 1932 1789 exercenda:
1959 1751 2074 1789 mo-

491 1840 566 1902 di,
593 1837 849 1891 universae
877 1831 1102 1902 fugiendi
1149 1829 1258 1887 vitii
1304 1828 1538 1881 rationes
1579 1826 1868 1881 afferuntur
1891 1834 1946 1880 et
1979 1841 2074 1880 ex-

499 1929 937 2000 plananturznec
979 1919 1263 1989 quidquam
1315 1917 1731 1986 pi'artcrniittitur
1773 1915 1913 1985 quod
1950 1929 2073 1986 pos-

490 2019 557 2071 sit
579 2024 666 2070 aut
691 2014 755 2068 ad
783 2021 1016 2067 sanctam
1039 2019 1131 2063 aut
1157 2007 1223 2062 ad
1273 2008 1565 2076 improbam
1599 2007 1753 2060 vitam
1785 2006 2069 2076 pertinere,

493 2122 546 2165 ut
576 2111 740 2163 altera
770 2105 893 2160 totis
915 2104 1112 2158 viribus
1133 2100 1442 2156 decliuetur.
1464 2099 1651 2154 Nullus
1673 2099 1724 2154 in
1753 2098 1881 2152 orbe
1911 2097 2068 2153 Chri~

489 2203 664 2256 stiano
691 2199 822 2252 liber
841 2205 921 2250 est
948 2203 1024 2248 tot
1043 2201 1291 2262 tantaque
1332 2190 1570 2245 referens
1597 2189 1910 2244 Christianae
1935 2189 2072 2244 ethi-

489 2312 580 2348 ces
611 2299 870 2363 praecepta
905 2305 918 2343 :
945 2302 1202 2356 nusquam
1245 2285 1656 2356 Chrysostomus
1685 2292 1822 2336 tanta
1844 2297 1968 2336 usus
1989 2291 2072 2338 est

491 2385 818 2449 inventione,
843 2380 1112 2445 facundia,
1141 2378 1426 2447 sagacitate
1479 2376 1543 2429 ad
1573 2390 1747 2429 mores
1778 2374 2070 2430 informan-

492 2476 610 2540 dos,
643 2470 964 2530 elimiuanda
988 2470 1134 2533 vitia,
1157 2469 1482 2522 Christianas
1513 2466 1733 2520 familias
1759 2475 1898 2520 recte
1920 2482 2068 2520 com-

489 2564 780 2634 ponendas.
809 2564 1139 2631 Quapropter
1169 2559 1287 2626 jure
1316 2557 1522 2610 diccbat
1569 2558 1625 2611 S.
1650 2557 1879 2609 Thomas
1907 2557 2072 2626 Aqui-

488 2669 602 2718 uas,
657 2670 698 2708 rt
718 2652 918 2706 ferente
972 2648 1178 2717 l’ap;rio
1220 2648 1462 2700 MaSs‘ouo
1505 2646 1594 2698 lib.
1643 2646 1770 2700 Gde
1819 2647 2070 2700 Romanis

488 2742 848 2802 l‘outiticibus.
881 2740 930 2792 in
961 2738 1166 2793 Joanne
1190 2736 1325 2804 Papa
1354 2735 1495 2796 ΧΧΙ,
1529 2735 1683 2789 malle
1714 2753 1770 2788 se
1800 2735 1870 2788 uti
1901 2733 2069 2806 Chry-

485 2835 703 2889 sostomi
736 2833 881 2886 libris
911 2832 963 2884 iu
1009 2828 1335 2892 Matth-.emn,
1368 2843 1526 2898 quant
1559 2827 1831 2897 possidere
1863 2828 2066 2898 fruique

483 2925 690 2987 Lutetia
721 2924 1067 2980 Parisiorum.

555 3017 668 3071 Non
696 3016 1124 3070 conci..natoretn
1164 3010 1340 3074 modo,
1374 3010 1464 3065 sed
1510 3009 1688 3066 etiam‘
1718 3010 2058 3078 interpretem

486 3112 594 3184 agit
645 3109 1074 3179 Chrysostomus.
1153 3105 1331 3159 Sicubi
1384 3105 1526 3158 enim
1572 3104 1737 3157 ξένιος
1784 3104 2062 3158 verborum

487 3199 778 3272 livangelii,
811 3213 966 3267 quant
998 3193 1353 3264 explanatioui
1384 3210 1494 3248 sua:
1543 3194 1865 3261 prtrmittere
1906 3195 2058 3258 solet,

482 3294 710 3364 aliquam
730 3291 924 3345 habere
953 3289 1157 3342 videtur
1184 3286 1554 3342 difficultatem
1581 3287 1720 3340 circa
1759 3295 1963 3356 tempus
1981 3287 2062 3340 vel

481 3385 814 3440 otcasionem
848 3397 1021 3436 rerum
1044 3389 1308 3448 gestarum
1339 3388 1428 3432 aut
1457 3379 1594 3433 circa
1611 3379 2057 3449 evangelistarum

481 3478 665 3532 eadem
697 3476 808 3544 ipsa
856 3472 1204 3537 narrantium,
1246 3470 1454 3525 dicendi
1508 3470 1836 3534 varietatem,
1880 3486 1938 3524 ea
1973 3471 2061 3524 ille

483 3569 658 3620 onmia
682 3566 940 3636 sagaciter
981 3574 1232 3620 excutere
1262 3564 1395 3618 solet
1425 3579 1438 3614 :
1473 3572 1768 3630 temporum
1796 3563 2054 3616 rationem

479 3663 727 3716 observat
753 3668 804 3712 et
829 3658 1092 3730 explorat,
1122 3655 1453 3711 occasionem
1478 3654 1848 3723 veleditisigni
1877 3664 1929 3708 et
1950 3655 2049 3707 mi-

483 3751 664 3817 raculi,
699 3750 780 3804 vel
804 3759 966 3820 geste
991 3748 1066 3802 rei
1087 3747 1369 3816 diligenter
1393 3753 1659 3810 scrutatur
1683 3762 1695 3798 :
1725 3745 2053 3800 diversorum

479 3842 771 3904 sententias
814 3841 954 3892 circa
984 3853 1068 3892 res
1117 3836 1426 3906 plerumque
1460 3835 1686 3888 obscure
1733 3834 2054 3905 significatus

479 3934 633 3986 all'crt
661 3942 713 3989 et
742 3929 1007 3984 examinat
1033 3946 1047 3983 :
1079 3928 1122 3981 si
1151 3925 1486 3984 confutanda'
1521 3926 1646 3990 sint,
1667 3925 1718 3979 id
1750 3925 1882 3980 mira
1908 3943 2061 3981 exse-

477 4023 655 4094 quitur
691 4021 1006 4087 dexteritate
1058 4028 1216 4087 atque
1271 4017 1464 4087 ingenii
1512 4017 1909 4081 acrimonia;si
1957 4035 2057 4088 qua

479 4117 603 4170 vero
630 4117 766 4168 inter
795 4112 1148 4182 evangelistas
1180 4111 1229 4162 in
1251 4108 1514 4162 narrando
1555 4109 1914 4178 discrepantia
1937 4127 2055 4167 c~se

476 4209 652 4259 statim
678 4205 936 4266 videatur,
965 4203 1013 4256 id
1041 4202 1128 4256 ille
1161 4215 1252 4270 pro
1289 4200 1422 4253 virili
1453 4201 1688 4265 excutit,
1723 4201 2059 4274 ostenditque

482 4299 790 4365 illam,qua:
841 4294 1001 4348 verbo
1061 4302 1210 4345 tenus
1233 4305 1350 4346 esse
1399 4291 1632 4356 videtur,
1678 4293 2057 4354 dissonantium

477 4391 674 4444 nullam
703 4369 884 4442 i‘chra
914 4403 1050 4440 esse.
1085 4384 1218 4439 lliuc
1247 4393 1420 4437 autem
1450 4385 1634 4436 miram
1668 4385 1757 4439 Dei
1788 4384 1884 4438 hac
1927 4385 1976 4438 in
2001 4401 2058 4440 re

477 4479 858 4552 providentiun
910 4475 1167 4530 declarari
1228 4473 1692 4530 contettditznam
1741 4473 1784 4527 si
1834 4484 2060 4544 quatuor

473 4571 812 4642 evangelista:
860 4585 943 4623 res
970 4567 1182 4622 easdem
1226 4565 1412 4624 eodem
1454 4580 1668 4635 prorsus
1693 4565 1850 4620 modo
1869 4581 2056 4620 recen-

475 4666 722 4727 suisscnl,
751 4663 802 4718 id
831 4661 896 4716 de
937 4659 1197 4725 industria
1227 4667 1278 4714 et
1301 4659 1543 4712 consulto
1575 4655 1771 4710 factum
1818 4673 1938 4711 esse
1972 4659 2048 4711 vi-

476 4773 594 4817 sum
632 4755 836 4812 fuisset.
871 4756 936 4806 At
965 4767 1104 4805 nunc
1131 4767 1250 4805 cum
1282 4750 1641 4819 evangelistze,
1671 4766 1774 4804 non
1800 4767 1883 4806 res
1915 4761 1969 4804 ut
1991 4751 2058 4806 ab

480 4849 596 4903 aliis
616 4848 728 4918 jam
771 4845 1072 4912 descripta‘,
1121 4842 1213 4895 sed
1246 4851 1300 4895 ut
1328 4842 1406 4896 vel
1467 4842 1534 4895 ab
1567 4857 1624 4897 sc
1654 4847 1776 4895 visa:
1827 4841 2053 4908 fuerant,

477 4941 607 4995 vela
631 4939 733 4993 fide
759 4934 932 5004 dignis
963 4933 1185 4987 testibus
1223 4942 1555 5000 acceperant,
1589 4943 1868 4998 euarrent;
1899 4932 2058 4995 fidem

475 5030 694 5087 omnino
716 5033 1006 5080 merentur.
1033 5020 1307 5091 Siquidem
1331 5029 1690 5088 quatuorsuut
1718 5033 1878 5076 testes
1900 5039 2056 5077 νει-ηρ

479 5137 589 5183 ccs,
619 5118 708 5189 qui
740 5117 783 5170 si
814 5133 841 5169 a
898 5114 1160 5185 prioribus
1197 5111 1304 5180 jam
1336 5111 1474 5165 dicta
1531 5111 1790 5166 referrent
1832 5126 2058 5180 tantum,

479 5230 575 5282 pro
607 5225 711 5268 uno
737 5208 942 5263 censeri
969 5205 1246 5262 deberent.

550 5302 846 5366 Antiochia:
891 5311 1066 5356 autem
1099 5298 1305 5353 habitas
1350 5297 1507 5351 fuisse
1539 5298 1632 5350 has
1660 5298 1942 5359 conciones
1969 5315 2063 5352 ex-

478 5397 736 5468 ploratum
764 5403 864 5458 est,
895 5402 952 5446 ut
972 5389 1222 5444 diximus.
1267 5389 1341 5449 De
1388 5403 1529 5442 anno
1577 5386 1706 5440 nihil
1764 5387 2056 5454 habemus;

478 5489 526 5542 id
555 5495 1108 5542 autemcertumessc
1165 5480 1396 5545 videtur,
1445 5496 1547 5533 non
1597 5493 1752 5548 posse
1802 5480 1850 5532 in
1892 5497 2060 5537 annos

473 5579 599 5639 3.86.
624 5577 746 5640 587,
778 5578 902 5640 588,
934 5573 1140 5632 referri.

551 5669 730 5738 Neque
755 5668 966 5722 silentio
984 5660 1489 5735 prtetermittcndum
1515 5671 1617 5729 est,
1643 5661 1691 5717 id
1715 5663 1854 5734 quod
1885 5665 1932 5718 in
1965 5665 2062 5722 hoc

477 5762 868 5821 tioniutcntario
916 5757 1180 5828 upinando
1232 5755 1540 5809 testificatur
1595 5762 1609 5824 (
1658 5755 1713 5809 Τ.
1747 5759 1798 5817 7,
1851 5769 1900 5809 c.
1931 5753 2054 5812 ‘Z‘Jl.

1595 343 1652 398 S.
1692 342 1965 399 JOANNIS
1990 341 2459 402 CllllYSOSTOMl
2501 345 2679 416 V'lTA,

3663 352 3764 408 160

2176 465 2216 520 ι.
2247 462 2315 518 25
2334 479 2382 522 et
2407 469 2570 542 seqq.)
2612 470 2861 524 nimiiuin
2891 469 3048 523 finem
3095 466 3280 523 mundi
3305 469 3414 539 jam
3447 469 3752 539 proximum

2176 580 2316 620 esse.
2334 559 2537 618 ld'vero
2559 564 2753 617 clarius
2767 578 2923 616 enun'
2937 564 3005 616 iat
3023 563 3075 616 in
3095 564 3335 633 sequenti
3354 563 3758 618 Commentario

2177 658 2226 710 in
2249 656 2531 720 Joannem,
2559 657 2645 710 ubi
2664 657 2794 710 dicit
2817 655 2901 729 (Τ.
2921 657 2974 711 8.
2993 674 3037 708 c.
3066 656 3182 712 198.
3207 659 3244 710 ι.
3269 659 3352 725 l7)
3379 674 3390 708 :
3417 657 3477 712 Si
3498 669 3754 710 totamto-

2172 765 2283 801 rnm
2306 748 2852 818 quadringentesimum
2869 767 2974 803 esse
2991 749 3143 816 ﬁnem
3165 751 3462 813 dixerimus,
3487 768 3585 802 non
3604 751 3751 802 aber-

2170 840 2757 911 rabinms.0piuioenim
2776 845 3062 900 multorum
3077 844 3292 897 Patrum
3306 843 3473 896 fuerat
3491 842 3749 895 mundum

2180 928 2274 968 sex
2302 914 2446 970 mille
2465 915 2617 970 annis
2663 916 2974 971 duraturum
3011 931 3153 984 esse,
3199 929 3254 972 ut
3284 927 3358 973 att
3387 920 3638 982 tremens,
3669 935 3759 987 qzu

2180 1021 2238 1058 se
2266 1004 2317 1059 id
2341 1005 2408 1060 ab
2430 1007 2492 1060 iis
2521 1007 2804 1063 edidicisse
2828 1009 3158 1076 testificatur,
3187 1009 3277 1079 qui
3323 1009 3584 1064 Joannem
3628 1026 3738 1078 apo

2179 1094 2374 1149 stolum
2424 1096 2664 1151 viderant
2695 1113 2710 1152 :
2744 1098 2976 1167 itemque
3013 1099 3327 1170 Cyprianus,
3379 1101 3682 1154 Lactantius
3703 1109 3756 1153 et

2181 1185 2593 1256 llilarius,cujus
2616 1187 2865 1257 postremi
2885 1189 3033 1244 locus
3059 1189 3329 1244 obscurior
3353 1199 3453 1244 est.
3488 1189 3614 1244 lltec
3631 1207 3759 1259 por-

2179 1289 2238 1330 ro
2265 1275 2472 1330 dicebat
2494 1276 2904 1347 Chrysostomus
2929 1288 3050 1333 octo
3082 1280 3294 1335 circiter
3317 1280 3432 1350 plus
3462 1281 3636 1334 minus
3661 1295 3762 1334 an-

2180 1366 2263 1420 uis
2301 1376 2424 1422 ante
2473 1369 3045 1438 quadringentesimum
3078 1386 3106 1423 a
3138 1370 3350 1425 Christo
3381 1382 3507 1424 noto
3537 1387 3761 1424 aiuuuu.

2179 1454 2234 1510 Si
2259 1465 2433 1511 autem
2464 1473 2575 1512 rem
2606 1461 2673 1512 ita
2697 1460 3136 1521 intellexeritille.
3167 1470 3223 1514 ut
3251 1461 3473 1530 putavit,
3498 1476 3639 1512 anno
3668 1460 3760 1514 illo

2178 1547 2698 1619 quadringentesimo
2712 1551 2971 1620 completa
3003 1552 3115 1606 fore
3133 1551 3218 1604 illa
3235 1567 3325 1606 sex
3345 1567 3605 1605 annorum
3632 1553 3754 1604 mil-

2180 1637 2269 1701 lia,
2299 1655 2403 1692 non
2447 1641 2762 1696 consonabit
2812 1651 2958 1696 certe
2982 1656 3103 1696 cum
3131 1643 3396 1696 communi
3449 1641 3760 1696 Cra-corum

2177 1727 2403 1793 calculo,
2446 1729 2534 1798 qui
2591 1740 2776 1800 putant
2815 1731 3083 1787 Christum
3131 1742 3312 1786 natum
3346 1749 3464 1787 esse
3498 1749 3638 1786 anno
3690 1733 3761 1786 ab

2177 1819 2306 1872 orbe
2335 1820 2550 1874 condito
2576 1821 2735 1877 5508.
2761 1823 2829 1876 At
2865 1823 3129 1877 nescimus
3161 1834 3336 1876 utrum
3379 1839 3494 1876 aevo
3527 1823 3761 1894 Chryso-

2177 1909 2333 1964 stomi
2360 1909 2428 1963 ita
2442 1920 2790 1980 supputarent
2813 1912 3006 1976 Graeci,
3021 1921 3073 1967 et
3098 1913 3290 1983 alioqui
3310 1927 3415 1967 non
3439 1923 3583 1967 tanto
3599 1929 3753 1966 scru-

2179 1999 2303 2069 pulo
2329 2000 2416 2054 ille
2438 2009 2590 2055 notas
2621 2010 2913 2070 temporum
2944 2003 3118 2057 affert.

2249 2092 2504 2148 llomilias
2523 2110 2736 2165 quoque
2785 2097 2836 2148 in
2884 2094 3141 2150 Joannem
3183 2098 3446 2163 octoginta
3487 2107 3606 2151 octo
3655 2115 3757 2151 nu-

2175 2199 2324 2238 ntero
2374 2186 2672 2241 Antiochia:
2715 2186 2891 2241 habuit
2917 2187 2934 2257 (
2956 2185 3018 2240 T.
3048 2189 3079 2242 8
3105 2185 3146 2259 ),
3179 2188 3266 2241 υιιὶ
3312 2204 3504 2241 novum
3538 2203 3758 2257 promus

2175 2277 2522 2333 concionaudi
2575 2282 2756 2347 ritum,
2801 2281 3062 2334 insolitam
3111 2281 3553 2350 deprehendimus
3578 2282 3756 2336 disse-

2176 2371 2324 2424 rendi
2354 2373 2632 2443 rationem.
2660 2373 2870 2443 Stylum
2911 2389 3040 2428 sane
3080 2375 3324 2429 eumdem
3352 2375 3640 2438 cernimus,
3667 2376 3755 2427 di-

2173 2461 2402 2514 ctionem
2437 2477 2651 2530 prorsus
2696 2464 2956 2529 similem;
2987 2465 3338 2535 eumdemque
3367 2466 3544 2519 statim
3597 2481 3754 2534 agno-

2173 2555 2370 2608 svin.us
2398 2555 2606 2610 dicendi
2651 2557 2906 2611 artificem
2954 2557 3391 2630 Chrysostomum
3423 2559 3512 2611 :in
3559 2559 3750 2612 ordine

2171 2657 2345 2700 autem
2365 2655 2419 2701 ct
2439 2647 2489 2701 in
2508 2649 2798 2717 argumenti
2823 2649 3026 2702 ratione
3043 2665 3230 2719 magna
3253 2665 3372 2704 sese
3392 2649 3545 2703 offert
3560 2649 3748 2704 diver-

2168 2736 2318 2790 sitas.
2353 2737 2406 2789 lu
2431 2738 2636 2792 caeteris
2665 2753 2891 2807 namque
2922 2738 2972 2791 iu
3002 2739 3326 2807 Scripturam
3356 2753 3558 2793 sacram
3589 2737 3752 2792 Cont-

2170 2829 2464 2893 mcntariis,
2489 2830 2821 2900 maximeque
2841 2833 2890 2884 in
2913 2831 3157 2886 llomiliis
3179 2833 3230 2885 in
3250 2832 3573 2897 Matthaeum,
3595 2843 3747 2900 post-

2168 2935 2324 2989 quam
2348 2920 2676 2990 singulorum
2706 2937 2951 2976 versuum
2978 2923 3182 2977 literam
3231 2924 3550 2990 explanavit,
3583 2939 3745 2977 occa—

2168 3011 2318 3066 sione
2339 3028 2402 3066 ex
2419 3013 2557 3068 serie
2573 3026 2801 3084 sumpta,
2821 3013 2884 3067 ad
2915 3030 3120 3068 morum
3141 3015 3469 3083 disciplinam
3496 3025 3748 3083 spectan-

2169 3103 2239 3157 tia
2269 3104 2431 3157 multa
2461 3105 2723 3159 interserit
2753 3123 2765 3159 :
2797 3117 2956 3174 atque
3007 3106 3060 3159 in
3113 3106 3218 3160 fine
3269 3107 3626 3175 ltmgissimam
3653 3107 3752 3159 ad-

2167 3195 2522 3253 hortationem
2552 3197 2750 3267 adjicit,
2801 3214 2900 3267 qua
2928 3208 2981 3252 et
3007 3215 3284 3268 procerum
3328 3209 3381 3252 et
3426 3200 3742 3269 populorum

2168 3302 2356 3356 pravos
2380 3303 2553 3342 mores
2606 3289 2913 3354 insectatur,
2945 3299 3103 3358 atque
3134 3289 3200 3342 ad
3244 3289 3489 3344 viitutcm
3545 3290 3750 3346 adeun-

2165 3377 2285 3432 dam
2315 3377 2558 3434 stimulos
2586 3378 2750 3434 addit.
2783 3379 2838 3433 lu
2870 3379 3017 3434 hisce
3065 3392 3238 3436 autem
3273 3382 3322 3435 in
3362 3381 3748 3437 Joannem-ho-

2165 3470 2325 3524 miliis
2346 3470 2451 3523 alio
2478 3469 2826 3524 concionaudi
2854 3486 3049 3542 genere
3068 3472 3322 3540 procedit.
3359 3473 3559 3528 Passim
3589 3491 3746 3528 nam-

2165 3576 2266 3630 que
2291 3572 2566 3630 postquam
2594 3561 2828 3631 singulos
2876 3578 3062 3618 versus
3087 3565 3280 3630 attulit,
3314 3565 3534 3634 illosque
3565 3567 3741 3622 maxi-

2164 3667 2249 3706 nte
2264 3667 2398 3722 quos
2427 3651 2708 3706 Catholicis
2741 3653 2974 3708 haeretici
3008 3655 3241 3723 obiicere
3270 3656 3512 3727 solebant
3537 3671 3551 3720 ;
3581 3659 3734 3712 audi-

2166 3753 2306 3798 tores
2332 3760 2455 3797 suos
2497 3744 2756 3799 adversus
2804 3745 3012 3799 illorum
3065 3747 3302 3816 argutias
3330 3757 3383 3802 et
3410 3748 3738 3818 sophismata

2164 3838 2335 3891 munit
2361 3837 2697 3907 roboratque,
2729 3851 2886 3910 atque
2916 3849 2971 3894 ut
2997 3841 3174 3895 statim
3215 3841 3650 3909 deprehenditur,
3677 3843 3743 3897 iis

2162 3931 2249 3998 qui
2273 3939 2457 3984 contra
2509 3929 2690 3986 hostes
2731 3930 3029 4002 hujusntodi
3059 3947 3202 4004 saepe
3251 3949 3441 3989 manus
3490 3935 3742 3991 confere-

2164 4027 2290 4080 bant
2313 4043 2459 4080 arma
2493 4027 2776 4083 ministrat.

2237 4119 2356 4173 lla-c
2382 4135 2538 4188 porro
2592 4136 2695 4174 non
2732 4121 2782 4174 in
2832 4119 3077 4175 omnibus
3129 4120 3364 4176 homitiis
3407 4129 3738 4188 occurrunt;

2162 4210 2253 4263 scd
2281 4211 2330 4263 in
2365 4211 2428 4264 iis
2459 4222 2682 4273 tantum,
2735 4212 2822 4265 ubi
2875 4227 2941 4266 ea
2977 4211 3196 4266 Joannis
3224 4212 3340 4266 loca
3386 4213 3738 4282 explicantur,

2162 4316 2278 4370 quae
2310 4301 2390 4354 vel
2411 4301 2476 4353 ad
2516 4301 2867 4370 a-qnalitatem
2897 4302 3605 4374 consubstantialitatcmque
3634 4303 3740 4358 Pa-

2165 4393 2257 4446 tris
2282 4402 2334 4447 et
2364 4391 2479 4446 Filii
2506 4393 2826 4461 probandam
2860 4405 2977 4463 apta
3029 4403 3170 4458 sunt,
3223 4396 3304 4448 vel
3332 4410 3449 4464 quae
3475 4396 3542 4447 ab
3569 4395 3739 4449 laureo

2163 4483 2280 4536 ticis
2327 4483 2393 4536 ad
2436 4483 2579 4537 illam
2611 4483 3018 4553 impugnandam
3050 4481 3453 4554 usurpabantur.
3487 4485 3583 4541 Ubi
3611 4501 3742 4540 vero

2161 4573 2226 4626 de
2243 4572 2513 4627 divinitate
2534 4583 2691 4643 atque
2711 4574 3255 4630 consubstantialitate
3273 4574 3388 4628 Filii
3411 4593 3512 4628 non
3531 4577 3736 4642 agitur;

2163 4663 2369 4718 literam
2397 4665 2483 4718 ille
2514 4665 2694 4734 paucis
2734 4666 3008 4733 ettplanat.
3040 4666 3289 4723 Moralem
3319 4683 3527 4736 quoque
3571 4668 3739 4720 disci-

2163 4754 2357 4822 plinam
2377 4753 2513 4808 ihter
2527 4754 2944 4808 concionandum
2969 4773 3041 4808 t':tl
3058 4756 3136 4808 ius
3153 4757 3380 4826 attingit,
3395 4757 3737 4810 concionem-

2161 4861 2265 4916 que
2309 4844 2615 4899 brevissima
2658 4845 3026 4904 adhortatione
3082 4847 3268 4899 morali
3320 4848 3515 4900 claudit
3543 4866 3554 4898 :
3585 4846 3654 4900 ita
3686 4857 3744 4901 ut

2165 4927 2246 4990 ita:
2275 4937 2324 4990 in
2352 4936 2608 4992 Joannem
2637 4938 2943 5002 conciones,
2970 4937 3186 4990 dimidia
3212 4939 3322 4991 fere
3350 4939 3430 4990 sui
3463 4949 3608 5006 parte
3636 4941 3741 4991 mi—

2165 5045 2324 5084 nores
2353 5041 2402 5082 ut
2429 5030 2709 5099 plurimum
2741 5031 2846 5083 sint
2872 5029 3111 5088 llomiliis
3135 5030 3184 5083 in
3217 5030 3534 5087 Matthauttu.

2235 5119 2488 5189 Quodque
2508 5120 2774 5190 singulare
2793 5131 2893 5183 est,
2923 5120 3080 5174 hasce
3102 5121 3153 5173 in
3180 5119 3436 5176 Joannem
3457 5119 3746 5177 cuticionos

2167 5211 2392 5266 habebat
2437 5211 2867 5284 Chrysostomus,
2897 5228 3107 5266 summo
3147 5229 3302 5267 mane
3330 5221 3384 5266 et
3434 5214 3744 5269 illnccsecu.

2169 5317 2218 5359 te
2238 5320 2449 5368 aurora,
2483 5315 2536 5358 ut
2563 5305 2876 5362 testificatur
2903 5303 3016 5372 ipse
3043 5305 3258 5357 humilia
3284 5305 3548 5373 trigesima
3577 5322 3623 5374 pi
3643 5307 3743 5358 ima

2174 5395 2883 5458 ς.182.Ι.528ἕῑιετοηιιιιίιιι·
2914 5394 3267 5458 Samaritana,
3311 5395 3502 5462 inquit,
3555 5383 3746 5446 tantum

2167 5483 2368 5537 adhibet
2393 5485 2612 5536 studium
2639 5494 2690 5536 ut
2719 5485 2838 5553 quid
2860 5485 2980 5537 utile
3005 5485 3213 5548 ediscat,
3244 5496 3289 5538 et
3317 5483 3518 5539 Christo
3541 5487 3745 5550 uuida,

2169 5576 2362 5632 etiamsi
2387 5575 2531 5629 illum
2561 5593 2659 5628 non
2681 5585 2873 5642 noscat,
2897 5592 3049 5646 quant
3101 5592 3194 5629 nos
3221 5579 3416 5630 veniam
3467 5595 3734 5646 conseque-

2171 5687 2303 5736 mur,
2331 5669 2417 5736 qui
2447 5668 2610 5737 ipsum
2636 5668 2881 5734 novimus,
2927 5668 3012 5737 qui
3039 5684 3136 5721 non
3163 5685 3302 5722 serus
3329 5680 3553 5740 puteum,
3578 5689 3678 5732 non
3697 5693 3741 5724 .i.

2174 5764 2366 5818 a'esrrto
2395 5769 2603 5826 stamus,
2656 5766 2753 5812 non
2786 5758 2840 5812 in
2888 5759 3113 5827 :ncridir,
3162 5778 3258 5818 nan
3288 5762 3454 5821 (tdttsll
3501 5745 3750 5822 ιυιιωίέιηθ
