4110 6148
362 387 451 443 161
1517 383 1694 439 NUNC
1733 381 1998 438 PRIMUM
2039 385 2427 440 ADOllN.\T.\.

354 499 529 559 radiis.
561 497 651 552 sed
677 496 768 552 sub
794 513 996 560 aurora,
1022 496 1110 550 sub
1142 498 1235 550 hoc
1263 505 1391 550 lecto
1439 497 1614 550 umbro
1639 498 1846 569 fruimur
1883 507 1928 547 et

359 591 565 648 suaviter
589 590 804 660 agimus,
833 606 988 657 neque
1015 588 1260 658 patienter
1287 588 1519 640 audimus
1542 588 1820 656 quidpiam.
1847 588 1932 640 sed

358 685 544 738 desidia
590 681 1076 750 torpcntusHlasce
1120 696 1245 733 vero
1283 681 1566 734 conciones
1598 679 1934 734 iil::cesCettte

354 792 562 838 aurora,
594 790 712 826 cum
743 772 1074 836 brevissima,
1107 781 1297 840 pra'ter
1318 787 1540 833 morem,
1563 770 1745 823 morali
1773 769 1933 822 disci-

355 869 516 936 plina,
549 864 944 934 prOnuutiabat,
980 879 1044 917 ne
1073 863 1294 916 aliarunt
1322 864 1664 927 concinnum,
1685 877 1816 931 quas
1840 877 1935 929 per

351 977 545 1013 antttttn
575 958 820 1014 habebat.
851 965 903 1010 ct
924 972 1040 1026 qu;e
1093 955 1379 1008 moralibus
1429 954 1704 1023 pra'ceptis
1737 951 1932 1006 redun-

351 1051 568 1115 dabant,
597 1064 813 1104 Cursum
863 1046 1244 1115 interpellaret.
1279 1046 1383 1099 llas
1427 1061 1554 1098 vero
1583 1045 1634 1096 in
1690 1043 1932 1110 Evange-

350 1141 478 1195 liutn
503 1139 722 1195 Joannis
763 1137 1033 1193 breviores
1077 1137 1359 1190 conciones
1389 1134 1452 1188 iis
1488 1144 1690 1188 tantum
1738 1133 1934 1188 dixisse

352 1231 577 1292 videtur,
606 1230 694 1299 qui
717 1244 838 1282 cum
863 1226 1127 1282 haereticis
1147 1234 1538 1280 concertarent.

421 1323 860 1395 EFegantissimas
903 1322 1064 1376 etiam
1117 1320 1168 1373 in
1217 1318 1508 1388 Epistolam
1556 1317 1619 1371 ad
1662 1316 1934 1372 Romanos

349 1396 638 1475 conciones
659 1415 956 1470 Antiochite
985 1413 1168 1469 habuit
1195 1412 1214 1482 (
1241 1410 1301 1465 T.
1332 1410 1384 1465 9.
1415 1426 1460 1462 ι.
1487 1409 1590 1464 535
1608 1413 1651 1480 ),
1687 1421 1742 1463 ut
1773 1408 1932 1478 liqui-

349 1512 420 1568 do
448 1519 657 1566 constat
677 1525 742 1564 ex
774 1509 857 1574 iis,
885 1522 1003 1577 qua:
1034 1507 1084 1559 in
1118 1504 1432 1559 Przclatione
1451 1502 1694 1558 diximus.
1724 1501 1816 1555 llis
1841 1517 1933 1556 au.-

352 1613 457 1657 tctn
503 1599 799 1654 accuratius
847 1595 1230 1651 concinnandis
1280 1609 1496 1664 Operam
1555 1593 1701 1646 dedit
1748 1591 1935 1646 doctor

348 1703 553 1756 noster,
586 1691 705 1759 qttia
736 1690 787 1742 in
809 1689 904 1740 hac
925 1685 1144 1756 epistola
1167 1686 1359 1740 Paulus
1375 1685 1932 1739 obseurahumamtm-

347 1799 452 1850 que
482 1781 810 1834 ratiocinium
840 1776 1206 1846 exsuperanlia
1228 1763 1388 1832 multa
1413 1775 1785 1836 admiscuerat,
1815 1788 1934 1843 qum

346 1873 629 1942 ingenioso
657 1886 723 1926 ac
746 1880 963 1924 strenuo
991 1869 1280 1939 interprete
1306 1882 1440 1936 Opus
1489 1867 1705 1921 ltahent.
1755 1866 1934 1934 Expli-

345 1964 533 2017 catnlis
558 1962 764 2018 arcanis
798 1960 900 2016 illis
930 1959 1358 2030 mysteriis,qum
1387 1958 1586 2028 passim
1627 1958 1678 2010 itt
1699 1957 1797 2012 hac
1818 1957 1934 2027 epi-

344 2062 485 2108 stola
517 2060 820 2120 occurrunt,
855 2061 1050 2105 tantam
1072 2049 1306 2105 Joannes
1336 2059 1517 2103 noster
1537 2049 1775 2103 adhibuit
1802 2065 1934 2118 0pc-

343 2161 485 2208 ratn,
519 2153 572 2197 ut
600 2142 684 2196 vix
716 2159 894 2211 parent
927 2145 978 2196 in
1025 2141 1235 2210 scriptis
1255 2139 1370 2210 ejus
1386 2140 1771 2210 deprehendas.
1799 2140 1932 2194 Cer-

342 2247 392 2288 te
419 2238 586 2290 multa
609 2237 658 2289 itt
690 2237 774 2290 illa
799 2235 1057 2290 habentttr
1081 2235 1222 2289 circa
1251 2235 1468 2313 gratiam
1501 2243 1554 2288 et
1587 2233 1934 2302 pra-destina-

343 2332 571 2394 tionem,
604 2345 722 2398 qua:
753 2327 1191 2398 peritissitnorunt
1218 2327 1422 2396 ingenia
1451 2337 1756 2387 exerceant,
1789 2343 1934 2395 qua:-

340 2437 454 2490 qtte
483 2435 586 2474 non
614 2420 730 2475 sine
757 2420 970 2474 errandi
1025 2420 1260 2488 periculo
1310 2419 1521 2472 trartari
1559 2428 1798 2488 possunt,
1831 2419 1935 2474 nisi

341 2528 536 2581 ttmgtm
559 2513 732 2567 cantio
757 2511 1089 2566 adhibeatur.
1132 2511 1277 2566 llanc
1305 2511 1618 2565 concinnum
1641 2512 1694 2566 itt
1725 2512 1934 2581 Episto-

340 2605 452 2658 latn
483 2603 550 2656 ad
582 2603 1238 2657 Romanoscollectionem
1293 2603 1466 2672 magni
1531 2603 1656 2656 facit
1707 2603 1934 2658 Isidorus

341 2697 639 2758 l’elttsiota.
669 2697 862 2766 aliique
889 2696 1028 2750 docti
1059 2697 1155 2750 viri
1203 2695 1443 2751 eamdem
1495 2697 1765 2764 proferunt
1808 2709 1932 2750 seu-

340 2792 592 2846 trcntiatn.
625 2791 823 2844 Omnes
844 2789 1074 2858 denique
1105 2789 1188 2842 hic
1209 2789 1464 2859 grandem
1497 2789 1690 2858 ingenii
1723 2789 1936 2843 sub.ili-

338 2891 532 2942 talem,
557 2880 743 2934 orandi
768 2881 870 2934 vim
893 2889 948 2934 et
985 2872 1297 2948 elegantiam
1341 2896 1448 2948 pra:
1475 2894 1533 2934 se
1551 2879 1745 2944 ferunt,
1777 2888 1936 2948 atque

341 2977 581 3028 nativam
606 2975 720 3044 ejus
754 2963 1132 3044 eloquentiam,
1187 2974 1487 3045 stylumque
1529 2974 1739 3027 cmteris
1767 2973 1936 3044 Cbry-
1973 3009 1976 3012 .

341 3069 572 3123 sostomi
600 3068 849 3138 operibus
873 3067 951 3122 sic
976 3066 1212 3133 afﬁnem,
1246 3075 1303 3121 ut
1323 3081 1429 3120 non
1463 3067 1532 3120 sit
1553 3082 1712 3121 ovum
1733 3081 1836 3120 ovo
1861 3066 1935 3120 si-

344 3161 551 3214 utilius.

417 3252 565 3305 Inter
594 3250 1024 3320 prtestantissitna
1053 3249 1418 3322 Chrysostomi
1450 3265 1608 3319 Opera
1641 3264 1936 3304 accensen-

343 3355 432 3400 uzr
463 3344 707 3398 ΙΙυηιίΙίςυ
731 3344 781 3397 itt
815 3343 1104 3412 Epistolam
1152 3352 1429 3411 utramque
1459 3341 1600 3394 Pauli
1631 3339 1705 3394 ad.
1743 3338 1936 3394 Coriu-

347 3437 494 3492 tbios
522 3437 538 3505 (
565 3435 624 3488 T.
663 3435 724 3490 l0
751 3435 792 3505 ),
819 3451 879 3488 ac
905 3450 1023 3489 cum
1057 3434 1240 3503 primis
1287 3431 1544 3502 elegantia
1576 3439 1628 3485 et
1682 3432 1938 3500 gravitate

342 3539 664 3593 eoneertare
692 3534 909 3595 possant
939 3541 955 3589 ;
981 3525 1207 3578 maxime
1225 3539 1351 3578 vero
1370 3523 1608 3576 llomilite
1638 3523 1689 3574 in
1715 3524 1936 3591 primam

347 3619 666 3688 ιειιῐδωιωη,
696 3633 827 3686 quas
874 3617 1115 3671 llomiliis
1147 3616 1212 3669 ad
1241 3616 1529 3670 secundant
1575 3616 1724 3670 tnttlti
1755 3624 1938 3686 putant

345 3727 471 3766 esse
499 3710 894 3772 anteferendus,
927 3711 970 3764 si
1002 3721 1180 3780 tropos
1197 3719 1250 3764 et
1287 3710 1682 3764 accttralionem
1725 3718 1936 3776 Specta-

347 3804 513 3856 veris.
549 3800 603 3855 lu
630 3802 895 3870 prioribus
931 3817 1158 3870 namque
1187 3800 1470 3870 diligenter
1507 3801 1684 3855 omnia
1711 3800 1938 3853 fusiore-

341 3912 455 3969 qne
487 3897 625 3967 stylo
667 3897 1017 3966 persequitur,
1045 3894 1349 3974 salibusque
1399 3892 1706 3962 frequenter
1751 3891 1935 3957 tttitttr,

343 4007 408 4044 ac
437 3988 722 4043 minutiora
745 4002 965 4057 quaeque
994 3985 1206 4039 discutit
1231 4000 1246 4047 ;
1279 3999 1534 4054 nusquam
1563 3993 1708 4038 certe
1734 3981 1938 4052 majore

343 4080 526 4135 studio
550 4078 850 4133 elaboratas
889 4069 1176 4131 conciones
1222 4072 1632 4142 deprehendas;
1671 4088 1773 4142 qua
1803 4073 1854 4126 in
1877 4087 1938 4128 re

347 4177 577 4230 fortasse
598 4173 813 4243 quidam
847 4171 1084 4226 hodierni
1109 4170 1335 4224 lectores
1363 4169 1662 4224 redundare
1693 4169 1858 4230 illum,
1883 4177 1938 4223 et

347 4268 489 4321 ultra
519 4275 687 4320 metas
733 4279 1128 4333 nonnumquam
1175 4262 1420 4332 progredi
1462 4260 1930 4316 dixerint;Vcrum

347 4359 623 4427 illaquod
655 4359 973 4427 praecipuum
1020 4366 1104 4411 est
1143 4356 1368 4410 oratoris
1397 4372 1607 4418 munus,
1637 4354 1936 4410 auditorum

349 4450 622 4519 ingenium
653 4459 706 4503 et
735 4458 944 4518 captum
977 4459 1080 4502 tam
1103 4448 1328 4502 Solerter
1357 4447 1745 4516 exploraverat,
1783 4455 1838 4500 ut
1861 4445 1939 4500 si-

350 4542 401 4595 bi
425 4557 611 4595 eorutn
633 4542 840 4594 animos
856 4540 1180 4604 conciliaret,
1200 4549 1403 4610 gratam
1425 4539 1697 4592 concionis
1720 4539 1938 4592 admur-

351 4633 708 4685 murationem
739 4631 1059 4701 plausnSque
1091 4631 1414 4700 frequentes,
1449 4640 1505 4684 ttt
1533 4631 1583 4683 itt
1634 4631 1937 4684 orationum

351 4725 581 4776 decursu
607 4722 804 4776 videas.
835 4723 912 4775 Ad
937 4721 1051 4776 lucc
1079 4738 1204 4775 vero
1249 4722 1300 4775 itt
1349 4721 1588 4775 llomiliis
1617 4721 1682 4774 ad
1713 4721 1936 4788 primam

352 4815 643 4884 Epistulam
676 4815 898 4884 plurima
927 4823 1252 4876 occurrunt;
1285 4830 1470 4882 pugna:
1500 4830 1688 4880 ttetttpe
1721 4822 1774 4866 et
1805 4813 1936 4866 veli-

350 4909 580 4962 lationes
633 4907 936 4977 frequentes
983 4915 1168 4960 contra
1225 4905 1570 4975 philosophos
1626 4915 1838 4959 exteros
1885 4913 1939 4958 et

351 4998 604 5053 falsorum
625 4999 842 5054 deorum
874 5000 1126 5064 cultores,
1185 5007 1240 5053 et
1265 5007 1448 5052 contra
1501 4997 1778 5053 ha‘rctitos
1806 5011 1938 5050 non-

350 5091 563 5158 nullos;
589 5107 653 5146 ac
686 5092 969 5162 singularia
1011 5093 1252 5163 qutcdam
1279 5092 1345 5147 ad
1375 5094 1506 5147 istos
1533 5090 1632 5146 aevi
1661 5106 1860 5144 morem
1883 5099 1936 5145 et

349 5199 502 5236 nsum
541 5183 879 5252 pertinentia,
909 5183 1117 5254 aliaque
1154 5184 1220 5238 de
1245 5185 1437 5253 quibus
1476 5185 1529 5238 itt
1593 5183 1793 5237 Monito
1813 5198 1935 5238 car-

349 5275 477 5341 ptim
508 5276 702 5344 agitur,
751 5291 942 5343 nempe
986 5277 1124 5330 circa
1159 5275 1498 5345 pltilowphos
1525 5286 1760 5343 exteros,
1793 5275 1934 5330 circa

351 5369 650 5430 tut-retices,
703 5366 1027 5421 Maniehzeos
1047 5377 1100 5421 et
1151 5367 1536 5432 Marcionistas,
1566 5375 1750 5422 contra
1774 5365 1932 5422 Chri-

345 5458 640 5511 stianorum
669 5458 1117 5514 Antiochenorunt
1145 5473 1341 5514 mores.

421 5549 680 5605 llomilias
731 5551 782 5604 in
831 5552 1120 5608 secundam
1168 5553 1234 5608 ad
1286 5554 1590 5611 Corinthios
1643 5557 1931 5623 Epistotant

351 5641 437 5709 (Ὺ.
468 5645 549 5697 10.
573 5663 620 5697 r.
653 5643 781 5706 58⁸2)
811 5661 913 5699 n0n
958 5650 1068 5715 pari
1111 5649 1367 5714 elegantia
1398 5659 1555 5718 atque
1587 5650 1823 5716 priores.
1866 5658 1934 5705 de

349 5734 540 5803 quibus
569 5739 671 5804 iam
704 5745 878 5791 actum
903 5747 1006 5802 est,
1028 5737 1250 5804 srriptas
1277 5740 1439 5794 fuisse
1463 5741 1675 5810 quidattt
1706 5724 1928 5810 opttiau-

354 5839 456 5883 tur.
484 5829 732 5886 Brevirrc
756 5829 934 5902 utique
955 5833 1091 5902 stle
1116 5831 1194 5885 lue
1218 5833 1538 5904 posteriores
1562 5836 1929 5906 explanantur.
1955 5845 1958 5849 ‘

3520 393 3622 450 I62

2047 500 2103 551 l-It
2133 500 2252 568 quia
2281 502 2692 573 Citrysostomtts
2722 507 2770 556 ltt
2801 503 2970 571 priore
2997 505 3225 572 I-Zlistola
3256 506 3474 563 Paulum
3497 525 3628 578 apo.

2040 594 2232 644 stolutn
2278 603 2554 661 sequutus,
2607 596 2694 664 qui
2733 595 3064 648 Chrtstianos
3112 598 3248 652 illos.
3295 595 3346 652 in
3395 598 3623 655 ecclesia

2042 683 2296 737 tumultus
2326 693 2379 738 et
2403 684 2619 744 dissitlia
2652 697 2924 742 moventes
2947 727 2961 747 ,
2991 685 3354 742 vehementius
3395 676 3622 744 insecta-

2043 776 2215 840 batttr,
2249 793 2368 830 cum
2415 779 2703 833 acrimonia
2751 780 2949 848 majore
2991 791 3147 834 cttam
3195 781 3306 850 ipse
3351 782 3620 852 loqnieur;

2042 866 2094 920 in
2125 867 2355 920 secunda
2387 879 2562 921 autem
2607 886 2726 923 cum
2772 872 3015 939 apostolo
3060 873 3292 939 pacatius
3334 875 3437 944 agit
3463 913 3477 938 ,
3525 889 3624 930 nec

2042 959 2209 1028 tropis
2236 969 2341 1013 tam
2372 960 2734 1030 frequentibus
2761 962 2921 1014 utitur
2950 980 2962 1015 :
2995 977 3092 1016 nec
3120 978 3296 1032 parettt
3325 975 3468 1020 certe
3492 979 3622 1035 opa-

2040 1065 2153 1104 ram
2183 1050 2232 1103 in
2263 1052 2520 1105 ambabus
2547 1051 2850 1106 adhibuisse
2875 1053 3099 1106 videtur.

2116 1147 2175 1201 Ut
2212 1147 2261 1199 in
2292 1148 2554 1216 pritribtts
2597 1147 2859 1212 hotniliis,
2893 1148 2942 1200 itt
2977 1147 3121 1202 hisce
3156 1148 3313 1202 ctiam
3341 1148 3620 1204 Marcioni-

2039 1247 2148 1292 stas
2191 1239 2442 1308 exagitat,
2487 1237 2574 1308 qui
2621 1237 2868 1308 dicebant
2910 1253 3086 1292 rerum
3132 1237 3374 1307 opiticem
3422 1237 3618 1308 justum

2039 1347 2191 1399 esse,
2221 1331 2317 1387 sed
2363 1347 2468 1384 non
2511 1331 2745 1396 bonum;
2791 1330 3111 1385 Manichteos
3142 1331 3264 1384 item
3308 1332 3614 1394 insectatur,

2037 1421 2126 1492 qui
2158 1439 2252 1476 ore
2282 1422 2441 1492 itnpio
2484 1420 2627 1476 hunc
2673 1437 2850 1476 rerum
2898 1421 3140 1491 opiﬁcem
3185 1421 3452 1475 diabolum
3503 1437 3622 1476 esse

2041 1513 2474 1581 pronuntiabant.
2501 1512 2791 1567 [hereticos
2819 1513 2938 1566 illos
2961 1512 3160 1582 aliquot
3191 1513 3241 1564 in
3270 1511 3399 1566 locis
3427 1514 3618 1581 carpit,

2038 1617 2246 1658 necnon
2297 1612 2351 1658 et
2379 1603 2513 1657 alios
2559 1603 2647 1672 qui
2689 1601 2940 1657 dicebant
2986 1602 3241 1657 mundum
3288 1603 3460 1672 ipsum
3501 1616 3624 1656 esse

2037 1695 2219 1760 deum,
2267 1694 2357 1764 qui
2405 1709 2556 1747 error
2603 1693 2762 1748 etiam
2789 1708 2906 1749 aevo
2944 1703 3127 1750 nostro
3172 1706 3458 1752 renovatus
3503 1697 3619 1752 fuit.

2037 1786 2154 1840 Alia
2201 1799 2412 1854 quoque
2460 1785 2744 1838 observata
2791 1783 2949 1855 digna
3001 1786 3052 1840 in
3107 1786 3187 1840 his
3239 1788 3624 1856 posterioribus

2039 1875 2273 1930 homiliis
2319 1885 2626 1930 occurrunt.
2674 1875 2919 1930 Allirmat
2955 1877 3013 1931 S.
3045 1877 3235 1932 doctor
3261 1879 3620 1933 Alexandrum

2035 1984 2067 2022 a
2092 1967 2290 2023 Senatu
2315 1967 2557 2022 Romano
2586 1968 2796 2022 tertium
2822 1969 3084 2023 decimum
3111 1969 3268 2024 deum
3293 1970 3620 2026 declaratum

2039 2061 2220 2127 fuisse,
2254 2060 2303 2115 id
2335 2061 2474 2132 quod
2508 2061 2747 2131 nuspiam
2789 2062 3004 2116 memini
3046 2078 3130 2117 me
3171 2063 3364 2132 legere.
3408 2063 3624 2119 Tertius

2037 2163 2213 2208 autem
2241 2152 2480 2208 decimus
2505 2153 2639 2207 deus
2667 2152 2839 2208 dictus
2867 2153 2961 2208 fuit
2983 2194 2997 2218 ,
3037 2154 3158 2224 quia
3185 2155 3462 2209 duodecim
3491 2155 3624 2210 deos

2038 2245 2210 2302 Graeci
2241 2247 2473 2316 itemque
2504 2246 2726 2300 Romani
2756 2245 3124 2314 admittebant,
3156 2246 3237 2303 his
3266 2247 3474 2304 duobus
3503 2263 3622 2304 ver-

2037 2340 2182 2395 sibus
2211 2338 2627 2409 comprehcnsos
2661 2357 2674 2394 :

2159 2542 2300 2594 Juno,
2326 2541 2486 2597 Vesta,
2511 2538 2740 2595 Minerva,
2759 2542 2922 2596 Ceres,
2951 2537 3112 2596 Diana,
3137 2545 3328 2600 Venus,
3356 2547 3500 2600 Mars,

2162 2623 2442 2682 Mercurius,
2485 2622 2644 2681 Jovis,
2691 2628 2966 2684 mittuuus,
3007 2621 3270 2684 Vulcanus,
3315 2620 3497 2684 Apollo.

2104 2792 2570 2848 Cotnmcntarittm
2607 2791 2730 2847 item
2763 2791 2813 2846 in
2843 2791 3135 2862 Epistulam
3166 2791 3231 2844 ad
3261 2791 3478 2847 Galatas
3506 2795 3619 2846 Anc

2041 2882 2252 2936 tiochiae
2280 2882 2446 2936 edidit
2473 2881 2569 2954 (T.
2599 2882 2682 2938 l0.
2721 2896 2766 2936 ε.
2793 2881 2968 2954 609),
3000 2891 3062 2937 ut
3103 2883 3156 2936 itt
3196 2881 3391 2936 illonito
3423 2882 3618 2937 ihident

2039 2975 2426 3044 probavimus;
2457 2976 2542 3030 cui
2571 2975 2882 3030 adornando
2907 2993 3012 3032 non
3038 2976 3247 3032 sol-itaut
3279 2993 3494 3046 operam
3524 2992 3626 3047 p0-

2038 3069 2143 3122 suit
2167 3068 2599 3139 Chrysostomus.
2635 3069 2689 3122 In
2729 3069 2846 3123 aliis
2885 3070 3078 3140 quippe
3109 3071 3160 3124 in
3189 3069 3394 3126 Novum
3433 3070 3625 3125 Testa-

2040 3169 2278 3213 mentutn
2334 3159 2797 3228 explanationibus
2852 3161 3028 3214 omnia
3087 3161 3140 3214 in
3195 3162 3480 3217 conciones
3529 3178 3625 3218 seu

2040 3250 2288 3304 homilias
2312 3249 2479 3304 divisa
2510 3260 2563 3306 et
2588 3249 2866 3305 di~tribnta
2897 3260 3054 3310 sunt;
3086 3253 3152 3304 ita
3183 3261 3238 3305 ut
3265 3251 3453 3306 concio
3479 3268 3618 3322 qua-

2042 3342 2170 3396 libet
2192 3341 2363 3396 cthica
2391 3340 2760 3394 adhortatione
2785 3340 3092 3407 claudatur,
3121 3351 3173 3394 et
3223 3342 3441 3396 moralia
3473 3343 3624 3398 istaec

2042 3433 2334 3505 posteriora
2367 3444 2630 3505 praecepta
2676 3450 2918 3504 magnam
2961 3442 3018 3488 ut
3062 3435 3345 3502 plurimum
3390 3435 3626 3491 homilias

2043 3537 2242 3596 partem
2289 3526 2733 3595 complectantur.
2776 3525 2831 3579 In
2876 3525 2978 3580 hoc
3018 3535 3195 3580 autem
3225 3527 3626 3582 Commeatutrin

2040 3620 2215 3673 omnia
2246 3633 2399 3675 secus
2429 3619 2683 3673 adornata
2727 3629 2850 3674 sunt
2879 3636 2892 3672 :
2927 3635 3047 3672 nam
3087 3619 3424 3675 continenter
3447 3619 3623 3692 Chry-

2041 3701 2309 3766 sostomus
2349 3710 2414 3764 ad
2447 3712 2604 3765 linem
2639 3725 2804 3780 usque
2843 3710 3084 3780 epistola)
3109 3726 3292 3764 versus
3315 3725 3503 3765 omnes
3526 3727 3625 3767 ex-

2041 3802 2238 3872 planat.
2258 3801 2470 3856 Moralia
2501 3815 2920 3871 nonnumquam,
2943 3800 3112 3856 sicubi
3139 3801 3351 3856 occasio
3379 3801 3622 3868 oll‘ertur,

2040 3895 2332 3960 admiscet;
2383 3893 2478 3950 sed
2519 3909 2623 3949 non
2665 3901 2724 3949 ut
2774 3909 2869 3964 pro
2913 3909 3063 3949 more
3109 3894 3623 3969 solitoconcionetn

2041 3987 2272 4042 claudat.
2307 3986 2564 4056 Populum
2596 3996 2774 4041 autem
2819 4001 2924 4040 non
2966 4001 3090 4040 raro
3127 3987 3431 4056 alloquitur.
3477 3987 3626 4053 Qua-

2041 4090 2262 4150 propter
2302 4078 2621 4134 crediderim
2653 4077 2770 4132 hac
2805 4078 2949 4130 illum
2980 4077 3050 4132 ita
3090 4077 3511 4139 concinnavisse.
3543 4078 3629 4132 vel

2043 4179 2102 4225 ut
2145 4171 2390 4242 praesenti
2423 4170 2616 4240 populo
2657 4170 2736 4226 sic
2777 4169 2976 4238 legeret
3016 4177 3107 4223 aut
3147 4169 3428 4236 recitaret,
3460 4169 3631 4224 velut

2045 4263 2215 4317 diviso
2242 4263 2426 4317 multis
2444 4262 2495 4316 in
2527 4261 2760 4332 partibus
2779 4261 3173 4315 Commentario
3193 4260 3414 4331 singulis
3443 4271 3627 4329 postea

2044 4355 2282 4426 partibus
2310 4355 2540 4409 ethicum
2569 4355 2832 4424 epilogum
2861 4355 3130 4424 atljiccret,
3163 4363 3222 4408 ut
3249 4369 3346 4423 pro
3371 4361 3627 4408 consueto

2045 4463 2196 4502 more
2235 4447 2285 4502 in
2319 4445 2565 4500 homilias
2605 4445 2941 4498 distribuunt)
2983 4459 3117 4513 opus
3164 4445 3360 4513 populo
3389 4461 3622 4514 pronun-

2045 4539 2218 4594 tiaret.
2273 4537 2402 4592 Utro
2440 4545 2618 4590 autetn
2663 4534 2824 4588 modo
2849 4533 3034 4603 egerit,
3083 4533 3292 4586 nonnisi
3341 4533 3625 4587 divinando

2041 4630 2254 4699 assequi
2283 4643 2583 4700 possumus.

2114 4722 2169 4778 ln
2200 4722 2302 4776 hoc
2330 4731 2474 4775 certe
2501 4717 2892 4773 Commentario
2917 4716 3329 4788 Chrysostomus
3359 4717 3514 4786 longe
3539 4732 3624 4770 ae-

2042 4817 2278 4872 cnratius
2305 4814 2559 4884 apostolis
2583 4813 2722 4868 dicta
2752 4811 2993 4881 explorat
3021 4821 3078 4866 et
3105 4811 3356 4881 explicnt,
3385 4826 3541 4881 quam
3571 4811 3622 4866 in

2045 4911 2224 4965 multis
2250 4909 2368 4964 aliis
2398 4907 2629 4962 homiliis
2669 4916 2722 4961 et
2747 4906 3164 4961 commentariis.
3198 4904 3486 4958 Anomoeos
3516 4919 3629 4957 nom

2043 5002 2208 5056 semel
2237 5001 2448 5072 egregie
2489 4998 2710 5062 refellit,
2746 5014 2949 5051 necnon
2983 4995 3346 5051 Marcionistas
3371 5004 3425 5049 et
3453 4993 3620 5049 Mani-

2042 5097 2220 5150 cha-os
2261 5114 2276 5149 :
2320 5104 2503 5150 contra
2550 5095 2910 5148 Antiochenos
2955 5091 3150 5145 multos
3195 5089 3490 5154 declamat,
3535 5091 3626 5158 qui

2043 5185 2292 5243 .Irdaieos
2321 5187 2454 5242 ritus
2484 5187 2840 5241 sectabantur.
2875 5185 3024 5238 Alios
3058 5185 3216 5239 etiam
3245 5184 3473 5252 exagitat
3497 5222 3514 5248 ,
3538 5183 3629 5250 qui

2044 5284 2141 5336 sibi
2170 5283 2339 5336 virilia
2367 5281 2728 5351 amputabant,
2754 5295 2912 5346 quem
2941 5293 3144 5332 morem
3173 5276 3394 5332 innuere
3421 5275 3629 5330 videtur

2042 5393 2076 5432 a
2105 5376 2408 5431 Manu-basis
2438 5376 2700 5428 invectum
2734 5372 2918 5426 fuisse.

2115 5479 2258 5522 Inter
2285 5467 2562 5522 selectiora
2592 5465 2826 5518 doctoris
2855 5463 3020 5516 nostri
3054 5460 3137 5532 (Τ.
3170 5462 3255 5528 Η,
3282 5461 3446 5529 initio)
3469 5459 3630 5512 Cont-

2043 5561 2297 5616 mentaria
2314 5559 2518 5614 censeri
2537 5557 2732 5612 debent
2749 5557 2986 5610 Homilize
3005 5556 3055 5608 itt
3077 5555 3362 5622 Epistulam
3378 5554 3440 5606 ad
3463 5550 3630 5618 Ephe-

2045 5655 2174 5717 sios,
2209 5663 2316 5707 tum
2344 5654 2464 5720 quia
2497 5651 2546 5704 itt
2579 5650 2660 5703 his
2691 5664 2775 5703 res
2806 5647 3019 5703 uberius
3045 5647 3292 5716 expendit
3318 5685 3330 5704 ,
3364 5650 3472 5694 ttnn
3504 5641 3626 5709 quia

2047 5745 2210 5798 multa
2247 5751 2301 5798 et
2329 5739 2613 5807 singularia
2649 5738 2842 5808 passim
2873 5737 3067 5791 indicat
3090 5776 3104 5800 ,
3144 5751 3258 5803 qua:
3300 5732 3501 5799 possint
3539 5738 3629 5782 aut

2043 5837 2108 5892 ad
2139 5837 2346 5892 beatam
2375 5841 2463 5890 aut
2499 5832 2562 5888 ad
2604 5833 2850 5888 miseram
2882 5829 3038 5883 vitam
3080 5841 3183 5879 non
3227 5836 3408 5892 parum
3438 5813 3630 5874 ἔκπεσε
