4110 6148
493 445 594 502 166

489 555 761 612 momenti.
800 549 1089 607 Antiochia:
1118 556 1290 600 autem
1323 545 1526 600 habitas
1568 544 1727 598 fuisse
1771 545 1820 599 in
1851 542 2047 597 Prefa-

490 649 634 701 tione
666 646 939 710 probatum
968 648 1070 694 est.

558 734 774 789 Orditur
801 739 973 784 autem
1004 728 1072 783 ab
1099 726 1305 796 Epheso
1327 727 1473 790 urbe,
1501 741 1656 794 quam
1690 735 1744 779 ut
1771 726 1909 778 Asize
1937 739 2050 778 me-

488 823 716 892 trOpolin
745 819 995 876 celebrat.
1027 819 1472 872 Antioehcuorum
1501 830 1688 884 pravos
1714 831 1885 869 mores
1912 813 2054 868 inse-

484 925 695 979 etatur,
725 928 818 966 eos
843 925 972 964 vero
998 909 1223 962 maxime
1245 949 1260 973 ,
1291 909 1377 976 qui
1403 907 1469 960 ab
1493 905 1717 960 ethnicis
1744 913 1798 958 et
1835 903 2052 957 idolola-

487 1006 583 1058 tris
617 1010 1014 1074 promanarant,
1046 1012 1102 1056 ut
1135 1009 1305 1053 sortes
1346 1009 1397 1052 et
1435 996 1841 1058 incantationes,
1890 995 2048 1046 fatum

485 1096 646 1147 etiam
697 1104 747 1147 et
796 1089 1311 1160 metempsychosiu;
1358 1087 1705 1156 dicebantque
1751 1085 1825 1140 illi
1874 1085 2048 1138 omnia

483 1177 632 1238 nulla
650 1197 757 1251 gert
779 1179 1100 1250 providentia
1120 1195 1134 1244 ;
1159 1177 1245 1232 alii
1273 1191 1397 1230 vero
1423 1175 1578 1232 deum
1599 1189 1720 1231 esse
1739 1188 1930 1241 corpus
1953 1173 2050 1226 im-

487 1287 624 1342 pune
638 1271 961 1325 asserebant.
979 1268 1052 1323 De
1070 1267 1335 1327 ominibus
1351 1275 1523 1321 autem
1539 1276 1591 1320 et
1609 1263 1871 1334 pnesagiis
1888 1263 2050 1316 multa

485 1361 684 1434 pmfert
698 1361 914 1416 omnino
930 1359 1231 1428 singularia.
1257 1358 1408 1411 Hom.
1430 1356 1632 1410 decima
1649 1354 1774 1408 dicit
1793 1357 2050 1420 ἀγάλματα

485 1466 576 1504 seu
597 1449 789 1516 ﬁguras
814 1447 896 1502 vel
925 1448 1178 1516 imagines
1208 1447 1260 1498 in
1275 1446 1496 1500 ecclesia
1525 1459 1665 1509 esse,
1701 1459 1872 1512 neque
1903 1444 2048 1512 plura

486 1538 663 1608 adjicit
705 1538 758 1592 in
797 1552 882 1601 re,
915 1552 1071 1605 quam
1109 1535 1275 1605 magis
1319 1518 1609 1601 ettpensaitt
1648 1533 1806 1586 fuisse
1833 1531 2045 1586 vellem.

483 1630 772 1684 llzet'eticos
819 1629 1010 1698 passim
1059 1629 1318 1696 exagitant,
1366 1625 1718 1685 Marcionem,
1765 1624 2044 1689 Manetcm,

488 1719 843 1784 Valentinum,
873 1720 1127 1774 Catharos
1153 1734 1244 1773 seu
1274 1717 1621 1781 Novatianos,
1647 1715 1826 1769 Arium
1853 1715 1904 1768 itt
1929 1731 2046 1768 om-

483 1811 637 1864 nibus
669 1826 802 1878 pene
825 1795 1200 1871 concibnibus,
1233 1807 1466 1876 aliosque
1491 1807 1648 1860 etiam
1679 1805 1972 1860 haereticos.

555 1903 810 1956 llomilias
835 1915 1044 1970 quoque
1072 1901 1122 1951 in
1161 1898 1424 1966 Epistolas
1449 1898 1578 1950 duas
1606 1895 1703 1968 (T.
1733 1895 1882 1954 H.c.
1909 1900 2046 1965 499)

481 1992 548 2046 ad
577 1991 908 2046 Timotheum
956 1999 1196 2059 putamus
1239 2003 1367 2053 nos,
1401 1987 1536 2040 haud
1585 1987 1784 2041 levibus
1823 1988 2046 2056 permoti

482 2081 776 2138 rationibus
796 2121 811 2145 ,
841 2079 1131 2134 Antiochia:
1161 2077 1365 2133 habitas
1384 2119 1399 2144 ,
1449 2085 1506 2129 ut
1532 2076 1708 2130 videas
1747 2076 1798 2129 in
1829 2077 2046 2131 Monito.

479 2173 537 2228 ltt
573 2171 652 2226 his
679 2187 806 2226 vero
829 2170 1198 2234 concionilms,
1241 2168 1364 2222 licet
1392 2168 1591 2237 aliquot
1632 2167 1683 2220 in
1711 2167 1841 2221 locis
1877 2168 2046 2235 negli-

479 2268 689 2334 gentlus
733 2279 889 2334 agere
932 2272 985 2317 et
1029 2277 1421 2330 nonnumquam
1451 2260 1571 2312 vilia
1615 2274 1713 2312 nec
1755 2272 2046 2312 memoratu

480 2361 634 2428 digna
662 2367 883 2411 tractare
910 2356 1170 2419 videatur,
1203 2355 1394 2422 passim
1425 2364 1602 2408 tamen
1627 2368 1815 2407 avaros
1835 2394 1849 2417 ,
1878 2363 1930 2407 et
1955 2368 2047 2406 eos

477 2449 566 2518 qui
606 2447 872 2502 facultatis
914 2447 1163 2517 augenda:
1189 2447 1364 2502 studio
1399 2457 1711 2500 ceterorum
1750 2445 1887 2500 bena
1915 2445 2046 2498 diri-

479 2553 605 2608 pere
655 2539 996 2607 satagebant,
1025 2539 1234 2607 egregie
1271 2537 1438 2604 carpit
1471 2547 1531 2590 et
1570 2537 1886 2599 insectatur,
1918 2550 2044 2588 nus-

476 2645 633 2698 quam
674 2631 831 2682 linem
864 2627 985 2682 facit
1013 2628 1296 2696 impetendi
1329 2642 1542 2696 :neque
1568 2627 1728 2680 alium
1757 2625 1870 2694 ejus
1897 2641 2045 2680 com-

474 2719 789 2772 mentarium
817 2719 1032 2784 videas,
1076 2718 1161 2771 ubi
1203 2717 1325 2771 huic
1363 2717 1656 2770 atnovendo
1687 2718 1828 2770 malo
1865 2733 2042 2785 parem

471 2810 815 2878 lttsumpserit
836 2824 1070 2880 operam.
1115 2808 1264 2864 Unde
1295 2810 1487 2864 inferas
1517 2818 1715 2878 pestem
1758 2809 1898 2862 illattt
1931 2826 2045 2862 tua-

471 2899 684 2955 navisse
723 2899 774 2953 in
817 2900 934 2955 dies
981 2900 1175 2965 latius;
1225 2900 1520 2968 multosque
1559 2909 1684 2963 tunc
1723 2899 1920 2964 fuisse,
1956 2902 2042 2969 qui

470 2992 693 3049 ttliorum
724 2991 1001 3059 dispendio
1043 3006 1154 3045 rem
1187 3006 1336 3044 suam
1367 3005 1558 3059 augere
1603 2991 1913 3056 studerent,
1947 3009 2044 3043 no-

473 3097 671 3152 \‘05qlle
699 3081 1046 3137 insurr'cxisse
1066 3083 1322 3150 quotidie,
1347 3083 1433 3151 qui
1456 3080 1554 3136 hac
1574 3075 1858 3154 cupiditate
1883 3083 2040 3154 capti,

471 3176 526 3230 in
553 3173 776 3228 aliorum
806 3187 935 3240 epes
963 3173 1274 3226 involarent.

540 3249 956 3334 Eratque-aliud
1003 3264 1170 3318 morbi
1215 3279 1414 3335 genus,
1457 3265 1622 3335 magis
1665 3265 2039 3336 periculosum,

467 3360 607 3428 quod
635 3369 758 3412 tunc
791 3359 945 3412 latius
982 3359 1339 3427 grassabatur.
1381 3357 1826 3426 Prasstigiatorum
1852 3373 2042 3427 nempe

465 3463 755 3516 eorumque
772 3451 861 3517 qui
890 3450 995 3500 fato
1015 3458 1069 3502 et
1091 3449 1272 3517 genesi
1295 3463 1389 3504 seu
1416 3449 1838 3518 genethlialogia:
1861 3449 2038 3503 omnia

466 3537 794 3599 tribuebant,
839 3538 1325 3607 praistigiarumque
1365 3552 1560 3606 genera
1601 3541 1776 3590 omnia
1819 3537 2038 3592 induce-

469 3632 616 3691 baut,
639 3643 860 3697 quarum
885 3627 1098 3680 nomina
1119 3627 1197 3682 sic
1222 3627 1310 3680 ille
1337 3637 1576 3680 recenset
1601 3628 1650 3679 in
1681 3628 1783 3682 line
1811 3628 2038 3682 homilia:

468 3718 688 3772 decima:
737 3734 754 3773 :
795 3717 913 3770 Alia
959 3717 1100 3770 mitto
1145 3717 1328 3787 grandi
1375 3715 1512 3769 luctu
1559 3717 1744 3785 digna,
1790 3718 2032 3787 auguria,

467 3813 703 3868 vaticinia
722 3852 738 3877 ,
769 3811 1132 3865 observationes
1153 3851 1165 3872 ,
1204 3809 1420 3880 genesim
1444 3851 1457 3872 ,
1488 3811 1744 3879 symbolo,
1774 3811 2032 3879 ligamina,

467 3903 815 3967 divinationes,
847 3901 1202 3954 incantationes
1224 3941 1236 3960 ,
1276 3899 1520 3969 magicam
1547 3910 1724 3955 artem.
1761 3902 1881 3955 lltec
1915 3917 2033 3955 om-

468 3995 550 4048 nia
583 3993 684 4046 isto
715 4002 952 4062 tempore
978 3995 1044 4045 ita
1073 3993 1474 4054 exercebantur,
1512 4000 1567 4045 ut
1599 4008 1852 4062 nusquam
1885 4009 2030 4063 repe-

466 4087 572 4140 rias
615 4086 758 4140 illum
790 4097 893 4139 tam
934 4083 1236 4152 frequenter
1280 4084 1519 4138 morbunt
1562 4083 1860 4152 bujusmodi
1895 4085 2028 4139 inse-

465 4187 720 4232 ctatttcm.

537 4270 704 4322 Aliam
745 4283 956 4338 quoque
991 4283 1101 4322 rem
1136 4268 1468 4338 aggreditur,
1496 4285 1612 4339 qua:
1645 4279 1765 4324 tunc
1789 4271 2032 4341 serpebat

469 4362 521 4413 in
549 4358 789 4414 ecclesiae
814 4359 1084 4424 damnum,
1114 4359 1252 4430 quod
1285 4376 1473 4432 nempe
1499 4362 1726 4429 virgines
1756 4363 1860 4416 Deo
1887 4365 2030 4416 dica-

465 4461 534 4507 ta:
564 4452 785 4505 restium
812 4450 976 4507 cultui
1000 4451 1173 4505 nimis
1201 4451 1508 4513 studerent,
1553 4463 1606 4505 et
1640 4467 1706 4508 ex
1736 4454 1941 4508 incessu
1979 4463 2032 4508 et

466 4553 652 4603 ornatu
675 4543 800 4598 viris
819 4543 1028 4614 placere
1057 4552 1328 4613 copercnt.
1357 4544 1491 4612 Quid
1521 4545 1641 4600 inde
1660 4545 1836 4599 damni
1859 4561 2030 4600 emer-

463 4649 645 4688 surnm
692 4643 870 4700 esset,
917 4650 1035 4689 cum
1085 4636 1197 4704 ipse
1241 4636 1478 4705 pluribus
1522 4639 1871 4706 persequitur,
1920 4647 2026 4690 tum

464 4726 626 4779 etiam
655 4727 827 4795 quivis
850 4728 1026 4782 statim
1057 4725 1453 4796 deprehendere
1482 4729 1664 4796 possit.

538 4817 792 4872 llomilias
833 4817 992 4871 etiam
1045 4817 1095 4870 itt
1143 4817 1430 4886 Epistolam
1479 4818 1544 4870 ad
1589 4817 1764 4872 Titum
1814 4817 1908 4887 (T.
1945 4819 2026 4872 Il.

467 4924 514 4964 ι.
542 4903 683 4975 651)
714 4903 1005 4959 Antiochia:
1045 4904 1212 4959 dictas
1251 4905 1408 4959 fuisse
1439 4907 1694 4976 probatur
1731 4925 1794 4962 es
1822 4909 1884 4963 iis
1911 4924 2028 4978 quae

460 4996 873 5064 Ultrysostomus
899 4993 972 5048 ait
1006 4992 1150 5047 hom.
1167 4998 1220 5060 3,
1243 5011 1387 5047 nunt.
1413 4996 1448 5049 2
1477 5015 1490 5048 :
1522 4995 1658 5058 Quid
1684 5000 1815 5052 enim
1839 4999 1902 5052 de
1927 5002 2028 5054 illis

461 5083 650 5140 dixeris
670 5121 685 5146 ,
715 5082 918 5153 inquit,
955 5083 1038 5152 qui
1063 5099 1178 5137 cant
1203 5082 1398 5139 Judaris
1416 5084 1655 5153 jejunant
1675 5128 1689 5149 ,
1716 5091 1799 5156 qui
1824 5099 2028 5143 sacoma

459 5181 658 5228 servant
680 5171 708 5227 ἒ
743 5172 806 5227 de
845 5173 907 5227 iis
943 5173 1030 5243 qui
1071 5171 1138 5226 ad
1179 5186 1463 5228 consecrata
1491 5175 1582 5228 illa
1621 5176 1732 5230 loca
1776 5191 2028 5250 pergant;

454 5265 507 5319 in
559 5261 840 5334 Daphnen,
885 5263 1107 5332 inquatit,
1154 5273 1303 5333 atque
1345 5265 1397 5318 in
1442 5265 1730 5332 speluncam
1777 5267 2029 5324 Matrona:

454 5359 681 5418 dictam,
719 5353 774 5410 in
813 5355 978 5410 locum
1016 5355 1158 5410 illum
1203 5355 1394 5413 Cilicia
1429 5356 1641 5413 Saturni
1677 5359 2028 5430 appellatum?

454 5445 708 5515 quomodo
736 5447 812 5502 illi
852 5447 965 5502 sani
987 5447 1146 5506 sunt?
1183 5446 1308 5503 Ideo
1337 5451 1694 5505 vehementiore
1722 5457 1874 5524 plaga
1901 5469 2026 5526 Opus

461 5536 660 5591 habent.
710 5535 836 5594 llaec
877 5539 989 5595 loca
1037 5538 1282 5609 Daphnes
1318 5549 1372 5596 et
1397 5541 1650 5612 spelunca
1679 5543 1929 5602 Matrona:
1972 5547 2024 5602 in

461 5628 755 5684 Antiochiae
783 5629 1048 5684 suburbiis
1075 5641 1245 5686 erant.
1277 5631 1454 5704 Pergit
1494 5645 1674 5704 postea
1702 5634 2024 5710 Cbrysosto-

462 5731 612 5784 mus,
654 5726 708 5772 et
734 5718 986 5775 adversus
1027 5734 1153 5785 eos,
1183 5720 1273 5792 qui
1313 5720 1562 5777 Judaieos
1601 5724 1732 5780 ritus
1763 5726 1814 5781 in
1857 5729 2024 5797 pretio

459 5803 716 5869 haberent
744 5809 807 5866 ad
837 5811 997 5869 tinem
1028 5826 1191 5881 usque
1221 5812 1490 5868 concionis.
1514 5812 1777 5874 edisserit.
1949 5805 1952 5818 ’

1607 434 1661 488 S.
1705 431 1978 490 ιοιΝΝιε
2015 427 2484 485 CllltYSOSTOlll
2529 430 2701 498 \‘lTA,

3623 433 3721 495 ιιι

2229 541 2283 595 In
2311 540 2455 595 hisce
2479 540 2710 595 borniliis
2731 539 2844 608 plus
2869 541 3027 596 stadii
3053 549 3104 595 et
3131 539 3415 612 diligentia:
3442 541 3724 611 observes,

2157 650 2311 702 quam
2345 634 2394 687 in
2427 633 2604 687 multis
2642 633 2794 698 aliis,
2837 632 3013 686 omnia
3057 631 3144 688 ille
3173 633 3338 687 fusius
3366 637 3723 704 prosequitur.

2157 722 2310 777 Initio
2352 723 2520 777 tertire
2563 721 2792 776 homilia:
2833 721 2900 776 de
2938 721 3273 778 Cretensium
3304 724 3445 778 vitiis
3489 723 3727 793 pluribus

2155 815 2292 883 agit,
2337 826 2386 869 et
2434 815 2483 868 in
2515 817 2717 884 quinta,
2761 823 2818 868 ut
2861 814 2912 868 in
2953 822 3146 883 quanta
3187 813 3387 869 scelera
3417 812 3726 872 Graecorum

2153 904 2485 958 celeberrimi
2529 905 2654 957 olim
2696 903 3034 974 proruperint
3060 913 3471 968 commonstret,
3514 905 3724 960 illorum

2158 993 2407 1048 historias
2434 993 2604 1048 tacitis
2627 993 2927 1048 nominibus
2954 993 3184 1047 breviter
3207 993 3463 1062 decerpit.
3490 994 3544 1048 In
3573 1005 3723 1050 sexta

2155 1085 2370 1139 ttomilia
2403 1085 2470 1140 de
2497 1084 2704 1140 duobus
2731 1084 3074 1148 Christianis,
3114 1083 3203 1159 qui
3231 1099 3326 1152 pro
3349 1084 3561 1140 Christo
3590 1072 3702 1140 mar

2155 1174 2348 1245 tyrium
2381 1173 2625 1242 subiere,
2673 1175 2844 1230 tacitis
2884 1173 3044 1229 etiam
3088 1173 3390 1230 nominibus
3431 1176 3532 1245 agit
3567 1190 3729 1246 :qua

2156 1266 2369 1322 historia
2400 1267 2582 1323 nescio
2607 1283 2674 1321 an
2704 1267 2906 1337 uSpiam
2936 1265 3060 1320 alibi
3093 1265 3409 1336 reperiatur.

2227 1355 2497 1410 Nectarius
2525 1355 2699 1426 Episc.
2723 1355 2781 1410 C.
2809 1353 2871 1408 Ρ.
2897 1355 3126 1408 moritur.
3156 1384 3227 1395 —
3252 1355 3480 1410 Tantum
3519 1354 3728 1413 dicendi

2153 1447 2440 1512 artiticem,
2481 1448 2569 1516 qui
2601 1463 2705 1501 non
2749 1448 2923 1500 minus
2954 1446 3146 1516 pietate
3183 1455 3339 1516 atque
3367 1447 3492 1501 vita:
3526 1449 3729 1501 sancti-

2155 1538 2330 1592 monia
2356 1578 2372 1604 ,
2419 1553 2577 1608 quam
2629 1537 2868 1592 facundia
2894 1577 2910 1604 ,
2956 1537 3209 1607 pepulum
3250 1538 3636 1592 Antiochenam
3673 1546 3731 1593 et

2152 1629 2419 1684 auditores
2454 1644 2642 1684 omnes
2683 1628 2782 1682 sibi
2826 1628 3175 1695 devinxerat,
3220 1629 3401 1682 nuntia
3449 1629 3584 1683 fama
3627 1645 3731 1701 per

2152 1719 2422 1774 Orientem
2467 1729 2631 1773 totunt
2674 1719 3006 1773 notissimum
3053 1717 3274 1773 fecerat.
3316 1719 3520 1774 Accidit
3549 1731 3727 1775 autem

2153 1819 2209 1863 ut
2235 1808 2527 1875 Nectar-ius,
2557 1809 2644 1879 qui
2671 1824 2811 1863 anno
2840 1809 2936 1863 381
2964 1808 3224 1878 Gregorio
3251 1807 3580 1864 Nazianzcno
3605 1825 3728 1864 suc-

2150 1908 2403 1963 cesserat,
2437 1900 2824 1969 episcopusque
2848 1898 3462 1966 Constantinopolitanus
3489 1901 3728 1955 adiectus

2151 1988 2341 2053 fuerat,
2383 2005 2524 2042 anno
2565 1989 2688 2054 397,
2735 1988 2822 2043 die
2858 1989 2922 2044 l7
2965 1989 3313 2057 Septembris,
3358 1990 3462 2043 vita
3493 1989 3726 2057 functus,

2151 2081 2332 2134 sedem
2365 2095 2636 2136 vacantem
2682 2082 3006 2149 relinqueret
3051 2080 3300 2151 (Pallad.
3331 2099 3381 2150 p.
3408 2083 3536 2153 42).
3579 2083 3728 2139 Tunc

2153 2172 2339 2238 mulli,
2367 2173 2454 2241 qui
2498 2180 2656 2226 tanta:
2696 2171 3016 2248 occupanda:
3055 2171 3197 2226 sedis
3223 2173 3508 2240 cupiditate
3535 2173 3727 2244 flagra-

2153 2265 2311 2328 bant,
2362 2264 2489 2317 nihil
2521 2280 2625 2318 non
2662 2274 2883 2334 egerunt
2913 2275 2969 2318 ut
2997 2274 3233 2332 Optatam
3277 2277 3725 2335 assequerentur;

2153 2355 2239 2409 alii
2273 2355 2663 2423 magistratibus
2693 2354 2968 2409 adulantes
2990 2397 3002 2418 ,
3033 2356 3120 2410 alii
3147 2357 3302 2410 donis
3333 2372 3395 2412 ac
3424 2360 3730 2415 muneribus

2150 2445 2421 2509 adhibitis,
2447 2445 2533 2498 alii
2563 2447 2736 2516 populi
2763 2447 2982 2510 gratiam
3003 2456 3274 2514 captantes
3302 2457 3459 2516 atque
3481 2449 3531 2502 in
3555 2465 3726 2520 genua

2150 2537 2584 2607 procumbentes,
2608 2537 2898 2606 presbyteri,
2931 2537 3101 2605 inquit
3128 2537 3410 2601 Palladius,
3438 2556 3535 2593 non
3558 2557 3730 2594 εσθαι-ο

2150 2628 2288 2680 dolio
2315 2637 2528 2693 tantum,
2561 2628 2648 2680 sed
2673 2627 2820 2680 etiam
2845 2627 2938 2679 viri
2965 2628 3164 2680 nomine
3190 2628 3403 2697 indigni.
3433 2631 3500 2683 At
3527 2628 3726 2684 Ortho-

2147 2719 2404 2774 tloxorum
2433 2735 2557 2789 pars
2582 2719 2841 2773 sincerior
2863 2718 3236 2786 imperatorem
3261 2721 3456 2775 obnixe
3481 2723 3725 2791 rogabat,

2151 2811 2238 2863 tali
2283 2811 2498 2879 dignum
2528 2811 2726 2880 gradu,
2756 2818 2811 2864 et
2854 2811 2903 2863 iu
2949 2811 3108 2887 rebus
3148 2811 3340 2864 divinis
3369 2816 3591 2881 peritum
3625 2815 3728 2870 sibi

2151 2901 2430 2967 irresulem
2479 2901 2844 2957 constitueret.
2909 2900 3195 2968 EutrOpius
3245 2917 3373 2955 vero
3424 2903 3729 2970 eunuchus,

2151 2991 2469 3060 l’razpositus
2497 2991 2632 3044 sacri
2661 2989 2921 3054 cubiculi,
2955 2992 3043 3060 qui
3077 3005 3338 3046 summam
3370 3007 3544 3046 rerum
3577 3002 3733 3048 tene-

2149 3081 2258 3146 bat,
2287 3081 2544 3136 Joannem
2577 3090 2813 3134 nostrum
2839 3081 3225 3136 Antiorltenum
3253 3083 3582 3138 sacerdotem
3618 3099 3725 3140 cae-

2150 3174 2276 3226 teris
2324 3172 2574 3227 anteferri
2607 3172 2932 3240 peroiuabat.
2981 3172 3108 3225 Cum
3150 3173 3290 3226 enim
3324 3173 3470 3226 illum
3512 3173 3722 3242 imperii

2146 3265 2354 3332 negotia
2400 3263 2450 3316 in
2507 3263 2808 3316 interiorem
2852 3263 3084 3317 Orientis
3134 3273 3332 3329 partem
3381 3275 3718 3332 erocassent,

2143 3352 2402 3408 Joannem
2441 3352 2733 3406 Antiochia:
2775 3353 2999 3417 viderat,
3040 3367 3101 3407 ea
3146 3353 3360 3419 virtute,
3403 3354 3467 3408 iis
3503 3355 3720 3413 dotibus

2143 3447 2452 3516 prnditum,
2489 3460 2606 3515 quae
2632 3455 2775 3499 tanto
2804 3445 3128 3513 capessendo
3153 3446 3357 3500 muneri
3389 3461 3568 3515 parent
3596 3447 3720 3503 red-

2141 3540 2348 3593 derent.
3267 3589 3290 3608 ι
3548 3549 3555 3558 ’

2211 3629 2470 3696 Quoniam
2507 3642 2634 3680 vero
2675 3626 2961 3680 timendum
3005 3625 3222 3680 omnino
3265 3636 3406 3693 erat,
3438 3644 3504 3683 ne
3530 3629 3719 3685 Antio-

2138 3719 2340 3774 chenns
2367 3719 2609 3786 populus,
2638 3717 2728 3785 qtti
2757 3717 2945 3771 Joanni
2974 3733 3095 3771 vere
3122 3718 3504 3790 Chrysostomo
3527 3720 3717 3775 admo-

2139 3812 2264 3864 dum
2295 3811 2536 3863 addictus
2573 3819 2722 3875 erat,
2757 3810 2898 3864 illum
2925 3810 3022 3863 sibi
3054 3810 3224 3880 abripi
3254 3825 3394 3879 aegre
3425 3820 3714 3880 pateretur,

2138 3919 2272 3958 neve
2317 3903 2369 3956 in
2414 3902 2650 3956 discessu
2689 3902 2802 3970 ejus
2851 3902 3104 3956 tumultus
3151 3903 3542 3967 coacitaretur;
3591 3919 3714 3957 cum

2135 3997 2294 4049 etiam
2330 4010 2432 4048 non
2471 3995 2643 4047 minus
2675 3994 3012 4048 metuendum
3049 4003 3216 4053 esset.
3252 4011 3316 4047 ne
3342 3995 3572 4051 Joannes
3601 3997 3716 4064 ipse

2138 4095 2283 4142 tanto
2307 4101 2366 4146 se
2394 4085 2560 4154 gradu
2601 4085 2869 4154 indignum
2911 4085 3101 4154 putans
3121 4127 3134 4148 ,
3164 4087 3585 4156 subterfugeret;
3631 4089 3714 4143 his

2139 4181 2465 4250 prospiciens
2492 4181 2772 4250 Eutropius
2817 4180 3128 4252 Imperatori
3178 4195 3361 4236 auctor
3403 4186 3527 4248 fuit,
3561 4195 3617 4239 ut
3645 4186 3712 4240 ad

2135 4273 2392 4328 Comitem
2418 4271 2652 4327 Orientis
2686 4273 2972 4336 scriberet,
3005 4273 3255 4343 illumque
3280 4275 3493 4343 juberet
3523 4278 3712 4331 Antio-

2135 4362 2308 4419 chiam
2337 4363 2594 4431 proﬁcisci
2618 4403 2632 4425 ,
2661 4372 2718 4417 ut
2745 4372 2859 4418 arte
2883 4364 3109 4431 quadam
3137 4365 3394 4419 JOannem
3424 4369 3539 4428 sine
3567 4377 3712 4424 stre.

2137 4454 2245 4522 pitu
2272 4462 2549 4519 evocaret,
2595 4455 2872 4524 ipsumque
2896 4455 3404 4526 Constantinopolim
3454 4461 3707 4516 mitteret.

2133 4543 2325 4600 Comes
2353 4545 2567 4610 statim,
2596 4547 2828 4615 acceptis
2861 4547 3026 4600 literis
3045 4589 3060 4612 ,
3096 4547 3356 4602 Joannem
3387 4551 3626 4605 hortatur
3652 4561 3711 4608 ut

2132 4645 2281 4690 extra
2327 4637 2592 4693 civitatem
2636 4638 2702 4692 ad
2750 4640 3016 4710 martyria.
3047 4655 3106 4694 se
3147 4640 3409 4696 conferat.
3466 4644 3543 4697 Eo
3585 4659 3708 4696 cum

2134 4729 2365 4782 venisset
2393 4729 2518 4782 nihil
2543 4729 2791 4784 dubitans
2815 4729 3068 4797 Joannes,
3091 4732 3243 4785 militi
3265 4734 3472 4788 cuidam
3499 4734 3561 4786 ad
3586 4749 3704 4788 eam

2135 4834 2244 4872 rem
2276 4821 2438 4874 misso
2466 4820 2709 4883 traditur,
2738 4831 2792 4875 et
2811 4822 2992 4877 rbedte
3017 4825 3242 4894 publica:
3273 4825 3550 4895 impositus
3569 4826 3709 4880 (Jou-

2133 4910 2531 4980 sL'tntinopolim
2558 4911 2856 4976 adducitur.

2205 5003 2300 5058 llto
2326 5013 2543 5059 venerat
2580 5005 2645 5059 ad
2687 5005 2944 5060 Joannem
2985 5007 3340 5063 ordinandum
3379 5007 3710 5078 Theophilus

2133 5092 2520 5149 Alexandrinus
2547 5095 2740 5163 praesul
2761 5138 2776 5160 ,
2807 5097 2966 5150 homo
2994 5097 3143 5152 vafer
3167 5107 3222 5152 et
3244 5099 3492 5165 callidus,
3521 5101 3608 5168 qui
3637 5115 3704 5156 ex

2133 5197 2348 5256 aspectu
2372 5185 2488 5239 solo
2512 5185 2784 5242 hominum
2815 5189 3034 5245 consilia
3062 5199 3116 5245 et
3147 5190 3339 5257 ingenii
3360 5191 3514 5246 dotes
3544 5209 3707 5245 nove-

2133 5285 2232 5330 rat.
2265 5275 2314 5329 ls
2345 5286 2618 5347 perspecta
2647 5277 2865 5334 Joannis
2895 5281 3139 5349 loquendi
3167 5281 3428 5348 libertate,
3455 5293 3691 5336 constan-

2134 5369 2238 5431 tia,
2273 5367 2485 5428 virtute,
2533 5369 2703 5438 ipsum
2733 5371 2868 5424 votis
2913 5371 3023 5425 suis
3068 5387 3171 5426 non
3218 5372 3706 5442 obtemperaturum

2131 5473 2250 5515 esse
2292 5461 2652 5532 prospiciens;
2687 5463 2974 5531 imperandi
3015 5464 3156 5518 enim
3200 5465 3447 5534 cupidine
3491 5466 3703 5520 teneba-

2134 5558 2253 5614 tur;
2295 5550 2412 5620 ejus
2452 5551 2770 5608 ordinationi
2808 5554 3122 5610 obsistebat.
3164 5553 3388 5612 lit-vero
3416 5556 3515 5610 sibi
3548 5555 3700 5608 obse-

2132 5648 2380 5709 quentem
2409 5641 2461 5696 in
2493 5639 3074 5714 Constantinopolitana
3113 5644 3242 5700 sede
3263 5646 3570 5717 episcopum
3609 5644 3700 5698 ha-

2130 5729 2280 5786 beret
2317 5731 2487 5800 (borr.
2518 5736 2555 5786 ι.
2578 5734 2629 5789 6.
2657 5749 2704 5787 c.
2725 5734 2835 5803 2),
2865 5735 3123 5790 lsidorum
3157 5737 3407 5792 Ecclesiae
3442 5751 3553 5791 sua:
3584 5751 3700 5804 pre-

2137 5821 2403 5894 sbyterum
2426 5865 2438 5890 ,
2471 5840 2623 5895 quem
2647 5823 2732 5884 ille
2751 5823 2977 5881 Nectarii
2996 5840 3361 5886 successorem
3384 5825 3706 5891 destinabat,
