4110 6148
332 408 340 419 ,
1069 423 1071 425 .

324 452 815 524 Coustautinepoliu
857 456 1038 522 misit,
1080 463 1389 518 muneribus
1430 464 1737 536 lmperatori
1767 472 1899 529 olle-

324 541 502 598 rendis
529 543 775 613 binisque
802 545 970 602 literis
1011 549 1346 608 instructum.
1383 555 1574 614 Verum
1600 559 1789 618 Lector
1812 567 1898 634 qui

321 636 491 702 ipsum
550 638 942 705 comitabatur,
990 640 1171 698 literas
1215 647 1350 700 clam
1406 651 1700 721 surripuit,
1750 657 1900 725 queis

323 733 486 778 totum
512 725 794 795 Theophili
820 732 1145 798 prepositum
1173 734 1560 794 deelarabatur.
1589 742 1665 797 Ea
1694 760 1752 798 re
1781 763 1900 815 per-

325 817 530 876 territus
563 815 830 883 Isidorus,
867 819 1010 874 illico
1052 823 1254 892 aufugit
1291 827 1685 886 Alexandriam.
1719 834 1898 890 Theo-

323 905 490 973 philus
515 916 696 960 autent
725 924 846 962 cum
869 909 1364 986 ConstantinOpulin
1390 922 1642 989 venisset,
1667 941 1695 977 a
1718 927 1898 982 multis

322 997 701 1064 accusabatur,
750 1000 838 1069 qui
893 1001 1104 1059 libellos
1154 1008 1296 1062 varia
1349 1011 1569 1066 erimina
1617 1015 1898 1072 ell'erentes

319 1085 609 1154 episcopis,
653 1089 742 1156 qui
791 1098 914 1144 tunc
958 1095 1201 1161 aderant,
1245 1097 1558 1156 offerebant.
1612 1105 1897 1175 Eutropius

312 1185 558 1240 acceptos
606 1177 818 1233 libellos
863 1180 1159 1251 Theophilo
1207 1190 1480 1255 ostendit,
1531 1194 1727 1264 eligere
1770 1213 1894 1252 cum

303 1264 502 1335 jubens
549 1279 723 1323 utrum
771 1272 977 1339 mallet,
1025 1275 1357 1337 Joanuetnue
1403 1284 1673 1352 ordinare,
1717 1303 1785 1342 an
1829 1291 1897 1345 de

307 1358 622 1414 criminibus
659 1361 758 1416 sibi
786 1362 1009 1433 objectis
1033 1367 1288 1437 judicium
1315 1374 1512 1432 subire.

375 1446 467 1500 lo.
501 1448 758 1519 Chrysost.
782 1451 1066 1526 Episcopus
1091 1459 1152 1513 C.
1178 1458 1245 1512 Ρ.
1267 1464 1547 1519 ordinatur.
1569 1496 1640 1509 -~
1658 1469 1750 1522 llis
1775 1486 1896 1539 per-

306 1538 622 1596 terrefactus
649 1543 976 1613 Theophilus
999 1547 1258 1606 Joannem
1286 1555 1550 1612 ordinavit
1575 1571 1764 1628 quarto
1789 1562 1895 1616 lia-

306 1629 495 1683 tendas
520 1629 587 1684 de
617 1631 789 1686 Martii
820 1649 960 1689 anno
989 1639 1112 1694 398.

375 1720 655 1777 Contiones
675 1727 800 1794 ejus.
820 1757 892 1767 —
914 1729 1071 1785 Verbi
1094 1732 1263 1789 divini
1285 1739 1628 1795 concionator
1646 1745 1892 1801 assiduus

299 1809 748 1882 Chrysostomus,
779 1821 936 1887 paulo
963 1832 1080 1889 post
1104 1841 1262 1895 quam
1289 1829 1565 1886 ordinatus
1595 1833 1762 1889 fuerat
1791 1837 1888 1890 ho-

299 1903 505 1956 miliam
548 1904 760 1973 habuit,
808 1925 924 1979 quze
963 1912 1072 1980 jam
1114 1931 1218 1970 non
1259 1931 1532 1990 comparet
1565 1935 1620 1977 et
1649 1926 1890 1983 fortassis

296 1993 499 2060 injuria
547 2003 842 2064 temporum
886 1999 1106 2058 interiit.
1146 2003 1250 2060 Sed
1290 2009 1403 2078 ejus
1440 2027 1804 2082 argumentum
1835 2022 1887 2074 in

295 2081 491 2144 altera,
520 2101 678 2152 quam
705 2085 1165 2163 Constantinopoli
1188 2096 1340 2156 dixit.
1365 2081 1521 2169 paulo
1542 2115 1659 2173 post
1679 2107 1884 2163 initium

293 2174 480 2229 retulit
513 2174 600 2246 (T.
632 2177 683 2233 1.
702 2194 747 2230 c.
779 2179 934 2254 797).
963 2182 1028 2237 In
1057 2187 1221 2253 prima
1251 2192 1402 2257 enim,
1428 2193 1616 2263 inquit,
1645 2197 1708 2252 de
1731 2202 1886 2255 armis

294 2261 514 2316 Davidis
545 2275 590 2317 et
625 2264 850 2321 Goliathi
889 2274 1029 2340 apud
1057 2292 1142 2329 vos
1173 2261 1682 2353 philosophabamur,
1714 2299 1882 2342 osten-

290 2354 474 2409 dentes
494 2396 510 2420 ,
542 2356 675 2410 hunc
699 2359 901 2428 quidem
929 2367 1196 2436 omnigena
1225 2373 1460 2444 gravique
1488 2386 1756 2432 armatura
1783 2397 1882 2434 un-

291 2447 450 2516 dique
476 2451 748 2518 munitum,
784 2454 923 2507 illum
954 2467 1119 2512 autem
1149 2463 1306 2515 armis
1335 2463 1524 2519 nudum
1543 2507 1556 2531 ,
1583 2470 1686 2535 fiae
1712 2474 1882 2524 muni-

289 2538 549 2591 tissimum
573 2557 593 2604 ;
640 2542 774 2596 hunc
804 2547 1110 2604 extrinsecus
1139 2551 1395 2621 fulgidum
1419 2556 1621 2612 thorace
1646 2571 1692 2613 et
1717 2575 1879 2619 scuto.

287 2628 444 2680 illum
473 2629 611 2684 intus
639 2635 818 2700 spiritu
857 2646 904 2689 et
945 2639 1108 2707 gratia
1137 2643 1454 2713 radiantem,
1487 2657 1633 2717 atque
1658 2653 1790 2706 hanc
1819 2655 1880 2708 ob

283 2731 503 2770 causam
551 2736 582 2771 a
622 2739 777 2790 puero
821 2729 1092 2783 certamine
1133 2733 1316 2787 victam
1354 2735 1623 2805 juvenem,
1669 2757 1702 2794 a
1744 2744 1878 2797 nudo

283 2821 590 2878 superatura
620 2826 869 2870 armatum
893 2859 906 2884 ,
937 2836 968 2871 a
994 2831 1195 2890 pastore
1229 2837 1536 2894 prostratum
1575 2834 1815 2901 militem,
1845 2853 1877 2890 a

283 2901 568 2967 pastoralis
592 2903 782 2972 lapidis
808 2919 990 2975 natura
1020 2911 1186 2968 belh'ci
1213 2917 1329 2968 teris
1354 2927 1585 2973 naturam
1613 2926 1875 2979 contritam

281 3001 330 3044 et
373 2992 760 3063 labefactatam.
801 2998 932 3064 Quia
965 3018 1094 3057 vero
1123 3005 1606 3081 Constantinopoli.
1656 3018 1876 3084 perinde

278 3091 449 3153 atque
488 3085 787 3142 Antiochia:
824 3092 973 3145 multi
1025 3105 1146 3150 tunc
1176 3106 1331 3154 erant
1355 3103 1630 3166 Anommi,
1662 3120 1720 3160 se
1754 3107 1874 3162 illos

277 3187 664 3243 aggressurum
713 3194 832 3234 esse
875 3183 1144 3250 pollicitus
1186 3198 1268 3241 est
1309 3190 1362 3242 in
1404 3195 1572 3259 prima
1602 3195 1722 3258 illa,
1755 3213 1872 3264 qua:

276 3263 522 3330 interiit,
553 3267 840 3336 concione,
871 3287 972 3324 n0n
1001 3276 1292 3331 ratiociniis
1314 3321 1328 3344 ,
1357 3281 1449 3334 sed
1480 3298 1543 3336 ex
1569 3282 1837 3352 Scriptura

274 3371 403 3410 rum
432 3360 750 3416 auctoritate
773 3404 786 3426 ,
817 3380 935 3433 quae
964 3366 1064 3420 tela
1106 3371 1396 3428 ratiociniis
1430 3373 1588 3445 longe
1617 3378 1867 3435 validiora

271 3456 427 3499 sunt.

346 3535 546 3590 Paucis
576 3553 704 3592 vero
750 3553 928 3609 postea
959 3544 1179 3615 diebus,
1225 3559 1280 3604 ut
1308 3553 1568 3619 pollieuus
1593 3568 1741 3624 erat,
1773 3560 1866 3613 ho-

272 3625 483 3678 ntiliam
516 3639 700 3684 contra
724 3635 1014 3690 Anommos
1054 3639 1236 3696 habuit
1266 3640 1358 3715 (T.
1388 3646 1436 3698 l.
1477 3663 1522 3698 c.
1545 3647 1684 3720 795)
1706 3693 1721 3714 ,
1749 3669 1866 3720 qute

269 3718 621 3774 continenter
651 3730 703 3775 et
736 3724 876 3777 nulla
908 3726 1215 3798 interposita
1237 3773 1251 3795 ,
1281 3738 1508 3790 secunda
1541 3718 1744 3795 [υἰιξιη
1769 3718 1863 3797 illa

272 3809 453 3875 primo
497 3809 644 3874 dicit,
689 3827 780 3878 se,
822 3815 932 3884 jam
977 3820 1144 3874 semel
1188 3825 1579 3892 conciouatum,
1626 3847 1862 3887 amorem

267 3913 400 3968 erga
428 3899 1052 3971 Coustautinopolitauos
1081 3907 1410 3968 Christianos
1440 3927 1642 3973 tantum
1671 3938 1862 3978 concc-

270 3988 441 4055 pisse,
473 4001 729 4058 quantum
755 3994 797 4047 si
821 4010 940 4048 cum
970 3998 1070 4052 illis
1096 4001 1163 4054 ab
1193 4002 1340 4057 initio
1368 4005 1552 4061 fuisset
1574 4011 1860 4079 educatus;

269 4081 436 4150 idque
461 4085 714 4152 quoniam
749 4088 798 4141 in
830 4089 934 4148 illis
973 4093 1274 4150 adverterat
1310 4099 1520 4167 iguemu
1549 4103 1739 4171 zelum,
1768 4121 1860 4160 ca—

269 4173 491 4228 ritatem
523 4177 724 4245 absque
769 4181 1106 4240 simulatione
1129 4230 1142 4250 ,
1178 4189 1596 4247 beneVulentiam
1639 4197 1689 4248 in
1723 4215 1860 4265 pra)-

266 4275 522 4332 ceptores
547 4307 562 4331 ,
609 4272 946 4325 concordiam
997 4275 1136 4330 inter
1176 4293 1233 4332 se
1276 4297 1289 4339 ς
1341 4280 1466 4347 Qua!
1505 4300 1626 4336 sane
1669 4289 1856 4352 omnia,

268 4354 447 4421 pergit
485 4354 572 4408 ille
591 4397 606 4421 ,
646 4359 768 4412 satis
805 4373 965 4415 essent
993 4376 1046 4416 ut
1087 4367 1162 4420 vel
1188 4369 1446 4438 lapideum
1472 4375 1696 4428 animum
1723 4379 1859 4431 vobis

265 4444 649 4499 conciliarent?
701 4448 901 4505 Deinde
938 4453 1554 4528 Constantinopolitritius
1599 4481 1717 4519 cum
1751 4469 1859 4520 An-

268 4535 538 4589 tinchenis
577 4552 895 4606 cou‘iparans
941 4545 1008 4598 ita
1042 4553 1378 4619 prosequitur
1409 4572 1420 4607 :
1454 4555 1729 4626 Propterea
1757 4578 1857 4615 non

265 4628 437 4681 minus
469 4645 557 4682 vos
585 4648 814 4686 amanms
837 4678 849 4699 ,
878 4653 1027 4703 quam
1051 4638 1329 4696 Ecclesium
1357 4646 1498 4698 illam
1528 4649 1579 4700 in
1603 4667 1701 4719 qua
1729 4654 1853 4720 nati,

262 4719 472 4771 educati
511 4731 556 4772 et
600 4723 785 4776 eruditi
822 4742 1012 4781 sumus.
1067 4730 1229 4784 Soror
1268 4735 1400 4788 enim
1442 4737 1580 4792 illius
1619 4741 1724 4794 lucc
1761 4755 1850 4807 est,

263 4825 452 4880 eosque
494 4816 845 4883 cognationem
893 4819 1035 4874 illam
1077 4838 1226 4892 apere
1254 4825 1569 4885 dectarastis.
1615 4831 1855 4898 Quamvis

264 4910 436 4952 autem
476 4901 570 4954 illa
613 4913 835 4975 tempore
875 4910 938 4962 sit
973 4912 1248 4982 antiquior,
1278 4915 1389 4970 hch
1428 4929 1592 4974 tamen
1620 4923 1720 4985 [ide
1747 4925 1854 4993 [er-

266 4992 465 5044 rentior
507 5005 622 5060 est;
663 5007 708 5050 et
750 4999 856 5053 illic
899 5004 1065 5073 major
1088 5020 1357 5063 conventus
1385 5022 1490 5080 est,
1532 5025 1579 5068 et
1609 5007 1854 5078 c'elebrius

261 5080 554 5148 theatrum,
597 5088 686 5140 sed
723 5089 807 5142 hic
834 5095 999 5163 major
1029 5098 1271 5166 patientia
1311 5104 1614 5176 majorisque
1644 5110 1852 5178 fortitu-

256 5171 398 5225 dinis
439 5173 705 5230 indicium.
741 5179 880 5235 Nam
911 5186 1050 5240 video
1081 5189 1161 5243 hic
1188 5171 1406 5264 undique
1434 5171 1578 5267 lupos
1606 5171 1850 5255 obambu-

257 5263 390 5318 lare.
441 5264 572 5335 Lupi
623 5283 800 5328 autem
850 5276 922 5330 illi
969 5292 1122 5335 erant
1158 5284 1403 5341 Anomoei
1448 5299 1502 5342 et
1547 5295 1850 5349 vetustioris

256 5355 484 5422 originis
511 5357 766 5427 haeretici,
800 5377 858 5420 ut
887 5368 1260 5440 Marcionistze,
1284 5376 1558 5434 Manichaei
1583 5392 1637 5435 et
1660 5383 1852 5439 Valen-

258 5443 482 5507 tiniani.
515 5451 710 5518 quibus
750 5470 1063 5516 aunumerat
1102 5464 1261 5519 etiam
1287 5466 1589 5526 Judmorum
1633 5485 1843 5532 catus:

255 5550 434 5608 neque
455 5541 676 5599 dubium
699 5558 780 5603 est
806 5548 891 5606 his
911 5553 1070 5610 etiam
1096 5560 1454 5618 accensendos
1475 5578 1593 5620 esse
1616 5569 1842 5636 gentiles

255 5637 315 5679 et
340 5629 670 5702 idololatras,
700 5640 789 5710 qui
816 5658 920 5699 non
949 5659 1114 5714 parvo
1140 5663 1363 5708 numero
1382 5652 1838 5729 Constantinopoli

256 5717 427 5781 adhuc
471 5738 650 5782 erant.
687 5729 872 5788 Postea
903 5751 1030 5793 vero
1074 5740 1362 5802 Anomteos
1404 5744 1612 5807 fortiter
1652 5717 1837 5826 aggre-

1476 353 1656 413 ΝυΝο
1692 359 1954 420 PMMUM
1993 365 2382 428 ADORNATA.

3489 397 3587 456 166

2008 479 2178 544 ditur,
2229 483 2413 550 prohat
2443 485 2708 544 Christum
2743 492 2936 549 Filium
2967 498 3058 554 Del
3102 502 3263 560 Deum
3292 521 3448 569 esse.
3481 508 3584 564 Pa-

2010 570 2104 621 tris
2146 571 2541 643 consiliarium,
2576 578 2714 634 Patri
2759 585 3056 653 a-qualem;
3098 591 3325 648 allii-mat
3370 615 3583 667 qumque

2007 667 2192 713 contra
2238 661 2556 722 Manichaios
2598 669 2762 726 Vetus
2811 675 3206 735 Testamentum
3264 701 3384 741 cum
3438 689 3586 747 Novo

2007 764 2341 822 consonare,
2391 758 2693 830 clauditque
2745 765 2944 820 ducens
2995 783 3222 837 quantus
3258 758 3472 835 'fruelus
3517 799 3585 840 ex

2007 844 2246 900 collectis
2295 852 2592 916 proveniat.
2645 856 2757 908 Duo
2801 853 3138 934 Manuscriptt
3190 869 3341 923 titulo
3387 873 3587 930 addunt

2009 932 2146 989 hanc
2189 939 2498 994 concionem
2553 943 2782 1000 habitam
2837 949 2998 1006 fuisse
3049 954 3099 1007 in
3153 971 3287 1012 nova
3338 963 3582 1022 ecclesia.

2009 1022 2203 1079 Verum
2232 1044 2341 1082 rem
2368 1041 2568 1086 certam
2602 1051 2705 1090 nou
2743 1053 2863 1094 esse
2893 1042 2943 1094 in
2975 1042 3170 1098 Monito
3198 1051 3475 1116 probatur.

2073 1116 2263 1172 Paucis
2302 1121 2402 1175 sub
2443 1122 2555 1178 haec
2593 1126 2778 1183 diebus
2808 1135 3118 1204 concionem
3150 1139 3369 1195 alterum
3400 1156 3583 1201 contra

2003 1197 2294 1263 Aniomceos
2335 1212 2516 1267 habuit
2552 1214 2652 1283 (Τ.
2681 1218 2732 1272 1.
2760 1234 2806 1274 c.
2832 1201 2926 1272 80l
2952 1220 2992 1288 ),
3038 1225 3190 1295 cujus
3235 1197 3419 1286 titulus

2004 1295 2067 1348 In
2096 1297 2474 1371 Paralyticum,
2501 1306 2590 1374 qui
2623 1323 2784 1362 annos
2823 1312 3029 1382 triginta
3070 1327 3179 1371 octo
3207 1321 3506 1376 decubuerat
3531 1326 3582 1379 iu

2000 1389 2294 1454 inﬁrmitate
2327 1411 2420 1448 sua
2440 1413 2462 1461 ;
2499 1407 2551 1452 et
2594 1399 2646 1453 in
2689 1401 2848 1467 illud,
2885 1404 3039 1460 Pater
3076 1426 3213 1463 meus
3243 1429 3396 1482 usque
3432 1417 3582 1472 modo

1999 1493 2251 1549 operatur,
2274 1499 2324 1538 et
2348 1503 2440 1557 ego
2459 1505 2639 1558 aperor
2661 1508 2680 1545 :
2702 1495 2786 1548 ubi
2811 1499 2986 1551 statim
3015 1501 3121 1555 Deo
3149 1503 3414 1560 benedicit
3440 1510 3580 1577 quod

1999 1585 2293 1628 conventus
2318 1580 2552 1644 quotidie
2581 1596 2888 1654 accrescat,
2927 1600 2978 1640 et
3007 1591 3242 1646 divinum
3275 1611 3453 1652 semen
3485 1616 3580 1652 co—

1999 1664 2146 1732 piose
2175 1670 2450 1734 germinet.
2488 1672 2769 1743 Postquam
2799 1691 2972 1732 autem
2996 1682 3062 1737 de
3096 1686 3382 1755 paralytico
3413 1692 3579 1746 multa

1997 1755 2222 1816 dixerat.
2261 1769 2444 1814 contra
2478 1765 2767 1820 Aumnmos
2807 1770 3001 1837 stylqu
3033 1779 3326 1842 convertit,
3361 1781 3577 1847 probat-

1995 1860 2100 1914 que
2134 1849 2318 1902 F‘ilium
2343 1861 2397 1905 et
2425 1869 2546 1906 vere
2575 1855 2737 1909 Deum
2769 1869 2820 1912 et
2845 1853 2983 1914 Patri
3012 1867 3266 1932 a-qualetu
3296 1885 3434 1922 esse.

2065 1937 2294 1993 Joannes
2324 1943 2372 1995 in
2406 1952 2552 1996 lauto
2578 1946 2849 2015 dignitatis
2888 1963 3106 2008 evectus
3145 1958 3410 2021 culmine,
3445 1977 3575 2029 pne.

1992 2029 2199 2095 cipuam
2237 2047 2416 2087 curam
2461 2034 2663 2102 habuit,
2711 2049 2766 2094 ut
2800 2042 2898 2095 sibi
2939 2047 3205 2102 commissi
3234 2052 3407 2119 gregis
3436 2053 3576 2106 vitiis

1994 2120 2328 2188 mederetur,
2393 2138 2634 2182 errantes
2685 2131 2751 2184 ad
2811 2147 3009 2188 rectam
3068 2138 3202 2194 viam
3259 2141 3570 2208 reduceret,

1994 2211 2238 2276 pietatem
2289 2223 2552 2270 sectantes
2602 2218 2819 2274 foveret.
2876 2223 3063 2278 Rerum
3117 2243 3289 2280 caram
3342 2234 3573 2301 aggredio

1995 2311 2104 2362 utr,
2159 2302 2325 2371 inquit
2376 2304 2639 2362 Palladius
2702 2310 2797 2380 (ρ.
2845 2313 3000 2384 45),
3075 2333 3164 2385 per
3221 2321 3570 2376 rationabilem

1990 2390 2212 2458 ﬁstulam
2259 2411 2370 2448 oves
2413 2399 2624 2463 probare
2665 2417 2890 2456 exorsus.
2941 2406 3081 2460 Rara
3120 2419 3285 2462 autem
3328 2412 3572 2468 adhibens

1989 2483 2138 2533 etiam
2166 2483 2347 2552 pedum
2375 2486 2754 2556 increpationis,
2792 2510 3169 2565 sermonemque
3192 2499 3364 2568 dirigit
3393 2505 3571 2557 adver-

1987 2585 2074 2622 sus
2115 2575 2396 2628 ementitum
2439 2580 2654 2646 fratrum
2697 2597 3025 2654 sororumque
3062 2590 3370 2656 convictum,
3400 2610 3571 2648 revera

1987 2671 2151 2714 autent
2191 2673 2386 2734 turpem
2423 2668 2827 2741 improbumqne,
2859 2674 2922 2727 de
2950 2678 3370 2744 subiutroductis,
3403 2692 3456 2734 ut
3484 2700 3570 2736 vo-

1983 2763 2119 2820 cant,
2162 2773 2333 2826 agens,
2379 2762 2739 2828 ostendensque
2777 2767 2826 2818 si
2867 2768 3115 2822 malorum
3159 2772 3364 2824 daretur
3407 2776 3566 2844 optio,

1983 2848 2210 2899 meliores
2235 2849 2342 2900 istis
2380 2851 2582 2905 lenones
2611 2871 2732 2908 esse.
2777 2854 2804 2908 Ι
2814 2857 2870 2909 lli
2905 2874 3119 2924 namque
3147 2863 3327 2928 procul
3349 2881 3379 2915 a
3409 2865 3566 2917 medi-

1981 2937 2053 2990 cis
2077 2937 2356 2994 habitantes
2381 2945 2519 3003 apud
2546 2962 2598 2998 se
2637 2948 2863 3000 morbum
2889 2950 3096 3016 habent,
3131 2954 3219 3006 sed
3247 2956 3518 3010 volentibus
3543 2974 3564 3013 :

1980 3027 2035 3078 Iri
2062 3040 2227 3081 autent
2253 3031 2303 3082 in
2329 3033 2508 3086 salutis
2546 3036 2740 3104 oﬁicina
2766 3038 3067 3107 habitantes,
3112 3045 3261 3096 etiam
3288 3063 3436 3100 sanas
3465 3049 3561 3101 im-

1979 3118 2170 3184 pellunt
2198 3120 2267 3172 ad
2300 3124 2546 3177 morbum.
2594 3125 2725 3180 Inde
2751 3146 2869 3197 pars
2895 3129 3028 3184 Cleri
3070 3136 3275 3188 minime
3300 3137 3558 3207 religiosa,

1975 3224 2088 3274 qtae
2115 3210 2286 3264 morbo
2313 3213 2400 3265 illo
2429 3217 2710 3280 tenebatur,
2740 3230 2986 3274 commota
3013 3235 3106 3276 est.
3133 3224 3260 3290 Qua:
3288 3235 3344 3279 ut
3369 3229 3558 3284 clarius

1975 3301 2356 3368 percipiantur,
2383 3307 2562 3373 paucis
2584 3310 2892 3375 explicanda
2921 3324 3060 3366 eum.
3090 3316 3252 3369 Erant
3280 3320 3557 3374 tttucCuu-

1975 3393 2312 3461 stantiuopoli
2342 3397 2530 3464 puellze
2548 3399 2884 3467 Christiunm,
2909 3417 3025 3472 qua-
3045 3407 3396 3475 virgiuitatcm
3430 3426 3555 3479 pro-

1974 3485 2257 3538 litehanlur
2289 3503 2300 3538 :
2336 3488 2430 3542 has
2472 3489 2686 3544 domum
2720 3493 3039 3548 inducebant
3068 3497 3196 3560 viri,
3229 3502 3404 3568 Spt'g‘it:
3434 3503 3554 3572 qui-

1971 3574 2092 3628 dem
2139 3586 2196 3629 ut
2241 3593 2336 3632 ceu
2388 3579 2576 3634 fratres
2620 3597 2739 3634 cum
2784 3587 3057 3640 sororibus
3097 3598 3242 3642 caste
3286 3591 3556 3656 viverent,

1971 3667 2062 3720 sed
2095 3683 2158 3720 ex
2193 3669 2283 3721 tali
2327 3673 2597 3724 consortio
2642 3685 2692 3726 et
2724 3675 2978 3729 societate
3019 3691 3210 3744 quanta
3243 3694 3552 3748 pararentur

1969 3757 2106 3810 mala
2133 3757 2272 3813 haud
2295 3759 2510 3814 dil‘licile
2533 3772 2616 3815 est
2641 3767 2905 3833 augurari.
2935 3767 3013 3819 Ad
3041 3767 3156 3822 lucc
3177 3785 3302 3823 vero
3323 3772 3550 3841 virgines

1969 3849 2072 3903 illa:
2098 3853 2261 3909 cultui
2289 3856 2531 3922 corporis
2567 3867 2621 3909 et
2655 3859 2879 3911 vestium
2915 3859 3199 3914 admodum
3245 3865 3543 3930 studebant,

1967 3956 2084 4008 qua:
2133 3943 2284 4012 signo
2330 3955 2484 3999 erant
2524 3949 2700 4000 omnia
2743 3947 2878 4001 hanc
2922 3949 3151 4003 virorum
3194 3962 3248 4006 et
3286 3955 3544 4023 virginum

1966 4032 2274 4088 societatem
2323 4045 2523 4102 pestem
2565 4052 2682 4090 esse
2721 4040 3006 4093 exitialem.
3053 4041 3321 4096 Adversus
3359 4044 3514 4112 hujus

1967 4123 2106 4174 tuodi
2149 4126 2460 4179 societatem
2505 4128 2762 4183 acerrime
2805 4129 3072 4184 invehitur
3107 4132 3540 4203 Chrysostomus,

1967 4215 2046 4265 ιρι
2075 4215 2194 4268 hinc
2220 4216 2532 4272 abolendam
2558 4220 2713 4273 talem
2737 4224 3170 4276 consuetudinem
3193 4240 3312 4279 esse
3339 4226 3538 4292 dicem,

1964 4297 2102 4366 quod
2137 4299 2316 4352 multis
2342 4301 2658 4356 oll‘eudiculo
2685 4316 2847 4360 esset.
2879 4305 2953 4358 Ex
2987 4308 3254 4361 consortio
3283 4311 3540 4378 v.rgiuum

1964 4389 2108 4442 nasci
2165 4391 2466 4444 necessario
2520 4395 3005 4462 concupiscentiam
3058 4396 3306 4450 affirmat.
3367 4401 3540 4452 Aliam

1963 4479 2146 4546 paucis
2173 4480 2497 4547 interpositis
2524 4481 2712 4536 diebus
2739 4485 2922 4537 eadem
2952 4486 3018 4537 de
3049 4501 3104 4538 re
3138 4487 3319 4538 habuit
3347 4491 3543 4540 oratiu-

1964 4583 2085 4621 nem
2120 4567 2215 4638 (T.
2248 4571 2298 4622 l.
2336 4585 2381 4620 ε.
2409 4569 2549 4641 515)
2571 4613 2586 4636 ,
2614 4587 2770 4641 quam
2802 4588 2897 4640 per
2927 4575 3368 4628 exvlatuationull
3401 4580 3536 4640 ordi-

1964 4670 2067 4723 tur,
2099 4662 2353 4716 adversus
2378 4662 2610 4732 virgines
2650 4664 2796 4728 illas,
2821 4680 2938 4734 qua:
2965 4667 3277 4734 virginitatis
3307 4670 3542 4736 speciem

1962 4766 2069 4818 pra:
2095 4767 2153 4807 se
2181 4753 2446 4820 ferentes,
2479 4756 2620 4808 virus
2647 4756 2735 4826 qui
2770 4771 2948 4810 secum
2978 4757 3122 4811 domi
3153 4771 3426 4814 mauerent
3464 4762 3541 4814 iu~

1959 4842 2240 4897 ducebant.
2273 4845 2464 4913 Aitque
2488 4847 2742 4916 virginem
2771 4862 2873 4901 non
2902 4847 3091 4903 decere
3118 4849 3317 4903 cultum
3345 4867 3537 4920 σοι-μορ
3597 4913 3600 4916 ,

1960 4935 2034 4988 ris
2058 4944 2367 5004 vestemque
2404 4938 2718 5005 pretiosam,
2751 4939 3065 5008 nuptiasque
3105 4939 3403 5008 hujusmodi
3434 4942 3540 4996 vivo.

1956 5025 2160 5094 ginitati
2202 5027 2572 5083 anteferendas
2613 5045 2774 5084 esse:
2820 5032 3052 5100 talesque
3083 5033 3347 5103 virgines,
3389 5036 3538 5102 dicit,L

1956 5117 2160 5172 etiamsi
2189 5133 2291 5173 non
2319 5120 2456 5174 male
2481 5130 2718 5190 agerent,
2745 5121 2843 5177 hoc
2874 5124 2987 5191 ipso
3015 5139 3233 5193 peccare
3255 5128 3394 5196 (μιηά
3421 5130 3539 5188 aliis

1955 5209 2273 5265 olleudiculo
2312 5221 2512 5266 essent.
2555 5212 2710 5268 Vera:
2738 5214 2957 5284 virginis
3000 5230 3176 5270 mores
3217 5224 3398 5285 postea
3439 5219 3536 5274 ('3‘.

1953 5301 2156 5366 scribit,
2189 5301 2514 5372 domumque
2539 5303 2849 5358 concionem
2879 5306 3096 5360 claudit.

2028 5392 2160 5446 llinc
2189 5393 2400 5447 Clerum
2447 5407 2601 5449 suum
2640 5395 2857 5449 adortus
2893 5404 2977 5451 est
3018 5409 3035 5467 t
3064 5396 3270 5452 Pallad.
3299 5418 3348 5468 p.
3379 5400 3484 5472 43)
3518 5419 3530 5455 :

1952 5499 2074 5538 nam
2117 5483 2353 5554 plerique
2398 5485 2586 5541 eodem
2627 5487 2815 5542 morbo
2857 5488 3188 5544 tenebantur.
3233 5492 3364 5558 Quia
3406 5509 3533 5548 vero

1951 5572 2218 5630 ferventer
2247 5589 2346 5644 pro
2371 5589 2518 5631 more
2543 5590 2641 5632 suo
2668 5577 2791 5633 vitia
2819 5577 3172 5634 insectabatur
3189 5622 3204 5647 ,
3232 5581 3284 5636 in
3310 5582 3531 5636 clerico.-

1951 5679 2066 5724 rum
2099 5665 2450 5736 complurium
2482 5666 2828 5724 offensionem
2860 5670 3124 5740 incurrit,
3156 5683 3217 5729 ut
3243 5681 3418 5740 postea
3447 5672 3527 5722 vi.

1955 5762 2216 5824 dabimus.
2242 5763 2298 5820 lu
2322 5761 2614 5830 avaritiam.
2639 5780 2794 5836 quam
2815 5775 2964 5822 vocat
2987 5763 3249 5820 Palladius
3271 5762 3532 5818 malorum.
