4110 6148
508 326 602 378 161

503 440 740 493 n-nuium
782 435 1130 503 metropoliu,
1183 446 1325 500 saepe
1369 430 1590 488 vidimus
1637 436 2074 504 Chrysostomum

507 529 800 584 Antiochiae
829 524 1252 589 conciouantem,
1294 530 1348 577 et
1380 523 1500 592 quia
1540 523 1738 579 malum
1782 519 2082 590 hujnsmodi

506 638 610 672 non
637 619 809 670 mitms
839 614 1083 684 serpebat
1106 612 1564 680 Constantitmpoli
1587 629 1742 682 quam
1766 610 2080 673 Antiochiae,

505 706 962 778 frequentissime,
1012 703 1137 757 dum
1179 704 1461 770 episeopus
1512 713 1660 767 eral,
1702 702 1752 754 in
1801 709 2085 754 avaros~et

506 816 722 869 rapaces
751 798 1094 853 invehebatur
1125 815 1137 849 :
1172 796 1224 850 in
1251 795 1550 849 adulatores
1579 794 1823 848 similiter
1851 803 1903 846 et
1929 807 2083 862 para—

506 895 656 956 sitos,
680 891 766 959 qui
790 889 1009 943 divitum
1035 901 1245 941 mensas
1273 886 1631 950 sectabantur,
1662 895 1819 954 atque
1843 885 1919 939 sic
1945 883 2086 936 mul-

510 995 680 1037 torum
709 983 760 1038 in
792 998 850 1036 se
879 981 1056 1035 odium
1083 979 1384 1035 eoncitavit.

580 1073 760 1126 Tanta:
789 1071 1087 1125 severitatis
1129 1079 1395 1124 oratorem
1436 1067 1792 1122 necessarium
1836 1075 1950 1122 erat
1990 1080 2085 1121 sua

509 1166 668 1218 etiam
687 1172 927 1217 accurate
944 1162 1205 1228 dispicere
1219 1159 1454 1232 (Pallad.
1473 1177 1526 1228 p.
1539 1159 1654 1227 46),
1674 1174 1738 1212 ne
1751 1157 1889 1228 quod
1909 1158 1958 1210 itt
1971 1156 2090 1210 aliis

510 1255 925 1326 reprehensione
954 1255 1168 1322 dignum
1201 1251 1552 1322 praedicabat,
1593 1251 1690 1305 sibi
1733 1251 1890 1304 etiam
1930 1246 2090 1317 objici

515 1357 708 1418 posset.
733 1347 825 1399 llic
841 1345 947 1401 duo
968 1354 1116 1398 erant
1131 1342 1498 1406 examinanda,
1521 1341 1766 1397 Ecclesia!
1787 1351 1837 1394 et
1855 1339 2088 1409 episcopi

514 1437 732 1491 reditus.
755 1435 932 1489 i’rimo
957 1443 1136 1488 autem
1157 1432 1406 1486 Ecclesia:
1429 1431 1692 1487 (economi
1715 1430 2090 1484 tabulasscru-

516 1538 676 1591 tatur,
707 1529 1076 1596 impensasque
1105 1525 1314 1578 inutiles
1340 1523 1580 1593 abrogari
1603 1522 1754 1592 jubet
1783 1541 1795 1576 :
1825 1522 1948 1574 hinc
1976 1519 2090 1589 epi-

513 1619 658 1687 scopi
687 1625 928 1685 smnptus
957 1616 1174 1679 excutit,
1210 1613 1423 1666 nimiam
1455 1611 1807 1682 profusionem
1841 1611 2089 1674 ostendit,

512 1707 767 1778 jttbetque
806 1705 1014 1758 inutiles
1055 1705 1460 1772 illaslexpensas
1498 1701 1562 1755 ad
1592 1700 1890 1755 nosocornia
1925 1710 2095 1753 trans-

517 1801 662 1856 ferri.
715 1799 1039 1854 Necessitate
1085 1806 1259 1849 autern
1313 1795 1362 1848 id
1414 1799 1744 1864 postulante,
1791 1793 2091 1847 nosocomia

519 1893 743 1963 plurima
772 1891 1100 1951 construxit,
1127 1889 1317 1958 quibus
1359 1887 1696 1958 presbyteros
1735 1887 1869 1940 duos
1905 1887 2097 1954 pietate

520 1985 803 2037 instructos
832 1981 1115 2050 przepospit
1135 2021 1148 2042 ,
1188 1979 1421 2033 medicos
1447 1979 1570 2031 item
1597 1989 1649 2032 et
1675 1993 1872 2048 coquos
1893 2020 1905 2041 ,
1933 1979 2092 2031 alios-

519 2093 623 2147 que
667 2076 732 2130 atl
779 2075 1066 2129 ministeria
1112 2072 1437 2136 destinatos,
1486 2085 1586 2125 nec
1634 2069 2096 2140 C()ltjllgil105,tllli

521 2169 862 2222 advenientes
888 2165 1120 2234 hoSpites
1145 2173 1199 2216 et
1218 2177 1388 2231 ηιατυς
1409 2170 1656 2215 curarent
1679 2176 1740 2214 ac
1769 2160 2026 2214 foverent.

591 2261 701 2314 Sub
733 2258 844 2314 ltatc
885 2268 1058 2311 autent
1103 2254 1168 2307 ad
1201 2253 1384 2307 viduas
1409 2267 1700 2307 conversus
1741 2262 1822 2305 est
1861 2250 2094 2319 (Pallad.

523 2369 575 2422 p.
603 2351 722 2419 (Π),
750 2366 864 2417 qme
897 2359 1019 2401 tunc
1060 2346 1110 2399 itt
1145 2345 1382 2399 Ecclesia
1412 2343 1640 2414 aliquem
1671 2343 1889 2412 gradum
1929 2351 1982 2396 et
2007 2357 2097 2395 or-

522 2443 699 2497 dinem
742 2442 1079 2506 ohtinebant,
1126 2451 1180 2494 ut
1208 2457 1387 2495 earnm
1425 2450 1480 2495 et
1519 2441 1677 2493 vitam
1716 2449 1768 2492 et
1805 2448 1951 2507 gesta
1985 2453 2102 2507 per-

525 2535 758 2601 quireret
778 2573 792 2597 ,
827 2542 881 2586 et
917 2533 958 2584 si
993 2548 1124 2601 quas
1156 2531 1415 2585 inveniret
1446 2529 1619 2584 carnis
1645 2529 1845 2582 deliciis
1871 2528 2099 2594 deditas,

529 2625 776 2679 monebat
815 2631 871 2677 ut
908 2623 1241 2692 jejunarent,
1278 2622 1604 2675 abstinerent
1632 2636 1660 2672 a
1692 2620 1892 2674 balneis
1913 2660 1926 2681 ,
1959 2630 2010 2673 et
2037 2621 2103 2672 ab

525 2714 800 2785 exquisitis
830 2713 1094 2772 vestibus.
1128 2721 1216 2765 aut
1243 2717 1483 2782 protinus
1510 2710 1574 2765 ad
1603 2711 1862 2780 seettmlas
1894 2710 2104 2780 nuptias

525 2805 900 2869 cumularent,
944 2819 1011 2858 ne
1054 2805 1142 2858 lex
1192 2803 1394 2862 Domini
1434 2802 1737 2857 violaretur.
1789 2802 2106 2857 ilortahatur

525 2896 684 2949 etiam
730 2895 984 2964 populos,
1027 2904 1081 2948 ut
1112 2894 1163 2948 itt
1204 2893 1474 2948 nocturnis
1507 2893 1752 2961 precibus
1786 2893 1982 2949 aSsidtti
2017 2907 2104 2946 es-

528 2995 680 3050 sent;
724 3002 914 3040 uirores
939 2995 1114 3041 autem
1137 3027 1151 3049 ,
1185 2993 1242 3038 ut
1279 2983 1420 3038 domi
1451 2993 1758 3049 manerent,
1789 2993 1842 3037 et
1879 2982 2106 3042 interdiu

529 3095 710 3148 preces
739 3078 1019 3134 funderent
1055 3079 1213 3146 ips-.e,
1241 3077 1360 3146 quia
1391 3076 1594 3130 diurnis
1625 3074 1770 3130 horis
1793 3076 1911 3138 viri,
1942 3091 2106 3146 nego-

529 3173 614 3226 tiis
639 3181 692 3226 et
735 3172 808 3225 rei
841 3171 1080 3225 familiari
1121 3185 1337 3240 operam
1365 3169 1586 3235 dantes,
1614 3167 1864 3239 precibus
1903 3168 2108 3222 incum-

532 3263 656 3316 bere
692 3279 796 3315 non
823 3261 1084 3315 valebant.
1697 3248 1705 3258 ’

598 3355 724 3422 Que
755 3354 822 3407 de
849 3352 1120 3408 nocturnis
1153 3351 1395 3421 precibus
1432 3351 1522 3407 ille
1560 3360 1820 3406 statuerat
1849 3352 2129 3406 Constan-~

529 3447 903 3514 tinOpolitanos
931 3446 1153 3499 clericos
1179 3444 1476 3511 mordebat,
1505 3445 1596 3516 qui
1640 3447 1992 3516 negligentius
2023 3461 2109 3500 res

527 3539 733 3592 divinas
780 3547 1102 3601 tractantes,
1151 3546 1256 3590 tota
1299 3546 1454 3591 nocte
1493 3552 1684 3591 somno
1727 3539 1889 3592 dediti
1934 3547 2106 3592 erant.

531 3632 640 3683 huo
669 3646 813 3693 vero,
861 3631 979 3696 quia
1011 3628 1211 3696 jamdiu
1243 3628 1521 3683 clericatus
1555 3627 1727 3683 ofﬁcia
1773 3631 1930 3683 missa
1968 3628 2110 3683 fece-

533 3733 670 3785 rant,
697 3719 810 3774 ha2c
844 3721 1018 3772 omnia
1041 3718 1178 3787 apud
1210 3719 1329 3772 illos
1356 3729 1570 3788 propter
1593 3729 1910 3772 vetustatem
1947 3719 2109 3774 obso-

532 3813 786 3866 levcrant.
837 3811 1032 3864 Divites
1075 3819 1250 3862 autem
1298 3809 1560 3871 maxime,
1593 3809 1665 3863 uti
1707 3809 1906 3863 solebat
1949 3809 2114 3865 etiam

530 3902 860 3969 Antiochiae,
910 3901 962 3955 in
1015 3900 1358 3956 concionibus
1414 3902 1719 3970 frequenter
1768 3900 1833 3953 ad
1877 3901 2109 3955 officium

533 3992 810 4048 remeabat
829 4033 844 4058 ,
881 3992 1077 4046 docens
1105 4006 1171 4046 ne
1201 3991 1426 4046 sublime
1452 4000 1733 4060 saperent,
1762 4001 1816 4045 et
1851 3991 2108 4046 bonorum

535 4094 737 4154 partem
760 4084 942 4152 egenis
969 4082 1318 4151 impertirent.
1345 4081 1467 4136 "me
1491 4081 1557 4136 ab
1580 4080 1729 4136 initio
1751 4085 1947 4136 monita
1970 4099 2112 4154 sa-pe

531 4175 726 4242 sa-pius
751 4174 909 4227 dabat
952 4174 1058 4227 ille.
1107 4173 1177 4225 Ea
1210 4189 1356 4238 vero,
1397 4188 1513 4239 quze
1552 4172 1735 4242 primis
1775 4173 2112 4246 episcopatus

531 4265 610 4317 sui
641 4263 912 4318 mensibus
933 4263 984 4315 itt
1007 4262 1348 4317 concionibns
1373 4263 1524 4327 dixit,
1551 4263 1823 4333 speciatim
1848 4273 1901 4318 et
1927 4265 2112 4320 ordine

535 4355 792 4409 recensita
839 4370 942 4408 non
991 4364 1323 4423 Ct)tttpill'0ﬂl,
1370 4353 1452 4409 vel
1497 4354 1549 4408 in
1590 4355 1706 4425 ejus
1746 4360 1990 4426 scriptis,
2030 4358 2110 4412 vel

530 4446 668 4516 apud
704 4447 991 4518 scriptores
1016 4447 1408 4502 ecclesiasticos
1433 4447 1514 4503 sui
1542 4448 1658 4502 :evi.
1696 4447 1869 4520 Ipsum
1900 4465 2113 4519 semper

530 4537 743 4593 aSsidue
765 4538 1135 4593 concinnatum
1164 4554 1283 4593 esse
1323 4539 1540 4593 scimus.
1585 4537 1694 4591 lmo
1723 4539 1914 4593 multas
1945 4539 2109 4594 habe-

534 4645 652 4683 mus
683 4629 924 4684 homilias
961 4629 1302 4700 episcopatus
1329 4631 1409 4684 sui
1455 4642 1692 4699 tempore
1737 4631 1977 4697 habitas;
2017 4632 2110 4686 sed

532 4735 754 4787 quarum
800 4717 1029 4772 maxima
1075 4734 1197 4787 pars
1245 4719 1443 4774 nullam
1493 4720 1575 4775 vel
1620 4719 1820 4775 mensis
1861 4719 1945 4776 vel
1989 4721 2112 4776 antri

535 4819 714 4864 notant
745 4825 852 4877 pra:
881 4825 938 4862 se
970 4809 1088 4862 fert.
1590 4860 1602 4868 ,

606 4899 772 4954 Nva
812 4900 1071 4954 conciones
1108 4917 1172 4954 ea:
1211 4901 1575 4972 Mannscriplir
1615 4916 1788 4960 eruite.
1817 4937 1891 4949 —
1915 4905 2113 4964 Verum

535 5007 622 5046 res
663 4991 862 5060 pridem
895 5000 1042 5044 erant
1088 4991 1243 5062 longe
1283 4994 1464 5063 pejore
1504 4996 1830 5052 conditione.
1874 4999 2112 5070 Magnam

536 5086 688 5139 nobis
715 5085 767 5137 in
793 5083 1155 5156 Chrysostomi
1198 5084 1433 5154 episcopi
1465 5085 1682 5141 historia
1725 5088 1894 5144 lucem
1938 5092 2116 5146 attulit

536 5193 671 5233 nova
711 5177 795 5232 illa
835 5187 888 5233 et
925 5178 1097 5248 ampla
1138 5177 1472 5232 bomiliarnm
1503 5181 1772 5246 accessio,
1819 5199 1936 5252 qua:
1976 5181 2113 5239 haud

537 5272 606 5325 ita
642 5268 842 5339 pridem
874 5269 955 5324 vel
978 5285 1041 5324 ex
1070 5278 1249 5324 monte
1272 5271 1439 5335 Atho,
1464 5281 1519 5325 ut
1553 5271 1765 5340 quidam
1785 5312 1801 5336 ,
1834 5272 1915 5327 vel
1938 5290 2001 5326 ex
2031 5275 2115 5327 itt-

541 5365 650 5418 5nla
680 5361 932 5425 l’athmo,
963 5375 1012 5415 ut
1043 5363 1130 5417 alii
1163 5363 1376 5428 volunt,
1406 5363 1460 5419 in
1493 5360 1877 5419 Bibliothecatu
1908 5367 2114 5422 Vatica—

537 5473 658 5510 nam
692 5453 885 5516 allataz.
915 5469 944 5507 a
969 5454 1241 5510 sodalibus
1271 5455 1488 5521 nostris,
1515 5454 1605 5525 qui
1633 5467 1742 5510 tum
1775 5456 1956 5512 Roma:
1978 5460 2114 5514 Cou-

532 5548 861 5620 grcgationis
907 5549 1077 5603 sancti
1133 5547 1300 5602 Mauri
1352 5549 1580 5618 negotiis
1634 5548 2028 5619 advigilahant.
2083 5567 2112 5605 a

533 5640 721 5696 Gnaeo
747 5640 1058 5696 amanuensi
1077 5640 1388 5707 -deseriptzr,
1419 5642 1746 5696 transmissa:
1771 5641 1902 5698 mihi
1932 5641 2110 5710 fuere;

535 5732 784 5786 nimirum
822 5747 851 5784 a
897 5732 956 5784 D.
1002 5731 1158 5787 Petro
1202 5730 1411 5797 Maloet,
1455 5733 1544 5802 qui
1595 5744 1706 5791 tum
1748 5735 2112 5798 Procuratoris

1567 304 1603 355 s
1655 297 1932 356 manta
1973 264 2442 361 etm'rsosrotn
2488 309 2662 368 Vin.

3656 318 3760 377 168

2185 432 2449 500 generalis
2497 430 2674 484 officio
2719 429 3032 501 fungebatur
3069 439 3122 485 et
3166 444 3308 487 nunc
3344 431 3395 485 in
3441 436 3763 489 monasterio

2187 522 2354 574 sancti
2385 519 2634 576 Germani
2672 537 2702 574 a
2745 522 2921 576 Pratis
2963 521 3114 575 Prior
3149 532 3261 586 est,
3293 533 3346 576 et
3374 539 3403 576 a
3446 523 3506 577 D.
3531 523 3766 594 Josepho

2189 611 2336 664 Avi-il
2359 611 2475 678 ejus
2495 611 2662 677 socio,
2683 610 2790 681 jam
2813 611 2864 665 itt
2885 613 3210 667 monasterio
3229 613 3540 668 Corheiensi
3561 615 3763 677 Priore.

2189 701 2278 769 qui
2308 701 2464 754 ambo
2491 701 2722 770 semper,
2751 701 2876 757 dum
2896 701 3082 758 Romae
3106 713 3316 768 essent,
3343 706 3608 759 assiduam
3636 707 3766 760 tnihi

2191 796 2484 864 praestitere
2514 811 2752 867 operam.

2260 886 2518 956 Quodque
2553 903 2770 955 prorsus
2806 903 3001 943 novum
3044 891 3418 959 insolitumque
3447 901 3528 945 est
3563 891 3646 958 (T.
3681 894 3770 946 1-2.

2195 993 2241 1031 ε.
2277 975 2467 1030 469.“
2497 977 2623 1048 δᾳ),
2655 987 2811 1048 atque
2839 981 3075 1033 utilitatis
3102 981 3323 1034 multum
3354 980 3538 1046 affert,
3564 969 3650 1034 Ine.
3675 984 3762 1036 itu-

2193 1067 2352 1121 tnilia:
2377 1067 2656 1136 descripta:
2685 1070 2830 1124 fuere
2856 1085 2885 1122 a
2913 1070 3141 1139 quodam
3166 1071 3256 1139 qui
3281 1069 3336 1126 S.
3361 1065 3594 1126 doctoris
3621 1073 3775 1128 lateri

2192 1156 2413 1212 hiPSiSSC
2441 1157 2682 1226 videtur,
2727 1160 2920 1230 quique
2968 1161 3018 1214 in
3069 1160 3405 1216 bomiliarnm
3452 1163 3616 1218 titulis
3658 1165 3774 1218 loca

2194 1249 2359 1304 refert
2400 1250 2486 1305 ubi
2527 1254 2810 1307 conciones
2859 1253 3050 1307 habita:
3094 1263 3248 1315 sunt,
3291 1263 3344 1309 et
3373 1271 3515 1323 sa-pe
3557 1271 3774 1311 can-am

2194 1356 2290 1394 cur
2315 1344 2660 1397 concionatus
2683 1342 2752 1396 sit
2779 1342 3009 1406 indicat,
3043 1359 3105 1398 ac
3144 1359 3248 1399 non
3293 1359 3454 1414 pauczt
3498 1346 3774 1415 prmclara,

2194 1431 2260 1485 ad
2293 1433 2566 1487 historiam
2598 1434 2736 1488 illius
2773 1434 2897 1488 anni
2937 1435 3256 1505 pertinentia
3279 1478 3293 1500 ,
3319 1436 3600 1490 admiscet.
3641 1437 3777 1490 Cer-

2199 1523 2564 1602 tissimumque
2597 1535 2678 1580 est
2725 1525 2841 1581 illas
2865 1526 3326 1595 Constantinopoli
3368 1526 3573 1580 habitas
3615 1527 3781 1580 fuisse

2197 1615 2350 1666 armis
2389 1613 2575 1669 398m
2615 1613 2738 1672 '599.
2780 1617 2860 1670 Att
2894 1633 3020 1670 vero
3063 1618 3400 1672 continenter
3440 1626 3489 1670 et
3537 1617 3628 1671 illo
3671 1613 3781 1686 quo

2198 1709 2353 1762 dicta:
2381 1707 2526 1764 fuere
2552 1709 2737 1762 ordine
2763 1710 2848 1764 hic
2879 1710 3194 1774 referantur,
3217 1710 3284 1764 de
3314 1711 3493 1764 multis
3521 1711 3779 1779 liqttidttm

2198 1808 2302 1859 est,
2329 1797 2396 1851 de
2424 1799 2671 1854 omnibus
2697 1799 2962 1854 affirmare
2987 1818 3091 1854 non
3121 1803 3288 1854 ausim
3316 1817 3328 1866 ;
3361 1801 3468 1855 imo
3493 1802 3810 1859 verisimile‘

2200 1897 2282 1943 est
2307 1889 2462 1953 alias,
2490 1905 2609 1958 quae
2631 1889 2740 1958 jam
2769 1906 2873 1944 non
2903 1901 3129 1956 exstant,
3166 1892 3468 1961 interjectas
3496 1891 3677 1946 fuisse.

2275 1979 2445 2034 Prima
2488 1996 2614 2034 vero
2657 1981 2794 2035 dicta
2834 1981 2932 2035 fuit
2973 1997 3091 2036 cum
3135 1979 3369 2038 nondum
3413 1983 3622 2052 triginta
3663 1982 3786 2037 dies

2201 2070 2554 2138 efﬂuxissent,
2600 2073 2668 2127 ab
2709 2073 2906 2142 ingenti
2957 2074 3046 2128 illo
3084 2083 3238 2128 terra:
3273 2085 3436 2140 motu,
3481 2077 3568 2145 qui
3615 2085 3783 2130 totaru

2205 2164 2386 2218 urbem
2416 2163 2895 2235 Constantinopolin
2910 2169 3574 2235 concusserat(a).Certum
3601 2181 3782 2224 autem

2203 2274 2323 2313 esse
2351 2258 2558 2313 videtur
2587 2267 2744 2314 teme
2788 2269 2986 2314 motum
3032 2261 3177 2314 illum
3222 2277 3291 2315 ex
3333 2279 3555 2316 numero
3596 2279 3785 2318 eorum

2205 2349 2406 2415 fuisse,
2462 2365 2598 2421 quos
2650 2350 2966 2406 Claudianus
3022 2353 3476 2423 Constantinopoli
3523 2355 3788 2409 accidisse

2206 2453 2470 2496 tnemorat
2512 2452 2634 2498 ante
2670 2441 3016 2498 Consulatum
3061 2445 3296 2515 Eutrapii
3321 2487 3334 2507 ,
3375 2461 3514 2500 anno
3540 2447 3790 2500 videlicet

2207 2535 2334 2588 598.
2361 2533 2558 2589 Omnes
2586 2536 2780 2605 quippe
2812 2537 3053 2590 ltotuilias
3098 2537 3224 2591 istas
3254 2538 3332 2590 vel
3364 2547 3487 2593 ante
3523 2539 3789 2593 Consula-

2209 2635 2317 2680 tum
2344 2628 2604 2695 EutrOpii,
2629 2628 2716 2695 qui
2743 2629 2900 2697 cmpit
2928 2629 3077 2682 initio
3100 2630 3222 2682 anni
3251 2629 3373 2694 599,
3400 2631 3480 2684 vel
3509 2632 3623 2699 ipso
3645 2632 3791 2685 Con-

2203 2720 2344 2785 Sule,
2391 2719 2483 2795 sed
2525 2729 2649 2775 ante
2692 2718 2865 2789 fugam
2911 2721 3218 2787 caedemque
3257 2721 3404 2790 ejus,
3446 2738 3565 2790 quae
3605 2736 3795 2776 mense

2208 2811 2420 2865 circiter
2447 2811 2666 2879 Augusti
2701 2813 2822 2864 antri
2859 2811 2963 2866 599
2992 2813 3204 2877 accidit,
3241 2811 3445 2867 habitas
3478 2811 3640 2867 fuisse
3665 2829 3794 2867 cer-

2211 2914 2318 2957 tum
2347 2913 2446 2958 est.
2517 2906 2532 2921 ‘

2279 2992 2465 3048 Concio
2490 3003 2600 3063 post
2617 3003 2762 3048 terra!
2788 3005 2992 3048 motum.
3011 2995 3269 3049 —Printa
3305 2995 3637 3062 pronuntiata
3671 2994 3792 3060 fuit,

2210 3095 2265 3138 ut
2286 3084 2443 3139 modo
2465 3085 2789 3147 dicebamus,
2813 3098 2927 3155 post
2944 3087 3204 3156 ingentem
3231 3087 3371 3139 illunt
3394 3096 3544 3140 terrm
3565 3097 3792 3150 motuin,

2209 3189 2330 3228 cum
2363 3174 2594 3229 nOndutn
2624 3175 2832 3244 triginta
2864 3177 2979 3230 dies
3004 3176 3331 3230 eflluxissent
3361 3178 3427 3229 ab
3451 3179 3540 3232 illo
3560 3178 3667 3241 die,
3686 3195 3797 3247 quo

2213 3263 2340 3317 urbs
2372 3274 2478 3317 tota
2504 3263 2847 3318 vehementer
2871 3281 3128 3320 concussa
3157 3282 3184 3319 a
3219 3276 3373 3321 terra:
3404 3277 3545 3320 motu
3579 3267 3753 3320 fuerat
3779 3286 3796 3324 :

2211 3354 2531 3424 videturque
2568 3353 2744 3409 habita
2791 3355 2952 3410 fuisse
2981 3373 3121 3410 anno
3164 3367 3405 3411 vertente
3438 3358 3610 3412 598iu
3645 3374 3796 3412 mar-

2215 3447 2350 3515 tyrio
2387 3447 2499 3501 sive
2540 3447 2762 3501 ecclesia
2818 3457 3108 3519 martyrum
3135 3491 3149 3509 .
3201 3465 3320 3518 quae
3368 3457 3484 3503 erat
3524 3448 3578 3503 itt
3611 3448 3795 3503 Veteri

2215 3536 2393 3603 l‘etra,
2425 3546 2481 3590 ut
2511 3537 2676 3591 fertur
2702 3538 2753 3590 in
2788 3539 2961 3591 titulo.
3006 3539 3171 3609 llnjns
3213 3542 3454 3612 martyrii
3502 3551 3556 3595 et
3589 3541 3802 3596 Veteris

2214 3627 2384 3682 Petra:
2442 3627 2640 3681 nnllarn
2685 3628 2859 3682 adhuc
2899 3632 3224 3684 mentionem
3273 3631 3446 3684 inveni
3489 3631 3624 3699 apud
3665 3634 3800 3686 scri-

2215 3730 2392 3789 ptores
2422 3735 2599 3774 rerum
2624 3720 3321 3789 Constantin0politamirum
3360 3739 3372 3773 :
3403 3737 3575 3791 neque
3603 3723 3799 3776 mirmn

2215 3811 2342 3866 illud
2371 3819 2490 3877 est;
2533 3812 2696 3866 multa
2726 3812 2866 3866 enim
2897 3813 2996 3866 alia
3043 3815 3446 3883 prmtermisis~e
3491 3815 3608 3869 illos
3654 3831 3802 3868 enm-

2217 3905 2349 3972 peri.
2384 3901 2437 3957 ln
2460 3903 2687 3957 exordio
2716 3915 2891 3957 autem
2926 3905 3190 3958 invehitur
3221 3905 3273 3958 in
3313 3905 3432 3958 illos
3458 3906 3546 3974 qui
3575 3905 3644 3958 ob
3679 3907 3792 3974 pht-

2217 3995 2354 4048 viam
2387 4002 2439 4049 et
2480 3994 2646 4049 lutum
2695 3995 2745 4049 itt
2777 3996 3054 4050 ecclesiam
3104 4013 3211 4050 non
3257 4009 3648 4060 convenerant,
3675 4001 3798 4067 quia

2216 4102 2409 4156 nempe
2437 4085 2503 4141 de
2531 4102 2588 4141 re
2616 4087 2758 4156 gravi
2803 4097 2855 4142 et
2883 4087 2947 4139 ad
2978 4087 3172 4141 multos
3200 4088 3497 4142 absentium
3519 4099 3800 4157 spectante

2216 4177 2475 4246 agendum
2523 4177 2619 4230 sibi
2669 4188 2802 4232 erat.
2851 4177 2982 4232 Cnnt
3034 4179 3173 4232 enim
3221 4189 3344 4233 ante
3372 4165 3588 4248 triginta
3631 4179 3802 4233 ferme

2215 4269 2331 4323 dies
2368 4269 2494 4323 urbs
2521 4279 2629 4323 tota
2660 4269 2860 4340 ingenti
2910 4279 3069 4324 terra:
3114 4283 3258 4326 motu
3285 4282 3615 4341 quateretur,
3647 4273 3806 4331 multi

2217 4357 2501 4414 formidine
2530 4361 2782 4429 Correpti,
2809 4361 3057 4414 domibus
3083 4404 3095 4425 ,
3120 4362 3263 4430 agris
3288 4403 3301 4424 ,
3331 4363 3607 4432 mancipiis
3627 4405 3642 4428 ,
3669 4379 3815 4422 auro.

2215 4459 2267 4504 et
2315 4458 2536 4521 argento
2587 4451 2825 4515 relictis,
2875 4453 3055 4522 procul
3093 4464 3148 4508 et
3209 4454 3258 4506 in
3311 4453 3470 4507 aliam
3521 4454 3812 4523 regi02tent.

2217 4539 2551 4611 aufugerant.
2591 4541 2740 4596 Tunc
2768 4560 2892 4596 vero
2926 4543 3137 4613 plurimi
3166 4560 3228 4597 ex
3273 4544 3337 4597 iis
3367 4545 3453 4614 qui
3483 4544 3623 4597 domi
3652 4560 3805 4601 mane

2217 4643 2400 4691 serant
2439 4634 2491 4689 in
2541 4633 2884 4706 fugitivorum
2927 4637 3063 4690 bona
3097 4636 3396 4690 involarant
3421 4678 3434 4700 ,
3465 4650 3596 4706 quos
3642 4651 3808 4690 acer-.

2219 4729 2352 4784 rime
2371 4771 2385 4795 ,
2417 4737 2470 4785 et
2494 4728 2613 4800 jure
2641 4729 2888 4801 quidem,
2938 4731 3229 4785 insectatur
3258 4730 3672 4800 Chrysostomns
3698 4768 3715 4794 ,
3747 4739 3819 4786 et.

2220 4819 2271 4873 in
2303 4827 2501 4874 tantam
2533 4830 2638 4874 tant
2679 4820 2959 4875 absurdam
2991 4821 3161 4876 aliena
3209 4820 3489 4875 invadendi
3533 4821 3801 4890 cupidita-

2222 4920 2351 4976 tem,
2395 4911 2647 4983 quidquid
2676 4912 2983 4967 cxulcerato
3011 4911 3190 4964 animo
3216 4927 3336 4967 sese
3363 4911 3553 4965 obtulit
3579 4927 3646 4968 ex
3673 4921 3816 4966 tetn-.

2223 5020 2354 5073 pore
2403 5005 2455 5059 in
2489 5020 2709 5076 rapaces
2754 5003 2996 5060 homines
3027 5003 3259 5074 profudit
3297 5020 3312 5070 ;
3354 5003 3593 5059 abscisso
3621 5012 3820 5063 autem,

2223 5093 2366 5159 folio,
2396 5094 2636 5164 quredam
2684 5109 2748 5150 ex
2782 5093 2936 5165 hujus
2959 5095 3230 5150 concionis
3260 5095 3436 5149 medio
3460 5094 3806 5150 exciderunt.

2220 5185 2426 5240 Clandit
2454 5194 2629 5240 autem
2662 5185 2930 5240 homiliam
2960 5185 3145 5240 dieens
3170 5228 3185 5251 ,
3217 5196 3704 5256 quantumcumque
3733 5185 3804 5238 sit

2223 5285 2515 5345 peccatum,
2547 5277 2591 5332 si
2624 5278 2934 5347 poznitentia
2982 5279 3109 5332 moti
3139 5278 3194 5342 ii,
3223 5277 3310 5347 qui
3340 5277 3461 5331 talia
3495 5277 3610 5330 ausi
3639 5290 3763 5329 sunt
3786 5316 3802 5342 ,

2221 5367 2284 5421 ad
2318 5367 2568 5422 Ecclesia:
2599 5367 2877 5438 pra-tectos
2900 5367 3172 5434 accedant,
3197 5367 3426 5437 benigne
3446 5366 3822 5421 admittendos.

2221 5471 2273 5513 et
2306 5460 2515 5513 veniam
2540 5468 2852 5528 accepturos
2878 5473 3017 5513 esse.

2289 5547 2559 5606 Cclebritar
2587 5568 2769 5624 magna
2797 5551 2847 5605 in
2877 5550 3202 5607 translatione
3232 5546 3817 5624 Iielt'lruitrrrtm.«iamr

2219 5649 2286 5706 ad
2320 5651 2677 5707 celebritatem
2705 5669 3006 5719 evocantur,
3030 5660 3266 5710 omnium
3298 5663 3516 5712 lorutssc
3540 5675 3659 5724 ιιιιςιι
3685 5672 3802 5708 tun-

2223 5759 2379 5813 quam
2430 5743 2886 5813 Constantinopoli
2931 5744 3074 5800 fuere
3118 5750 3399 5802 maximam
3432 5790 3446 5809 ,
3480 5762 3642 5816 quam
3691 5759 3803 5801 tum

609 5830 702 5909 tri)“
721 5831 820 5909 sor.
846 5837 1124 5909 p'QSiilel'LC
1146 5833 1349 5889 metunt,
1369 5829 1454 5877 sed
1479 5837 1589 5890 post
1619 5832 1867 5895 dejectum
1903 5834 2078 5899 Eutrol
2098 5837 2195 5886 iam
2231 5839 2475 5900 pronunti.
2495 5846 2589 5889 tam
2620 5839 2769 5892 fuisse
2796 5844 2920 5893 hanc
2952 5845 3199 5894 homiliam
3221 5843 3349 5894 bene
3377 5859 3436 5909 pr
3469 5844 3549 5893 bat
3577 5845 3797 5904 SLiiLitl.’.

541 5903 589 5941 rt,
613 5893 842 5951 696-692),
868 5893 998 5941 titur.
