4110 6148
311 467 496 521 titulus
525 464 796 520 concioais
821 509 836 534 ,
871 479 980 522 tum
1024 470 1209 525 concio
1251 472 1365 543 ipsa
1408 472 1563 530 nobis
1592 475 1891 533 minutatim

309 558 635 614 describunt.
682 558 803 615 llaec
826 576 985 630 porro
1013 565 1194 633 paucis
1217 575 1339 637 post
1362 565 1593 622 habitam
1623 568 1892 624 homiliam

309 648 699 718 pmcedeatem
753 651 941 708 diebus
990 662 1107 708 acta
1161 665 1305 712 sunt.
1348 656 1604 713 Nimirum
1654 660 1893 715 Eudoxia

307 738 646 809 huperatrix,
679 739 768 811 pio
800 746 1038 812 perm‘ota
1065 746 1241 800 studio
1264 789 1276 807 ,
1307 747 1558 819 reliquias
1585 758 1891 806 sanctorum

304 850 386 886 ma
400 842 602 905 rtyrutn
633 833 911 903 quasdam,
947 852 1172 905 quorum
1206 854 1330 893 vero
1378 848 1668 914 martyrum
1714 853 1893 899 essent

301 941 404 978 non
456 924 750 991 iudicatur,
786 928 1076 984 transferre
1125 930 1287 985 voluit
1332 947 1361 985 a
1395 931 1580 1002 Magna
1623 935 1886 1000 ecclesia,

298 1034 416 1086 qua:
452 1017 922 1089 Constantinopoli
948 1031 1084 1086 erat,
1118 1022 1184 1076 ad
1231 1024 1542 1096 martyrium
1572 1026 1684 1081 sive
1713 1029 1889 1083 eccle-

300 1108 432 1162 siam
468 1107 528 1163 S.
555 1108 799 1175 Thomas,
840 1125 959 1180 qua:
987 1126 1176 1167 novem
1204 1113 1390 1183 signis,
1422 1130 1516 1192 seu
1555 1117 1886 1186 milliaribus,

296 1199 365 1254 ab
394 1199 526 1255 urbe
548 1199 796 1267 distabat,
818 1211 879 1255 et
908 1201 973 1256 ad
1004 1217 1151 1257 oram
1190 1203 1355 1259 maris
1380 1204 1480 1260 sita
1499 1215 1635 1263 erat.
1656 1206 1765 1262 Cur
1790 1224 1889 1263 au-

299 1301 405 1346 tem
438 1302 598 1347 noctu
626 1293 787 1349 talem
818 1294 931 1348 lieri
961 1295 1362 1351 translationem
1404 1298 1665 1367 voluerit,
1696 1298 1888 1356 frustra
1926 1300 1929 1303 λ

295 1399 552 1453 quarras:
594 1393 712 1440 utut
751 1400 838 1441 res
863 1394 965 1453 est,
1020 1388 1098 1442 sic
1141 1387 1227 1442 illa
1278 1389 1536 1448 solemnis
1585 1395 1887 1463 exportatio

295 1476 432 1530 facta
459 1473 576 1529 fuit.

367 1568 542 1623 Media
585 1577 743 1624 nocte
766 1566 1024 1640 Reliquizc
1046 1570 1148 1625 illa:
1173 1581 1485 1645 martyrum,
1510 1574 1560 1629 in
1590 1574 1741 1630 theca
1773 1574 1889 1630 velo

291 1669 484 1730 operta
516 1661 726 1730 positte,
758 1675 823 1715 ex
848 1660 1032 1731 Magna
1063 1663 1288 1718 ecclesia
1308 1705 1324 1729 ,
1355 1680 1474 1734 qua:
1514 1665 1566 1719 in
1594 1667 1722 1722 urbe
1746 1666 1887 1722 Con-

291 1752 643 1823 stantinopoli
664 1762 798 1819 erat,
817 1756 1487 1822 exportantur,comitante
1516 1757 1713 1827 ingenti
1741 1759 1884 1812 mul-

290 1843 523 1898 titudine
546 1885 562 1909 ,
597 1860 754 1913 quant
787 1844 856 1898 ita
883 1844 1135 1900 describit
1162 1849 1274 1917 ipse
1303 1845 1717 1919 Chrysostomus
1739 1891 1754 1914 ,
1795 1852 1884 1921 qui

285 1950 413 1988 cuni
460 1933 701 1989 Eudoxia
741 1935 1081 2005 lmpcratrice
1127 1946 1286 1992 tantae
1332 1938 1662 1994 Celebritatis
1701 1952 1885 1996 auctor

285 2034 428 2079 crat.
466 2023 568 2079 llic
611 2025 778 2080 videre
821 2035 927 2079 erat
980 2028 1343 2081 monachorum
1395 2039 1584 2092 cretus,
1635 2032 1884 2103 virginum

283 2117 495 2180 choros,
517 2118 837 2171 sacerdotum
865 2117 1088 2185 ordines,
1119 2119 1442 2174 saecularium
1486 2121 1707 2175 virorum
1749 2123 1881 2176 mul-

286 2208 559 2262 titudinem
582 2248 598 2273 ,
626 2225 900 2275 seruorum,
927 2202 1218 2275 liberorum,
1237 2211 1416 2266 ciuium
1438 2252 1454 2278 ,
1480 2213 1878 2293 peregrinorum,

282 2298 578 2368 principum
611 2309 660 2353 et
701 2301 1015 2354 subditorum
1038 2342 1056 2369 ,
1082 2318 1196 2355 cum
1223 2303 1408 2372 gaudio
1428 2304 1479 2357 in
1514 2306 1619 2377 tali
1643 2306 1882 2359 comitatu

283 2392 692 2458 properantium.
711 2390 950 2445 Mulieres
974 2392 1027 2445 in
1047 2391 1284 2448 thalamis
1309 2397 1495 2450 uersari
1516 2396 1679 2451 solitae
1699 2407 1743 2450 et
1763 2414 1879 2452 cera

282 2483 547 2536 molliores
567 2524 584 2548 ,
613 2483 797 2537 relictis
843 2484 1038 2540 tedibus
1084 2501 1199 2539 cunt
1258 2487 1616 2543 robustissimis
1660 2490 1879 2544 uirorum

280 2573 553 2627 alacritate
579 2573 854 2642 certabant,
886 2592 1002 2630 cum
1051 2587 1246 2632 tantum
1284 2578 1476 2635 itineris
1498 2571 1646 2635 noctu
1669 2584 1881 2653 per/ice-

280 2674 396 2718 rent
422 2680 444 2719 :
464 2683 566 2719 non
582 2667 792 2737 juvenes
823 2669 971 2722 ntodo
988 2709 1004 2734 ,
1033 2671 1122 2724 sed
1151 2672 1302 2725 etiam
1340 2690 1469 2727 anus
1495 2690 1552 2728 eo
1571 2677 1875 2746 pergebant,

280 2772 448 2825 neque
476 2767 672 2813 natura
700 2760 969 2827 inﬁrmitas
986 2803 1000 2827 ,
1032 2778 1189 2832 neque
1211 2763 1512 2820 celebritatis
1538 2780 1745 2837 pompa,
1790 2786 1879 2823 ne—

280 2864 382 2916 que
411 2849 578 2904 solitis
604 2850 718 2904 vita:
757 2851 993 2907 mollities
1023 2853 1395 2924 impedimento
1423 2861 1581 2927 fuere.
1616 2858 1878 2931 Principes

279 2955 465 2993 rursus
501 2951 548 2994 et
595 2941 918 3011 magistratus
945 2985 961 3010 ,
1006 2945 1192 2999 relictis
1240 2947 1469 3003 curribus
1488 2990 1503 3016 ,
1534 2947 1791 3005 lictoribus
1821 2961 1868 3005 et

279 3031 610 3097 satellitibus,
644 3033 772 3102 plebi
795 3051 902 3088 sese
929 3034 1266 3092 admiscuere.
1558 3032 1567 3035 ’

355 3120 562 3192 Ecquid
608 3122 842 3179 mulieres
889 3126 1240 3197 principesque
1284 3145 1613 3185 memoremus
1633 3173 1647 3197 ,
1672 3133 1877 3198 quando

278 3216 401 3281 ipsa
429 3213 678 3270 Eudoxio
699 3215 1036 3287 Imperalrix,
1052 3235 1164 3288 qua:
1186 3220 1417 3275 diadema
1434 3223 1655 3293 gestabat
1680 3234 1728 3278 et
1755 3242 1881 3295 pitr-

277 3323 417 3377 pura
449 3307 770 3373 induebatur,
793 3326 883 3379 per
918 3319 1076 3365 totout
1107 3313 1238 3366 uiam
1279 3329 1342 3368 ne
1379 3316 1631 3369 tantillum
1676 3318 1878 3389 quidem

278 3399 552 3468 areliquis
597 3402 824 3471 separari
868 3402 1069 3468 voluit;
1115 3404 1205 3457 sed
1230 3404 1434 3460 ancillae
1475 3408 1636 3462 instar
1662 3451 1677 3474 ,
1710 3412 1877 3480 inquit

274 3490 701 3562 Cltrysostomus
732 3536 749 3561 ,
796 3503 997 3547 sanctos
1036 3494 1362 3562 sequebatur,
1396 3499 1592 3553 thecam
1633 3510 1680 3555 et
1713 3503 1876 3556 uelum

275 3582 662 3651 superpositum
688 3593 918 3654 tangens,
935 3584 1310 3657 humanumque
1334 3592 1523 3660 fastum
1543 3608 1743 3647 onmem
1763 3594 1874 3649 culo

277 3690 430 3740 cans,
459 3685 609 3744 atque
631 3676 687 3729 in
717 3678 845 3730 tanti
880 3678 1062 3733 theatri
1104 3682 1271 3736 medio
1292 3723 1308 3748 ,
1339 3699 1371 3735 a
1398 3686 1588 3754 populo
1618 3686 1878 3742 ridebatur

277 3764 399 3825 illa,
425 3779 581 3832 quam
612 3781 674 3818 ne
710 3770 951 3823 eunuchis
992 3771 1194 3839 quidem
1218 3772 1469 3840 onmibus,
1500 3775 1588 3844 qui
1613 3777 1667 3831 in
1697 3775 1874 3848 Impe-

279 3855 482 3908 ratoria
507 3856 719 3910 aluntur
767 3857 890 3912 aula
916 3899 931 3925 ,
957 3867 1246 3929 conspicere
1280 3862 1414 3918 licet.
1463 3865 1571 3921 Sed
1597 3881 1876 3940 martyrum

280 3962 434 3999 amor
463 3954 512 4000 et
538 3948 764 4002 caritatis
787 3949 999 4018 ﬂamma
1022 3952 1198 4022 ipsiut
1218 3954 1383 4010 larvas
1416 3957 1533 4011 illas
1552 3974 1721 4013 omnes
1747 3962 1876 4033 abji-

283 4047 425 4092 ceret
482 4041 666 4092 suasit.
725 4039 897 4109 PrOpe
955 4041 1251 4100 Eudoxiam
1300 4047 1579 4104 incedebat
1634 4051 1868 4109 Joannes

281 4130 703 4201 Chrysostomus
733 4133 948 4202 praesul.
996 4133 1085 4189 Sic
1138 4145 1314 4191 tantus
1359 4138 1450 4194 ille
1491 4152 1682 4203 cintus,
1724 4143 1874 4199 theca

280 4222 382 4276 SS.
412 4232 710 4293 martyrum
762 4234 1038 4293 prmeunte
1065 4268 1079 4292 ,
1110 4242 1205 4296 per
1243 4230 1474 4284 taedium
1522 4234 1763 4288 transivit
1793 4235 1875 4290 fo-

224 4365 228 4369 .
282 4329 428 4380 rum,
455 4323 509 4369 et
535 4331 599 4369 ex
630 4315 801 4387 portis
833 4318 978 4373 urbis
1005 4334 1251 4389 egressus
1278 4322 1343 4376 ad
1374 4324 1619 4396 Drypiam
1638 4367 1651 4390 ,
1675 4328 1752 4382 sic
1788 4328 1875 4382 di-

280 4416 430 4461 ctum
459 4406 655 4474 locum,
675 4409 775 4465 iter
791 4408 1039 4479 instituit,
1066 4412 1115 4465 in
1139 4416 1447 4486 martyrium
1473 4432 1567 4471 seu
1596 4419 1873 4474 ecclesiam

283 4501 456 4555 sancti
476 4501 722 4569 Thoans,
753 4518 943 4559 novem
965 4505 1149 4576 signis,
1171 4507 1284 4563 sive
1307 4502 1727 4580 milliaribus,ab
1745 4513 1875 4569 urbe

290 4590 595 4647 distantem.
980 4628 983 4631 λ
1204 4662 1220 4678 .

364 4685 486 4739 Pari
535 4695 715 4742 autem
765 4688 1039 4745 alacritate
1075 4690 1141 4745 ad
1172 4706 1320 4746 oram
1362 4693 1525 4748 maris
1555 4704 1871 4765 pergentes;

287 4774 484 4847 Drypia
514 4777 658 4830 enim
686 4777 752 4832 ad
785 4779 931 4833 littus
952 4789 1103 4845 erat;
1132 4779 1334 4836 facilius
1356 4789 1409 4835 ct
1433 4782 1762 4852 lampadibus
1790 4787 1875 4839 in-

284 4868 473 4922 structi
503 4884 712 4934 omues,
738 4869 909 4941 ipsum
938 4887 1085 4926 mare
1116 4872 1403 4941 Splendorc
1429 4875 1727 4944 replebant.
1758 4875 1873 4932 Ne-

284 4976 381 5022 que
418 4960 727 5015 aberraveri:
751 5004 767 5028 ,
798 4962 968 5032 inquit
1009 4962 1423 5035 Chrysostomus
1445 5008 1460 5033 ,
1504 4968 1589 5036 qui
1614 4968 1708 5023 hoc
1736 4986 1876 5025 mare

285 5052 500 5119 ﬂuuium
526 5053 656 5123 ignis
675 5055 957 5118 vocaverit;
980 5055 1054 5108 ita
1075 5072 1254 5126 nempe
1272 5057 1555 5125 lampades,
1586 5076 1699 5130 qua:
1722 5071 1874 5115 noctu

286 5142 573 5214 frequentes
618 5160 682 5198 ac
707 5146 960 5199 continue
1008 5146 1076 5198 ad
1106 5163 1262 5215 usque
1289 5150 1588 5220 martyrium
1616 5151 1709 5204 hoc
1737 5154 1872 5223 fere-

286 5238 491 5301 bantur,
506 5237 648 5308 fluuii
666 5239 801 5309 ignei
823 5238 1093 5309 imaginem
1119 5240 1397 5294 uidentibus
1422 5241 1737 5296 exhibebant.
1765 5243 1874 5299 Eu-

206 5367 219 5372 -
286 5326 445 5382 dolia
475 5344 606 5382 vero
629 5343 749 5382 cum
780 5327 983 5384 honore
1012 5345 1206 5397 magno
1235 5369 1253 5395 ,
1281 5329 1456 5384 studio
1492 5341 1651 5401 atque
1675 5335 1872 5403 pietate

288 5430 552 5491 martyres
579 5420 830 5475 comitata
855 5431 957 5485 est,
995 5419 1134 5488 plebi
1167 5422 1493 5489 intermixta,
1516 5439 1638 5478 cum
1663 5440 1691 5480 s
1708 5426 1871 5480 uelli-

287 5511 415 5565 tium
447 5528 615 5567 omne
640 5513 951 5577 amovisset,
977 5523 1033 5568 et
1076 5512 1215 5569 ferre
1242 5528 1458 5569 omnem
1485 5515 1607 5570 vitro
1650 5526 1705 5572 et
1739 5532 1870 5572 cou-

281 5600 504 5656 ditiouis
535 5602 950 5672 inaequalitatem
980 5602 1283 5672 abiecisset.
1338 5604 1469 5675 Ejus
1504 5606 1867 5665 assiduitatem

284 5692 619 5747 mirabantur
645 5703 699 5747 et
727 5692 921 5748 divites
933 5704 988 5750 et
1015 5710 1295 5764 pauperes,
1319 5697 1719 5755 videntesillam
1749 5702 1868 5758 sine

285 5785 682 5851 intertiiissioue
714 5803 805 5863 per
839 5797 1043 5859 tantum
1069 5788 1163 5847 vite
1193 5791 1420 5861 spatium
1449 5793 1660 5849 ossibus
1692 5794 1860 5849 inita:-

1481 362 1660 421 ΝυΝο
1698 362 1963 423 PRIMUM
1998 366 2397 427 ADORNATA.

3480 385 3585 442 170

2007 472 2209 536 tentem
2233 523 2248 549 ,
2277 497 2376 539 nec
2405 499 2651 556 umquam
2681 483 2949 545 defessam
2980 491 3062 547 vel
3108 494 3454 568 resilientem,
3487 502 3578 556 sed

2002 586 2141 627 arcte
2181 589 2394 645 semper
2417 577 2737 635 adstantem.

2074 663 2255 734 Populi
2284 682 2412 723 vero
2454 684 2745 725 concursus
2775 682 2951 728 tantus
2981 675 3079 729 fuit
3122 693 3335 748 semper
3357 682 3425 738 ab
3452 685 3583 742 urbe

1998 755 2065 810 ad
2112 757 2357 830 Drypiam
2403 775 2572 830 usque
2603 805 2616 828 ,
2646 771 2704 816 ut
2730 777 2849 818 cum
2890 766 3119 825 tluniinis
3169 770 3324 825 undis
3366 775 3580 829 assidue

1999 848 2335 903 manantibus
2365 851 2536 920 ipsum
2557 863 2833 922 comparet
2865 854 3295 927 Chrysostomus.
3334 861 3447 917 Etsi
3477 879 3577 918 au-

1999 950 2104 995 tem
2138 941 2312 997 media
2343 952 2499 998 nocte
2543 944 2801 1014 Reliquias
2828 962 2947 1001 cum
2993 959 3134 1004 coetu
3182 961 3291 1006 toto
3325 954 3576 1023 profecta:

1998 1029 2240 1097 fuerant,
2272 1033 2484 1087 nonnisi
2539 1029 2885 1089 illucescente
2936 1037 3023 1092 die
3069 1041 3133 1093 ad
3168 1041 3412 1114 Drypiam
3461 1061 3573 1115 pcr-

1999 1130 2215 1176 ventum
2244 1131 2365 1189 est;
2396 1132 2504 1177 tum
2536 1126 2654 1192 quia
2681 1126 2890 1181 nonnisi
2933 1128 3228 1185 lentissimo
3255 1134 3417 1202 gradu
3451 1151 3575 1205 pcr-

1995 1227 2122 1281 gere
2151 1222 2392 1281 poterant
2419 1215 2507 1284 qui
2539 1216 2744 1270 thecam
2767 1226 2821 1272 et
2862 1218 3130 1289 Reliquias
3145 1224 3441 1293 gestabant,
3466 1237 3575 1284 tum

1996 1302 2118 1370 quia
2148 1302 2436 1359 identidem
2462 1306 2684 1375 gradum
2712 1308 2904 1364 sistere
2930 1321 3181 1368 oneratos
3208 1329 3272 1370 ac
3300 1317 3578 1386 quiescere

1995 1407 2131 1463 OptlS
2155 1403 2293 1449 erat.

2067 1482 2196 1538 Post
2214 1485 2498 1543 adventum
2521 1505 2585 1545 ac
2605 1490 2992 1562 depositionem
3023 1497 3377 1570 Reliquiarum
3411 1503 3462 1558 in
3485 1520 3570 1559 ec-

1994 1570 2158 1629 clesia
2179 1570 2596 1634 Sancti'l‘homte
2620 1582 2674 1637 in
2699 1584 2919 1657 Drypia,
2949 1589 3259 1645 concionem
3289 1601 3562 1663 extempo-

1974 1664 2156 1720 ralem
2188 1665 2371 1723 hahuit
2393 1669 2807 1743 Chrysostomus
2826 1679 3023 1748 gaudio
3051 1681 3291 1751 perfusus
3309 1696 3361 1740 et
3381 1703 3442 1741 ex
3475 1688 3573 1742 Ima

1986 1754 2221 1825 jusmodi
2248 1764 2553 1829 spectaculo
2581 1769 2855 1824 attonitus.
2894 1772 3155 1840 Quoniam
3188 1792 3313 1832 vero
3339 1777 3425 1835 hic
3448 1797 3576 1836 enu-

1991 1847 2237 1904 eionandi
2284 1852 2472 1908 modus
2527 1855 2683 1927 longe
2709 1858 2976 1932 discrepat
3017 1880 3046 1917 a
3086 1868 3278 1922 ceteris
3303 1872 3572 1940 omnibus,

1986 1953 2124 2008 quos
2146 1939 2402 1998 hactenus
2432 1945 2679 2011 vidimus,
2710 1948 2866 2020 hujus
2883 1955 3160 2010 exordium
3195 1957 3280 2012 hic
3302 1976 3572 2030 apponere

1993 2030 2164 2092 visum
2195 2041 2278 2086 est
2306 2049 2321 2085 :
2357 2033 2494 2099 Quid
2523 2037 2688 2092 dicunt
2715 2049 2760 2094 et
2786 2043 2910 2112 quid
2931 2044 3112 2110 loquar
3140 2048 3168 2102 1’
3189 2051 3384 2105 exsulto
3411 2065 3457 2107 et
3487 2056 3570 2107 iu-

1987 2123 2152 2190 sanio,
2185 2125 2278 2179 sed
2306 2126 2524 2197 insania,
2570 2148 2684 2203 qua:
2711 2132 2821 2204 ipsa
2846 2139 3094 2207 sapientia
3123 2141 3299 2196 melior
3323 2156 3415 2200 est.
3468 2145 3599 2201 νυ-⁶

1989 2212 2101 2269 lans
2123 2224 2171 2269 et
2195 2217 2402 2273 choreas
2424 2237 2576 2292 agens
2600 2225 2828 2281 sublimis
2848 2230 2985 2299 feror
3008 2246 3029 2286 :
3056 2230 3220 2287 ebrius
3242 2236 3441 2289 tandem
3459 2257 3571 2293 sunt

1986 2320 2050 2372 ex
2073 2304 2168 2358 hac
2196 2306 2452 2377 uoluptate
2484 2312 2764 2381 spirituuli.
2793 2315 2929 2383 Quid
2956 2321 3121 2373 dicam
3150 2333 3197 2375 ct
3221 2326 3339 2388 quid
3361 2326 3564 2397 loquor"

1987 2407 2332 2467 martyrumne
2356 2401 2584 2457 virtutem
2600 2407 2627 2458 Ρ
2650 2424 2717 2460 an
2745 2411 2974 2465 caritatis
2994 2414 3339 2473 alacritatem?
3362 2439 3427 2475 an
3456 2421 3567 2477 lin-

1985 2489 2246 2557 peratricis
2268 2491 2461 2547 zelum?
2485 2511 2553 2548 an
2585 2494 2886 2569 Principum
2913 2509 3259 2562 concursum?
3282 2527 3348 2564 an
3380 2498 3579 2569 ιΙὶαὺυΙί

1985 2581 2234 2637 insaniant
2252 2584 2280 2634 7
2305 2602 2372 2639 an
2400 2586 2686 2644 da’monum
2716 2592 2915 2647 cladem
2940 2636 2955 2661 ,
2990 2596 3230 2655 Ecclesia
3264 2604 3572 2662 nobilitatem

1986 2673 2153 2727 crucis
2182 2674 2411 2730 uirtutem
2436 2719 2453 2743 ,
2510 2678 2756 2751 Cruci/ixi
2801 2669 3047 2741 miracula
3078 2730 3091 2752 ,
3133 2689 3303 2747 l’otris
3330 2696 3567 2763 gloriam,

1986 2762 2213 2831 Spiritus
2257 2769 2475 2839 gratiam
2502 2811 2517 2835 ,
2551 2772 2729 2849 populi
2773 2775 2926 2831 totius
2972 2779 3272 2849 voluptatem
3295 2762 3573 2847 ,ciuitatis

1983 2856 2382 2914 exsultationes?
2402 2870 2507 2915 etc.
2551 2861 2731 2934 Pergit
2759 2875 2957 2926 autem.
2990 2867 3057 2932 de
3086 2869 3442 2943 Reliquiarum
3472 2892 3574 2933 ett-

1986 2943 2305 3012 portatione'
2332 2951 2497 3006 multa
2548 2968 2772 3010 narrans
2795 2997 2810 3023 ,
2841 2956 3131 3013 Eudoxiam
3174 2962 3568 3033 lmperatricem

1985 3036 2230 3095 laudibus
2262 3041 2329 3095 ad
2381 3043 2566 3097 cadum
2615 3046 2846 3115 tollens,
2894 3065 3052 3119 quam
3096 3054 3256 3108 etiam
3303 3058 3568 3116 interdum

1984 3143 2304 3200 prtesenlem
2361 3136 2671 3206 alquuitur.
2723 3136 2935 3195 Claudit
3002 3143 3218 3200 demum
3288 3160 3566 3219 postquam

1982 3222 2223 3288 dixerat,
2252 3221 2630 3292 imperatorem
2683 3228 2984 3299 insequenti
3031 3233 3120 3287 die
3164 3250 3287 3289 cum
3329 3242 3566 3295 exercitu

1981 3326 2080 3368 suo
2100 3355 2115 3380 ,
2144 3313 2222 3368 sic
2254 3314 2362 3381 ille,
2387 3324 2677 3379 venturum
2719 3333 2863 3385 esse,
2895 3331 2949 3375 ut
2975 3337 3157 3391 parem
3185 3324 3442 3398 Reliquiis
3470 3329 3568 3385 ho-

1981 3418 2166 3456 norcm
2188 3413 2492 3473 pra-staret.

2052 3493 2188 3548 lnfra
2216 3495 2509 3552 videbimus
2538 3497 2696 3568 hujus
2719 3504 3095 3572 extemporalis
3116 3508 3387 3564 conciouis
3414 3528 3570 3568 exor-

1982 3583 2149 3652 dium,
2191 3586 2327 3653 Quid
2356 3588 2522 3642 dicunt
2549 3590 2575 3644 .9
2601 3593 2800 3658 exsulto
2820 3604 2868 3649 et
2893 3595 3091 3651 insanio
3111 3640 3127 3663 ,
3157 3599 3295 3656 inter
3315 3606 3568 3663 crimina—

1985 3680 2154 3733 tiones
2177 3679 2229 3733 in
2257 3679 2473 3749 Synodo
2493 3681 2560 3736 ad
2594 3683 2860 3751 Quercum
2902 3697 3087 3744 contra
3119 3692 3560 3766 Chrysostonmni

1981 3771 2206 3835 oblatas,
2229 3781 2435 3831 sextam
2463 3777 2766 3844 numerari,
2791 3777 2844 3833 in
2874 3782 3109 3838 secundo
3129 3785 3562 3847 criminationnut

1982 3859 2258 3917 laterculo.

2054 3951 2181 4007 lltrc
2208 3954 2318 4023 jam
2362 3965 2602 4012 vertente
2642 3972 2783 4013 anno
2812 3960 2917 4016 598
2946 3972 3095 4032 gesta
3128 3974 3182 4020 et
3210 3967 3349 4023 dicta
3399 3970 3562 4029 fuisse

1980 4053 2185 4097 certum
2215 4045 2442 4112 videtur,
2461 4055 2516 4101 et
2539 4048 2750 4119 quidem
2782 4066 2966 4107 mense
2985 4053 3202 4111 circiter
3230 4056 3556 4130 Septembri,

1981 4149 2102 4190 cum
2154 4136 2328 4191 adhuc
2365 4140 2645 4196 commode
2698 4154 2915 4212 possent
2959 4156 3255 4219 martyrum
3307 4153 3561 4227 lleliqniat

1982 4242 2102 4279 eum
2136 4234 2284 4280 tanto
2308 4240 2564 4298 apparatu
2593 4233 2779 4301 procul
2807 4244 2862 4289 et
2889 4249 3048 4292 noctu
3082 4244 3377 4299 transferri.

2053 4316 2342 4389 Imperator
2368 4320 2421 4375 in
2449 4323 2712 4377 ecclesiam
2735 4322 2911 4381 Sancti
2936 4328 3148 4387 Thomas
3175 4350 3290 4387 cum
3315 4339 3557 4395 satellitio

1979 4426 2071 4465 suo
2095 4411 2639 4482 uenit.—lnsequente
2659 4414 2745 4470 die
2762 4416 2932 4487 (Anno
2947 4420 3076 4487 398)
3103 4425 3242 4479 venit
3269 4426 3563 4498 imperator

1982 4518 2102 4555 cum
2150 4502 2403 4556 satellitio
2428 4518 2526 4557 suo
2549 4512 2605 4558 et
2641 4520 2829 4573 tnagna
2881 4508 3107 4564 militum
3163 4529 3322 4568 manu
3352 4547 3371 4582 ,-
3402 4536 3559 4588 quam

1982 4592 2273 4647 exercitum
2306 4602 2459 4647 vocat
2493 4592 2909 4664 Cltrysostonms
2937 4613 2952 4649 :
2987 4599 3365 4674 ingressusque
3389 4610 3438 4660 in
3472 4629 3562 4664 ec-

1980 4685 2198 4739 clesiam
2249 4685 2304 4740 S.
2334 4684 2555 4740 Thomas
2581 4687 2804 4756 apostoli
2829 4729 2844 4751 ,
2868 4690 3044 4759 posito
3068 4690 3372 4753 diademate
3413 4699 3557 4773 delii-

1982 4786 2092 4831 tum
2115 4780 2313 4832 cultum
2332 4787 2388 4834 et
2408 4779 2663 4834 honorem
2687 4789 2979 4854 martyrum
3007 4783 3263 4856 Reliquiis
3280 4793 3561 4858 praestitit:

1980 4868 2326 4939 sitniliterque
2378 4869 2637 4925 satellites
2693 4870 2810 4941 ejus
2855 4888 2920 4928 ac
2981 4876 3178 4932 milites
3225 4919 3242 4944 ,
3303 4881 3562 4952 depositis

1978 4961 2182 5032 clypcis
2223 4971 2277 5017 et
2319 4962 2519 5018 lanceis
2571 4963 2638 5018 ad
2691 4974 2983 5039 martyrum
3036 4971 3242 5028 thecam
3296 4980 3561 5044 precituri

1979 5064 2340 5111 accesserunt.
2392 5056 2694 5128 Posteaque
2715 5057 2962 5116 discessit
3002 5080 3123 5119 cum
3165 5069 3420 5125 comitatu
3463 5088 3560 5129 suo
3635 5081 3640 5087 '

1979 5146 2237 5202 Arcadius
2267 5146 2575 5217 Imperator,
2626 5165 2725 5205 nec
2766 5153 3008 5210 concioni
3039 5172 3159 5213 mox
3195 5160 3450 5218 habenda:
3480 5163 3558 5219 ia-

1980 5238 2157 5292 terfuit
2195 5239 2675 5311 :Chrysostonms
2702 5257 2830 5297 vero
2876 5244 3149 5303 homiliam
3198 5266 3349 5306 suam
3398 5254 3555 5310 dixit.

1979 5329 2262 5400 Postquam
2305 5330 2520 5386 Arcadii
2561 5342 2616 5387 et
2642 5325 2876 5389 Satellitii
2903 5337 3022 5405 ejus
3051 5340 3299 5408 pietatem
3340 5354 3395 5399 et
3423 5363 3560 5402 mar-

1979 5423 2185 5493 tyrtbns
2212 5425 2503 5491 przrstitutit
2532 5425 2733 5479 cultum
2764 5424 3155 5500 descripserat,
3188 5450 3421 5503 promens
3455 5456 3553 5492 sw-

1977 5514 2155 5569 culum
2180 5529 2302 5568 cum
2335 5514 2513 5569 futuro
2548 5518 2912 5586 comparavit,
2941 5518 3045 5575 hoc
3070 5521 3230 5580 breve
3256 5535 3311 5581 et
3336 5527 3557 5584 laborio-

1976 5622 2095 5662 sum
2136 5621 2257 5663 esse
2300 5607 2524 5675 dicens,
2552 5606 2682 5664 illud
2731 5624 2896 5667 suave
2940 5622 2995 5668 et
3039 5613 3327 5686 infinitum,
3358 5621 3412 5674 in
3450 5636 3557 5691 quo

1978 5698 2364 5755 immortalibus
2393 5698 2630 5755 fruemur
2654 5701 2885 5759 coronis.
2904 5702 3147 5763 Hominis
3170 5710 3222 5763 in
3238 5719 3376 5764 statu
3406 5711 3546 5766 inuo-

1976 5793 2162 5847 centia‘:
2201 5792 2505 5860 dignitatem
2539 5808 2927 5864 ropra-scntat;
2961 5797 3055 5855 sed
3082 5800 3270 5869 probat
3296 5817 3393 5856 nos
3437 5815 3557 5874 νιω
