4110 6148
505 309 532 364 .l
545 308 602 363 71

1581 307 1636 363 5.
1675 305 1951 364 ιοΑΝΝιε
1986 304 2451 364 ωιιῐεοδτωιι
2494 309 2667 378 γιτΑ,

508 430 781 493 peccatum
814 421 1001 478 Adami
1027 420 1092 476 ad
1116 401 1327 490 majora
1357 429 1572 477 vocatos
1602 412 1786 476 fuisse.
1817 417 2077 474 Resurre-

3660 317 3758 371 l7!

2184 435 2288 489 que
2311 421 2452 477 illam
2476 422 2526 475 in
2550 421 2688 480 serie
2706 422 2929 480 aliarum
2954 423 3322 486 Vaticanarum
3342 436 3756 495 prteternnttea-

509 514 739 569 ctionent
756 511 981 566 futuram
1005 512 1057 565 in
1074 512 1238 566 veteri
1256 510 1611 582 legeobscure
1626 509 2079 565 indicatamfuisse
2180 507 2301 565 dam
2338 511 2602 568 duximus.

498 603 666 668 dicit;
695 601 785 656 sed
812 602 919 671 jam
936 602 1108 655 omnia
1135 602 1285 672 plana
1312 612 1366 657 et
1395 603 1669 671 perspicua
1696 616 1837 669 esse,
1863 600 2076 657 multis-

497 708 601 765 que
648 692 840 747 additis
866 693 1022 746 linem
1049 692 1394 747 coneiouandi
1424 692 1566 747 fecit.

577 781 875 837 Verisimile
912 790 994 836 est
1031 782 1167 835 inter
1205 782 1302 836 bas
1343 781 1589 837 homilias
1636 781 1913 837 duodecim
1955 795 2073 851 qua:

503 875 573 930 ab
615 890 755 929 anno
798 882 1037 929 vertente
1082 874 1186 931 598
1236 875 1373 929 ultra
1425 875 1773 930 Pentecosten
1818 874 1940 927 anni
1970 872 2072 928 599

498 965 695 1021 habitae
725 965 969 1034 fuerunt,
995 967 1124 1021 alias
1151 982 1249 1022 nec
1278 981 1476 1037 paucas
1519 965 1886 1021 intercessisse
1909 1003 1926 1031 ,
1954 979 2072 1034 quae

495 1060 579 1115 vel
603 1059 830 1128 periere,
862 1061 943 1114 vel
986 1059 1123 1113 inter
1157 1059 1327 1113 editas
1359 1058 1543 1128 posita:
1586 1057 1709 1111 anni
1741 1067 1915 1110 notam
1948 1055 2067 1110 nul-

494 1147 600 1205 lam
631 1165 738 1218 prze
763 1165 821 1204 se
851 1150 1044 1204 ferunt.
1077 1149 1205 1214 Quae
1240 1149 1481 1216 sequitur
1507 1157 1683 1201 autem
1730 1146 1781 1199 itt
1810 1144 2068 1200 Vaticano

493 1239 691 1294 Codice
719 1249 902 1309 quarta
926 1254 1168 1304 numero,
1191 1249 1310 1309 post
1340 1238 1704 1308 Septembrem
1732 1250 1989 1299 mensem,
2013 1242 2070 1289 ut

494 1340 760 1398 putamus,
790 1329 913 1383 anni
939 1328 1041 1384 598
1068 1314 1243 1384 habita
1267 1326 1431 1381 fuitin
1458 1327 1654 1397 templo
1674 1325 1731 1381 S.
1753 1327 2063 1390 Anastasite,

493 1430 548 1475 ut
577 1421 628 1474 in
657 1420 805 1474 titulo
836 1420 1017 1473 fertur.
1051 1417 1125 1472 lbi
1157 1428 1435 1488 postquam
1462 1417 1529 1470 de
1561 1418 1827 1487 paucitate
1853 1415 2064 1470 audito-

493 1526 613 1566 rum
657 1520 978 1580 conquestus
1011 1509 1202 1573 fuerat,
1231 1509 1298 1564 de
1338 1509 1587 1579 patientia
1629 1507 1746 1563 Jobi
1775 1507 1982 1577 longam
2012 1515 2067 1562 et

490 1604 785 1673 elegantem
818 1600 1001 1656 habuit
1029 1604 1346 1655 orationem.

557 1693 829 1751 Conciones
850 1692 1298 1748 alim.—llomilia
1325 1691 1506 1762 quinta
1534 1689 2064 1755 Vaticana,utfertttr

486 1785 540 1840 in
581 1785 751 1849 titulo,
781 1786 834 1839 itt
883 1784 1078 1852 templo
1107 1787 1317 1842 Sancta:
1360 1782 1540 1837 lrenes
1565 1782 1704 1837 dicta
1752 1781 1869 1835 fuit.
1915 1781 1970 1835 In
1998 1798 2057 1836 ea

490 1876 908 1942 Chrysostomus
955 1875 1020 1928 de
1046 1874 1356 1927 absentibus
1382 1874 1722 1942 conqueritur
1746 1882 1798 1927 et
1833 1872 1900 1927 de
1926 1889 2061 1941 pra:-

483 1966 725 2020 sentibus
756 1964 1050 2034 gratulatur
1078 1963 1179 2018 :de
1208 1963 1536 2018 Psalntorum
1568 1973 1725 2017 cantu
1756 1962 1895 2031 agit.
1933 1977 2061 2031 pro-

484 2054 681 2125 batque
709 2054 1021 2110 muliebrem
1047 2069 1232 2108 sexum
1258 2052 1690 2124 impedimentum
1721 2070 1825 2109 non
1846 2067 1966 2109 esse
1990 2054 2057 2108 ad

470 2132 689 2199 'virtutis
712 2147 1044 2200 exercitium.

559 2234 720 2290 Sexta
746 2246 922 2290 autem
956 2234 1144 2289 concio
1171 2232 1347 2288 habita
1376 2242 1459 2289 est
1513 2230 1567 2284 in
1592 2233 1813 2289 ecclesia
1832 2232 2054 2289 Sancto-

488 2340 606 2382 rum
635 2326 1008 2396 Apostolorum
1039 2367 1053 2389 ,
1085 2325 1135 2378 itt
1157 2325 1243 2380 die
1282 2325 1567 2379 Theodosii
1600 2324 1969 2394 Imperatoris,
2000 2331 2069 2376 ιιι*

482 2415 680 2471 ibidem
710 2415 893 2470 fertur.
934 2416 1219 2486 Postquam
1242 2415 1348 2470 duo
1379 2416 1466 2469 alii
1496 2415 1751 2484 epist-cpi,
1785 2431 1879 2483 pro
1907 2428 2055 2469 more

486 2504 627 2561 illius
655 2506 788 2569 aevi,
836 2505 1135 2559 conciurtati
1176 2503 1423 2568 fuerant,
1454 2503 1871 2574 Cltrysostumus
1917 2502 2053 2555 hanc

485 2605 670 2652 contra
710 2596 970 2649 Catharos
996 2595 1107 2648 sive
1138 2595 1302 2647 Puros
1337 2593 1603 2646 homiliam
1635 2593 1766 2646 dixit
1794 2610 1806 2645 :
1836 2591 2051 2646 Cathari

479 2696 659 2741 autem
687 2685 759 2738 illi
802 2685 1076 2739 Novatiani
1114 2693 1286 2738 erant.
1315 2683 1494 2737 Primo
1535 2683 1719 2737 ambos
1771 2682 2050 2752 episcopos

474 2775 649 2830 laudat
679 2792 694 2841 ;
723 2788 948 2845 quorum
987 2775 1122 2829 alter
1168 2774 1348 2843 junior
1375 2815 1389 2839 ,
1437 2774 1646 2842 inquit,
1695 2773 1838 2827 senis
1884 2772 2053 2842 gravi-

475 2879 639 2922 tatem
682 2882 698 2932 ;
731 2869 865 2922 alter
903 2882 1063 2922 senex
1093 2907 1109 2930 ,
1138 2866 1367 2935 junioris
1411 2867 1572 2921 robur
1616 2881 1722 2934 prae
1743 2881 1800 2919 se
1826 2864 2046 2920 ferebat.

476 2958 678 3013 Deinde
707 2956 1065 3012 Theodosium
1102 2957 1348 3028 Magnum
1401 2957 1647 3011 laudibus
1682 2956 1862 3020 effert,
1896 2958 2047 3024 cujus

471 3050 587 3105 dies
614 3062 737 3105 tunc
765 3050 1152 3114 celebrabatur,
1178 3064 1387 3118 nempe,
1408 3058 1467 3102 ut
1488 3048 1770 3103 verisimile
1796 3055 2051 3109 est.mor-

473 3143 542 3198 tis
569 3143 703 3211 ejus,
731 3142 821 3212 qui
871 3141 1110 3197 Januarii
1160 3141 1370 3195 decimo
1420 3140 1648 3209 septimo
1677 3140 1764 3193 die.
1805 3138 2044 3206 contigit.

473 3231 624 3287 Unde
639 3233 877 3302 arguitur
898 3232 1033 3286 hanc
1055 3231 1322 3285 homiliam
1343 3244 1525 3285 mense
1543 3228 1791 3283 Januario
1804 3229 1925 3282 anni
1944 3226 2047 3284 399

470 3320 665 3376 dictam
714 3322 874 3376 fuisse
900 3361 915 3387 ,
943 3320 1275 3375 Theodosius
1318 3329 1493 3375 autem
1536 3334 1675 3373 anno
1696 3319 1798 3374 595
1823 3318 2043 3372 obierat.

471 3413 622 3469 llunc
649 3413 1025 3482 Imperatorem
1061 3411 1298 3466 celebrat
1337 3411 1475 3465 illea
1514 3413 1711 3480 pietate
1736 3418 1789 3464 et
1827 3409 2045 3463 avictu-

474 3504 568 3558 riis
592 3545 607 3566 ,
634 3516 765 3572 quas
790 3502 1083 3571 opitulante
1115 3501 1222 3554 Deo
1248 3501 1429 3555 retulit
1458 3500 1523 3554 de
1553 3502 1790 3572 tyrannis
1819 3499 2046 3554 Maximo

470 3604 526 3648 et
574 3594 830 3663 Eugenio.
886 3593 1029 3658 Quas
1078 3592 1167 3646 ille
1215 3593 1463 3645 victorias
1508 3593 1668 3646 tacito
1703 3604 2042 3662 tyrannorum

470 3684 682 3739 nomine
713 3684 781 3736 ita
820 3682 1003 3746 refert,
1033 3694 1091 3737 ut
1120 3683 1186 3736 ab
1210 3683 1328 3736 aliis
1366 3683 1715 3750 scriptoribus
1740 3690 2039 3736 narrantur.

473 3772 699 3830 Ilotnilia
748 3785 876 3825 vero
902 3770 1087 3826 istlttcc
1118 3771 1169 3824 in
1210 3770 1390 3824 medio
1422 3785 1608 3839 magna
1644 3772 1723 3825 sui
1752 3782 1899 3838 parte
1923 3786 2042 3824 ntu-

472 3864 565 3917 tila
592 3869 693 3925 est,
725 3862 793 3915 ita
823 3870 878 3914 tit
918 3861 1306 3930 quamplurima
1337 3876 1522 3915 eorum
1550 3900 1564 3924 ,
1589 3876 1708 3929 qua:
1730 3869 1915 3914 eontra
1944 3858 2044 3914 Ca-

471 3959 656 4009 tharos
676 3969 771 4008 seu
801 3952 1126 4007 Novatianos
1151 3951 1481 4015 dicebantur,
1511 3950 1808 4005 exciderint
1833 3964 1895 4005 ac
1918 3966 2041 4019 per-

473 4045 648 4100 ierint.
679 4043 954 4098 Nuvaliatti
987 4052 1162 4096 autem
1212 4052 1335 4095 tunc
1360 4039 1821 4110 Constantinopoli
1850 4054 2043 4110 magno

472 4152 696 4190 numero
722 4142 893 4198 erant,
919 4134 1227 4201 episcopum
1258 4146 1368 4185 sum
1406 4140 1567 4185 secta:
1599 4131 1918 4201 peculiarem
1948 4132 2041 4185 ba-

475 4227 708 4288 bebant,
740 4240 803 4277 ae
846 4238 965 4277 sese
1024 4239 1176 4292 puros
1223 4221 1594 4292 appellabant:
1642 4237 1743 4292 qua
1784 4221 1853 4277 de
1881 4237 2038 4277 causa

474 4319 596 4373 illos
624 4318 883 4371 acerrime
906 4316 1211 4386 perstringit
1236 4316 1647 4388 Chrysostomus
1665 4356 1679 4381 ,
1709 4326 1765 4371 ut
1792 4316 1844 4370 in
1871 4316 2044 4372 homi-

473 4413 557 4467 lia:
587 4410 688 4465 fine
719 4410 917 4464 videas.

546 4504 640 4559 llic
686 4519 811 4559 vero
858 4502 1095 4573 quaedam
1139 4500 1606 4555 animadvertenda
1650 4509 1805 4566 sunt,
1851 4516 2043 4570 nempe

471 4594 737 4653 homiliam
768 4596 907 4649 illam
935 4594 1230 4650 breviorem
1254 4592 1435 4655 fuisse,
1459 4593 1578 4661 quia
1611 4602 1727 4662 post
1751 4593 1883 4647 duas
1911 4593 2043 4647 alias

469 4704 498 4743 a
524 4687 729 4741 duobus
750 4686 1011 4755 episcopis
1036 4685 1222 4739 eodem
1250 4684 1335 4738 die
1358 4693 1412 4739 et
1433 4685 1481 4737 iu
1512 4683 1697 4738 eadem
1722 4683 1849 4737 sede
1876 4682 2044 4737 dictas

472 4779 643 4831 habita
677 4777 773 4830 fuit
797 4795 809 4830 :
834 4776 1066 4829 secundo
1090 4784 1211 4843 post
1234 4774 1654 4828 hanchnmiliam
1685 4775 1876 4828 multas
1905 4773 2043 4828 haud

470 4869 630 4924 dubie
651 4869 779 4920 alias
806 4866 1008 4918 habitas
1037 4866 1197 4919 fuisse
1235 4879 1264 4917 a
1320 4879 1502 4918 mense
1536 4865 1786 4919 Januario
1831 4865 1896 4918 ad
1939 4865 2042 4919 Pa-

468 4957 597 5010 scha
627 4956 750 5009 arni
772 4953 894 5015 599,
913 4968 1018 5022 quo
1037 4954 1124 5008 die
1144 4954 1279 5006 dicta
1307 4953 1402 5006 fuit
1427 4955 1613 5007 eoucio
1640 4970 1865 5023 sequens
1891 4972 1904 5008 :
1926 4970 2043 5024 quae

476 5047 706 5102 homilia:
734 5045 816 5098 vel
849 5044 1137 5112 perierunt,
1166 5042 1251 5096 Vel
1278 5045 1320 5096 si
1343 5042 1517 5096 adhuc
1564 5045 1700 5097 inter
1737 5045 1908 5100 editas
1948 5060 2042 5099 su-

468 5138 689 5210 persint,
714 5136 906 5189 nullam
933 5135 1014 5188 vel
1037 5134 1069 5187 d
1089 5134 1142 5187 ei
1166 5133 1245 5187 vel
1273 5137 1394 5185 anni
1418 5143 1594 5185 notam
1631 5148 1739 5201 pra:
1759 5147 1818 5187 se
1845 5135 2040 5189 ferunt.

497 5262 504 5271 -
543 5228 668 5281 Post
700 5225 966 5279 homiliam
1016 5226 1170 5295 igitur
1198 5223 1339 5276 illam
1362 5234 1545 5277 contra
1577 5224 1833 5278 Catharos
1863 5227 1912 5278 itt
1942 5226 2045 5279 Co-

470 5317 588 5372 dice
613 5317 864 5371 Vaticano
884 5317 1121 5386 sequitur
1151 5314 1388 5378 homilia,
1403 5313 1554 5380 cujus
1575 5314 1778 5378 titulus,
1798 5315 2045 5370 Adversus

472 5427 574 5472 eos,
601 5409 688 5477 qui
715 5410 782 5461 ad
807 5407 1125 5477 hippodromi
1150 5416 1196 5460 et
1216 5406 1524 5459 theatrorum
1544 5406 1828 5473 spectacula
1846 5423 1900 5460 se
1923 5424 2044 5461 con-

472 5504 641 5570 ferunt
668 5498 757 5569 (Τ.
787 5500 840 5553 6.
873 5515 920 5553 c.
941 5497 1081 5569 263)
1119 5519 1133 5551 ;
1169 5496 1320 5563 cujus
1346 5495 1555 5550 initium
1585 5504 1687 5559 est,
1715 5495 1933 5551 haccine
1969 5501 2045 5568 fe-

474 5593 674 5649 renda?
700 5592 917 5647 lica-inc
945 5589 1250 5646 toleranda?
1287 5587 1433 5643 Vobis
1461 5588 1594 5643 enim
1635 5588 1759 5658 ipsis
1787 5590 2044 5660 judicibus

468 5694 640 5745 contra
665 5696 752 5739 res
785 5675 975 5735 utiocto
1002 5695 1161 5753 quam
1183 5677 1440 5735 edidimus
1463 5677 1547 5753 (Τ.
1571 5678 1623 5736 6.
1645 5693 1691 5734 c.
1714 5676 1842 5750 265)
1863 5697 1874 5733 :
1896 5679 2041 5737 ideo-

2250 600 2380 668 Quia
2410 618 2534 657 vero
2565 603 2616 656 iu
2649 603 2878 658 homilia:
2905 620 3058 659 nonae
3098 606 3369 675 sequentis
3412 605 3564 662 titulo
3600 618 3657 664 et
3701 608 3754 666 in

2180 689 2291 759 ipsa
2323 691 2534 747 homilia
2561 707 2699 747 nona
2729 694 2889 748 multa
2917 694 3196 760 habentur,
3223 712 3340 765 quae
3364 697 3430 752 ad
3477 698 3752 758 historiam

2177 779 2313 836 hanc
2341 778 2535 837 clarius
2566 792 2619 838 et
2642 784 2861 850 certius,
2892 800 3048 854 quam
3076 785 3126 839 in
3157 786 3357 841 Monito
3386 788 3632 855 diximus,
3665 807 3753 848 re-

2175 874 2445 931 ferendam
2467 876 2670 946 juvant,
2699 875 2786 931 hic
2809 891 2922 932 rem
2946 885 3110 932 totam
3154 878 3270 935 sine
3304 880 3482 950 lapsus
3514 883 3749 953 periculo

2175 967 2527 1023 narrabimus.

2243 1055 2432 1128 Ingens
2460 1060 2627 1128 pluvia
2665 1059 3111 1133 Constantinopoli.
3137 1090 3211 1101 —
3237 1061 3391 1117 Anno
3424 1063 3563 1132 599,
3595 1074 3702 1136 p09
3725 1096 3758 1120 ιι

2171 1162 2328 1217 quam
2385 1164 2544 1203 unum
2601 1150 2710 1220 jam
2765 1166 2960 1205 annum
3022 1151 3074 1205 in
3138 1153 3443 1224 episcopatu
3495 1173 3747 1213 entettsm

2170 1245 2285 1291 erat
2332 1236 2789 1309 Chrysost‘omus,
2837 1241 3111 1295 ordinatus
3177 1257 3368 1311 nempe
3411 1258 3581 1311 _anno
3639 1242 3747 1301 39;

2167 1327 2239 1384 26
2278 1329 2585 1394 Februarii;
2645 1330 2772 1386 feria
2819 1340 3004 1400 quarta
3057 1330 3433 1400 hebdomadte,
3474 1350 3593 1403 qua:
3638 1351 3731 1390 an-

2167 1436 2238 1474 no
2295 1420 2398 1476 599
2444 1422 2707 1476 incidebat
2745 1423 2794 1476 in
2840 1432 3044 1477 sextam
3101 1424 3298 1493 Aprilis
3325 1466 3339 1489 ,
3387 1433 3493 1479 tam
3552 1428 3739 1498 ingens

2169 1511 2340 1581 pluvia
2367 1512 2584 1576 decidit,
2615 1521 2671 1567 ut
2698 1521 2869 1567 metus
2887 1523 3030 1569 esset
3058 1529 3124 1570 ne
3158 1515 3269 1585 agri
3315 1515 3735 1585 devastarentur,

2166 1616 2472 1671 tnessesqne
2492 1618 2679 1657 omnes
2709 1602 2760 1657 iu
2784 1604 3069 1672 perniciem
3091 1613 3324 1659 ruerent.
3361 1605 3490 1661 llinc
3526 1622 3735 1677 preces,

2164 1691 2595 1760 supplicationes.
2621 1702 2674 1747 et
2697 1693 3082 1762 processioues,
3105 1695 3356 1764 episeopo
3386 1695 3521 1751 duce
3549 1706 3604 1751 et
3625 1708 3737 1751 toto

2163 1790 2513 1836 concurrente
2530 1782 2722 1852 populo
2745 1783 2810 1837 ad
2836 1784 3115 1838 ecclesiam
3158 1781 3554 1854 Apostolorum.
3608 1789 3737 1844 Post

2164 1870 2276 1924 bare
2308 1870 2475 1925 imbre
2495 1882 2755 1936 cessante,
2789 1872 3014 1927 necdum
3040 1873 3245 1927 sublata
3285 1873 3590 1945 formidine,
3626 1888 3734 1933 tra-

2156 1961 2300 2030 jecto
2344 1960 2564 2015 navibus
2607 1960 2866 2031 Bosporo,
2915 1962 2981 2016 ad
3030 1963 3309 2017 ecclesiam
3358 1965 3450 2021 SS.
3508 1966 3647 2022 Petri
3678 1980 3736 2024 et

2160 2050 2331 2115 Pauli,
2357 2052 2408 2104 in
2435 2052 2673 2120 opposita
2704 2056 2864 2105 maris
2885 2068 2978 2106 ora
3009 2053 3186 2120 sitam,
3224 2069 3343 2108 cum
3373 2058 3623 2133 episcOpo
3653 2068 3736 2112 to-

2161 2153 2241 2196 tus
2261 2153 2429 2197 caelus
2452 2144 2697 2197 accurrit.
2734 2144 2843 2198 Hoc
2872 2143 3131 2214 perfuncti
3161 2146 3392 2215 periculo
3421 2148 3731 2204 Constanti-

2158 2232 2444 2299 nopolitani
2470 2232 2731 2302 plerique,
2759 2250 2857 2286 una
2887 2243 3086 2287 tantum
3114 2235 3424 2304 interposita
3448 2237 3554 2302 die,
3581 2254 3733 2293 nem-

2158 2336 2222 2390 pe
2249 2321 2375 2376 feria
2404 2325 2581 2392 quinta
2610 2322 2661 2376 in
2702 2321 2863 2377 Cmna
2904 2324 3132 2391 Domini,
3178 2340 3298 2379 cum
3341 2326 3394 2380 in
3434 2327 3733 2385 Parasceve

2156 2412 2261 2465 ludi
2291 2422 2565 2482 equestres
2594 2413 2941 2483 agitarentur,
2970 2414 3098 2469 nihil
3128 2426 3374 2472 curantes
3401 2418 3539 2472 diem
3585 2420 3729 2475 illaut

2154 2517 2381 2568 sacram,
2409 2504 2474 2556 ad
2508 2502 2609 2558 hoc
2631 2505 2990 2573 Spectaculum
3020 2517 3384 2571 accurrerunt,
3414 2511 3623 2564 interim
3648 2514 3729 2566 in-

2153 2592 2475 2658 eemiscente
2499 2593 2749 2664 domique
2773 2594 2991 2649 sedente
3015 2594 3395 2668 Chrysostotno
3423 2601 3678 2671 episcopo
3709 2621 3726 2657 :

2153 2680 2260 2734 imo
2279 2681 2364 2734 die
2383 2692 2655 2750 sequente,
2677 2699 2865 2753 nempe
2885 2685 3106 2738 sabbato
3122 2697 3327 2747 sancto.
3350 2689 3413 2742 ad
3437 2688 3729 2747 theatrales

2110 2802 2127 2811 --
2153 2769 2304 2825 ludos
2327 2786 2386 2824 se
2410 2772 2765 2834 contulerunt,
2797 2774 2881 2826 tibi
2910 2776 3206 2829 meretricia
3230 2789 3383 2832 erant
3403 2781 3723 2848 spectacula,

2150 2876 2268 2933 qua:
2298 2861 2597 2931 singulatim
2619 2872 2673 2916 et
2701 2864 2911 2932 egregie
2938 2864 3173 2935 depingit
3198 2866 3632 2938 Chrysostomus,
3671 2871 3725 2925 in

2149 2953 2426 3017 concione,
2461 2969 2615 3022 quam
2638 2954 2724 3008 die
2750 2954 3021 3009 Paschalis
3047 2956 3250 3023 habuit,
3280 2960 3366 3014 ubi
3398 2960 3448 3014 in
3477 2963 3725 3029 praevari-

2148 3052 2356 3096 Caturcs
2384 3042 2684 3112 hujusmodi
2710 3045 3022 3113 gravissime
3063 3047 3328 3102 invehitur
3355 3069 3366 3102 :
3404 3050 3729 3122 detnumque

2150 3130 2200 3184 itt
2225 3131 2343 3184 illos
2363 3128 2929 3187 excommunicationis
2950 3137 3264 3190 sententiam
3287 3141 3611 3208 pronuntiat,
3627 3144 3726 3197 sed

2148 3221 2520 3275 comminando
2549 3232 2771 3288 tantum,
2804 3233 2858 3278 ut
2887 3233 3033 3294 puto,
3056 3235 3111 3281 et
3140 3237 3195 3282 ut
3221 3229 3274 3282 in
3299 3229 3486 3285 eodeni
3524 3231 3725 3288 Monito

2148 3311 2385 3378 pluribus
2406 3310 2543 3368 dixi.

2216 3400 2368 3453 Circa
2399 3401 2561 3466 diem,
2592 3417 2695 3470 qua
2722 3402 2841 3457 inec
2863 3405 3052 3459 concio
3077 3406 3214 3461 dicta
3247 3407 3363 3474 fuit,
3389 3410 3583 3479 aliquid
3613 3412 3723 3467 dif-

2147 3489 2395 3543 ficultatis
2419 3490 2547 3544 mihi
2567 3490 2744 3546 offerri
2770 3493 3064 3550 videbatur.
3090 3497 3227 3551 Dixit
3248 3499 3336 3553 ille
3362 3500 3412 3553 iit
3434 3504 3719 3571 concione,

2145 3591 2260 3635 ante
2279 3592 2379 3636 tres
2404 3582 2509 3636 dies
2536 3582 2692 3637 inibat-
2709 3585 2902 3655 ingens.
2937 3586 3112 3641 Imber
3132 3589 3220 3643 ille
3237 3591 3361 3645 feria
3390 3605 3576 3661 quarta
3605 3612 3724 3650 ma-

2140 3672 2274 3741 joris
2303 3672 2649 3728 hebdomadze
2668 3674 2868 3730 decidit
2893 3694 2908 3731 :
2935 3676 3062 3731 feria
3087 3680 3268 3748 quinta
3300 3682 3427 3736 nihil
3459 3699 3726 3740 memora—

2147 3773 2232 3818 tur
2253 3765 2540 3830 incidisse;
2580 3765 2707 3821 feria
2737 3777 2882 3822 sexta
2912 3770 2962 3822 in
2995 3770 3287 3826 Parasceve
3312 3773 3377 3827 ad
3426 3775 3581 3829 ludos
3615 3780 3726 3831 cir-

2144 3868 2352 3919 censes,
2384 3855 2605 3910 sabbato
2628 3857 2693 3910 ad
2722 3858 2995 3912 theatralia
3022 3862 3317 3927 spectacula
3352 3863 3479 3917 itutn
3505 3875 3585 3918 est
3615 3868 3724 3920 :ita

2144 3953 2202 3997 ut
2231 3943 2445 3998 homilia
2477 3946 2622 4000 isttee
2647 3948 2864 4001 omnino
2898 3948 3037 4003 dicta
3075 3949 3238 4005 fuisse
3274 3952 3512 4005 videatur
3538 3955 3722 4010 Darni—

2146 4036 2263 4090 nica
2295 4036 2719 4093 Resurrectionis
2748 4040 2974 4094 Domini.
3007 4040 3201 4095 Verum
3230 4051 3354 4099 tu‘ue
3377 4046 3515 4113 apud
3535 4063 3621 4101 me
3641 4049 3726 4100 άξ-

2145 4128 2330 4182 cebam
2366 4147 2378 4182 :
2406 4129 2533 4192 Cur,
2565 4131 2610 4183 si
2639 4130 2754 4184 dies
2781 4130 3057 4185 Paschatis
3080 4142 3216 4194 erat,
3255 4149 3323 4188 tte
3351 4135 3570 4189 verbum
3596 4138 3720 4205 qui-

2146 4220 2266 4274 dem
2297 4221 2364 4275 de
2407 4221 2663 4277 Paschate
2699 4221 2867 4276 dicit?
2912 4222 3102 4278 Verum
3153 4237 3427 4294 postquam
3474 4228 3724 4283 homilias

2145 4311 2307 4366 hasce
2334 4310 2656 4379 deteximus,
2689 4314 2827 4366 nulla
2855 4314 2964 4386 jam
2991 4314 3274 4369 difﬁcultas
3300 4327 3563 4386 superest,
3594 4335 3721 4377 cum

2147 4401 2199 4455 in
2224 4401 2373 4455 titulo
2403 4401 2633 4456 homilia:
2661 4419 2814 4457 nona:
2840 4406 3131 4474 sequentis,
3162 4415 3214 4459 et
3248 4406 3299 4460 itt
3342 4406 3556 4461 homilia
3605 4409 3723 4478 ipsa

2145 4494 2532 4559 dieatnr,diem
2565 4495 2705 4548 illam
2732 4496 2783 4549 itt
2810 4511 2912 4565 qua
2943 4506 3050 4553 tam
3090 4499 3320 4567 graviter
3356 4499 3475 4553 illos
3510 4500 3729 4555 circen-

2146 4585 2280 4638 sium
2303 4594 2358 4639 et
2391 4584 2722 4639 theatralium
2769 4586 3011 4641 ludorum
3058 4600 3385 4656 Spectatores
3429 4590 3733 4647 insectatus

2147 4686 2247 4739 est,
2280 4677 2604 4732 Dominicam
2639 4678 2798 4734 fuisse
2819 4690 2975 4748 atque
3003 4680 3137 4734 adeo
3172 4681 3312 4736 diem
3356 4682 3723 4736 Resurrectie—

2147 4771 2228 4824 itis
2246 4770 2473 4835 Domini,
2498 4786 2653 4838 quam
2677 4770 2796 4826 ideo
2817 4787 2922 4825 non
2945 4774 3378 4846 commemoravit
3403 4774 3724 4844 Cbrysosto-

2148 4876 2283 4922 Inus,
2308 4861 2447 4930 quod
2468 4871 2650 4914 contra
2678 4871 3003 4930 spectatores
3023 4863 3143 4919 illos
3159 4866 3391 4934 graviter
3405 4877 3732 4933 succensus,

2148 4965 2259 5003 rem
2291 4951 2431 5002 illam
2456 4951 2608 5004 unice
2632 4953 2909 5020 cogitaret.

2217 5038 2442 5093 llomilia
2464 5040 2685 5108 septima
2715 5042 2767 5094 iit
2788 5041 3007 5096 ecclesia
3026 5042 3241 5099 Sanctae
3284 5044 3578 5099 Anastasis:
3626 5044 3726 5100 bat-

2150 5130 2253 5184 hita
2286 5129 2404 5194 fuit,
2433 5132 2520 5184 ubi
2549 5133 2789 5186 modicus
2808 5143 2942 5198 erat,
2973 5134 3142 5203 inquit
3169 5135 3276 5201 ille,
3304 5135 3605 5190 auditurum
3625 5154 3726 5192 nu-

2149 5235 2361 5276 merus:
2389 5238 2562 5293 neque
2584 5233 2756 5278 tamen
2780 5223 2897 5279 ideo
2912 5228 3282 5292 conqueritur;
3306 5228 3399 5282 sed
3416 5228 3724 5296 exemplum

2147 5311 2492 5367 Samaritana:
2529 5314 2721 5378 affert;
2753 5330 2908 5381 quam
2952 5316 3075 5369 licet
3122 5331 3281 5369 unam
3330 5326 3557 5382 tantum,
3598 5318 3725 5386 quia

2151 5412 2326 5456 tamen
2357 5403 2603 5458 audiendi
2630 5404 2807 5458 studio
2848 5404 3106 5483 fervebat,
3135 5406 3295 5477 longo
3320 5417 3565 5478 tempore
3589 5408 3727 5460 allo-

2146 5506 2339 5566 qutttus
2362 5506 2444 5552 est
2486 5497 2749 5552 Christus.
2796 5497 2997 5552 Deinde
3045 5514 3173 5555 vero
3218 5501 3456 5570 pluribus
3493 5501 3731 5570 explicat

2145 5587 2270 5657 quid
2296 5587 2396 5645 sibi
2424 5588 2549 5642 velit
2573 5588 2785 5653 Paulus,
2803 5603 2922 5642 cum
2943 5589 3034 5655 ait,
3062 5591 3125 5644 de
3143 5591 3525 5662 conﬁrmatione
3548 5589 3724 5647 Eran-

2151 5681 2292 5752 gelit‘,
2321 5691 2375 5736 et
2397 5683 2449 5736 in
2476 5682 2557 5738 bis
2581 5683 2875 5740 orationem
2900 5686 3114 5743 claudit.

3661 5808 3685 5828 Ι
