4110 6148
292 361 396 416 173

365 472 516 526 Dicta
573 471 738 529 fuisse
781 473 990 531 videtur
1036 475 1150 532 hsce
1195 464 1409 532 homilia
1455 479 1505 532 in
1555 478 1882 533 hebdomada

290 562 616 620 Paschalis:
654 581 774 618 nam
801 564 892 636 qui
933 566 1177 622 homilias
1213 569 1373 623 hasce
1405 570 1454 622 iu
1489 569 1604 638 ipso
1647 580 1885 639 tempore

243 681 248 684 -
294 653 601 722 colligebat,
633 669 660 705 a
697 652 969 708 Paschalis
997 664 1254 725 tempore,
1285 666 1339 710 ut
1371 673 1436 712 ex
1473 659 1638 712 titulis
1665 659 1882 713 concio-

293 760 422 799 nutn
453 744 896 814 deprehenditur,
933 747 1022 802 illo
1051 763 1157 818 quo
1205 748 1518 803 dicebantur
1560 751 1746 804 ordine
1795 765 1887 804 eas

293 837 605 905 descripsu.
631 839 770 892 Ante
794 838 997 892 Pascha
1022 841 1186 906 enim,
1234 849 1292 894 ut
1325 855 1482 909 supra
1521 841 1775 904 diximus,
1821 857 1886 895 ex

297 929 483 982 multis
507 928 746 981 betniliis
784 945 982 1000 paucas
1025 931 1301 999 collegisse
1348 931 1572 985 videtur.
1619 931 1734 991 Non
1768 947 1888 985 eou-

295 1020 539 1087 queritur
559 1030 737 1074 autem
761 1021 1179 1092 Cbrysostomus
1206 1024 1256 1076 in
1283 1022 1383 1076 bac
1412 1024 1691 1087 cencione,
1744 1023 1884 1092 quod
1936 1038 1940 1042 ·

298 1111 452 1179 pauci
481 1110 752 1165 auditores
768 1111 1174 1182 adessent,quia
1207 1128 1310 1166 non
1337 1114 1388 1166 in
1415 1113 1599 1182 majori
1638 1113 1884 1178 ecclesia,

299 1201 389 1256 ubi
418 1217 648 1272 synaxes
682 1203 794 1256 fieri
826 1202 1094 1270 solebant,
1124 1204 1217 1258 sed
1239 1205 1290 1258 in
1318 1205 1542 1260 ecclesia
1571 1204 1627 1260 S.
1665 1207 1888 1258 Anasta-

297 1293 394 1346 sio:
424 1291 869 1347 concionabatur.

374 1382 574 1438 Octava
602 1385 792 1438 concio
821 1400 933 1438 rem
967 1400 1185 1454 prorsus
1208 1384 1476 1441 insolitam
1505 1386 1656 1440 nobis
1673 1385 1886 1440 exhibet

297 1483 463 1542 atque
492 1475 977 1530 inauditam.Tune
1010 1475 1325 1530 Gotthorum
1357 1492 1479 1546 pars
1517 1478 1769 1543 maxima,
1798 1478 1886 1546 qui

298 1566 388 1618 vel
419 1565 909 1635 ConstantinOpoli,
938 1566 1020 1619 vel
1065 1567 1266 1620 circum
1310 1576 1482 1630 erant,
1528 1568 1887 1621 Ariauismum

295 1658 878 1712 sectabantur.--Erant
921 1667 1095 1712 tamen
1132 1658 1390 1713 Catholici
1436 1660 1610 1730 gentis
1650 1659 1886 1729 ejusdem

297 1765 412 1802 non
444 1750 618 1818 pauci.
637 1749 770 1804 Cum
794 1760 970 1804 autem
997 1752 1046 1803 in
1075 1751 1298 1805 ecclesia
1322 1752 1381 1806 S.
1414 1751 1562 1805 Pauli
1605 1753 1888 1804 convenis-

296 1853 444 1905 sent,
470 1844 630 1911 jussit
649 1841 1065 1914 Chrysostomus
1095 1843 1321 1899 Gotthos
1342 1843 1453 1897 loca
1473 1844 1711 1914 qumdam
1747 1845 1892 1898 Seri-

297 1944 603 2000 pturarnm,
628 1949 744 2002 quae
769 1936 817 1987 in
851 1933 1150 1989 Gotthicam
1182 1936 1411 2003 linguam
1452 1950 1728 1988 conversa:
1775 1933 1888 1988 fue-

296 2033 444 2089 rant,
469 2023 718 2079 Gottbice
741 2026 934 2094 legere,
961 2036 1007 2077 et
1036 2036 1215 2094 postea
1243 2025 1496 2079 Gotthum
1523 2025 1887 2096 presbyterum

296 2111 558 2168 Gotthicc
587 2116 913 2169 concionari.
946 2115 1053 2171 Cur
1078 2129 1252 2169 autem
1279 2118 1345 2170 ita
1375 2117 1610 2185 jusserit,
1646 2119 1771 2169 satis
1798 2116 1890 2170 de-

296 2206 548 2260 claratin
574 2209 832 2263 concione
862 2224 1018 2278 quam
1065 2209 1178 2277 ipse
1218 2211 1554 2264 Ctltlllncnlt‘l‘
1602 2219 1714 2276 post
1763 2207 1892 2263 Got—

300 2297 459 2352 tbum
492 2300 860 2372 presbyterum
888 2302 1072 2355 eadem
1107 2303 1157 2355 in
1207 2303 1434 2357 ecclesia
1473 2301 1688 2365 habuit;
1723 2311 1779 2354 ut
1817 2303 1892 2354 vi-

299 2391 504 2446 delicet
529 2391 745 2447 Graecos
775 2393 1139 2463 philosophos,
1176 2411 1468 2464 eorumque
1509 2395 1779 2464 religionis
1800 2411 1885 2448 se.-

297 2497 525 2551 quaces,
557 2493 610 2537 et
631 2483 844 2550 Judaeos
875 2501 1084 2555 quoque
1113 2486 1314 2554 pudore
1350 2483 1678 2540 sntl'underct
1705 2501 1720 2550 ;
1752 2485 1887 2556 quod

300 2575 432 2628 dttm
464 2576 542 2629 illi
569 2577 806 2630 veritatis
827 2578 996 2631 lucem
1029 2579 1367 2645 reSpuebant,
1399 2579 1637 2633 barbara:
1681 2593 1775 2647 per
1807 2589 1887 2631 to-

300 2676 416 2720 tum
441 2668 625 2721 orbem
656 2669 901 2722 nationes
927 2669 1038 2723 sole
1069 2668 1400 2739 fulgidioretn
1425 2669 1696 2738 Evangelii
1721 2673 1888 2722 lucem

302 2758 778 2826 amplecterentur.
802 2759 963 2814 Addit
988 2762 1148 2815 etiam
1180 2776 1324 2826 eum,
1354 2762 1441 2830 qui
1493 2763 1546 2815 in
1586 2761 1762 2815 V'etcri
1791 2760 1892 2816 Te-

305 2858 580 2903 stamento
612 2852 814 2919 primus
853 2862 1072 2906 vocatus
1101 2852 1194 2905 luit
1218 2893 1230 2915 ,
1269 2867 1460 2920 nempe
1495 2851 1888 2916 Abrahamnm,

305 2939 593 2994 barbarum
631 2942 793 2996 fuisse
840 2945 889 2996 iu
942 2944 1118 2998 medio
1165 2944 1509 2998 barbarorum
1569 2954 1888 2999 versantem.

307 3028 576 3085 Barbaros
598 3031 760 3086 etiam
800 3033 962 3088 fuisse
1000 3050 1114 3097 cos,
1153 3037 1242 3104 qui
1285 3035 1480 3090 Christi
1517 3046 1692 3090 ortum
1738 3038 1888 3106 primi

303 3124 716 3188 annuntiarunt,
747 3125 996 3179 nimirum
1031 3127 1226 3197 Magos,
1269 3129 1357 3198 qui
1397 3144 1461 3182 ex
1491 3129 1708 3183 Oriente
1733 3145 1894 3183 vene-

301 3224 451 3268 rant.
518 3216 645 3270 Hzec
703 3227 878 3272 autem
937 3221 1124 3274 concio
1173 3220 1350 3274 habita
1410 3221 1505 3275 fuit
1560 3222 1611 3275 in
1665 3223 1890 3277 ecclesia

301 3307 554 3365 S.-Pauli
588 3309 726 3363 intra
753 3311 1134 3366 hebdomadam
1176 3313 1448 3367 Paschalis
1481 3315 1669 3368 festum
1697 3315 1890 3369 subse-

299 3407 586 3466 quentem,
617 3409 664 3452 et
704 3415 798 3469 per
837 3411 1105 3466 octavam,
1141 3414 1196 3456 ut
1232 3419 1298 3457 ex
1341 3405 1612 3472 sequentis
1658 3403 1892 3459 humili:e

303 3490 485 3552 titulo,
521 3491 676 3545 abeo
718 3492 808 3561 qui
848 3492 930 3546 bis
969 3495 1314 3548 concinnibus
1363 3496 1547 3550 aderat
1591 3497 1889 3566 prarmisso,

300 3583 568 3653 liquidum
619 3594 703 3638 est
754 3603 766 3637 :
813 3587 1079 3652 etiamque
1139 3588 1486 3642 continuatur
1542 3604 1609 3644 ex
1661 3589 1728 3644 iis
1771 3606 1893 3659 qua:

301 3678 466 3731 initio
493 3679 774 3748 sequentis
809 3675 1035 3744 Itotniliac
1058 3679 1324 3732 dicuntur.

384 3767 596 3822 Etenim
624 3785 745 3822 eum
791 3769 1409 3840 Coustautiuopolitanos
1449 3773 1589 3836 illos,
1633 3773 1721 3842 qui
1759 3788 1892 3826 cnn-

303 3858 556 3912 cionibus
579 3860 690 3911 suis
710 3849 900 3915 adesse
930 3862 1198 3929 solebant,
1219 3863 1529 3931 gravissime
1560 3865 1890 3933 pupugisset,

305 3948 549 4017 ipsis-que
577 3952 874 4006 molestiam
905 3965 1139 4008 creasset
1171 3956 1219 4008 in
1247 3955 1330 4008 illa
1353 3957 1628 4019 concione,
1659 3973 1816 4026 quam
1841 3958 1891 4010 in

310 4038 586 4093 Donniuica
623 4041 1050 4098 llcsurrcctionis
1089 4044 1286 4099 Christi
1326 4045 1612 4108 habuerat,
1643 4063 1708 4100 eo
1753 4049 1892 4117 quod

306 4131 368 4183 in
394 4130 481 4183 die
508 4131 830 4187 Parasceves
853 4134 918 4187 ad
943 4136 1238 4202 circenses,
1267 4147 1320 4191 ct
1348 4138 1398 4191 in
1446 4139 1667 4192 sabbato
1711 4150 1895 4194 sancto

307 4222 378 4274 ad
409 4224 698 4278 theatrales
722 4225 875 4280 ludos
897 4243 956 4281 sc
981 4230 1353 4295 contulissent,
1385 4231 1493 4284 into
1528 4233 1894 4286 excommuni-

308 4317 540 4369 cationis
577 4320 896 4372 sententiam
934 4321 1121 4376 saltem
1159 4323 1621 4377 comminatoriatn
1672 4324 1723 4378 itt
1776 4325 1896 4378 illos

310 4408 657 4475 protulisset;
689 4410 762 4463 illi
797 4419 972 4465 tamen
1022 4424 1226 4481 postea,
1267 4431 1327 4469 re
1365 4430 1544 4470 secum
1585 4417 1725 4471 serio
1773 4434 1896 4486 pcr-

312 4515 500 4566 pensa,
535 4518 641 4554 uon
669 4503 782 4556 sine
808 4518 964 4558 eausa
995 4521 1053 4559 se
1084 4508 1276 4560 acriter
1299 4509 1568 4578 impetitos
1611 4509 1771 4564 fuisse
1815 4511 1897 4562 vi-

310 4591 520 4658 dentes,
554 4602 610 4647 et
631 4594 777 4661 plura
828 4595 909 4649 bis
947 4595 1014 4649 de
1061 4597 1219 4651 rebus
1264 4599 1447 4652 audire
1490 4601 1788 4667 cupientes,
1831 4602 1894 4653 ad

311 4699 559 4754 magnam
591 4687 891 4754 ecclesiam,
941 4697 1000 4742 ut
1033 4689 1274 4743 concioni
1318 4688 1651 4755 intert‘orent,
1702 4693 1898 4760 ingenti

314 4793 540 4831 numero
591 4793 649 4832 se
703 4780 999 4835 contulere.
1043 4779 1239 4833 Verum
1297 4781 1489 4835 accidit
1543 4791 1598 4835 ut
1646 4782 1739 4836 illo
1788 4782 1894 4847 die,

315 4882 505 4934 nempe
535 4868 806 4923 Dominica
833 4880 948 4938 post
978 4869 1202 4936 Pascha,
1234 4869 1446 4938 quidam
1477 4870 1689 4924 adesset
1710 4887 1772 4924 ex
1798 4871 1902 4924 Ga-

312 4955 434 5010 latia
468 4959 772 5028 episcopus,
807 4963 886 5014 vir
914 4972 1023 5015 tum
1045 4978 1109 5016 ex
1147 4971 1438 5024 senectute.
1475 4975 1582 5016 tum
1627 4979 1691 5018 ex
1737 4965 1899 5017 animi

311 5049 525 5126 dotibus
563 5051 920 5116 venerandus,
951 5054 1036 5106 cui
1068 5053 1414 5107 coucionandi
1471 5057 1637 5109 vicem
1668 5055 1902 5126 Chryso-

303 5108 516 5193 1ιλιυιιιιιξι
543 5144 723 5195 cessit.
755 5143 907 5210 Quod
946 5145 1216 5198 auditores
1242 5147 1314 5198 illi
1362 5147 1640 5214 :rgerrime
1690 5147 1896 5204 tul-ure:

289 5241 523 5283 Δ,ειιιιιιιιο
550 5233 1080 5304 enimChrysostouti
1124 5252 1183 5290 se
1226 5235 1416 5289 iterum
1460 5238 1746 5306 carpentis,
1795 5237 1902 5289 imo

312 5324 565 5387 secantis,
599 5332 658 5377 ut
693 5325 808 5393 ipse
837 5328 911 5379 ait
937 5327 1155 5394 ibidem,
1182 5329 1428 5381 audiendi
1456 5327 1722 5382 desiderio
1753 5339 1900 5382 tene-

315 5416 530 5469 bantur.

381 5507 723 5577 Quapropter
751 5510 841 5564 ille
875 5510 1144 5566 Dominica
1169 5511 1252 5582 (Τ.
1285 5512 1372 5566 12.
1412 5530 1456 5565 c.
1495 5510 1652 5581 517),
1683 5520 1738 5564 ut
1781 5527 1899 5566 erc-

314 5597 439 5654 dere
473 5613 577 5665 est,
609 5605 873 5671 sequenti.
905 5607 1134 5658 secunda
1173 5605 1417 5658 videlicet
1445 5614 1562 5672 post
1592 5603 1815 5669 Pascha,
1850 5605 1900 5658 in

315 5694 537 5747 ecclesia
585 5694 767 5764 Magna
809 5699 1116 5750 concionem
1148 5696 1283 5750 hanc
1315 5698 1495 5750 habuit
1522 5738 1536 5758 ,
1585 5697 1669 5749 ubi
1724 5697 1901 5749 statim

318 5789 645 5842 Illtiiitn'lblH
668 5789 976 5858 gratulatur,
1012 5791 1151 5861 quod
1185 5792 1303 5845 licet
1337 5803 1438 5844 tam
1473 5791 1701 5860 graviter
1741 5805 1900 5843 cxce-

1469 363 1649 421 NUNC
1688 337 1949 433 Papinii
1992 363 2383 421 meum“.

3466 359 3567 416 174

1993 479 2068 547 pti
2109 479 2159 532 in
2199 479 2453 532 concione
2498 475 2586 531 illa
2629 476 2915 531 Dominica:
2962 475 3406 542 Resurrectionis,
3436 478 3572 531 adeo

1993 570 2256 625 ferventer
2284 581 2338 624 et
2368 581 2512 624 tanto
2534 585 2754 624 numero
2795 570 2983 624 iterum
3028 580 3388 640 compareant.
3436 570 3570 624 Tum

1991 677 2110 717 sese
2159 673 2397 726 excusat,
2455 663 2594 732 quod
2637 663 2905 716 Dominica
2953 665 3267 732 praecedenti
3322 667 3573 733 episcopo

1991 751 2209 807 Galatia:
2238 753 2432 806 seniori
2460 753 2805 807 concionandi
2837 755 3008 806 locum
3026 753 3256 814 dederit;
3279 753 3574 822 iterumque

1992 853 2174 898 contra
2205 844 2472 898 circenses
2505 844 2676 906 ludos,
2706 843 2796 897 sed
2829 843 3008 896 mitius
3036 843 3462 913 moderatiusque
3493 845 3574 897 lo-

1992 939 2201 1011 quitur;
2233 953 2447 1006 remque
2477 938 2639 1006 tangit
2667 936 2883 990 omnino
2915 934 3290 1005 deplorandam
3319 951 3436 1005 qua:
3486 951 3575 989 su-

1994 1031 2204 1100 periore
2231 1029 2316 1084 die
2345 1028 2612 1092 hesterna,
2639 1028 2828 1098 inquit,
2855 1027 2904 1079 in
2952 1025 3303 1094 hippodromo
3339 1027 3570 1096 contige-

1995 1131 2094 1183 rat.
2115 1135 2337 1190 qumque
2358 1119 2423 1173 ab
2451 1118 2750 1188 hujusmodi
2784 1117 2922 1170 ludis
2952 1117 3085 1170 alios
3123 1127 3368 1171 avertere
3413 1117 3576 1172 debec

1950 1253 1952 1255 ›
1994 1224 2094 1269 ret.
2148 1214 2368 1280 Quidam
2416 1213 2556 1266 enim
2603 1213 2691 1280 qui
2745 1210 2998 1280 postridie
3045 1197 3267 1264 uxorein
3323 1209 3576 1265 ducturus

1994 1315 2128 1368 erat,
2147 1305 2273 1359 dum
2301 1319 2419 1359 cum
2446 1303 2560 1357 aliis
2584 1303 2889 1357 cursoribus
2922 1301 2974 1355 in
3009 1302 3181 1356 stadio
3216 1313 3572 1368 conecrtaret,

1995 1399 2344 1466 interceptus.
2380 1394 2664 1449 miserabili
2712 1409 2837 1447 casu
2887 1393 3060 1462 capite
3092 1400 3383 1459 truncatus,
3410 1405 3463 1449 et
3491 1410 3570 1448 cx-

1996 1491 2179 1545 trcmis
2210 1489 2463 1544 membris
2491 1488 2760 1552 abscissis,
2795 1487 2862 1540 ibi
2896 1496 3183 1539 manserat.

2069 1581 2268 1636 Deinde
2300 1581 2528 1649 explicat
2559 1579 2683 1632 illttd
2713 1578 2988 1646 Evangelii
3014 1577 3235 1641 dictum,
3264 1576 3419 1631 Pater
3441 1594 3575 1630 mem

1996 1689 2151 1742 usque
2179 1672 2605 1740 madaopernlur,
2650 1679 2695 1722 et
2742 1685 2832 1740 ego
2871 1685 3052 1739 operor
3090 1684 3106 1722 :
3154 1669 3482 1736 Arianosque
3525 1678 3578 1720 et

1995 1767 2306 1828 Anommos,
2357 1762 2529 1815 tacitis
2571 1771 2744 1814 tamen
2778 1760 3095 1820 nominibus,
3131 1758 3390 1812 acerrime
3435 1758 3576 1811 insc-

1995 1864 2188 1917 etatnr,
2219 1852 2447 1923 probans
2475 1853 2666 1906 Filium
2687 1851 2823 1904 Patri
2851 1852 3127 1920 :equalcm,
3152 1865 3270 1904 cum
3299 1849 3387 1902 illo
3413 1850 3577 1903 semel

1995 1948 2240 2016 eperari;
2269 1947 2391 2016 quia
2419 1961 2544 1999 vero
2572 1943 2812 2013 operatio
2839 1943 2924 1995 illa
2954 1958 3268 2010 permanens
3297 1952 3397 2004 est,
3433 1951 3579 2012 putat

1995 2038 2428 2109 Chrysostomus,
2459 2035 2544 2090 hic
2577 2034 2982 2104 providentiam,
3015 2033 3186 2087 Patris
3212 2042 3264 2086 et
3293 2032 3411 2085 Filii
3451 2047 3564 2101 ope

1998 2132 2256 2184 rationem
2298 2130 2422 2182 dici.

2071 2222 2124 2274 In
2158 2236 2305 2275 more
2335 2227 2450 2273 erat
2476 2229 2530 2272 ut
2559 2218 2666 2272 bini
2699 2218 2778 2270 vel
2811 2216 2945 2270 terni
2967 2215 3155 2270 eodem
3182 2214 3267 2268 die
3300 2213 3578 2268 continen-

1999 2325 2078 2368 ter
2104 2313 2322 2368 verbum
2348 2312 2440 2366 Dei
2474 2310 2842 2380 praedicarent.
2873 2308 3105 2377 ldipsum
3138 2307 3379 2361 videmus
3405 2307 3455 2359 in
3486 2305 3581 2357 ho-

1996 2407 2140 2459 tnilia
2169 2405 2395 2469 decima,
2427 2418 2545 2472 quae
2585 2401 2760 2454 habita
2815 2398 2912 2453 fuit
2955 2399 3006 2452 in
3046 2398 3266 2452 ecclesia
3316 2397 3580 2466 Apostoli,

2001 2506 2276 2567 postquam
2299 2509 2462 2548 senex
2487 2494 2770 2561 episcopus
2801 2500 2924 2544 ante
2965 2489 3406 2559 Cltrysustomum
3453 2501 3581 2538 euu-

1996 2591 2237 2644 eionatus
2277 2586 2448 2640 fuerat
2491 2602 2504 2636 :
2549 2583 2793 2652 quodque
2836 2581 3224 2637 observandum
3268 2588 3386 2641 est,
3434 2578 3579 2632 illum

1997 2697 2202 2744 senem,
2231 2689 2284 2734 et
2309 2694 2366 2731 se
2388 2677 2637 2746 juvenem
2670 2685 2842 2739 vocat,
2872 2675 2968 2728 etsi
2997 2689 3059 2727 cx
3093 2672 3303 2742 vulgata
3333 2672 3582 2740 Opinione

1996 2788 2192 2826 annum
2223 2770 2397 2824 relatis
2443 2768 2513 2822 5‘2.
2556 2773 2663 2836 jam
2711 2780 2961 2820 emensus
2999 2770 3134 2817 erat.
3196 2764 3581 2831 Argumentum

1995 2862 2271 2917 eoncionis
2290 2859 2528 2914 sumitex
2554 2857 2655 2912 hoc
2684 2855 2950 2926 EVangelii
2978 2855 3140 2918 dicto,
3175 2853 3352 2908 Messi:
3380 2853 3583 2920 quidem

1996 2955 2175 3015 multa,
2208 2951 2424 3022 apcrnrit'
2451 2959 2612 3002 autem
2641 2949 2810 3018 pauci.
2847 2947 3038 3001 Probat
3069 2955 3246 2999 autem
3275 2957 3324 2998 et
3349 2959 3508 2998 senes
3530 2951 3584 2996 et

1993 3047 2216 3116 juvenes
2266 3044 2540 3112 operarios
2593 3041 2846 3095 Eeclesim
2893 3039 3174 3090 admodum
3236 3037 3392 3091 utiles
3439 3051 3580 3089 esse.

1997 3137 2290 3203 MessiSqtte
2323 3132 2624 3203 hujusmodi
2673 3132 2871 3184 fruetus
2906 3130 3128 3182 eximios
3173 3128 3335 3181 fuisse
3375 3137 3584 3190 narrat,

1998 3238 2056 3281 ut
2081 3243 2199 3281 cum
2236 3226 2428 3280 Paulus
2453 3222 2680 3291 simplici
2705 3221 2867 3274 verbo
2896 3219 3276 3274 Proconsulcm
3303 3232 3400 3272 ceu
3427 3232 3581 3288 sago-

1998 3337 2062 3375 na
2118 3319 2300 3386 cepit,
2359 3327 2412 3370 et
2473 3331 2591 3369 eum
2644 3313 2920 3380 Philippus
2968 3308 3289 3364 eunuchum-
3324 3306 3588 3362 Candacis

1999 3409 2288 3478 Ethiopian
2319 3407 2514 3476 regina:
2542 3405 2605 3458 ad
2637 3405 2791 3457 (idem
2822 3402 3106 3456 convertit.

2071 3500 2350 3555 llomiliam
2369 3513 2585 3568 quoque
2601 3494 2931 3549 undecimam
2954 3491 3139 3547 habuit
3154 3489 3590 3566 postquam‘alius
3674 3495 3691 3508 '

1997 3592 2284 3648 admodum
2315 3605 2480 3645 senex
2532 3597 2798 3642 oraVcrat.
2841 3583 2914 3638 lbi
2956 3583 3184 3654 primum
3229 3597 3290 3636 se
3335 3579 3583 3636 audiendi

1999 3684 2192 3751 cupido
2220 3680 2380 3736 emtui
2424 3680 2742 3749 gratulatur,
2775 3690 2836 3729 ac
2861 3674 2928 3730 de
2959 3674 3214 3728 Eleazaro
3253 3681 3308 3727 et
3343 3673 3412 3727 de
3453 3671 3588 3726 Mae-

1999 3775 2192 3828 cabacis
2218 3775 2345 3841 agit,
2377 3786 2603 3841 quorum
2637 3767 2829 3822 festum
2857 3767 2907 3820 in
2947 3765 3181 3842 Ecclesia
3218 3762 3586 3820 Constantino-

2001 3866 2232 3935 politana
2259 3862 2649 3923 celebrabatur,
2678 3868 2730 3912 et
2756 3872 2889 3928 quos
2921 3855 3109 3926 probat
3130 3854 3217 3908 ille
3247 3870 3342 3924 pro
3369 3853 3584 3908 Cltrisw

2000 3972 2185 4028 passos
2205 3971 2346 4010 esse.
2377 3953 2432 4008 In
2468 3955 2570 4006 tine
2595 3951 2869 4005 conciouis
2891 3963 3054 4024 pauca
3082 3945 3473 4001 desiderantur.

2073 4048 2340 4104 Hactenus
2392 4044 2622 4097 vidimus
2668 4040 2835 4111 (Anno
2861 4037 2986 4107 599)
3035 4037 3212 4090 omnia
3268 4034 3474 4104 placide
3524 4043 3586 4088 et

2003 4151 2192 4208 sponte
2223 4138 2458 4202 liuentia,
2507 4134 2803 4189 Eudnxiam
2852 4134 3143 4199 Augustam
3191 4128 3294 4198 piis
3335 4126 3587 4196 operibus-

2004 4230 2418 4293 incumbentem,
2450 4241 2504 4282 et
2551 4243 2580 4280 a
2621 4225 3007 4296 Cln'ysostomo
3055 4221 3297 4276 laudibus
3344 4218 3582 4274 celebra-

2005 4335 2110 4378 tam
2144 4318 2800 4388 :Constantinopolitanos
2834 4317 2903 4370 ob
2938 4315 3195 4369 circensia
3226 4320 3281 4367 et
3311 4311 3578 4383 theatrth

2003 4412 2305 4484 Spectacula
2327 4411 2641 4480 gravissime
2679 4409 3002 4476 increpatos,
3034 4413 3300 4474 Optantes,
3348 4403 3457 4456 imo
3502 4402 3577 4452 in-

2005 4517 2207 4563 stantes
2231 4504 2371 4573 apud
2404 4503 2840 4572 Cln'ysostomum
2867 4506 2922 4550 ttt
2945 4513 3003 4550 se
3032 4497 3225 4550 talibus
3251 4503 3357 4546 tam
3378 4491 3584 4546 acerbis
3617 4523 3624 4532 ι

2007 4599 2224 4652 monitis
2251 4596 2315 4650 ad
2357 4603 2557 4648 rectam
2610 4592 2748 4644 viam
2792 4587 3122 4641 deduceret:
3156 4582 3402 4648 Gottbos,
3437 4582 3585 4649 jussu

2006 4691 2121 4760 ejus
2142 4687 2390 4744 Gotthice
2418 4683 2718 4750 Scripturas
2751 4680 2987 4748 legentes
3010 4685 3064 4731 et
3099 4674 3345 4731 Gotthice
3390 4669 3585 4740 praetli-
3663 4735 3677 4740 ἢ

2006 4789 2208 4834 cantes.
2233 4778 2349 4831 Jam
2382 4791 2508 4830 vero
2533 4773 2599 4827 ad
2636 4771 2804 4826 tristia
2837 4768 3100 4830 ducimur,
3132 4780 3252 4834 quze
3292 4774 3348 4817 ut
3393 4761 3590 4816 clarius

2006 4883 2356 4938 exponamus,
2387 4868 2546 4921 altius
2576 4862 2862 4932 repetenda
2887 4876 2973 4916 res
2998 4868 3098 4914 est.

2080 4960 2314 5030 Eutropii
2359 4957 2576 5012 emtucht’
2619 4955 2848 5008 historia.
2880 4981 2948 4992 —
2977 4948 3261 5018 Eutropius
3308 4945 3587 5001 eunuchus

2008 5054 2174 5120 gratia
2197 5049 2334 5121 apud
2355 5049 2728 5117 Imperatorem
2747 5045 3027 5100 Arcadium
3051 5042 3332 5112 plurimum
3354 5039 3586 5105 valebat,

2008 5145 2226 5214 ejusque
2255 5143 2477 5209 cqnsilio
2516 5151 2570 5194 et
2609 5139 2922 5194 auctoritate
2961 5148 3184 5205 quaeque
3225 5132 3452 5188 maxima
3489 5131 3593 5187 lino

2009 5237 2139 5306 perii
2169 5235 2374 5304 negotia
2400 5232 2721 5303 gerebantur
2750 5228 3029 5299 (Chrysost.
3059 5227 3111 5278 in
3141 5223 3444 5294 Eutropia»:
3470 5235 3507 5276 t.
3531 5225 3588 5278 3.

2013 5343 2063 5378 c.
2093 5326 2242 5396 591).
2277 5325 2325 5377 ls
2350 5338 2471 5376 cum
2508 5321 2729 5376 Joannis
2755 5317 3120 5387 Cltrysostomi
3154 5317 3204 5369 in
3236 5316 3416 5369 sedem
3447 5313 3587 5368 (Zon-

2010 5417 2528 5484 stautinopolitanam
2572 5411 2914 5481 promovendi
2951 5418 3135 5462 auctor
3175 5406 3390 5471 fuisset,
3440 5406 3592 5460 initio

2010 5508 2126 5578 ejus
2167 5507 2378 5563 monitis
2413 5504 2721 5574 plaeitisque
2763 5500 2899 5554 haud
2939 5514 3079 5569 aegre
3116 5512 3317 5556 morem
3347 5497 3586 5566 gerebat.

2010 5600 2346 5668 Subindeqne
2369 5604 2708 5651 accrescente
2735 5592 2968 5662 potentia
2994 5632 3010 5656 ,
3047 5604 3167 5644 cum
3203 5590 3339 5643 altos
3368 5585 3589 5654 spiritus

2010 5690 2402 5759 assumpsisset,
2424 5703 2526 5740 non
2542 5684 2825 5740 desistebat
2841 5675 3366 5753 Chrysostomus,sed
3379 5671 3590 5727 dicebat

2014 5785 2086 5840 illi
2117 5785 2354 5853 fugitiva!
2385 5794 2501 5833 esse
2533 5778 2739 5831 divitias
2782 5775 3123 5845 fragilemque
3159 5768 3443 5841 potentiam
3485 5779 3583 5818 sas.
