  <div class='ocr_page' id='page_1' title='image "/cluster/home/n/w/nwhite01/storage/ocr_20150623/47/mdp.39015012902212/185.png"; bbox 0 0 4110 6148; ppageno 0'>
   <div class='ocr_carea' id='block_1_1' title="bbox 507 312 606 366">
    <p class='ocr_par' dir='ltr' id='par_1_1' title="bbox 507 312 606 366">
     <span class='ocr_line' id='line_1_1' title="bbox 507 312 606 366; baseline 0.02 -3"><span class='ocrx_word' id='word_1_1' title='bbox 507 312 606 366; x_wconf 73' lang='lat' dir='ltr'><strong>I75</strong></span> 
     </span>
    </p>
   </div>
   <div class='ocr_carea' id='block_1_2' title="bbox 501 425 2088 498">
    <p class='ocr_par' dir='ltr' id='par_1_2' title="bbox 501 425 2088 498">
     <span class='ocr_line' id='line_1_2' title="bbox 501 425 2088 498; baseline 0.008 -21"><span class='ocrx_word' id='word_1_2' title='bbox 501 426 758 481; x_wconf 77' lang='lat' dir='ltr'><strong>cnlarem.</strong></span> <span class='ocrx_word' id='word_1_3' title='bbox 792 425 884 481; x_wconf 87' lang='lat' dir='ltr'><strong>Illo</strong></span> <span class='ocrx_word' id='word_1_4' title='bbox 913 435 1084 482; x_wconf 85' lang='lat' dir='ltr'><strong>autem</strong></span> <span class='ocrx_word' id='word_1_5' title='bbox 1115 442 1226 483; x_wconf 79' lang='lat' dir='ltr'><strong>nem</strong></span> <span class='ocrx_word' id='word_1_6' title='bbox 1254 442 1393 498; x_wconf 79' lang='lat' dir='ltr'><strong>a-gre</strong></span> <span class='ocrx_word' id='word_1_7' title='bbox 1418 429 1640 497; x_wconf 83' lang='lat' dir='ltr'><strong>ferente,</strong></span> <span class='ocrx_word' id='word_1_8' title='bbox 1666 430 1895 487; x_wconf 85' lang='lat' dir='ltr'><strong>addebat</strong></span> <span class='ocrx_word' id='word_1_9' title='bbox 1916 433 1975 487; x_wconf 90' lang='lat' dir='ltr'><strong>S.</strong></span> <span class='ocrx_word' id='word_1_10' title='bbox 1993 433 2088 489; x_wconf 83' lang='lat' dir='ltr'><strong>do-</strong></span> 
     </span>
    </p>
   </div>
   <div class='ocr_carea' id='block_1_3' title="bbox 506 518 2086 594">
    <p class='ocr_par' dir='ltr' id='par_1_3' title="bbox 506 518 2086 594">
     <span class='ocr_line' id='line_1_3' title="bbox 506 518 2086 594; baseline 0.006 -26"><span class='ocrx_word' id='word_1_11' title='bbox 506 527 641 583; x_wconf 77' lang='lat' dir='ltr'><strong>etor,</strong></span> <span class='ocrx_word' id='word_1_12' title='bbox 674 533 734 573; x_wconf 90' lang='lat' dir='ltr'><strong>se</strong></span> <span class='ocrx_word' id='word_1_13' title='bbox 763 518 850 586; x_wconf 89' lang='lat' dir='ltr'><strong>qui</strong></span> <span class='ocrx_word' id='word_1_14' title='bbox 881 527 1166 588; x_wconf 82' lang='lat' dir='ltr'><strong>argueret,</strong></span> <span class='ocrx_word' id='word_1_15' title='bbox 1194 534 1318 574; x_wconf 82' lang='lat' dir='ltr'><strong>vere</strong></span> <span class='ocrx_word' id='word_1_16' title='bbox 1345 523 1607 587; x_wconf 88' lang='lat' dir='ltr'><strong>amicum;</strong></span> <span class='ocrx_word' id='word_1_17' title='bbox 1640 531 1969 593; x_wconf 82' lang='lat' dir='ltr'><strong>ca-terosque</strong></span> <span class='ocrx_word' id='word_1_18' title='bbox 1998 524 2086 594; x_wconf 90' lang='lat' dir='ltr'><strong>qui</strong></span> 
     </span>
    </p>
   </div>
   <div class='ocr_carea' id='block_1_4' title="bbox 504 610 2090 685">
    <p class='ocr_par' dir='ltr' id='par_1_4' title="bbox 504 610 2090 685">
     <span class='ocr_line' id='line_1_4' title="bbox 504 610 2090 685; baseline 0.005 -24"><span class='ocrx_word' id='word_1_19' title='bbox 504 620 647 681; x_wconf 77' lang='lat' dir='ltr'><strong>gesta</strong></span> <span class='ocrx_word' id='word_1_20' title='bbox 694 611 858 680; x_wconf 86' lang='lat' dir='ltr'><strong>ipsius</strong></span> <span class='ocrx_word' id='word_1_21' title='bbox 902 610 1215 679; x_wconf 88' lang='lat' dir='ltr'><strong>laudarent,</strong></span> <span class='ocrx_word' id='word_1_22' title='bbox 1263 612 1567 668; x_wconf 76' lang='lat' dir='ltr'><strong>adulatores</strong></span> <span class='ocrx_word' id='word_1_23' title='bbox 1610 628 1751 669; x_wconf 91' lang='lat' dir='ltr'><strong>esse.</strong></span> <span class='ocrx_word' id='word_1_24' title='bbox 1802 614 2090 685; x_wconf 85' lang='lat' dir='ltr'><strong>Eutropius</strong></span> 
     </span>
    </p>
   </div>
   <div class='ocr_carea' id='block_1_5' title="bbox 507 701 2087 777">
    <p class='ocr_par' dir='ltr' id='par_1_5' title="bbox 507 701 2087 777">
     <span class='ocr_line' id='line_1_5' title="bbox 507 701 2087 777; baseline 0.006 -26"><span class='ocrx_word' id='word_1_25' title='bbox 507 716 637 754; x_wconf 88' lang='lat' dir='ltr'><strong>vero</strong></span> <span class='ocrx_word' id='word_1_26' title='bbox 663 716 773 755; x_wconf 91' lang='lat' dir='ltr'><strong>rem</strong></span> <span class='ocrx_word' id='word_1_27' title='bbox 806 701 1019 773; x_wconf 81' lang='lat' dir='ltr'><strong>indigne</strong></span> <span class='ocrx_word' id='word_1_28' title='bbox 1059 702 1209 769; x_wconf 89' lang='lat' dir='ltr'><strong>tulit,</strong></span> <span class='ocrx_word' id='word_1_29' title='bbox 1256 718 1320 759; x_wconf 90' lang='lat' dir='ltr'><strong>ac</strong></span> <span class='ocrx_word' id='word_1_30' title='bbox 1358 704 1552 760; x_wconf 88' lang='lat' dir='ltr'><strong>deinde</strong></span> <span class='ocrx_word' id='word_1_31' title='bbox 1581 704 1965 777; x_wconf 88' lang='lat' dir='ltr'><strong>Chrysoslomo</strong></span> <span class='ocrx_word' id='word_1_32' title='bbox 1991 707 2087 761; x_wconf 89' lang='lat' dir='ltr'><strong>ad-</strong></span> 
     </span>
    </p>
   </div>
   <div class='ocr_carea' id='block_1_6' title="bbox 503 791 829 845">
    <p class='ocr_par' dir='ltr' id='par_1_6' title="bbox 503 791 829 845">
     <span class='ocr_line' id='line_1_6' title="bbox 503 791 829 845; baseline 0.003 -1"><span class='ocrx_word' id='word_1_33' title='bbox 503 791 829 845; x_wconf 82' lang='lat' dir='ltr'><strong>versabatur.</strong></span> 
     </span>
    </p>
   </div>
   <div class='ocr_carea' id='block_1_7' title="bbox 578 880 2087 958">
    <p class='ocr_par' dir='ltr' id='par_1_7' title="bbox 578 880 2087 958">
     <span class='ocr_line' id='line_1_7' title="bbox 578 880 2087 958; baseline 0.004 -25"><span class='ocrx_word' id='word_1_34' title='bbox 578 880 719 935; x_wconf 90' lang='lat' dir='ltr'><strong>Inter</strong></span> <span class='ocrx_word' id='word_1_35' title='bbox 745 880 846 936; x_wconf 91' lang='lat' dir='ltr'><strong>alia</strong></span> <span class='ocrx_word' id='word_1_36' title='bbox 877 896 1025 947; x_wconf 89' lang='lat' dir='ltr'><strong>vero,</strong></span> <span class='ocrx_word' id='word_1_37' title='bbox 1055 899 1174 954; x_wconf 77' lang='lat' dir='ltr'><strong>qua:</strong></span> <span class='ocrx_word' id='word_1_38' title='bbox 1196 893 1392 956; x_wconf 58' lang='lat' dir='ltr'><strong>praeter</strong></span> <span class='ocrx_word' id='word_1_39' title='bbox 1419 884 1782 958; x_wconf 81' lang='lat' dir='ltr'><strong>Clirysostomi</strong></span> <span class='ocrx_word' id='word_1_40' title='bbox 1808 883 2087 939; x_wconf 86' lang='lat' dir='ltr'><strong>consilium</strong></span> 
     </span>
    </p>
   </div>
   <div class='ocr_carea' id='block_1_8' title="bbox 503 972 2089 1046">
    <p class='ocr_par' dir='ltr' id='par_1_8' title="bbox 503 972 2089 1046">
     <span class='ocr_line' id='line_1_8' title="bbox 503 972 2089 1046; baseline 0.003 -20"><span class='ocrx_word' id='word_1_41' title='bbox 503 981 557 1026; x_wconf 91' lang='lat' dir='ltr'><strong>et</strong></span> <span class='ocrx_word' id='word_1_42' title='bbox 590 972 911 1028; x_wconf 78' lang='lat' dir='ltr'><strong>voluntatem</strong></span> <span class='ocrx_word' id='word_1_43' title='bbox 951 973 1247 1045; x_wconf 81' lang='lat' dir='ltr'><strong>designavit</strong></span> <span class='ocrx_word' id='word_1_44' title='bbox 1275 976 1589 1046; x_wconf 86' lang='lat' dir='ltr'><strong>Eutropius,</strong></span> <span class='ocrx_word' id='word_1_45' title='bbox 1639 978 1807 1046; x_wconf 87' lang='lat' dir='ltr'><strong>legem</strong></span> <span class='ocrx_word' id='word_1_46' title='bbox 1841 976 1964 1032; x_wconf 91' lang='lat' dir='ltr'><strong>ferri</strong></span> <span class='ocrx_word' id='word_1_47' title='bbox 1996 991 2089 1030; x_wconf 88' lang='lat' dir='ltr'><strong>cu-</strong></span> 
     </span>
    </p>
   </div>
   <div class='ocr_carea' id='block_1_9' title="bbox 504 1065 2087 1137">
    <p class='ocr_par' dir='ltr' id='par_1_9' title="bbox 504 1065 2087 1137">
     <span class='ocr_line' id='line_1_9' title="bbox 504 1065 2087 1137; baseline 0.007 -22"><span class='ocrx_word' id='word_1_48' title='bbox 504 1065 662 1132; x_wconf 85' lang='lat' dir='ltr'><strong>ravit,</strong></span> <span class='ocrx_word' id='word_1_49' title='bbox 694 1073 753 1118; x_wconf 90' lang='lat' dir='ltr'><strong>ut</strong></span> <span class='ocrx_word' id='word_1_50' title='bbox 777 1065 911 1136; x_wconf 81' lang='lat' dir='ltr'><strong>asyli</strong></span> <span class='ocrx_word' id='word_1_51' title='bbox 951 1075 1007 1120; x_wconf 89' lang='lat' dir='ltr'><strong>et</strong></span> <span class='ocrx_word' id='word_1_52' title='bbox 1034 1067 1397 1122; x_wconf 78' lang='lat' dir='ltr'><strong>immanitatis</strong></span> <span class='ocrx_word' id='word_1_53' title='bbox 1407 1068 1497 1137; x_wconf 88' lang='lat' dir='ltr'><strong>jus</strong></span> <span class='ocrx_word' id='word_1_54' title='bbox 1520 1069 1758 1123; x_wconf 86' lang='lat' dir='ltr'><strong>ecclesiis</strong></span> <span class='ocrx_word' id='word_1_55' title='bbox 1788 1069 2087 1126; x_wconf 90' lang='lat' dir='ltr'><strong>tolleretur.</strong></span> 
     </span>
    </p>
   </div>
   <div class='ocr_carea' id='block_1_10' title="bbox 507 1154 2085 1229">
    <p class='ocr_par' dir='ltr' id='par_1_10' title="bbox 507 1154 2085 1229">
     <span class='ocr_line' id='line_1_10' title="bbox 507 1154 2085 1229; baseline 0.004 -23"><span class='ocrx_word' id='word_1_56' title='bbox 507 1154 702 1210; x_wconf 83' lang='lat' dir='ltr'><strong>\erum</strong></span> <span class='ocrx_word' id='word_1_57' title='bbox 734 1155 784 1210; x_wconf 89' lang='lat' dir='ltr'><strong>id</strong></span> <span class='ocrx_word' id='word_1_58' title='bbox 817 1157 908 1213; x_wconf 87' lang='lat' dir='ltr'><strong>ille</strong></span> <span class='ocrx_word' id='word_1_59' title='bbox 950 1158 1002 1212; x_wconf 87' lang='lat' dir='ltr'><strong>in</strong></span> <span class='ocrx_word' id='word_1_60' title='bbox 1046 1159 1236 1227; x_wconf 80' lang='lat' dir='ltr'><strong>capitis</strong></span> <span class='ocrx_word' id='word_1_61' title='bbox 1274 1161 1354 1213; x_wconf 90' lang='lat' dir='ltr'><strong>sui</strong></span> <span class='ocrx_word' id='word_1_62' title='bbox 1401 1161 1685 1229; x_wconf 86' lang='lat' dir='ltr'><strong>perniciem</strong></span> <span class='ocrx_word' id='word_1_63' title='bbox 1732 1159 1945 1214; x_wconf 89' lang='lat' dir='ltr'><strong>molitus</strong></span> <span class='ocrx_word' id='word_1_64' title='bbox 1983 1169 2085 1214; x_wconf 87' lang='lat' dir='ltr'><strong>est.</strong></span> 
     </span>
    </p>
   </div>
   <div class='ocr_carea' id='block_1_11' title="bbox 502 1245 2084 1320">
    <p class='ocr_par' dir='ltr' id='par_1_11' title="bbox 502 1245 2084 1320">
     <span class='ocr_line' id='line_1_11' title="bbox 502 1245 2084 1320; baseline 0.004 -22"><span class='ocrx_word' id='word_1_65' title='bbox 502 1245 636 1299; x_wconf 76' lang='lat' dir='ltr'><strong>Cum</strong></span> <span class='ocrx_word' id='word_1_66' title='bbox 669 1247 809 1302; x_wconf 86' lang='lat' dir='ltr'><strong>enim</strong></span> <span class='ocrx_word' id='word_1_67' title='bbox 840 1256 1022 1318; x_wconf 71' lang='lat' dir='ltr'><strong>pestea</strong></span> <span class='ocrx_word' id='word_1_68' title='bbox 1051 1260 1381 1305; x_wconf 87' lang='lat' dir='ltr'><strong>accresceret</strong></span> <span class='ocrx_word' id='word_1_69' title='bbox 1408 1251 1506 1305; x_wconf 86' lang='lat' dir='ltr'><strong>sibi</strong></span> <span class='ocrx_word' id='word_1_70' title='bbox 1536 1251 1673 1320; x_wconf 86' lang='lat' dir='ltr'><strong>apud</strong></span> <span class='ocrx_word' id='word_1_71' title='bbox 1708 1251 2084 1320; x_wconf 89' lang='lat' dir='ltr'><strong>Imperatorem</strong></span> 
     </span>
    </p>
   </div>
   <div class='ocr_carea' id='block_1_12' title="bbox 502 1340 2091 1412">
    <p class='ocr_par' dir='ltr' id='par_1_12' title="bbox 502 1340 2091 1412">
     <span class='ocr_line' id='line_1_12' title="bbox 502 1340 2091 1412; baseline 0.001 -21"><span class='ocrx_word' id='word_1_72' title='bbox 502 1341 701 1408; x_wconf 83' lang='lat' dir='ltr'><strong>gratia,</strong></span> <span class='ocrx_word' id='word_1_73' title='bbox 753 1340 965 1395; x_wconf 88' lang='lat' dir='ltr'><strong>Patricii</strong></span> <span class='ocrx_word' id='word_1_74' title='bbox 999 1356 1191 1397; x_wconf 85' lang='lat' dir='ltr'><strong>nomen</strong></span> <span class='ocrx_word' id='word_1_75' title='bbox 1219 1350 1275 1397; x_wconf 89' lang='lat' dir='ltr'><strong>ct</strong></span> <span class='ocrx_word' id='word_1_76' title='bbox 1300 1344 1631 1398; x_wconf 76' lang='lat' dir='ltr'><strong>consulatum</strong></span> <span class='ocrx_word' id='word_1_77' title='bbox 1662 1344 1784 1398; x_wconf 90' lang='lat' dir='ltr'><strong>anni</strong></span> <span class='ocrx_word' id='word_1_78' title='bbox 1816 1343 2091 1412; x_wconf 78' lang='lat' dir='ltr'><strong>undequa-</strong></span> 
     </span>
    </p>
   </div>
   <div class='ocr_carea' id='block_1_13' title="bbox 502 1431 2090 1503">
    <p class='ocr_par' dir='ltr' id='par_1_13' title="bbox 502 1431 2090 1503">
     <span class='ocr_line' id='line_1_13' title="bbox 502 1431 2090 1503; baseline 0.002 -20"><span class='ocrx_word' id='word_1_79' title='bbox 502 1431 903 1499; x_wconf 81' lang='lat' dir='ltr'><strong>driugentesimi</strong></span> <span class='ocrx_word' id='word_1_80' title='bbox 930 1441 1288 1503; x_wconf 90' lang='lat' dir='ltr'><strong>consequutus</strong></span> <span class='ocrx_word' id='word_1_81' title='bbox 1315 1443 1414 1487; x_wconf 91' lang='lat' dir='ltr'><strong>est.</strong></span> <span class='ocrx_word' id='word_1_82' title='bbox 1438 1435 1567 1502; x_wconf 62' lang='lat' dir='ltr'><strong>Qua&#39;</strong></span> <span class='ocrx_word' id='word_1_83' title='bbox 1588 1449 1676 1490; x_wconf 89' lang='lat' dir='ltr'><strong>res</strong></span> <span class='ocrx_word' id='word_1_84' title='bbox 1700 1434 1881 1488; x_wconf 89' lang='lat' dir='ltr'><strong>multis</strong></span> <span class='ocrx_word' id='word_1_85' title='bbox 1904 1433 2090 1503; x_wconf 87' lang='lat' dir='ltr'><strong>displi-</strong></span> 
     </span>
    </p>
   </div>
   <div class='ocr_carea' id='block_1_14' title="bbox 503 1510 2083 1593">
    <p class='ocr_par' dir='ltr' id='par_1_14' title="bbox 503 1510 2083 1593">
     <span class='ocr_line' id='line_1_14' title="bbox 503 1510 2083 1593; baseline 0.001 -18"><span class='ocrx_word' id='word_1_86' title='bbox 503 1522 632 1575; x_wconf 85' lang='lat' dir='ltr'><strong>Cuit.</strong></span> <span class='ocrx_word' id='word_1_87' title='bbox 653 1510 886 1577; x_wconf 77' lang='lat' dir='ltr'><strong>Tandem</strong></span> <span class='ocrx_word' id='word_1_88' title='bbox 909 1523 1227 1593; x_wconf 76' lang='lat' dir='ltr'><strong>Tribigildus</strong></span> <span class='ocrx_word' id='word_1_89' title='bbox 1249 1525 1494 1581; x_wconf 87' lang='lat' dir='ltr'><strong>tribunus</strong></span> <span class='ocrx_word' id='word_1_90' title='bbox 1513 1526 1648 1580; x_wconf 89' lang='lat' dir='ltr'><strong>clam</strong></span> <span class='ocrx_word' id='word_1_91' title='bbox 1672 1527 1879 1581; x_wconf 83' lang='lat' dir='ltr'><strong>favente</strong></span> <span class='ocrx_word' id='word_1_92' title='bbox 1895 1524 2083 1590; x_wconf 86' lang='lat' dir='ltr'><strong>Gaina,</strong></span> 
     </span>
    </p>
   </div>
   <div class='ocr_carea' id='block_1_15' title="bbox 502 1606 2088 1686">
    <p class='ocr_par' dir='ltr' id='par_1_15' title="bbox 502 1606 2088 1686">
     <span class='ocr_line' id='line_1_15' title="bbox 502 1606 2088 1686; baseline 0.004 -21"><span class='ocrx_word' id='word_1_93' title='bbox 502 1606 685 1666; x_wconf 67' lang='lat' dir='ltr'><strong>cuncta</strong></span> <span class='ocrx_word' id='word_1_94' title='bbox 716 1614 938 1667; x_wconf 85' lang='lat' dir='ltr'><strong>militum</strong></span> <span class='ocrx_word' id='word_1_95' title='bbox 970 1630 1128 1669; x_wconf 86' lang='lat' dir='ltr'><strong>manu</strong></span> <span class='ocrx_word' id='word_1_96' title='bbox 1159 1631 1187 1669; x_wconf 91' lang='lat' dir='ltr'><strong>a</strong></span> <span class='ocrx_word' id='word_1_97' title='bbox 1215 1616 1559 1671; x_wconf 80' lang='lat' dir='ltr'><strong>formiduloso</strong></span> <span class='ocrx_word' id='word_1_98' title='bbox 1585 1616 1829 1686; x_wconf 86' lang='lat' dir='ltr'><strong>Principe</strong></span> <span class='ocrx_word' id='word_1_99' title='bbox 1859 1616 2088 1673; x_wconf 83' lang='lat' dir='ltr'><strong>Arcadio</strong></span> 
     </span>
    </p>
   </div>
   <div class='ocr_carea' id='block_1_16' title="bbox 508 1703 2084 1778">
    <p class='ocr_par' dir='ltr' id='par_1_16' title="bbox 508 1703 2084 1778">
     <span class='ocr_line' id='line_1_16' title="bbox 508 1703 2084 1778; baseline 0.003 -22"><span class='ocrx_word' id='word_1_100' title='bbox 508 1703 840 1772; x_wconf 88' lang='lat' dir='ltr'><strong>impetravit,</strong></span> <span class='ocrx_word' id='word_1_101' title='bbox 883 1714 939 1760; x_wconf 87' lang='lat' dir='ltr'><strong>ut</strong></span> <span class='ocrx_word' id='word_1_102' title='bbox 976 1705 1139 1776; x_wconf 86' lang='lat' dir='ltr'><strong>gradu</strong></span> <span class='ocrx_word' id='word_1_103' title='bbox 1170 1705 1490 1776; x_wconf 91' lang='lat' dir='ltr'><strong>dejiceretur</strong></span> <span class='ocrx_word' id='word_1_104' title='bbox 1516 1706 1934 1778; x_wconf 82' lang='lat' dir='ltr'><strong>Eutropius:qui</strong></span> <span class='ocrx_word' id='word_1_105' title='bbox 1965 1723 2084 1762; x_wconf 89' lang='lat' dir='ltr'><strong>cum</strong></span> 
     </span>
    </p>
   </div>
   <div class='ocr_carea' id='block_1_17' title="bbox 505 1794 2084 1870">
    <p class='ocr_par' dir='ltr' id='par_1_17' title="bbox 505 1794 2084 1870">
     <span class='ocr_line' id='line_1_17' title="bbox 505 1794 2084 1870; baseline 0.003 -21"><span class='ocrx_word' id='word_1_106' title='bbox 505 1794 851 1866; x_wconf 79' lang='lat' dir='ltr'><strong>Tribigildum</strong></span> <span class='ocrx_word' id='word_1_107' title='bbox 877 1797 1119 1868; x_wconf 89' lang='lat' dir='ltr'><strong>aliosque</strong></span> <span class='ocrx_word' id='word_1_108' title='bbox 1147 1798 1212 1852; x_wconf 92' lang='lat' dir='ltr'><strong>ad</strong></span> <span class='ocrx_word' id='word_1_109' title='bbox 1239 1814 1425 1853; x_wconf 88' lang='lat' dir='ltr'><strong>necem</strong></span> <span class='ocrx_word' id='word_1_110' title='bbox 1453 1799 1552 1853; x_wconf 88' lang='lat' dir='ltr'><strong>sibi</strong></span> <span class='ocrx_word' id='word_1_111' title='bbox 1581 1797 1910 1854; x_wconf 80' lang='lat' dir='ltr'><strong>inferendam</strong></span> <span class='ocrx_word' id='word_1_112' title='bbox 1932 1814 2084 1870; x_wconf 87' lang='lat' dir='ltr'><strong>para-</strong></span> 
     </span>
    </p>
   </div>
   <div class='ocr_carea' id='block_1_18' title="bbox 506 1887 2085 1959">
    <p class='ocr_par' dir='ltr' id='par_1_18' title="bbox 506 1887 2085 1959">
     <span class='ocr_line' id='line_1_18' title="bbox 506 1887 2085 1959; baseline 0.004 -21"><span class='ocrx_word' id='word_1_113' title='bbox 506 1896 588 1939; x_wconf 88' lang='lat' dir='ltr'><strong>tos</strong></span> <span class='ocrx_word' id='word_1_114' title='bbox 608 1896 869 1948; x_wconf 89' lang='lat' dir='ltr'><strong>cerneret,</strong></span> <span class='ocrx_word' id='word_1_115' title='bbox 890 1887 941 1941; x_wconf 90' lang='lat' dir='ltr'><strong>in</strong></span> <span class='ocrx_word' id='word_1_116' title='bbox 964 1887 1265 1956; x_wconf 84' lang='lat' dir='ltr'><strong>ecclesiam,</strong></span> <span class='ocrx_word' id='word_1_117' title='bbox 1282 1888 1422 1958; x_wconf 90' lang='lat' dir='ltr'><strong>quod</strong></span> <span class='ocrx_word' id='word_1_118' title='bbox 1443 1889 1653 1944; x_wconf 89' lang='lat' dir='ltr'><strong>unicum</strong></span> <span class='ocrx_word' id='word_1_119' title='bbox 1670 1889 1768 1944; x_wconf 90' lang='lat' dir='ltr'><strong>sibi</strong></span> <span class='ocrx_word' id='word_1_120' title='bbox 1794 1889 2085 1959; x_wconf 80' lang='lat' dir='ltr'><strong>perfugium</strong></span> 
     </span>
    </p>
   </div>
   <div class='ocr_carea' id='block_1_19' title="bbox 508 1978 2086 2053">
    <p class='ocr_par' dir='ltr' id='par_1_19' title="bbox 508 1978 2086 2053">
     <span class='ocr_line' id='line_1_19' title="bbox 508 1978 2086 2053; baseline 0.006 -26"><span class='ocrx_word' id='word_1_121' title='bbox 508 1987 806 2044; x_wconf 83' lang='lat' dir='ltr'><strong>supererat,</strong></span> <span class='ocrx_word' id='word_1_122' title='bbox 835 1991 893 2032; x_wconf 93' lang='lat' dir='ltr'><strong>se</strong></span> <span class='ocrx_word' id='word_1_123' title='bbox 925 1978 1142 2047; x_wconf 88' lang='lat' dir='ltr'><strong>recepit.</strong></span> <span class='ocrx_word' id='word_1_124' title='bbox 1171 1978 1491 2050; x_wconf 83' lang='lat' dir='ltr'><strong>Tribigildus</strong></span> <span class='ocrx_word' id='word_1_125' title='bbox 1513 1990 1690 2035; x_wconf 87' lang='lat' dir='ltr'><strong>autem</strong></span> <span class='ocrx_word' id='word_1_126' title='bbox 1709 1979 1797 2051; x_wconf 87' lang='grc' dir='ltr'><strong>(Τ.</strong></span> <span class='ocrx_word' id='word_1_127' title='bbox 1816 1982 1868 2037; x_wconf 80' lang='grc'><strong>5.</strong></span> <span class='ocrx_word' id='word_1_128' title='bbox 1896 1996 1941 2036; x_wconf 90' lang='lat' dir='ltr'><strong>c.</strong></span> <span class='ocrx_word' id='word_1_129' title='bbox 1958 1981 2086 2053; x_wconf 77' lang='grc'><strong>391)</strong></span> 
     </span>
    </p>
   </div>
   <div class='ocr_carea' id='block_1_20' title="bbox 505 2065 2084 2141">
    <p class='ocr_par' dir='ltr' id='par_1_20' title="bbox 505 2065 2084 2141">
     <span class='ocr_line' id='line_1_20' title="bbox 505 2065 2084 2141; baseline 0.005 -24"><span class='ocrx_word' id='word_1_130' title='bbox 505 2073 560 2117; x_wconf 92' lang='lat' dir='ltr'><strong>et</strong></span> <span class='ocrx_word' id='word_1_131' title='bbox 587 2065 780 2120; x_wconf 75' lang='lat' dir='ltr'><strong>milites</strong></span> <span class='ocrx_word' id='word_1_132' title='bbox 805 2066 951 2134; x_wconf 88' lang='lat' dir='ltr'><strong>jussa</strong></span> <span class='ocrx_word' id='word_1_133' title='bbox 995 2068 1330 2138; x_wconf 84' lang='lat' dir='ltr'><strong>imperatoris</strong></span> <span class='ocrx_word' id='word_1_134' title='bbox 1357 2070 1567 2131; x_wconf 85' lang='lat' dir='ltr'><strong>Arcadii</strong></span> <span class='ocrx_word' id='word_1_135' title='bbox 1602 2086 1709 2141; x_wconf 75' lang='lat' dir='ltr'><strong>pra:</strong></span> <span class='ocrx_word' id='word_1_136' title='bbox 1736 2085 1796 2127; x_wconf 84' lang='lat' dir='ltr'><strong>se</strong></span> <span class='ocrx_word' id='word_1_137' title='bbox 1818 2070 2049 2128; x_wconf 88' lang='lat' dir='ltr'><strong>ferentes</strong></span> <span class='ocrx_word' id='word_1_138' title='bbox 2068 2114 2084 2140; x_wconf 98' lang='lat'><strong>,</strong></span> 
     </span>
    </p>
   </div>
   <div class='ocr_carea' id='block_1_21' title="bbox 508 2155 2089 2226">
    <p class='ocr_par' dir='ltr' id='par_1_21' title="bbox 508 2155 2089 2226">
     <span class='ocr_line' id='line_1_21' title="bbox 508 2155 2089 2226; baseline 0.007 -19"><span class='ocrx_word' id='word_1_139' title='bbox 508 2164 566 2208; x_wconf 90' lang='lat' dir='ltr'><strong>ut</strong></span> <span class='ocrx_word' id='word_1_140' title='bbox 597 2155 696 2209; x_wconf 91' lang='lat' dir='ltr'><strong>sibi</strong></span> <span class='ocrx_word' id='word_1_141' title='bbox 741 2155 1027 2226; x_wconf 84' lang='lat' dir='ltr'><strong>Eutropius</strong></span> <span class='ocrx_word' id='word_1_142' title='bbox 1073 2159 1372 2215; x_wconf 88' lang='lat' dir='ltr'><strong>traderetur</strong></span> <span class='ocrx_word' id='word_1_143' title='bbox 1396 2161 1744 2226; x_wconf 84' lang='lat' dir='ltr'><strong>insistebant,</strong></span> <span class='ocrx_word' id='word_1_144' title='bbox 1789 2171 1844 2217; x_wconf 91' lang='lat' dir='ltr'><strong>et</strong></span> <span class='ocrx_word' id='word_1_145' title='bbox 1890 2164 2089 2218; x_wconf 87' lang='lat' dir='ltr'><strong>strictis</strong></span> 
     </span>
    </p>
   </div>
   <div class='ocr_carea' id='block_1_22' title="bbox 503 2243 2087 2320">
    <p class='ocr_par' dir='ltr' id='par_1_22' title="bbox 503 2243 2087 2320">
     <span class='ocr_line' id='line_1_22' title="bbox 503 2243 2087 2320; baseline 0.007 -25"><span class='ocrx_word' id='word_1_146' title='bbox 503 2243 695 2312; x_wconf 79' lang='lat' dir='ltr'><strong>gladiis</strong></span> <span class='ocrx_word' id='word_1_147' title='bbox 732 2244 786 2299; x_wconf 93' lang='lat' dir='ltr'><strong>in</strong></span> <span class='ocrx_word' id='word_1_148' title='bbox 826 2247 1104 2302; x_wconf 76' lang='lat' dir='ltr'><strong>ecclesiam</strong></span> <span class='ocrx_word' id='word_1_149' title='bbox 1148 2248 1445 2320; x_wconf 88' lang='lat' dir='ltr'><strong>irrumpere</strong></span> <span class='ocrx_word' id='word_1_150' title='bbox 1473 2251 1740 2305; x_wconf 84' lang='lat' dir='ltr'><strong>volebant.</strong></span> <span class='ocrx_word' id='word_1_151' title='bbox 1779 2251 1973 2306; x_wconf 83' lang='lat' dir='ltr'><strong>Verum</strong></span> <span class='ocrx_word' id='word_1_152' title='bbox 2005 2252 2087 2306; x_wconf 92' lang='lat' dir='ltr'><strong>iu-</strong></span> 
     </span>
    </p>
   </div>
   <div class='ocr_carea' id='block_1_23' title="bbox 505 2334 2085 2414">
    <p class='ocr_par' dir='ltr' id='par_1_23' title="bbox 505 2334 2085 2414">
     <span class='ocr_line' id='line_1_23' title="bbox 505 2334 2085 2414; baseline 0.006 -28"><span class='ocrx_word' id='word_1_153' title='bbox 505 2334 710 2404; x_wconf 80' lang='lat' dir='ltr'><strong>trepitle</strong></span> <span class='ocrx_word' id='word_1_154' title='bbox 725 2336 930 2391; x_wconf 87' lang='lat' dir='ltr'><strong>obstitit</strong></span> <span class='ocrx_word' id='word_1_155' title='bbox 943 2334 1372 2410; x_wconf 81' lang='lat' dir='ltr'><strong>Clirysostomus,</strong></span> <span class='ocrx_word' id='word_1_156' title='bbox 1391 2339 1609 2412; x_wconf 84' lang='lat' dir='ltr'><strong>fugitivo</strong></span> <span class='ocrx_word' id='word_1_157' title='bbox 1625 2341 1864 2397; x_wconf 73' lang='lat' dir='ltr'><strong>ecclesia:</strong></span> <span class='ocrx_word' id='word_1_158' title='bbox 1881 2342 2085 2414; x_wconf 81' lang='lat' dir='ltr'><strong>asylum</strong></span> 
     </span>
    </p>
   </div>
   <div class='ocr_carea' id='block_1_24' title="bbox 505 2428 1272 2486">
    <p class='ocr_par' dir='ltr' id='par_1_24' title="bbox 505 2428 1272 2486">
     <span class='ocr_line' id='line_1_24' title="bbox 505 2428 1272 2486; baseline 0.007 -7"><span class='ocrx_word' id='word_1_159' title='bbox 505 2433 674 2481; x_wconf 90' lang='lat' dir='ltr'><strong>tutum</strong></span> <span class='ocrx_word' id='word_1_160' title='bbox 705 2441 824 2483; x_wconf 92' lang='lat' dir='ltr'><strong>esse</strong></span> <span class='ocrx_word' id='word_1_161' title='bbox 848 2428 1043 2484; x_wconf 90' lang='lat' dir='ltr'><strong>debere</strong></span> <span class='ocrx_word' id='word_1_162' title='bbox 1070 2430 1272 2486; x_wconf 90' lang='lat' dir='ltr'><strong>dicens.</strong></span> 
     </span>
    </p>
   </div>
   <div class='ocr_carea' id='block_1_25' title="bbox 533 2516 2086 2591">
    <p class='ocr_par' dir='ltr' id='par_1_25' title="bbox 533 2516 2086 2591">
     <span class='ocr_line' id='line_1_25' title="bbox 533 2516 2086 2591; baseline 0.006 -22"><span class='ocrx_word' id='word_1_163' title='bbox 533 2527 537 2531; x_wconf 75' lang='lat'><strong>‘</strong></span> <span class='ocrx_word' id='word_1_164' title='bbox 577 2516 725 2571; x_wconf 88' lang='lat' dir='ltr'><strong>Licet</strong></span> <span class='ocrx_word' id='word_1_165' title='bbox 767 2529 941 2574; x_wconf 91' lang='lat' dir='ltr'><strong>autem</strong></span> <span class='ocrx_word' id='word_1_166' title='bbox 981 2521 1030 2575; x_wconf 90' lang='lat' dir='ltr'><strong>id</strong></span> <span class='ocrx_word' id='word_1_167' title='bbox 1074 2522 1211 2591; x_wconf 89' lang='lat' dir='ltr'><strong>apud</strong></span> <span class='ocrx_word' id='word_1_168' title='bbox 1251 2523 1564 2591; x_wconf 86' lang='lat' dir='ltr'><strong>scriptorem</strong></span> <span class='ocrx_word' id='word_1_169' title='bbox 1608 2525 1810 2579; x_wconf 90' lang='lat' dir='ltr'><strong>nullum</strong></span> <span class='ocrx_word' id='word_1_170' title='bbox 1859 2525 2086 2590; x_wconf 87' lang='lat' dir='ltr'><strong>feratur,</strong></span> 
     </span>
    </p>
   </div>
   <div class='ocr_carea' id='block_1_26' title="bbox 506 2609 2086 2682">
    <p class='ocr_par' dir='ltr' id='par_1_26' title="bbox 506 2609 2086 2682">
     <span class='ocr_line' id='line_1_26' title="bbox 506 2609 2086 2682; baseline 0.009 -25"><span class='ocrx_word' id='word_1_171' title='bbox 506 2609 796 2664; x_wconf 73' lang='lat' dir='ltr'><strong>verisimile</strong></span> <span class='ocrx_word' id='word_1_172' title='bbox 820 2620 902 2664; x_wconf 83' lang='lat' dir='ltr'><strong>est</strong></span> <span class='ocrx_word' id='word_1_173' title='bbox 927 2612 1097 2680; x_wconf 88' lang='lat' dir='ltr'><strong>ipsum</strong></span> <span class='ocrx_word' id='word_1_174' title='bbox 1129 2614 1211 2667; x_wconf 88' lang='lat' dir='ltr'><strong>vel</strong></span> <span class='ocrx_word' id='word_1_175' title='bbox 1241 2613 1617 2682; x_wconf 86' lang='lat' dir='ltr'><strong>Imperatorem</strong></span> <span class='ocrx_word' id='word_1_176' title='bbox 1661 2614 1878 2681; x_wconf 84' lang='lat' dir='ltr'><strong>adiisse,</strong></span> <span class='ocrx_word' id='word_1_177' title='bbox 1909 2616 1992 2671; x_wconf 87' lang='lat' dir='ltr'><strong>vel</strong></span> <span class='ocrx_word' id='word_1_178' title='bbox 2022 2617 2086 2671; x_wconf 85' lang='lat' dir='ltr'><strong>ad</strong></span> 
     </span>
    </p>
   </div>
   <div class='ocr_carea' id='block_1_27' title="bbox 508 2697 2086 2773">
    <p class='ocr_par' dir='ltr' id='par_1_27' title="bbox 508 2697 2086 2773">
     <span class='ocr_line' id='line_1_27' title="bbox 508 2697 2086 2773; baseline 0.006 -23"><span class='ocrx_word' id='word_1_179' title='bbox 508 2697 678 2766; x_wconf 87' lang='lat' dir='ltr'><strong>ipsum</strong></span> <span class='ocrx_word' id='word_1_180' title='bbox 706 2701 1005 2769; x_wconf 87' lang='lat' dir='ltr'><strong>quempiam</strong></span> <span class='ocrx_word' id='word_1_181' title='bbox 1022 2702 1230 2757; x_wconf 85' lang='lat' dir='ltr'><strong>misisse</strong></span> <span class='ocrx_word' id='word_1_182' title='bbox 1248 2713 1518 2773; x_wconf 81' lang='lat' dir='ltr'><strong>rogantem</strong></span> <span class='ocrx_word' id='word_1_183' title='bbox 1547 2706 1836 2760; x_wconf 91' lang='lat' dir='ltr'><strong>ulmilitum</strong></span> <span class='ocrx_word' id='word_1_184' title='bbox 1856 2706 2086 2762; x_wconf 86' lang='lat' dir='ltr'><strong>furorem</strong></span> 
     </span>
    </p>
   </div>
   <div class='ocr_carea' id='block_1_28' title="bbox 505 2791 2090 2866">
    <p class='ocr_par' dir='ltr' id='par_1_28' title="bbox 505 2791 2090 2866">
     <span class='ocr_line' id='line_1_28' title="bbox 505 2791 2090 2866; baseline 0.006 -23"><span class='ocrx_word' id='word_1_185' title='bbox 505 2800 890 2859; x_wconf 65' lang='lat' dir='ltr'><strong>compesceret.</strong></span> <span class='ocrx_word' id='word_1_186' title='bbox 916 2791 1068 2852; x_wconf 88' lang='lat' dir='ltr'><strong>Nam.</strong></span> <span class='ocrx_word' id='word_1_187' title='bbox 1099 2803 1155 2846; x_wconf 91' lang='lat' dir='ltr'><strong>ut</strong></span> <span class='ocrx_word' id='word_1_188' title='bbox 1186 2794 1298 2865; x_wconf 73' lang='lat' dir='ltr'><strong>ipse</strong></span> <span class='ocrx_word' id='word_1_189' title='bbox 1317 2792 1732 2866; x_wconf 82' lang='lat' dir='ltr'><strong>Chrysostomus</strong></span> <span class='ocrx_word' id='word_1_190' title='bbox 1759 2798 1809 2852; x_wconf 91' lang='lat' dir='ltr'><strong>in</strong></span> <span class='ocrx_word' id='word_1_191' title='bbox 1834 2797 1934 2852; x_wconf 87' lang='lat' dir='ltr'><strong>hac</strong></span> <span class='ocrx_word' id='word_1_192' title='bbox 1960 2814 2090 2852; x_wconf 92' lang='lat' dir='ltr'><strong>con-</strong></span> 
     </span>
    </p>
   </div>
   <div class='ocr_carea' id='block_1_29' title="bbox 508 2880 2088 2954">
    <p class='ocr_par' dir='ltr' id='par_1_29' title="bbox 508 2880 2088 2954">
     <span class='ocr_line' id='line_1_29' title="bbox 508 2880 2088 2954; baseline 0.006 -21"><span class='ocrx_word' id='word_1_193' title='bbox 508 2881 663 2935; x_wconf 82' lang='lat' dir='ltr'><strong>cione</strong></span> <span class='ocrx_word' id='word_1_194' title='bbox 689 2880 835 2947; x_wconf 77' lang='lat' dir='ltr'><strong>dicit,</strong></span> <span class='ocrx_word' id='word_1_195' title='bbox 861 2881 1174 2952; x_wconf 80' lang='lat' dir='ltr'><strong>Imperator,</strong></span> <span class='ocrx_word' id='word_1_196' title='bbox 1203 2886 1289 2954; x_wconf 91' lang='lat' dir='ltr'><strong>qui</strong></span> <span class='ocrx_word' id='word_1_197' title='bbox 1314 2887 1489 2940; x_wconf 86' lang='lat' dir='ltr'><strong>statim</strong></span> <span class='ocrx_word' id='word_1_198' title='bbox 1514 2887 1759 2942; x_wconf 86' lang='lat' dir='ltr'><strong>mandata</strong></span> <span class='ocrx_word' id='word_1_199' title='bbox 1781 2887 2001 2943; x_wconf 88' lang='lat' dir='ltr'><strong>dederat</strong></span> <span class='ocrx_word' id='word_1_200' title='bbox 2033 2896 2088 2942; x_wconf 92' lang='lat' dir='ltr'><strong>ut</strong></span> 
     </span>
    </p>
   </div>
   <div class='ocr_carea' id='block_1_30' title="bbox 509 2972 2085 3052">
    <p class='ocr_par' dir='ltr' id='par_1_30' title="bbox 509 2972 2085 3052">
     <span class='ocr_line' id='line_1_30' title="bbox 509 2972 2085 3052; baseline 0.004 -26"><span class='ocrx_word' id='word_1_201' title='bbox 509 2972 797 3042; x_wconf 66' lang='lat' dir='ltr'><strong>litttrOpius</strong></span> <span class='ocrx_word' id='word_1_202' title='bbox 817 2975 1131 3039; x_wconf 85' lang='lat' dir='ltr'><strong>traderetur,</strong></span> <span class='ocrx_word' id='word_1_203' title='bbox 1157 2985 1351 3031; x_wconf 89' lang='lat' dir='ltr'><strong>mutata</strong></span> <span class='ocrx_word' id='word_1_204' title='bbox 1375 2979 1633 3033; x_wconf 78' lang='lat' dir='ltr'><strong>sententia</strong></span> <span class='ocrx_word' id='word_1_205' title='bbox 1664 2978 1748 3052; x_wconf 87' lang='grc' dir='ltr'><strong>(Τ.</strong></span> <span class='ocrx_word' id='word_1_206' title='bbox 1772 2980 1825 3035; x_wconf 76' lang='lat'><strong>3.</strong></span> <span class='ocrx_word' id='word_1_207' title='bbox 1857 2993 1902 3032; x_wconf 76' lang='grc' dir='ltr'><strong>ε.</strong></span> <span class='ocrx_word' id='word_1_208' title='bbox 1927 2977 2085 3051; x_wconf 82' lang='grc'><strong>595);</strong></span> 
     </span>
    </p>
   </div>
   <div class='ocr_carea' id='block_1_31' title="bbox 511 3062 2084 3141">
    <p class='ocr_par' dir='ltr' id='par_1_31' title="bbox 511 3062 2084 3141">
     <span class='ocr_line' id='line_1_31' title="bbox 511 3062 2084 3141; baseline 0.006 -25"><span class='ocrx_word' id='word_1_209' title='bbox 511 3062 787 3134; x_wconf 85' lang='lat' dir='ltr'><strong>Postquam</strong></span> <span class='ocrx_word' id='word_1_210' title='bbox 810 3067 1039 3137; x_wconf 77' lang='lat' dir='ltr'><strong>cognorit</strong></span> <span class='ocrx_word' id='word_1_211' title='bbox 1056 3082 1170 3120; x_wconf 86' lang='lat' dir='ltr'><strong>eum</strong></span> <span class='ocrx_word' id='word_1_212' title='bbox 1189 3069 1258 3121; x_wconf 89' lang='lat' dir='ltr'><strong>ad</strong></span> <span class='ocrx_word' id='word_1_213' title='bbox 1277 3068 1477 3139; x_wconf 81' lang='lat' dir='ltr'><strong>asylum</strong></span> <span class='ocrx_word' id='word_1_214' title='bbox 1503 3070 1728 3126; x_wconf 78' lang='lat' dir='ltr'><strong>ecclesia:</strong></span> <span class='ocrx_word' id='word_1_215' title='bbox 1748 3088 1801 3126; x_wconf 88' lang='lat' dir='ltr'><strong>se</strong></span> <span class='ocrx_word' id='word_1_216' title='bbox 1818 3088 2084 3141; x_wconf 76' lang='lat' dir='ltr'><strong>recepisse,</strong></span> 
     </span>
    </p>
   </div>
   <div class='ocr_carea' id='block_1_32' title="bbox 508 3145 2085 3234">
    <p class='ocr_par' dir='ltr' id='par_1_32' title="bbox 508 3145 2085 3234">
     <span class='ocr_line' id='line_1_32' title="bbox 508 3145 2085 3234; baseline 0.008 -29"><span class='ocrx_word' id='word_1_217' title='bbox 508 3155 737 3224; x_wconf 79' lang='lat' dir='ltr'><strong>affluente</strong></span> <span class='ocrx_word' id='word_1_218' title='bbox 773 3145 993 3210; x_wconf 63' lang='lat' dir='ltr'><strong>efcrcitu</strong></span> <span class='ocrx_word' id='word_1_219' title='bbox 1033 3167 1081 3211; x_wconf 88' lang='lat' dir='ltr'><strong>et</strong></span> <span class='ocrx_word' id='word_1_220' title='bbox 1120 3160 1367 3212; x_wconf 76' lang='lat' dir='ltr'><strong>concitato</strong></span> <span class='ocrx_word' id='word_1_221' title='bbox 1408 3161 1470 3214; x_wconf 92' lang='lat' dir='ltr'><strong>ob</strong></span> <span class='ocrx_word' id='word_1_222' title='bbox 1505 3162 1619 3230; x_wconf 82' lang='lat' dir='ltr'><strong>ejus</strong></span> <span class='ocrx_word' id='word_1_223' title='bbox 1648 3164 1896 3229; x_wconf 87' lang='lat' dir='ltr'><strong>crimina,</strong></span> <span class='ocrx_word' id='word_1_224' title='bbox 1928 3174 2085 3234; x_wconf 67' lang='lat' dir='ltr'><strong>aepoo</strong></span> 
     </span>
    </p>
   </div>
   <div class='ocr_carea' id='block_1_33' title="bbox 506 3247 2087 3324">
    <p class='ocr_par' dir='ltr' id='par_1_33' title="bbox 506 3247 2087 3324">
     <span class='ocr_line' id='line_1_33' title="bbox 506 3247 2087 3324; baseline 0.008 -27"><span class='ocrx_word' id='word_1_225' title='bbox 506 3254 767 3314; x_wconf 78' lang='lat' dir='ltr'><strong>secutaque</strong></span> <span class='ocrx_word' id='word_1_226' title='bbox 799 3247 1050 3300; x_wconf 81' lang='lat' dir='ltr'><strong>hominem</strong></span> <span class='ocrx_word' id='word_1_227' title='bbox 1078 3248 1146 3302; x_wconf 87' lang='lat' dir='ltr'><strong>ad</strong></span> <span class='ocrx_word' id='word_1_228' title='bbox 1179 3251 1507 3319; x_wconf 85' lang='lat' dir='ltr'><strong>supplicimn,</strong></span> <span class='ocrx_word' id='word_1_229' title='bbox 1537 3254 1740 3324; x_wconf 88' lang='lat' dir='ltr'><strong>longam</strong></span> <span class='ocrx_word' id='word_1_230' title='bbox 1770 3254 1943 3309; x_wconf 84' lang='lat' dir='ltr'><strong>habuit</strong></span> <span class='ocrx_word' id='word_1_231' title='bbox 1968 3273 2087 3310; x_wconf 88' lang='lat' dir='ltr'><strong>ora-</strong></span> 
     </span>
    </p>
   </div>
   <div class='ocr_carea' id='block_1_34' title="bbox 507 3328 2084 3418">
    <p class='ocr_par' dir='ltr' id='par_1_34' title="bbox 507 3328 2084 3418">
     <span class='ocr_line' id='line_1_34' title="bbox 507 3328 2084 3418; baseline 0.01 -31"><span class='ocrx_word' id='word_1_232' title='bbox 507 3336 712 3403; x_wconf 84' lang='lat' dir='ltr'><strong>tionem,</strong></span> <span class='ocrx_word' id='word_1_233' title='bbox 743 3355 844 3407; x_wconf 86' lang='lat' dir='ltr'><strong>qua</strong></span> <span class='ocrx_word' id='word_1_234' title='bbox 879 3340 1147 3394; x_wconf 84' lang='lat' dir='ltr'><strong>militarent</strong></span> <span class='ocrx_word' id='word_1_235' title='bbox 1185 3342 1580 3413; x_wconf 84' lang='lat' dir='ltr'><strong>indignationem</strong></span> <span class='ocrx_word' id='word_1_236' title='bbox 1604 3328 1965 3416; x_wconf 74' lang='lat' dir='ltr'><strong>compesceret,</strong></span> <span class='ocrx_word' id='word_1_237' title='bbox 1994 3366 2084 3418; x_wconf 87' lang='lat' dir='ltr'><strong>po-</strong></span> 
     </span>
    </p>
   </div>
   <div class='ocr_carea' id='block_1_35' title="bbox 507 3429 2088 3511">
    <p class='ocr_par' dir='ltr' id='par_1_35' title="bbox 507 3429 2088 3511">
     <span class='ocr_line' id='line_1_35' title="bbox 507 3429 2088 3511; baseline 0.009 -29"><span class='ocrx_word' id='word_1_238' title='bbox 507 3429 703 3482; x_wconf 87' lang='lat' dir='ltr'><strong>stulans</strong></span> <span class='ocrx_word' id='word_1_239' title='bbox 725 3441 776 3481; x_wconf 88' lang='lat' dir='ltr'><strong>ut</strong></span> <span class='ocrx_word' id='word_1_240' title='bbox 802 3447 902 3484; x_wconf 89' lang='lat' dir='ltr'><strong>non</strong></span> <span class='ocrx_word' id='word_1_241' title='bbox 926 3432 1190 3502; x_wconf 88' lang='lat' dir='ltr'><strong>culparum</strong></span> <span class='ocrx_word' id='word_1_242' title='bbox 1213 3436 1382 3498; x_wconf 84' lang='lat' dir='ltr'><strong>modo,</strong></span> <span class='ocrx_word' id='word_1_243' title='bbox 1401 3437 1489 3490; x_wconf 84' lang='lat' dir='ltr'><strong>sed</strong></span> <span class='ocrx_word' id='word_1_244' title='bbox 1511 3438 1661 3491; x_wconf 88' lang='lat' dir='ltr'><strong>etiam</strong></span> <span class='ocrx_word' id='word_1_245' title='bbox 1687 3450 1816 3493; x_wconf 87' lang='lat' dir='ltr'><strong>recte</strong></span> <span class='ocrx_word' id='word_1_246' title='bbox 1840 3443 2088 3511; x_wconf 88' lang='lat' dir='ltr'><strong>factorum</strong></span> 
     </span>
    </p>
   </div>
   <div class='ocr_carea' id='block_1_36' title="bbox 426 3508 2088 3599">
    <p class='ocr_par' dir='ltr' id='par_1_36' title="bbox 426 3508 2088 3599">
     <span class='ocr_line' id='line_1_36' title="bbox 426 3508 2088 3599; baseline 0.012 -32"><span class='ocrx_word' id='word_1_247' title='bbox 426 3508 435 3521; x_wconf 87' lang='grc'><strong>’</strong></span> <span class='ocrx_word' id='word_1_248' title='bbox 510 3519 755 3570; x_wconf 84' lang='lat' dir='ltr'><strong>rationem</strong></span> <span class='ocrx_word' id='word_1_249' title='bbox 783 3519 1051 3585; x_wconf 88' lang='lat' dir='ltr'><strong>haberent;</strong></span> <span class='ocrx_word' id='word_1_250' title='bbox 1080 3540 1194 3576; x_wconf 86' lang='lat' dir='ltr'><strong>nam</strong></span> <span class='ocrx_word' id='word_1_251' title='bbox 1226 3541 1318 3593; x_wconf 86' lang='lat' dir='ltr'><strong>pro</strong></span> <span class='ocrx_word' id='word_1_252' title='bbox 1345 3526 1447 3579; x_wconf 89' lang='lat' dir='ltr'><strong>illis</strong></span> <span class='ocrx_word' id='word_1_253' title='bbox 1471 3530 1687 3596; x_wconf 80' lang='lat' dir='ltr'><strong>gratiam</strong></span> <span class='ocrx_word' id='word_1_254' title='bbox 1716 3531 1814 3599; x_wconf 87' lang='lat' dir='ltr'><strong>ipsi</strong></span> <span class='ocrx_word' id='word_1_255' title='bbox 1840 3508 2088 3599; x_wconf 85' lang='lat' dir='ltr'><strong>habebat;</strong></span> 
     </span>
    </p>
   </div>
   <div class='ocr_carea' id='block_1_37' title="bbox 508 3607 2090 3693">
    <p class='ocr_par' dir='ltr' id='par_1_37' title="bbox 508 3607 2090 3693">
     <span class='ocr_line' id='line_1_37' title="bbox 508 3607 2090 3693; baseline 0.011 -33"><span class='ocrx_word' id='word_1_256' title='bbox 508 3607 555 3660; x_wconf 86' lang='lat' dir='ltr'><strong>si</strong></span> <span class='ocrx_word' id='word_1_257' title='bbox 573 3608 696 3676; x_wconf 81' lang='lat' dir='ltr'><strong>quid</strong></span> <span class='ocrx_word' id='word_1_258' title='bbox 722 3625 836 3662; x_wconf 81' lang='lat' dir='ltr'><strong>vero</strong></span> <span class='ocrx_word' id='word_1_259' title='bbox 856 3627 998 3664; x_wconf 81' lang='lat' dir='ltr'><strong>secus</strong></span> <span class='ocrx_word' id='word_1_260' title='bbox 1021 3613 1235 3680; x_wconf 79' lang='lat' dir='ltr'><strong>fecisset,</strong></span> <span class='ocrx_word' id='word_1_261' title='bbox 1263 3625 1501 3686; x_wconf 86' lang='lat' dir='ltr'><strong>tauquam</strong></span> <span class='ocrx_word' id='word_1_262' title='bbox 1527 3619 1716 3673; x_wconf 87' lang='lat' dir='ltr'><strong>homini</strong></span> <span class='ocrx_word' id='word_1_263' title='bbox 1740 3622 1838 3690; x_wconf 85' lang='lat' dir='ltr'><strong>ipsi</strong></span> <span class='ocrx_word' id='word_1_264' title='bbox 1865 3623 2090 3693; x_wconf 84' lang='lat' dir='ltr'><strong>ignosce-</strong></span> 
     </span>
    </p>
   </div>
   <div class='ocr_carea' id='block_1_38' title="bbox 509 3699 2086 3780">
    <p class='ocr_par' dir='ltr' id='par_1_38' title="bbox 509 3699 2086 3780">
     <span class='ocr_line' id='line_1_38' title="bbox 509 3699 2086 3780; baseline 0.011 -28"><span class='ocrx_word' id='word_1_265' title='bbox 509 3699 612 3752; x_wconf 86' lang='lat' dir='ltr'><strong>bat.</strong></span> <span class='ocrx_word' id='word_1_266' title='bbox 644 3700 771 3755; x_wconf 90' lang='lat' dir='ltr'><strong>Cum</strong></span> <span class='ocrx_word' id='word_1_267' title='bbox 812 3713 980 3756; x_wconf 82' lang='lat' dir='ltr'><strong>autent</strong></span> <span class='ocrx_word' id='word_1_268' title='bbox 1019 3704 1097 3758; x_wconf 83' lang='lat' dir='ltr'><strong>illi</strong></span> <span class='ocrx_word' id='word_1_269' title='bbox 1125 3705 1189 3760; x_wconf 87' lang='lat' dir='ltr'><strong>de</strong></span> <span class='ocrx_word' id='word_1_270' title='bbox 1226 3707 1422 3779; x_wconf 84' lang='lat' dir='ltr'><strong>integro</strong></span> <span class='ocrx_word' id='word_1_271' title='bbox 1462 3721 1691 3780; x_wconf 84' lang='lat' dir='ltr'><strong>urgerent</strong></span> <span class='ocrx_word' id='word_1_272' title='bbox 1716 3713 1785 3765; x_wconf 88' lang='lat' dir='ltr'><strong>ad</strong></span> <span class='ocrx_word' id='word_1_273' title='bbox 1814 3714 2086 3769; x_wconf 70' lang='lat' dir='ltr'><strong>vindictam</strong></span> 
     </span>
    </p>
   </div>
   <div class='ocr_carea' id='block_1_39' title="bbox 510 3789 2087 3868">
    <p class='ocr_par' dir='ltr' id='par_1_39' title="bbox 510 3789 2087 3868">
     <span class='ocr_line' id='line_1_39' title="bbox 510 3789 2087 3868; baseline 0.009 -24"><span class='ocrx_word' id='word_1_274' title='bbox 510 3792 619 3845; x_wconf 80' lang='lat' dir='ltr'><strong>la&#39;si</strong></span> <span class='ocrx_word' id='word_1_275' title='bbox 658 3789 987 3860; x_wconf 79' lang='lat' dir='ltr'><strong>Imperatoris</strong></span> <span class='ocrx_word' id='word_1_276' title='bbox 1007 3836 1022 3858; x_wconf 92' lang='lat'><strong>,</strong></span> <span class='ocrx_word' id='word_1_277' title='bbox 1062 3796 1369 3861; x_wconf 86' lang='lat' dir='ltr'><strong>clamantes,</strong></span> <span class='ocrx_word' id='word_1_278' title='bbox 1418 3800 1721 3868; x_wconf 73' lang='lat' dir='ltr'><strong>exsilientes,</strong></span> <span class='ocrx_word' id='word_1_279' title='bbox 1751 3804 1820 3856; x_wconf 83' lang='lat' dir='ltr'><strong>ad</strong></span> <span class='ocrx_word' id='word_1_280' title='bbox 1848 3806 2087 3858; x_wconf 74' lang='lat' dir='ltr'><strong>ultionem</strong></span> 
     </span>
    </p>
   </div>
   <div class='ocr_carea' id='block_1_40' title="bbox 509 3883 2087 3968">
    <p class='ocr_par' dir='ltr' id='par_1_40' title="bbox 509 3883 2087 3968">
     <span class='ocr_line' id='line_1_40' title="bbox 509 3883 2087 3968; baseline 0.012 -33"><span class='ocrx_word' id='word_1_281' title='bbox 509 3883 853 3952; x_wconf 84' lang='lat' dir='ltr'><strong>deposcentes,</strong></span> <span class='ocrx_word' id='word_1_282' title='bbox 882 3887 1054 3940; x_wconf 89' lang='lat' dir='ltr'><strong>hastas</strong></span> <span class='ocrx_word' id='word_1_283' title='bbox 1078 3888 1323 3944; x_wconf 72' lang='lat' dir='ltr'><strong>vibrantes</strong></span> <span class='ocrx_word' id='word_1_284' title='bbox 1346 3906 1366 3946; x_wconf 92' lang='lat'><strong><em>:</em></strong></span> <span class='ocrx_word' id='word_1_285' title='bbox 1385 3900 1489 3945; x_wconf 88' lang='lat' dir='ltr'><strong>tum</strong></span> <span class='ocrx_word' id='word_1_286' title='bbox 1517 3908 1632 3947; x_wconf 81' lang='lat' dir='ltr'><strong>vero</strong></span> <span class='ocrx_word' id='word_1_287' title='bbox 1652 3898 1814 3965; x_wconf 83' lang='lat' dir='ltr'><strong>fontes</strong></span> <span class='ocrx_word' id='word_1_288' title='bbox 1838 3896 2087 3968; x_wconf 83' lang='lat' dir='ltr'><strong>lacrgma-</strong></span> 
     </span>
    </p>
   </div>
   <div class='ocr_carea' id='block_1_41' title="bbox 509 3973 2089 4051">
    <p class='ocr_par' dir='ltr' id='par_1_41' title="bbox 509 3973 2089 4051">
     <span class='ocr_line' id='line_1_41' title="bbox 509 3973 2089 4051; baseline 0.01 -22"><span class='ocrx_word' id='word_1_289' title='bbox 509 3989 625 4029; x_wconf 77' lang='lat' dir='ltr'><strong>rum</strong></span> <span class='ocrx_word' id='word_1_290' title='bbox 653 3973 1049 4032; x_wconf 78' lang='lat' dir='ltr'><strong>clementissimis</strong></span> <span class='ocrx_word' id='word_1_291' title='bbox 1067 3981 1174 4033; x_wconf 87' lang='lat' dir='ltr'><strong>suis</strong></span> <span class='ocrx_word' id='word_1_292' title='bbox 1193 3981 1355 4036; x_wconf 85' lang='lat' dir='ltr'><strong>oculis</strong></span> <span class='ocrx_word' id='word_1_293' title='bbox 1377 3981 1668 4051; x_wconf 75' lang='lat' dir='ltr'><strong>e/I&#39;uudens,</strong></span> <span class='ocrx_word' id='word_1_294' title='bbox 1687 3996 1732 4040; x_wconf 86' lang='lat' dir='ltr'><strong>et</strong></span> <span class='ocrx_word' id='word_1_295' title='bbox 1752 4001 2089 4045; x_wconf 71' lang='lat' dir='ltr'><strong>sacrosanctae</strong></span> 
     </span>
    </p>
   </div>
   <div class='ocr_carea' id='block_1_42' title="bbox 508 4067 2082 4149">
    <p class='ocr_par' dir='ltr' id='par_1_42' title="bbox 508 4067 2082 4149">
     <span class='ocr_line' id='line_1_42' title="bbox 508 4067 2082 4149; baseline 0.013 -33"><span class='ocrx_word' id='word_1_296' title='bbox 508 4080 715 4129; x_wconf 64' lang='lat' dir='ltr'><strong>mensae,</strong></span> <span class='ocrx_word' id='word_1_297' title='bbox 737 4067 805 4120; x_wconf 85' lang='lat' dir='ltr'><strong>ad</strong></span> <span class='ocrx_word' id='word_1_298' title='bbox 826 4084 974 4133; x_wconf 88' lang='lat' dir='ltr'><strong>quant</strong></span> <span class='ocrx_word' id='word_1_299' title='bbox 1002 4074 1327 4144; x_wconf 78' lang='lat' dir='ltr'><strong>confugerat,</strong></span> <span class='ocrx_word' id='word_1_300' title='bbox 1358 4074 1649 4147; x_wconf 82' lang='lat' dir='ltr'><strong>religionem</strong></span> <span class='ocrx_word' id='word_1_301' title='bbox 1676 4076 1782 4132; x_wconf 87' lang='lat' dir='ltr'><strong>illis</strong></span> <span class='ocrx_word' id='word_1_302' title='bbox 1807 4078 2082 4149; x_wconf 83' lang='lat' dir='ltr'><strong>incutiens,</strong></span> 
     </span>
    </p>
   </div>
   <div class='ocr_carea' id='block_1_43' title="bbox 508 4157 1452 4226">
    <p class='ocr_par' dir='ltr' id='par_1_43' title="bbox 508 4157 1452 4226">
     <span class='ocr_line' id='line_1_43' title="bbox 508 4157 1452 4226; baseline 0.012 -18"><span class='ocrx_word' id='word_1_303' title='bbox 508 4169 644 4226; x_wconf 71' lang='lat' dir='ltr'><strong>(egre</strong></span> <span class='ocrx_word' id='word_1_304' title='bbox 669 4157 868 4210; x_wconf 88' lang='lat' dir='ltr'><strong>tandem</strong></span> <span class='ocrx_word' id='word_1_305' title='bbox 892 4158 1021 4213; x_wconf 86' lang='lat' dir='ltr'><strong>iram</strong></span> <span class='ocrx_word' id='word_1_306' title='bbox 1045 4176 1216 4215; x_wconf 87' lang='lat' dir='ltr'><strong>eorum</strong></span> <span class='ocrx_word' id='word_1_307' title='bbox 1240 4163 1452 4219; x_wconf 76' lang='lat' dir='ltr'><strong>sedarit.</strong></span> 
     </span>
    </p>
   </div>
   <div class='ocr_carea' id='block_1_44' title="bbox 583 4246 2086 4333">
    <p class='ocr_par' dir='ltr' id='par_1_44' title="bbox 583 4246 2086 4333">
     <span class='ocr_line' id='line_1_44' title="bbox 583 4246 2086 4333; baseline 0.017 -35"><span class='ocrx_word' id='word_1_308' title='bbox 583 4246 661 4299; x_wconf 85' lang='lat' dir='ltr'><strong>Eo</strong></span> <span class='ocrx_word' id='word_1_309' title='bbox 689 4246 740 4300; x_wconf 88' lang='lat' dir='ltr'><strong>in</strong></span> <span class='ocrx_word' id='word_1_310' title='bbox 770 4256 909 4302; x_wconf 81' lang='lat' dir='ltr'><strong>statu</strong></span> <span class='ocrx_word' id='word_1_311' title='bbox 940 4265 1028 4305; x_wconf 89' lang='lat' dir='ltr'><strong>res</strong></span> <span class='ocrx_word' id='word_1_312' title='bbox 1052 4262 1234 4316; x_wconf 88' lang='lat' dir='ltr'><strong>erant,</strong></span> <span class='ocrx_word' id='word_1_313' title='bbox 1262 4268 1381 4308; x_wconf 90' lang='lat' dir='ltr'><strong>cum</strong></span> <span class='ocrx_word' id='word_1_314' title='bbox 1423 4255 1868 4329; x_wconf 83' lang='lat' dir='ltr'><strong>Clirysostomns,</strong></span> <span class='ocrx_word' id='word_1_315' title='bbox 1906 4267 2086 4333; x_wconf 84' lang='lat' dir='ltr'><strong>paucis</strong></span> 
     </span>
    </p>
   </div>
   <div class='ocr_carea' id='block_1_45' title="bbox 509 4337 2080 4425">
    <p class='ocr_par' dir='ltr' id='par_1_45' title="bbox 509 4337 2080 4425">
     <span class='ocr_line' id='line_1_45' title="bbox 509 4337 2080 4425; baseline 0.017 -37"><span class='ocrx_word' id='word_1_316' title='bbox 509 4345 785 4406; x_wconf 87' lang='lat' dir='ltr'><strong>postquam</strong></span> <span class='ocrx_word' id='word_1_317' title='bbox 817 4337 1105 4410; x_wconf 81' lang='lat' dir='ltr'><strong>EutrOpius</strong></span> <span class='ocrx_word' id='word_1_318' title='bbox 1134 4343 1186 4398; x_wconf 90' lang='lat' dir='ltr'><strong>iu</strong></span> <span class='ocrx_word' id='word_1_319' title='bbox 1216 4346 1492 4403; x_wconf 86' lang='lat' dir='ltr'><strong>ecclesiam</strong></span> <span class='ocrx_word' id='word_1_320' title='bbox 1518 4353 1826 4425; x_wconf 76' lang='lat' dir='ltr'><strong>confugerat</strong></span> <span class='ocrx_word' id='word_1_321' title='bbox 1855 4356 2043 4413; x_wconf 88' lang='lat' dir='ltr'><strong>diebus</strong></span> <span class='ocrx_word' id='word_1_322' title='bbox 2064 4401 2080 4424; x_wconf 95' lang='lat'><strong>,</strong></span> 
     </span>
    </p>
   </div>
   <div class='ocr_carea' id='block_1_46' title="bbox 510 4426 2085 4514">
    <p class='ocr_par' dir='ltr' id='par_1_46' title="bbox 510 4426 2085 4514">
     <span class='ocr_line' id='line_1_46' title="bbox 510 4426 2085 4514; baseline 0.015 -34"><span class='ocrx_word' id='word_1_323' title='bbox 510 4426 563 4480; x_wconf 91' lang='lat' dir='ltr'><strong>in</strong></span> <span class='ocrx_word' id='word_1_324' title='bbox 591 4427 777 4483; x_wconf 89' lang='lat' dir='ltr'><strong>eadem</strong></span> <span class='ocrx_word' id='word_1_325' title='bbox 805 4430 1027 4488; x_wconf 87' lang='lat' dir='ltr'><strong>ecclesia</strong></span> <span class='ocrx_word' id='word_1_326' title='bbox 1053 4434 1365 4492; x_wconf 83' lang='lat' dir='ltr'><strong>concionem</strong></span> <span class='ocrx_word' id='word_1_327' title='bbox 1399 4437 1616 4505; x_wconf 91' lang='lat' dir='ltr'><strong>habuit,</strong></span> <span class='ocrx_word' id='word_1_328' title='bbox 1663 4459 1926 4514; x_wconf 78' lang='lat' dir='ltr'><strong>pm-seute</strong></span> <span class='ocrx_word' id='word_1_329' title='bbox 1975 4449 2085 4502; x_wconf 78' lang='lat' dir='ltr'><strong>Eu-</strong></span> 
     </span>
    </p>
   </div>
   <div class='ocr_carea' id='block_1_47' title="bbox 508 4520 2082 4605">
    <p class='ocr_par' dir='ltr' id='par_1_47' title="bbox 508 4520 2082 4605">
     <span class='ocr_line' id='line_1_47' title="bbox 508 4520 2082 4605; baseline 0.012 -31"><span class='ocrx_word' id='word_1_330' title='bbox 508 4520 682 4591; x_wconf 88' lang='lat' dir='ltr'><strong>tropio</strong></span> <span class='ocrx_word' id='word_1_331' title='bbox 714 4531 767 4577; x_wconf 88' lang='lat' dir='ltr'><strong>et</strong></span> <span class='ocrx_word' id='word_1_332' title='bbox 792 4521 1065 4578; x_wconf 88' lang='lat' dir='ltr'><strong>iuntuuera</strong></span> <span class='ocrx_word' id='word_1_333' title='bbox 1097 4527 1272 4597; x_wconf 86' lang='lat' dir='ltr'><strong>populi</strong></span> <span class='ocrx_word' id='word_1_334' title='bbox 1319 4530 1654 4589; x_wconf 82' lang='lat' dir='ltr'><strong>uniltitudiue</strong></span> <span class='ocrx_word' id='word_1_335' title='bbox 1675 4575 1690 4597; x_wconf 96' lang='lat'><strong>,</strong></span> <span class='ocrx_word' id='word_1_336' title='bbox 1733 4553 1851 4605; x_wconf 73' lang='lat' dir='ltr'><strong>qua:</strong></span> <span class='ocrx_word' id='word_1_337' title='bbox 1879 4538 1945 4592; x_wconf 88' lang='lat' dir='ltr'><strong>ad</strong></span> <span class='ocrx_word' id='word_1_338' title='bbox 1978 4548 2082 4593; x_wconf 89' lang='lat' dir='ltr'><strong>tam</strong></span> 
     </span>
    </p>
   </div>
   <div class='ocr_carea' id='block_1_48' title="bbox 505 4612 2083 4686">
    <p class='ocr_par' dir='ltr' id='par_1_48' title="bbox 505 4612 2083 4686">
     <span class='ocr_line' id='line_1_48' title="bbox 505 4612 2083 4686; baseline 0.014 -22"><span class='ocrx_word' id='word_1_339' title='bbox 505 4612 771 4682; x_wconf 82' lang='lat' dir='ltr'><strong>singulare</strong></span> <span class='ocrx_word' id='word_1_340' title='bbox 813 4616 1173 4683; x_wconf 80' lang='lat' dir='ltr'><strong>spectaculum</strong></span> <span class='ocrx_word' id='word_1_341' title='bbox 1214 4619 1562 4678; x_wconf 81' lang='lat' dir='ltr'><strong>conﬂuxerat.</strong></span> <span class='ocrx_word' id='word_1_342' title='bbox 1610 4624 1751 4682; x_wconf 86' lang='lat' dir='ltr'><strong>Inter</strong></span> <span class='ocrx_word' id='word_1_343' title='bbox 1793 4643 1888 4682; x_wconf 89' lang='lat' dir='ltr'><strong>eos</strong></span> <span class='ocrx_word' id='word_1_344' title='bbox 1933 4631 2083 4686; x_wconf 90' lang='lat' dir='ltr'><strong>multi</strong></span> 
     </span>
    </p>
   </div>
   <div class='ocr_carea' id='block_1_49' title="bbox 505 4704 2084 4788">
    <p class='ocr_par' dir='ltr' id='par_1_49' title="bbox 505 4704 2084 4788">
     <span class='ocr_line' id='line_1_49' title="bbox 505 4704 2084 4788; baseline 0.015 -35"><span class='ocrx_word' id='word_1_345' title='bbox 505 4711 678 4767; x_wconf 81' lang='lat' dir='ltr'><strong>erant,</strong></span> <span class='ocrx_word' id='word_1_346' title='bbox 708 4704 797 4772; x_wconf 90' lang='lat' dir='ltr'><strong>qui</strong></span> <span class='ocrx_word' id='word_1_347' title='bbox 827 4704 1139 4779; x_wconf 81' lang='lat' dir='ltr'><strong>Eutropium</strong></span> <span class='ocrx_word' id='word_1_348' title='bbox 1166 4713 1565 4777; x_wconf 84' lang='lat' dir='ltr'><strong>aversabantur,</strong></span> <span class='ocrx_word' id='word_1_349' title='bbox 1595 4716 1873 4788; x_wconf 89' lang='lat' dir='ltr'><strong>ipsumque</strong></span> <span class='ocrx_word' id='word_1_350' title='bbox 1899 4721 2084 4775; x_wconf 90' lang='lat' dir='ltr'><strong>militi-</strong></span> 
     </span>
    </p>
   </div>
   <div class='ocr_carea' id='block_1_50' title="bbox 506 4793 2086 4866">
    <p class='ocr_par' dir='ltr' id='par_1_50' title="bbox 506 4793 2086 4866">
     <span class='ocr_line' id='line_1_50' title="bbox 506 4793 2086 4866; baseline 0.013 -20"><span class='ocrx_word' id='word_1_351' title='bbox 506 4793 605 4846; x_wconf 86' lang='lat' dir='ltr'><strong>bus</strong></span> <span class='ocrx_word' id='word_1_352' title='bbox 626 4795 759 4849; x_wconf 90' lang='lat' dir='ltr'><strong>tradi</strong></span> <span class='ocrx_word' id='word_1_353' title='bbox 784 4796 977 4853; x_wconf 81' lang='lat' dir='ltr'><strong>debere</strong></span> <span class='ocrx_word' id='word_1_354' title='bbox 997 4801 1307 4859; x_wconf 88' lang='lat' dir='ltr'><strong>censebant.</strong></span> <span class='ocrx_word' id='word_1_355' title='bbox 1335 4804 1429 4859; x_wconf 91' lang='lat' dir='ltr'><strong>llic</strong></span> <span class='ocrx_word' id='word_1_356' title='bbox 1446 4808 1641 4861; x_wconf 90' lang='lat' dir='ltr'><strong>oratori</strong></span> <span class='ocrx_word' id='word_1_357' title='bbox 1670 4819 1854 4864; x_wconf 90' lang='lat' dir='ltr'><strong>nostro</strong></span> <span class='ocrx_word' id='word_1_358' title='bbox 1877 4822 2086 4866; x_wconf 86' lang='lat' dir='ltr'><strong>extem-</strong></span> 
     </span>
    </p>
   </div>
   <div class='ocr_carea' id='block_1_51' title="bbox 506 4886 2084 4973">
    <p class='ocr_par' dir='ltr' id='par_1_51' title="bbox 506 4886 2084 4973">
     <span class='ocr_line' id='line_1_51' title="bbox 506 4886 2084 4973; baseline 0.019 -44"><span class='ocrx_word' id='word_1_359' title='bbox 506 4898 732 4951; x_wconf 85' lang='lat' dir='ltr'><strong>porauea</strong></span> <span class='ocrx_word' id='word_1_360' title='bbox 758 4886 997 4941; x_wconf 83' lang='lat' dir='ltr'><strong>oratione</strong></span> <span class='ocrx_word' id='word_1_361' title='bbox 1023 4904 1156 4958; x_wconf 90' lang='lat' dir='ltr'><strong>opus</strong></span> <span class='ocrx_word' id='word_1_362' title='bbox 1184 4891 1309 4957; x_wconf 85' lang='lat' dir='ltr'><strong>fuit;</strong></span> <span class='ocrx_word' id='word_1_363' title='bbox 1351 4909 1471 4960; x_wconf 71' lang='lat' dir='ltr'><strong>qtae</strong></span> <span class='ocrx_word' id='word_1_364' title='bbox 1511 4907 1684 4953; x_wconf 89' lang='lat' dir='ltr'><strong>tamen</strong></span> <span class='ocrx_word' id='word_1_365' title='bbox 1712 4899 1852 4956; x_wconf 91' lang='lat' dir='ltr'><strong>inter</strong></span> <span class='ocrx_word' id='word_1_366' title='bbox 1872 4904 2084 4973; x_wconf 85' lang='lat' dir='ltr'><strong>elegan-</strong></span> 
     </span>
    </p>
   </div>
   <div class='ocr_carea' id='block_1_52' title="bbox 505 4976 2079 5064">
    <p class='ocr_par' dir='ltr' id='par_1_52' title="bbox 505 4976 2079 5064">
     <span class='ocr_line' id='line_1_52' title="bbox 505 4976 2079 5064; baseline 0.013 -35"><span class='ocrx_word' id='word_1_367' title='bbox 505 4976 736 5030; x_wconf 82' lang='lat' dir='ltr'><strong>tissimas</strong></span> <span class='ocrx_word' id='word_1_368' title='bbox 802 4979 1155 5064; x_wconf 79' lang='lat' dir='ltr'><strong>computanda</strong></span> <span class='ocrx_word' id='word_1_369' title='bbox 1211 4989 1315 5037; x_wconf 74' lang='lat' dir='ltr'><strong>est.</strong></span> <span class='ocrx_word' id='word_1_370' title='bbox 1369 4982 1485 5038; x_wconf 87' lang='lat' dir='ltr'><strong>Non</strong></span> <span class='ocrx_word' id='word_1_371' title='bbox 1543 4991 1706 5044; x_wconf 82' lang='lat' dir='ltr'><strong>semel</strong></span> <span class='ocrx_word' id='word_1_372' title='bbox 1764 4992 2079 5064; x_wconf 84' lang='lat' dir='ltr'><strong>EutrOpium</strong></span> 
     </span>
    </p>
   </div>
   <div class='ocr_carea' id='block_1_53' title="bbox 504 5065 2073 5143">
    <p class='ocr_par' dir='ltr' id='par_1_53' title="bbox 504 5065 2073 5143">
     <span class='ocr_line' id='line_1_53' title="bbox 504 5065 2073 5143; baseline 0.015 -23"><span class='ocrx_word' id='word_1_373' title='bbox 504 5065 808 5135; x_wconf 88' lang='lat' dir='ltr'><strong>compellat,</strong></span> <span class='ocrx_word' id='word_1_374' title='bbox 838 5077 892 5122; x_wconf 91' lang='lat' dir='ltr'><strong>et</strong></span> <span class='ocrx_word' id='word_1_375' title='bbox 920 5071 1117 5126; x_wconf 90' lang='lat' dir='ltr'><strong>monita</strong></span> <span class='ocrx_word' id='word_1_376' title='bbox 1164 5071 1230 5124; x_wconf 90' lang='lat' dir='ltr'><strong>ah</strong></span> <span class='ocrx_word' id='word_1_377' title='bbox 1268 5089 1326 5127; x_wconf 91' lang='lat' dir='ltr'><strong>se</strong></span> <span class='ocrx_word' id='word_1_378' title='bbox 1369 5074 1468 5143; x_wconf 84' lang='lat' dir='ltr'><strong>ipsi</strong></span> <span class='ocrx_word' id='word_1_379' title='bbox 1499 5076 1616 5130; x_wconf 89' lang='lat' dir='ltr'><strong>data</strong></span> <span class='ocrx_word' id='word_1_380' title='bbox 1648 5080 1700 5135; x_wconf 73' lang='lat' dir='ltr'><strong>in</strong></span> <span class='ocrx_word' id='word_1_381' title='bbox 1730 5095 1958 5140; x_wconf 90' lang='lat' dir='ltr'><strong>mentem</strong></span> <span class='ocrx_word' id='word_1_382' title='bbox 1999 5104 2073 5143; x_wconf 87' lang='lat' dir='ltr'><strong>re-</strong></span> 
     </span>
    </p>
   </div>
   <div class='ocr_carea' id='block_1_54' title="bbox 505 5155 2080 5239">
    <p class='ocr_par' dir='ltr' id='par_1_54' title="bbox 505 5155 2080 5239">
     <span class='ocr_line' id='line_1_54' title="bbox 505 5155 2080 5239; baseline 0.017 -32"><span class='ocrx_word' id='word_1_383' title='bbox 505 5165 689 5222; x_wconf 86' lang='lat' dir='ltr'><strong>vocat;</strong></span> <span class='ocrx_word' id='word_1_384' title='bbox 742 5155 863 5212; x_wconf 85' lang='lat' dir='ltr'><strong>hinc</strong></span> <span class='ocrx_word' id='word_1_385' title='bbox 909 5159 975 5214; x_wconf 86' lang='lat' dir='ltr'><strong>ad</strong></span> <span class='ocrx_word' id='word_1_386' title='bbox 1022 5160 1271 5230; x_wconf 86' lang='lat' dir='ltr'><strong>populqu</strong></span> <span class='ocrx_word' id='word_1_387' title='bbox 1311 5167 1672 5232; x_wconf 82' lang='lat' dir='ltr'><strong>convertitur,</strong></span> <span class='ocrx_word' id='word_1_388' title='bbox 1713 5187 1869 5239; x_wconf 82' lang='lat' dir='ltr'><strong>quem</strong></span> <span class='ocrx_word' id='word_1_389' title='bbox 1917 5185 1972 5231; x_wconf 92' lang='lat' dir='ltr'><strong>ut</strong></span> <span class='ocrx_word' id='word_1_390' title='bbox 2015 5179 2080 5232; x_wconf 86' lang='lat' dir='ltr'><strong>ad</strong></span> 
     </span>
    </p>
   </div>
   <div class='ocr_carea' id='block_1_55' title="bbox 502 5248 2081 5337">
    <p class='ocr_par' dir='ltr' id='par_1_55' title="bbox 502 5248 2081 5337">
     <span class='ocr_line' id='line_1_55' title="bbox 502 5248 2081 5337; baseline 0.015 -36"><span class='ocrx_word' id='word_1_391' title='bbox 502 5248 1021 5305; x_wconf 84' lang='lat' dir='ltr'><strong>commiscratiuuem</strong></span> <span class='ocrx_word' id='word_1_392' title='bbox 1050 5255 1354 5322; x_wconf 87' lang='lat' dir='ltr'><strong>compellat,</strong></span> <span class='ocrx_word' id='word_1_393' title='bbox 1385 5256 1619 5327; x_wconf 83' lang='lat' dir='ltr'><strong>Eutropii</strong></span> <span class='ocrx_word' id='word_1_394' title='bbox 1648 5261 1911 5319; x_wconf 86' lang='lat' dir='ltr'><strong>fortunam</strong></span> <span class='ocrx_word' id='word_1_395' title='bbox 1944 5283 2081 5337; x_wconf 74' lang='lat' dir='ltr'><strong>pne-</strong></span> 
     </span>
    </p>
   </div>
   <div class='ocr_carea' id='block_1_56' title="bbox 508 5338 2082 5430">
    <p class='ocr_par' dir='ltr' id='par_1_56' title="bbox 508 5338 2082 5430">
     <span class='ocr_line' id='line_1_56' title="bbox 508 5338 2082 5430; baseline 0.014 -38"><span class='ocrx_word' id='word_1_396' title='bbox 508 5338 736 5404; x_wconf 80' lang='lat' dir='ltr'><strong>teritam,</strong></span> <span class='ocrx_word' id='word_1_397' title='bbox 762 5346 1037 5409; x_wconf 73' lang='lat' dir='ltr'><strong>prazseutis</strong></span> <span class='ocrx_word' id='word_1_398' title='bbox 1060 5358 1185 5397; x_wconf 86' lang='lat' dir='ltr'><strong>vero</strong></span> <span class='ocrx_word' id='word_1_399' title='bbox 1205 5344 1585 5414; x_wconf 79' lang='lat' dir='ltr'><strong>deplorandum</strong></span> <span class='ocrx_word' id='word_1_400' title='bbox 1607 5367 1790 5408; x_wconf 86' lang='lat' dir='ltr'><strong>casum</strong></span> <span class='ocrx_word' id='word_1_401' title='bbox 1818 5365 1923 5430; x_wconf 84' lang='lat' dir='ltr'><strong>tam</strong></span> <span class='ocrx_word' id='word_1_402' title='bbox 1945 5360 2082 5428; x_wconf 90' lang='lat' dir='ltr'><strong>aptis</strong></span> 
     </span>
    </p>
   </div>
   <div class='ocr_carea' id='block_1_57' title="bbox 506 5430 2079 5524">
    <p class='ocr_par' dir='ltr' id='par_1_57' title="bbox 506 5430 2079 5524">
     <span class='ocr_line' id='line_1_57' title="bbox 506 5430 2079 5524; baseline 0.018 -45"><span class='ocrx_word' id='word_1_403' title='bbox 506 5430 683 5484; x_wconf 73' lang='lat' dir='ltr'><strong>verbis</strong></span> <span class='ocrx_word' id='word_1_404' title='bbox 733 5445 1120 5503; x_wconf 72' lang='lat' dir='ltr'><strong>repra-seutat,</strong></span> <span class='ocrx_word' id='word_1_405' title='bbox 1176 5446 1233 5491; x_wconf 92' lang='lat' dir='ltr'><strong>ut</strong></span> <span class='ocrx_word' id='word_1_406' title='bbox 1283 5439 1364 5494; x_wconf 87' lang='lat' dir='ltr'><strong>vel</strong></span> <span class='ocrx_word' id='word_1_407' title='bbox 1415 5438 1766 5501; x_wconf 90' lang='lat' dir='ltr'><strong>ferocioribus</strong></span> <span class='ocrx_word' id='word_1_408' title='bbox 1817 5447 2079 5524; x_wconf 74' lang='lat' dir='ltr'><strong>lacryinas</strong></span> 
     </span>
    </p>
   </div>
   <div class='ocr_carea' id='block_1_58' title="bbox 499 5533 792 5581">
    <p class='ocr_par' dir='ltr' id='par_1_58' title="bbox 499 5533 792 5581">
     <span class='ocr_line' id='line_1_58' title="bbox 499 5533 792 5581; baseline 0 -2"><span class='ocrx_word' id='word_1_409' title='bbox 499 5533 792 5581; x_wconf 67' lang='lat' dir='ltr'><strong>cactttcret.</strong></span> 
     </span>
    </p>
   </div>
   <div class='ocr_carea' id='block_1_59' title="bbox 574 5616 2077 5703">
    <p class='ocr_par' dir='ltr' id='par_1_59' title="bbox 574 5616 2077 5703">
     <span class='ocr_line' id='line_1_59' title="bbox 574 5616 2077 5703; baseline 0.015 -34"><span class='ocrx_word' id='word_1_410' title='bbox 574 5616 780 5684; x_wconf 79' lang='lat' dir='ltr'><strong>Elapsis</strong></span> <span class='ocrx_word' id='word_1_411' title='bbox 816 5628 932 5688; x_wconf 80' lang='lat' dir='ltr'><strong>post</strong></span> <span class='ocrx_word' id='word_1_412' title='bbox 973 5619 1109 5676; x_wconf 85' lang='lat' dir='ltr'><strong>hanc</strong></span> <span class='ocrx_word' id='word_1_413' title='bbox 1152 5620 1381 5677; x_wconf 85' lang='lat' dir='ltr'><strong>habitam</strong></span> <span class='ocrx_word' id='word_1_414' title='bbox 1407 5624 1716 5684; x_wconf 83' lang='lat' dir='ltr'><strong>concionem</strong></span> <span class='ocrx_word' id='word_1_415' title='bbox 1744 5628 1942 5703; x_wconf 86' lang='lat' dir='ltr'><strong>aliquot</strong></span> <span class='ocrx_word' id='word_1_416' title='bbox 1963 5633 2077 5691; x_wconf 79' lang='lat' dir='ltr'><strong>die-</strong></span> 
     </span>
    </p>
   </div>
   <div class='ocr_carea' id='block_1_60' title="bbox 506 5701 2072 5784">
    <p class='ocr_par' dir='ltr' id='par_1_60' title="bbox 506 5701 2072 5784">
     <span class='ocr_line' id='line_1_60' title="bbox 506 5701 2072 5784; baseline 0.016 -25"><span class='ocrx_word' id='word_1_417' title='bbox 506 5701 622 5774; x_wconf 85' lang='lat' dir='ltr'><strong>bus,</strong></span> <span class='ocrx_word' id='word_1_418' title='bbox 659 5708 939 5781; x_wconf 75' lang='lat' dir='ltr'><strong>Eutropius</strong></span> <span class='ocrx_word' id='word_1_419' title='bbox 975 5721 1033 5766; x_wconf 92' lang='lat' dir='ltr'><strong>ut</strong></span> <span class='ocrx_word' id='word_1_420' title='bbox 1059 5712 1390 5769; x_wconf 86' lang='lat' dir='ltr'><strong>inimicorum</strong></span> <span class='ocrx_word' id='word_1_421' title='bbox 1422 5719 1668 5775; x_wconf 79' lang='lat' dir='ltr'><strong>excubias</strong></span> <span class='ocrx_word' id='word_1_422' title='bbox 1696 5701 1899 5780; x_wconf 78' lang='lat' dir='ltr'><strong>falleret</strong></span> <span class='ocrx_word' id='word_1_423' title='bbox 1927 5742 2072 5784; x_wconf 86' lang='lat' dir='ltr'><strong>sese-</strong></span> 
     </span>
    </p>
   </div>
   <div class='ocr_carea' id='block_1_61' title="bbox 1576 310 2684 383">
    <p class='ocr_par' dir='ltr' id='par_1_61' title="bbox 1576 310 2684 383">
     <span class='ocr_line' id='line_1_61' title="bbox 1576 310 2684 383; baseline 0.001 -13"><span class='ocrx_word' id='word_1_424' title='bbox 1576 313 1632 370; x_wconf 70' lang='lat' dir='ltr'><strong>S.</strong></span> <span class='ocrx_word' id='word_1_425' title='bbox 1676 312 1953 374; x_wconf 67' lang='lat' dir='ltr'><strong>JUANMS</strong></span> <span class='ocrx_word' id='word_1_426' title='bbox 1979 310 2461 376; x_wconf 60' lang='lat' dir='ltr'><strong>CHRYSI&#39;ISTOHI</strong></span> <span class='ocrx_word' id='word_1_427' title='bbox 2504 312 2684 383; x_wconf 68' lang='lat' dir='ltr'><strong>Vl’l‘A,</strong></span> 
     </span>
    </p>
   </div>
   <div class='ocr_carea' id='block_1_62' title="bbox 3674 315 3775 370">
    <p class='ocr_par' dir='ltr' id='par_1_62' title="bbox 3674 315 3775 370">
     <span class='ocr_line' id='line_1_62' title="bbox 3674 315 3775 370; baseline 0 0"><span class='ocrx_word' id='word_1_428' title='bbox 3674 315 3775 370; x_wconf 75' lang='grc'><strong>176</strong></span> 
     </span>
    </p>
   </div>
   <div class='ocr_carea' id='block_1_63' title="bbox 2194 430 3762 504">
    <p class='ocr_par' dir='ltr' id='par_1_63' title="bbox 2194 430 3762 504">
     <span class='ocr_line' id='line_1_63' title="bbox 2194 430 3762 504; baseline -0.003 -17"><span class='ocrx_word' id='word_1_429' title='bbox 2194 449 2299 503; x_wconf 89' lang='lat' dir='ltr'><strong>que</strong></span> <span class='ocrx_word' id='word_1_430' title='bbox 2331 434 2659 504; x_wconf 87' lang='lat' dir='ltr'><strong>proriperet,</strong></span> <span class='ocrx_word' id='word_1_431' title='bbox 2696 432 2763 487; x_wconf 89' lang='lat' dir='ltr'><strong>ab</strong></span> <span class='ocrx_word' id='word_1_432' title='bbox 2791 432 3015 488; x_wconf 75' lang='lat' dir='ltr'><strong>ecclesia</strong></span> <span class='ocrx_word' id='word_1_433' title='bbox 3054 430 3278 498; x_wconf 72' lang='lat' dir='ltr'><strong>aufugit.</strong></span> <span class='ocrx_word' id='word_1_434' title='bbox 3325 431 3520 484; x_wconf 69' lang='lat' dir='ltr'><strong>Verum</strong></span> <span class='ocrx_word' id='word_1_435' title='bbox 3548 441 3762 500; x_wconf 70' lang='lat' dir='ltr'><strong>captus,</strong></span> 
     </span>
    </p>
   </div>
   <div class='ocr_carea' id='block_1_64' title="bbox 2191 520 3778 597">
    <p class='ocr_par' dir='ltr' id='par_1_64' title="bbox 2191 520 3778 597">
     <span class='ocr_line' id='line_1_64' title="bbox 2191 520 3778 597; baseline -0.002 -19"><span class='ocrx_word' id='word_1_436' title='bbox 2191 534 2351 595; x_wconf 82' lang='lat' dir='ltr'><strong>atque</strong></span> <span class='ocrx_word' id='word_1_437' title='bbox 2381 526 2432 579; x_wconf 93' lang='lat' dir='ltr'><strong>in</strong></span> <span class='ocrx_word' id='word_1_438' title='bbox 2455 529 2683 597; x_wconf 73' lang='lat' dir='ltr'><strong>(lyprum</strong></span> <span class='ocrx_word' id='word_1_439' title='bbox 2705 524 2968 594; x_wconf 75' lang='lat' dir='ltr'><strong>relegatus</strong></span> <span class='ocrx_word' id='word_1_440' title='bbox 2991 540 3006 589; x_wconf 86' lang='lat'><strong>;</strong></span> <span class='ocrx_word' id='word_1_441' title='bbox 3035 523 3334 593; x_wconf 89' lang='lat' dir='ltr'><strong>deindeque</strong></span> <span class='ocrx_word' id='word_1_442' title='bbox 3354 520 3492 576; x_wconf 86' lang='lat' dir='ltr'><strong>haud</strong></span> <span class='ocrx_word' id='word_1_443' title='bbox 3516 523 3586 575; x_wconf 89' lang='lat' dir='ltr'><strong>ita</strong></span> <span class='ocrx_word' id='word_1_444' title='bbox 3609 524 3778 575; x_wconf 89' lang='lat' dir='ltr'><strong>multo</strong></span> 
     </span>
    </p>
   </div>
   <div class='ocr_carea' id='block_1_65' title="bbox 2190 606 3868 686">
    <p class='ocr_par' dir='ltr' id='par_1_65' title="bbox 2190 606 3868 686">
     <span class='ocr_line' id='line_1_65' title="bbox 2190 606 3868 686; baseline -0.002 -16"><span class='ocrx_word' id='word_1_445' title='bbox 2190 616 2373 685; x_wconf 87' lang='lat' dir='ltr'><strong>elapso</strong></span> <span class='ocrx_word' id='word_1_446' title='bbox 2411 627 2649 686; x_wconf 89' lang='lat' dir='ltr'><strong>tempore</strong></span> <span class='ocrx_word' id='word_1_447' title='bbox 2677 615 3061 671; x_wconf 68' lang='lat' dir='ltr'><strong>(.ltaleedonem</strong></span> <span class='ocrx_word' id='word_1_448' title='bbox 3092 614 3349 683; x_wconf 86' lang='lat' dir='ltr'><strong>adductus</strong></span> <span class='ocrx_word' id='word_1_449' title='bbox 3373 622 3429 669; x_wconf 92' lang='lat' dir='ltr'><strong>et</strong></span> <span class='ocrx_word' id='word_1_450' title='bbox 3455 612 3738 669; x_wconf 83' lang='lat' dir='ltr'><strong>damnatus</strong></span> <span class='ocrx_word' id='word_1_451' title='bbox 3757 654 3773 681; x_wconf 93' lang='lat'><strong>,</strong></span> <span class='ocrx_word' id='word_1_452' title='bbox 3860 606 3868 621; x_wconf 80' lang='lat'><strong><em>&#39;</em></strong></span> 
     </span>
    </p>
   </div>
   <div class='ocr_carea' id='block_1_66' title="bbox 2191 705 2692 777">
    <p class='ocr_par' dir='ltr' id='par_1_66' title="bbox 2191 705 2692 777">
     <span class='ocr_line' id='line_1_66' title="bbox 2191 705 2692 777; baseline -0.004 -15"><span class='ocrx_word' id='word_1_453' title='bbox 2191 710 2364 777; x_wconf 88' lang='lat' dir='ltr'><strong>capite</strong></span> <span class='ocrx_word' id='word_1_454' title='bbox 2385 705 2572 777; x_wconf 81' lang='lat' dir='ltr'><strong>plexus</strong></span> <span class='ocrx_word' id='word_1_455' title='bbox 2591 717 2692 763; x_wconf 95' lang='lat' dir='ltr'><strong>est.</strong></span> 
     </span>
    </p>
   </div>
   <div class='ocr_carea' id='block_1_67' title="bbox 2267 792 3774 870">
    <p class='ocr_par' dir='ltr' id='par_1_67' title="bbox 2267 792 3774 870">
     <span class='ocr_line' id='line_1_67' title="bbox 2267 792 3774 870; baseline 0.003 -18"><span class='ocrx_word' id='word_1_456' title='bbox 2267 798 2362 852; x_wconf 75' lang='lat' dir='ltr'><strong>Vix</strong></span> <span class='ocrx_word' id='word_1_457' title='bbox 2403 798 2599 867; x_wconf 86' lang='lat' dir='ltr'><strong>elapsis</strong></span> <span class='ocrx_word' id='word_1_458' title='bbox 2648 796 2857 853; x_wconf 87' lang='lat' dir='ltr'><strong>duobus</strong></span> <span class='ocrx_word' id='word_1_459' title='bbox 2893 794 2978 868; x_wconf 83' lang='grc' dir='ltr'><strong>(Τ.</strong></span> <span class='ocrx_word' id='word_1_460' title='bbox 3010 797 3066 855; x_wconf 80' lang='lat'><strong>3.</strong></span> <span class='ocrx_word' id='word_1_461' title='bbox 3110 812 3157 850; x_wconf 89' lang='lat' dir='ltr'><strong>c.</strong></span> <span class='ocrx_word' id='word_1_462' title='bbox 3180 792 3321 870; x_wconf 77' lang='lat'><strong>395)</strong></span> <span class='ocrx_word' id='word_1_463' title='bbox 3378 805 3499 868; x_wconf 88' lang='lat' dir='ltr'><strong>post</strong></span> <span class='ocrx_word' id='word_1_464' title='bbox 3535 794 3774 867; x_wconf 63' lang='lat' dir='ltr'><strong>Eutropif</strong></span> 
     </span>
    </p>
   </div>
   <div class='ocr_carea' id='block_1_68' title="bbox 2156 887 3770 962">
    <p class='ocr_par' dir='ltr' id='par_1_68' title="bbox 2156 887 3770 962">
     <span class='ocr_line' id='line_1_68' title="bbox 2156 887 3770 962; baseline -0.001 -18"><span class='ocrx_word' id='word_1_465' title='bbox 2156 902 2157 905; x_wconf 78' lang='lat'>‘</span> <span class='ocrx_word' id='word_1_466' title='bbox 2192 887 2367 960; x_wconf 81' lang='lat' dir='ltr'><strong>fugam</strong></span> <span class='ocrx_word' id='word_1_467' title='bbox 2390 890 2578 945; x_wconf 89' lang='lat' dir='ltr'><strong>diebus</strong></span> <span class='ocrx_word' id='word_1_468' title='bbox 2604 890 2915 945; x_wconf 88' lang='lat' dir='ltr'><strong>concionem</strong></span> <span class='ocrx_word' id='word_1_469' title='bbox 2936 889 3097 944; x_wconf 88' lang='lat' dir='ltr'><strong>aliam</strong></span> <span class='ocrx_word' id='word_1_470' title='bbox 3120 887 3306 943; x_wconf 83' lang='lat' dir='ltr'><strong>habuit</strong></span> <span class='ocrx_word' id='word_1_471' title='bbox 3330 887 3770 962; x_wconf 83' lang='lat' dir='ltr'><strong>Chrysostomus,</strong></span> 
     </span>
    </p>
   </div>
   <div class='ocr_carea' id='block_1_69' title="bbox 2191 977 3782 1049">
    <p class='ocr_par' dir='ltr' id='par_1_69' title="bbox 2191 977 3782 1049">
     <span class='ocr_line' id='line_1_69' title="bbox 2191 977 3782 1049; baseline -0.001 -16"><span class='ocrx_word' id='word_1_472' title='bbox 2191 980 2277 1033; x_wconf 84' lang='lat' dir='ltr'><strong>tibi</strong></span> <span class='ocrx_word' id='word_1_473' title='bbox 2302 979 2592 1049; x_wconf 73' lang='lat' dir='ltr'><strong>prrcmissis</strong></span> <span class='ocrx_word' id='word_1_474' title='bbox 2617 977 2932 1049; x_wconf 88' lang='lat' dir='ltr'><strong>quibusdam</strong></span> <span class='ocrx_word' id='word_1_475' title='bbox 2958 977 3027 1033; x_wconf 89' lang='lat' dir='ltr'><strong>de</strong></span> <span class='ocrx_word' id='word_1_476' title='bbox 3051 977 3274 1032; x_wconf 86' lang='lat' dir='ltr'><strong>utilitate</strong></span> <span class='ocrx_word' id='word_1_477' title='bbox 3297 977 3544 1033; x_wconf 75' lang='lat' dir='ltr'><strong>lectionis</strong></span> <span class='ocrx_word' id='word_1_478' title='bbox 3570 978 3782 1034; x_wconf 81' lang='lat' dir='ltr'><strong>divina-</strong></span> 
     </span>
    </p>
   </div>
   <div class='ocr_carea' id='block_1_70' title="bbox 2191 1067 3781 1140">
    <p class='ocr_par' dir='ltr' id='par_1_70' title="bbox 2191 1067 3781 1140">
     <span class='ocr_line' id='line_1_70' title="bbox 2191 1067 3781 1140; baseline 0.001 -17"><span class='ocrx_word' id='word_1_479' title='bbox 2191 1086 2310 1124; x_wconf 90' lang='lat' dir='ltr'><strong>rum</strong></span> <span class='ocrx_word' id='word_1_480' title='bbox 2340 1067 2735 1140; x_wconf 88' lang='lat' dir='ltr'><strong>Scripturarum</strong></span> <span class='ocrx_word' id='word_1_481' title='bbox 2758 1110 2774 1134; x_wconf 95' lang='lat'><strong>,</strong></span> <span class='ocrx_word' id='word_1_482' title='bbox 2805 1070 3081 1124; x_wconf 85' lang='lat' dir='ltr'><strong>obsessam</strong></span> <span class='ocrx_word' id='word_1_483' title='bbox 3112 1068 3295 1138; x_wconf 88' lang='lat' dir='ltr'><strong>paucis</strong></span> <span class='ocrx_word' id='word_1_484' title='bbox 3322 1078 3448 1122; x_wconf 91' lang='lat' dir='ltr'><strong>aute</strong></span> <span class='ocrx_word' id='word_1_485' title='bbox 3473 1067 3661 1123; x_wconf 91' lang='lat' dir='ltr'><strong>diebus</strong></span> <span class='ocrx_word' id='word_1_486' title='bbox 3686 1084 3781 1124; x_wconf 63' lang='lat' dir='ltr'><strong>ea-</strong></span> 
     </span>
    </p>
   </div>
   <div class='ocr_carea' id='block_1_71' title="bbox 2188 1159 3770 1231">
    <p class='ocr_par' dir='ltr' id='par_1_71' title="bbox 2188 1159 3770 1231">
     <span class='ocr_line' id='line_1_71' title="bbox 2188 1159 3770 1231; baseline -0.001 -16"><span class='ocrx_word' id='word_1_487' title='bbox 2188 1161 2403 1216; x_wconf 88' lang='lat' dir='ltr'><strong>clesiam</strong></span> <span class='ocrx_word' id='word_1_488' title='bbox 2429 1161 2590 1217; x_wconf 78' lang='lat' dir='ltr'><strong>fuisse</strong></span> <span class='ocrx_word' id='word_1_489' title='bbox 2614 1170 2824 1226; x_wconf 87' lang='lat' dir='ltr'><strong>narrat,</strong></span> <span class='ocrx_word' id='word_1_490' title='bbox 2856 1176 3027 1231; x_wconf 89' lang='lat' dir='ltr'><strong>neque</strong></span> <span class='ocrx_word' id='word_1_491' title='bbox 3053 1169 3231 1216; x_wconf 86' lang='lat' dir='ltr'><strong>tamen</strong></span> <span class='ocrx_word' id='word_1_492' title='bbox 3259 1160 3508 1214; x_wconf 91' lang='lat' dir='ltr'><strong>traditum</strong></span> <span class='ocrx_word' id='word_1_493' title='bbox 3538 1159 3770 1215; x_wconf 85' lang='lat' dir='ltr'><strong>inimicis</strong></span> 
     </span>
    </p>
   </div>
   <div class='ocr_carea' id='block_1_72' title="bbox 2193 1251 3781 1324">
    <p class='ocr_par' dir='ltr' id='par_1_72' title="bbox 2193 1251 3781 1324">
     <span class='ocr_line' id='line_1_72' title="bbox 2193 1251 3781 1324; baseline 0 -18"><span class='ocrx_word' id='word_1_494' title='bbox 2193 1253 2527 1323; x_wconf 83' lang='lat' dir='ltr'><strong>Eutropium,</strong></span> <span class='ocrx_word' id='word_1_495' title='bbox 2554 1254 2667 1324; x_wconf 91' lang='lat' dir='ltr'><strong>qui,</strong></span> <span class='ocrx_word' id='word_1_496' title='bbox 2695 1254 2737 1307; x_wconf 93' lang='lat' dir='ltr'><strong>si</strong></span> <span class='ocrx_word' id='word_1_497' title='bbox 2764 1253 3041 1308; x_wconf 87' lang='lat' dir='ltr'><strong>ecclesiam</strong></span> <span class='ocrx_word' id='word_1_498' title='bbox 3075 1266 3178 1307; x_wconf 93' lang='lat' dir='ltr'><strong>nou</strong></span> <span class='ocrx_word' id='word_1_499' title='bbox 3205 1251 3561 1317; x_wconf 88' lang='lat' dir='ltr'><strong>deseruisset,</strong></span> <span class='ocrx_word' id='word_1_500' title='bbox 3589 1263 3781 1321; x_wconf 84' lang='lat' dir='ltr'><strong>captus</strong></span> 
     </span>
    </p>
   </div>
   <div class='ocr_carea' id='block_1_73' title="bbox 2192 1341 3783 1413">
    <p class='ocr_par' dir='ltr' id='par_1_73' title="bbox 2192 1341 3783 1413">
     <span class='ocr_line' id='line_1_73' title="bbox 2192 1341 3783 1413; baseline -0.001 -16"><span class='ocrx_word' id='word_1_501' title='bbox 2192 1359 2479 1413; x_wconf 88' lang='lat' dir='ltr'><strong>numquam</strong></span> <span class='ocrx_word' id='word_1_502' title='bbox 2501 1343 2707 1398; x_wconf 85' lang='lat' dir='ltr'><strong>fuisset.</strong></span> <span class='ocrx_word' id='word_1_503' title='bbox 2730 1342 2948 1398; x_wconf 83' lang='lat' dir='ltr'><strong>Fluxain</strong></span> <span class='ocrx_word' id='word_1_504' title='bbox 2971 1343 3160 1396; x_wconf 91' lang='lat' dir='ltr'><strong>iterum</strong></span> <span class='ocrx_word' id='word_1_505' title='bbox 3186 1343 3534 1397; x_wconf 86' lang='lat' dir='ltr'><strong>humanarum</strong></span> <span class='ocrx_word' id='word_1_506' title='bbox 3558 1341 3783 1396; x_wconf 81' lang='lat' dir='ltr'><strong>faculta-</strong></span> 
     </span>
    </p>
   </div>
   <div class='ocr_carea' id='block_1_74' title="bbox 2192 1435 3783 1506">
    <p class='ocr_par' dir='ltr' id='par_1_74' title="bbox 2192 1435 3783 1506">
     <span class='ocr_line' id='line_1_74' title="bbox 2192 1435 3783 1506; baseline 0.001 -17"><span class='ocrx_word' id='word_1_507' title='bbox 2192 1446 2301 1490; x_wconf 90' lang='lat' dir='ltr'><strong>tum</strong></span> <span class='ocrx_word' id='word_1_508' title='bbox 2332 1435 2743 1506; x_wconf 87' lang='lat' dir='ltr'><strong>divitiarumque</strong></span> <span class='ocrx_word' id='word_1_509' title='bbox 2780 1436 3139 1490; x_wconf 89' lang='lat' dir='ltr'><strong>conditionem</strong></span> <span class='ocrx_word' id='word_1_510' title='bbox 3175 1436 3244 1490; x_wconf 93' lang='lat' dir='ltr'><strong>ob</strong></span> <span class='ocrx_word' id='word_1_511' title='bbox 3268 1436 3452 1490; x_wconf 90' lang='lat' dir='ltr'><strong>oculos</strong></span> <span class='ocrx_word' id='word_1_512' title='bbox 3476 1436 3625 1505; x_wconf 88' lang='lat' dir='ltr'><strong>ponit</strong></span> <span class='ocrx_word' id='word_1_513' title='bbox 3647 1453 3659 1488; x_wconf 89' lang='lat'><strong>:</strong></span> <span class='ocrx_word' id='word_1_514' title='bbox 3684 1436 3783 1490; x_wconf 82' lang='lat' dir='ltr'><strong>de-</strong></span> 
     </span>
    </p>
   </div>
   <div class='ocr_carea' id='block_1_75' title="bbox 2188 1525 3779 1597">
    <p class='ocr_par' dir='ltr' id='par_1_75' title="bbox 2188 1525 3779 1597">
     <span class='ocr_line' id='line_1_75' title="bbox 2188 1525 3779 1597; baseline -0.002 -15"><span class='ocrx_word' id='word_1_515' title='bbox 2188 1536 2493 1597; x_wconf 81' lang='lat' dir='ltr'><strong>Scrtumque</strong></span> <span class='ocrx_word' id='word_1_516' title='bbox 2521 1527 2648 1580; x_wconf 87' lang='lat' dir='ltr'><strong>dicit</strong></span> <span class='ocrx_word' id='word_1_517' title='bbox 2673 1527 2742 1581; x_wconf 80' lang='lat' dir='ltr'><strong>al)</strong></span> <span class='ocrx_word' id='word_1_518' title='bbox 2769 1526 2987 1591; x_wconf 81' lang='lat' dir='ltr'><strong>amicis,</strong></span> <span class='ocrx_word' id='word_1_519' title='bbox 3036 1541 3065 1579; x_wconf 90' lang='lat' dir='ltr'><strong>a</strong></span> <span class='ocrx_word' id='word_1_520' title='bbox 3097 1525 3438 1589; x_wconf 90' lang='lat' dir='ltr'><strong>domesticis,</strong></span> <span class='ocrx_word' id='word_1_521' title='bbox 3481 1540 3513 1580; x_wconf 89' lang='lat' dir='ltr'><strong>a</strong></span> <span class='ocrx_word' id='word_1_522' title='bbox 3551 1526 3779 1581; x_wconf 84' lang='lat' dir='ltr'><strong>fortunis</strong></span> 
     </span>
    </p>
   </div>
   <div class='ocr_carea' id='block_1_76' title="bbox 2188 1616 3780 1689">
    <p class='ocr_par' dir='ltr' id='par_1_76' title="bbox 2188 1616 3780 1689">
     <span class='ocr_line' id='line_1_76' title="bbox 2188 1616 3780 1689; baseline -0.001 -19"><span class='ocrx_word' id='word_1_523' title='bbox 2188 1620 2436 1673; x_wconf 89' lang='lat' dir='ltr'><strong>oumibus</strong></span> <span class='ocrx_word' id='word_1_524' title='bbox 2480 1619 2814 1689; x_wconf 82' lang='lat' dir='ltr'><strong>Eutropium.</strong></span> <span class='ocrx_word' id='word_1_525' title='bbox 2861 1617 3144 1688; x_wconf 79' lang='lat' dir='ltr'><strong>Multisque</strong></span> <span class='ocrx_word' id='word_1_526' title='bbox 3170 1616 3363 1671; x_wconf 89' lang='lat' dir='ltr'><strong>additis</strong></span> <span class='ocrx_word' id='word_1_527' title='bbox 3388 1616 3457 1684; x_wconf 76' lang='lat' dir='ltr'><strong>de</strong></span> <span class='ocrx_word' id='word_1_528' title='bbox 3486 1632 3615 1671; x_wconf 84' lang='lat' dir='ltr'><strong>vero</strong></span> <span class='ocrx_word' id='word_1_529' title='bbox 3642 1617 3780 1686; x_wconf 81' lang='lat' dir='ltr'><strong>legi-</strong></span> 
     </span>
    </p>
   </div>
   <div class='ocr_carea' id='block_1_77' title="bbox 2190 1708 3778 1780">
    <p class='ocr_par' dir='ltr' id='par_1_77' title="bbox 2190 1708 3778 1780">
     <span class='ocr_line' id='line_1_77' title="bbox 2190 1708 3778 1780; baseline -0.001 -17"><span class='ocrx_word' id='word_1_530' title='bbox 2190 1710 2423 1779; x_wconf 89' lang='lat' dir='ltr'><strong>timoque</strong></span> <span class='ocrx_word' id='word_1_531' title='bbox 2446 1711 2747 1764; x_wconf 73' lang='lat' dir='ltr'><strong>divitiarum</strong></span> <span class='ocrx_word' id='word_1_532' title='bbox 2780 1724 2878 1764; x_wconf 89' lang='lat' dir='ltr'><strong>usu</strong></span> <span class='ocrx_word' id='word_1_533' title='bbox 2900 1750 2914 1773; x_wconf 94' lang='lat'><strong>,</strong></span> <span class='ocrx_word' id='word_1_534' title='bbox 2960 1709 3133 1780; x_wconf 87' lang='lat' dir='ltr'><strong>deque</strong></span> <span class='ocrx_word' id='word_1_535' title='bbox 3169 1709 3274 1763; x_wconf 83' lang='lat' dir='ltr'><strong>vita</strong></span> <span class='ocrx_word' id='word_1_536' title='bbox 3317 1708 3588 1778; x_wconf 58' lang='lat' dir='ltr'><strong>praesenti,</strong></span> <span class='ocrx_word' id='word_1_537' title='bbox 3615 1723 3778 1778; x_wconf 88' lang='lat' dir='ltr'><strong>quam</strong></span> 
     </span>
    </p>
   </div>
   <div class='ocr_carea' id='block_1_78' title="bbox 2188 1799 3778 1871">
    <p class='ocr_par' dir='ltr' id='par_1_78' title="bbox 2188 1799 3778 1871">
     <span class='ocr_line' id='line_1_78' title="bbox 2188 1799 3778 1871; baseline -0.001 -15"><span class='ocrx_word' id='word_1_538' title='bbox 2188 1802 2666 1871; x_wconf 86' lang='lat' dir='ltr'><strong>peregrinationem</strong></span> <span class='ocrx_word' id='word_1_539' title='bbox 2684 1816 2802 1856; x_wconf 87' lang='lat' dir='ltr'><strong>esse</strong></span> <span class='ocrx_word' id='word_1_540' title='bbox 2817 1809 3219 1863; x_wconf 88' lang='lat' dir='ltr'><strong>commonstrat,</strong></span> <span class='ocrx_word' id='word_1_541' title='bbox 3235 1800 3300 1854; x_wconf 91' lang='lat' dir='ltr'><strong>ad</strong></span> <span class='ocrx_word' id='word_1_542' title='bbox 3318 1799 3571 1854; x_wconf 83' lang='lat' dir='ltr'><strong>Ecclesia:</strong></span> <span class='ocrx_word' id='word_1_543' title='bbox 3590 1799 3778 1855; x_wconf 86' lang='lat' dir='ltr'><strong>laudes</strong></span> 
     </span>
    </p>
   </div>
   <div class='ocr_carea' id='block_1_79' title="bbox 2190 1892 3780 1965">
    <p class='ocr_par' dir='ltr' id='par_1_79' title="bbox 2190 1892 3780 1965">
     <span class='ocr_line' id='line_1_79' title="bbox 2190 1892 3780 1965; baseline 0 -18"><span class='ocrx_word' id='word_1_544' title='bbox 2190 1895 2411 1962; x_wconf 84' lang='lat' dir='ltr'><strong>transit,</strong></span> <span class='ocrx_word' id='word_1_545' title='bbox 2440 1893 2660 1965; x_wconf 79' lang='lat' dir='ltr'><strong>ejusque</strong></span> <span class='ocrx_word' id='word_1_546' title='bbox 2689 1894 2897 1962; x_wconf 88' lang='lat' dir='ltr'><strong>nuptias</strong></span> <span class='ocrx_word' id='word_1_547' title='bbox 2921 1909 3042 1948; x_wconf 89' lang='lat' dir='ltr'><strong>cum</strong></span> <span class='ocrx_word' id='word_1_548' title='bbox 3081 1892 3296 1948; x_wconf 85' lang='lat' dir='ltr'><strong>Christo</strong></span> <span class='ocrx_word' id='word_1_549' title='bbox 3318 1893 3560 1964; x_wconf 88' lang='lat' dir='ltr'><strong>pluribus</strong></span> <span class='ocrx_word' id='word_1_550' title='bbox 3588 1908 3780 1962; x_wconf 87' lang='lat' dir='ltr'><strong>prose-</strong></span> 
     </span>
    </p>
   </div>
   <div class='ocr_carea' id='block_1_80' title="bbox 2187 1982 3778 2055">
    <p class='ocr_par' dir='ltr' id='par_1_80' title="bbox 2187 1982 3778 2055">
     <span class='ocr_line' id='line_1_80' title="bbox 2187 1982 3778 2055; baseline 0.002 -21"><span class='ocrx_word' id='word_1_551' title='bbox 2187 1985 2402 2054; x_wconf 90' lang='lat' dir='ltr'><strong>quitur,</strong></span> <span class='ocrx_word' id='word_1_552' title='bbox 2461 1985 2563 2039; x_wconf 89' lang='lat' dir='ltr'><strong>hoc</strong></span> <span class='ocrx_word' id='word_1_553' title='bbox 2614 1985 2919 2055; x_wconf 82' lang='lat' dir='ltr'><strong>frequenter</strong></span> <span class='ocrx_word' id='word_1_554' title='bbox 2966 1998 3093 2038; x_wconf 90' lang='lat' dir='ltr'><strong>usus</strong></span> <span class='ocrx_word' id='word_1_555' title='bbox 3136 1983 3333 2038; x_wconf 88' lang='lat' dir='ltr'><strong>Psalmi</strong></span> <span class='ocrx_word' id='word_1_556' title='bbox 3385 1982 3778 2053; x_wconf 81' lang='lat' dir='ltr'><strong>quadragesimi</strong></span> 
     </span>
    </p>
   </div>
   <div class='ocr_carea' id='block_1_81' title="bbox 2189 2076 3780 2146">
    <p class='ocr_par' dir='ltr' id='par_1_81' title="bbox 2189 2076 3780 2146">
     <span class='ocr_line' id='line_1_81' title="bbox 2189 2076 3780 2146; baseline -0.001 -17"><span class='ocrx_word' id='word_1_557' title='bbox 2189 2076 2363 2145; x_wconf 87' lang='lat' dir='ltr'><strong>qualri</strong></span> <span class='ocrx_word' id='word_1_558' title='bbox 2388 2077 2671 2141; x_wconf 72' lang='lat' dir='ltr'><strong>versiculo,</strong></span> <span class='ocrx_word' id='word_1_559' title='bbox 2701 2077 2908 2130; x_wconf 79' lang='lat' dir='ltr'><strong>Adstitit</strong></span> <span class='ocrx_word' id='word_1_560' title='bbox 2936 2077 3110 2146; x_wconf 80' lang='lat' dir='ltr'><strong>regina</strong></span> <span class='ocrx_word' id='word_1_561' title='bbox 3128 2092 3160 2129; x_wconf 91' lang='lat' dir='ltr'><strong>a</strong></span> <span class='ocrx_word' id='word_1_562' title='bbox 3189 2076 3380 2130; x_wconf 72' lang='lat' dir='ltr'><strong>dextris</strong></span> <span class='ocrx_word' id='word_1_563' title='bbox 3399 2076 3498 2130; x_wconf 86' lang='lat' dir='ltr'><strong>tuis</strong></span> <span class='ocrx_word' id='word_1_564' title='bbox 3518 2076 3569 2128; x_wconf 89' lang='lat' dir='ltr'><strong>in</strong></span> <span class='ocrx_word' id='word_1_565' title='bbox 3596 2076 3780 2129; x_wconf 76' lang='lat' dir='ltr'><strong>vestitu</strong></span> 
     </span>
    </p>
   </div>
   <div class='ocr_carea' id='block_1_82' title="bbox 2189 2166 3780 2238">
    <p class='ocr_par' dir='ltr' id='par_1_82' title="bbox 2189 2166 3780 2238">
     <span class='ocr_line' id='line_1_82' title="bbox 2189 2166 3780 2238; baseline 0.001 -18"><span class='ocrx_word' id='word_1_566' title='bbox 2189 2168 2451 2232; x_wconf 85' lang='lat' dir='ltr'><strong>deaurato,</strong></span> <span class='ocrx_word' id='word_1_567' title='bbox 2479 2178 2583 2224; x_wconf 85' lang='lat' dir='ltr'><strong>etc.</strong></span> <span class='ocrx_word' id='word_1_568' title='bbox 2612 2169 2685 2223; x_wconf 90' lang='lat' dir='ltr'><strong>De</strong></span> <span class='ocrx_word' id='word_1_569' title='bbox 2712 2167 2810 2223; x_wconf 89' lang='lat' dir='ltr'><strong>hac</strong></span> <span class='ocrx_word' id='word_1_570' title='bbox 2840 2176 3105 2238; x_wconf 88' lang='lat' dir='ltr'><strong>postrema</strong></span> <span class='ocrx_word' id='word_1_571' title='bbox 3131 2166 3362 2223; x_wconf 76' lang='lat' dir='ltr'><strong>homilia:</strong></span> <span class='ocrx_word' id='word_1_572' title='bbox 3385 2176 3532 2238; x_wconf 89' lang='lat' dir='ltr'><strong>parte</strong></span> <span class='ocrx_word' id='word_1_573' title='bbox 3556 2178 3780 2222; x_wconf 84' lang='lat' dir='ltr'><strong>senten-</strong></span> 
     </span>
    </p>
   </div>
   <div class='ocr_carea' id='block_1_83' title="bbox 2190 2259 3165 2314">
    <p class='ocr_par' dir='ltr' id='par_1_83' title="bbox 2190 2259 3165 2314">
     <span class='ocr_line' id='line_1_83' title="bbox 2190 2259 3165 2314; baseline -0.001 -2"><span class='ocrx_word' id='word_1_574' title='bbox 2190 2259 2315 2312; x_wconf 91' lang='lat' dir='ltr'><strong>tiam</strong></span> <span class='ocrx_word' id='word_1_575' title='bbox 2344 2268 2579 2313; x_wconf 90' lang='lat' dir='ltr'><strong>nostram</strong></span> <span class='ocrx_word' id='word_1_576' title='bbox 2610 2259 2838 2314; x_wconf 84' lang='lat' dir='ltr'><strong>diximus</strong></span> <span class='ocrx_word' id='word_1_577' title='bbox 2866 2262 2916 2313; x_wconf 90' lang='lat' dir='ltr'><strong>iu</strong></span> <span class='ocrx_word' id='word_1_578' title='bbox 2946 2259 3165 2314; x_wconf 81' lang='lat' dir='ltr'><strong>Monito.</strong></span> 
     </span>
    </p>
   </div>
   <div class='ocr_carea' id='block_1_84' title="bbox 2260 2344 3779 2420">
    <p class='ocr_par' dir='ltr' id='par_1_84' title="bbox 2260 2344 3779 2420">
     <span class='ocr_line' id='line_1_84' title="bbox 2260 2344 3779 2420; baseline 0.001 -17"><span class='ocrx_word' id='word_1_579' title='bbox 2260 2348 2438 2403; x_wconf 71' lang='lat' dir='ltr'><strong>Gaium</strong></span> <span class='ocrx_word' id='word_1_580' title='bbox 2453 2348 3049 2420; x_wconf 60' lang='lat' dir='ltr'><strong>petulantia—Cinnas</strong></span> <span class='ocrx_word' id='word_1_581' title='bbox 3077 2359 3195 2419; x_wconf 90' lang='lat' dir='ltr'><strong>post</strong></span> <span class='ocrx_word' id='word_1_582' title='bbox 3219 2344 3553 2419; x_wconf 84' lang='lat' dir='ltr'><strong>impetratam</strong></span> <span class='ocrx_word' id='word_1_583' title='bbox 3584 2350 3779 2419; x_wconf 91' lang='lat' dir='ltr'><strong>partim</strong></span> 
     </span>
    </p>
   </div>
   <div class='ocr_carea' id='block_1_85' title="bbox 2188 2443 3774 2515">
    <p class='ocr_par' dir='ltr' id='par_1_85' title="bbox 2188 2443 3774 2515">
     <span class='ocr_line' id='line_1_85' title="bbox 2188 2443 3774 2515; baseline 0.001 -19"><span class='ocrx_word' id='word_1_584' title='bbox 2188 2444 2259 2509; x_wconf 87' lang='lat' dir='ltr'><strong>vi,</strong></span> <span class='ocrx_word' id='word_1_585' title='bbox 2286 2444 2480 2513; x_wconf 85' lang='lat' dir='ltr'><strong>partim</strong></span> <span class='ocrx_word' id='word_1_586' title='bbox 2504 2443 2628 2499; x_wconf 91' lang='lat' dir='ltr'><strong>dolo</strong></span> <span class='ocrx_word' id='word_1_587' title='bbox 2655 2445 2889 2515; x_wconf 79' lang='lat' dir='ltr'><strong>Eutropii</strong></span> <span class='ocrx_word' id='word_1_588' title='bbox 2931 2446 3137 2499; x_wconf 90' lang='lat' dir='ltr'><strong>ruinam</strong></span> <span class='ocrx_word' id='word_1_589' title='bbox 3187 2445 3581 2515; x_wconf 86' lang='lat' dir='ltr'><strong>perniciemque</strong></span> <span class='ocrx_word' id='word_1_590' title='bbox 3602 2444 3692 2513; x_wconf 83' lang='lat'><strong>(1&#39;.</strong></span> <span class='ocrx_word' id='word_1_591' title='bbox 3717 2447 3774 2501; x_wconf 80' lang='grc'><strong>5.</strong></span> 
     </span>
    </p>
   </div>
   <div class='ocr_carea' id='block_1_86' title="bbox 2188 2537 3778 2608">
    <p class='ocr_par' dir='ltr' id='par_1_86' title="bbox 2188 2537 3778 2608">
     <span class='ocr_line' id='line_1_86' title="bbox 2188 2537 3778 2608; baseline 0.002 -19"><span class='ocrx_word' id='word_1_592' title='bbox 2188 2553 2234 2589; x_wconf 91' lang='lat' dir='ltr'><strong>c.</strong></span> <span class='ocrx_word' id='word_1_593' title='bbox 2266 2537 2418 2606; x_wconf 77' lang='grc'><strong>415),</strong></span> <span class='ocrx_word' id='word_1_594' title='bbox 2445 2537 2768 2605; x_wconf 88' lang='lat' dir='ltr'><strong>petulantior</strong></span> <span class='ocrx_word' id='word_1_595' title='bbox 2793 2540 2842 2591; x_wconf 89' lang='lat' dir='ltr'><strong>in</strong></span> <span class='ocrx_word' id='word_1_596' title='bbox 2871 2538 2985 2592; x_wconf 89' lang='lat' dir='ltr'><strong>dies</strong></span> <span class='ocrx_word' id='word_1_597' title='bbox 3006 2538 3192 2601; x_wconf 85' lang='lat' dir='ltr'><strong>evasit,</strong></span> <span class='ocrx_word' id='word_1_598' title='bbox 3220 2546 3378 2607; x_wconf 87' lang='lat' dir='ltr'><strong>atque</strong></span> <span class='ocrx_word' id='word_1_599' title='bbox 3402 2554 3467 2591; x_wconf 90' lang='lat' dir='ltr'><strong>co</strong></span> <span class='ocrx_word' id='word_1_600' title='bbox 3495 2538 3778 2608; x_wconf 83' lang='lat' dir='ltr'><strong>impuden-</strong></span> 
     </span>
    </p>
   </div>
   <div class='ocr_carea' id='block_1_87' title="bbox 2191 2626 3777 2700">
    <p class='ocr_par' dir='ltr' id='par_1_87' title="bbox 2191 2626 3777 2700">
     <span class='ocr_line' id='line_1_87' title="bbox 2191 2626 3777 2700; baseline 0.004 -22"><span class='ocrx_word' id='word_1_601' title='bbox 2191 2626 2275 2679; x_wconf 77' lang='lat' dir='ltr'><strong>tize</strong></span> <span class='ocrx_word' id='word_1_602' title='bbox 2302 2627 2580 2694; x_wconf 71' lang='lat' dir='ltr'><strong>processit,</strong></span> <span class='ocrx_word' id='word_1_603' title='bbox 2609 2637 2667 2681; x_wconf 91' lang='lat' dir='ltr'><strong>ut</strong></span> <span class='ocrx_word' id='word_1_604' title='bbox 2691 2629 2855 2682; x_wconf 90' lang='lat' dir='ltr'><strong>armis</strong></span> <span class='ocrx_word' id='word_1_605' title='bbox 2874 2629 3147 2700; x_wconf 87' lang='lat' dir='ltr'><strong>copiisque</strong></span> <span class='ocrx_word' id='word_1_606' title='bbox 3168 2629 3479 2695; x_wconf 88' lang='lat' dir='ltr'><strong>instructus,</strong></span> <span class='ocrx_word' id='word_1_607' title='bbox 3502 2628 3777 2685; x_wconf 74' lang='lat' dir='ltr'><strong>Saturnini</strong></span> 
     </span>
    </p>
   </div>
   <div class='ocr_carea' id='block_1_88' title="bbox 2188 2716 3774 2790">
    <p class='ocr_par' dir='ltr' id='par_1_88' title="bbox 2188 2716 3774 2790">
     <span class='ocr_line' id='line_1_88' title="bbox 2188 2716 3774 2790; baseline 0.002 -19"><span class='ocrx_word' id='word_1_608' title='bbox 2188 2725 2243 2771; x_wconf 92' lang='lat' dir='ltr'><strong>ct</strong></span> <span class='ocrx_word' id='word_1_609' title='bbox 2267 2716 2575 2783; x_wconf 76' lang='lat' dir='ltr'><strong>Aureliani,</strong></span> <span class='ocrx_word' id='word_1_610' title='bbox 2623 2719 2712 2788; x_wconf 89' lang='lat' dir='ltr'><strong>qui</strong></span> <span class='ocrx_word' id='word_1_611' title='bbox 2741 2720 2880 2774; x_wconf 91' lang='lat' dir='ltr'><strong>inter</strong></span> <span class='ocrx_word' id='word_1_612' title='bbox 2910 2721 3119 2789; x_wconf 90' lang='lat' dir='ltr'><strong>Imperii</strong></span> <span class='ocrx_word' id='word_1_613' title='bbox 3161 2736 3409 2790; x_wconf 85' lang='lat' dir='ltr'><strong>proceres</strong></span> <span class='ocrx_word' id='word_1_614' title='bbox 3437 2723 3774 2783; x_wconf 88' lang='lat' dir='ltr'><strong>eminebant,</strong></span> 
     </span>
    </p>
   </div>
   <div class='ocr_carea' id='block_1_89' title="bbox 2187 2810 3776 2880">
    <p class='ocr_par' dir='ltr' id='par_1_89' title="bbox 2187 2810 3776 2880">
     <span class='ocr_line' id='line_1_89' title="bbox 2187 2810 3776 2880; baseline 0.004 -16"><span class='ocrx_word' id='word_1_615' title='bbox 2187 2810 2358 2880; x_wconf 85' lang='lat' dir='ltr'><strong>capita</strong></span> <span class='ocrx_word' id='word_1_616' title='bbox 2398 2810 2746 2880; x_wconf 88' lang='lat' dir='ltr'><strong>deposceret,</strong></span> <span class='ocrx_word' id='word_1_617' title='bbox 2792 2828 2890 2867; x_wconf 91' lang='lat' dir='ltr'><strong>nec</strong></span> <span class='ocrx_word' id='word_1_618' title='bbox 2931 2814 3033 2869; x_wconf 88' lang='lat' dir='ltr'><strong>ttisi</strong></span> <span class='ocrx_word' id='word_1_619' title='bbox 3074 2814 3175 2869; x_wconf 87' lang='lat' dir='ltr'><strong>hac</strong></span> <span class='ocrx_word' id='word_1_620' title='bbox 3201 2815 3510 2871; x_wconf 88' lang='lat' dir='ltr'><strong>conditione</strong></span> <span class='ocrx_word' id='word_1_621' title='bbox 3535 2830 3594 2870; x_wconf 92' lang='lat' dir='ltr'><strong>se</strong></span> <span class='ocrx_word' id='word_1_622' title='bbox 3622 2831 3776 2870; x_wconf 87' lang='lat' dir='ltr'><strong>arma</strong></span> 
     </span>
    </p>
   </div>
   <div class='ocr_carea' id='block_1_90' title="bbox 2190 2899 3005 2969">
    <p class='ocr_par' dir='ltr' id='par_1_90' title="bbox 2190 2899 3005 2969">
     <span class='ocr_line' id='line_1_90' title="bbox 2190 2899 3005 2969; baseline 0.01 -21"><span class='ocrx_word' id='word_1_623' title='bbox 2190 2899 2483 2969; x_wconf 89' lang='lat' dir='ltr'><strong>positurum</strong></span> <span class='ocrx_word' id='word_1_624' title='bbox 2511 2915 2630 2955; x_wconf 88' lang='lat' dir='ltr'><strong>esse</strong></span> <span class='ocrx_word' id='word_1_625' title='bbox 2651 2902 3005 2957; x_wconf 89' lang='lat' dir='ltr'><strong>minitaretur.</strong></span> 
     </span>
    </p>
   </div>
   <div class='ocr_carea' id='block_1_91' title="bbox 2260 2992 3776 3066">
    <p class='ocr_par' dir='ltr' id='par_1_91' title="bbox 2260 2992 3776 3066">
     <span class='ocr_line' id='line_1_91' title="bbox 2260 2992 3776 3066; baseline 0.004 -20"><span class='ocrx_word' id='word_1_626' title='bbox 2260 2992 2567 3046; x_wconf 85' lang='lat' dir='ltr'><strong>Saturninus</strong></span> <span class='ocrx_word' id='word_1_627' title='bbox 2594 3005 2640 3046; x_wconf 88' lang='lat' dir='ltr'><strong>et</strong></span> <span class='ocrx_word' id='word_1_628' title='bbox 2666 2994 2967 3048; x_wconf 83' lang='lat' dir='ltr'><strong>Aurelianus</strong></span> <span class='ocrx_word' id='word_1_629' title='bbox 2991 2995 3042 3050; x_wconf 89' lang='lat' dir='ltr'><strong>in</strong></span> <span class='ocrx_word' id='word_1_630' title='bbox 3062 2996 3295 3050; x_wconf 72' lang='lat' dir='ltr'><strong>exsilium</strong></span> <span class='ocrx_word' id='word_1_631' title='bbox 3339 2996 3492 3066; x_wconf 86' lang='lat' dir='ltr'><strong>pulsi.</strong></span> <span class='ocrx_word' id='word_1_632' title='bbox 3514 3025 3586 3037; x_wconf 89' lang='lat'><strong>—</strong></span> <span class='ocrx_word' id='word_1_633' title='bbox 3605 2997 3776 3052; x_wconf 77' lang='lat' dir='ltr'><strong>Arca-</strong></span> 
     </span>
    </p>
   </div>
   <div class='ocr_carea' id='block_1_92' title="bbox 2187 3082 3778 3159">
    <p class='ocr_par' dir='ltr' id='par_1_92' title="bbox 2187 3082 3778 3159">
     <span class='ocr_line' id='line_1_92' title="bbox 2187 3082 3778 3159; baseline 0.006 -22"><span class='ocrx_word' id='word_1_634' title='bbox 2187 3082 2305 3137; x_wconf 89' lang='lat' dir='ltr'><strong>dius</strong></span> <span class='ocrx_word' id='word_1_635' title='bbox 2331 3098 2458 3137; x_wconf 83' lang='lat' dir='ltr'><strong>vero</strong></span> <span class='ocrx_word' id='word_1_636' title='bbox 2481 3084 2794 3153; x_wconf 80' lang='lat' dir='ltr'><strong>Imperator,</strong></span> <span class='ocrx_word' id='word_1_637' title='bbox 2818 3088 2908 3157; x_wconf 88' lang='lat' dir='ltr'><strong>qui</strong></span> <span class='ocrx_word' id='word_1_638' title='bbox 2931 3087 2999 3143; x_wconf 92' lang='lat' dir='ltr'><strong>ob</strong></span> <span class='ocrx_word' id='word_1_639' title='bbox 3021 3088 3260 3143; x_wconf 91' lang='lat' dir='ltr'><strong>inertiam</strong></span> <span class='ocrx_word' id='word_1_640' title='bbox 3284 3099 3588 3159; x_wconf 90' lang='lat' dir='ltr'><strong>metumque</strong></span> <span class='ocrx_word' id='word_1_641' title='bbox 3605 3091 3778 3147; x_wconf 82' lang='lat' dir='ltr'><strong>cuivis</strong></span> 
     </span>
    </p>
   </div>
   <div class='ocr_carea' id='block_1_93' title="bbox 2191 3174 3773 3251">
    <p class='ocr_par' dir='ltr' id='par_1_93' title="bbox 2191 3174 3773 3251">
     <span class='ocr_line' id='line_1_93' title="bbox 2191 3174 3773 3251; baseline 0.005 -24"><span class='ocrx_word' id='word_1_642' title='bbox 2191 3174 2398 3243; x_wconf 68' lang='lat' dir='ltr'><strong>injuria}</strong></span> <span class='ocrx_word' id='word_1_643' title='bbox 2427 3185 2758 3244; x_wconf 89' lang='lat' dir='ltr'><strong>opportunus</strong></span> <span class='ocrx_word' id='word_1_644' title='bbox 2801 3186 2945 3243; x_wconf 90' lang='lat' dir='ltr'><strong>erat,</strong></span> <span class='ocrx_word' id='word_1_645' title='bbox 2979 3194 3091 3233; x_wconf 91' lang='lat' dir='ltr'><strong>rem</strong></span> <span class='ocrx_word' id='word_1_646' title='bbox 3136 3180 3473 3249; x_wconf 82' lang='lat' dir='ltr'><strong>quantumvis</strong></span> <span class='ocrx_word' id='word_1_647' title='bbox 3501 3181 3773 3251; x_wconf 84' lang='lat' dir='ltr'><strong>indignam</strong></span> 
     </span>
    </p>
   </div>
   <div class='ocr_carea' id='block_1_94' title="bbox 2187 3265 3778 3337">
    <p class='ocr_par' dir='ltr' id='par_1_94' title="bbox 2187 3265 3778 3337">
     <span class='ocr_line' id='line_1_94' title="bbox 2187 3265 3778 3337; baseline 0.004 -17"><span class='ocrx_word' id='word_1_648' title='bbox 2187 3265 2451 3337; x_wconf 80' lang='lat' dir='ltr'><strong>denegare</strong></span> <span class='ocrx_word' id='word_1_649' title='bbox 2478 3282 2580 3321; x_wconf 88' lang='lat' dir='ltr'><strong>non</strong></span> <span class='ocrx_word' id='word_1_650' title='bbox 2611 3283 2792 3331; x_wconf 89' lang='lat' dir='ltr'><strong>ausus,</strong></span> <span class='ocrx_word' id='word_1_651' title='bbox 2817 3277 2992 3324; x_wconf 86' lang='lat' dir='ltr'><strong>tantos</strong></span> <span class='ocrx_word' id='word_1_652' title='bbox 3017 3271 3159 3325; x_wconf 90' lang='lat' dir='ltr'><strong>viros</strong></span> <span class='ocrx_word' id='word_1_653' title='bbox 3185 3270 3251 3324; x_wconf 90' lang='lat' dir='ltr'><strong>ad</strong></span> <span class='ocrx_word' id='word_1_654' title='bbox 3277 3288 3459 3326; x_wconf 89' lang='lat' dir='ltr'><strong>necem</strong></span> <span class='ocrx_word' id='word_1_655' title='bbox 3484 3270 3778 3327; x_wconf 84' lang='lat' dir='ltr'><strong>traditurus</strong></span> 
     </span>
    </p>
   </div>
   <div class='ocr_carea' id='block_1_95' title="bbox 2189 3357 3774 3429">
    <p class='ocr_par' dir='ltr' id='par_1_95' title="bbox 2189 3357 3774 3429">
     <span class='ocr_line' id='line_1_95' title="bbox 2189 3357 3774 3429; baseline 0.004 -19"><span class='ocrx_word' id='word_1_656' title='bbox 2189 3367 2324 3422; x_wconf 88' lang='lat' dir='ltr'><strong>crat,</strong></span> <span class='ocrx_word' id='word_1_657' title='bbox 2361 3358 2461 3410; x_wconf 89' lang='lat' dir='ltr'><strong>nisi</strong></span> <span class='ocrx_word' id='word_1_658' title='bbox 2492 3357 2904 3429; x_wconf 80' lang='lat' dir='ltr'><strong>Clirysostomus</strong></span> <span class='ocrx_word' id='word_1_659' title='bbox 2926 3399 2942 3423; x_wconf 87' lang='lat'><strong>,</strong></span> <span class='ocrx_word' id='word_1_660' title='bbox 2982 3369 3162 3428; x_wconf 88' lang='lat' dir='ltr'><strong>utpote</strong></span> <span class='ocrx_word' id='word_1_661' title='bbox 3193 3361 3492 3416; x_wconf 84' lang='lat' dir='ltr'><strong>communis</strong></span> <span class='ocrx_word' id='word_1_662' title='bbox 3532 3362 3774 3416; x_wconf 89' lang='lat' dir='ltr'><strong>omnium</strong></span> 
     </span>
    </p>
   </div>
   <div class='ocr_carea' id='block_1_96' title="bbox 2191 3448 3774 3522">
    <p class='ocr_par' dir='ltr' id='par_1_96' title="bbox 2191 3448 3774 3522">
     <span class='ocr_line' id='line_1_96' title="bbox 2191 3448 3774 3522; baseline 0.004 -23"><span class='ocrx_word' id='word_1_663' title='bbox 2191 3458 2363 3514; x_wconf 83' lang='lat' dir='ltr'><strong>pater,</strong></span> <span class='ocrx_word' id='word_1_664' title='bbox 2398 3448 2474 3502; x_wconf 89' lang='lat' dir='ltr'><strong>sic</strong></span> <span class='ocrx_word' id='word_1_665' title='bbox 2506 3449 2623 3512; x_wconf 90' lang='lat' dir='ltr'><strong>ille,</strong></span> <span class='ocrx_word' id='word_1_666' title='bbox 2652 3448 2872 3503; x_wconf 84' lang='lat' dir='ltr'><strong>Gaiuain</strong></span> <span class='ocrx_word' id='word_1_667' title='bbox 2906 3449 3144 3516; x_wconf 83' lang='lat' dir='ltr'><strong>adiisset,</strong></span> <span class='ocrx_word' id='word_1_668' title='bbox 3176 3451 3502 3506; x_wconf 83' lang='lat' dir='ltr'><strong>obambulans</strong></span> <span class='ocrx_word' id='word_1_669' title='bbox 3524 3493 3539 3517; x_wconf 91' lang='lat'><strong>,</strong></span> <span class='ocrx_word' id='word_1_670' title='bbox 3566 3453 3774 3522; x_wconf 86' lang='lat' dir='ltr'><strong>inquit,</strong></span> 
     </span>
    </p>
   </div>
   <div class='ocr_carea' id='block_1_97' title="bbox 2187 3538 3779 3611">
    <p class='ocr_par' dir='ltr' id='par_1_97' title="bbox 2187 3538 3779 3611">
     <span class='ocr_line' id='line_1_97' title="bbox 2187 3538 3779 3611; baseline 0.005 -22"><span class='ocrx_word' id='word_1_671' title='bbox 2187 3538 2488 3603; x_wconf 67' lang='lat' dir='ltr'><strong>exhortans,</strong></span> <span class='ocrx_word' id='word_1_672' title='bbox 2519 3539 2804 3605; x_wconf 77' lang='lat' dir='ltr'><strong>obtestans,</strong></span> <span class='ocrx_word' id='word_1_673' title='bbox 2835 3542 3159 3611; x_wconf 84' lang='lat' dir='ltr'><strong>supplicans,</strong></span> <span class='ocrx_word' id='word_1_674' title='bbox 3203 3552 3260 3595; x_wconf 87' lang='lat' dir='ltr'><strong>ut</strong></span> <span class='ocrx_word' id='word_1_675' title='bbox 3301 3559 3333 3595; x_wconf 90' lang='lat' dir='ltr'><strong>a</strong></span> <span class='ocrx_word' id='word_1_676' title='bbox 3361 3542 3579 3597; x_wconf 85' lang='lat' dir='ltr'><strong>dominis</strong></span> <span class='ocrx_word' id='word_1_677' title='bbox 3603 3560 3664 3597; x_wconf 88' lang='lat' dir='ltr'><strong>ea</strong></span> <span class='ocrx_word' id='word_1_678' title='bbox 3687 3561 3779 3597; x_wconf 80' lang='lat' dir='ltr'><strong>ra-</strong></span> 
     </span>
    </p>
   </div>
   <div class='ocr_carea' id='block_1_98' title="bbox 2190 3626 3773 3702">
    <p class='ocr_par' dir='ltr' id='par_1_98' title="bbox 2190 3626 3773 3702">
     <span class='ocr_line' id='line_1_98' title="bbox 2190 3626 3773 3702; baseline 0.006 -23"><span class='ocrx_word' id='word_1_679' title='bbox 2190 3626 2390 3681; x_wconf 90' lang='lat' dir='ltr'><strong>lamitas</strong></span> <span class='ocrx_word' id='word_1_680' title='bbox 2427 3629 2796 3698; x_wconf 82' lang='lat' dir='ltr'><strong>depelleretur;</strong></span> <span class='ocrx_word' id='word_1_681' title='bbox 2836 3631 2993 3701; x_wconf 88' lang='lat' dir='ltr'><strong>idque</strong></span> <span class='ocrx_word' id='word_1_682' title='bbox 3032 3632 3245 3686; x_wconf 88' lang='lat' dir='ltr'><strong>demum</strong></span> <span class='ocrx_word' id='word_1_683' title='bbox 3276 3648 3305 3686; x_wconf 91' lang='lat' dir='ltr'><strong>a</strong></span> <span class='ocrx_word' id='word_1_684' title='bbox 3332 3633 3559 3687; x_wconf 88' lang='lat' dir='ltr'><strong>barbaro</strong></span> <span class='ocrx_word' id='word_1_685' title='bbox 3603 3635 3773 3702; x_wconf 81' lang='lat' dir='ltr'><strong>impe-</strong></span> 
     </span>
    </p>
   </div>
   <div class='ocr_carea' id='block_1_99' title="bbox 2191 3720 3777 3791">
    <p class='ocr_par' dir='ltr' id='par_1_99' title="bbox 2191 3720 3777 3791">
     <span class='ocr_line' id='line_1_99' title="bbox 2191 3720 3777 3791; baseline 0.006 -21"><span class='ocrx_word' id='word_1_686' title='bbox 2191 3726 2417 3791; x_wconf 77' lang='lat' dir='ltr'><strong>trasset,</strong></span> <span class='ocrx_word' id='word_1_687' title='bbox 2450 3730 2507 3772; x_wconf 91' lang='lat' dir='ltr'><strong>ut</strong></span> <span class='ocrx_word' id='word_1_688' title='bbox 2527 3720 2653 3775; x_wconf 85' lang='lat' dir='ltr'><strong>satis</strong></span> <span class='ocrx_word' id='word_1_689' title='bbox 2680 3721 2927 3786; x_wconf 77' lang='lat' dir='ltr'><strong>haberet,</strong></span> <span class='ocrx_word' id='word_1_690' title='bbox 2958 3722 3000 3776; x_wconf 90' lang='lat' dir='ltr'><strong>si</strong></span> <span class='ocrx_word' id='word_1_691' title='bbox 3034 3721 3349 3777; x_wconf 88' lang='lat' dir='ltr'><strong>Saturninus</strong></span> <span class='ocrx_word' id='word_1_692' title='bbox 3371 3732 3426 3778; x_wconf 86' lang='lat' dir='ltr'><strong>et</strong></span> <span class='ocrx_word' id='word_1_693' title='bbox 3454 3723 3777 3779; x_wconf 82' lang='lat' dir='ltr'><strong>Aurelianus</strong></span> 
     </span>
    </p>
   </div>
   <div class='ocr_carea' id='block_1_100' title="bbox 2190 3809 2901 3867">
    <p class='ocr_par' dir='ltr' id='par_1_100' title="bbox 2190 3809 2901 3867">
     <span class='ocr_line' id='line_1_100' title="bbox 2190 3809 2901 3867; baseline 0.007 -5"><span class='ocrx_word' id='word_1_694' title='bbox 2190 3809 2241 3862; x_wconf 90' lang='lat' dir='ltr'><strong>iu</strong></span> <span class='ocrx_word' id='word_1_695' title='bbox 2270 3811 2513 3864; x_wconf 82' lang='lat' dir='ltr'><strong>exsilium</strong></span> <span class='ocrx_word' id='word_1_696' title='bbox 2543 3812 2901 3867; x_wconf 90' lang='lat' dir='ltr'><strong>mitterentur.</strong></span> 
     </span>
    </p>
   </div>
   <div class='ocr_carea' id='block_1_101' title="bbox 2260 3890 3774 3978">
    <p class='ocr_par' dir='ltr' id='par_1_101' title="bbox 2260 3890 3774 3978">
     <span class='ocr_line' id='line_1_101' title="bbox 2260 3890 3774 3978; baseline 0.007 -24"><span class='ocrx_word' id='word_1_697' title='bbox 2260 3900 2315 3954; x_wconf 86' lang='lat' dir='ltr'><strong>ld</strong></span> <span class='ocrx_word' id='word_1_698' title='bbox 2343 3917 2470 3956; x_wconf 87' lang='lat' dir='ltr'><strong>vero</strong></span> <span class='ocrx_word' id='word_1_699' title='bbox 2498 3901 2693 3956; x_wconf 90' lang='lat' dir='ltr'><strong>accidit</strong></span> <span class='ocrx_word' id='word_1_700' title='bbox 2725 3919 2867 3958; x_wconf 91' lang='lat' dir='ltr'><strong>anno</strong></span> <span class='ocrx_word' id='word_1_701' title='bbox 2910 3904 3126 3959; x_wconf 87' lang='lat' dir='ltr'><strong>ineunte</strong></span> <span class='ocrx_word' id='word_1_702' title='bbox 3162 3905 3267 3961; x_wconf 68' lang='grc'><strong>400</strong></span> <span class='ocrx_word' id='word_1_703' title='bbox 3292 3924 3304 3960; x_wconf 91' lang='lat'><strong>:</strong></span> <span class='ocrx_word' id='word_1_704' title='bbox 3329 3890 3435 3977; x_wconf 45' lang='lat' dir='ltr'><strong>q&#39;no</strong></span> <span class='ocrx_word' id='word_1_705' title='bbox 3463 3908 3636 3978; x_wconf 88' lang='lat' dir='ltr'><strong>posito</strong></span> <span class='ocrx_word' id='word_1_706' title='bbox 3663 3909 3774 3963; x_wconf 73' lang='lat' dir='ltr'><strong>Cul-</strong></span> 
     </span>
    </p>
   </div>
   <div class='ocr_carea' id='block_1_102' title="bbox 2186 3994 3773 4070">
    <p class='ocr_par' dir='ltr' id='par_1_102' title="bbox 2186 3994 3773 4070">
     <span class='ocr_line' id='line_1_102' title="bbox 2186 3994 3773 4070; baseline 0.009 -26"><span class='ocrx_word' id='word_1_707' title='bbox 2186 3994 2307 4045; x_wconf 87' lang='lat' dir='ltr'><strong>eulo</strong></span> <span class='ocrx_word' id='word_1_708' title='bbox 2328 4008 2388 4048; x_wconf 91' lang='lat' dir='ltr'><strong>ea</strong></span> <span class='ocrx_word' id='word_1_709' title='bbox 2411 4009 2529 4063; x_wconf 68' lang='lat' dir='ltr'><strong>qua:</strong></span> <span class='ocrx_word' id='word_1_710' title='bbox 2553 3996 2855 4063; x_wconf 71' lang='lat' dir='ltr'><strong>prmcedunt</strong></span> <span class='ocrx_word' id='word_1_711' title='bbox 2878 4006 2931 4051; x_wconf 92' lang='lat' dir='ltr'><strong>et</strong></span> <span class='ocrx_word' id='word_1_712' title='bbox 2950 4014 3069 4067; x_wconf 77' lang='lat' dir='ltr'><strong>qua:</strong></span> <span class='ocrx_word' id='word_1_713' title='bbox 3088 3999 3483 4070; x_wconf 83' lang='lat' dir='ltr'><strong>subsequuntur</strong></span> <span class='ocrx_word' id='word_1_714' title='bbox 3503 4012 3773 4062; x_wconf 81' lang='lat' dir='ltr'><strong>constare.</strong></span> 
     </span>
    </p>
   </div>
   <div class='ocr_carea' id='block_1_103' title="bbox 2186 4084 3777 4160">
    <p class='ocr_par' dir='ltr' id='par_1_103' title="bbox 2186 4084 3777 4160">
     <span class='ocr_line' id='line_1_103' title="bbox 2186 4084 3777 4160; baseline 0.005 -22"><span class='ocrx_word' id='word_1_715' title='bbox 2186 4094 2240 4139; x_wconf 90' lang='lat' dir='ltr'><strong>et</strong></span> <span class='ocrx_word' id='word_1_716' title='bbox 2270 4084 2443 4140; x_wconf 89' lang='lat' dir='ltr'><strong>locum</strong></span> <span class='ocrx_word' id='word_1_717' title='bbox 2487 4095 2798 4157; x_wconf 88' lang='lat' dir='ltr'><strong>tempusque</strong></span> <span class='ocrx_word' id='word_1_718' title='bbox 2838 4103 2990 4143; x_wconf 89' lang='lat' dir='ltr'><strong>suum</strong></span> <span class='ocrx_word' id='word_1_719' title='bbox 3039 4105 3301 4160; x_wconf 82' lang='lat' dir='ltr'><strong>occupare</strong></span> <span class='ocrx_word' id='word_1_720' title='bbox 3346 4092 3609 4145; x_wconf 83' lang='lat' dir='ltr'><strong>videntur.</strong></span> <span class='ocrx_word' id='word_1_721' title='bbox 3662 4093 3777 4146; x_wconf 80' lang='lat' dir='ltr'><strong>lloe</strong></span> 
     </span>
    </p>
   </div>
   <div class='ocr_carea' id='block_1_104' title="bbox 2186 4163 3771 4253">
    <p class='ocr_par' dir='ltr' id='par_1_104' title="bbox 2186 4163 3771 4253">
     <span class='ocr_line' id='line_1_104' title="bbox 2186 4163 3771 4253; baseline 0.004 -25"><span class='ocrx_word' id='word_1_722' title='bbox 2186 4184 2363 4229; x_wconf 88' lang='lat' dir='ltr'><strong>autem</strong></span> <span class='ocrx_word' id='word_1_723' title='bbox 2404 4186 2619 4243; x_wconf 88' lang='lat' dir='ltr'><strong>peracto</strong></span> <span class='ocrx_word' id='word_1_724' title='bbox 2657 4163 2868 4247; x_wconf 83' lang='lat' dir='ltr'><strong>negotio</strong></span> <span class='ocrx_word' id='word_1_725' title='bbox 2896 4180 3204 4234; x_wconf 83' lang='lat' dir='ltr'><strong>concioaem</strong></span> <span class='ocrx_word' id='word_1_726' title='bbox 3243 4180 3426 4235; x_wconf 89' lang='lat' dir='ltr'><strong>habuit</strong></span> <span class='ocrx_word' id='word_1_727' title='bbox 3449 4180 3771 4253; x_wconf 79' lang='lat' dir='ltr'><strong>Cltrysosm-</strong></span> 
     </span>
    </p>
   </div>
   <div class='ocr_carea' id='block_1_105' title="bbox 2188 4267 3778 4341">
    <p class='ocr_par' dir='ltr' id='par_1_105' title="bbox 2188 4267 3778 4341">
     <span class='ocr_line' id='line_1_105' title="bbox 2188 4267 3778 4341; baseline 0.004 -21"><span class='ocrx_word' id='word_1_728' title='bbox 2188 4282 2326 4333; x_wconf 88' lang='lat' dir='ltr'><strong>mus,</strong></span> <span class='ocrx_word' id='word_1_729' title='bbox 2357 4268 2446 4322; x_wconf 88' lang='lat' dir='ltr'><strong>ubi</strong></span> <span class='ocrx_word' id='word_1_730' title='bbox 2474 4268 2539 4323; x_wconf 90' lang='lat' dir='ltr'><strong>de</strong></span> <span class='ocrx_word' id='word_1_731' title='bbox 2571 4267 3158 4341; x_wconf 87' lang='lat' dir='ltr'><strong>Constantinopolitano</strong></span> <span class='ocrx_word' id='word_1_732' title='bbox 3200 4274 3447 4338; x_wconf 84' lang='lat' dir='ltr'><strong>tumultu,</strong></span> <span class='ocrx_word' id='word_1_733' title='bbox 3478 4275 3547 4329; x_wconf 89' lang='lat' dir='ltr'><strong>de</strong></span> <span class='ocrx_word' id='word_1_734' title='bbox 3571 4276 3778 4335; x_wconf 84' lang='lat' dir='ltr'><strong>vicissi-</strong></span> 
     </span>
    </p>
   </div>
   <div class='ocr_carea' id='block_1_106' title="bbox 2190 4358 3775 4433">
    <p class='ocr_par' dir='ltr' id='par_1_106' title="bbox 2190 4358 3775 4433">
     <span class='ocr_line' id='line_1_106' title="bbox 2190 4358 3775 4433; baseline 0.005 -23"><span class='ocrx_word' id='word_1_735' title='bbox 2190 4359 2372 4413; x_wconf 88' lang='lat' dir='ltr'><strong>tudine</strong></span> <span class='ocrx_word' id='word_1_736' title='bbox 2399 4358 2747 4415; x_wconf 86' lang='lat' dir='ltr'><strong>Itumauarum</strong></span> <span class='ocrx_word' id='word_1_737' title='bbox 2774 4377 2951 4416; x_wconf 89' lang='lat' dir='ltr'><strong>rerum</strong></span> <span class='ocrx_word' id='word_1_738' title='bbox 2981 4363 3107 4433; x_wconf 80' lang='lat' dir='ltr'><strong>agit.</strong></span> <span class='ocrx_word' id='word_1_739' title='bbox 3141 4360 3348 4429; x_wconf 84' lang='lat' dir='ltr'><strong>Omnia,</strong></span> <span class='ocrx_word' id='word_1_740' title='bbox 3375 4366 3566 4431; x_wconf 90' lang='lat' dir='ltr'><strong>inquit,</strong></span> <span class='ocrx_word' id='word_1_741' title='bbox 3595 4370 3775 4420; x_wconf 77' lang='lat' dir='ltr'><strong>turba—</strong></span> 
     </span>
    </p>
   </div>
   <div class='ocr_carea' id='block_1_107' title="bbox 2185 4452 3777 4526">
    <p class='ocr_par' dir='ltr' id='par_1_107' title="bbox 2185 4452 3777 4526">
     <span class='ocr_line' id='line_1_107' title="bbox 2185 4452 3777 4526; baseline 0.004 -22"><span class='ocrx_word' id='word_1_742' title='bbox 2185 4466 2296 4504; x_wconf 85' lang='lat' dir='ltr'><strong>rum</strong></span> <span class='ocrx_word' id='word_1_743' title='bbox 2324 4466 2385 4502; x_wconf 90' lang='lat' dir='ltr'><strong>ac</strong></span> <span class='ocrx_word' id='word_1_744' title='bbox 2413 4452 2720 4504; x_wconf 88' lang='lat' dir='ltr'><strong>tumultuum</strong></span> <span class='ocrx_word' id='word_1_745' title='bbox 2754 4453 2903 4522; x_wconf 86' lang='lat' dir='ltr'><strong>plena</strong></span> <span class='ocrx_word' id='word_1_746' title='bbox 2938 4465 3086 4517; x_wconf 87' lang='lat' dir='ltr'><strong>sunt,</strong></span> <span class='ocrx_word' id='word_1_747' title='bbox 3129 4453 3298 4508; x_wconf 87' lang='lat' dir='ltr'><strong>omnia</strong></span> <span class='ocrx_word' id='word_1_748' title='bbox 3327 4454 3523 4522; x_wconf 87' lang='lat' dir='ltr'><strong>scopuli</strong></span> <span class='ocrx_word' id='word_1_749' title='bbox 3549 4473 3611 4510; x_wconf 88' lang='lat' dir='ltr'><strong>ac</strong></span> <span class='ocrx_word' id='word_1_750' title='bbox 3641 4474 3777 4526; x_wconf 72' lang='lat' dir='ltr'><strong>prir-</strong></span> 
     </span>
    </p>
   </div>
   <div class='ocr_carea' id='block_1_108' title="bbox 2186 4542 3772 4615">
    <p class='ocr_par' dir='ltr' id='par_1_108' title="bbox 2186 4542 3772 4615">
     <span class='ocr_line' id='line_1_108' title="bbox 2186 4542 3772 4615; baseline 0.007 -22"><span class='ocrx_word' id='word_1_751' title='bbox 2186 4542 2381 4609; x_wconf 89' lang='lat' dir='ltr'><strong>cipitia,</strong></span> <span class='ocrx_word' id='word_1_752' title='bbox 2410 4544 2579 4596; x_wconf 86' lang='lat' dir='ltr'><strong>omnia</strong></span> <span class='ocrx_word' id='word_1_753' title='bbox 2604 4561 2753 4615; x_wconf 76' lang='lat' dir='ltr'><strong>rupes</strong></span> <span class='ocrx_word' id='word_1_754' title='bbox 2779 4545 2871 4598; x_wconf 88' lang='lat' dir='ltr'><strong>sub</strong></span> <span class='ocrx_word' id='word_1_755' title='bbox 2898 4547 3043 4613; x_wconf 86' lang='lat' dir='ltr'><strong>aquis</strong></span> <span class='ocrx_word' id='word_1_756' title='bbox 3063 4547 3273 4602; x_wconf 78' lang='lat' dir='ltr'><strong>latentes</strong></span> <span class='ocrx_word' id='word_1_757' title='bbox 3294 4562 3313 4602; x_wconf 91' lang='lat'><strong><em>:</em></strong></span> <span class='ocrx_word' id='word_1_758' title='bbox 3334 4550 3505 4603; x_wconf 87' lang='lat' dir='ltr'><strong>omnia</strong></span> <span class='ocrx_word' id='word_1_759' title='bbox 3533 4561 3772 4615; x_wconf 86' lang='lat' dir='ltr'><strong>terrores,</strong></span> 
     </span>
    </p>
   </div>
   <div class='ocr_carea' id='block_1_109' title="bbox 2185 4632 3773 4711">
    <p class='ocr_par' dir='ltr' id='par_1_109' title="bbox 2185 4632 3773 4711">
     <span class='ocr_line' id='line_1_109' title="bbox 2185 4632 3773 4711; baseline 0.006 -27"><span class='ocrx_word' id='word_1_760' title='bbox 2185 4632 2499 4696; x_wconf 85' lang='lat' dir='ltr'><strong>discrimina,</strong></span> <span class='ocrx_word' id='word_1_761' title='bbox 2547 4637 2877 4706; x_wconf 83' lang='lat' dir='ltr'><strong>suspiciones,</strong></span> <span class='ocrx_word' id='word_1_762' title='bbox 2914 4648 3183 4704; x_wconf 83' lang='lat' dir='ltr'><strong>tremores,</strong></span> <span class='ocrx_word' id='word_1_763' title='bbox 3229 4650 3275 4693; x_wconf 88' lang='lat' dir='ltr'><strong>et</strong></span> <span class='ocrx_word' id='word_1_764' title='bbox 3317 4657 3550 4711; x_wconf 85' lang='lat' dir='ltr'><strong>angores.</strong></span> <span class='ocrx_word' id='word_1_765' title='bbox 3601 4638 3773 4695; x_wconf 85' lang='lat' dir='ltr'><strong>Nemo</strong></span> 
     </span>
    </p>
   </div>
   <div class='ocr_carea' id='block_1_110' title="bbox 2185 4726 3774 4798">
    <p class='ocr_par' dir='ltr' id='par_1_110' title="bbox 2185 4726 3774 4798">
     <span class='ocr_line' id='line_1_110' title="bbox 2185 4726 3774 4798; baseline 0.006 -23"><span class='ocrx_word' id='word_1_766' title='bbox 2185 4726 2419 4794; x_wconf 87' lang='lat' dir='ltr'><strong>cuiquam</strong></span> <span class='ocrx_word' id='word_1_767' title='bbox 2463 4726 2594 4793; x_wconf 82' lang='lat' dir='ltr'><strong>fidit,</strong></span> <span class='ocrx_word' id='word_1_768' title='bbox 2614 4765 2627 4779; x_wconf 97' lang='lat'><strong>.</strong></span> <span class='ocrx_word' id='word_1_769' title='bbox 2648 4765 2661 4779; x_wconf 96' lang='lat'><strong>.</strong></span> <span class='ocrx_word' id='word_1_770' title='bbox 2682 4767 2695 4778; x_wconf 92' lang='lat'><strong>.</strong></span> <span class='ocrx_word' id='word_1_771' title='bbox 2712 4767 2727 4780; x_wconf 95' lang='lat'><strong>.</strong></span> <span class='ocrx_word' id='word_1_772' title='bbox 2746 4767 2760 4781; x_wconf 94' lang='lat'><strong>.</strong></span> <span class='ocrx_word' id='word_1_773' title='bbox 2807 4745 2906 4783; x_wconf 87' lang='lat' dir='ltr'><strong>non</strong></span> <span class='ocrx_word' id='word_1_774' title='bbox 2943 4739 3016 4783; x_wconf 85' lang='lat' dir='ltr'><strong>est</strong></span> <span class='ocrx_word' id='word_1_775' title='bbox 3057 4726 3246 4785; x_wconf 87' lang='lat' dir='ltr'><strong>amicus</strong></span> <span class='ocrx_word' id='word_1_776' title='bbox 3282 4740 3417 4783; x_wconf 89' lang='lat' dir='ltr'><strong>tutus</strong></span> <span class='ocrx_word' id='word_1_777' title='bbox 3438 4771 3456 4797; x_wconf 91' lang='lat'><strong>,</strong></span> <span class='ocrx_word' id='word_1_778' title='bbox 3483 4747 3582 4784; x_wconf 84' lang='lat' dir='ltr'><strong>non</strong></span> <span class='ocrx_word' id='word_1_779' title='bbox 3610 4731 3774 4798; x_wconf 79' lang='lat' dir='ltr'><strong>frater</strong></span> 
     </span>
    </p>
   </div>
   <div class='ocr_carea' id='block_1_111' title="bbox 2187 4815 3775 4886">
    <p class='ocr_par' dir='ltr' id='par_1_111' title="bbox 2187 4815 3775 4886">
     <span class='ocr_line' id='line_1_111' title="bbox 2187 4815 3775 4886; baseline 0.008 -21"><span class='ocrx_word' id='word_1_780' title='bbox 2187 4815 2381 4879; x_wconf 84' lang='lat' dir='ltr'><strong>ﬁrmus.</strong></span> <span class='ocrx_word' id='word_1_781' title='bbox 2430 4815 2699 4871; x_wconf 89' lang='lat' dir='ltr'><strong>Sublatum</strong></span> <span class='ocrx_word' id='word_1_782' title='bbox 2747 4828 2818 4873; x_wconf 85' lang='lat' dir='ltr'><strong>est</strong></span> <span class='ocrx_word' id='word_1_783' title='bbox 2871 4821 3097 4874; x_wconf 87' lang='lat' dir='ltr'><strong>caritatis</strong></span> <span class='ocrx_word' id='word_1_784' title='bbox 3140 4821 3354 4886; x_wconf 88' lang='lat' dir='ltr'><strong>bonum,</strong></span> <span class='ocrx_word' id='word_1_785' title='bbox 3403 4818 3546 4877; x_wconf 78' lang='lat' dir='ltr'><strong>ciuile</strong></span> <span class='ocrx_word' id='word_1_786' title='bbox 3586 4821 3775 4877; x_wconf 78' lang='lat' dir='ltr'><strong>bellant</strong></span> 
     </span>
    </p>
   </div>
   <div class='ocr_carea' id='block_1_112' title="bbox 2185 4913 3773 4985">
    <p class='ocr_par' dir='ltr' id='par_1_112' title="bbox 2185 4913 3773 4985">
     <span class='ocr_line' id='line_1_112' title="bbox 2185 4913 3773 4985; baseline 0.006 -24"><span class='ocrx_word' id='word_1_787' title='bbox 2185 4920 2398 4981; x_wconf 79' lang='lat' dir='ltr'><strong>occupat</strong></span> <span class='ocrx_word' id='word_1_788' title='bbox 2430 4913 2627 4975; x_wconf 86' lang='lat' dir='ltr'><strong>omnia,</strong></span> <span class='ocrx_word' id='word_1_789' title='bbox 2656 4913 2797 4965; x_wconf 83' lang='lat' dir='ltr'><strong>civile</strong></span> <span class='ocrx_word' id='word_1_790' title='bbox 2818 4954 2833 4980; x_wconf 94' lang='lat'><strong>,</strong></span> <span class='ocrx_word' id='word_1_791' title='bbox 2863 4924 2909 4966; x_wconf 87' lang='lat' dir='ltr'><strong>et</strong></span> <span class='ocrx_word' id='word_1_792' title='bbox 2937 4932 3037 4968; x_wconf 87' lang='lat' dir='ltr'><strong>non</strong></span> <span class='ocrx_word' id='word_1_793' title='bbox 3079 4925 3306 4985; x_wconf 82' lang='lat' dir='ltr'><strong>apertum</strong></span> <span class='ocrx_word' id='word_1_794' title='bbox 3329 4958 3344 4981; x_wconf 92' lang='lat'><strong>,</strong></span> <span class='ocrx_word' id='word_1_795' title='bbox 3374 4917 3462 4970; x_wconf 81' lang='lat' dir='ltr'><strong>sed</strong></span> <span class='ocrx_word' id='word_1_796' title='bbox 3490 4915 3773 4969; x_wconf 73' lang='lat' dir='ltr'><strong>obumbra-</strong></span> 
     </span>
    </p>
   </div>
   <div class='ocr_carea' id='block_1_113' title="bbox 2186 5000 3776 5076">
    <p class='ocr_par' dir='ltr' id='par_1_113' title="bbox 2186 5000 3776 5076">
     <span class='ocr_line' id='line_1_113' title="bbox 2186 5000 3776 5076; baseline 0.007 -23"><span class='ocrx_word' id='word_1_797' title='bbox 2186 5010 2309 5053; x_wconf 89' lang='lat' dir='ltr'><strong>tum.</strong></span> <span class='ocrx_word' id='word_1_798' title='bbox 2342 5000 2631 5058; x_wconf 65' lang='lat' dir='ltr'><strong>Innumerae</strong></span> <span class='ocrx_word' id='word_1_799' title='bbox 2659 5004 2837 5069; x_wconf 87' lang='lat' dir='ltr'><strong>ubique</strong></span> <span class='ocrx_word' id='word_1_800' title='bbox 2873 5007 3056 5069; x_wconf 67' lang='lat' dir='ltr'><strong>lat-rte,</strong></span> <span class='ocrx_word' id='word_1_801' title='bbox 3106 5002 3358 5061; x_wconf 73' lang='lat' dir='ltr'><strong>simulata!</strong></span> <span class='ocrx_word' id='word_1_802' title='bbox 3382 5008 3539 5076; x_wconf 82' lang='lat' dir='ltr'><strong>facies</strong></span> <span class='ocrx_word' id='word_1_803' title='bbox 3565 5025 3587 5062; x_wconf 89' lang='lat'><strong><em>:</em></strong></span> <span class='ocrx_word' id='word_1_804' title='bbox 3614 5009 3776 5063; x_wconf 67' lang='lat' dir='ltr'><strong>multa</strong></span> 
     </span>
    </p>
   </div>
   <div class='ocr_carea' id='block_1_114' title="bbox 2186 5092 3777 5168">
    <p class='ocr_par' dir='ltr' id='par_1_114' title="bbox 2186 5092 3777 5168">
     <span class='ocr_line' id='line_1_114' title="bbox 2186 5092 3777 5168; baseline 0.009 -27"><span class='ocrx_word' id='word_1_805' title='bbox 2186 5092 2347 5142; x_wconf 88' lang='lat' dir='ltr'><strong>ovium</strong></span> <span class='ocrx_word' id='word_1_806' title='bbox 2384 5093 2595 5158; x_wconf 80' lang='lat' dir='ltr'><strong>vellera,</strong></span> <span class='ocrx_word' id='word_1_807' title='bbox 2629 5096 2877 5149; x_wconf 87' lang='lat' dir='ltr'><strong>innumeri</strong></span> <span class='ocrx_word' id='word_1_808' title='bbox 2904 5097 3082 5168; x_wconf 88' lang='lat' dir='ltr'><strong>ubique</strong></span> <span class='ocrx_word' id='word_1_809' title='bbox 3127 5096 3239 5167; x_wconf 89' lang='lat' dir='ltr'><strong>lupi</strong></span> <span class='ocrx_word' id='word_1_810' title='bbox 3263 5095 3352 5153; x_wconf 89' lang='lat' dir='ltr'><strong>sub</strong></span> <span class='ocrx_word' id='word_1_811' title='bbox 3388 5099 3464 5153; x_wconf 90' lang='lat' dir='ltr'><strong>his</strong></span> <span class='ocrx_word' id='word_1_812' title='bbox 3494 5100 3733 5154; x_wconf 88' lang='lat' dir='ltr'><strong>occultati</strong></span> <span class='ocrx_word' id='word_1_813' title='bbox 3757 5116 3777 5155; x_wconf 92' lang='lat'><strong><em>:</em></strong></span> 
     </span>
    </p>
   </div>
   <div class='ocr_carea' id='block_1_115' title="bbox 2187 5184 3776 5263">
    <p class='ocr_par' dir='ltr' id='par_1_115' title="bbox 2187 5184 3776 5263">
     <span class='ocr_line' id='line_1_115' title="bbox 2187 5184 3776 5263; baseline 0.007 -28"><span class='ocrx_word' id='word_1_814' title='bbox 2187 5192 2241 5235; x_wconf 86' lang='lat' dir='ltr'><strong>ut</strong></span> <span class='ocrx_word' id='word_1_815' title='bbox 2277 5185 2390 5252; x_wconf 89' lang='lat' dir='ltr'><strong>jam</strong></span> <span class='ocrx_word' id='word_1_816' title='bbox 2428 5184 2557 5238; x_wconf 88' lang='lat' dir='ltr'><strong>inter</strong></span> <span class='ocrx_word' id='word_1_817' title='bbox 2593 5186 2756 5242; x_wconf 86' lang='lat' dir='ltr'><strong>hostes</strong></span> <span class='ocrx_word' id='word_1_818' title='bbox 2789 5188 2972 5259; x_wconf 89' lang='lat' dir='ltr'><strong>aliquis</strong></span> <span class='ocrx_word' id='word_1_819' title='bbox 3022 5192 3175 5246; x_wconf 85' lang='lat' dir='ltr'><strong>tutius</strong></span> <span class='ocrx_word' id='word_1_820' title='bbox 3217 5188 3425 5254; x_wconf 74' lang='lat' dir='ltr'><strong>vixerit,</strong></span> <span class='ocrx_word' id='word_1_821' title='bbox 3468 5208 3622 5263; x_wconf 87' lang='lat' dir='ltr'><strong>quam</strong></span> <span class='ocrx_word' id='word_1_822' title='bbox 3647 5194 3776 5246; x_wconf 84' lang='lat' dir='ltr'><strong>inter</strong></span> 
     </span>
    </p>
   </div>
   <div class='ocr_carea' id='block_1_116' title="bbox 2185 5276 3776 5355">
    <p class='ocr_par' dir='ltr' id='par_1_116' title="bbox 2185 5276 3776 5355">
     <span class='ocr_line' id='line_1_116' title="bbox 2185 5276 3776 5355; baseline 0.007 -27"><span class='ocrx_word' id='word_1_823' title='bbox 2185 5291 2271 5328; x_wconf 92' lang='lat' dir='ltr'><strong>eos</strong></span> <span class='ocrx_word' id='word_1_824' title='bbox 2299 5277 2386 5345; x_wconf 91' lang='lat' dir='ltr'><strong>qui</strong></span> <span class='ocrx_word' id='word_1_825' title='bbox 2410 5276 2640 5330; x_wconf 82' lang='lat' dir='ltr'><strong>videntur</strong></span> <span class='ocrx_word' id='word_1_826' title='bbox 2662 5280 2829 5333; x_wconf 89' lang='lat' dir='ltr'><strong>amici.</strong></span> <span class='ocrx_word' id='word_1_827' title='bbox 2854 5280 2952 5346; x_wconf 86' lang='lat' dir='ltr'><strong>Qui</strong></span> <span class='ocrx_word' id='word_1_828' title='bbox 2967 5278 3075 5335; x_wconf 86' lang='lat' dir='ltr'><strong>heri</strong></span> <span class='ocrx_word' id='word_1_829' title='bbox 3095 5281 3458 5349; x_wconf 85' lang='lat' dir='ltr'><strong>adulabautur,</strong></span> <span class='ocrx_word' id='word_1_830' title='bbox 3487 5286 3573 5355; x_wconf 89' lang='lat' dir='ltr'><strong>qui</strong></span> <span class='ocrx_word' id='word_1_831' title='bbox 3597 5301 3776 5339; x_wconf 73' lang='lat' dir='ltr'><strong>manus</strong></span> 
     </span>
    </p>
   </div>
   <div class='ocr_carea' id='block_1_117' title="bbox 2184 5368 3774 5444">
    <p class='ocr_par' dir='ltr' id='par_1_117' title="bbox 2184 5368 3774 5444">
     <span class='ocr_line' id='line_1_117' title="bbox 2184 5368 3774 5444; baseline 0.004 -23"><span class='ocrx_word' id='word_1_832' title='bbox 2184 5368 2562 5436; x_wconf 84' lang='lat' dir='ltr'><strong>osculabantur,</strong></span> <span class='ocrx_word' id='word_1_833' title='bbox 2593 5372 2742 5425; x_wconf 90' lang='lat' dir='ltr'><strong>hodie</strong></span> <span class='ocrx_word' id='word_1_834' title='bbox 2768 5384 2969 5443; x_wconf 85' lang='lat' dir='ltr'><strong>repente</strong></span> <span class='ocrx_word' id='word_1_835' title='bbox 2996 5378 3235 5444; x_wconf 84' lang='lat' dir='ltr'><strong>comperti</strong></span> <span class='ocrx_word' id='word_1_836' title='bbox 3266 5387 3381 5429; x_wconf 88' lang='lat' dir='ltr'><strong>sunt</strong></span> <span class='ocrx_word' id='word_1_837' title='bbox 3411 5376 3598 5441; x_wconf 80' lang='lat' dir='ltr'><strong>hostes,</strong></span> <span class='ocrx_word' id='word_1_838' title='bbox 3632 5375 3774 5443; x_wconf 76' lang='lat' dir='ltr'><strong>abje-</strong></span> 
     </span>
    </p>
   </div>
   <div class='ocr_carea' id='block_1_118' title="bbox 2184 5462 3778 5533">
    <p class='ocr_par' dir='ltr' id='par_1_118' title="bbox 2184 5462 3778 5533">
     <span class='ocr_line' id='line_1_118' title="bbox 2184 5462 3778 5533; baseline 0.004 -21"><span class='ocrx_word' id='word_1_839' title='bbox 2184 5463 2375 5533; x_wconf 83' lang='lat' dir='ltr'><strong>ctisque</strong></span> <span class='ocrx_word' id='word_1_840' title='bbox 2411 5462 2563 5517; x_wconf 82' lang='lat' dir='ltr'><strong>larvis</strong></span> <span class='ocrx_word' id='word_1_841' title='bbox 2584 5505 2597 5523; x_wconf 87' lang='lat'><strong>.</strong></span> <span class='ocrx_word' id='word_1_842' title='bbox 2644 5464 2767 5533; x_wconf 82' lang='lat' dir='ltr'><strong>facti</strong></span> <span class='ocrx_word' id='word_1_843' title='bbox 2798 5476 2915 5519; x_wconf 85' lang='lat' dir='ltr'><strong>sunt</strong></span> <span class='ocrx_word' id='word_1_844' title='bbox 2959 5468 3189 5521; x_wconf 84' lang='lat' dir='ltr'><strong>omnibus</strong></span> <span class='ocrx_word' id='word_1_845' title='bbox 3218 5470 3602 5523; x_wconf 84' lang='lat' dir='ltr'><strong>accusatoribus</strong></span> <span class='ocrx_word' id='word_1_846' title='bbox 3632 5485 3778 5520; x_wconf 76' lang='lat' dir='ltr'><strong>accr-</strong></span> 
     </span>
    </p>
   </div>
   <div class='ocr_carea' id='block_1_119' title="bbox 2183 5552 3774 5629">
    <p class='ocr_par' dir='ltr' id='par_1_119' title="bbox 2183 5552 3774 5629">
     <span class='ocr_line' id='line_1_119' title="bbox 2183 5552 3774 5629; baseline 0.004 -25"><span class='ocrx_word' id='word_1_847' title='bbox 2183 5552 2383 5605; x_wconf 84' lang='lat' dir='ltr'><strong>biores:</strong></span> <span class='ocrx_word' id='word_1_848' title='bbox 2405 5569 2497 5624; x_wconf 87' lang='lat' dir='ltr'><strong>pro</strong></span> <span class='ocrx_word' id='word_1_849' title='bbox 2537 5552 2713 5622; x_wconf 89' lang='lat' dir='ltr'><strong>quibus</strong></span> <span class='ocrx_word' id='word_1_850' title='bbox 2752 5555 2981 5609; x_wconf 88' lang='lat' dir='ltr'><strong>hesterna</strong></span> <span class='ocrx_word' id='word_1_851' title='bbox 3029 5558 3110 5610; x_wconf 89' lang='lat' dir='ltr'><strong>die</strong></span> <span class='ocrx_word' id='word_1_852' title='bbox 3150 5558 3342 5629; x_wconf 84' lang='lat' dir='ltr'><strong>gratias</strong></span> <span class='ocrx_word' id='word_1_853' title='bbox 3384 5557 3627 5627; x_wconf 66' lang='lat' dir='ltr'><strong>rigebant,</strong></span> <span class='ocrx_word' id='word_1_854' title='bbox 3684 5559 3774 5611; x_wconf 84' lang='lat' dir='ltr'><strong>hos</strong></span> 
     </span>
    </p>
   </div>
   <div class='ocr_carea' id='block_1_120' title="bbox 2181 5643 3774 5704">
    <p class='ocr_par' dir='ltr' id='par_1_120' title="bbox 2181 5643 3774 5704">
     <span class='ocr_line' id='line_1_120' title="bbox 2181 5643 3774 5704; baseline 0.004 -9"><span class='ocrx_word' id='word_1_855' title='bbox 2181 5658 2315 5695; x_wconf 86' lang='lat' dir='ltr'><strong>nunc</strong></span> <span class='ocrx_word' id='word_1_856' title='bbox 2354 5644 2586 5697; x_wconf 80' lang='lat' dir='ltr'><strong>incusant</strong></span> <span class='ocrx_word' id='word_1_857' title='bbox 2614 5654 2662 5698; x_wconf 86' lang='lat' dir='ltr'><strong>et</strong></span> <span class='ocrx_word' id='word_1_858' title='bbox 2689 5643 3082 5704; x_wconf 82' lang='lat' dir='ltr'><strong>calumniantur.</strong></span> <span class='ocrx_word' id='word_1_859' title='bbox 3126 5648 3326 5703; x_wconf 87' lang='lat' dir='ltr'><strong>Deinde</strong></span> <span class='ocrx_word' id='word_1_860' title='bbox 3363 5666 3493 5702; x_wconf 81' lang='lat' dir='ltr'><strong>vero</strong></span> <span class='ocrx_word' id='word_1_861' title='bbox 3533 5649 3602 5703; x_wconf 83' lang='lat' dir='ltr'><strong>de.</strong></span> <span class='ocrx_word' id='word_1_862' title='bbox 3632 5652 3774 5701; x_wconf 65' lang='lat' dir='ltr'><strong>divi«</strong></span> 
     </span>
    </p>
   </div>
   <div class='ocr_carea' id='block_1_121' title="bbox 2180 5734 3768 5808">
    <p class='ocr_par' dir='ltr' id='par_1_121' title="bbox 2180 5734 3768 5808">
     <span class='ocr_line' id='line_1_121' title="bbox 2180 5734 3768 5808; baseline 0.001 -20"><span class='ocrx_word' id='word_1_863' title='bbox 2180 5734 2369 5789; x_wconf 81' lang='lat' dir='ltr'><strong>tiarum</strong></span> <span class='ocrx_word' id='word_1_864' title='bbox 2430 5735 2658 5789; x_wconf 81' lang='lat' dir='ltr'><strong>vanitate</strong></span> <span class='ocrx_word' id='word_1_865' title='bbox 2705 5738 2976 5808; x_wconf 77' lang='lat' dir='ltr'><strong>eleganter</strong></span> <span class='ocrx_word' id='word_1_866' title='bbox 3020 5755 3115 5808; x_wconf 88' lang='lat' dir='ltr'><strong>pro</strong></span> <span class='ocrx_word' id='word_1_867' title='bbox 3165 5755 3316 5797; x_wconf 80' lang='lat' dir='ltr'><strong>more</strong></span> <span class='ocrx_word' id='word_1_868' title='bbox 3369 5756 3464 5793; x_wconf 51' lang='lat' dir='ltr'><strong>tuo</strong></span> <span class='ocrx_word' id='word_1_869' title='bbox 3514 5741 3768 5794; x_wconf 53' lang='lat' dir='ltr'><strong>disserit:</strong></span> 
     </span>
    </p>
   </div>
  </div>
