  <div class='ocr_page' id='page_1' title='image "/cluster/home/n/w/nwhite01/storage/ocr_20150623/47/mdp.39015012902212/186.png"; bbox 0 0 4110 6148; ppageno 0'>
   <div class='ocr_carea' id='block_1_1' title="bbox 317 286 420 340">
    <p class='ocr_par' dir='ltr' id='par_1_1' title="bbox 317 286 420 340">
     <span class='ocr_line' id='line_1_1' title="bbox 317 286 420 340; baseline 0.019 -2"><span class='ocrx_word' id='word_1_1' title='bbox 317 286 420 340; x_wconf 73' lang='grc'><strong>17⁸1</strong></span> 
     </span>
    </p>
   </div>
   <div class='ocr_carea' id='block_1_2' title="bbox 311 397 1898 478">
    <p class='ocr_par' dir='ltr' id='par_1_2' title="bbox 311 397 1898 478">
     <span class='ocr_line' id='line_1_2' title="bbox 311 397 1898 478; baseline 0.009 -29"><span class='ocrx_word' id='word_1_2' title='bbox 311 397 645 467; x_wconf 74' lang='lat' dir='ltr'><strong>mupertatis</strong></span> <span class='ocrx_word' id='word_1_3' title='bbox 701 399 838 455; x_wconf 87' lang='lat' dir='ltr'><strong>bona</strong></span> <span class='ocrx_word' id='word_1_4' title='bbox 891 399 1250 473; x_wconf 56' lang='lat' dir='ltr'><strong>depratdieat,</strong></span> <span class='ocrx_word' id='word_1_5' title='bbox 1305 411 1489 474; x_wconf 86' lang='lat' dir='ltr'><strong>utpote</strong></span> <span class='ocrx_word' id='word_1_6' title='bbox 1538 421 1658 478; x_wconf 68' lang='lat' dir='ltr'><strong>qum</strong></span> <span class='ocrx_word' id='word_1_7' title='bbox 1700 416 1898 464; x_wconf 87' lang='lat' dir='ltr'><strong>tantam</strong></span> 
     </span>
    </p>
   </div>
   <div class='ocr_carea' id='block_1_3' title="bbox 311 493 1903 570">
    <p class='ocr_par' dir='ltr' id='par_1_3' title="bbox 311 493 1903 570">
     <span class='ocr_line' id='line_1_3' title="bbox 311 493 1903 570; baseline 0.01 -32"><span class='ocrx_word' id='word_1_8' title='bbox 311 499 533 557; x_wconf 85' lang='lat' dir='ltr'><strong>pra-stet</strong></span> <span class='ocrx_word' id='word_1_9' title='bbox 562 493 902 547; x_wconf 88' lang='lat' dir='ltr'><strong>securitatem</strong></span> <span class='ocrx_word' id='word_1_10' title='bbox 924 536 939 558; x_wconf 93' lang='lat'><strong>,</strong></span> <span class='ocrx_word' id='word_1_11' title='bbox 971 505 1224 562; x_wconf 87' lang='lat' dir='ltr'><strong>quantum</strong></span> <span class='ocrx_word' id='word_1_12' title='bbox 1266 495 1464 550; x_wconf 77' lang='lat' dir='ltr'><strong>divitiae</strong></span> <span class='ocrx_word' id='word_1_13' title='bbox 1491 499 1782 566; x_wconf 89' lang='lat' dir='ltr'><strong>perieulum</strong></span> <span class='ocrx_word' id='word_1_14' title='bbox 1812 517 1903 570; x_wconf 89' lang='lat' dir='ltr'><strong>pa-</strong></span> 
     </span>
    </p>
   </div>
   <div class='ocr_carea' id='block_1_4' title="bbox 309 581 1901 654">
    <p class='ocr_par' dir='ltr' id='par_1_4' title="bbox 309 581 1901 654">
     <span class='ocr_line' id='line_1_4' title="bbox 309 581 1901 654; baseline 0.008 -22"><span class='ocrx_word' id='word_1_15' title='bbox 309 581 477 633; x_wconf 90' lang='lat' dir='ltr'><strong>riunt.</strong></span> <span class='ocrx_word' id='word_1_16' title='bbox 522 581 747 636; x_wconf 77' lang='lat' dir='ltr'><strong>Domum</strong></span> <span class='ocrx_word' id='word_1_17' title='bbox 785 586 1030 654; x_wconf 77' lang='lat' dir='ltr'><strong>exemplo</strong></span> <span class='ocrx_word' id='word_1_18' title='bbox 1055 585 1172 640; x_wconf 88' lang='lat' dir='ltr'><strong>Jobi</strong></span> <span class='ocrx_word' id='word_1_19' title='bbox 1207 587 1272 640; x_wconf 92' lang='lat' dir='ltr'><strong>ad</strong></span> <span class='ocrx_word' id='word_1_20' title='bbox 1318 587 1651 644; x_wconf 88' lang='lat' dir='ltr'><strong>calamitates</strong></span> <span class='ocrx_word' id='word_1_21' title='bbox 1695 593 1901 646; x_wconf 77' lang='lat' dir='ltr'><strong>fortiter</strong></span> 
     </span>
    </p>
   </div>
   <div class='ocr_carea' id='block_1_5' title="bbox 306 668 850 727">
    <p class='ocr_par' dir='ltr' id='par_1_5' title="bbox 306 668 850 727">
     <span class='ocr_line' id='line_1_5' title="bbox 306 668 850 727; baseline 0.007 -4"><span class='ocrx_word' id='word_1_22' title='bbox 306 668 561 726; x_wconf 78' lang='lat' dir='ltr'><strong>ferendas</strong></span> <span class='ocrx_word' id='word_1_23' title='bbox 587 672 850 727; x_wconf 85' lang='lat' dir='ltr'><strong>hartatur.</strong></span> 
     </span>
    </p>
   </div>
   <div class='ocr_carea' id='block_1_6' title="bbox 381 761 1893 842">
    <p class='ocr_par' dir='ltr' id='par_1_6' title="bbox 381 761 1893 842">
     <span class='ocr_line' id='line_1_6' title="bbox 381 761 1893 842; baseline 0.008 -28"><span class='ocrx_word' id='word_1_24' title='bbox 381 761 578 816; x_wconf 65' lang='grc' dir='ltr'><strong>(ἐώραις</strong></span> <span class='ocrx_word' id='word_1_25' title='bbox 631 763 878 833; x_wconf 76' lang='lat' dir='ltr'><strong>Magister</strong></span> <span class='ocrx_word' id='word_1_26' title='bbox 934 766 1129 820; x_wconf 78' lang='lat' dir='ltr'><strong>militia:</strong></span> <span class='ocrx_word' id='word_1_27' title='bbox 1169 768 1484 824; x_wconf 85' lang='lat' dir='ltr'><strong>constitutus.</strong></span> <span class='ocrx_word' id='word_1_28' title='bbox 1510 798 1586 811; x_wconf 94' lang='lat'><strong><em>—</em></strong></span> <span class='ocrx_word' id='word_1_29' title='bbox 1610 770 1893 842; x_wconf 79' lang='lat' dir='ltr'><strong>Postquam</strong></span> 
     </span>
    </p>
   </div>
   <div class='ocr_carea' id='block_1_7' title="bbox 304 851 1937 932">
    <p class='ocr_par' dir='ltr' id='par_1_7' title="bbox 304 851 1937 932">
     <span class='ocr_line' id='line_1_7' title="bbox 304 851 1937 932; baseline 0.009 -28"><span class='ocrx_word' id='word_1_30' title='bbox 304 851 630 906; x_wconf 79' lang='lat' dir='ltr'><strong>Saturninus</strong></span> <span class='ocrx_word' id='word_1_31' title='bbox 673 864 726 907; x_wconf 88' lang='lat' dir='ltr'><strong>et</strong></span> <span class='ocrx_word' id='word_1_32' title='bbox 770 855 1087 910; x_wconf 81' lang='lat' dir='ltr'><strong>Aurelianus</strong></span> <span class='ocrx_word' id='word_1_33' title='bbox 1121 857 1267 928; x_wconf 74' lang='lat' dir='ltr'><strong>(Sos.</strong></span> <span class='ocrx_word' id='word_1_34' title='bbox 1313 859 1351 913; x_wconf 85' lang='grc' dir='ltr'><strong>Ι.</strong></span> <span class='ocrx_word' id='word_1_35' title='bbox 1396 860 1454 914; x_wconf 91' lang='grc'><strong>8.</strong></span> <span class='ocrx_word' id='word_1_36' title='bbox 1487 876 1535 914; x_wconf 85' lang='lat' dir='ltr'><strong>c.</strong></span> <span class='ocrx_word' id='word_1_37' title='bbox 1579 862 1656 931; x_wconf 70' lang='grc' dir='ltr'><strong>εί),</strong></span> <span class='ocrx_word' id='word_1_38' title='bbox 1707 875 1895 932; x_wconf 90' lang='lat' dir='ltr'><strong>pacato</strong></span> <span class='ocrx_word' id='word_1_39' title='bbox 1934 890 1937 894; x_wconf 86' lang='grc'><strong>·</strong></span> 
     </span>
    </p>
   </div>
   <div class='ocr_carea' id='block_1_8' title="bbox 306 942 1895 1023">
    <p class='ocr_par' dir='ltr' id='par_1_8' title="bbox 306 942 1895 1023">
     <span class='ocr_line' id='line_1_8' title="bbox 306 942 1895 1023; baseline 0.008 -27"><span class='ocrx_word' id='word_1_40' title='bbox 306 942 473 996; x_wconf 79' lang='lat' dir='ltr'><strong>Gaina</strong></span> <span class='ocrx_word' id='word_1_41' title='bbox 497 985 509 1003; x_wconf 92' lang='lat'><strong>,</strong></span> <span class='ocrx_word' id='word_1_42' title='bbox 541 945 592 997; x_wconf 93' lang='lat' dir='ltr'><strong>in</strong></span> <span class='ocrx_word' id='word_1_43' title='bbox 615 945 862 1000; x_wconf 71' lang='lat' dir='ltr'><strong>exsilium</strong></span> <span class='ocrx_word' id='word_1_44' title='bbox 891 949 992 1002; x_wconf 83' lang='lat' dir='ltr'><strong>acti</strong></span> <span class='ocrx_word' id='word_1_45' title='bbox 1025 951 1227 1003; x_wconf 85' lang='lat' dir='ltr'><strong>fuerant</strong></span> <span class='ocrx_word' id='word_1_46' title='bbox 1257 951 1427 1021; x_wconf 76' lang='lat' dir='ltr'><strong>(Anno</strong></span> <span class='ocrx_word' id='word_1_47' title='bbox 1452 952 1577 1023; x_wconf 72' lang='lat'><strong>400)</strong></span> <span class='ocrx_word' id='word_1_48' title='bbox 1600 993 1615 1016; x_wconf 93' lang='lat'><strong>,</strong></span> <span class='ocrx_word' id='word_1_49' title='bbox 1647 970 1765 1006; x_wconf 89' lang='lat' dir='ltr'><strong>cum</strong></span> <span class='ocrx_word' id='word_1_50' title='bbox 1795 959 1895 1009; x_wconf 85' lang='lat' dir='ltr'><strong>Ar-</strong></span> 
     </span>
    </p>
   </div>
   <div class='ocr_carea' id='block_1_9' title="bbox 305 1034 1896 1112">
    <p class='ocr_par' dir='ltr' id='par_1_9' title="bbox 305 1034 1896 1112">
     <span class='ocr_line' id='line_1_9' title="bbox 305 1034 1896 1112; baseline 0.006 -28"><span class='ocrx_word' id='word_1_51' title='bbox 305 1034 457 1085; x_wconf 89' lang='lat' dir='ltr'><strong>cadio</strong></span> <span class='ocrx_word' id='word_1_52' title='bbox 496 1034 820 1103; x_wconf 77' lang='lat' dir='ltr'><strong>Itnpcmtore</strong></span> <span class='ocrx_word' id='word_1_53' title='bbox 849 1038 1045 1092; x_wconf 83' lang='lat' dir='ltr'><strong>Gainas</strong></span> <span class='ocrx_word' id='word_1_54' title='bbox 1088 1041 1140 1094; x_wconf 92' lang='lat' dir='ltr'><strong>in</strong></span> <span class='ocrx_word' id='word_1_55' title='bbox 1189 1042 1573 1112; x_wconf 79' lang='lat' dir='ltr'><strong>ecclesiajuxta</strong></span> <span class='ocrx_word' id='word_1_56' title='bbox 1602 1044 1896 1100; x_wconf 76' lang='lat' dir='ltr'><strong>Chalcedo-</strong></span> 
     </span>
    </p>
   </div>
   <div class='ocr_carea' id='block_1_10' title="bbox 307 1125 1888 1202">
    <p class='ocr_par' dir='ltr' id='par_1_10' title="bbox 307 1125 1888 1202">
     <span class='ocr_line' id='line_1_10' title="bbox 307 1125 1888 1202; baseline 0.01 -28"><span class='ocrx_word' id='word_1_57' title='bbox 307 1139 427 1176; x_wconf 90' lang='lat' dir='ltr'><strong>uem</strong></span> <span class='ocrx_word' id='word_1_58' title='bbox 456 1125 576 1188; x_wconf 88' lang='lat' dir='ltr'><strong>sita,</strong></span> <span class='ocrx_word' id='word_1_59' title='bbox 602 1127 691 1180; x_wconf 92' lang='lat' dir='ltr'><strong>ubi</strong></span> <span class='ocrx_word' id='word_1_60' title='bbox 723 1127 778 1179; x_wconf 85' lang='lat' dir='ltr'><strong>S.</strong></span> <span class='ocrx_word' id='word_1_61' title='bbox 815 1129 1122 1197; x_wconf 68' lang='lat' dir='ltr'><strong>Euphemite</strong></span> <span class='ocrx_word' id='word_1_62' title='bbox 1148 1134 1396 1202; x_wconf 82' lang='lat' dir='ltr'><strong>martyris</strong></span> <span class='ocrx_word' id='word_1_63' title='bbox 1422 1134 1724 1202; x_wconf 84' lang='lat' dir='ltr'><strong>sepulcrum</strong></span> <span class='ocrx_word' id='word_1_64' title='bbox 1751 1146 1888 1198; x_wconf 90' lang='lat' dir='ltr'><strong>erat,</strong></span> 
     </span>
    </p>
   </div>
   <div class='ocr_carea' id='block_1_11' title="bbox 302 1215 1890 1292">
    <p class='ocr_par' dir='ltr' id='par_1_11' title="bbox 302 1215 1890 1292">
     <span class='ocr_line' id='line_1_11' title="bbox 302 1215 1890 1292; baseline 0.01 -27"><span class='ocrx_word' id='word_1_65' title='bbox 302 1215 626 1283; x_wconf 85' lang='lat' dir='ltr'><strong>colloquium</strong></span> <span class='ocrx_word' id='word_1_66' title='bbox 671 1216 892 1283; x_wconf 88' lang='lat' dir='ltr'><strong>habuit,</strong></span> <span class='ocrx_word' id='word_1_67' title='bbox 924 1236 1148 1291; x_wconf 87' lang='lat' dir='ltr'><strong>etnnque</strong></span> <span class='ocrx_word' id='word_1_68' title='bbox 1173 1238 1237 1276; x_wconf 80' lang='lat' dir='ltr'><strong>ex</strong></span> <span class='ocrx_word' id='word_1_69' title='bbox 1272 1233 1425 1292; x_wconf 76' lang='lat' dir='ltr'><strong>pacto</strong></span> <span class='ocrx_word' id='word_1_70' title='bbox 1451 1235 1714 1280; x_wconf 85' lang='lat' dir='ltr'><strong>convento</strong></span> <span class='ocrx_word' id='word_1_71' title='bbox 1742 1243 1890 1281; x_wconf 88' lang='lat' dir='ltr'><strong>arma</strong></span> 
     </span>
    </p>
   </div>
   <div class='ocr_carea' id='block_1_12' title="bbox 302 1307 1891 1388">
    <p class='ocr_par' dir='ltr' id='par_1_12' title="bbox 302 1307 1891 1388">
     <span class='ocr_line' id='line_1_12' title="bbox 302 1307 1891 1388; baseline 0.009 -29"><span class='ocrx_word' id='word_1_72' title='bbox 302 1307 664 1375; x_wconf 80' lang='lat' dir='ltr'><strong>deposuisset,</strong></span> <span class='ocrx_word' id='word_1_73' title='bbox 695 1311 1112 1380; x_wconf 88' lang='lat' dir='ltr'><strong>etjurejurando</strong></span> <span class='ocrx_word' id='word_1_74' title='bbox 1133 1314 1373 1374; x_wconf 77' lang='lat' dir='ltr'><strong>adhibito</strong></span> <span class='ocrx_word' id='word_1_75' title='bbox 1397 1317 1552 1371; x_wconf 83' lang='lat' dir='ltr'><strong>fidem</strong></span> <span class='ocrx_word' id='word_1_76' title='bbox 1583 1318 1891 1388; x_wconf 88' lang='lat' dir='ltr'><strong>Imperatori</strong></span> 
     </span>
    </p>
   </div>
   <div class='ocr_carea' id='block_1_13' title="bbox 302 1399 1894 1479">
    <p class='ocr_par' dir='ltr' id='par_1_13' title="bbox 302 1399 1894 1479">
     <span class='ocr_line' id='line_1_13' title="bbox 302 1399 1894 1479; baseline 0.009 -28"><span class='ocrx_word' id='word_1_77' title='bbox 302 1399 582 1464; x_wconf 88' lang='lat' dir='ltr'><strong>dedisset,</strong></span> <span class='ocrx_word' id='word_1_78' title='bbox 644 1405 907 1470; x_wconf 72' lang='lat' dir='ltr'><strong>equestris</strong></span> <span class='ocrx_word' id='word_1_79' title='bbox 971 1406 1337 1477; x_wconf 84' lang='lat' dir='ltr'><strong>pedestrisque</strong></span> <span class='ocrx_word' id='word_1_80' title='bbox 1398 1409 1601 1463; x_wconf 79' lang='lat' dir='ltr'><strong>militia:</strong></span> <span class='ocrx_word' id='word_1_81' title='bbox 1646 1410 1894 1479; x_wconf 74' lang='lat' dir='ltr'><strong>Magister</strong></span> 
     </span>
    </p>
   </div>
   <div class='ocr_carea' id='block_1_14' title="bbox 301 1493 1891 1562">
    <p class='ocr_par' dir='ltr' id='par_1_14' title="bbox 301 1493 1891 1562">
     <span class='ocr_line' id='line_1_14' title="bbox 301 1493 1891 1562; baseline 0.007 -17"><span class='ocrx_word' id='word_1_82' title='bbox 301 1493 628 1550; x_wconf 88' lang='lat' dir='ltr'><strong>declaratur.</strong></span> <span class='ocrx_word' id='word_1_83' title='bbox 671 1496 843 1550; x_wconf 90' lang='lat' dir='ltr'><strong>Tanto</strong></span> <span class='ocrx_word' id='word_1_84' title='bbox 881 1507 1056 1551; x_wconf 90' lang='lat' dir='ltr'><strong>autem</strong></span> <span class='ocrx_word' id='word_1_85' title='bbox 1090 1499 1304 1553; x_wconf 84' lang='lat' dir='ltr'><strong>inﬂatus</strong></span> <span class='ocrx_word' id='word_1_86' title='bbox 1333 1500 1570 1562; x_wconf 89' lang='lat' dir='ltr'><strong>honore,</strong></span> <span class='ocrx_word' id='word_1_87' title='bbox 1614 1517 1702 1556; x_wconf 87' lang='lat' dir='ltr'><strong>res</strong></span> <span class='ocrx_word' id='word_1_88' title='bbox 1726 1517 1891 1556; x_wconf 81' lang='lat' dir='ltr'><strong>novas</strong></span> 
     </span>
    </p>
   </div>
   <div class='ocr_carea' id='block_1_15' title="bbox 302 1587 1890 1663">
    <p class='ocr_par' dir='ltr' id='par_1_15' title="bbox 302 1587 1890 1663">
     <span class='ocr_line' id='line_1_15' title="bbox 302 1587 1890 1663; baseline 0.006 -24"><span class='ocrx_word' id='word_1_89' title='bbox 302 1587 486 1640; x_wconf 89' lang='lat' dir='ltr'><strong>moliri</strong></span> <span class='ocrx_word' id='word_1_90' title='bbox 520 1603 625 1640; x_wconf 88' lang='lat' dir='ltr'><strong>non</strong></span> <span class='ocrx_word' id='word_1_91' title='bbox 668 1587 889 1642; x_wconf 83' lang='lat' dir='ltr'><strong>distulit.</strong></span> <span class='ocrx_word' id='word_1_92' title='bbox 922 1590 1050 1644; x_wconf 83' lang='lat' dir='ltr'><strong>Erat</strong></span> <span class='ocrx_word' id='word_1_93' title='bbox 1077 1591 1166 1646; x_wconf 79' lang='lat' dir='ltr'><strong>ille</strong></span> <span class='ocrx_word' id='word_1_94' title='bbox 1194 1593 1420 1648; x_wconf 82' lang='lat' dir='ltr'><strong>Arianus</strong></span> <span class='ocrx_word' id='word_1_95' title='bbox 1440 1634 1452 1654; x_wconf 93' lang='lat'><strong>,</strong></span> <span class='ocrx_word' id='word_1_96' title='bbox 1484 1593 1704 1663; x_wconf 87' lang='lat' dir='ltr'><strong>perinde</strong></span> <span class='ocrx_word' id='word_1_97' title='bbox 1732 1604 1890 1663; x_wconf 87' lang='lat' dir='ltr'><strong>atque</strong></span> 
     </span>
    </p>
   </div>
   <div class='ocr_carea' id='block_1_16' title="bbox 302 1680 1887 1756">
    <p class='ocr_par' dir='ltr' id='par_1_16' title="bbox 302 1680 1887 1756">
     <span class='ocr_line' id='line_1_16' title="bbox 302 1680 1887 1756; baseline 0.006 -24"><span class='ocrx_word' id='word_1_98' title='bbox 302 1681 457 1733; x_wconf 84' lang='lat' dir='ltr'><strong>tnulti</strong></span> <span class='ocrx_word' id='word_1_99' title='bbox 484 1680 575 1734; x_wconf 90' lang='lat' dir='ltr'><strong>alii</strong></span> <span class='ocrx_word' id='word_1_100' title='bbox 598 1680 805 1747; x_wconf 89' lang='lat' dir='ltr'><strong>Gottbi,</strong></span> <span class='ocrx_word' id='word_1_101' title='bbox 829 1683 916 1751; x_wconf 92' lang='lat' dir='ltr'><strong>qui</strong></span> <span class='ocrx_word' id='word_1_102' title='bbox 942 1691 1067 1737; x_wconf 91' lang='lat' dir='ltr'><strong>tunc</strong></span> <span class='ocrx_word' id='word_1_103' title='bbox 1091 1685 1398 1754; x_wconf 88' lang='lat' dir='ltr'><strong>episeopum</strong></span> <span class='ocrx_word' id='word_1_104' title='bbox 1428 1685 1887 1756; x_wconf 83' lang='lat' dir='ltr'><strong>ConstantinOpoli</strong></span> 
     </span>
    </p>
   </div>
   <div class='ocr_carea' id='block_1_17' title="bbox 301 1769 1889 1850">
    <p class='ocr_par' dir='ltr' id='par_1_17' title="bbox 301 1769 1889 1850">
     <span class='ocr_line' id='line_1_17' title="bbox 301 1769 1889 1850; baseline 0.006 -26"><span class='ocrx_word' id='word_1_105' title='bbox 301 1769 574 1827; x_wconf 88' lang='lat' dir='ltr'><strong>habebant</strong></span> <span class='ocrx_word' id='word_1_106' title='bbox 600 1791 614 1827; x_wconf 95' lang='lat'><strong>:</strong></span> <span class='ocrx_word' id='word_1_107' title='bbox 640 1773 986 1829; x_wconf 72' lang='lat' dir='ltr'><strong>suadentibus</strong></span> <span class='ocrx_word' id='word_1_108' title='bbox 1014 1788 1193 1832; x_wconf 89' lang='lat' dir='ltr'><strong>autem</strong></span> <span class='ocrx_word' id='word_1_109' title='bbox 1225 1777 1464 1847; x_wconf 82' lang='lat' dir='ltr'><strong>ejusdem</strong></span> <span class='ocrx_word' id='word_1_110' title='bbox 1495 1789 1655 1834; x_wconf 65' lang='lat' dir='ltr'><strong>sectae</strong></span> <span class='ocrx_word' id='word_1_111' title='bbox 1683 1782 1889 1850; x_wconf 79' lang='lat' dir='ltr'><strong>episco-</strong></span> 
     </span>
    </p>
   </div>
   <div class='ocr_carea' id='block_1_18' title="bbox 301 1864 1889 1938">
    <p class='ocr_par' dir='ltr' id='par_1_18' title="bbox 301 1864 1889 1938">
     <span class='ocr_line' id='line_1_18' title="bbox 301 1864 1889 1938; baseline 0.009 -23"><span class='ocrx_word' id='word_1_112' title='bbox 301 1864 387 1931; x_wconf 87' lang='lat' dir='ltr'><strong>pis</strong></span> <span class='ocrx_word' id='word_1_113' title='bbox 429 1864 812 1934; x_wconf 74' lang='lat' dir='ltr'><strong>Imperatorem</strong></span> <span class='ocrx_word' id='word_1_114' title='bbox 857 1869 1092 1938; x_wconf 88' lang='lat' dir='ltr'><strong>rogavit,</strong></span> <span class='ocrx_word' id='word_1_115' title='bbox 1147 1885 1306 1924; x_wconf 88' lang='lat' dir='ltr'><strong>unam</strong></span> <span class='ocrx_word' id='word_1_116' title='bbox 1333 1886 1397 1924; x_wconf 80' lang='lat' dir='ltr'><strong>ex</strong></span> <span class='ocrx_word' id='word_1_117' title='bbox 1423 1871 1666 1927; x_wconf 89' lang='lat' dir='ltr'><strong>ecclesiis</strong></span> <span class='ocrx_word' id='word_1_118' title='bbox 1692 1875 1889 1929; x_wconf 88' lang='lat' dir='ltr'><strong>urbicis</strong></span> 
     </span>
    </p>
   </div>
   <div class='ocr_carea' id='block_1_19' title="bbox 296 1957 1885 2035">
    <p class='ocr_par' dir='ltr' id='par_1_19' title="bbox 296 1957 1885 2035">
     <span class='ocr_line' id='line_1_19' title="bbox 296 1957 1885 2035; baseline 0.01 -30"><span class='ocrx_word' id='word_1_119' title='bbox 296 1969 413 2006; x_wconf 73' lang='lat' dir='ltr'><strong>sua:</strong></span> <span class='ocrx_word' id='word_1_120' title='bbox 435 1966 596 2010; x_wconf 80' lang='lat' dir='ltr'><strong>secta:</strong></span> <span class='ocrx_word' id='word_1_121' title='bbox 618 1957 881 2023; x_wconf 83' lang='lat' dir='ltr'><strong>traderet;</strong></span> <span class='ocrx_word' id='word_1_122' title='bbox 912 1960 1215 2015; x_wconf 75' lang='lat' dir='ltr'><strong>indecorum</strong></span> <span class='ocrx_word' id='word_1_123' title='bbox 1238 1978 1358 2018; x_wconf 89' lang='lat' dir='ltr'><strong>esse</strong></span> <span class='ocrx_word' id='word_1_124' title='bbox 1383 1964 1564 2018; x_wconf 85' lang='lat' dir='ltr'><strong>dicens</strong></span> <span class='ocrx_word' id='word_1_125' title='bbox 1581 1965 1885 2035; x_wconf 81' lang='lat' dir='ltr'><strong>Magistrum</strong></span> 
     </span>
    </p>
   </div>
   <div class='ocr_carea' id='block_1_20' title="bbox 297 2044 1884 2125">
    <p class='ocr_par' dir='ltr' id='par_1_20' title="bbox 297 2044 1884 2125">
     <span class='ocr_line' id='line_1_20' title="bbox 297 2044 1884 2125; baseline 0.009 -29"><span class='ocrx_word' id='word_1_126' title='bbox 297 2044 560 2099; x_wconf 77' lang='lat' dir='ltr'><strong>Rotnmne</strong></span> <span class='ocrx_word' id='word_1_127' title='bbox 594 2048 792 2102; x_wconf 78' lang='lat' dir='ltr'><strong>militia:</strong></span> <span class='ocrx_word' id='word_1_128' title='bbox 817 2061 965 2103; x_wconf 82' lang='lat' dir='ltr'><strong>extra</strong></span> <span class='ocrx_word' id='word_1_129' title='bbox 994 2051 1178 2105; x_wconf 89' lang='lat' dir='ltr'><strong>urbem</strong></span> <span class='ocrx_word' id='word_1_130' title='bbox 1209 2055 1394 2107; x_wconf 89' lang='lat' dir='ltr'><strong>orandi</strong></span> <span class='ocrx_word' id='word_1_131' title='bbox 1420 2071 1577 2111; x_wconf 81' lang='lat' dir='ltr'><strong>causa</strong></span> <span class='ocrx_word' id='word_1_132' title='bbox 1604 2058 1884 2125; x_wconf 84' lang='lat' dir='ltr'><strong>proficisci.</strong></span> 
     </span>
    </p>
   </div>
   <div class='ocr_carea' id='block_1_21' title="bbox 294 2137 1888 2217">
    <p class='ocr_par' dir='ltr' id='par_1_21' title="bbox 294 2137 1888 2217">
     <span class='ocr_line' id='line_1_21' title="bbox 294 2137 1888 2217; baseline 0.011 -30"><span class='ocrx_word' id='word_1_133' title='bbox 294 2137 562 2191; x_wconf 76' lang='lat' dir='ltr'><strong>Arcadius</strong></span> <span class='ocrx_word' id='word_1_134' title='bbox 589 2153 731 2204; x_wconf 90' lang='lat' dir='ltr'><strong>vero,</strong></span> <span class='ocrx_word' id='word_1_135' title='bbox 760 2141 847 2208; x_wconf 90' lang='lat' dir='ltr'><strong>qui</strong></span> <span class='ocrx_word' id='word_1_136' title='bbox 871 2139 1093 2196; x_wconf 86' lang='lat' dir='ltr'><strong>Gainam</strong></span> <span class='ocrx_word' id='word_1_137' title='bbox 1118 2147 1406 2211; x_wconf 84' lang='lat' dir='ltr'><strong>metuebat,</strong></span> <span class='ocrx_word' id='word_1_138' title='bbox 1435 2155 1493 2200; x_wconf 92' lang='lat' dir='ltr'><strong>ut</strong></span> <span class='ocrx_word' id='word_1_139' title='bbox 1517 2157 1567 2201; x_wconf 91' lang='lat' dir='ltr'><strong>et</strong></span> <span class='ocrx_word' id='word_1_140' title='bbox 1589 2148 1743 2203; x_wconf 88' lang='lat' dir='ltr'><strong>auliei</strong></span> <span class='ocrx_word' id='word_1_141' title='bbox 1770 2150 1888 2217; x_wconf 87' lang='lat' dir='ltr'><strong>ejus</strong></span> 
     </span>
    </p>
   </div>
   <div class='ocr_carea' id='block_1_22' title="bbox 291 2231 1884 2309">
    <p class='ocr_par' dir='ltr' id='par_1_22' title="bbox 291 2231 1884 2309">
     <span class='ocr_line' id='line_1_22' title="bbox 291 2231 1884 2309; baseline 0.011 -31"><span class='ocrx_word' id='word_1_142' title='bbox 291 2243 488 2282; x_wconf 81' lang='lat' dir='ltr'><strong>names</strong></span> <span class='ocrx_word' id='word_1_143' title='bbox 513 2272 526 2290; x_wconf 88' lang='lat'><strong>,</strong></span> <span class='ocrx_word' id='word_1_144' title='bbox 556 2246 618 2283; x_wconf 90' lang='lat' dir='ltr'><strong>ea</strong></span> <span class='ocrx_word' id='word_1_145' title='bbox 644 2231 712 2285; x_wconf 91' lang='lat' dir='ltr'><strong>de</strong></span> <span class='ocrx_word' id='word_1_146' title='bbox 739 2248 795 2286; x_wconf 89' lang='lat' dir='ltr'><strong>re</strong></span> <span class='ocrx_word' id='word_1_147' title='bbox 829 2233 1238 2288; x_wconf 84' lang='lat' dir='ltr'><strong>deliberaturum</strong></span> <span class='ocrx_word' id='word_1_148' title='bbox 1269 2251 1328 2290; x_wconf 88' lang='lat' dir='ltr'><strong>se</strong></span> <span class='ocrx_word' id='word_1_149' title='bbox 1354 2237 1518 2303; x_wconf 82' lang='lat' dir='ltr'><strong>dixit,</strong></span> <span class='ocrx_word' id='word_1_150' title='bbox 1559 2254 1884 2309; x_wconf 87' lang='lat' dir='ltr'><strong>operamque</strong></span> 
     </span>
    </p>
   </div>
   <div class='ocr_carea' id='block_1_23' title="bbox 287 2320 1887 2400">
    <p class='ocr_par' dir='ltr' id='par_1_23' title="bbox 287 2320 1887 2400">
     <span class='ocr_line' id='line_1_23' title="bbox 287 2320 1887 2400; baseline 0.009 -28"><span class='ocrx_word' id='word_1_151' title='bbox 287 2320 546 2375; x_wconf 83' lang='lat' dir='ltr'><strong>daturum</strong></span> <span class='ocrx_word' id='word_1_152' title='bbox 580 2331 637 2375; x_wconf 86' lang='grc' dir='ltr'><strong>ιιι</strong></span> <span class='ocrx_word' id='word_1_153' title='bbox 679 2323 844 2392; x_wconf 82' lang='lat' dir='ltr'><strong>ipsius</strong></span> <span class='ocrx_word' id='word_1_154' title='bbox 882 2325 1152 2381; x_wconf 75' lang='lat' dir='ltr'><strong>desiderio</strong></span> <span class='ocrx_word' id='word_1_155' title='bbox 1197 2326 1348 2382; x_wconf 80' lang='lat' dir='ltr'><strong>ﬁeret</strong></span> <span class='ocrx_word' id='word_1_156' title='bbox 1390 2331 1541 2384; x_wconf 83' lang='lat' dir='ltr'><strong>satis.</strong></span> <span class='ocrx_word' id='word_1_157' title='bbox 1592 2331 1887 2400; x_wconf 88' lang='lat' dir='ltr'><strong>Imperator</strong></span> 
     </span>
    </p>
   </div>
   <div class='ocr_carea' id='block_1_24' title="bbox 286 2413 1880 2491">
    <p class='ocr_par' dir='ltr' id='par_1_24' title="bbox 286 2413 1880 2491">
     <span class='ocr_line' id='line_1_24' title="bbox 286 2413 1880 2491; baseline 0.01 -29"><span class='ocrx_word' id='word_1_158' title='bbox 286 2423 474 2467; x_wconf 87' lang='lat' dir='ltr'><strong>autem</strong></span> <span class='ocrx_word' id='word_1_159' title='bbox 512 2413 772 2470; x_wconf 77' lang='lat' dir='ltr'><strong>Joannem</strong></span> <span class='ocrx_word' id='word_1_160' title='bbox 818 2427 1056 2470; x_wconf 91' lang='lat' dir='ltr'><strong>nostrum</strong></span> <span class='ocrx_word' id='word_1_161' title='bbox 1107 2417 1365 2484; x_wconf 77' lang='lat' dir='ltr'><strong>advocat,</strong></span> <span class='ocrx_word' id='word_1_162' title='bbox 1412 2419 1595 2475; x_wconf 69' lang='lat' dir='ltr'><strong>Gaium</strong></span> <span class='ocrx_word' id='word_1_163' title='bbox 1642 2432 1880 2491; x_wconf 89' lang='lat' dir='ltr'><strong>optatum</strong></span> 
     </span>
    </p>
   </div>
   <div class='ocr_carea' id='block_1_25' title="bbox 287 2506 1883 2586">
    <p class='ocr_par' dir='ltr' id='par_1_25' title="bbox 287 2506 1883 2586">
     <span class='ocr_line' id='line_1_25' title="bbox 287 2506 1883 2586; baseline 0.009 -30"><span class='ocrx_word' id='word_1_164' title='bbox 287 2506 488 2573; x_wconf 79' lang='lat' dir='ltr'><strong>docet,</strong></span> <span class='ocrx_word' id='word_1_165' title='bbox 523 2509 644 2575; x_wconf 86' lang='lat' dir='ltr'><strong>ejus</strong></span> <span class='ocrx_word' id='word_1_166' title='bbox 672 2511 961 2576; x_wconf 89' lang='lat' dir='ltr'><strong>potentiam</strong></span> <span class='ocrx_word' id='word_1_167' title='bbox 995 2521 1410 2579; x_wconf 88' lang='lat' dir='ltr'><strong>commemorat,</strong></span> <span class='ocrx_word' id='word_1_168' title='bbox 1454 2514 1623 2582; x_wconf 91' lang='lat' dir='ltr'><strong>ipsum</strong></span> <span class='ocrx_word' id='word_1_169' title='bbox 1648 2515 1883 2586; x_wconf 82' lang='lat' dir='ltr'><strong>tyranni-</strong></span> 
     </span>
    </p>
   </div>
   <div class='ocr_carea' id='block_1_26' title="bbox 285 2597 1882 2676">
    <p class='ocr_par' dir='ltr' id='par_1_26' title="bbox 285 2597 1882 2676">
     <span class='ocr_line' id='line_1_26' title="bbox 285 2597 1882 2676; baseline 0.009 -28"><span class='ocrx_word' id='word_1_170' title='bbox 285 2597 413 2651; x_wconf 84' lang='lat' dir='ltr'><strong>dem</strong></span> <span class='ocrx_word' id='word_1_171' title='bbox 462 2600 709 2653; x_wconf 83' lang='lat' dir='ltr'><strong>meditari</strong></span> <span class='ocrx_word' id='word_1_172' title='bbox 754 2617 858 2655; x_wconf 92' lang='lat' dir='ltr'><strong>non</strong></span> <span class='ocrx_word' id='word_1_173' title='bbox 905 2601 1132 2656; x_wconf 89' lang='lat' dir='ltr'><strong>obscure</strong></span> <span class='ocrx_word' id='word_1_174' title='bbox 1181 2603 1396 2670; x_wconf 89' lang='lat' dir='ltr'><strong>indicat,</strong></span> <span class='ocrx_word' id='word_1_175' title='bbox 1439 2604 1784 2676; x_wconf 89' lang='lat' dir='ltr'><strong>hortaturque</strong></span> <span class='ocrx_word' id='word_1_176' title='bbox 1826 2617 1882 2662; x_wconf 88' lang='lat' dir='ltr'><strong>ut</strong></span> 
     </span>
    </p>
   </div>
   <div class='ocr_carea' id='block_1_27' title="bbox 289 2691 1878 2770">
    <p class='ocr_par' dir='ltr' id='par_1_27' title="bbox 289 2691 1878 2770">
     <span class='ocr_line' id='line_1_27' title="bbox 289 2691 1878 2770; baseline 0.007 -28"><span class='ocrx_word' id='word_1_177' title='bbox 289 2691 507 2743; x_wconf 82' lang='lat' dir='ltr'><strong>barbari</strong></span> <span class='ocrx_word' id='word_1_178' title='bbox 541 2692 777 2745; x_wconf 84' lang='lat' dir='ltr'><strong>animum</strong></span> <span class='ocrx_word' id='word_1_179' title='bbox 829 2693 878 2746; x_wconf 93' lang='lat' dir='ltr'><strong>id</strong></span> <span class='ocrx_word' id='word_1_180' title='bbox 908 2694 1250 2749; x_wconf 85' lang='lat' dir='ltr'><strong>concedendo</strong></span> <span class='ocrx_word' id='word_1_181' title='bbox 1279 2709 1586 2765; x_wconf 77' lang='lat' dir='ltr'><strong>compescat</strong></span> <span class='ocrx_word' id='word_1_182' title='bbox 1617 2698 1878 2770; x_wconf 79' lang='lat' dir='ltr'><strong>(Theodo-</strong></span> 
     </span>
    </p>
   </div>
   <div class='ocr_carea' id='block_1_28' title="bbox 283 2783 1878 2859">
    <p class='ocr_par' dir='ltr' id='par_1_28' title="bbox 283 2783 1878 2859">
     <span class='ocr_line' id='line_1_28' title="bbox 283 2783 1878 2859; baseline 0.009 -27"><span class='ocrx_word' id='word_1_183' title='bbox 283 2795 382 2835; x_wconf 59' lang='grc' dir='ltr'><strong>ηιξ.</strong></span> <span class='ocrx_word' id='word_1_184' title='bbox 422 2787 459 2836; x_wconf 85' lang='grc' dir='ltr'>ι.</span> <span class='ocrx_word' id='word_1_185' title='bbox 589 2801 636 2837; x_wconf 85' lang='lat' dir='ltr'><strong>c.</strong></span> <span class='ocrx_word' id='word_1_186' title='bbox 684 2785 795 2856; x_wconf 69' lang='lat'><strong>52).</strong></span> <span class='ocrx_word' id='word_1_187' title='bbox 830 2787 1122 2856; x_wconf 70' lang='lat' dir='ltr'><strong>Respondit</strong></span> <span class='ocrx_word' id='word_1_188' title='bbox 1154 2787 1388 2844; x_wconf 82' lang='lat' dir='ltr'><strong>Joannes</strong></span> <span class='ocrx_word' id='word_1_189' title='bbox 1410 2829 1426 2855; x_wconf 90' lang='lat'><strong>,</strong></span> <span class='ocrx_word' id='word_1_190' title='bbox 1453 2790 1769 2859; x_wconf 77' lang='lat' dir='ltr'><strong>Imperatori</strong></span> <span class='ocrx_word' id='word_1_191' title='bbox 1801 2793 1878 2846; x_wconf 71' lang='lat' dir='ltr'><strong>fas</strong></span> 
     </span>
    </p>
   </div>
   <div class='ocr_carea' id='block_1_29' title="bbox 286 2877 1878 2945">
    <p class='ocr_par' dir='ltr' id='par_1_29' title="bbox 286 2877 1878 2945">
     <span class='ocr_line' id='line_1_29' title="bbox 286 2877 1878 2945; baseline 0.008 -19"><span class='ocrx_word' id='word_1_192' title='bbox 286 2891 393 2926; x_wconf 88' lang='lat' dir='ltr'><strong>non</strong></span> <span class='ocrx_word' id='word_1_193' title='bbox 437 2890 560 2929; x_wconf 83' lang='lat' dir='ltr'><strong>esse</strong></span> <span class='ocrx_word' id='word_1_194' title='bbox 590 2877 711 2928; x_wconf 87' lang='lat' dir='ltr'><strong>talia</strong></span> <span class='ocrx_word' id='word_1_195' title='bbox 755 2879 1026 2945; x_wconf 87' lang='lat' dir='ltr'><strong>polliceri,</strong></span> <span class='ocrx_word' id='word_1_196' title='bbox 1071 2889 1124 2933; x_wconf 89' lang='lat' dir='ltr'><strong>et</strong></span> <span class='ocrx_word' id='word_1_197' title='bbox 1165 2890 1347 2935; x_wconf 87' lang='lat' dir='ltr'><strong>sancta</strong></span> <span class='ocrx_word' id='word_1_198' title='bbox 1384 2883 1606 2937; x_wconf 88' lang='lat' dir='ltr'><strong>canibus</strong></span> <span class='ocrx_word' id='word_1_199' title='bbox 1629 2883 1793 2942; x_wconf 89' lang='lat' dir='ltr'><strong>dare:</strong></span> <span class='ocrx_word' id='word_1_200' title='bbox 1819 2901 1878 2938; x_wconf 85' lang='lat' dir='ltr'><strong>se</strong></span> 
     </span>
    </p>
   </div>
   <div class='ocr_carea' id='block_1_30' title="bbox 287 2967 1877 3043">
    <p class='ocr_par' dir='ltr' id='par_1_30' title="bbox 287 2967 1877 3043">
     <span class='ocr_line' id='line_1_30' title="bbox 287 2967 1877 3043; baseline 0.008 -27"><span class='ocrx_word' id='word_1_201' title='bbox 287 2980 422 3017; x_wconf 76' lang='lat' dir='ltr'><strong>vero</strong></span> <span class='ocrx_word' id='word_1_202' title='bbox 455 2967 760 3035; x_wconf 89' lang='lat' dir='ltr'><strong>neutiquam</strong></span> <span class='ocrx_word' id='word_1_203' title='bbox 806 2983 960 3035; x_wconf 79' lang='lat' dir='ltr'><strong>posse</strong></span> <span class='ocrx_word' id='word_1_204' title='bbox 1005 2969 1308 3025; x_wconf 81' lang='lat' dir='ltr'><strong>Catholicos</strong></span> <span class='ocrx_word' id='word_1_205' title='bbox 1347 2973 1413 3026; x_wconf 88' lang='lat' dir='ltr'><strong>ab</strong></span> <span class='ocrx_word' id='word_1_206' title='bbox 1439 2973 1660 3027; x_wconf 66' lang='lat' dir='ltr'><strong>ecclesia</strong></span> <span class='ocrx_word' id='word_1_207' title='bbox 1689 2977 1877 3043; x_wconf 88' lang='lat' dir='ltr'><strong>quavis</strong></span> 
     </span>
    </p>
   </div>
   <div class='ocr_carea' id='block_1_31' title="bbox 285 3059 1872 3131">
    <p class='ocr_par' dir='ltr' id='par_1_31' title="bbox 285 3059 1872 3131">
     <span class='ocr_line' id='line_1_31' title="bbox 285 3059 1872 3131; baseline 0.004 -21"><span class='ocrx_word' id='word_1_208' title='bbox 285 3059 485 3124; x_wconf 79' lang='lat' dir='ltr'><strong>ejicere</strong></span> <span class='ocrx_word' id='word_1_209' title='bbox 508 3099 521 3122; x_wconf 94' lang='lat'><strong>,</strong></span> <span class='ocrx_word' id='word_1_210' title='bbox 554 3069 612 3110; x_wconf 92' lang='lat' dir='ltr'><strong>ut</strong></span> <span class='ocrx_word' id='word_1_211' title='bbox 658 3059 870 3113; x_wconf 92' lang='lat' dir='ltr'><strong>inducat</strong></span> <span class='ocrx_word' id='word_1_212' title='bbox 908 3061 1134 3114; x_wconf 81' lang='lat' dir='ltr'><strong>Arianos</strong></span> <span class='ocrx_word' id='word_1_213' title='bbox 1157 3102 1172 3127; x_wconf 94' lang='lat'><strong>,</strong></span> <span class='ocrx_word' id='word_1_214' title='bbox 1214 3063 1302 3131; x_wconf 91' lang='lat' dir='ltr'><strong>qui</strong></span> <span class='ocrx_word' id='word_1_215' title='bbox 1336 3063 1388 3116; x_wconf 90' lang='lat' dir='ltr'><strong>in</strong></span> <span class='ocrx_word' id='word_1_216' title='bbox 1428 3062 1616 3116; x_wconf 83' lang='lat' dir='ltr'><strong>Filium</strong></span> <span class='ocrx_word' id='word_1_217' title='bbox 1646 3066 1735 3118; x_wconf 90' lang='lat' dir='ltr'><strong>Dei</strong></span> <span class='ocrx_word' id='word_1_218' title='bbox 1763 3066 1872 3118; x_wconf 85' lang='lat' dir='ltr'><strong>bla-</strong></span> 
     </span>
    </p>
   </div>
   <div class='ocr_carea' id='block_1_32' title="bbox 280 3150 1873 3224">
    <p class='ocr_par' dir='ltr' id='par_1_32' title="bbox 280 3150 1873 3224">
     <span class='ocr_line' id='line_1_32' title="bbox 280 3150 1873 3224; baseline 0.001 -21"><span class='ocrx_word' id='word_1_219' title='bbox 280 3150 508 3217; x_wconf 71' lang='lat' dir='ltr'><strong>Sphema</strong></span> <span class='ocrx_word' id='word_1_220' title='bbox 547 3151 864 3219; x_wconf 86' lang='lat' dir='ltr'><strong>proferrent,</strong></span> <span class='ocrx_word' id='word_1_221' title='bbox 909 3168 1080 3221; x_wconf 89' lang='lat' dir='ltr'><strong>neque</strong></span> <span class='ocrx_word' id='word_1_222' title='bbox 1111 3163 1255 3224; x_wconf 83' lang='lat' dir='ltr'><strong>metu</strong></span> <span class='ocrx_word' id='word_1_223' title='bbox 1285 3153 1500 3208; x_wconf 82' lang='lat' dir='ltr'><strong>barbari</strong></span> <span class='ocrx_word' id='word_1_224' title='bbox 1530 3153 1727 3209; x_wconf 88' lang='lat' dir='ltr'><strong>debere</strong></span> <span class='ocrx_word' id='word_1_225' title='bbox 1757 3172 1873 3208; x_wconf 87' lang='lat' dir='ltr'><strong>tuo-</strong></span> 
     </span>
    </p>
   </div>
   <div class='ocr_carea' id='block_1_33' title="bbox 280 3242 1870 3315">
    <p class='ocr_par' dir='ltr' id='par_1_33' title="bbox 280 3242 1870 3315">
     <span class='ocr_line' id='line_1_33' title="bbox 280 3242 1870 3315; baseline 0.005 -25"><span class='ocrx_word' id='word_1_226' title='bbox 280 3242 393 3294; x_wconf 79' lang='lat' dir='ltr'><strong>veri</strong></span> <span class='ocrx_word' id='word_1_227' title='bbox 418 3260 430 3294; x_wconf 92' lang='lat'>:</span> <span class='ocrx_word' id='word_1_228' title='bbox 455 3242 549 3294; x_wconf 88' lang='lat' dir='ltr'><strong>sed</strong></span> <span class='ocrx_word' id='word_1_229' title='bbox 577 3243 763 3297; x_wconf 88' lang='lat' dir='ltr'><strong>ambos</strong></span> <span class='ocrx_word' id='word_1_230' title='bbox 781 3244 1044 3298; x_wconf 73' lang='lat' dir='ltr'><strong>advoc:nre</strong></span> <span class='ocrx_word' id='word_1_231' title='bbox 1066 3256 1235 3314; x_wconf 84' lang='lat' dir='ltr'><strong>rogat,</strong></span> <span class='ocrx_word' id='word_1_232' title='bbox 1259 3260 1316 3299; x_wconf 92' lang='lat' dir='ltr'><strong>se</strong></span> <span class='ocrx_word' id='word_1_233' title='bbox 1341 3261 1530 3315; x_wconf 88' lang='lat' dir='ltr'><strong>nempe</strong></span> <span class='ocrx_word' id='word_1_234' title='bbox 1551 3255 1606 3299; x_wconf 91' lang='lat' dir='ltr'><strong>et</strong></span> <span class='ocrx_word' id='word_1_235' title='bbox 1626 3245 1870 3310; x_wconf 83' lang='lat' dir='ltr'><strong>Gainatu,</strong></span> 
     </span>
    </p>
   </div>
   <div class='ocr_carea' id='block_1_34' title="bbox 276 3335 1870 3403">
    <p class='ocr_par' dir='ltr' id='par_1_34' title="bbox 276 3335 1870 3403">
     <span class='ocr_line' id='line_1_34' title="bbox 276 3335 1870 3403; baseline 0.003 -18"><span class='ocrx_word' id='word_1_236' title='bbox 276 3348 610 3403; x_wconf 72' lang='lat' dir='ltr'><strong>sperareqne</strong></span> <span class='ocrx_word' id='word_1_237' title='bbox 653 3350 712 3388; x_wconf 89' lang='lat' dir='ltr'><strong>se</strong></span> <span class='ocrx_word' id='word_1_238' title='bbox 767 3335 911 3388; x_wconf 91' lang='lat' dir='ltr'><strong>illum</strong></span> <span class='ocrx_word' id='word_1_239' title='bbox 962 3351 1028 3390; x_wconf 91' lang='lat' dir='ltr'><strong>eo</strong></span> <span class='ocrx_word' id='word_1_240' title='bbox 1072 3336 1426 3390; x_wconf 88' lang='lat' dir='ltr'><strong>adducturum</strong></span> <span class='ocrx_word' id='word_1_241' title='bbox 1470 3352 1626 3402; x_wconf 81' lang='lat' dir='ltr'><strong>esse,</strong></span> <span class='ocrx_word' id='word_1_242' title='bbox 1681 3347 1870 3390; x_wconf 90' lang='lat' dir='ltr'><strong>utnon</strong></span> 
     </span>
    </p>
   </div>
   <div class='ocr_carea' id='block_1_35' title="bbox 276 3426 1874 3498">
    <p class='ocr_par' dir='ltr' id='par_1_35' title="bbox 276 3426 1874 3498">
     <span class='ocr_line' id='line_1_35' title="bbox 276 3426 1874 3498; baseline 0.004 -23"><span class='ocrx_word' id='word_1_243' title='bbox 276 3427 416 3477; x_wconf 85' lang='lat' dir='ltr'><strong>ultra</strong></span> <span class='ocrx_word' id='word_1_244' title='bbox 451 3426 599 3494; x_wconf 89' lang='lat' dir='ltr'><strong>paria</strong></span> <span class='ocrx_word' id='word_1_245' title='bbox 629 3428 938 3495; x_wconf 87' lang='lat' dir='ltr'><strong>postularet.</strong></span> <span class='ocrx_word' id='word_1_246' title='bbox 981 3428 1074 3481; x_wconf 91' lang='lat' dir='ltr'><strong>llis</strong></span> <span class='ocrx_word' id='word_1_247' title='bbox 1104 3429 1300 3482; x_wconf 88' lang='lat' dir='ltr'><strong>auditis</strong></span> <span class='ocrx_word' id='word_1_248' title='bbox 1326 3428 1626 3498; x_wconf 87' lang='lat' dir='ltr'><strong>Imperator</strong></span> <span class='ocrx_word' id='word_1_249' title='bbox 1656 3447 1874 3498; x_wconf 79' lang='lat' dir='ltr'><strong>magno-</strong></span> 
     </span>
    </p>
   </div>
   <div class='ocr_carea' id='block_1_36' title="bbox 273 3516 1868 3588">
    <p class='ocr_par' dir='ltr' id='par_1_36' title="bbox 273 3516 1868 3588">
     <span class='ocr_line' id='line_1_36' title="bbox 273 3516 1868 3588; baseline 0.006 -23"><span class='ocrx_word' id='word_1_250' title='bbox 273 3531 408 3584; x_wconf 88' lang='lat' dir='ltr'><strong>pere</strong></span> <span class='ocrx_word' id='word_1_251' title='bbox 435 3516 649 3585; x_wconf 84' lang='lat' dir='ltr'><strong>gavisus</strong></span> <span class='ocrx_word' id='word_1_252' title='bbox 675 3527 756 3570; x_wconf 90' lang='lat' dir='ltr'><strong>est</strong></span> <span class='ocrx_word' id='word_1_253' title='bbox 778 3558 794 3584; x_wconf 84' lang='lat'><strong>,</strong></span> <span class='ocrx_word' id='word_1_254' title='bbox 834 3529 887 3571; x_wconf 90' lang='lat' dir='ltr'><strong>et</strong></span> <span class='ocrx_word' id='word_1_255' title='bbox 915 3519 1170 3588; x_wconf 88' lang='lat' dir='ltr'><strong>postridie</strong></span> <span class='ocrx_word' id='word_1_256' title='bbox 1198 3529 1480 3587; x_wconf 87' lang='lat' dir='ltr'><strong>utrumque</strong></span> <span class='ocrx_word' id='word_1_257' title='bbox 1503 3520 1660 3588; x_wconf 83' lang='lat' dir='ltr'><strong>jussit</strong></span> <span class='ocrx_word' id='word_1_258' title='bbox 1688 3522 1868 3575; x_wconf 88' lang='lat' dir='ltr'><strong>acciri.</strong></span> 
     </span>
    </p>
   </div>
   <div class='ocr_carea' id='block_1_37' title="bbox 270 3606 1867 3683">
    <p class='ocr_par' dir='ltr' id='par_1_37' title="bbox 270 3606 1867 3683">
     <span class='ocr_line' id='line_1_37' title="bbox 270 3606 1867 3683; baseline 0.003 -24"><span class='ocrx_word' id='word_1_259' title='bbox 270 3608 524 3660; x_wconf 79' lang='lat' dir='ltr'><strong>Accessit</strong></span> <span class='ocrx_word' id='word_1_260' title='bbox 566 3607 764 3662; x_wconf 88' lang='lat' dir='ltr'><strong>Gainas</strong></span> <span class='ocrx_word' id='word_1_261' title='bbox 805 3606 1035 3682; x_wconf 74' lang='lat' dir='ltr'><strong>(Sozam.</strong></span> <span class='ocrx_word' id='word_1_262' title='bbox 1086 3610 1122 3663; x_wconf 84' lang='grc' dir='ltr'><strong>Ι.</strong></span> <span class='ocrx_word' id='word_1_263' title='bbox 1164 3612 1217 3665; x_wconf 87' lang='grc'><strong>8.</strong></span> <span class='ocrx_word' id='word_1_264' title='bbox 1265 3627 1310 3663; x_wconf 86' lang='lat' dir='ltr'><strong>c.</strong></span> <span class='ocrx_word' id='word_1_265' title='bbox 1353 3610 1445 3683; x_wconf 68' lang='lat'><strong>4);</strong></span> <span class='ocrx_word' id='word_1_266' title='bbox 1494 3613 1664 3665; x_wconf 80' lang='lat' dir='ltr'><strong>adfuit</strong></span> <span class='ocrx_word' id='word_1_267' title='bbox 1708 3615 1867 3666; x_wconf 90' lang='lat' dir='ltr'><strong>etiam</strong></span> 
     </span>
    </p>
   </div>
   <div class='ocr_carea' id='block_1_38' title="bbox 269 3700 1868 3777">
    <p class='ocr_par' dir='ltr' id='par_1_38' title="bbox 269 3700 1868 3777">
     <span class='ocr_line' id='line_1_38' title="bbox 269 3700 1868 3777; baseline 0.006 -26"><span class='ocrx_word' id='word_1_268' title='bbox 269 3700 694 3770; x_wconf 72' lang='lat' dir='ltr'><strong>tlhrysostonms</strong></span> <span class='ocrx_word' id='word_1_269' title='bbox 719 3715 839 3756; x_wconf 90' lang='lat' dir='ltr'><strong>eum</strong></span> <span class='ocrx_word' id='word_1_270' title='bbox 869 3704 1140 3773; x_wconf 78' lang='lat' dir='ltr'><strong>episcopis</strong></span> <span class='ocrx_word' id='word_1_271' title='bbox 1167 3705 1256 3773; x_wconf 83' lang='lat' dir='ltr'><strong>qui</strong></span> <span class='ocrx_word' id='word_1_272' title='bbox 1286 3713 1394 3758; x_wconf 91' lang='lat' dir='ltr'><strong>tum</strong></span> <span class='ocrx_word' id='word_1_273' title='bbox 1412 3703 1868 3777; x_wconf 85' lang='lat' dir='ltr'><strong>ConstantinOpoli</strong></span> 
     </span>
    </p>
   </div>
   <div class='ocr_carea' id='block_1_39' title="bbox 270 3788 1211 3864">
    <p class='ocr_par' dir='ltr' id='par_1_39' title="bbox 270 3788 1211 3864">
     <span class='ocr_line' id='line_1_39' title="bbox 270 3788 1211 3864; baseline 0.003 -22"><span class='ocrx_word' id='word_1_274' title='bbox 270 3800 434 3842; x_wconf 86' lang='lat' dir='ltr'><strong>erant</strong></span> <span class='ocrx_word' id='word_1_275' title='bbox 474 3788 802 3861; x_wconf 70' lang='lat' dir='ltr'><strong>(Theodorei.</strong></span> <span class='ocrx_word' id='word_1_276' title='bbox 843 3793 878 3845; x_wconf 88' lang='grc' dir='ltr'>ι.</span> <span class='ocrx_word' id='word_1_277' title='bbox 917 3793 972 3848; x_wconf 80' lang='lat'><strong>5.</strong></span> <span class='ocrx_word' id='word_1_278' title='bbox 1012 3809 1058 3846; x_wconf 75' lang='grc' dir='ltr'><strong>ε.</strong></span> <span class='ocrx_word' id='word_1_279' title='bbox 1099 3793 1211 3864; x_wconf 75' lang='lat'><strong>59.).</strong></span> 
     </span>
    </p>
   </div>
   <div class='ocr_carea' id='block_1_40' title="bbox 345 3881 1869 3954">
    <p class='ocr_par' dir='ltr' id='par_1_40' title="bbox 345 3881 1869 3954">
     <span class='ocr_line' id='line_1_40' title="bbox 345 3881 1869 3954; baseline 0.005 -21"><span class='ocrx_word' id='word_1_280' title='bbox 345 3881 544 3934; x_wconf 66' lang='lat' dir='ltr'><strong>(inlitus</strong></span> <span class='ocrx_word' id='word_1_281' title='bbox 594 3899 624 3934; x_wconf 91' lang='lat' dir='ltr'><strong>a</strong></span> <span class='ocrx_word' id='word_1_282' title='bbox 677 3883 1032 3954; x_wconf 82' lang='lat' dir='ltr'><strong>Chrysoslomo</strong></span> <span class='ocrx_word' id='word_1_283' title='bbox 1088 3901 1368 3954; x_wconf 84' lang='lat' dir='ltr'><strong>repressus.</strong></span> <span class='ocrx_word' id='word_1_284' title='bbox 1401 3914 1470 3926; x_wconf 91' lang='lat'><strong>-—</strong></span> <span class='ocrx_word' id='word_1_285' title='bbox 1497 3885 1631 3940; x_wconf 88' lang='lat' dir='ltr'><strong>Tum</strong></span> <span class='ocrx_word' id='word_1_286' title='bbox 1673 3887 1869 3941; x_wconf 82' lang='lat' dir='ltr'><strong>Gaiuas</strong></span> 
     </span>
    </p>
   </div>
   <div class='ocr_carea' id='block_1_41' title="bbox 271 3973 1863 4046">
    <p class='ocr_par' dir='ltr' id='par_1_41' title="bbox 271 3973 1863 4046">
     <span class='ocr_line' id='line_1_41' title="bbox 271 3973 1863 4046; baseline 0.008 -26"><span class='ocrx_word' id='word_1_287' title='bbox 271 3974 538 4041; x_wconf 83' lang='lat' dir='ltr'><strong>promissa</strong></span> <span class='ocrx_word' id='word_1_288' title='bbox 581 3973 680 4026; x_wconf 89' lang='lat' dir='ltr'><strong>sibi</strong></span> <span class='ocrx_word' id='word_1_289' title='bbox 724 3974 835 4028; x_wconf 87' lang='lat' dir='ltr'><strong>dari</strong></span> <span class='ocrx_word' id='word_1_290' title='bbox 880 3974 1168 4046; x_wconf 86' lang='lat' dir='ltr'><strong>ﬂagitabat.</strong></span> <span class='ocrx_word' id='word_1_291' title='bbox 1216 3977 1558 4031; x_wconf 85' lang='lat' dir='ltr'><strong>ReeLunabat</strong></span> <span class='ocrx_word' id='word_1_292' title='bbox 1603 3977 1863 4043; x_wconf 79' lang='lat' dir='ltr'><strong>Joannes,</strong></span> 
     </span>
    </p>
   </div>
   <div class='ocr_carea' id='block_1_42' title="bbox 271 4069 1865 4142">
    <p class='ocr_par' dir='ltr' id='par_1_42' title="bbox 271 4069 1865 4142">
     <span class='ocr_line' id='line_1_42' title="bbox 271 4069 1865 4142; baseline 0.004 -22"><span class='ocrx_word' id='word_1_293' title='bbox 271 4085 380 4120; x_wconf 90' lang='lat' dir='ltr'><strong>non</strong></span> <span class='ocrx_word' id='word_1_294' title='bbox 421 4069 584 4123; x_wconf 90' lang='lat' dir='ltr'><strong>licere</strong></span> <span class='ocrx_word' id='word_1_295' title='bbox 624 4072 931 4139; x_wconf 86' lang='lat' dir='ltr'><strong>Imperatori</strong></span> <span class='ocrx_word' id='word_1_296' title='bbox 966 4074 1053 4142; x_wconf 92' lang='lat' dir='ltr'><strong>qui</strong></span> <span class='ocrx_word' id='word_1_297' title='bbox 1083 4073 1220 4141; x_wconf 82' lang='lat' dir='ltr'><strong>piam</strong></span> <span class='ocrx_word' id='word_1_298' title='bbox 1252 4072 1563 4142; x_wconf 70' lang='lat' dir='ltr'><strong>religionem</strong></span> <span class='ocrx_word' id='word_1_299' title='bbox 1587 4074 1865 4142; x_wconf 81' lang='lat' dir='ltr'><strong>profitere-</strong></span> 
     </span>
    </p>
   </div>
   <div class='ocr_carea' id='block_1_43' title="bbox 271 4161 1868 4234">
    <p class='ocr_par' dir='ltr' id='par_1_43' title="bbox 271 4161 1868 4234">
     <span class='ocr_line' id='line_1_43' title="bbox 271 4161 1868 4234; baseline 0.004 -22"><span class='ocrx_word' id='word_1_300' title='bbox 271 4172 359 4212; x_wconf 87' lang='lat' dir='ltr'><strong>tur</strong></span> <span class='ocrx_word' id='word_1_301' title='bbox 385 4201 400 4224; x_wconf 95' lang='lat'><strong>,</strong></span> <span class='ocrx_word' id='word_1_302' title='bbox 444 4161 701 4216; x_wconf 84' lang='lat' dir='ltr'><strong>adversus</strong></span> <span class='ocrx_word' id='word_1_303' title='bbox 738 4177 825 4216; x_wconf 87' lang='lat' dir='ltr'><strong>res</strong></span> <span class='ocrx_word' id='word_1_304' title='bbox 876 4163 1082 4218; x_wconf 89' lang='lat' dir='ltr'><strong>divinas</strong></span> <span class='ocrx_word' id='word_1_305' title='bbox 1119 4164 1403 4234; x_wconf 86' lang='lat' dir='ltr'><strong>quidquam</strong></span> <span class='ocrx_word' id='word_1_306' title='bbox 1440 4173 1721 4217; x_wconf 86' lang='lat' dir='ltr'><strong>attentare.</strong></span> <span class='ocrx_word' id='word_1_307' title='bbox 1767 4164 1868 4218; x_wconf 75' lang='lat' dir='ltr'><strong>lle-</strong></span> 
     </span>
    </p>
   </div>
   <div class='ocr_carea' id='block_1_44' title="bbox 271 4255 1863 4331">
    <p class='ocr_par' dir='ltr' id='par_1_44' title="bbox 271 4255 1863 4331">
     <span class='ocr_line' id='line_1_44' title="bbox 271 4255 1863 4331; baseline 0.007 -30"><span class='ocrx_word' id='word_1_308' title='bbox 271 4255 426 4322; x_wconf 78' lang='lat' dir='ltr'><strong>ponit</strong></span> <span class='ocrx_word' id='word_1_309' title='bbox 454 4256 718 4324; x_wconf 82' lang='lat' dir='ltr'><strong>Gotthns,</strong></span> <span class='ocrx_word' id='word_1_310' title='bbox 765 4273 973 4327; x_wconf 71' lang='lat' dir='ltr'><strong>mquam</strong></span> <span class='ocrx_word' id='word_1_311' title='bbox 1022 4274 1141 4314; x_wconf 89' lang='lat' dir='ltr'><strong>esse</strong></span> <span class='ocrx_word' id='word_1_312' title='bbox 1188 4267 1245 4313; x_wconf 89' lang='lat' dir='ltr'><strong>ut</strong></span> <span class='ocrx_word' id='word_1_313' title='bbox 1289 4261 1401 4331; x_wconf 88' lang='lat' dir='ltr'><strong>ipse</strong></span> <span class='ocrx_word' id='word_1_314' title='bbox 1444 4275 1654 4329; x_wconf 88' lang='lat' dir='ltr'><strong>quoque</strong></span> <span class='ocrx_word' id='word_1_315' title='bbox 1694 4259 1863 4312; x_wconf 84' lang='lat' dir='ltr'><strong>a:dem</strong></span> 
     </span>
    </p>
   </div>
   <div class='ocr_carea' id='block_1_45' title="bbox 265 4349 1864 4422">
    <p class='ocr_par' dir='ltr' id='par_1_45' title="bbox 265 4349 1864 4422">
     <span class='ocr_line' id='line_1_45' title="bbox 265 4349 1864 4422; baseline 0.006 -25"><span class='ocrx_word' id='word_1_316' title='bbox 265 4361 502 4410; x_wconf 68' lang='lat' dir='ltr'><strong>sacram,</strong></span> <span class='ocrx_word' id='word_1_317' title='bbox 532 4349 706 4418; x_wconf 88' lang='lat' dir='ltr'><strong>inqua</strong></span> <span class='ocrx_word' id='word_1_318' title='bbox 732 4359 1061 4418; x_wconf 87' lang='lat' dir='ltr'><strong>precaretur,</strong></span> <span class='ocrx_word' id='word_1_319' title='bbox 1097 4351 1332 4405; x_wconf 90' lang='lat' dir='ltr'><strong>haberet.</strong></span> <span class='ocrx_word' id='word_1_320' title='bbox 1361 4352 1494 4406; x_wconf 87' lang='lat' dir='ltr'><strong>Tum</strong></span> <span class='ocrx_word' id='word_1_321' title='bbox 1525 4368 1747 4422; x_wconf 89' lang='lat' dir='ltr'><strong>magnus</strong></span> <span class='ocrx_word' id='word_1_322' title='bbox 1777 4352 1864 4406; x_wconf 89' lang='lat' dir='ltr'><strong>ille</strong></span> 
     </span>
    </p>
   </div>
   <div class='ocr_carea' id='block_1_46' title="bbox 268 4436 1860 4512">
    <p class='ocr_par' dir='ltr' id='par_1_46' title="bbox 268 4436 1860 4512">
     <span class='ocr_line' id='line_1_46' title="bbox 268 4436 1860 4512; baseline 0.002 -20"><span class='ocrx_word' id='word_1_323' title='bbox 268 4436 506 4493; x_wconf 77' lang='lat' dir='ltr'><strong>Joannes</strong></span> <span class='ocrx_word' id='word_1_324' title='bbox 526 4458 538 4491; x_wconf 76' lang='grc' dir='ltr'>ε</span> <span class='ocrx_word' id='word_1_325' title='bbox 562 4439 749 4493; x_wconf 81' lang='lat' dir='ltr'><strong>Omnes</strong></span> <span class='ocrx_word' id='word_1_326' title='bbox 772 4441 858 4493; x_wconf 87' lang='lat' dir='ltr'><strong>tibi</strong></span> <span class='ocrx_word' id='word_1_327' title='bbox 881 4451 1071 4512; x_wconf 66' lang='lat' dir='ltr'><strong>aperta:</strong></span> <span class='ocrx_word' id='word_1_328' title='bbox 1096 4452 1210 4496; x_wconf 85' lang='lat' dir='ltr'><strong>sunt</strong></span> <span class='ocrx_word' id='word_1_329' title='bbox 1237 4445 1370 4497; x_wconf 75' lang='lat' dir='ltr'><strong>wdes</strong></span> <span class='ocrx_word' id='word_1_330' title='bbox 1395 4459 1572 4509; x_wconf 71' lang='lat' dir='ltr'><strong>sacraz,</strong></span> <span class='ocrx_word' id='word_1_331' title='bbox 1601 4459 1693 4497; x_wconf 86' lang='lat' dir='ltr'><strong>nec</strong></span> <span class='ocrx_word' id='word_1_332' title='bbox 1723 4442 1860 4496; x_wconf 88' lang='lat' dir='ltr'><strong>ullus</strong></span> 
     </span>
    </p>
   </div>
   <div class='ocr_carea' id='block_1_47' title="bbox 268 4530 1863 4607">
    <p class='ocr_par' dir='ltr' id='par_1_47' title="bbox 268 4530 1863 4607">
     <span class='ocr_line' id='line_1_47' title="bbox 268 4530 1863 4607; baseline 0.005 -27"><span class='ocrx_word' id='word_1_333' title='bbox 268 4530 468 4583; x_wconf 81' lang='lat' dir='ltr'><strong>aditum</strong></span> <span class='ocrx_word' id='word_1_334' title='bbox 509 4531 807 4598; x_wconf 79' lang='lat' dir='ltr'><strong>prohibebit,</strong></span> <span class='ocrx_word' id='word_1_335' title='bbox 849 4533 892 4586; x_wconf 92' lang='lat' dir='ltr'><strong>si</strong></span> <span class='ocrx_word' id='word_1_336' title='bbox 934 4535 1129 4603; x_wconf 83' lang='lat' dir='ltr'><strong>precari</strong></span> <span class='ocrx_word' id='word_1_337' title='bbox 1167 4535 1404 4588; x_wconf 84' lang='lat' dir='ltr'><strong>volueris.</strong></span> <span class='ocrx_word' id='word_1_338' title='bbox 1443 4536 1505 4588; x_wconf 80' lang='lat' dir='ltr'><strong>At</strong></span> <span class='ocrx_word' id='word_1_339' title='bbox 1536 4553 1657 4607; x_wconf 75' lang='lat' dir='ltr'><strong>ego,</strong></span> <span class='ocrx_word' id='word_1_340' title='bbox 1696 4536 1863 4605; x_wconf 83' lang='lat' dir='ltr'><strong>inquit</strong></span> 
     </span>
    </p>
   </div>
   <div class='ocr_carea' id='block_1_48' title="bbox 269 4622 1862 4690">
    <p class='ocr_par' dir='ltr' id='par_1_48' title="bbox 269 4622 1862 4690">
     <span class='ocr_line' id='line_1_48' title="bbox 269 4622 1862 4690; baseline 0.004 -15"><span class='ocrx_word' id='word_1_341' title='bbox 269 4622 488 4690; x_wconf 81' lang='lat' dir='ltr'><strong>Gaiuas,</strong></span> <span class='ocrx_word' id='word_1_342' title='bbox 537 4624 747 4678; x_wconf 78' lang='lat' dir='ltr'><strong>alterius</strong></span> <span class='ocrx_word' id='word_1_343' title='bbox 785 4641 896 4678; x_wconf 85' lang='lat' dir='ltr'><strong>sum</strong></span> <span class='ocrx_word' id='word_1_344' title='bbox 933 4635 1113 4690; x_wconf 78' lang='lat' dir='ltr'><strong>sectw,</strong></span> <span class='ocrx_word' id='word_1_345' title='bbox 1155 4636 1202 4680; x_wconf 87' lang='lat' dir='ltr'><strong>et</strong></span> <span class='ocrx_word' id='word_1_346' title='bbox 1241 4643 1356 4679; x_wconf 87' lang='lat' dir='ltr'><strong>cum</strong></span> <span class='ocrx_word' id='word_1_347' title='bbox 1391 4629 1704 4681; x_wconf 74' lang='lat' dir='ltr'><strong>consortibus</strong></span> <span class='ocrx_word' id='word_1_348' title='bbox 1741 4629 1862 4681; x_wconf 88' lang='lat' dir='ltr'><strong>meis</strong></span> 
     </span>
    </p>
   </div>
   <div class='ocr_carea' id='block_1_49' title="bbox 269 4716 1864 4790">
    <p class='ocr_par' dir='ltr' id='par_1_49' title="bbox 269 4716 1864 4790">
     <span class='ocr_line' id='line_1_49' title="bbox 269 4716 1864 4790; baseline 0.004 -24"><span class='ocrx_word' id='word_1_349' title='bbox 269 4730 423 4766; x_wconf 75' lang='lat' dir='ltr'><strong>uitam</strong></span> <span class='ocrx_word' id='word_1_350' title='bbox 451 4716 716 4769; x_wconf 82' lang='lat' dir='ltr'><strong>erclesiam</strong></span> <span class='ocrx_word' id='word_1_351' title='bbox 744 4728 888 4784; x_wconf 83' lang='lat' dir='ltr'><strong>peto;</strong></span> <span class='ocrx_word' id='word_1_352' title='bbox 918 4719 1070 4788; x_wconf 81' lang='lat' dir='ltr'><strong>idque</strong></span> <span class='ocrx_word' id='word_1_353' title='bbox 1088 4720 1208 4789; x_wconf 84' lang='lat' dir='ltr'><strong>jure</strong></span> <span class='ocrx_word' id='word_1_354' title='bbox 1227 4720 1350 4772; x_wconf 87' lang='lat' dir='ltr'><strong>mihi</strong></span> <span class='ocrx_word' id='word_1_355' title='bbox 1371 4730 1534 4790; x_wconf 87' lang='lat' dir='ltr'><strong>petere</strong></span> <span class='ocrx_word' id='word_1_356' title='bbox 1553 4719 1749 4784; x_wconf 80' lang='lat' dir='ltr'><strong>videor,</strong></span> <span class='ocrx_word' id='word_1_357' title='bbox 1778 4721 1864 4787; x_wconf 87' lang='lat' dir='ltr'><strong>qui</strong></span> 
     </span>
    </p>
   </div>
   <div class='ocr_carea' id='block_1_50' title="bbox 268 4807 1857 4878">
    <p class='ocr_par' dir='ltr' id='par_1_50' title="bbox 268 4807 1857 4878">
     <span class='ocr_line' id='line_1_50' title="bbox 268 4807 1857 4878; baseline 0.004 -21"><span class='ocrx_word' id='word_1_358' title='bbox 268 4807 426 4859; x_wconf 85' lang='lat' dir='ltr'><strong>multa</strong></span> <span class='ocrx_word' id='word_1_359' title='bbox 471 4823 564 4876; x_wconf 83' lang='lat' dir='ltr'><strong>pro</strong></span> <span class='ocrx_word' id='word_1_360' title='bbox 613 4807 855 4862; x_wconf 84' lang='lat' dir='ltr'><strong>Romanis</strong></span> <span class='ocrx_word' id='word_1_361' title='bbox 901 4809 1148 4864; x_wconf 88' lang='lat' dir='ltr'><strong>bellorum</strong></span> <span class='ocrx_word' id='word_1_362' title='bbox 1204 4811 1502 4864; x_wconf 82' lang='lat' dir='ltr'><strong>discrimina</strong></span> <span class='ocrx_word' id='word_1_363' title='bbox 1551 4811 1857 4878; x_wconf 78' lang='lat' dir='ltr'><strong>pertulerim.</strong></span> 
     </span>
    </p>
   </div>
   <div class='ocr_carea' id='block_1_51' title="bbox 269 4898 1860 4972">
    <p class='ocr_par' dir='ltr' id='par_1_51' title="bbox 269 4898 1860 4972">
     <span class='ocr_line' id='line_1_51' title="bbox 269 4898 1860 4972; baseline 0.004 -20"><span class='ocrx_word' id='word_1_364' title='bbox 269 4899 347 4952; x_wconf 71' lang='lat' dir='ltr'><strong>Ad</strong></span> <span class='ocrx_word' id='word_1_365' title='bbox 379 4898 494 4953; x_wconf 78' lang='lat' dir='ltr'><strong>inec</strong></span> <span class='ocrx_word' id='word_1_366' title='bbox 516 4898 752 4954; x_wconf 77' lang='lat' dir='ltr'><strong>Joannes</strong></span> <span class='ocrx_word' id='word_1_367' title='bbox 778 4919 790 4955; x_wconf 88' lang='lat'>:</span> <span class='ocrx_word' id='word_1_368' title='bbox 814 4902 918 4956; x_wconf 81' lang='lat' dir='ltr'><strong>Sed</strong></span> <span class='ocrx_word' id='word_1_369' title='bbox 946 4903 1117 4965; x_wconf 83' lang='lat' dir='ltr'><strong>habes,</strong></span> <span class='ocrx_word' id='word_1_370' title='bbox 1148 4903 1337 4972; x_wconf 85' lang='lat' dir='ltr'><strong>inquit,</strong></span> <span class='ocrx_word' id='word_1_371' title='bbox 1369 4904 1578 4970; x_wconf 70' lang='lat' dir='ltr'><strong>prwmia</strong></span> <span class='ocrx_word' id='word_1_372' title='bbox 1607 4904 1860 4958; x_wconf 82' lang='lat' dir='ltr'><strong>laboribus</strong></span> 
     </span>
    </p>
   </div>
   <div class='ocr_carea' id='block_1_52' title="bbox 265 4985 1861 5065">
    <p class='ocr_par' dir='ltr' id='par_1_52' title="bbox 265 4985 1861 5065">
     <span class='ocr_line' id='line_1_52' title="bbox 265 4985 1861 5065; baseline 0.006 -26"><span class='ocrx_word' id='word_1_373' title='bbox 265 4991 363 5042; x_wconf 85' lang='lat' dir='ltr'><strong>tuis</strong></span> <span class='ocrx_word' id='word_1_374' title='bbox 391 4990 545 5060; x_wconf 69' lang='lat' dir='ltr'><strong>longe</strong></span> <span class='ocrx_word' id='word_1_375' title='bbox 567 4993 764 5060; x_wconf 84' lang='lat' dir='ltr'><strong>majora</strong></span> <span class='ocrx_word' id='word_1_376' title='bbox 785 5007 803 5043; x_wconf 93' lang='lat'><strong><em>:</em></strong></span> <span class='ocrx_word' id='word_1_377' title='bbox 821 4985 939 5045; x_wconf 74' lang='lat' dir='ltr'><strong>nam</strong></span> <span class='ocrx_word' id='word_1_378' title='bbox 975 5001 1022 5046; x_wconf 87' lang='lat' dir='ltr'><strong>et</strong></span> <span class='ocrx_word' id='word_1_379' title='bbox 1053 4992 1297 5065; x_wconf 81' lang='lat' dir='ltr'><strong>Magister</strong></span> <span class='ocrx_word' id='word_1_380' title='bbox 1327 4993 1546 5046; x_wconf 83' lang='lat' dir='ltr'><strong>militum</strong></span> <span class='ocrx_word' id='word_1_381' title='bbox 1573 5004 1788 5060; x_wconf 85' lang='lat' dir='ltr'><strong>creatus,</strong></span> <span class='ocrx_word' id='word_1_382' title='bbox 1815 5004 1861 5048; x_wconf 87' lang='lat' dir='ltr'><strong>et</strong></span> 
     </span>
    </p>
   </div>
   <div class='ocr_carea' id='block_1_53' title="bbox 265 5080 1860 5155">
    <p class='ocr_par' dir='ltr' id='par_1_53' title="bbox 265 5080 1860 5155">
     <span class='ocr_line' id='line_1_53' title="bbox 265 5080 1860 5155; baseline 0.005 -23"><span class='ocrx_word' id='word_1_383' title='bbox 265 5080 526 5135; x_wconf 76' lang='lat' dir='ltr'><strong>rausulari</strong></span> <span class='ocrx_word' id='word_1_384' title='bbox 553 5092 684 5136; x_wconf 79' lang='lat' dir='ltr'><strong>veste</strong></span> <span class='ocrx_word' id='word_1_385' title='bbox 710 5094 918 5136; x_wconf 84' lang='lat' dir='ltr'><strong>ornatus</strong></span> <span class='ocrx_word' id='word_1_386' title='bbox 946 5101 1017 5138; x_wconf 84' lang='lat' dir='ltr'><strong>es.</strong></span> <span class='ocrx_word' id='word_1_387' title='bbox 1052 5084 1348 5140; x_wconf 83' lang='lat' dir='ltr'><strong>Consideres</strong></span> <span class='ocrx_word' id='word_1_388' title='bbox 1367 5095 1559 5155; x_wconf 85' lang='lat' dir='ltr'><strong>oportet</strong></span> <span class='ocrx_word' id='word_1_389' title='bbox 1589 5086 1710 5154; x_wconf 86' lang='lat' dir='ltr'><strong>quid</strong></span> <span class='ocrx_word' id='word_1_390' title='bbox 1739 5088 1860 5140; x_wconf 89' lang='lat' dir='ltr'><strong>olim</strong></span> 
     </span>
    </p>
   </div>
   <div class='ocr_carea' id='block_1_54' title="bbox 265 5176 1856 5251">
    <p class='ocr_par' dir='ltr' id='par_1_54' title="bbox 265 5176 1856 5251">
     <span class='ocr_line' id='line_1_54' title="bbox 265 5176 1856 5251; baseline 0.006 -26"><span class='ocrx_word' id='word_1_391' title='bbox 265 5177 423 5243; x_wconf 78' lang='lat' dir='ltr'><strong>[ueris</strong></span> <span class='ocrx_word' id='word_1_392' title='bbox 448 5186 496 5228; x_wconf 85' lang='lat' dir='ltr'><strong>et</strong></span> <span class='ocrx_word' id='word_1_393' title='bbox 523 5176 648 5245; x_wconf 86' lang='lat' dir='ltr'><strong>quid</strong></span> <span class='ocrx_word' id='word_1_394' title='bbox 678 5193 810 5229; x_wconf 83' lang='lat' dir='ltr'><strong>nunc</strong></span> <span class='ocrx_word' id='word_1_395' title='bbox 835 5179 941 5240; x_wconf 86' lang='lat' dir='ltr'><strong>sis;</strong></span> <span class='ocrx_word' id='word_1_396' title='bbox 980 5187 1170 5248; x_wconf 79' lang='lat' dir='ltr'><strong>quanta</strong></span> <span class='ocrx_word' id='word_1_397' title='bbox 1199 5181 1349 5247; x_wconf 82' lang='lat' dir='ltr'><strong>fuerit</strong></span> <span class='ocrx_word' id='word_1_398' title='bbox 1375 5180 1512 5248; x_wconf 66' lang='lat' dir='ltr'><strong>,riar</strong></span> <span class='ocrx_word' id='word_1_399' title='bbox 1533 5189 1724 5251; x_wconf 82' lang='lat' dir='ltr'><strong>egestas</strong></span> <span class='ocrx_word' id='word_1_400' title='bbox 1751 5192 1856 5242; x_wconf 86' lang='lat' dir='ltr'><strong>tua,</strong></span> 
     </span>
    </p>
   </div>
   <div class='ocr_carea' id='block_1_55' title="bbox 264 5270 1860 5338">
    <p class='ocr_par' dir='ltr' id='par_1_55' title="bbox 264 5270 1860 5338">
     <span class='ocr_line' id='line_1_55' title="bbox 264 5270 1860 5338; baseline 0.006 -21"><span class='ocrx_word' id='word_1_401' title='bbox 264 5280 452 5337; x_wconf 74' lang='lat' dir='ltr'><strong>quanta</strong></span> <span class='ocrx_word' id='word_1_402' title='bbox 482 5286 619 5322; x_wconf 80' lang='lat' dir='ltr'><strong>nunc</strong></span> <span class='ocrx_word' id='word_1_403' title='bbox 648 5287 814 5322; x_wconf 82' lang='lat' dir='ltr'><strong>rerum</strong></span> <span class='ocrx_word' id='word_1_404' title='bbox 853 5272 1033 5338; x_wconf 83' lang='lat' dir='ltr'><strong>capia;</strong></span> <span class='ocrx_word' id='word_1_405' title='bbox 1074 5270 1251 5338; x_wconf 83' lang='lat' dir='ltr'><strong>quibus</strong></span> <span class='ocrx_word' id='word_1_406' title='bbox 1301 5272 1602 5326; x_wconf 59' lang='lat' dir='ltr'><strong>vt‘stimentis</strong></span> <span class='ocrx_word' id='word_1_407' title='bbox 1636 5290 1758 5326; x_wconf 87' lang='lat' dir='ltr'><strong>usus</strong></span> <span class='ocrx_word' id='word_1_408' title='bbox 1790 5275 1860 5326; x_wconf 80' lang='lat' dir='ltr'><strong>sis</strong></span> 
     </span>
    </p>
   </div>
   <div class='ocr_carea' id='block_1_56' title="bbox 263 5350 1860 5433">
    <p class='ocr_par' dir='ltr' id='par_1_56' title="bbox 263 5350 1860 5433">
     <span class='ocr_line' id='line_1_56' title="bbox 263 5350 1860 5433; baseline 0.006 -24"><span class='ocrx_word' id='word_1_409' title='bbox 263 5363 564 5429; x_wconf 72' lang='lat' dir='ltr'><strong>priusquam</strong></span> <span class='ocrx_word' id='word_1_410' title='bbox 613 5359 806 5414; x_wconf 73' lang='lat' dir='ltr'><strong>Istrum</strong></span> <span class='ocrx_word' id='word_1_411' title='bbox 861 5363 1154 5427; x_wconf 82' lang='lat' dir='ltr'><strong>trttjiccres,</strong></span> <span class='ocrx_word' id='word_1_412' title='bbox 1206 5361 1386 5433; x_wconf 86' lang='lat' dir='ltr'><strong>quibus</strong></span> <span class='ocrx_word' id='word_1_413' title='bbox 1450 5350 1583 5416; x_wconf 71' lang='lat' dir='ltr'><strong>nunc</strong></span> <span class='ocrx_word' id='word_1_414' title='bbox 1630 5364 1860 5418; x_wconf 85' lang='lat' dir='ltr'><strong>induaris</strong></span> 
     </span>
    </p>
   </div>
   <div class='ocr_carea' id='block_1_57' title="bbox 266 5450 1855 5520">
    <p class='ocr_par' dir='ltr' id='par_1_57' title="bbox 266 5450 1855 5520">
     <span class='ocr_line' id='line_1_57' title="bbox 266 5450 1855 5520; baseline 0.003 -19"><span class='ocrx_word' id='word_1_415' title='bbox 266 5451 501 5518; x_wconf 76' lang='lat' dir='ltr'><strong>(Sozam.</strong></span> <span class='ocrx_word' id='word_1_416' title='bbox 546 5451 583 5504; x_wconf 86' lang='grc' dir='ltr'>ι.</span> <span class='ocrx_word' id='word_1_417' title='bbox 627 5450 681 5504; x_wconf 89' lang='lat'><strong>8.</strong></span> <span class='ocrx_word' id='word_1_418' title='bbox 728 5466 777 5504; x_wconf 77' lang='grc' dir='ltr'><strong>ο.</strong></span> <span class='ocrx_word' id='word_1_419' title='bbox 821 5451 899 5519; x_wconf 68' lang='grc' dir='ltr'><strong>Α).</strong></span> <span class='ocrx_word' id='word_1_420' title='bbox 944 5451 998 5504; x_wconf 92' lang='lat' dir='ltr'><strong>In</strong></span> <span class='ocrx_word' id='word_1_421' title='bbox 1030 5453 1339 5505; x_wconf 86' lang='lat' dir='ltr'><strong>memoriam</strong></span> <span class='ocrx_word' id='word_1_422' title='bbox 1374 5453 1641 5507; x_wconf 81' lang='lat' dir='ltr'><strong>revocavit</strong></span> <span class='ocrx_word' id='word_1_423' title='bbox 1666 5455 1855 5520; x_wconf 90' lang='lat' dir='ltr'><strong>etiam,</strong></span> 
     </span>
    </p>
   </div>
   <div class='ocr_carea' id='block_1_58' title="bbox 265 5544 1856 5617">
    <p class='ocr_par' dir='ltr' id='par_1_58' title="bbox 265 5544 1856 5617">
     <span class='ocr_line' id='line_1_58' title="bbox 265 5544 1856 5617; baseline 0.005 -23"><span class='ocrx_word' id='word_1_424' title='bbox 265 5546 542 5611; x_wconf 86' lang='lat' dir='ltr'><strong>quomodo</strong></span> <span class='ocrx_word' id='word_1_425' title='bbox 574 5560 696 5598; x_wconf 87' lang='lat' dir='ltr'><strong>cum</strong></span> <span class='ocrx_word' id='word_1_426' title='bbox 727 5561 755 5596; x_wconf 91' lang='lat' dir='ltr'><strong>a</strong></span> <span class='ocrx_word' id='word_1_427' title='bbox 788 5547 956 5614; x_wconf 89' lang='lat' dir='ltr'><strong>patria</strong></span> <span class='ocrx_word' id='word_1_428' title='bbox 983 5544 1273 5615; x_wconf 88' lang='lat' dir='ltr'><strong>aufugisset</strong></span> <span class='ocrx_word' id='word_1_429' title='bbox 1298 5561 1326 5600; x_wconf 88' lang='lat' dir='ltr'><strong>a</strong></span> <span class='ocrx_word' id='word_1_430' title='bbox 1360 5546 1660 5602; x_wconf 74' lang='lat' dir='ltr'><strong>Theodosro</strong></span> <span class='ocrx_word' id='word_1_431' title='bbox 1686 5547 1856 5617; x_wconf 84' lang='lat' dir='ltr'><strong>lmpe-</strong></span> 
     </span>
    </p>
   </div>
   <div class='ocr_carea' id='block_1_59' title="bbox 265 5637 1859 5713">
    <p class='ocr_par' dir='ltr' id='par_1_59' title="bbox 265 5637 1859 5713">
     <span class='ocr_line' id='line_1_59' title="bbox 265 5637 1859 5713; baseline 0.003 -24"><span class='ocrx_word' id='word_1_432' title='bbox 265 5651 440 5692; x_wconf 85' lang='lat' dir='ltr'><strong>ralore</strong></span> <span class='ocrx_word' id='word_1_433' title='bbox 471 5649 528 5692; x_wconf 89' lang='lat' dir='ltr'><strong>et</strong></span> <span class='ocrx_word' id='word_1_434' title='bbox 571 5637 783 5691; x_wconf 83' lang='lat' dir='ltr'><strong>Arcadii</strong></span> <span class='ocrx_word' id='word_1_435' title='bbox 825 5647 973 5713; x_wconf 82' lang='lat' dir='ltr'><strong>patre</strong></span> <span class='ocrx_word' id='word_1_436' title='bbox 999 5647 1246 5692; x_wconf 81' lang='lat' dir='ltr'><strong>servatus</strong></span> <span class='ocrx_word' id='word_1_437' title='bbox 1271 5639 1484 5705; x_wconf 88' lang='lat' dir='ltr'><strong>fuisset,</strong></span> <span class='ocrx_word' id='word_1_438' title='bbox 1523 5639 1859 5708; x_wconf 88' lang='lat' dir='ltr'><strong>jurassetqne</strong></span> 
     </span>
    </p>
   </div>
   <div class='ocr_carea' id='block_1_60' title="bbox 265 5728 1852 5801">
    <p class='ocr_par' dir='ltr' id='par_1_60' title="bbox 265 5728 1852 5801">
     <span class='ocr_line' id='line_1_60' title="bbox 265 5728 1852 5801; baseline 0.001 -18"><span class='ocrx_word' id='word_1_439' title='bbox 265 5743 320 5783; x_wconf 79' lang='lat' dir='ltr'><strong>se</strong></span> <span class='ocrx_word' id='word_1_440' title='bbox 348 5731 607 5784; x_wconf 70' lang='lat' dir='ltr'><strong>ltotnanis</strong></span> <span class='ocrx_word' id='word_1_441' title='bbox 636 5729 886 5796; x_wconf 82' lang='lat' dir='ltr'><strong>amicum,</strong></span> <span class='ocrx_word' id='word_1_442' title='bbox 911 5729 1116 5798; x_wconf 69' lang='lat' dir='ltr'><strong>ipsique</strong></span> <span class='ocrx_word' id='word_1_443' title='bbox 1135 5743 1198 5782; x_wconf 89' lang='lat' dir='ltr'><strong>ac</strong></span> <span class='ocrx_word' id='word_1_444' title='bbox 1217 5728 1395 5784; x_wconf 90' lang='lat' dir='ltr'><strong>liberis</strong></span> <span class='ocrx_word' id='word_1_445' title='bbox 1418 5731 1528 5800; x_wconf 81' lang='lat' dir='ltr'><strong>ejus</strong></span> <span class='ocrx_word' id='word_1_446' title='bbox 1551 5746 1611 5785; x_wconf 87' lang='lat' dir='ltr'><strong>ac</strong></span> <span class='ocrx_word' id='word_1_447' title='bbox 1631 5730 1852 5801; x_wconf 82' lang='lat' dir='ltr'><strong>legibus.</strong></span> 
     </span>
    </p>
   </div>
   <div class='ocr_carea' id='block_1_61' title="bbox 1519 288 2426 358">
    <p class='ocr_par' dir='ltr' id='par_1_61' title="bbox 1519 288 2426 358">
     <span class='ocr_line' id='line_1_61' title="bbox 1519 288 2426 358; baseline 0.012 -12"><span class='ocrx_word' id='word_1_448' title='bbox 1519 291 1700 348; x_wconf 78' lang='lat' dir='ltr'><strong>NUNC</strong></span> <span class='ocrx_word' id='word_1_449' title='bbox 1738 288 2002 351; x_wconf 71' lang='lat' dir='ltr'><strong>PRIMUM</strong></span> <span class='ocrx_word' id='word_1_450' title='bbox 2030 294 2426 358; x_wconf 66' lang='lat' dir='ltr'><strong>ADORNATA.</strong></span> 
     </span>
    </p>
   </div>
   <div class='ocr_carea' id='block_1_62' title="bbox 3493 319 3590 376">
    <p class='ocr_par' dir='ltr' id='par_1_62' title="bbox 3493 319 3590 376">
     <span class='ocr_line' id='line_1_62' title="bbox 3493 319 3590 376; baseline 0.052 -5"><span class='ocrx_word' id='word_1_451' title='bbox 3493 319 3590 376; x_wconf 64' lang='grc' dir='ltr'><strong>ΠΒ</strong></span> 
     </span>
    </p>
   </div>
   <div class='ocr_carea' id='block_1_63' title="bbox 2012 418 3587 497">
    <p class='ocr_par' dir='ltr' id='par_1_63' title="bbox 2012 418 3587 497">
     <span class='ocr_line' id='line_1_63' title="bbox 2012 418 3587 497; baseline 0.01 -31"><span class='ocrx_word' id='word_1_452' title='bbox 2012 423 2146 481; x_wconf 76' lang='lat' dir='ltr'><strong>quas</strong></span> <span class='ocrx_word' id='word_1_453' title='bbox 2171 430 2311 470; x_wconf 91' lang='lat' dir='ltr'><strong>nunc</strong></span> <span class='ocrx_word' id='word_1_454' title='bbox 2335 418 2588 490; x_wconf 81' lang='lat' dir='ltr'><strong>abrogare</strong></span> <span class='ocrx_word' id='word_1_455' title='bbox 2619 421 2931 482; x_wconf 77' lang='lat' dir='ltr'><strong>conabatur.</strong></span> <span class='ocrx_word' id='word_1_456' title='bbox 2965 423 3121 480; x_wconf 86' lang='lat' dir='ltr'><strong>lldom</strong></span> <span class='ocrx_word' id='word_1_457' title='bbox 3152 438 3405 497; x_wconf 77' lang='lat' dir='ltr'><strong>perpetua</strong></span> <span class='ocrx_word' id='word_1_458' title='bbox 3434 447 3587 484; x_wconf 79' lang='lat' dir='ltr'><strong>mm:-</strong></span> 
     </span>
    </p>
   </div>
   <div class='ocr_carea' id='block_1_64' title="bbox 2007 511 3588 595">
    <p class='ocr_par' dir='ltr' id='par_1_64' title="bbox 2007 511 3588 595">
     <span class='ocr_line' id='line_1_64' title="bbox 2007 511 3588 595; baseline 0.013 -38"><span class='ocrx_word' id='word_1_459' title='bbox 2007 519 2190 560; x_wconf 86' lang='lat' dir='ltr'><strong>surum</strong></span> <span class='ocrx_word' id='word_1_460' title='bbox 2219 523 2358 564; x_wconf 88' lang='lat' dir='ltr'><strong>esse.</strong></span> <span class='ocrx_word' id='word_1_461' title='bbox 2401 511 2652 583; x_wconf 81' lang='lat' dir='ltr'><strong>Tuncque</strong></span> <span class='ocrx_word' id='word_1_462' title='bbox 2679 513 2848 584; x_wconf 79' lang='lat' dir='ltr'><strong>legem</strong></span> <span class='ocrx_word' id='word_1_463' title='bbox 2878 533 2903 568; x_wconf 88' lang='lat' dir='ltr'><strong>a</strong></span> <span class='ocrx_word' id='word_1_464' title='bbox 2935 518 3234 574; x_wconf 84' lang='lat' dir='ltr'><strong>Theodosio</strong></span> <span class='ocrx_word' id='word_1_465' title='bbox 3266 521 3422 578; x_wconf 68' lang='lat' dir='ltr'><strong>latam</strong></span> <span class='ocrx_word' id='word_1_466' title='bbox 3467 539 3588 595; x_wconf 78' lang='lat' dir='ltr'><strong>pto-</strong></span> 
     </span>
    </p>
   </div>
   <div class='ocr_carea' id='block_1_65' title="bbox 2009 596 3585 671">
    <p class='ocr_par' dir='ltr' id='par_1_65' title="bbox 2009 596 3585 671">
     <span class='ocr_line' id='line_1_65' title="bbox 2009 596 3585 671; baseline 0.015 -22"><span class='ocrx_word' id='word_1_467' title='bbox 2009 596 2159 664; x_wconf 90' lang='lat' dir='ltr'><strong>tulit,</strong></span> <span class='ocrx_word' id='word_1_468' title='bbox 2196 615 2316 668; x_wconf 71' lang='lat' dir='ltr'><strong>qua:</strong></span> <span class='ocrx_word' id='word_1_469' title='bbox 2353 609 2592 656; x_wconf 85' lang='lat' dir='ltr'><strong>vetuerat</strong></span> <span class='ocrx_word' id='word_1_470' title='bbox 2636 621 2702 657; x_wconf 87' lang='lat' dir='ltr'><strong>ne</strong></span> <span class='ocrx_word' id='word_1_471' title='bbox 2743 605 2975 666; x_wconf 76' lang='lat' dir='ltr'><strong>brerettci</strong></span> <span class='ocrx_word' id='word_1_472' title='bbox 3021 610 3153 664; x_wconf 92' lang='lat' dir='ltr'><strong>intra</strong></span> <span class='ocrx_word' id='word_1_473' title='bbox 3201 611 3344 666; x_wconf 72' lang='lat' dir='ltr'><strong>urbis</strong></span> <span class='ocrx_word' id='word_1_474' title='bbox 3389 620 3585 671; x_wconf 80' lang='lat' dir='ltr'><strong>tnmnia</strong></span> 
     </span>
    </p>
   </div>
   <div class='ocr_carea' id='block_1_66' title="bbox 2004 691 3581 774">
    <p class='ocr_par' dir='ltr' id='par_1_66' title="bbox 2004 691 3581 774">
     <span class='ocr_line' id='line_1_66' title="bbox 2004 691 3581 774; baseline 0.012 -32"><span class='ocrx_word' id='word_1_475' title='bbox 2004 691 2253 745; x_wconf 86' lang='lat' dir='ltr'><strong>collectas</strong></span> <span class='ocrx_word' id='word_1_476' title='bbox 2281 693 2634 748; x_wconf 82' lang='lat' dir='ltr'><strong>celebrarent.</strong></span> <span class='ocrx_word' id='word_1_477' title='bbox 2667 695 2789 750; x_wconf 82' lang='lat' dir='ltr'><strong>Post</strong></span> <span class='ocrx_word' id='word_1_478' title='bbox 2819 697 2931 752; x_wconf 70' lang='lat' dir='ltr'><strong>haec</strong></span> <span class='ocrx_word' id='word_1_479' title='bbox 2957 701 3021 752; x_wconf 87' lang='lat' dir='ltr'><strong>ad</strong></span> <span class='ocrx_word' id='word_1_480' title='bbox 3054 707 3430 774; x_wconf 83' lang='lat' dir='ltr'><strong>Imperatorem</strong></span> <span class='ocrx_word' id='word_1_481' title='bbox 3454 721 3581 761; x_wconf 83' lang='lat' dir='ltr'><strong>eon—</strong></span> 
     </span>
    </p>
   </div>
   <div class='ocr_carea' id='block_1_67' title="bbox 2003 783 3583 860">
    <p class='ocr_par' dir='ltr' id='par_1_67' title="bbox 2003 783 3583 860">
     <span class='ocr_line' id='line_1_67' title="bbox 2003 783 3583 860; baseline 0.015 -29"><span class='ocrx_word' id='word_1_482' title='bbox 2003 796 2188 836; x_wconf 88' lang='lat' dir='ltr'><strong>versus</strong></span> <span class='ocrx_word' id='word_1_483' title='bbox 2226 783 2392 836; x_wconf 77' lang='lat' dir='ltr'><strong>suasit</strong></span> <span class='ocrx_word' id='word_1_484' title='bbox 2436 784 2532 853; x_wconf 82' lang='lat' dir='ltr'><strong>ipsi</strong></span> <span class='ocrx_word' id='word_1_485' title='bbox 2575 794 2630 840; x_wconf 91' lang='lat' dir='ltr'><strong>ut</strong></span> <span class='ocrx_word' id='word_1_486' title='bbox 2673 788 2876 857; x_wconf 81' lang='lat' dir='ltr'><strong>legem,</strong></span> <span class='ocrx_word' id='word_1_487' title='bbox 2917 807 3033 860; x_wconf 63' lang='lat' dir='ltr'><strong>quae</strong></span> <span class='ocrx_word' id='word_1_488' title='bbox 3064 795 3318 850; x_wconf 82' lang='lat' dir='ltr'><strong>adversus</strong></span> <span class='ocrx_word' id='word_1_489' title='bbox 3351 796 3583 856; x_wconf 71' lang='lat' dir='ltr'><strong>limreses</strong></span> 
     </span>
    </p>
   </div>
   <div class='ocr_carea' id='block_1_68' title="bbox 2001 871 3583 958">
    <p class='ocr_par' dir='ltr' id='par_1_68' title="bbox 2001 871 3583 958">
     <span class='ocr_line' id='line_1_68' title="bbox 2001 871 3583 958; baseline 0.013 -34"><span class='ocrx_word' id='word_1_490' title='bbox 2001 871 2102 924; x_wconf 86' lang='lat' dir='ltr'><strong>lata</strong></span> <span class='ocrx_word' id='word_1_491' title='bbox 2127 875 2316 938; x_wconf 85' lang='lat' dir='ltr'><strong>fuerat,</strong></span> <span class='ocrx_word' id='word_1_492' title='bbox 2338 887 2505 930; x_wconf 88' lang='lat' dir='ltr'><strong>ratam</strong></span> <span class='ocrx_word' id='word_1_493' title='bbox 2533 888 2800 934; x_wconf 74' lang='lat' dir='ltr'><strong>servaret:</strong></span> <span class='ocrx_word' id='word_1_494' title='bbox 2821 883 2985 935; x_wconf 84' lang='lat' dir='ltr'><strong>satius</strong></span> <span class='ocrx_word' id='word_1_495' title='bbox 3008 900 3127 938; x_wconf 86' lang='lat' dir='ltr'><strong>esse</strong></span> <span class='ocrx_word' id='word_1_496' title='bbox 3147 886 3330 942; x_wconf 73' lang='lat' dir='ltr'><strong>dicens</strong></span> <span class='ocrx_word' id='word_1_497' title='bbox 3359 890 3583 958; x_wconf 89' lang='lat' dir='ltr'><strong>imperio</strong></span> 
     </span>
    </p>
   </div>
   <div class='ocr_carea' id='block_1_69' title="bbox 1999 963 3583 1044">
    <p class='ocr_par' dir='ltr' id='par_1_69' title="bbox 1999 963 3583 1044">
     <span class='ocr_line' id='line_1_69' title="bbox 1999 963 3583 1044; baseline 0.016 -29"><span class='ocrx_word' id='word_1_498' title='bbox 1999 963 2220 1028; x_wconf 80' lang='lat' dir='ltr'><strong>cedere,</strong></span> <span class='ocrx_word' id='word_1_499' title='bbox 2250 983 2405 1034; x_wconf 83' lang='lat' dir='ltr'><strong>quant</strong></span> <span class='ocrx_word' id='word_1_500' title='bbox 2442 969 2642 1036; x_wconf 86' lang='lat' dir='ltr'><strong>prodita</strong></span> <span class='ocrx_word' id='word_1_501' title='bbox 2679 972 2769 1025; x_wconf 84' lang='lat' dir='ltr'><strong>Dei</strong></span> <span class='ocrx_word' id='word_1_502' title='bbox 2816 974 2974 1028; x_wconf 78' lang='lat' dir='ltr'><strong>dumo</strong></span> <span class='ocrx_word' id='word_1_503' title='bbox 3007 977 3267 1044; x_wconf 90' lang='lat' dir='ltr'><strong>piaculum</strong></span> <span class='ocrx_word' id='word_1_504' title='bbox 3300 983 3583 1040; x_wconf 89' lang='lat' dir='ltr'><strong>admittere</strong></span> 
     </span>
    </p>
   </div>
   <div class='ocr_carea' id='block_1_70' title="bbox 2000 1052 3584 1132">
    <p class='ocr_par' dir='ltr' id='par_1_70' title="bbox 2000 1052 3584 1132">
     <span class='ocr_line' id='line_1_70' title="bbox 2000 1052 3584 1132; baseline 0.016 -27"><span class='ocrx_word' id='word_1_505' title='bbox 2000 1052 2322 1124; x_wconf 85' lang='lat' dir='ltr'><strong>(Theadoret.</strong></span> <span class='ocrx_word' id='word_1_506' title='bbox 2353 1057 2455 1112; x_wconf 69' lang='grc' dir='ltr'><strong>ιδ.</strong></span> <span class='ocrx_word' id='word_1_507' title='bbox 2484 1075 2530 1113; x_wconf 83' lang='lat' dir='ltr'><strong>e.</strong></span> <span class='ocrx_word' id='word_1_508' title='bbox 2563 1061 2678 1130; x_wconf 68' lang='lat'><strong>5:2).</strong></span> <span class='ocrx_word' id='word_1_509' title='bbox 2698 1063 3004 1132; x_wconf 81' lang='lat' dir='ltr'><strong>llujusmodi</strong></span> <span class='ocrx_word' id='word_1_510' title='bbox 3034 1072 3370 1126; x_wconf 86' lang='lat' dir='ltr'><strong>sermonibus</strong></span> <span class='ocrx_word' id='word_1_511' title='bbox 3394 1075 3584 1130; x_wconf 87' lang='lat' dir='ltr'><strong>doctor</strong></span> 
     </span>
    </p>
   </div>
   <div class='ocr_carea' id='block_1_71' title="bbox 1999 1146 3581 1230">
    <p class='ocr_par' dir='ltr' id='par_1_71' title="bbox 1999 1146 3581 1230">
     <span class='ocr_line' id='line_1_71' title="bbox 1999 1146 3581 1230; baseline 0.014 -31"><span class='ocrx_word' id='word_1_512' title='bbox 1999 1146 2086 1201; x_wconf 90' lang='lat' dir='ltr'><strong>ille</strong></span> <span class='ocrx_word' id='word_1_513' title='bbox 2113 1147 2257 1203; x_wconf 90' lang='lat' dir='ltr'><strong>orbis</strong></span> <span class='ocrx_word' id='word_1_514' title='bbox 2283 1158 2543 1206; x_wconf 86' lang='lat' dir='ltr'><strong>terrarum</strong></span> <span class='ocrx_word' id='word_1_515' title='bbox 2592 1153 2686 1222; x_wconf 78' lang='lat' dir='ltr'><strong>(sic</strong></span> <span class='ocrx_word' id='word_1_516' title='bbox 2712 1153 3100 1230; x_wconf 82' lang='lat' dir='ltr'><strong>Theadaretus),</strong></span> <span class='ocrx_word' id='word_1_517' title='bbox 3123 1161 3301 1216; x_wconf 76' lang='lat' dir='ltr'><strong>Gaium</strong></span> <span class='ocrx_word' id='word_1_518' title='bbox 3333 1181 3394 1218; x_wconf 90' lang='lat' dir='ltr'><strong>os</strong></span> <span class='ocrx_word' id='word_1_519' title='bbox 3421 1167 3581 1220; x_wconf 85' lang='lat' dir='ltr'><strong>obtu-</strong></span> 
     </span>
    </p>
   </div>
   <div class='ocr_carea' id='block_1_72' title="bbox 1997 1239 3469 1327">
    <p class='ocr_par' dir='ltr' id='par_1_72' title="bbox 1997 1239 3469 1327">
     <span class='ocr_line' id='line_1_72' title="bbox 1997 1239 3469 1327; baseline 0.015 -38"><span class='ocrx_word' id='word_1_520' title='bbox 1997 1239 2150 1302; x_wconf 90' lang='lat' dir='ltr'><strong>ravit,</strong></span> <span class='ocrx_word' id='word_1_521' title='bbox 2185 1250 2239 1293; x_wconf 89' lang='lat' dir='ltr'><strong>et</strong></span> <span class='ocrx_word' id='word_1_522' title='bbox 2269 1253 2444 1296; x_wconf 79' lang='lat' dir='ltr'><strong>tacere</strong></span> <span class='ocrx_word' id='word_1_523' title='bbox 2469 1259 2591 1297; x_wconf 90' lang='lat' dir='ltr'><strong>eum</strong></span> <span class='ocrx_word' id='word_1_524' title='bbox 2615 1247 2874 1318; x_wconf 88' lang='lat' dir='ltr'><strong>compulit</strong></span> <span class='ocrx_word' id='word_1_525' title='bbox 2907 1247 3136 1318; x_wconf 77' lang='lat' dir='ltr'><strong>(Sozam.</strong></span> <span class='ocrx_word' id='word_1_526' title='bbox 3163 1254 3200 1306; x_wconf 89' lang='grc' dir='ltr'><strong>Ι.</strong></span> <span class='ocrx_word' id='word_1_527' title='bbox 3234 1254 3282 1314; x_wconf 85' lang='lat'><strong>8.</strong></span> <span class='ocrx_word' id='word_1_528' title='bbox 3318 1273 3361 1309; x_wconf 77' lang='grc' dir='ltr'><strong>ε.</strong></span> <span class='ocrx_word' id='word_1_529' title='bbox 3392 1259 3469 1327; x_wconf 72' lang='grc'><strong>4).</strong></span> 
     </span>
    </p>
   </div>
   <div class='ocr_carea' id='block_1_73' title="bbox 2069 1328 3579 1415">
    <p class='ocr_par' dir='ltr' id='par_1_73' title="bbox 2069 1328 3579 1415">
     <span class='ocr_line' id='line_1_73' title="bbox 2069 1328 3579 1415; baseline 0.014 -33"><span class='ocrx_word' id='word_1_530' title='bbox 2069 1328 2248 1384; x_wconf 68' lang='lat' dir='ltr'><strong>(iaina:</strong></span> <span class='ocrx_word' id='word_1_531' title='bbox 2275 1343 2413 1400; x_wconf 84' lang='lat' dir='ltr'><strong>gesta</strong></span> <span class='ocrx_word' id='word_1_532' title='bbox 2438 1343 2833 1391; x_wconf 80' lang='lat' dir='ltr'><strong>etreeessus.-—</strong></span> <span class='ocrx_word' id='word_1_533' title='bbox 2867 1337 2974 1408; x_wconf 89' lang='lat' dir='ltr'><strong>Spe</strong></span> <span class='ocrx_word' id='word_1_534' title='bbox 3029 1341 3208 1410; x_wconf 83' lang='lat' dir='ltr'><strong>lapsus</strong></span> <span class='ocrx_word' id='word_1_535' title='bbox 3254 1346 3484 1415; x_wconf 87' lang='lat' dir='ltr'><strong>Gainas,</strong></span> <span class='ocrx_word' id='word_1_536' title='bbox 3528 1359 3579 1405; x_wconf 92' lang='lat' dir='ltr'><strong>et</strong></span> 
     </span>
    </p>
   </div>
   <div class='ocr_carea' id='block_1_74' title="bbox 1996 1421 3580 1496">
    <p class='ocr_par' dir='ltr' id='par_1_74' title="bbox 1996 1421 3580 1496">
     <span class='ocr_line' id='line_1_74' title="bbox 1996 1421 3580 1496; baseline 0.014 -24"><span class='ocrx_word' id='word_1_537' title='bbox 1996 1421 2146 1490; x_wconf 89' lang='lat' dir='ltr'><strong>quasi</strong></span> <span class='ocrx_word' id='word_1_538' title='bbox 2196 1423 2248 1476; x_wconf 92' lang='lat' dir='ltr'><strong>in</strong></span> <span class='ocrx_word' id='word_1_539' title='bbox 2279 1423 2512 1481; x_wconf 82' lang='lat' dir='ltr'><strong>furorem</strong></span> <span class='ocrx_word' id='word_1_540' title='bbox 2541 1437 2725 1496; x_wconf 90' lang='lat' dir='ltr'><strong>actus,</strong></span> <span class='ocrx_word' id='word_1_541' title='bbox 2749 1429 2904 1485; x_wconf 84' lang='lat' dir='ltr'><strong>fidem</strong></span> <span class='ocrx_word' id='word_1_542' title='bbox 2933 1432 3132 1490; x_wconf 89' lang='lat' dir='ltr'><strong>violare</strong></span> <span class='ocrx_word' id='word_1_543' title='bbox 3162 1446 3216 1490; x_wconf 92' lang='lat' dir='ltr'><strong>et</strong></span> <span class='ocrx_word' id='word_1_544' title='bbox 3257 1441 3438 1492; x_wconf 85' lang='lat' dir='ltr'><strong>urbem</strong></span> <span class='ocrx_word' id='word_1_545' title='bbox 3486 1442 3580 1494; x_wconf 89' lang='lat' dir='ltr'><strong>de.-</strong></span> 
     </span>
    </p>
   </div>
   <div class='ocr_carea' id='block_1_75' title="bbox 1997 1512 3579 1600">
    <p class='ocr_par' dir='ltr' id='par_1_75' title="bbox 1997 1512 3579 1600">
     <span class='ocr_line' id='line_1_75' title="bbox 1997 1512 3579 1600; baseline 0.013 -36"><span class='ocrx_word' id='word_1_546' title='bbox 1997 1512 2220 1581; x_wconf 69' lang='lat' dir='ltr'><strong>przedari</strong></span> <span class='ocrx_word' id='word_1_547' title='bbox 2241 1513 2350 1585; x_wconf 86' lang='lat' dir='ltr'><strong>jam</strong></span> <span class='ocrx_word' id='word_1_548' title='bbox 2378 1517 2751 1575; x_wconf 82' lang='lat' dir='ltr'><strong>meditabatur.</strong></span> <span class='ocrx_word' id='word_1_549' title='bbox 2781 1521 2909 1591; x_wconf 83' lang='lat' dir='ltr'><strong>Ejus</strong></span> <span class='ocrx_word' id='word_1_550' title='bbox 2935 1534 3111 1578; x_wconf 90' lang='lat' dir='ltr'><strong>autem</strong></span> <span class='ocrx_word' id='word_1_551' title='bbox 3142 1527 3355 1582; x_wconf 77' lang='lat' dir='ltr'><strong>insidias</strong></span> <span class='ocrx_word' id='word_1_552' title='bbox 3374 1570 3388 1594; x_wconf 96' lang='lat'><strong>,</strong></span> <span class='ocrx_word' id='word_1_553' title='bbox 3411 1530 3579 1600; x_wconf 68' lang='lat' dir='ltr'><strong>inquit</strong></span> 
     </span>
    </p>
   </div>
   <div class='ocr_carea' id='block_1_76' title="bbox 1995 1601 3576 1690">
    <p class='ocr_par' dir='ltr' id='par_1_76' title="bbox 1995 1601 3576 1690">
     <span class='ocr_line' id='line_1_76' title="bbox 1995 1601 3576 1690; baseline 0.013 -34"><span class='ocrx_word' id='word_1_554' title='bbox 1995 1601 2354 1671; x_wconf 86' lang='lat' dir='ltr'><strong>Sozomenus,</strong></span> <span class='ocrx_word' id='word_1_555' title='bbox 2389 1610 2766 1677; x_wconf 76' lang='lat' dir='ltr'><strong>przenuntiavit</strong></span> <span class='ocrx_word' id='word_1_556' title='bbox 2799 1624 3070 1681; x_wconf 90' lang='lat' dir='ltr'><strong>cometes,</strong></span> <span class='ocrx_word' id='word_1_557' title='bbox 3108 1617 3196 1686; x_wconf 90' lang='lat' dir='ltr'><strong>qui</strong></span> <span class='ocrx_word' id='word_1_558' title='bbox 3252 1628 3375 1674; x_wconf 88' lang='lat' dir='ltr'><strong>tune</strong></span> <span class='ocrx_word' id='word_1_559' title='bbox 3417 1638 3576 1690; x_wconf 79' lang='lat' dir='ltr'><strong>supra</strong></span> 
     </span>
    </p>
   </div>
   <div class='ocr_carea' id='block_1_77' title="bbox 1992 1694 3577 1777">
    <p class='ocr_par' dir='ltr' id='par_1_77' title="bbox 1992 1694 3577 1777">
     <span class='ocr_line' id='line_1_77' title="bbox 1992 1694 3577 1777; baseline 0.014 -31"><span class='ocrx_word' id='word_1_560' title='bbox 1992 1694 2263 1750; x_wconf 84' lang='lat' dir='ltr'><strong>civitatem</strong></span> <span class='ocrx_word' id='word_1_561' title='bbox 2289 1699 2552 1753; x_wconf 74' lang='lat' dir='ltr'><strong>maximus</strong></span> <span class='ocrx_word' id='word_1_562' title='bbox 2578 1703 2854 1770; x_wconf 89' lang='lat' dir='ltr'><strong>apparuit,</strong></span> <span class='ocrx_word' id='word_1_563' title='bbox 2910 1721 3077 1777; x_wconf 80' lang='lat' dir='ltr'><strong>usque</strong></span> <span class='ocrx_word' id='word_1_564' title='bbox 3123 1708 3186 1761; x_wconf 90' lang='lat' dir='ltr'><strong>ad</strong></span> <span class='ocrx_word' id='word_1_565' title='bbox 3233 1717 3426 1765; x_wconf 87' lang='lat' dir='ltr'><strong>terram</strong></span> <span class='ocrx_word' id='word_1_566' title='bbox 3467 1713 3577 1768; x_wconf 85' lang='lat' dir='ltr'><strong>fero</strong></span> 
     </span>
    </p>
   </div>
   <div class='ocr_carea' id='block_1_78' title="bbox 1994 1787 3575 1864">
    <p class='ocr_par' dir='ltr' id='par_1_78' title="bbox 1994 1787 3575 1864">
     <span class='ocr_line' id='line_1_78' title="bbox 1994 1787 3575 1864; baseline 0.014 -25"><span class='ocrx_word' id='word_1_567' title='bbox 1994 1787 2296 1858; x_wconf 44' lang='lat' dir='ltr'><strong>pertingens</strong></span> <span class='ocrx_word' id='word_1_568' title='bbox 2312 1831 2328 1854; x_wconf 92' lang='lat'><strong>,</strong></span> <span class='ocrx_word' id='word_1_569' title='bbox 2350 1800 2404 1844; x_wconf 91' lang='lat' dir='ltr'><strong>et</strong></span> <span class='ocrx_word' id='word_1_570' title='bbox 2430 1792 2600 1860; x_wconf 89' lang='lat' dir='ltr'><strong>qualis</strong></span> <span class='ocrx_word' id='word_1_571' title='bbox 2623 1809 2908 1864; x_wconf 88' lang='lat' dir='ltr'><strong>numquam</strong></span> <span class='ocrx_word' id='word_1_572' title='bbox 2932 1808 3085 1852; x_wconf 88' lang='lat' dir='ltr'><strong>antea</strong></span> <span class='ocrx_word' id='word_1_573' title='bbox 3115 1801 3256 1855; x_wconf 84' lang='lat' dir='ltr'><strong>visus</strong></span> <span class='ocrx_word' id='word_1_574' title='bbox 3275 1802 3436 1858; x_wconf 80' lang='lat' dir='ltr'><strong>fuisse</strong></span> <span class='ocrx_word' id='word_1_575' title='bbox 3461 1821 3575 1861; x_wconf 86' lang='lat' dir='ltr'><strong>me-</strong></span> 
     </span>
    </p>
   </div>
   <div class='ocr_carea' id='block_1_79' title="bbox 1993 1883 3574 1959">
    <p class='ocr_par' dir='ltr' id='par_1_79' title="bbox 1993 1883 3574 1959">
     <span class='ocr_line' id='line_1_79' title="bbox 1993 1883 3574 1959; baseline 0.011 -26"><span class='ocrx_word' id='word_1_576' title='bbox 1993 1889 2248 1935; x_wconf 88' lang='lat' dir='ltr'><strong>moratur.</strong></span> <span class='ocrx_word' id='word_1_577' title='bbox 2273 1883 2350 1936; x_wconf 81' lang='lat' dir='ltr'><strong>Ac</strong></span> <span class='ocrx_word' id='word_1_578' title='bbox 2382 1884 2553 1952; x_wconf 88' lang='lat' dir='ltr'><strong>primo</strong></span> <span class='ocrx_word' id='word_1_579' title='bbox 2606 1885 2822 1955; x_wconf 89' lang='lat' dir='ltr'><strong>quidem</strong></span> <span class='ocrx_word' id='word_1_580' title='bbox 2870 1891 3288 1959; x_wconf 82' lang='lat' dir='ltr'><strong>argentariorum</strong></span> <span class='ocrx_word' id='word_1_581' title='bbox 3336 1897 3574 1951; x_wconf 70' lang='lat' dir='ltr'><strong>officinas</strong></span> 
     </span>
    </p>
   </div>
   <div class='ocr_carea' id='block_1_80' title="bbox 1993 1969 3568 2052">
    <p class='ocr_par' dir='ltr' id='par_1_80' title="bbox 1993 1969 3568 2052">
     <span class='ocr_line' id='line_1_80' title="bbox 1993 1969 3568 2052; baseline 0.012 -29"><span class='ocrx_word' id='word_1_582' title='bbox 1993 1969 2242 2027; x_wconf 73' lang='lat' dir='ltr'><strong>invadere</strong></span> <span class='ocrx_word' id='word_1_583' title='bbox 2285 1974 2555 2038; x_wconf 87' lang='lat' dir='ltr'><strong>tentabat,</strong></span> <span class='ocrx_word' id='word_1_584' title='bbox 2591 1977 2871 2031; x_wconf 74' lang='lat' dir='ltr'><strong>maximam</strong></span> <span class='ocrx_word' id='word_1_585' title='bbox 2913 1997 2972 2034; x_wconf 83' lang='lat' dir='ltr'><strong>se</strong></span> <span class='ocrx_word' id='word_1_586' title='bbox 3017 1984 3257 2052; x_wconf 74' lang='lat' dir='ltr'><strong>pecunia:</strong></span> <span class='ocrx_word' id='word_1_587' title='bbox 3309 2003 3568 2042; x_wconf 79' lang='lat' dir='ltr'><strong>summam</strong></span> 
     </span>
    </p>
   </div>
   <div class='ocr_carea' id='block_1_81' title="bbox 1993 2062 3590 2139">
    <p class='ocr_par' dir='ltr' id='par_1_81' title="bbox 1993 2062 3590 2139">
     <span class='ocr_line' id='line_1_81' title="bbox 1993 2062 3590 2139; baseline 0.01 -24"><span class='ocrx_word' id='word_1_588' title='bbox 1993 2062 2113 2117; x_wconf 91' lang='lat' dir='ltr'><strong>inde</strong></span> <span class='ocrx_word' id='word_1_589' title='bbox 2142 2064 2486 2120; x_wconf 87' lang='lat' dir='ltr'><strong>collecturum</strong></span> <span class='ocrx_word' id='word_1_590' title='bbox 2518 2083 2760 2137; x_wconf 87' lang='lat' dir='ltr'><strong>sperans.</strong></span> <span class='ocrx_word' id='word_1_591' title='bbox 2787 2070 2920 2124; x_wconf 91' lang='lat' dir='ltr'><strong>Cum</strong></span> <span class='ocrx_word' id='word_1_592' title='bbox 2947 2083 3120 2126; x_wconf 90' lang='lat' dir='ltr'><strong>autem</strong></span> <span class='ocrx_word' id='word_1_593' title='bbox 3145 2090 3356 2130; x_wconf 90' lang='lat' dir='ltr'><strong>rumore</strong></span> <span class='ocrx_word' id='word_1_594' title='bbox 3387 2080 3590 2139; x_wconf 79' lang='lat' dir='ltr'><strong>nuntio</strong></span> 
     </span>
    </p>
   </div>
   <div class='ocr_carea' id='block_1_82' title="bbox 1990 2155 3564 2238">
    <p class='ocr_par' dir='ltr' id='par_1_82' title="bbox 1990 2155 3564 2238">
     <span class='ocr_line' id='line_1_82' title="bbox 1990 2155 3564 2238; baseline 0.011 -30"><span class='ocrx_word' id='word_1_595' title='bbox 1990 2155 2041 2208; x_wconf 90' lang='lat' dir='ltr'><strong>in</strong></span> <span class='ocrx_word' id='word_1_596' title='bbox 2075 2157 2316 2211; x_wconf 85' lang='lat' dir='ltr'><strong>notitiam</strong></span> <span class='ocrx_word' id='word_1_597' title='bbox 2349 2159 2581 2215; x_wconf 83' lang='lat' dir='ltr'><strong>venisset</strong></span> <span class='ocrx_word' id='word_1_598' title='bbox 2605 2162 2750 2215; x_wconf 90' lang='lat' dir='ltr'><strong>illum</strong></span> <span class='ocrx_word' id='word_1_599' title='bbox 2804 2164 2928 2217; x_wconf 89' lang='lat' dir='ltr'><strong>talia</strong></span> <span class='ocrx_word' id='word_1_600' title='bbox 2980 2166 3258 2234; x_wconf 90' lang='lat' dir='ltr'><strong>meditari,</strong></span> <span class='ocrx_word' id='word_1_601' title='bbox 3288 2175 3564 2238; x_wconf 62' lang='lat' dir='ltr'><strong>argentarii</strong></span> 
     </span>
    </p>
   </div>
   <div class='ocr_carea' id='block_1_83' title="bbox 1989 2245 3571 2331">
    <p class='ocr_par' dir='ltr' id='par_1_83' title="bbox 1989 2245 3571 2331">
     <span class='ocr_line' id='line_1_83' title="bbox 1989 2245 3571 2331; baseline 0.013 -33"><span class='ocrx_word' id='word_1_602' title='bbox 1989 2246 2040 2299; x_wconf 93' lang='lat' dir='ltr'><strong>in</strong></span> <span class='ocrx_word' id='word_1_603' title='bbox 2066 2245 2282 2301; x_wconf 83' lang='lat' dir='ltr'><strong>latebris</strong></span> <span class='ocrx_word' id='word_1_604' title='bbox 2309 2251 2486 2303; x_wconf 88' lang='lat' dir='ltr'><strong>omnia</strong></span> <span class='ocrx_word' id='word_1_605' title='bbox 2521 2268 2778 2318; x_wconf 81' lang='lat' dir='ltr'><strong>posuere:</strong></span> <span class='ocrx_word' id='word_1_606' title='bbox 2804 2255 2872 2307; x_wconf 89' lang='lat' dir='ltr'><strong>ita</strong></span> <span class='ocrx_word' id='word_1_607' title='bbox 2897 2258 3069 2310; x_wconf 83' lang='lat' dir='ltr'><strong>ontuis</strong></span> <span class='ocrx_word' id='word_1_608' title='bbox 3095 2257 3224 2312; x_wconf 84' lang='lat' dir='ltr'><strong>lucri</strong></span> <span class='ocrx_word' id='word_1_609' title='bbox 3285 2261 3406 2316; x_wconf 91' lang='lat' dir='ltr'><strong>inde</strong></span> <span class='ocrx_word' id='word_1_610' title='bbox 3451 2278 3571 2331; x_wconf 86' lang='lat' dir='ltr'><strong>per-</strong></span> 
     </span>
    </p>
   </div>
   <div class='ocr_carea' id='block_1_84' title="bbox 1986 2337 3569 2424">
    <p class='ocr_par' dir='ltr' id='par_1_84' title="bbox 1986 2337 3569 2424">
     <span class='ocr_line' id='line_1_84' title="bbox 1986 2337 3569 2424; baseline 0.012 -34"><span class='ocrx_word' id='word_1_611' title='bbox 1986 2337 2360 2410; x_wconf 86' lang='lat' dir='ltr'><strong>eipiendispes</strong></span> <span class='ocrx_word' id='word_1_612' title='bbox 2389 2341 2486 2411; x_wconf 91' lang='lat' dir='ltr'><strong>ipsi</strong></span> <span class='ocrx_word' id='word_1_613' title='bbox 2509 2343 2757 2400; x_wconf 85' lang='lat' dir='ltr'><strong>avolavit.</strong></span> <span class='ocrx_word' id='word_1_614' title='bbox 2793 2346 2926 2401; x_wconf 91' lang='lat' dir='ltr'><strong>Tum</strong></span> <span class='ocrx_word' id='word_1_615' title='bbox 2967 2364 3062 2404; x_wconf 89' lang='lat' dir='ltr'><strong>ceu</strong></span> <span class='ocrx_word' id='word_1_616' title='bbox 3109 2351 3253 2405; x_wconf 86' lang='lat' dir='ltr'><strong>rabie</strong></span> <span class='ocrx_word' id='word_1_617' title='bbox 3295 2365 3569 2424; x_wconf 89' lang='lat' dir='ltr'><strong>correptus</strong></span> 
     </span>
    </p>
   </div>
   <div class='ocr_carea' id='block_1_85' title="bbox 1987 2425 3567 2510">
    <p class='ocr_par' dir='ltr' id='par_1_85' title="bbox 1987 2425 3567 2510">
     <span class='ocr_line' id='line_1_85' title="bbox 1987 2425 3567 2510; baseline 0.012 -28"><span class='ocrx_word' id='word_1_618' title='bbox 1987 2425 2183 2484; x_wconf 87' lang='lat' dir='ltr'><strong>Gainas</strong></span> <span class='ocrx_word' id='word_1_619' title='bbox 2203 2471 2217 2494; x_wconf 91' lang='lat'><strong>,</strong></span> <span class='ocrx_word' id='word_1_620' title='bbox 2240 2433 2351 2485; x_wconf 90' lang='lat' dir='ltr'><strong>suis</strong></span> <span class='ocrx_word' id='word_1_621' title='bbox 2373 2433 2640 2489; x_wconf 89' lang='lat' dir='ltr'><strong>mandavit</strong></span> <span class='ocrx_word' id='word_1_622' title='bbox 2666 2447 2721 2489; x_wconf 92' lang='lat' dir='ltr'><strong>ut</strong></span> <span class='ocrx_word' id='word_1_623' title='bbox 2739 2437 3012 2506; x_wconf 89' lang='lat' dir='ltr'><strong>imperiale</strong></span> <span class='ocrx_word' id='word_1_624' title='bbox 3034 2440 3281 2510; x_wconf 86' lang='lat' dir='ltr'><strong>palatium</strong></span> <span class='ocrx_word' id='word_1_625' title='bbox 3314 2444 3567 2500; x_wconf 84' lang='lat' dir='ltr'><strong>incende-</strong></span> 
     </span>
    </p>
   </div>
   <div class='ocr_carea' id='block_1_86' title="bbox 1986 2521 3566 2598">
    <p class='ocr_par' dir='ltr' id='par_1_86' title="bbox 1986 2521 3566 2598">
     <span class='ocr_line' id='line_1_86' title="bbox 1986 2521 3566 2598; baseline 0.011 -25"><span class='ocrx_word' id='word_1_626' title='bbox 1986 2530 2123 2574; x_wconf 90' lang='lat' dir='ltr'><strong>rent.</strong></span> <span class='ocrx_word' id='word_1_627' title='bbox 2149 2521 2244 2576; x_wconf 91' lang='lat' dir='ltr'><strong>llic</strong></span> <span class='ocrx_word' id='word_1_628' title='bbox 2267 2540 2391 2578; x_wconf 88' lang='lat' dir='ltr'><strong>vero</strong></span> <span class='ocrx_word' id='word_1_629' title='bbox 2421 2541 2533 2579; x_wconf 90' lang='lat' dir='ltr'><strong>rem</strong></span> <span class='ocrx_word' id='word_1_630' title='bbox 2564 2528 2802 2598; x_wconf 80' lang='lat' dir='ltr'><strong>prodigio</strong></span> <span class='ocrx_word' id='word_1_631' title='bbox 2827 2531 3054 2585; x_wconf 88' lang='lat' dir='ltr'><strong>similem</strong></span> <span class='ocrx_word' id='word_1_632' title='bbox 3097 2545 3278 2589; x_wconf 87' lang='lat' dir='ltr'><strong>narrat</strong></span> <span class='ocrx_word' id='word_1_633' title='bbox 3311 2535 3566 2591; x_wconf 82' lang='lat' dir='ltr'><strong>Sozome-</strong></span> 
     </span>
    </p>
   </div>
   <div class='ocr_carea' id='block_1_87' title="bbox 1984 2615 3566 2696">
    <p class='ocr_par' dir='ltr' id='par_1_87' title="bbox 1984 2615 3566 2696">
     <span class='ocr_line' id='line_1_87' title="bbox 1984 2615 3566 2696; baseline 0.011 -32"><span class='ocrx_word' id='word_1_634' title='bbox 1984 2626 2120 2676; x_wconf 91' lang='lat' dir='ltr'><strong>nus;</strong></span> <span class='ocrx_word' id='word_1_635' title='bbox 2151 2629 2340 2682; x_wconf 87' lang='lat' dir='ltr'><strong>nempe</strong></span> <span class='ocrx_word' id='word_1_636' title='bbox 2361 2615 2626 2685; x_wconf 85' lang='lat' dir='ltr'><strong>ingentem</strong></span> <span class='ocrx_word' id='word_1_637' title='bbox 2655 2617 2879 2672; x_wconf 67' lang='lat' dir='ltr'><strong>militum</strong></span> <span class='ocrx_word' id='word_1_638' title='bbox 2925 2636 3202 2696; x_wconf 80' lang='lat' dir='ltr'><strong>numerum</strong></span> <span class='ocrx_word' id='word_1_639' title='bbox 3243 2635 3364 2678; x_wconf 91' lang='lat' dir='ltr'><strong>ante</strong></span> <span class='ocrx_word' id='word_1_640' title='bbox 3417 2629 3566 2695; x_wconf 77' lang='lat' dir='ltr'><strong>pala-</strong></span> 
     </span>
    </p>
   </div>
   <div class='ocr_carea' id='block_1_88' title="bbox 1985 2703 3564 2785">
    <p class='ocr_par' dir='ltr' id='par_1_88' title="bbox 1985 2703 3564 2785">
     <span class='ocr_line' id='line_1_88' title="bbox 1985 2703 3564 2785; baseline 0.011 -30"><span class='ocrx_word' id='word_1_641' title='bbox 1985 2703 2114 2756; x_wconf 91' lang='lat' dir='ltr'><strong>tium</strong></span> <span class='ocrx_word' id='word_1_642' title='bbox 2142 2704 2392 2760; x_wconf 89' lang='lat' dir='ltr'><strong>divinitus</strong></span> <span class='ocrx_word' id='word_1_643' title='bbox 2416 2712 2812 2778; x_wconf 85' lang='lat' dir='ltr'><strong>comparuisse,</strong></span> <span class='ocrx_word' id='word_1_644' title='bbox 2843 2711 3201 2785; x_wconf 89' lang='lat' dir='ltr'><strong>barbarosque</strong></span> <span class='ocrx_word' id='word_1_645' title='bbox 3241 2726 3292 2769; x_wconf 91' lang='lat' dir='ltr'><strong>et</strong></span> <span class='ocrx_word' id='word_1_646' title='bbox 3344 2717 3564 2772; x_wconf 88' lang='lat' dir='ltr'><strong>Gainam</strong></span> 
     </span>
    </p>
   </div>
   <div class='ocr_carea' id='block_1_89' title="bbox 1984 2794 3564 2877">
    <p class='ocr_par' dir='ltr' id='par_1_89' title="bbox 1984 2794 3564 2877">
     <span class='ocr_line' id='line_1_89' title="bbox 1984 2794 3564 2877; baseline 0.009 -29"><span class='ocrx_word' id='word_1_647' title='bbox 1984 2794 2154 2863; x_wconf 89' lang='lat' dir='ltr'><strong>ipsum</strong></span> <span class='ocrx_word' id='word_1_648' title='bbox 2180 2813 2244 2852; x_wconf 92' lang='lat' dir='ltr'><strong>ne</strong></span> <span class='ocrx_word' id='word_1_649' title='bbox 2270 2810 2442 2866; x_wconf 74' lang='lat' dir='ltr'><strong>empta</strong></span> <span class='ocrx_word' id='word_1_650' title='bbox 2477 2803 2791 2869; x_wconf 84' lang='lat' dir='ltr'><strong>perlicerent</strong></span> <span class='ocrx_word' id='word_1_651' title='bbox 2813 2803 3137 2859; x_wconf 87' lang='lat' dir='ltr'><strong>deterruisse</strong></span> <span class='ocrx_word' id='word_1_652' title='bbox 3156 2847 3172 2872; x_wconf 97' lang='lat'><strong>,</strong></span> <span class='ocrx_word' id='word_1_653' title='bbox 3196 2808 3400 2877; x_wconf 79' lang='lat' dir='ltr'><strong>aliaque</strong></span> <span class='ocrx_word' id='word_1_654' title='bbox 3443 2826 3564 2863; x_wconf 89' lang='lat' dir='ltr'><strong>nar-</strong></span> 
     </span>
    </p>
   </div>
   <div class='ocr_carea' id='block_1_90' title="bbox 1981 2889 3562 2959">
    <p class='ocr_par' dir='ltr' id='par_1_90' title="bbox 1981 2889 3562 2959">
     <span class='ocr_line' id='line_1_90' title="bbox 1981 2889 3562 2959; baseline 0.009 -19"><span class='ocrx_word' id='word_1_655' title='bbox 1981 2897 2202 2955; x_wconf 74' lang='lat' dir='ltr'><strong>ratqua:</strong></span> <span class='ocrx_word' id='word_1_656' title='bbox 2238 2889 2464 2943; x_wconf 91' lang='lat' dir='ltr'><strong>fabulam</strong></span> <span class='ocrx_word' id='word_1_657' title='bbox 2509 2907 2696 2959; x_wconf 85' lang='lat' dir='ltr'><strong>sapere</strong></span> <span class='ocrx_word' id='word_1_658' title='bbox 2741 2894 3012 2950; x_wconf 79' lang='lat' dir='ltr'><strong>videntur.</strong></span> <span class='ocrx_word' id='word_1_659' title='bbox 3039 2897 3199 2950; x_wconf 82' lang='lat' dir='ltr'><strong>Addit</strong></span> <span class='ocrx_word' id='word_1_660' title='bbox 3238 2897 3562 2954; x_wconf 86' lang='lat' dir='ltr'><strong>Sozomeuus</strong></span> 
     </span>
    </p>
   </div>
   <div class='ocr_carea' id='block_1_91' title="bbox 1979 2977 3560 3053">
    <p class='ocr_par' dir='ltr' id='par_1_91' title="bbox 1979 2977 3560 3053">
     <span class='ocr_line' id='line_1_91' title="bbox 1979 2977 3560 3053; baseline 0.007 -23"><span class='ocrx_word' id='word_1_661' title='bbox 1979 2991 2042 3030; x_wconf 83' lang='lat' dir='ltr'><strong>ex</strong></span> <span class='ocrx_word' id='word_1_662' title='bbox 2076 2977 2315 3032; x_wconf 81' lang='lat' dir='ltr'><strong>barbaris</strong></span> <span class='ocrx_word' id='word_1_663' title='bbox 2359 2981 2460 3034; x_wconf 90' lang='lat' dir='ltr'><strong>illis</strong></span> <span class='ocrx_word' id='word_1_664' title='bbox 2490 2981 2624 3035; x_wconf 90' lang='lat' dir='ltr'><strong>alios</strong></span> <span class='ocrx_word' id='word_1_665' title='bbox 2651 2983 2700 3036; x_wconf 92' lang='lat' dir='ltr'><strong>in</strong></span> <span class='ocrx_word' id='word_1_666' title='bbox 2743 2984 2877 3039; x_wconf 86' lang='lat' dir='ltr'><strong>urbe</strong></span> <span class='ocrx_word' id='word_1_667' title='bbox 2925 2987 3216 3053; x_wconf 87' lang='lat' dir='ltr'><strong>mansisse,</strong></span> <span class='ocrx_word' id='word_1_668' title='bbox 3272 2990 3400 3043; x_wconf 90' lang='lat' dir='ltr'><strong>alios</strong></span> <span class='ocrx_word' id='word_1_669' title='bbox 3442 3006 3560 3043; x_wconf 90' lang='lat' dir='ltr'><strong>cum</strong></span> 
     </span>
    </p>
   </div>
   <div class='ocr_carea' id='block_1_92' title="bbox 1979 3061 3558 3142">
    <p class='ocr_par' dir='ltr' id='par_1_92' title="bbox 1979 3070 3558 3142">
     <span class='ocr_line' id='line_1_92' title="bbox 1979 3070 3558 3142; baseline 0.008 -16"><span class='ocrx_word' id='word_1_670' title='bbox 1979 3070 2144 3126; x_wconf 88' lang='lat' dir='ltr'><strong>Gaina</strong></span> <span class='ocrx_word' id='word_1_671' title='bbox 2172 3089 2414 3142; x_wconf 87' lang='lat' dir='ltr'><strong>egressos</strong></span> <span class='ocrx_word' id='word_1_672' title='bbox 2431 3091 2548 3128; x_wconf 85' lang='lat' dir='ltr'><strong>esse</strong></span> <span class='ocrx_word' id='word_1_673' title='bbox 2568 3118 2582 3142; x_wconf 97' lang='lat'><strong>,</strong></span> <span class='ocrx_word' id='word_1_674' title='bbox 2613 3086 2667 3130; x_wconf 91' lang='lat' dir='ltr'><strong>et</strong></span> <span class='ocrx_word' id='word_1_675' title='bbox 2687 3079 2983 3132; x_wconf 85' lang='lat' dir='ltr'><strong>clanculum</strong></span> <span class='ocrx_word' id='word_1_676' title='bbox 3015 3096 3159 3134; x_wconf 80' lang='lat' dir='ltr'><strong>arma</strong></span> <span class='ocrx_word' id='word_1_677' title='bbox 3202 3083 3253 3138; x_wconf 94' lang='lat' dir='ltr'><strong>iu</strong></span> <span class='ocrx_word' id='word_1_678' title='bbox 3305 3085 3558 3139; x_wconf 59' lang='lat' dir='ltr'><strong>vehiculis</strong></span> 
     </span>
    </p>
   </div>
   <div class='ocr_carea' id='block_1_93' title="bbox 1981 3163 3557 3238">
    <p class='ocr_par' dir='ltr' id='par_1_93' title="bbox 1981 3163 3557 3238">
     <span class='ocr_line' id='line_1_93' title="bbox 1981 3163 3557 3238; baseline 0.01 -21"><span class='ocrx_word' id='word_1_679' title='bbox 1981 3163 2293 3217; x_wconf 85' lang='lat' dir='ltr'><strong>feminarum</strong></span> <span class='ocrx_word' id='word_1_680' title='bbox 2320 3207 2335 3230; x_wconf 92' lang='lat'><strong>,</strong></span> <span class='ocrx_word' id='word_1_681' title='bbox 2359 3175 2412 3220; x_wconf 88' lang='lat' dir='ltr'><strong>et</strong></span> <span class='ocrx_word' id='word_1_682' title='bbox 2445 3167 2494 3219; x_wconf 93' lang='lat' dir='ltr'><strong>in</strong></span> <span class='ocrx_word' id='word_1_683' title='bbox 2522 3166 2678 3222; x_wconf 69' lang='lat' dir='ltr'><strong>doliis</strong></span> <span class='ocrx_word' id='word_1_684' title='bbox 2707 3169 2808 3222; x_wconf 88' lang='lat' dir='ltr'><strong>lcla</strong></span> <span class='ocrx_word' id='word_1_685' title='bbox 2853 3172 3236 3238; x_wconf 85' lang='lat' dir='ltr'><strong>exportavisse.</strong></span> <span class='ocrx_word' id='word_1_686' title='bbox 3283 3173 3386 3228; x_wconf 90' lang='lat' dir='ltr'><strong>Sed</strong></span> <span class='ocrx_word' id='word_1_687' title='bbox 3437 3192 3557 3232; x_wconf 85' lang='lat' dir='ltr'><strong>cum</strong></span> 
     </span>
    </p>
   </div>
   <div class='ocr_carea' id='block_1_94' title="bbox 1976 3255 3553 3332">
    <p class='ocr_par' dir='ltr' id='par_1_94' title="bbox 1976 3255 3553 3332">
     <span class='ocr_line' id='line_1_94' title="bbox 1976 3255 3553 3332; baseline 0.005 -26"><span class='ocrx_word' id='word_1_688' title='bbox 1976 3255 2294 3322; x_wconf 67' lang='lat' dir='ltr'><strong>deprehensi</strong></span> <span class='ocrx_word' id='word_1_689' title='bbox 2322 3266 2532 3319; x_wconf 80' lang='lat' dir='ltr'><strong>essent,</strong></span> <span class='ocrx_word' id='word_1_690' title='bbox 2569 3267 2838 3325; x_wconf 88' lang='lat' dir='ltr'><strong>portarum</strong></span> <span class='ocrx_word' id='word_1_691' title='bbox 2889 3261 3177 3328; x_wconf 67' lang='lat' dir='ltr'><strong>custodes,</strong></span> <span class='ocrx_word' id='word_1_692' title='bbox 3223 3263 3391 3332; x_wconf 91' lang='lat' dir='ltr'><strong>inquit</strong></span> <span class='ocrx_word' id='word_1_693' title='bbox 3434 3266 3553 3328; x_wconf 83' lang='lat' dir='ltr'><strong>ille,</strong></span> 
     </span>
    </p>
   </div>
   <div class='ocr_carea' id='block_1_95' title="bbox 1975 3347 3553 3418">
    <p class='ocr_par' dir='ltr' id='par_1_95' title="bbox 1975 3347 3553 3418">
     <span class='ocr_line' id='line_1_95' title="bbox 1975 3347 3553 3418; baseline 0.008 -23"><span class='ocrx_word' id='word_1_694' title='bbox 1975 3347 2062 3415; x_wconf 90' lang='lat' dir='ltr'><strong>qui</strong></span> <span class='ocrx_word' id='word_1_695' title='bbox 2093 3362 2157 3398; x_wconf 91' lang='lat' dir='ltr'><strong>nc</strong></span> <span class='ocrx_word' id='word_1_696' title='bbox 2186 3361 2332 3399; x_wconf 89' lang='lat' dir='ltr'><strong>arma</strong></span> <span class='ocrx_word' id='word_1_697' title='bbox 2362 3357 2703 3416; x_wconf 75' lang='lat' dir='ltr'><strong>exportarent</strong></span> <span class='ocrx_word' id='word_1_698' title='bbox 2754 3350 3133 3418; x_wconf 84' lang='lat' dir='ltr'><strong>prohibebant,</strong></span> <span class='ocrx_word' id='word_1_699' title='bbox 3161 3353 3553 3407; x_wconf 82' lang='lat' dir='ltr'><strong>interfecerunt.</strong></span> 
     </span>
    </p>
   </div>
   <div class='ocr_carea' id='block_1_96' title="bbox 1977 3433 3554 3514">
    <p class='ocr_par' dir='ltr' id='par_1_96' title="bbox 1977 3433 3554 3514">
     <span class='ocr_line' id='line_1_96' title="bbox 1977 3433 3554 3514; baseline 0.006 -24"><span class='ocrx_word' id='word_1_700' title='bbox 1977 3433 2166 3504; x_wconf 83' lang='lat' dir='ltr'><strong>lugens</strong></span> <span class='ocrx_word' id='word_1_701' title='bbox 2191 3445 2312 3490; x_wconf 88' lang='lat' dir='ltr'><strong>tune</strong></span> <span class='ocrx_word' id='word_1_702' title='bbox 2341 3439 2593 3490; x_wconf 87' lang='lat' dir='ltr'><strong>touudtus</strong></span> <span class='ocrx_word' id='word_1_703' title='bbox 2618 3453 2680 3492; x_wconf 88' lang='lat' dir='ltr'><strong>ac</strong></span> <span class='ocrx_word' id='word_1_704' title='bbox 2703 3448 2876 3494; x_wconf 88' lang='lat' dir='ltr'><strong>terror</strong></span> <span class='ocrx_word' id='word_1_705' title='bbox 2921 3457 3106 3495; x_wconf 87' lang='lat' dir='ltr'><strong>onmes</strong></span> <span class='ocrx_word' id='word_1_706' title='bbox 3153 3443 3373 3508; x_wconf 76' lang='lat' dir='ltr'><strong>invasit,</strong></span> <span class='ocrx_word' id='word_1_707' title='bbox 3404 3446 3554 3514; x_wconf 76' lang='lat' dir='ltr'><strong>quasi</strong></span> 
     </span>
    </p>
   </div>
   <div class='ocr_carea' id='block_1_97' title="bbox 1970 3525 3553 3603">
    <p class='ocr_par' dir='ltr' id='par_1_97' title="bbox 1970 3525 3553 3603">
     <span class='ocr_line' id='line_1_97' title="bbox 1970 3525 3553 3603; baseline 0.009 -27"><span class='ocrx_word' id='word_1_708' title='bbox 1970 3525 2187 3596; x_wconf 85' lang='lat' dir='ltr'><strong>jamjam</strong></span> <span class='ocrx_word' id='word_1_709' title='bbox 2210 3528 2335 3581; x_wconf 91' lang='lat' dir='ltr'><strong>urbs</strong></span> <span class='ocrx_word' id='word_1_710' title='bbox 2363 3529 2615 3598; x_wconf 84' lang='lat' dir='ltr'><strong>capienda</strong></span> <span class='ocrx_word' id='word_1_711' title='bbox 2646 3540 2699 3584; x_wconf 88' lang='lat' dir='ltr'><strong>et</strong></span> <span class='ocrx_word' id='word_1_712' title='bbox 2719 3530 2997 3599; x_wconf 78' lang='lat' dir='ltr'><strong>expilanda</strong></span> <span class='ocrx_word' id='word_1_713' title='bbox 3028 3543 3191 3590; x_wconf 87' lang='lat' dir='ltr'><strong>esset.</strong></span> <span class='ocrx_word' id='word_1_714' title='bbox 3227 3535 3287 3587; x_wconf 79' lang='lat' dir='ltr'><strong>At</strong></span> <span class='ocrx_word' id='word_1_715' title='bbox 3324 3535 3553 3603; x_wconf 84' lang='lat' dir='ltr'><strong>Impera-</strong></span> 
     </span>
    </p>
   </div>
   <div class='ocr_carea' id='block_1_98' title="bbox 1975 3617 3553 3689">
    <p class='ocr_par' dir='ltr' id='par_1_98' title="bbox 1975 3617 3553 3689">
     <span class='ocr_line' id='line_1_98' title="bbox 1975 3617 3553 3689; baseline 0.005 -19"><span class='ocrx_word' id='word_1_716' title='bbox 1975 3626 2058 3672; x_wconf 88' lang='lat' dir='ltr'><strong>tor</strong></span> <span class='ocrx_word' id='word_1_717' title='bbox 2078 3617 2334 3671; x_wconf 86' lang='lat' dir='ltr'><strong>Arcadius</strong></span> <span class='ocrx_word' id='word_1_718' title='bbox 2352 3660 2367 3684; x_wconf 90' lang='lat'><strong>,</strong></span> <span class='ocrx_word' id='word_1_719' title='bbox 2395 3621 2591 3689; x_wconf 84' lang='lat' dir='ltr'><strong>optimo</strong></span> <span class='ocrx_word' id='word_1_720' title='bbox 2616 3629 2746 3675; x_wconf 90' lang='lat' dir='ltr'><strong>tunc</strong></span> <span class='ocrx_word' id='word_1_721' title='bbox 2771 3637 2896 3676; x_wconf 90' lang='lat' dir='ltr'><strong>usus</strong></span> <span class='ocrx_word' id='word_1_722' title='bbox 2940 3624 3160 3678; x_wconf 68' lang='lat' dir='ltr'><strong>consilio</strong></span> <span class='ocrx_word' id='word_1_723' title='bbox 3180 3667 3192 3687; x_wconf 93' lang='lat'><strong>,</strong></span> <span class='ocrx_word' id='word_1_724' title='bbox 3213 3625 3428 3680; x_wconf 84' lang='lat' dir='ltr'><strong>Gaiuatn</strong></span> <span class='ocrx_word' id='word_1_725' title='bbox 3463 3629 3553 3680; x_wconf 89' lang='lat' dir='ltr'><strong>ho-</strong></span> 
     </span>
    </p>
   </div>
   <div class='ocr_carea' id='block_1_99' title="bbox 1971 3709 3550 3784">
    <p class='ocr_par' dir='ltr' id='par_1_99' title="bbox 1971 3709 3550 3784">
     <span class='ocr_line' id='line_1_99' title="bbox 1971 3709 3550 3784; baseline 0.005 -20"><span class='ocrx_word' id='word_1_726' title='bbox 1971 3719 2107 3764; x_wconf 88' lang='lat' dir='ltr'><strong>stem</strong></span> <span class='ocrx_word' id='word_1_727' title='bbox 2134 3709 2454 3778; x_wconf 75' lang='lat' dir='ltr'><strong>declaravit,</strong></span> <span class='ocrx_word' id='word_1_728' title='bbox 2480 3711 2765 3779; x_wconf 83' lang='lat' dir='ltr'><strong>barbaros,</strong></span> <span class='ocrx_word' id='word_1_729' title='bbox 2795 3715 2882 3784; x_wconf 91' lang='lat' dir='ltr'><strong>qui</strong></span> <span class='ocrx_word' id='word_1_730' title='bbox 2914 3715 2964 3767; x_wconf 92' lang='lat' dir='ltr'><strong>in</strong></span> <span class='ocrx_word' id='word_1_731' title='bbox 2989 3716 3118 3769; x_wconf 91' lang='lat' dir='ltr'><strong>urbe</strong></span> <span class='ocrx_word' id='word_1_732' title='bbox 3167 3729 3317 3770; x_wconf 83' lang='lat' dir='ltr'><strong>erant</strong></span> <span class='ocrx_word' id='word_1_733' title='bbox 3337 3760 3352 3782; x_wconf 91' lang='lat'><strong>,</strong></span> <span class='ocrx_word' id='word_1_734' title='bbox 3385 3720 3550 3772; x_wconf 81' lang='lat' dir='ltr'><strong>occidi</strong></span> 
     </span>
    </p>
   </div>
   <div class='ocr_carea' id='block_1_100' title="bbox 1967 3801 3550 3874">
    <p class='ocr_par' dir='ltr' id='par_1_100' title="bbox 1967 3801 3550 3874">
     <span class='ocr_line' id='line_1_100' title="bbox 1967 3801 3550 3874; baseline 0.007 -21"><span class='ocrx_word' id='word_1_735' title='bbox 1967 3801 2125 3869; x_wconf 52' lang='lat' dir='ltr'><strong>jussit</strong></span> <span class='ocrx_word' id='word_1_736' title='bbox 2165 3819 2180 3857; x_wconf 90' lang='lat'><strong>:</strong></span> <span class='ocrx_word' id='word_1_737' title='bbox 2225 3802 2526 3873; x_wconf 86' lang='lat' dir='ltr'><strong>militesque</strong></span> <span class='ocrx_word' id='word_1_738' title='bbox 2578 3805 2777 3874; x_wconf 76' lang='lat' dir='ltr'><strong>impetu</strong></span> <span class='ocrx_word' id='word_1_739' title='bbox 2823 3806 2873 3858; x_wconf 93' lang='lat' dir='ltr'><strong>in</strong></span> <span class='ocrx_word' id='word_1_740' title='bbox 2929 3807 3045 3860; x_wconf 89' lang='lat' dir='ltr'><strong>illos</strong></span> <span class='ocrx_word' id='word_1_741' title='bbox 3085 3809 3220 3860; x_wconf 77' lang='lat' dir='ltr'><strong>fat-to</strong></span> <span class='ocrx_word' id='word_1_742' title='bbox 3262 3811 3550 3864; x_wconf 76' lang='lat' dir='ltr'><strong>maximam</strong></span> 
     </span>
    </p>
   </div>
   <div class='ocr_carea' id='block_1_101' title="bbox 1972 3895 3549 3972">
    <p class='ocr_par' dir='ltr' id='par_1_101' title="bbox 1972 3895 3549 3972">
     <span class='ocr_line' id='line_1_101' title="bbox 1972 3895 3549 3972; baseline 0.003 -24"><span class='ocrx_word' id='word_1_743' title='bbox 1972 3895 2183 3950; x_wconf 89' lang='lat' dir='ltr'><strong>illorum</strong></span> <span class='ocrx_word' id='word_1_744' title='bbox 2230 3907 2431 3966; x_wconf 87' lang='lat' dir='ltr'><strong>partem</strong></span> <span class='ocrx_word' id='word_1_745' title='bbox 2481 3899 2838 3963; x_wconf 83' lang='lat' dir='ltr'><strong>trucidavere;</strong></span> <span class='ocrx_word' id='word_1_746' title='bbox 2883 3899 3161 3954; x_wconf 82' lang='lat' dir='ltr'><strong>ecclesiam</strong></span> <span class='ocrx_word' id='word_1_747' title='bbox 3213 3917 3374 3966; x_wconf 82' lang='lat' dir='ltr'><strong>vero,</strong></span> <span class='ocrx_word' id='word_1_748' title='bbox 3432 3920 3549 3972; x_wconf 64' lang='lat' dir='ltr'><strong>quas</strong></span> 
     </span>
    </p>
   </div>
   <div class='ocr_carea' id='block_1_102' title="bbox 1971 3985 3546 4062">
    <p class='ocr_par' dir='ltr' id='par_1_102' title="bbox 1971 3985 3546 4062">
     <span class='ocr_line' id='line_1_102' title="bbox 1971 3985 3546 4062; baseline 0.004 -22"><span class='ocrx_word' id='word_1_749' title='bbox 1971 3985 2248 4043; x_wconf 83' lang='lat' dir='ltr'><strong>dicebatur</strong></span> <span class='ocrx_word' id='word_1_750' title='bbox 2297 3989 2614 4044; x_wconf 85' lang='lat' dir='ltr'><strong>Gotthorum</strong></span> <span class='ocrx_word' id='word_1_751' title='bbox 2640 4029 2656 4055; x_wconf 96' lang='lat'><strong>,</strong></span> <span class='ocrx_word' id='word_1_752' title='bbox 2687 3991 2928 4044; x_wconf 87' lang='lat' dir='ltr'><strong>incendio</strong></span> <span class='ocrx_word' id='word_1_753' title='bbox 2958 4007 3396 4062; x_wconf 83' lang='lat' dir='ltr'><strong>consumpserunt</strong></span> <span class='ocrx_word' id='word_1_754' title='bbox 3422 4036 3436 4057; x_wconf 96' lang='lat'><strong>,</strong></span> <span class='ocrx_word' id='word_1_755' title='bbox 3495 3996 3546 4048; x_wconf 90' lang='lat' dir='ltr'><strong>in</strong></span> 
     </span>
    </p>
   </div>
   <div class='ocr_carea' id='block_1_103' title="bbox 1969 4080 3548 4152">
    <p class='ocr_par' dir='ltr' id='par_1_103' title="bbox 1969 4080 3548 4152">
     <span class='ocr_line' id='line_1_103' title="bbox 1969 4080 3548 4152; baseline 0.006 -21"><span class='ocrx_word' id='word_1_756' title='bbox 1969 4095 2072 4148; x_wconf 92' lang='lat' dir='ltr'><strong>qua</strong></span> <span class='ocrx_word' id='word_1_757' title='bbox 2103 4080 2284 4135; x_wconf 84' lang='lat' dir='ltr'><strong>Gotthi</strong></span> <span class='ocrx_word' id='word_1_758' title='bbox 2310 4083 2456 4136; x_wconf 89' lang='lat' dir='ltr'><strong>multi</strong></span> <span class='ocrx_word' id='word_1_759' title='bbox 2487 4082 2713 4137; x_wconf 80' lang='lat' dir='ltr'><strong>llatnmis</strong></span> <span class='ocrx_word' id='word_1_760' title='bbox 2745 4083 2919 4136; x_wconf 90' lang='lat' dir='ltr'><strong>traditi</strong></span> <span class='ocrx_word' id='word_1_761' title='bbox 2951 4085 3170 4152; x_wconf 82' lang='lat' dir='ltr'><strong>periere.</strong></span> <span class='ocrx_word' id='word_1_762' title='bbox 3205 4086 3389 4138; x_wconf 83' lang='lat' dir='ltr'><strong>Postea</strong></span> <span class='ocrx_word' id='word_1_763' title='bbox 3423 4104 3548 4140; x_wconf 81' lang='lat' dir='ltr'><strong>vero</strong></span> 
     </span>
    </p>
   </div>
   <div class='ocr_carea' id='block_1_104' title="bbox 1970 4171 3547 4246">
    <p class='ocr_par' dir='ltr' id='par_1_104' title="bbox 1970 4171 3547 4246">
     <span class='ocr_line' id='line_1_104' title="bbox 1970 4171 3547 4246; baseline 0.003 -22"><span class='ocrx_word' id='word_1_764' title='bbox 1970 4171 2298 4224; x_wconf 85' lang='lat' dir='ltr'><strong>Sozomcuus</strong></span> <span class='ocrx_word' id='word_1_765' title='bbox 2325 4172 2505 4227; x_wconf 78' lang='lat' dir='ltr'><strong>Gainte</strong></span> <span class='ocrx_word' id='word_1_766' title='bbox 2536 4184 2678 4242; x_wconf 81' lang='lat' dir='ltr'><strong>gesta</strong></span> <span class='ocrx_word' id='word_1_767' title='bbox 2722 4185 2957 4230; x_wconf 87' lang='lat' dir='ltr'><strong>recenset</strong></span> <span class='ocrx_word' id='word_1_768' title='bbox 2983 4215 3000 4240; x_wconf 97' lang='lat'><strong>,</strong></span> <span class='ocrx_word' id='word_1_769' title='bbox 3051 4186 3103 4229; x_wconf 90' lang='lat' dir='ltr'><strong>et</strong></span> <span class='ocrx_word' id='word_1_770' title='bbox 3150 4178 3323 4230; x_wconf 87' lang='lat' dir='ltr'><strong>otuuia</strong></span> <span class='ocrx_word' id='word_1_771' title='bbox 3371 4182 3547 4246; x_wconf 73' lang='lat' dir='ltr'><strong>paucis</strong></span> 
     </span>
    </p>
   </div>
   <div class='ocr_carea' id='block_1_105' title="bbox 1971 4263 3547 4335">
    <p class='ocr_par' dir='ltr' id='par_1_105' title="bbox 1971 4263 3547 4335">
     <span class='ocr_line' id='line_1_105' title="bbox 1971 4263 3547 4335; baseline 0.003 -19"><span class='ocrx_word' id='word_1_772' title='bbox 1971 4265 2308 4332; x_wconf 86' lang='lat' dir='ltr'><strong>persequitur</strong></span> <span class='ocrx_word' id='word_1_773' title='bbox 2331 4263 2395 4316; x_wconf 90' lang='lat' dir='ltr'><strong>ad</strong></span> <span class='ocrx_word' id='word_1_774' title='bbox 2424 4280 2593 4332; x_wconf 83' lang='lat' dir='ltr'><strong>usque</strong></span> <span class='ocrx_word' id='word_1_775' title='bbox 2615 4266 2729 4335; x_wconf 86' lang='lat' dir='ltr'><strong>ejus</strong></span> <span class='ocrx_word' id='word_1_776' title='bbox 2759 4267 2961 4322; x_wconf 87' lang='lat' dir='ltr'><strong>cladem</strong></span> <span class='ocrx_word' id='word_1_777' title='bbox 3014 4280 3066 4321; x_wconf 88' lang='lat' dir='ltr'><strong>et</strong></span> <span class='ocrx_word' id='word_1_778' title='bbox 3116 4285 3320 4322; x_wconf 85' lang='lat' dir='ltr'><strong>necem.</strong></span> <span class='ocrx_word' id='word_1_779' title='bbox 3380 4268 3433 4324; x_wconf 77' lang='lat' dir='ltr'><strong>in</strong></span> <span class='ocrx_word' id='word_1_780' title='bbox 3485 4271 3547 4323; x_wconf 64' lang='lat' dir='ltr'><strong>iis</strong></span> 
     </span>
    </p>
   </div>
   <div class='ocr_carea' id='block_1_106' title="bbox 1966 4357 3544 4426">
    <p class='ocr_par' dir='ltr' id='par_1_106' title="bbox 1966 4357 3544 4426">
     <span class='ocr_line' id='line_1_106' title="bbox 1966 4357 3544 4426; baseline 0.004 -18"><span class='ocrx_word' id='word_1_781' title='bbox 1966 4369 2094 4408; x_wconf 82' lang='lat' dir='ltr'><strong>vero</strong></span> <span class='ocrx_word' id='word_1_782' title='bbox 2128 4370 2246 4423; x_wconf 74' lang='lat' dir='ltr'><strong>quze</strong></span> <span class='ocrx_word' id='word_1_783' title='bbox 2273 4365 2486 4422; x_wconf 89' lang='lat' dir='ltr'><strong>narrat,</strong></span> <span class='ocrx_word' id='word_1_784' title='bbox 2515 4357 2754 4426; x_wconf 70' lang='lat' dir='ltr'><strong>qua-dam</strong></span> <span class='ocrx_word' id='word_1_785' title='bbox 2806 4375 2928 4412; x_wconf 88' lang='lat' dir='ltr'><strong>vera</strong></span> <span class='ocrx_word' id='word_1_786' title='bbox 2981 4375 3100 4414; x_wconf 72' lang='lat' dir='ltr'><strong>esse</strong></span> <span class='ocrx_word' id='word_1_787' title='bbox 3141 4361 3404 4424; x_wconf 85' lang='lat' dir='ltr'><strong>videntur,</strong></span> <span class='ocrx_word' id='word_1_788' title='bbox 3453 4363 3544 4414; x_wconf 51' lang='lat' dir='ltr'><strong>sed</strong></span> 
     </span>
    </p>
   </div>
   <div class='ocr_carea' id='block_1_107' title="bbox 1966 4443 2461 4498">
    <p class='ocr_par' dir='ltr' id='par_1_107' title="bbox 1966 4443 2461 4498">
     <span class='ocr_line' id='line_1_107' title="bbox 1966 4443 2461 4498; baseline -0.004 0"><span class='ocrx_word' id='word_1_789' title='bbox 1966 4443 2114 4498; x_wconf 85' lang='lat' dir='ltr'><strong>falsis</strong></span> <span class='ocrx_word' id='word_1_790' title='bbox 2144 4445 2461 4498; x_wconf 79' lang='lat' dir='ltr'><strong>intermixta.</strong></span> 
     </span>
    </p>
   </div>
   <div class='ocr_carea' id='block_1_108' title="bbox 2038 4537 3542 4606">
    <p class='ocr_par' dir='ltr' id='par_1_108' title="bbox 2038 4537 3542 4606">
     <span class='ocr_line' id='line_1_108' title="bbox 2038 4537 3542 4606; baseline 0.002 -17"><span class='ocrx_word' id='word_1_791' title='bbox 2038 4537 2154 4589; x_wconf 87' lang='lat' dir='ltr'><strong>Alia</strong></span> <span class='ocrx_word' id='word_1_792' title='bbox 2182 4547 2362 4591; x_wconf 85' lang='lat' dir='ltr'><strong>narrat</strong></span> <span class='ocrx_word' id='word_1_793' title='bbox 2387 4537 2756 4592; x_wconf 87' lang='lat' dir='ltr'><strong>Theodoretus</strong></span> <span class='ocrx_word' id='word_1_794' title='bbox 2784 4537 3109 4606; x_wconf 74' lang='lat' dir='ltr'><strong>(Theodorei.</strong></span> <span class='ocrx_word' id='word_1_795' title='bbox 3143 4543 3178 4592; x_wconf 88' lang='grc' dir='ltr'><strong>Ι.</strong></span> <span class='ocrx_word' id='word_1_796' title='bbox 3212 4542 3266 4597; x_wconf 82' lang='lat'><strong>5.</strong></span> <span class='ocrx_word' id='word_1_797' title='bbox 3307 4559 3354 4594; x_wconf 75' lang='grc' dir='ltr'><strong>ο.</strong></span> <span class='ocrx_word' id='word_1_798' title='bbox 3403 4544 3469 4597; x_wconf 76' lang='grc'><strong>52</strong></span> <span class='ocrx_word' id='word_1_799' title='bbox 3500 4558 3542 4593; x_wconf 72' lang='grc' dir='ltr'><strong>ιιι</strong></span> 
     </span>
    </p>
   </div>
   <div class='ocr_carea' id='block_1_109' title="bbox 1964 4624 3542 4702">
    <p class='ocr_par' dir='ltr' id='par_1_109' title="bbox 1964 4624 3542 4702">
     <span class='ocr_line' id='line_1_109' title="bbox 1964 4624 3542 4702; baseline 0.003 -22"><span class='ocrx_word' id='word_1_800' title='bbox 1964 4624 2079 4697; x_wconf 77' lang='lat'><strong>55).</strong></span> <span class='ocrx_word' id='word_1_801' title='bbox 2111 4627 2244 4682; x_wconf 84' lang='lat' dir='ltr'><strong>Cum</strong></span> <span class='ocrx_word' id='word_1_802' title='bbox 2274 4625 2470 4683; x_wconf 86' lang='lat' dir='ltr'><strong>Gainas</strong></span> <span class='ocrx_word' id='word_1_803' title='bbox 2513 4628 2614 4683; x_wconf 86' lang='lat' dir='ltr'><strong>sibi</strong></span> <span class='ocrx_word' id='word_1_804' title='bbox 2637 4637 2691 4683; x_wconf 93' lang='lat' dir='ltr'><strong>et</strong></span> <span class='ocrx_word' id='word_1_805' title='bbox 2739 4629 2850 4682; x_wconf 89' lang='lat' dir='ltr'><strong>suis</strong></span> <span class='ocrx_word' id='word_1_806' title='bbox 2901 4629 3179 4683; x_wconf 83' lang='lat' dir='ltr'><strong>ecclesiam</strong></span> <span class='ocrx_word' id='word_1_807' title='bbox 3231 4635 3542 4702; x_wconf 79' lang='lat' dir='ltr'><strong>postulans,</strong></span> 
     </span>
    </p>
   </div>
   <div class='ocr_carea' id='block_1_110' title="bbox 1964 4720 3544 4792">
    <p class='ocr_par' dir='ltr' id='par_1_110' title="bbox 1964 4720 3544 4792">
     <span class='ocr_line' id='line_1_110' title="bbox 1964 4720 3544 4792; baseline 0.001 -18"><span class='ocrx_word' id='word_1_808' title='bbox 1964 4720 2082 4790; x_wconf 85' lang='lat' dir='ltr'><strong>ejus</strong></span> <span class='ocrx_word' id='word_1_809' title='bbox 2108 4722 2376 4792; x_wconf 78' lang='lat' dir='ltr'><strong>potiunda:</strong></span> <span class='ocrx_word' id='word_1_810' title='bbox 2407 4737 2501 4791; x_wconf 68' lang='lat' dir='ltr'><strong>Spe</strong></span> <span class='ocrx_word' id='word_1_811' title='bbox 2525 4721 2704 4792; x_wconf 88' lang='lat' dir='ltr'><strong>lapsus</strong></span> <span class='ocrx_word' id='word_1_812' title='bbox 2732 4730 2908 4786; x_wconf 79' lang='lat' dir='ltr'><strong>esset,</strong></span> <span class='ocrx_word' id='word_1_813' title='bbox 2937 4723 3222 4792; x_wconf 83' lang='lat' dir='ltr'><strong>aliquando</strong></span> <span class='ocrx_word' id='word_1_814' title='bbox 3255 4735 3371 4792; x_wconf 85' lang='lat' dir='ltr'><strong>post</strong></span> <span class='ocrx_word' id='word_1_815' title='bbox 3413 4735 3544 4778; x_wconf 83' lang='lat' dir='ltr'><strong>letu-</strong></span> 
     </span>
    </p>
   </div>
   <div class='ocr_carea' id='block_1_111' title="bbox 1963 4813 3544 4889">
    <p class='ocr_par' dir='ltr' id='par_1_111' title="bbox 1963 4813 3544 4889">
     <span class='ocr_line' id='line_1_111' title="bbox 1963 4813 3544 4889; baseline 0.003 -25"><span class='ocrx_word' id='word_1_816' title='bbox 1963 4825 2097 4881; x_wconf 90' lang='lat' dir='ltr'><strong>pore</strong></span> <span class='ocrx_word' id='word_1_817' title='bbox 2130 4815 2179 4866; x_wconf 91' lang='lat' dir='ltr'><strong>in</strong></span> <span class='ocrx_word' id='word_1_818' title='bbox 2209 4821 2449 4882; x_wconf 86' lang='lat' dir='ltr'><strong>apertam</strong></span> <span class='ocrx_word' id='word_1_819' title='bbox 2477 4814 2810 4885; x_wconf 86' lang='lat' dir='ltr'><strong>tyrannidem</strong></span> <span class='ocrx_word' id='word_1_820' title='bbox 2838 4813 3039 4882; x_wconf 89' lang='lat' dir='ltr'><strong>erupit,</strong></span> <span class='ocrx_word' id='word_1_821' title='bbox 3073 4814 3400 4889; x_wconf 84' lang='lat' dir='ltr'><strong>collectoque</strong></span> <span class='ocrx_word' id='word_1_822' title='bbox 3451 4831 3544 4885; x_wconf 86' lang='lat' dir='ltr'><strong>per</strong></span> 
     </span>
    </p>
   </div>
   <div class='ocr_carea' id='block_1_112' title="bbox 1965 4905 3542 4976">
    <p class='ocr_par' dir='ltr' id='par_1_112' title="bbox 1965 4905 3542 4976">
     <span class='ocr_line' id='line_1_112' title="bbox 1965 4905 3542 4976; baseline 0.001 -17"><span class='ocrx_word' id='word_1_823' title='bbox 1965 4905 2243 4959; x_wconf 87' lang='lat' dir='ltr'><strong>Thraciam</strong></span> <span class='ocrx_word' id='word_1_824' title='bbox 2272 4906 2542 4973; x_wconf 79' lang='lat' dir='ltr'><strong>exercitu,</strong></span> <span class='ocrx_word' id='word_1_825' title='bbox 2570 4916 2778 4959; x_wconf 84' lang='lat' dir='ltr'><strong>vastare</strong></span> <span class='ocrx_word' id='word_1_826' title='bbox 2808 4907 2984 4961; x_wconf 85' lang='lat' dir='ltr'><strong>omnia</strong></span> <span class='ocrx_word' id='word_1_827' title='bbox 3009 4917 3061 4960; x_wconf 90' lang='lat' dir='ltr'><strong>et</strong></span> <span class='ocrx_word' id='word_1_828' title='bbox 3090 4907 3311 4974; x_wconf 72' lang='lat' dir='ltr'><strong>pnedari</strong></span> <span class='ocrx_word' id='word_1_829' title='bbox 3361 4909 3542 4976; x_wconf 71' lang='lat' dir='ltr'><strong>coqiit.</strong></span> 
     </span>
    </p>
   </div>
   <div class='ocr_carea' id='block_1_113' title="bbox 1967 4998 3542 5069">
    <p class='ocr_par' dir='ltr' id='par_1_113' title="bbox 1967 4998 3542 5069">
     <span class='ocr_line' id='line_1_113' title="bbox 1967 4998 3542 5069; baseline 0.003 -19"><span class='ocrx_word' id='word_1_830' title='bbox 1967 4998 2077 5065; x_wconf 82' lang='lat' dir='ltr'><strong>Qua</strong></span> <span class='ocrx_word' id='word_1_831' title='bbox 2104 5013 2160 5053; x_wconf 87' lang='lat' dir='ltr'><strong>re</strong></span> <span class='ocrx_word' id='word_1_832' title='bbox 2189 4998 2446 5060; x_wconf 87' lang='lat' dir='ltr'><strong>nuntiata,</strong></span> <span class='ocrx_word' id='word_1_833' title='bbox 2470 5006 2614 5052; x_wconf 90' lang='lat' dir='ltr'><strong>metu</strong></span> <span class='ocrx_word' id='word_1_834' title='bbox 2638 5013 2824 5054; x_wconf 90' lang='lat' dir='ltr'><strong>omnes</strong></span> <span class='ocrx_word' id='word_1_835' title='bbox 2847 5001 3070 5069; x_wconf 84' lang='lat' dir='ltr'><strong>perculsi</strong></span> <span class='ocrx_word' id='word_1_836' title='bbox 3101 5009 3254 5053; x_wconf 91' lang='lat' dir='ltr'><strong>sunt:</strong></span> <span class='ocrx_word' id='word_1_837' title='bbox 3279 5012 3381 5054; x_wconf 91' lang='lat' dir='ltr'><strong>tam</strong></span> <span class='ocrx_word' id='word_1_838' title='bbox 3404 5003 3542 5069; x_wconf 75' lang='lat' dir='ltr'><strong>apti-</strong></span> 
     </span>
    </p>
   </div>
   <div class='ocr_carea' id='block_1_114' title="bbox 1962 5091 3546 5162">
    <p class='ocr_par' dir='ltr' id='par_1_114' title="bbox 1962 5091 3546 5162">
     <span class='ocr_line' id='line_1_114' title="bbox 1962 5091 3546 5162; baseline 0.002 -18"><span class='ocrx_word' id='word_1_839' title='bbox 1962 5099 2164 5156; x_wconf 83' lang='lat' dir='ltr'><strong>mates,</strong></span> <span class='ocrx_word' id='word_1_840' title='bbox 2213 5104 2372 5160; x_wconf 89' lang='lat' dir='ltr'><strong>quam</strong></span> <span class='ocrx_word' id='word_1_841' title='bbox 2414 5091 2664 5160; x_wconf 91' lang='lat' dir='ltr'><strong>populum</strong></span> <span class='ocrx_word' id='word_1_842' title='bbox 2709 5100 2881 5145; x_wconf 90' lang='lat' dir='ltr'><strong>terror</strong></span> <span class='ocrx_word' id='word_1_843' title='bbox 2921 5091 3131 5144; x_wconf 80' lang='lat' dir='ltr'><strong>invasit.</strong></span> <span class='ocrx_word' id='word_1_844' title='bbox 3180 5091 3364 5162; x_wconf 86' lang='lat' dir='ltr'><strong>Neque</strong></span> <span class='ocrx_word' id='word_1_845' title='bbox 3408 5095 3546 5147; x_wconf 83' lang='lat' dir='ltr'><strong>nilus</strong></span> 
     </span>
    </p>
   </div>
   <div class='ocr_carea' id='block_1_115' title="bbox 1961 5181 3543 5255">
    <p class='ocr_par' dir='ltr' id='par_1_115' title="bbox 1961 5181 3543 5255">
     <span class='ocr_line' id='line_1_115' title="bbox 1961 5181 3543 5255; baseline 0.003 -19"><span class='ocrx_word' id='word_1_846' title='bbox 1961 5189 2080 5236; x_wconf 89' lang='lat' dir='ltr'><strong>erat</strong></span> <span class='ocrx_word' id='word_1_847' title='bbox 2102 5181 2189 5252; x_wconf 92' lang='lat' dir='ltr'><strong>qui</strong></span> <span class='ocrx_word' id='word_1_848' title='bbox 2217 5182 2402 5254; x_wconf 76' lang='lat' dir='ltr'><strong>przelio</strong></span> <span class='ocrx_word' id='word_1_849' title='bbox 2427 5198 2548 5237; x_wconf 90' lang='lat' dir='ltr'><strong>cum</strong></span> <span class='ocrx_word' id='word_1_850' title='bbox 2596 5181 2687 5237; x_wconf 91' lang='lat' dir='ltr'><strong>illo</strong></span> <span class='ocrx_word' id='word_1_851' title='bbox 2729 5183 2978 5253; x_wconf 79' lang='lat' dir='ltr'><strong>congredi</strong></span> <span class='ocrx_word' id='word_1_852' title='bbox 3018 5183 3210 5251; x_wconf 80' lang='lat' dir='ltr'><strong>vellet,</strong></span> <span class='ocrx_word' id='word_1_853' title='bbox 3247 5200 3401 5239; x_wconf 92' lang='lat' dir='ltr'><strong>nemo</strong></span> <span class='ocrx_word' id='word_1_854' title='bbox 3455 5187 3543 5255; x_wconf 88' lang='lat' dir='ltr'><strong>qui</strong></span> 
     </span>
    </p>
   </div>
   <div class='ocr_carea' id='block_1_116' title="bbox 1963 5271 3547 5345">
    <p class='ocr_par' dir='ltr' id='par_1_116' title="bbox 1963 5271 3547 5345">
     <span class='ocr_line' id='line_1_116' title="bbox 1963 5271 3547 5345; baseline 0.003 -19"><span class='ocrx_word' id='word_1_855' title='bbox 1963 5271 2284 5345; x_wconf 83' lang='lat' dir='ltr'><strong>legationem</strong></span> <span class='ocrx_word' id='word_1_856' title='bbox 2311 5274 2376 5327; x_wconf 90' lang='lat' dir='ltr'><strong>ad</strong></span> <span class='ocrx_word' id='word_1_857' title='bbox 2410 5275 2555 5329; x_wconf 91' lang='lat' dir='ltr'><strong>illum</strong></span> <span class='ocrx_word' id='word_1_858' title='bbox 2578 5275 2727 5329; x_wconf 87' lang='lat' dir='ltr'><strong>obire</strong></span> <span class='ocrx_word' id='word_1_859' title='bbox 2756 5286 2922 5329; x_wconf 89' lang='lat' dir='ltr'><strong>tutum</strong></span> <span class='ocrx_word' id='word_1_860' title='bbox 2953 5275 3225 5341; x_wconf 90' lang='lat' dir='ltr'><strong>crederet,</strong></span> <span class='ocrx_word' id='word_1_861' title='bbox 3253 5277 3393 5344; x_wconf 88' lang='lat' dir='ltr'><strong>quod</strong></span> <span class='ocrx_word' id='word_1_862' title='bbox 3427 5277 3547 5330; x_wconf 84' lang='lat' dir='ltr'><strong>bar-</strong></span> 
     </span>
    </p>
   </div>
   <div class='ocr_carea' id='block_1_117' title="bbox 1967 5365 3547 5439">
    <p class='ocr_par' dir='ltr' id='par_1_117' title="bbox 1967 5365 3547 5439">
     <span class='ocr_line' id='line_1_117' title="bbox 1967 5365 3547 5439; baseline 0.003 -21"><span class='ocrx_word' id='word_1_863' title='bbox 1967 5365 2150 5419; x_wconf 88' lang='lat' dir='ltr'><strong>barqu</strong></span> <span class='ocrx_word' id='word_1_864' title='bbox 2173 5366 2290 5435; x_wconf 85' lang='lat' dir='ltr'><strong>ejus</strong></span> <span class='ocrx_word' id='word_1_865' title='bbox 2310 5367 2542 5420; x_wconf 88' lang='lat' dir='ltr'><strong>animum</strong></span> <span class='ocrx_word' id='word_1_866' title='bbox 2573 5382 2760 5421; x_wconf 87' lang='lat' dir='ltr'><strong>omnes</strong></span> <span class='ocrx_word' id='word_1_867' title='bbox 2788 5368 3214 5422; x_wconf 13' lang='lat' dir='ltr'><strong>reiteirmidarcnt.</strong></span> <span class='ocrx_word' id='word_1_868' title='bbox 3247 5367 3380 5422; x_wconf 78' lang='lat' dir='ltr'><strong>Cum</strong></span> <span class='ocrx_word' id='word_1_869' title='bbox 3419 5385 3547 5439; x_wconf 76' lang='lat' dir='ltr'><strong>ergo</strong></span> 
     </span>
    </p>
   </div>
   <div class='ocr_carea' id='block_1_118' title="bbox 1962 5457 3544 5528">
    <p class='ocr_par' dir='ltr' id='par_1_118' title="bbox 1962 5457 3544 5528">
     <span class='ocr_line' id='line_1_118' title="bbox 1962 5457 3544 5528; baseline 0 -16"><span class='ocrx_word' id='word_1_870' title='bbox 1962 5457 2015 5512; x_wconf 86' lang='lat' dir='ltr'><strong>id</strong></span> <span class='ocrx_word' id='word_1_871' title='bbox 2069 5459 2264 5527; x_wconf 82' lang='lat' dir='ltr'><strong>negotii</strong></span> <span class='ocrx_word' id='word_1_872' title='bbox 2310 5475 2468 5513; x_wconf 86' lang='lat' dir='ltr'><strong>nemo</strong></span> <span class='ocrx_word' id='word_1_873' title='bbox 2520 5459 2789 5525; x_wconf 87' lang='lat' dir='ltr'><strong>suscipere</strong></span> <span class='ocrx_word' id='word_1_874' title='bbox 2815 5457 3067 5524; x_wconf 83' lang='lat' dir='ltr'><strong>auderet,</strong></span> <span class='ocrx_word' id='word_1_875' title='bbox 3114 5459 3179 5512; x_wconf 90' lang='lat' dir='ltr'><strong>ad</strong></span> <span class='ocrx_word' id='word_1_876' title='bbox 3224 5459 3544 5528; x_wconf 86' lang='lat' dir='ltr'><strong>intrepidum</strong></span> 
     </span>
    </p>
   </div>
   <div class='ocr_carea' id='block_1_119' title="bbox 1962 5547 3542 5621">
    <p class='ocr_par' dir='ltr' id='par_1_119' title="bbox 1962 5547 3542 5621">
     <span class='ocr_line' id='line_1_119' title="bbox 1962 5547 3542 5621; baseline -0.002 -17"><span class='ocrx_word' id='word_1_877' title='bbox 1962 5547 2400 5621; x_wconf 79' lang='lat' dir='ltr'><strong>Chrysostomum</strong></span> <span class='ocrx_word' id='word_1_878' title='bbox 2430 5551 2552 5611; x_wconf 90' lang='lat' dir='ltr'><strong>itur,</strong></span> <span class='ocrx_word' id='word_1_879' title='bbox 2581 5550 2668 5619; x_wconf 90' lang='lat' dir='ltr'><strong>qui</strong></span> <span class='ocrx_word' id='word_1_880' title='bbox 2690 5591 2704 5612; x_wconf 95' lang='lat'><strong>,</strong></span> <span class='ocrx_word' id='word_1_881' title='bbox 2741 5549 2839 5603; x_wconf 88' lang='lat' dir='ltr'><strong>etsi</strong></span> <span class='ocrx_word' id='word_1_882' title='bbox 2890 5549 3002 5619; x_wconf 90' lang='lat' dir='ltr'><strong>ipse</strong></span> <span class='ocrx_word' id='word_1_883' title='bbox 3030 5549 3292 5619; x_wconf 71' lang='lat' dir='ltr'><strong>prtecipua</strong></span> <span class='ocrx_word' id='word_1_884' title='bbox 3346 5550 3542 5605; x_wconf 88' lang='lat' dir='ltr'><strong>irarum</strong></span> 
     </span>
    </p>
   </div>
   <div class='ocr_carea' id='block_1_120' title="bbox 1962 5639 3545 5710">
    <p class='ocr_par' dir='ltr' id='par_1_120' title="bbox 1962 5639 3545 5710">
     <span class='ocr_line' id='line_1_120' title="bbox 1962 5639 3545 5710; baseline -0.002 -16"><span class='ocrx_word' id='word_1_885' title='bbox 1962 5655 2122 5695; x_wconf 88' lang='lat' dir='ltr'><strong>causa</strong></span> <span class='ocrx_word' id='word_1_886' title='bbox 2153 5641 2350 5704; x_wconf 84' lang='lat' dir='ltr'><strong>fuerat,</strong></span> <span class='ocrx_word' id='word_1_887' title='bbox 2391 5640 2443 5694; x_wconf 93' lang='lat' dir='ltr'><strong>in</strong></span> <span class='ocrx_word' id='word_1_888' title='bbox 2467 5640 2747 5694; x_wconf 85' lang='lat' dir='ltr'><strong>Thraciam</strong></span> <span class='ocrx_word' id='word_1_889' title='bbox 2797 5640 3186 5710; x_wconf 89' lang='lat' dir='ltr'><strong>iter-suscepit,</strong></span> <span class='ocrx_word' id='word_1_890' title='bbox 3218 5639 3545 5705; x_wconf 84' lang='lat' dir='ltr'><strong>Gainamque</strong></span> 
     </span>
    </p>
   </div>
   <div class='ocr_carea' id='block_1_121' title="bbox 1967 5731 3544 5802">
    <p class='ocr_par' dir='ltr' id='par_1_121' title="bbox 1967 5731 3544 5802">
     <span class='ocr_line' id='line_1_121' title="bbox 1967 5731 3544 5802; baseline -0.006 -16"><span class='ocrx_word' id='word_1_891' title='bbox 1967 5731 2117 5786; x_wconf 88' lang='lat' dir='ltr'><strong>adiit.</strong></span> <span class='ocrx_word' id='word_1_892' title='bbox 2151 5731 2245 5786; x_wconf 84' lang='lat' dir='ltr'><strong>llic</strong></span> <span class='ocrx_word' id='word_1_893' title='bbox 2268 5747 2394 5786; x_wconf 82' lang='lat' dir='ltr'><strong>vero</strong></span> <span class='ocrx_word' id='word_1_894' title='bbox 2416 5735 2581 5801; x_wconf 81' lang='lat' dir='ltr'><strong>magis</strong></span> <span class='ocrx_word' id='word_1_895' title='bbox 2610 5747 2672 5786; x_wconf 90' lang='lat' dir='ltr'><strong>ac</strong></span> <span class='ocrx_word' id='word_1_896' title='bbox 2703 5731 2869 5802; x_wconf 74' lang='lat' dir='ltr'><strong>magis</strong></span> <span class='ocrx_word' id='word_1_897' title='bbox 2906 5732 3126 5799; x_wconf 81' lang='lat' dir='ltr'><strong>enituit,</strong></span> <span class='ocrx_word' id='word_1_898' title='bbox 3165 5733 3424 5798; x_wconf 87' lang='lat' dir='ltr'><strong>quantum</strong></span> <span class='ocrx_word' id='word_1_899' title='bbox 3454 5741 3544 5778; x_wconf 78' lang='lat' dir='ltr'><strong>va-</strong></span> 
     </span>
    </p>
   </div>
  </div>
