4110 6148
409 222 417 232 ’
498 252 598 309 m

497 371 604 427 Ieat
628 369 824 434 virtus,
852 377 1105 438 quantum
1136 365 1344 422 sincera
1372 361 1538 432 pietas
1559 403 1574 427 ,
1604 377 1728 432 erga
1752 360 1870 415 illos
1907 371 2069 414 etiam

495 477 631 532 quos
657 461 963 530 impugnare
979 456 1203 527 cogitur.
1225 454 1420 510 Gainas
1441 453 1696 508 barbarus
1715 461 1770 507 et
1791 461 2070 525 tyrannus,

495 555 615 625 ejus
670 553 942 622 pristinam
974 563 1069 618 pro
1112 547 1322 616 pietatis
1368 544 1677 601 defensione
1721 542 2071 598 constantiam

497 643 750 697 memoria
780 650 1060 709 repetens,
1097 636 1278 713 libenti
1310 636 1489 690 animo
1528 636 1581 689 in
1628 649 1909 690 occursum
1955 631 2072 701 ejus

495 734 674 797 venit,
726 731 947 800 ejusque
993 729 1264 783 dexteram
1313 726 1482 781 oculis
1531 726 1643 779 suis
1687 724 1967 797 imposuit,
2018 731 2072 776 et

500 822 637 877 ﬁlios
669 835 795 895 suos
823 820 986 874 Sacris
1012 820 1153 873 illius
1181 818 1403 888 genibus
1428 815 1696 869 admovit:
1744 814 1878 868 adeo
1909 813 2072 865 virtus

498 912 584 967 Vel
612 911 954 967 infestissimo
981 910 1171 983 cuique
1194 907 1546 962 reverentiam
1572 920 1635 959 ac
1680 914 1935 957 terrorem
1987 900 2071 953 in-

496 1006 663 1076 jicere
699 1005 882 1072 possit.
916 1001 1076 1056 Addit
1103 1000 1360 1067 Georgius
1415 996 1803 1051 Alexandrinus
1849 994 2070 1047 Gainam

498 1110 628 1152 tunc
653 1112 795 1150 arma
837 1095 1172 1162 deposuisse:
1205 1090 1345 1161 quod
1378 1089 1714 1144 falsissimum
1741 1094 1842 1141 est.
1874 1084 2070 1139 Verum

500 1187 762 1241 fabulator
784 1185 869 1239 ille
893 1183 1020 1236 nihil
1038 1198 1222 1236 sanum
1240 1181 1397 1245 dicit,
1423 1180 1523 1234 nisi
1540 1194 1731 1240 eaque:
1747 1194 1808 1230 es
1832 1177 2068 1237 Socrate,

501 1279 834 1338 Sozomeno,
865 1273 1202 1328 Theodoreto
1225 1279 1279 1326 et
1334 1269 1565 1324 I’alladto
1614 1276 1902 1331 mutuatur,
1951 1280 2071 1333 qua:

498 1372 655 1424 etiam
680 1382 819 1437 saepe
846 1367 1133 1436 depravare
1154 1364 1320 1429 solet,
1346 1372 1401 1415 ttt
1422 1362 1571 1415 initio
1593 1358 1845 1414 diximus.
1874 1355 2073 1410 Gainas

500 1461 641 1515 enim
680 1458 731 1512 in
761 1469 937 1526 coepto
966 1456 1190 1525 perstitit
1218 1470 1318 1508 nec
1352 1468 1499 1507 arma
1540 1450 1749 1521 posuit,
1775 1448 1945 1503 donec
1992 1446 2071 1498 vi-

499 1561 616 1605 ctus
647 1563 921 1617 ca-susque
948 1548 1062 1600 fuit.

571 1638 1140 1708 Asiaticumnegotimn.
1179 1664 1249 1676 —
1284 1634 1401 1689 Jam
1450 1631 1515 1686 ad
1569 1629 1854 1684 Asiaticum
1909 1642 2072 1698 nego-

500 1730 631 1783 tium
664 1731 968 1791 veniamus,
992 1727 1130 1797 quod
1164 1726 1214 1779 in
1242 1725 1460 1779 Oriente
1491 1722 1743 1775 tumultus
1786 1719 2073 1773 dissensio-

504 1835 703 1889 nesque
743 1819 933 1871 nmltas
959 1816 1242 1887 excitavit,
1274 1815 1593 1881 detnumque
1633 1810 2070 1879 Chrysostomum

511 1916 560 1964 in
586 1913 762 1965 Asiam
788 1911 886 1963 iter
907 1908 1077 1962 facere
1098 1908 1273 1975 ibique
1298 1920 1472 1958 moras
1491 1903 1699 1971 trahere
1720 1902 1910 1971 coegit:
1933 1900 2074 1969 quod

500 2004 598 2074 ipsi
621 2017 973 2057 arrumnarum
997 2011 1049 2055 et
1073 2000 1428 2053 calamitatum
1482 1997 1685 2050 initimn
1731 1995 1846 2048 fuit.
1901 1994 2077 2047 Ilisto-

502 2096 743 2163 riamqne
795 2102 1035 2146 texemus
1076 2106 1141 2145 ex
1191 2099 1408 2144 narratu
1462 2087 1683 2142 Palladii
1734 2084 2074 2153 Helenopoli-

503 2187 609 2239 taui
638 2185 869 2253 episcopi
897 2226 911 2247 ,
943 2184 1031 2251 qui
1066 2182 1373 2252 plerumque
1404 2179 1562 2235 rebus
1586 2179 1711 2246 ipsis
1742 2176 2000 2232 interfuit.

571 2276 862 2331 ludit-tione
886 2276 1093 2329 decima
1122 2274 1275 2328 tertia
1310 2271 1522 2341 (mense
1548 2271 1761 2323 circiter
1785 2269 1919 2321 lllaio
1950 2253 2072 2320 anni

500 2368 640 2436 400)
706 2366 1196 2434 Constantinopolin
1268 2370 1529 2418 venerunt
1600 2361 1780 2414 Asiani
1841 2359 2074 2428 epl5(‘0pl

503 2458 524 2528 (
553 2456 819 2510 Palladius
846 2475 896 2525 ρ.
928 2455 1052 2511 liti.
1083 2452 1237 2524 εστι).
1262 2454 1501 2521 aliosque
1530 2453 1809 2520 episcopos
1837 2450 1923 2520 qui
1955 2458 2077 2502 tunc

506 2549 560 2602 in
591 2549 720 2602 urbe
739 2557 892 2601 erant
930 2553 1324 2609 convenerunt,
1352 2542 1638 2597 Palladium
1684 2557 1874 2612 nempe
1921 2541 2082 2596 Hele-

505 2639 902 2707 normlitanum,
955 2635 1290 2689 Theotimum
1356 2649 1421 2688 ex
1456 2633 1707 2703 Scythia,
1760 2636 2075 2685 Ammonem

503 2729 806 2801 [Egyptium
830 2744 894 2782 ex
924 2727 1177 2791 Thracia,
1197 2725 1518 2780 Arabianum
1540 2740 1604 2778 ex
1626 2724 1827 2779 Galatia
1854 2732 1907 2777 et
1922 2723 2075 2787 alios,

504 2820 593 2890 qui
623 2833 808 2872 otnnes
840 2817 1018 2887 viginti
1043 2818 1146 2868 duo
1175 2824 1320 2869 erant
1342 2855 1358 2882 ,
1391 2814 1580 2881 quibus
1603 2811 2078 2882 pra-eratJoannes

507 2920 690 2964 noster
739 2906 1349 2974 Constanti'nopolitanus
1406 2902 1797 2975 episc0pns.lis
1849 2918 1977 2957 vero
2023 2903 2075 2957 in

504 3001 716 3071 Synodo
742 3009 1073 3068 congregatis
1097 2997 1349 3051 Eusebius
1362 2995 1909 3062 ValentinOpolitanns
1930 2993 2079 3048 lihel-

507 3092 589 3147 los
617 3092 862 3149 tradidit.
913 3094 1093 3145 contra
1141 3089 1464 3142 Antoninum
1519 3086 1711 3155 Ephesi
1772 3087 2077 3156 episcopum

505 3194 707 3253 septem
738 3186 906 3251 capita
937 3181 1388 3251 complectentes:
1424 3179 1593 3247 primo
1648 3176 1787 3246 quod
1839 3175 2081 3231 conﬂatis

505 3276 671 3327 sacris
699 3274 837 3326 Vasis
863 3284 1137 3341 argentum
1161 3271 1282 3325 imle
1314 3270 1628 3338 proveniens
1685 3268 1734 3321 in
1776 3283 1929 3320 nsum
1985 3265 2078 3319 lilii

506 3366 583 3420 sui
616 3366 997 3419 convertisset:
1031 3361 1283 3420 secundo.
1311 3359 1450 3429 quod
1468 3358 1727 3412 sublatum
1750 3372 1819 3411 ex
1842 3357 2077 3425 ingressu

510 3455 806 3523 Iiaptisterii
855 3467 1087 3505 marmor
1118 3452 1167 3504 itt
1211 3451 1455 3505 balneum
1494 3463 1647 3502 suum
1695 3446 2077 3501 transtulisset:

509 3545 667 3598 tertio
689 3585 704 3608 ,
727 3541 868 3612 quod
903 3540 1155 3595 Ecclesia:
1192 3541 1494 3602 columnas,
1528 3553 1556 3590 a
1599 3537 1777 3590 multis
1829 3535 2081 3601 annisja-

510 3645 714 3697 centes,
740 3635 874 3686 intra
903 3631 1185 3685 trirlinium
1207 3644 1359 3682 suum
1380 3628 1642 3697 posuisset
1667 3644 1680 3679 :
1711 3633 1919 3694 quarto,
1942 3624 2082 3694 quod

513 3740 644 3795 puer
670 3723 784 3793 ejus
812 3721 1009 3776 c:rdcm
1040 3727 1332 3788 patraSsct,
1361 3734 1518 3795 quem
1544 3716 1716 3771 adhuc
1745 3716 1834 3770 ille
1871 3717 1923 3769 in
1980 3717 2082 3768 mi-

512 3814 734 3867 nisterio
778 3811 1062 3864 retineret:
1116 3789 1531 3878 qnittto,.qu0(l
1580 3807 1777 3876 prtedia
1829 3807 2083 3861 Ecclesia:

513 3904 753 3958 relictaa
780 3902 1008 3956 Basilina
1055 3900 1247 3955 Juliani
1301 3900 1635 3971 Imperatoris
1679 3906 1851 3952 matre
1901 3900 2086 3951 vendi-

513 3996 712 4064 disset,
768 3995 1101 4064 pretiumque
1153 3993 1253 4047 sibi
1300 3991 1619 4045 vindicasset
1660 4008 1676 4044 :
1720 3999 1892 4053 sexto,
1943 3988 2085 4059 qttml

513 4089 730 4143 dimissa
757 4102 920 4141 uxore
948 4100 1039 4140 sua
1067 4124 1081 4151 ,
1114 4100 1229 4140 cum
1257 4099 1318 4137 ea
1348 4098 1533 4138 rursus
1558 4097 1880 4151 congressus
1904 4092 2043 4136 esset
2068 4125 2083 4145 ,

514 4181 753 4248 Iiliosque
778 4188 1145 4248 procreasset:
1172 4178 1399 4245 septimo
1418 4218 1432 4240 ,
1455 4176 1593 4245 quod
1621 4177 1770 4246 quasi
1822 4176 1937 4246 lege
1988 4176 2085 4230 sibi

514 4273 860 4329 constitutum
890 4282 1029 4327 esset
1052 4282 1108 4325 ttt
1129 4272 1492 4327 ordinationes
1538 4273 1943 4341 episcoporum,
2000 4285 2085 4324 se-

513 4365 746 4422 cundum
796 4365 1057 4419 redituum
1099 4364 1392 4427 rationem,
1425 4364 1695 4418 venderet.
1745 4363 1947 4418 Adesse
1995 4377 2088 4415 au-

515 4468 619 4512 tem
644 4472 757 4520 eos,
777 4457 864 4526 qui
896 4456 1062 4526 pretio
1091 4455 1316 4509 ordinati
1341 4454 1507 4515 fuere,
1544 4468 1710 4524 seque
1729 4470 1842 4508 rem
1877 4452 2088 4507 aliunde

513 4551 742 4621 probare
765 4565 939 4621 posse.
967 4549 1059 4628 IIis
1088 4550 1282 4604 auditis
1310 4548 1721 4620 Chrysostomus
1745 4586 1761 4609 ,
1793 4546 2090 4614 suspicatus

516 4642 629 4697 hare
655 4643 877 4697 crimina
905 4658 969 4696 es
1000 4642 1123 4695 odio
1151 4642 1231 4695 vel
1261 4640 1532 4693 inimicitia
1564 4635 1776 4691 Eusebii
1805 4634 2086 4703 proﬁcisci,

517 4729 662 4786 illum
694 4746 1037 4799 compescere
1056 4741 1279 4784 conatus
1314 4738 1427 4791 est,
1461 4728 1782 4797 Paulumque
1823 4724 2091 4778 lleracleze

519 4823 823 4890 rpiscopnm
847 4861 862 4881 ,
888 4820 977 4888 qui
1008 4820 1275 4872 Antonino
1321 4819 1497 4871 favere
1525 4818 1821 4877 videbatur,
1850 4816 2091 4870 hortatus

523 4922 634 4977 est,
666 4922 723 4966 ut
749 4926 931 4980 pacem
958 4912 1095 4964 inter
1124 4918 1405 4979 utrumque
1457 4909 1671 4963 faceret.
1729 4909 1917 4963 I‘ostea
1968 4923 2092 4961 vero

528 5001 927 5074 librysostotnus
951 5001 1015 5054 ad
1037 4998 1355 5054 sacrilicium
1386 4998 1713 5052 oll‘erendum
1756 5013 1878 5054 sese
1926 5014 2091 5068 appa-

534 5094 691 5153 bibat.

590 5183 739 5239 Tunc
763 5182 1022 5238 EuSebius
1051 5182 1126 5235 ira
1157 5193 1449 5235 succensus
1470 5221 1486 5245 ,
1508 5178 1769 5232 Joannem
1798 5178 2057 5247 adjuravit
2075 5220 2090 5243 ,

529 5271 801 5330 horrendis
824 5274 1075 5327 adhibitis
1095 5272 1442 5327 sacramentis
1465 5311 1481 5337 ,
1510 5279 1566 5323 ut
1592 5270 1744 5323 dictis
1769 5272 1880 5323 suis
1916 5278 2091 5323 alten-

525 5366 703 5421 deret:
728 5376 955 5433 tuncque
978 5378 1156 5418 coram
1185 5362 1328 5415 ontni
1356 5361 1553 5432 populo
1595 5360 1830 5413 libellum
1883 5359 2090 5413 obtulit.

528 5459 931 5531 ChrySostomus
958 5466 1097 5510 tanta
1130 5456 1344 5512 Eusebii
1377 5454 1624 5509 instantia
1647 5453 2094 5523 vehementiath

524 5564 584 5606 se
615 5559 909 5620 permotum
940 5550 1207 5611 sentiens,
1240 5546 1409 5601 noluit
1440 5547 1493 5598 in
1524 5545 1611 5599 tali
1640 5544 1801 5600 animi
1827 5550 1964 5598 statu
2012 5558 2097 5598 sa-

524 5641 778 5696 crilleium
798 5642 988 5696 offerre
1007 5655 1022 5702 ;
1053 5638 1146 5694 sed
1175 5635 1531 5708 Pansophium
1553 5634 1765 5690 Pisidiae
1786 5636 2091 5706 episcopum

1528 248 1602 306 Β.
1640 245 1916 302 ιολκπιε
1957 244 2430 302 CIIRYSOSTOMI
2469 243 2650 305 VITA.

3588 237 3743 298 ψη

2175 360 2412 429 rogavit,
2439 356 2488 411 id
2513 356 2744 411 muneris
2770 354 3126 425 persolveret,
3154 351 3497 424 libellumque
3522 353 3742 422 recepit,

2173 459 2370 504 etcum
2392 448 2599 503 cmteris
2623 447 2883 517 episcopis
2910 461 3156 516 egressus
3183 455 3286 503 est.
3309 446 3593 516 Postquam
3618 460 3750 500 vero

2172 541 2375 594 dimissi
2411 540 2587 609 populi
2614 537 2795 604 fuere,
2823 554 2944 593 cum
2972 539 3179 592 cteteris
3203 538 3466 607 episcopis
3493 538 3546 592 in
3572 538 3765 609 baptio‘

2174 631 2335 685 sterio
2363 629 2633 685 consedit:
2665 629 2992 699 Eusebioque
3020 628 3171 691 dixit,
3190 643 3369 683 secum
3398 627 3753 697 perpenderet

2174 737 2241 774 an
2278 721 2416 774 dicta
2470 720 2696 789 probare
2742 729 2956 787 posset,
3008 719 3163 788 idque
3210 728 3493 787 antequam
3541 717 3754 773 libellus

2174 813 2473 882 legeretur;
2518 821 2791 881 postquam
2840 812 2980 865 enim
3028 810 3196 865 lectus
3242 808 3411 874 foret,
3457 825 3561 863 non
3612 808 3753 864 ultra

2177 918 2332 971 posse
2357 902 2501 955 illttnt
2526 901 2665 956 dicta
2692 916 2959 956 revocare.
2990 901 3118 953 Cum
3141 909 3319 955 autem
3346 900 3431 954 ille
3458 900 3509 953 in
3551 913 3750 970 propoo

2175 996 2278 1047 sito
2308 1001 2673 1062 perseveraret
2692 1033 2706 1051 .
2736 991 2906 1046 lectus
2931 999 3013 1045 est
3044 990 3250 1044 libellus
3276 1005 3433 1059 supra
3486 1005 3754 1044 memora-

2176 1095 2340 1137 ratus.
2367 1082 2516 1137 Tunc
2542 1083 2781 1136 seniores
2803 1080 3034 1149 episcopi
3064 1079 3252 1134 Joanni
3299 1079 3577 1144 dixerunt,
3622 1094 3654 1134 ο
3692 1093 3754 1134 re

2177 1172 2288 1226 fore
2316 1173 2553 1226 ultimum
2602 1180 2757 1241 caput
2805 1172 2872 1224 de.
2902 1170 3129 1224 venditis
3167 1169 3589 1224 ordinationibus
3636 1169 3752 1222 dis-

2175 1264 2421 1332 quirere:
2444 1264 2597 1332 quia,
2622 1264 2664 1316 si
2699 1261 2823 1314 illud
2856 1263 3187 1331 probaretur,
3214 1270 3406 1313 cartera
3427 1300 3443 1324 ,
3476 1276 3593 1326 qu:e
3644 1260 3753 1314 mi-

2178 1371 2305 1409 nora
2334 1365 2508 1421 erant,
2529 1354 2863 1409 credibiliora
2879 1363 2932 1407 et
2962 1353 3178 1421 probatu
3204 1350 3433 1405 faciliora
3458 1350 3589 1404 fore.
3611 1349 3752 1403 Tum

2175 1447 2408 1502 Joannes
2429 1446 2695 1500 Antonino
2719 1455 2841 1499 lllttc
2868 1443 3115 1514 pnesenti
3135 1482 3151 1507 ,
3182 1441 3317 1509 Quid
3338 1440 3406 1495 ad
3444 1439 3559 1495 hare
3574 1439 3712 1494 dicis
3728 1439 3756 1492 ἱ

2176 1537 2389 1606 Negavit
2408 1547 2582 1590 autem
2611 1536 2701 1589 ille
2729 1535 2926 1588 omnia.
2945 1532 3254 1600 Interrogati
3271 1539 3394 1584 sunt
3408 1531 3567 1584 etiam
3587 1530 3642 1592 ii,
3659 1528 3754 1597 qui

2178 1643 2272 1696 pro
2302 1629 2604 1695 episc0pato
2634 1626 2912 1695 pecuniam
2959 1621 3173 1677 dedisse
3214 1620 3634 1674 accusabantur:
3659 1635 3755 1688 qut

2177 1719 2420 1774 similiter
2446 1727 2720 1787 negarunt.
2743 1717 2853 1771 Sub
2881 1714 2995 1768 ha-c
3027 1723 3240 1769 ventum
3264 1720 3348 1766 est
3367 1710 3433 1766 ad
3451 1719 3634 1775 testes;
3656 1709 3757 1764 sed

2179 1812 2306 1865 nulli
2334 1811 2587 1866 aderant:
2614 1809 2844 1864 Joannes
2867 1823 3014 1873 vero,
3042 1819 3094 1859 ut
3125 1822 3210 1859 res
3231 1803 3533 1858 accuratius
3560 1802 3759 1857 exami-

2180 1911 2415 1967 naretnr,
2438 1901 2502 1955 ad
2528 1901 2814 1955 Asiaticum
2846 1898 2944 1953 iter
2967 1896 3358 1966 suscipiendum
3387 1907 3506 1948 sese
3530 1892 3748 1947 obtulit.

2249 1993 2490 2046 Antonini
2521 1991 2723 2060 Ephesii
2751 1999 2888 2060 gesta
2925 1998 2970 2043 et
2998 1988 3182 2042 obitus.
3222 2017 3294 2028 —
3333 1983 3630 2040 Antoninus
3652 1999 3758 2037 au-

2182 2094 2285 2137 tem
2307 2126 2321 2147 ,
2345 2085 2581 2154 pecunia:
2608 2098 2763 2152 quam
2789 2081 2948 2135 ofﬁcii
2979 2083 3134 2150 longe
3175 2079 3435 2150 cupidior,
3474 2079 3563 2149 qui
3591 2078 3759 2134 Joan-

2182 2177 2262 2230 nis
2291 2188 2341 2230 et
2373 2174 2747 2245 perspicaciam
2768 2184 2816 2228 et
2846 2173 3197 2243 integritatem
3241 2172 3539 2235 metuebat,
3565 2185 3758 2239 quem-

2182 2269 2299 2321 dam
2329 2284 2360 2323 e
2390 2267 2729 2337 proceribus,
2759 2265 2912 2335 cujus
2935 2264 3131 2332 praedia
3152 2303 3167 2325 ,
3199 2277 3316 2331 qua:
3341 2263 3392 2315 in
3417 2261 3538 2314 Asia
3568 2268 3757 2320 erant.

2181 2359 2432 2424 curabat,
2473 2358 2626 2421 adiit,
2655 2357 2723 2410 ab
2746 2370 2915 2424 eoque
2937 2353 3274 2421 impetravit,
3300 2362 3357 2405 ut
3380 2349 3659 2418 impediret
3679 2364 3752 2404 ne

2180 2450 2412 2505 Joannes
2430 2450 2479 2501 in
2500 2449 2673 2501 Asiam
2692 2445 3029 2500 concederet.
3056 2444 3146 2497 Ille
3166 2457 3297 2496 vero
3316 2440 3366 2496 id
3383 2440 3581 2505 effecit,
3604 2448 3662 2493 nt
3686 2454 3757 2494 ex

2184 2542 2379 2612 palatio
2401 2540 2589 2595 Joanni
2621 2538 3043 2598 denuntiaretnr,
3087 2532 3375 2587 absurdum
3420 2529 3535 2585 fore
3576 2529 3755 2590 illum.

2182 2648 2301 2685 eum
2332 2643 2508 2685 tantus
2531 2626 2989 2696 Constantinopoli
3012 2624 3271 2679 tumultus
3297 2630 3472 2686 esset,
3502 2629 3555 2673 et
3578 2618 3756 2674 adhuc

2182 2722 2365 2779 Gaium
2416 2720 2641 2775 formido
2686 2717 3027 2787 persiSIeret,
3078 2715 3129 2768 in
3182 2713 3361 2767 Asiam
3397 2709 3654 2782 proficisci
3687 2707 3758 2764 ad

2185 2824 2344 2870 testes
2368 2810 2684 2884 qumrendos
2703 2851 2717 2876 ,
2744 2810 2831 2879 qui
2879 2807 3028 2862 facile
3057 2814 3271 2875 possent
3308 2801 3758 2866 Constantinotio-

2183 2905 2256 2959 lin
2278 2903 2502 2959 adduci:
2530 2908 2850 2971 quapropter
2876 2913 2903 2951 a
2928 2895 3200 2967 preposito
3244 2892 3448 2948 destitit
3498 2889 3757 2945 Joannes.

2183 2998 2485 3052 Antoninus
2507 2993 2719 3048 interim
2749 2993 2800 3047 id
2822 2992 3059 3046 lucratus
3080 2999 3183 3054 est,
3204 3002 3269 3041 ne
3299 2991 3460 3039 testes
3489 2982 3755 3038 venirem.
3785 3038 3797 3044 ,

2183 3105 2317 3159 quos
2338 3091 2496 3143 etiam
2520 3096 2610 3140 aut
2655 3082 2875 3152 pecunia
2898 3086 2989 3133 aut
3041 3076 3273 3147 potentia
3326 3090 3421 3129 sua
3464 3088 3525 3127 se
3570 3069 3759 3139 fugare

2185 3194 2341 3248 posse
2358 3174 2620 3246 sperabat.
2640 3173 2763 3225 ΙΙςιξο
2780 3168 3011 3225 Joannes
3032 3165 3380 3236 prospiciens.
3401 3176 3519 3217 cum
3540 3159 3763 3230 Synodo

2185 3268 2444 3323 deliberat
2467 3263 2721 3335 quosdam
2750 3276 2813 3314 ex
2835 3258 3180 3329 prarsentibns
3203 3251 3466 3324 episcopis
3492 3252 3544 3305 in
3575 3250 3759 3304 Asiam

2187 3360 2395 3413 mittere
2432 3355 2498 3410 ad
2548 3348 2948 3421 interrogandus
2975 3358 3156 3402 testes.
3182 3347 3260 3400 Ad
3313 3360 3429 3398 eam
3479 3357 3590 3396 rem
3650 3352 3764 3393 tres

2185 3449 2340 3502 electi
2375 3457 2497 3501 sunt
2548 3443 2777 3513 episc0pi
2799 3482 2815 3504 ,
2838 3438 3134 3511 Syncletius
3175 3432 3560 3504 Trajanopolis,
3587 3429 3759 3498 Ilesy-

2186 3540 2338 3593 chius
2368 3536 2507 3593 Parii
2537 3545 2589 3588 et
2614 3533 2877 3588 Palladius
2904 3526 3288 3596 Ilelenopolcos
3312 3567 3327 3587 ,
3355 3524 3442 3594 qui
3475 3522 3722 3594 I‘Iypznpis
3743 3560 3759 3580 ,

2187 3647 2304 3698 qua:
2330 3630 2455 3682 urbs
2482 3626 2622 3681 Asia:
2647 3632 2794 3686 erat,
2831 3637 2940 3675 rem
2983 3618 3379 3681 cxaminarent,
3425 3612 3759 3667 mandatum-

2187 3736 2290 3792 que
2321 3719 2576 3790 prolatum
2602 3724 2711 3779 est,
2742 3712 2903 3783 utqui
2929 3713 3065 3765 intra
3093 3709 3224 3761 duos
3256 3719 3464 3759 menses
3490 3703 3540 3756 in
3572 3702 3758 3754 urbem

2189 3813 2365 3874 illam,
2394 3820 2511 3879 quze
2536 3808 2705 3860 vicina
2725 3813 2839 3858 erat
2857 3844 2874 3869 ,
2898 3815 3110 3857 causam
3127 3795 3313 3852 dicturi
3336 3809 3441 3847 non
3462 3793 3759 3855 venissent,

2188 3899 2789 3957 excommunicarentur.

2263 3992 2386 4045 I’ost
2415 3988 2527 4042 haec
2550 3989 2829 4056 Smyrnam
2858 3990 3114 4036 venerunt
3142 3975 3441 4048 Syncletius
3481 3981 3537 4026 et
3583 3968 3763 4023 Palla-

2190 4083 2339 4137 dius:
2371 4080 2661 4151 Hesychius
2680 4117 2694 4141 ,
2723 4075 2810 4146 qui
2838 4070 3087 4127 Antonini
3121 4072 3320 4123 amicus
3339 4072 3486 4127 erat,
3515 4060 3762 4116 morbum

2191 4171 2477 4228 simulavit.
2508 4169 2619 4222 Duo
2648 4176 2822 4219 autem
2855 4161 3042 4231 reliqui
3084 4174 3180 4229 per
3205 4158 3387 4212 literas
3431 4151 3663 4208 Eusebio
3706 4158 3765 4204 et

2193 4264 2461 4335 Antonino
2489 4258 2853 4330 significarunt
2875 4296 2889 4317 ,
2909 4262 2966 4306 nt
2988 4252 3250 4322 Ilypzrpos
3269 4289 3285 4315 ,
3315 4259 3421 4316 quo
3450 4244 3548 4314 ipsi
3577 4254 3764 4311 perge-

2193 4356 2428 4420 bant,se
2455 4348 2775 4405 conferrent.
2801 4344 2881 4400 Illi
2914 4360 3041 4397 vero
3066 4357 3185 4396 cum
3217 4336 3503 4391 amicitiam
3553 4341 3770 4387 contra-

2194 4444 2440 4516 xissent(
2458 4459 2576 4496 nam
2607 4439 2902 4495 Antoninus
2927 4433 3213 4490 Eusebium
3245 4428 3328 4483 vel
3359 4441 3519 4489 auro,
3551 4420 3768 4476 velalio

2195 4537 2352 4593 modo
2378 4513 2683 4603 corruptum
2705 4529 2803 4583 sibi
2844 4522 3204 4590 conciliarat),
3233 4528 3286 4574 et
3331 4517 3397 4571 ad
3451 4513 3770 4587 Ilypmpino-

2194 4647 2309 4685 rnm
2339 4629 2606 4683 civitatem
2648 4624 2722 4678 illi
2752 4635 2959 4692 quoque
3000 4617 3298 4676 venissent,
3321 4611 3523 4684 indices
3547 4605 3769 4661 eludere

2195 4722 2544 4779 conabantur.
2589 4716 2937 4783 dicebantque
2993 4718 3156 4763 testes
3213 4706 3539 4775 negotiorum
3604 4711 3767 4751 causa

2198 4827 2419 4882 peregre
2459 4810 2722 4880 profectus
2771 4818 2910 4857 esse.
2957 4801 3167 4856 Jndices
3220 4796 3505 4853 Eusebium
3556 4799 3769 4859 rogant,

2198 4907 2334 4961 intra
2362 4912 2488 4972 (ιιιοι
2510 4901 2624 4955 dics
2652 4900 2743 4953 ille
2771 4907 2930 4951 testes
2955 4893 3277 4953 adducturus
3319 4895 3479 4944 esset.
3522 4882 3615 4938 Ille
3642 4895 3773 4935 vero

2198 5008 2420 5067 sperans
2445 4994 2495 5047 in
2527 5000 2687 5044 :cstns
2714 4985 3042 5043 vehementia
3064 4983 3268 5052 indices
3291 4979 3414 5034 inde
3440 4976 3774 5030 discessuros

2197 5061 2347 5149 esse,
2375 5090 2491 5137 erat
2509 5081 2701 5150 quippe
2722 5078 2920 5131 mstatis
2947 5084 3155 5142 tempus
3173 5113 3188 5136 ,
3219 5070 3415 5136 scripto
3445 5061 3689 5135 promisit
3714 5073 3777 5113 se

2199 5176 2335 5230 intra
2356 5171 2699 5243 quadraginta
2726 5169 2842 5223 dies
2859 5207 2876 5232 ,
2908 5173 2999 5219 aut
3039 5173 3202 5218 testes
3243 5159 3619 5230 producturum
3642 5193 3659 5217 ,
3685 5157 3779 5207 aut

2199 5278 2384 5336 poenas
2430 5262 2716 5321 secundum
2762 5270 2993 5314 canones
3037 5256 3280 5309 daturum
3329 5263 3469 5303 esse.
3519 5245 3776 5298 Dimissus

2201 5333 2326 5428 ergo
2379 5356 2466 5411 ille
2520 5355 2585 5408 ad
2640 5352 2981 5422 inquirendos
3031 5357 3224 5406 testes,
3277 5333 3778 5403 Constantinopolin

2203 5448 2574 5517 veiti't,il)iqttc
2600 5445 2825 5499 delituit.
2869 5433 3480 5508 Exspecmrnntjndiccs
3526 5428 3592 5482 ad
3647 5440 3782 5494 quae

2203 5539 2555 5611 dragesimum
2587 5532 2928 5605 nsquediem.
2963 5528 3026 5583 Et
3055 5542 3173 5583 cum
3196 5523 3457 5580 Eusebius
3503 5535 3534 5572 η
3562 5535 3605 5570 -n
3633 5531 3785 5570 com-

2207 5638 2445 5701 pareret,
2469 5620 3027 5682 exeemnmnieationis
3057 5616 3373 5671 sententiam
3405 5614 3457 5665 in
3484 5623 3605 5662 eunt
3654 5619 3776 5677 pro-
