4110 6148
300 296 394 355 181

296 413 575 479 tulerunt,
597 411 712 467 sive
730 419 791 466 ut
818 409 1142 467 desertorem
1166 455 1178 477 ,
1208 407 1319 467 sive
1340 421 1398 467 ut
1422 413 1876 469 calumniatorem.

296 503 586 571 Postquam
616 516 746 557 vero
776 499 985 572 triginta
1004 500 1117 556 dies
1136 502 1265 556 alios
1288 501 1534 573 Hypaepis
1555 514 1878 568 manserant,

295 607 396 646 nec
442 600 785 660 compareret
832 591 947 657 ille,
978 591 1075 661 ipsi
1121 606 1332 661 quoque
1386 591 1878 663 Constantinopolin

294 684 590 737 redierunt.
622 674 755 737 Cum
803 692 977 737 autem
1032 684 1102 737 ibi
1148 684 1432 738 Eusebium
1488 683 1874 750 offendissent,

295 783 500 827 tantum
529 774 604 827 illi
636 773 838 827 facinus
866 775 1269 843 exprobrarant.
1308 775 1564 829 Eusebius
1583 790 1708 829 vero
1733 776 1882 829 inﬁr-

295 864 534 918 mitatem
579 864 824 932 corporis
869 873 1197 933 praetexens,
1228 872 1393 919 testes
1435 878 1492 925 se
1530 865 1876 919 adducturum

295 971 479 1011 rursus
498 956 869 1025 pollicebatur.
894 956 1098 1010 Interea
1120 971 1214 1025 per
1234 956 1509 1011 diuturnas
1532 956 1652 1011 illas
1677 971 1872 1022 moras,

294 1045 519 1099 moritur
547 1046 881 1099 Antoninus:
910 1045 1091 1113 sicque
1116 1060 1292 1099 rerum
1320 1044 1478 1101 facies
1518 1055 1768 1101 mutatur.

364 1134 475 1189 Nec
500 1136 668 1189 multo
698 1145 819 1203 post
846 1135 1013 1189 literae
1039 1135 1106 1189 ad
1127 1135 1562 1208 Chrysostomum
1614 1147 1876 1193 venerunt

293 1226 484 1295 parum
530 1225 786 1294 presini
832 1226 1007 1293 Cleri,
1061 1228 1248 1294 partim
1290 1229 1694 1297 episcoporum,
1735 1227 1879 1298 iura.

293 1324 471 1371 menta
492 1331 613 1370 cum
635 1316 1005 1371 obsecratione
1023 1319 1378 1373 continentes.
1406 1317 1720 1373 Testabatur
1750 1318 1875 1372 Cle—

291 1419 418 1474 rus,
445 1405 674 1462 antehae
702 1409 844 1478 leges
870 1422 1054 1462 omnes
1074 1408 1268 1477 Ephesi
1297 1409 1661 1479 pessumdatus
1686 1407 1871 1475 fuisse,

286 1498 496 1569 jamdiu
528 1498 777 1554 afﬂictam
830 1497 1145 1567 Ephesinam
1197 1499 1484 1554 Ecclesiam
1530 1515 1648 1555 esse
1685 1500 1871 1570 partim

290 1590 363 1644 ab
391 1589 635 1656 Arianis,
666 1590 856 1659 partim
886 1590 953 1643 ab
977 1590 1040 1643 iis
1070 1591 1155 1658 qui
1186 1590 1421 1645 avaritia:
1469 1599 1523 1646 et
1566 1590 1872 1646 dominandi

289 1678 514 1734 libidine
547 1681 717 1749 capti,
775 1694 834 1734 se
876 1679 1175 1734 Catholieos
1203 1695 1322 1735 esse
1369 1681 1748 1751 gloriabantur,
1795 1683 1875 1737 sic

285 1771 621 1826 Antoninum
664 1768 967 1826 defunctum
1018 1772 1441 1841 perstringebant
1469 1772 1577 1826 illi:
1614 1774 1876 1843 rogabant

289 1863 445 1917 illum
468 1863 780 1917 festinanter
806 1863 1028 1927 veniret,
1052 1863 1173 1932 quia
1200 1863 1308 1932 lupi
1330 1863 1542 1933 quidam
1591 1871 1743 1918 erant
1785 1863 1874 1933 qui

286 1955 517 2022 pecunia
562 1953 912 2023 episcopalem
950 1952 1131 2006 sedem
1183 1968 1368 2022 rapere
1417 1954 1697 2008 tentabant.
1752 1954 1875 2010 Ilaec

284 2059 452 2099 causa
477 2043 862 2114 Chrysostomo
901 2043 997 2097 fuit
1021 2042 1338 2112 suscipiendi
1367 2043 1582 2098 Asiatici
1630 2043 1868 2112 itineris,

283 2137 358 2192 de
376 2152 483 2207 quo
512 2153 637 2190 mox
668 2136 894 2191 dicetur.

363 2225 608 2280 Homiliw
631 2225 970 2296 Clirgsostomi
991 2225 1043 2279 in
1075 2225 1202 2279 Acta
1228 2224 1605 2295 Apostolorum.
1634 2235 1671 2279 t.
1721 2226 1774 2283 9.
1799 2256 1872 2269 —-

282 2318 424 2371 Dum
456 2317 573 2372 haec
600 2326 906 2386 agerentur,
940 2316 1195 2371 Iiomilias
1224 2316 1277 2370 in
1311 2316 1443 2372 Acta
1491 2318 1869 2387 Apostolorum

287 2409 477 2463 habuit
499 2408 948 2480 Chrysostomus,
989 2422 1120 2478 quas
1147 2410 1309 2477 ccepit
1359 2417 1480 2479 post
1517 2408 1869 2479 Quadragesi-

291 2512 438 2550 mam
459 2538 475 2563 ,
509 2505 565 2551 ut
595 2498 705 2567 ipse
725 2497 854 2551 dicit
874 2497 1030 2552 Hom.
1056 2496 1096 2563 I,
1131 2509 1180 2548 c.
1211 2494 1301 2561 25,
1329 2505 1488 2567 atque
1510 2505 1565 2551 ut
1584 2508 1830 2567 putamus
1849 2537 1864 2563 ,

281 2588 627 2657 diximusque
656 2589 711 2643 in
738 2589 941 2645 Monito
963 2630 978 2656 ,
1003 2597 1243 2657 tempore
1268 2589 1509 2644 Paschali
1555 2589 1678 2644 anni
1725 2589 1863 2654 400,

282 2681 358 2733 ita
384 2689 441 2733 ut
470 2681 589 2734 illas
607 2681 836 2748 dixerit,
863 2696 985 2736 cum
1026 2680 1378 2736 Asiaticarum
1423 2695 1601 2736 rerum
1658 2682 1867 2752 negotia

281 2771 437 2825 illum
466 2771 816 2837 distinerent,
846 2780 899 2827 et
922 2788 1042 2827 cum
1064 2787 1095 2825 a
1120 2772 1285 2842 gratia
1313 2771 1565 2827 Eudoxize
1591 2774 1862 2844 Augustae,

282 2876 405 2929 qua:
428 2861 581 2915 initio
610 2862 945 2930 episc0patus
971 2862 1050 2916 sui
1076 2862 1248 2930 ipsum
1278 2860 1432 2915 valde
1458 2861 1698 2926 colebat,
1725 2862 1869 2917 exci-

286 2951 476 3007 disset.
506 2952 642 3008 Hinc
669 2952 911 3007 fortassis
928 2952 1119 3007 accidit
1144 2961 1203 3007 ut
1220 2953 1339 3007 aliis
1357 2952 1616 3008 distentus
1637 2952 1867 3023 negotiis

283 3039 731 3112 Chrysostomus,
785 3042 959 3097 minus
996 3043 1171 3110 culto,
1219 3042 1405 3113 jejuno
1443 3051 1499 3097 et
1557 3042 1868 3113 plerumque

280 3134 535 3189 intricato
561 3135 699 3205 stylo
727 3135 821 3188 has
846 3135 1133 3190 conciones
1178 3135 1484 3204 scripserit,
1535 3135 1868 3205 maximeque

280 3226 438 3280 initio
461 3226 836 3295 homiliarum,
886 3227 975 3283 ubi
1022 3226 1261 3297 quaedam
1306 3226 1554 3281 videntur
1594 3226 1739 3281 olere
1777 3237 1870 3282 aut

280 3332 481 3372 sonare
510 3319 844 3387 peregrinum
868 3336 880 3370 :
905 3334 1028 3373 nam
1057 3320 1106 3373 in
1133 3319 1304 3373 ethica
1332 3318 1726 3386 adhortatione,
1750 3335 1869 3389 quae

279 3407 536 3463 homilias
566 3408 799 3474 claudit,
846 3409 932 3464 hic
984 3424 1196 3480 semper
1233 3410 1314 3465 sui
1364 3410 1552 3465 similis
1597 3419 1713 3478 est,
1761 3411 1869 3465 imo

275 3502 444 3555 etiam
503 3499 634 3553 alias
679 3501 961 3554 conciones
1010 3510 1244 3570 superat.
1288 3500 1380 3555 Hae
1401 3514 1560 3567 vero,
1588 3516 1708 3569 qua:
1752 3510 1870 3570 post

277 3590 487 3644 Pascha
518 3590 642 3643 anni
667 3590 772 3644 400
798 3600 984 3660 empta:
1025 3590 1173 3646 fuere
1201 3590 1454 3657 homiliae,
1482 3590 1692 3645 nonnisi
1728 3607 1868 3646 anno

278 3681 383 3736 401
412 3680 684 3735 terminari
710 3681 943 3750 potuisse
967 3680 1227 3747 videntur,
1250 3691 1304 3735 et
1333 3680 1568 3736 fortassis
1589 3689 1866 3750 postquam

279 3788 347 3825 ex
376 3772 503 3825 Asia
532 3786 781 3826 reversus
805 3770 903 3825 fuit
930 3771 1341 3842 Chrysostomus
1359 3788 1373 3823 :
1392 3786 1573 3825 verum
1602 3771 1714 3825 haec
1736 3786 1870 3825 non-

281 3862 387 3915 nisi
435 3860 724 3915 divinando
753 3861 856 3916 dici
898 3868 1139 3931 possunt.
1168 3861 1393 3916 Homilia
1422 3872 1596 3917 autem
1636 3862 1866 3932 quadra-

281 3954 484 4022 gesima
535 3960 722 4022 quarta
744 3973 821 4020 ,c.
837 3958 1003 4027 512,].
1020 3956 1108 4017 54,
1126 3954 1437 4009 testiﬁcatur
1460 3954 1869 4024 Chrysostomus

281 4058 343 4096 se
371 4044 655 4096 triennium
687 4043 881 4098 habere
909 4051 960 4096 In
1008 4044 1319 4098 Pontilicatu
1353 4062 1365 4095 :
1399 4044 1537 4112 quod
1567 4044 1610 4097 si
1637 4044 1701 4097 ad
1754 4045 1872 4099 lite-

282 4150 398 4188 ram
428 4135 740 4204 accipiatur,
760 4135 1055 4204 signiﬁcare
1070 4134 1432 4190 videturillum
1454 4134 1562 4204 jam
1586 4135 1868 4189 triennium

281 4240 562 4280 emensum
585 4225 752 4280 fuisse
770 4268 785 4292 ,
812 4225 1022 4295 quando
1047 4225 1113 4280 ad
1136 4227 1272 4280 hanc
1297 4225 1565 4279 homiliam
1606 4227 1865 4294 pervenit.

281 4318 355 4370 At
393 4326 747 4386 praeterquam
766 4316 906 4386 quod
928 4331 1032 4370 non
1056 4316 1272 4372 omnino
1283 4325 1491 4370 constat
1513 4306 1597 4370 hic
1625 4325 1867 4372 exactum

285 4407 574 4461 triennium
634 4407 852 4473 notari,
916 4407 1024 4476 jam
1076 4422 1217 4476 saepe
1269 4407 1497 4462 vidimus
1551 4407 1868 4479 Chrysosto-

286 4515 432 4553 mum
456 4514 563 4554 non
586 4514 707 4552 cum
737 4507 881 4552 tanto
922 4498 1170 4567 scrupulo
1195 4507 1347 4553 notas
1368 4507 1664 4568 temporum
1695 4499 1868 4552 consi-

285 4606 483 4659 gnare;
530 4601 707 4644 tamen
781 4592 1027 4646 omnibus
1076 4600 1319 4647 accurate
1392 4593 1667 4661 perpensis
1740 4591 1868 4646 nihil

216 4738 225 4747 _
288 4682 549 4736 absonum
570 4692 904 4752 sequeretur,
935 4684 981 4736 si
1009 4680 1462 4753 Chrysostomus,
1493 4683 1579 4751 qui
1609 4681 1865 4757 Homilies

224 4837 229 4841 θ
268 4769 341 4824 “in
365 4772 492 4826 Acta
524 4785 667 4825 anno
686 4770 792 4827 400
826 4780 1063 4842 eruperat
1084 4813 1101 4839 ,
1131 4770 1586 4841 quadragesimam
1628 4779 1868 4841 quartam

224 4860 233 4867 “
287 4870 341 4915 ct
362 4871 663 4930 postremas
686 4862 772 4917 vel
799 4872 922 4917 ante
939 4903 956 4929 ,
986 4862 1071 4918 vel
1093 4870 1213 4933 post
1231 4861 1455 4917 reditum
1484 4877 1636 4917 suum
1658 4878 1722 4916 ex
1744 4863 1868 4917 Asia

293 4952 511 5007 dixerit.
537 4952 595 5005 In
617 4950 846 5005 Homilia
868 4962 997 5004 vero
1030 4947 1434 5018 quadragesima
1474 4944 1644 5013 prima
1679 4957 1731 4998 c.
1752 4940 1885 5010 291,

294 5043 333 5099 I.
360 5044 451 5109 I0,
475 5041 1010 5112 aitChrysostomus,
1039 5054 1182 5094 anno
1219 5039 1500 5109 superiore
1538 5038 1882 5091 concussisse

293 5137 462 5192 Deum
483 5136 789 5201 universam
802 5135 1075 5190 civitatem
1094 5133 1152 5188 C.
1171 5133 1255 5197 P.,
1274 5133 1363 5203 qui
1383 5141 1539 5185 terrae
1556 5141 1731 5185 motus
1747 5130 1879 5185 acci-

289 5229 433 5283 disse
475 5227 712 5283 creditur
752 5242 894 5282 anno
942 5226 1083 5293 399,
1123 5234 1182 5280 ut
1229 5224 1458 5280 diximus
1503 5239 1681 5294 supra.
1734 5224 1867 5278 Nam

290 5317 376 5373 illa
406 5333 510 5373 vox
538 5320 706 5388 peruri
742 5334 938 5373 annum
979 5317 1223 5388 proxime
1271 5311 1598 5387 superiorem
1637 5314 1866 5383 indicat;

290 5409 383 5463 sed
412 5425 521 5464 non
571 5410 643 5464 ita
687 5409 994 5480 accipienda
1020 5417 1103 5464 est
1134 5417 1194 5463 ut
1219 5422 1417 5463 annum
1462 5406 1724 5478 integrum
1762 5406 1872 5462 ela-

294 5515 442 5571 psum
464 5501 883 5574 Chrysostomus
910 5500 1208 5571 signiﬁcare
1232 5498 1377 5555 velit.

358 5592 562 5648 Ibidem
586 5602 762 5646 autem
803 5602 857 5647 et
883 5591 1215 5646 continenter
1273 5592 1312 5646 I.
1364 5589 1469 5657 56,
1520 5586 1704 5644 eadem
1741 5603 1869 5643 voce

295 5686 457 5752 ρεηιεὶ
509 5684 924 5756 Cbrysostnmus
977 5685 1143 5737 utitur
1180 5683 1244 5736 ad
1286 5698 1397 5737 rem
1439 5681 1596 5737 aliam
1633 5681 1859 5751 carptim

608 5800 876 5862 PA'mOL.
923 5800 1031 5859 Gn.
1082 5795 1245 5856 XLV
1257 5796 1331 5855 II.

1500 297 1679 357 NUNC
1719 300 1979 358 PRIMUM
2008 303 2397 360 ADORNATA.

3465 311 3569 366 182

2450 419 2575 485 Qua:
2627 420 2761 472 circa
2804 417 3124 474 Theodorum
3175 420 3384 489 perusi,
3407 440 3548 479 anno

1986 511 2214 578 proximo
2230 551 2243 573 ,
2275 521 2413 580 gesta
2434 519 2584 576 sunt,
2615 526 2759 581 quem
2784 527 2884 565 non
2910 511 3346 582 obstupefecerant
3362 515 3388 567 3’
3414 523 3463 568 et
3488 527 3561 568 tu-

1986 617 2096 655 men
2114 602 2243 655 nihil
2259 604 2476 671 amplius
2490 607 2680 674 factum
2696 614 2785 657 est.
2813 603 2945 670 Quis
2960 604 3048 658 ille
3065 602 3381 659 Theodorus
3397 617 3551 669 esset,

1984 701 2038 743 et
2063 692 2185 757 quid
2203 694 2275 747 iiii
2300 693 2569 758 acciderit,
2589 694 2759 748 utullus
2782 694 2918 763 quod
2938 694 3098 748 sciam
3117 694 3345 763 scriptor
3361 695 3552 750 docuit.

2057 774 2149 828 Die
2173 776 2397 844 septima
2424 776 2694 830 Februarii
2722 775 2843 829 anni
2876 775 2970 830 401
3010 775 3310 845 (Bollandus
3334 778 3404 833 26
3430 777 3554 831 Feb.

1983 880 2115 919 anno
2142 865 2268 921 401.
2303 883 2354 934 ρ.
2385 867 2507 920 (iiii.
2535 866 2584 919 b.
2612 867 2686 934 c.)
2711 867 2768 921 S.
2796 867 3140 937 Porphyrius,
3173 867 3329 924 Gaza:
3354 871 3557 940 episco-

1983 970 2102 1025 pus,
2130 954 2619 1026 Constantinopolin
2648 959 2791 1012 venit
2817 998 2831 1023 ,
2859 974 2978 1012 cum
3008 958 3213 1013 Joanne
3238 960 3554 1016 Caesariensi

1982 1046 2229 1115 episcopo
2274 1046 2676 1115 Metropolitano
2703 1062 2799 1101 suo
2819 1086 2833 1111 ,
2881 1047 2946 1101 ab
2983 1048 3208 1101 Arc::dio
3233 1048 3557 1118 Imperatore

1981 1138 2239 1207 petiturus
2270 1148 2325 1192 ut
2350 1139 2608 1194 idolorum
2641 1139 2831 1207 templa
2852 1178 2867 1204 ,
2895 1154 3011 1208 qum
3041 1138 3196 1193 Gaza:
3223 1150 3374 1193 crant
3399 1181 3415 1205 ,
3449 1157 3553 1195 non

1975 1229 2083 1298 jam
2111 1229 2481 1284 clauderentur
2501 1270 2516 1293 ,
2545 1229 2637 1283 sed
2668 1228 2901 1283 funditus
2928 1237 3312 1283 evertereutur.
3366 1228 3557 1283 Rhodo

1979 1327 2152 1373 autem
2185 1326 2552 1385 transeuntes,
2596 1318 2966 1373 anachoretam
2994 1318 3274 1387 quemdam
3315 1328 3555 1373 sanctum

1978 1408 2178 1474 virum,
2212 1409 2525 1480 Procopium
2556 1410 2805 1475 nomine,
2846 1409 3125 1476 adierant,
3152 1410 3242 1481 qui
3279 1422 3557 1466 monuerat

1977 1510 2032 1554 ut
2057 1500 2447 1555 sanctissimum
2478 1501 2788 1571 episcopum
2813 1500 3070 1556 Joannem
3102 1501 3393 1556 inviserent
3418 1541 3433 1567 ,
3463 1503 3553 1573 qui

1978 1591 2106 1659 ipsis
2141 1590 2193 1645 id
2237 1591 2445 1648 consilii
2482 1591 2700 1647 daturus
2742 1604 2891 1659 erat,
2933 1591 3073 1662 quod
3098 1607 3127 1645 a
3160 1592 3267 1648 Deo
3295 1594 3408 1663 ipso
3438 1595 3552 1649 edi—

1977 1677 2213 1735 dicisset.
2263 1679 2396 1734 Cum
2442 1680 2493 1735 in
2542 1680 2725 1735 urbem
2775 1680 2849 1733 illi
2892 1678 3266 1746 advenissent,
3300 1682 3554 1752 postridie

1975 1769 2230 1825 Joannem
2283 1771 2565 1825 salutatum
2621 1779 2897 1825 venerunt.
2951 1771 3186 1827 Joannes
3235 1788 3365 1828 vero
3409 1774 3555 1843 ipsos

1978 1861 2269 1918 honoriﬁce
2311 1862 2599 1918 admodum
2635 1863 2862 1931 excepit.
2894 1861 3134 1933 Cumque
3159 1865 3286 1918 tanti
3317 1866 3549 1934 suscepti

1976 1953 2182 2007 itineris
2210 1967 2421 2007 causam
2462 1952 2560 2022 ipsi
2597 1952 2964 2022 aperuissent;
3020 1951 3262 2006 hortatus
3291 1954 3379 2008 ille
3406 1954 3550 2007 viros

1975 2050 2076 2109 est,
2114 2051 2172 2097 ut
2198 2042 2406 2097 felicem
2432 2043 2633 2097 exitum
2657 2056 2686 2095 a
2716 2042 2825 2096 Deo
2851 2050 3149 2110 sperarent.
3197 2041 3311 2096 Non
3344 2052 3553 2112 poterat

1974 2133 2063 2188 ille
2114 2134 2489 2205 Imperatorem
2538 2133 2723 2199 adire,
2765 2132 3015 2202 quOniam
3066 2132 3336 2201 Eudoxia,
3381 2149 3443 2188 ea
3483 2133 3551 2189 de

1973 2239 2129 2279 causa
2149 2265 2166 2292 ,
2196 2240 2351 2294 quam
2371 2225 2563 2280 dicturi
2593 2239 2798 2292 sumus,
2830 2225 3022 2280 Joanni
3047 2225 3183 2281 male
3205 2225 3413 2291 atiecta,
3441 2225 3548 2280 Im-

1972 2317 2232 2388 peratoris
2275 2318 2510 2371 animum
2561 2317 2816 2372 adversus
2862 2318 3008 2372 illum
3048 2326 3545 2389 praeoccupaverat:

1972 2410 2066 2464 sed
2089 2409 2156 2465 ad
2189 2410 2521 2476 Amantium,
2554 2408 2893 2480 Imperatoris
2929 2410 3327 2466 Cambeilanum
3347 2450 3363 2475 ,
3404 2409 3550 2479 ipsos

1972 2500 2203 2567 direxit,
2234 2500 2501 2555 hominem
2526 2515 2652 2555 vere
2681 2500 3037 2556 Christianum
3070 2518 3083 2555 :
3114 2502 3239 2569 qui,
3286 2502 3412 2555 nihil
3453 2501 3550 2555 ob-

1971 2601 2145 2649 stante
2169 2591 2473 2647 exulcerato
2488 2591 2736 2661 Augusta:
2750 2605 2874 2661 erga
2888 2591 3324 2663 Chrysnstomum
3344 2592 3547 2658 animo,

1972 2683 2212 2740 addictus
2256 2671 2358 2753 ipsi
2401 2697 2615 2752 semper
2643 2691 2782 2738 erat.
2845 2683 3147 2737 Amantium
3177 2682 3411 2738 Joannes
3448 2698 3547 2752 po-

1970 2775 2154 2831 stridie
2176 2774 2241 2830 ad
2270 2789 2331 2830 se
2351 2775 2577 2829 vocavit.
2610 2773 2676 2828 Et
2701 2789 2819 2828 cum
2851 2772 3085 2842 episcopi
3113 2772 3269 2827 ambo
3295 2773 3346 2827 in
3375 2772 3551 2844 Chry-

1971 2867 2192 2922 sostomi
2220 2864 2362 2920 aedes
2390 2865 2692 2931 venissent,
2721 2864 3025 2919 Amantium
3066 2863 3390 2917 invenerunt
3414 2903 3430 2927 ,
3458 2863 3549 2932 qui

1972 2971 2085 3011 rem
2110 2998 2123 3020 ,
2155 2956 2222 3011 de
2248 2970 2349 3026 qua
2378 2965 2501 3009 tunc
2525 2955 2778 3025 agebatur
2796 2993 2812 3021 ,
2842 2954 2941 3024 ipsi
2967 2962 3268 3023 aperuerat,
3294 2952 3549 3023 idipsutn-

1970 3062 2072 3117 que
2123 3046 2357 3117 episc0pi
2408 3046 2565 3102 ambo
2614 3044 3017 3100 conﬁrmarunt.
3078 3044 3373 3115 Posteaque
3425 3058 3544 3099 cum

1971 3137 2305 3191 sanctissimo
2330 3134 2565 3190 Praesule
2589 3134 2657 3189 de
2686 3133 2879 3191 divinis
2902 3134 3173 3202 sacrisque
3206 3134 3365 3189 rebus
3389 3133 3549 3188 verba

1970 3228 2252 3292 miscuere,
2278 3238 2333 3283 et
2358 3236 2633 3297 postquam
2661 3225 2895 3280 Joannes
2915 3223 3042 3293 ipsis
3068 3223 3208 3279 bona
3232 3232 3549 3294 apprecatus

1972 3317 2177 3382 fuerat,
2207 3317 2421 3371 domum
2459 3331 2519 3370 se
2547 3330 2818 3384 recepere.
2870 3313 2959 3368 Sic
2982 3312 3219 3383 quotidie
3255 3313 3403 3367 illum
3432 3311 3549 3366 adi—

1972 3408 2117 3473 bant,
2150 3417 2205 3460 ιιι
2230 3407 2345 3476 ejus
2370 3405 2594 3462 amoenis
2621 3404 2779 3460 simul
2803 3413 2853 3458 et
2877 3404 3075 3460 sanctis
3090 3402 3372 3473 colloquiis
3398 3400 3515 3456 frue
3539 3432 3549 3443 -

1971 3506 2173 3553 rentur.
2227 3494 2506 3551 Amantius
2546 3505 2724 3550 autem
2764 3494 2864 3549 sibi
2907 3493 3251 3549 commissum
3281 3489 3547 3562 negotium

1971 3589 2108 3659 apud
2137 3588 2425 3644 Eudoxiam
2452 3588 2741 3658 Augustam
2771 3585 2998 3642 sollicite
3028 3587 3160 3641 ursit
3179 3627 3193 3652 ,
3229 3585 3551 3655 demumque

1971 3679 2181 3734 favente
2221 3678 2323 3732 sibi
2363 3675 2651 3732 Theodosii
2687 3675 2915 3745 junioris
2941 3683 2996 3729 et
3034 3685 3155 3729 ortu
3180 3684 3235 3730 et
3262 3673 3547 3744 baptismo,

1971 3771 2060 3841 qui
2083 3770 2268 3825 diebus
2289 3769 2403 3823 istis
2426 3767 2668 3822 accidere
2685 3805 2701 3833 ,
2731 3774 2909 3836 optata
2935 3766 3253 3835 impetravit.

2042 3859 2395 3928 Theophanes
2432 3866 2488 3913 et
2526 3858 2746 3913 Cosmas
2785 3855 3018 3911 Vestitor
3055 3865 3274 3911 narrant
3303 3856 3549 3914 Theodo-

1971 3953 2105 4006 sium
2152 3951 2420 4021 iuniorem
2459 3965 2490 4004 a
2531 3948 2737 4004 Joanne
2782 3948 3164 4019 Chrysostomo
3217 3948 3548 4018 baptizatum

1971 4042 2168 4110 fuisse;
2217 4042 2269 4097 id
2310 4036 2437 4097 vero
2474 4041 2616 4096 clare
2641 4040 2745 4095 dici
2790 4039 2998 4094 videtur
3033 4039 3101 4093 ab
3136 4038 3381 4094 Eudoxia
3411 4044 3545 4109 ipsa,

1972 4150 2090 4205 qua:
2117 4136 2167 4188 in
2196 4133 2412 4188 homilia
2438 4132 2805 4204 Chrysostomi
2846 4139 2966 4202 post
2999 4130 3228 4186 reditum
3269 4132 3335 4187 ab
3363 4133 3550 4188 exsilio

1971 4240 2099 4289 suo,
2127 4224 2205 4279 sic
2244 4224 2468 4293 loquens
2513 4224 2797 4289 inducitur,
2828 4220 3085 4276 Recordor
3115 4238 3204 4291 per
3233 4239 3412 4277 manus
3441 4232 3552 4276 tuas

1973 4317 2106 4384 ﬁlios
2129 4330 2265 4367 meos
2293 4314 2570 4382 baptizatos
2600 4313 2771 4382 fuisse.
2793 4311 2947 4367 Certe
2973 4313 3112 4367 inter
3139 4312 3276 4368 ﬁlios
3301 4327 3545 4382 compre-

1974 4405 2133 4460 hendi
2180 4390 2400 4458 omnino
2440 4401 2652 4456 videtur
2677 4401 3012 4456 Theodosius
3037 4402 3236 4470 junior.
3287 4404 3461 4472 Atque
3488 4419 3554 4456 ex

1973 4496 2037 4549 iis
2059 4537 2073 4562 ,
2121 4510 2239 4564 quae
2265 4493 2316 4546 in
2350 4491 2467 4546 Vita
2509 4491 2566 4545 S.
2598 4489 2880 4560 Porphyrii
2911 4490 3159 4544 dicuntur
3179 4531 3196 4555 ,
3227 4490 3554 4544 Theodosius

1967 4585 2148 4654 juninr
2172 4583 2469 4653 baptizatus
2498 4580 2660 4634 fuisse
2688 4577 3107 4647 deprehenditur
3133 4578 3410 4648 lOAprilis
3427 4580 3551 4631 anni

1971 4674 2095 4730 401.
2145 4675 2399 4744 Tuncque
2422 4672 2834 4741 Cbrysostomus
2863 4670 2914 4723 in
2941 4669 3067 4724 Asia
3096 4678 3212 4725 erat
3233 4709 3250 4736 ,
3290 4670 3551 4739 siquidem

1972 4783 2092 4823 cum
2119 4767 2456 4822 Tillemontio
2506 4765 2608 4818 iter
2647 4763 2764 4832 ejus
2808 4762 2860 4815 in
2902 4761 3085 4815 Asiam
3128 4762 3180 4815 in
3221 4776 3421 4816 annum
3447 4762 3549 4818 401

1972 4858 2378 4927 consignamus,
2406 4863 2472 4919 et
2511 4870 2667 4924 quam
2699 4853 2997 4907 tardissime
3021 4851 3407 4922 profectionem
3436 4855 3553 4923 ejus

1973 4963 2157 5002 mense
2182 4944 2471 5001 Februario
2496 4941 2735 5014 ejusdem
2764 4942 2886 4996 anni
2914 4949 3148 4997 statuere
3173 4956 3472 5012 possumus,
3497 4952 3555 4995 nt

1974 5055 2039 5095 ex
2065 5036 2405 5107 sequentibus
2433 5035 2607 5105 palam
2637 5034 2759 5089 erit.

2045 5128 2173 5183 Post
2214 5126 2466 5182 Antonini
2501 5124 2757 5196 Ephesini
2789 5123 3022 5194 episcopi
3062 5132 3287 5178 mortem
3322 5120 3555 5193 (Pallad.
3632 5140 3635 5144 ·

1976 5237 2028 5290 p.
2058 5220 2161 5275 155
2191 5229 2239 5273 ct
2274 5218 2437 5289 seqq.)
2462 5258 2478 5283 ,
2521 5217 2779 5287 urgebant
2817 5212 3254 5285 Cbrysostomum
3312 5214 3551 5285 episcopi
3629 5274 3634 5281 ,

1973 5309 2152 5378 vicini,
2186 5310 2404 5381 urgebat
2432 5308 2733 5377 Ephesinus
2752 5303 2935 5358 Clerus
2964 5312 3020 5356 ut
3045 5312 3292 5374 prompte
3316 5306 3550 5371 veniret,

1978 5418 2078 5458 nec
2105 5417 2282 5456 moras
2322 5400 2590 5464 traheret,
2631 5397 2776 5465 leges
2813 5392 2953 5464 apud
2982 5408 3041 5448 se
3078 5392 3447 5464 pessumdatas
3475 5394 3553 5447 di-

1974 5509 2123 5559 cens,
2152 5491 2438 5547 Ecclesiam
2466 5502 2615 5542 suam
2639 5486 2911 5549 afﬂictam,
2935 5490 3220 5538 temeratas
3235 5494 3323 5537 res
3345 5496 3550 5547 sacras,

1977 5597 2086 5642 tttm
2116 5584 2183 5638 ab
2216 5584 2322 5637 Arii
2353 5579 2570 5634 asseclis
2594 5619 2609 5643 ,
2655 5587 2762 5631 tum
2791 5575 2857 5628 ab
2885 5574 2950 5627 iis
2979 5573 3069 5642 qui
3094 5573 3331 5627 avaritia:
3370 5580 3425 5625 et
3451 5570 3543 5622 do-

1977 5676 2209 5733 minandi
2249 5674 2494 5743 cupidine
2519 5670 2660 5740 capti
2688 5684 2745 5724 se
2771 5664 3077 5722 Catholicos
3102 5679 3221 5721 esse
3246 5661 3546 5735 gloriaban-

3123 5789 3196 5847 12

1992 416 2328 473 indicandum
2381 438 2393 473 :
