4110 6148
519 319 620 375 185

539 448 601 486 ιιι·
641 452 654 486 :
691 422 879 500 quibus
908 429 1062 485 dictis
1090 429 1415 483 Antoninum
1455 427 1763 499 episcopum
1809 442 1978 497 nuper
2006 426 2103 483 de-

538 532 769 579 unctum
810 520 1100 582 notabant,
1151 518 1288 588 apud
1336 533 1494 588 quem
1538 518 1747 574 venalia
1795 518 2106 589 prostabant

515 630 679 670 sacra
724 611 923 666 omnia.
977 609 1256 665 Addebam
1299 625 1509 680 quoque
1554 610 1749 683 multos
1791 612 1987 665 instare
2026 611 2107 665 lu-

523 716 664 767 uos,
707 701 797 770 qui
840 700 1064 773 pecunia
1093 699 1449 772 episcopalem
1485 700 1666 757 sedem
1703 701 1955 757 invadere
1984 710 2102 756 ten-

519 797 728 851 labant.

597 882 787 938 Joann.
821 884 1079 954 Chrysosl.
1111 884 1205 939 iter
1239 886 1292 940 in
1320 886 1492 941 Asiam
1525 887 1753 959 suscipit.
1778 917 1852 929 —
1875 886 2106 943 Joannes

522 983 711 1029 noster
741 980 872 1031 tunc
888 976 1034 1046 gravi
1062 984 1176 1031 erat
1204 978 1443 1048 corporis
1481 978 1789 1035 infirmitate
1833 978 2101 1043 detentus,

529 1062 750 1120 hiberna
801 1082 1013 1136 quoque
1056 1076 1347 1137 tempestas
1388 1084 1418 1122 a
1466 1079 1612 1124 tanto
1664 1069 1856 1124 itinere
1905 1084 2103 1139 :rgrum

528 1152 769 1209 avertere
803 1171 959 1224 posse
993 1156 1308 1225 videbatur,
1341 1172 1524 1213 verum
1556 1168 1701 1213 tanto
1725 1159 1811 1214 ille
1837 1158 2107 1228 religionis

529 1244 704 1299 studio
733 1244 1006 1316 ﬂagrabat,
1038 1256 1095 1302 ut
1118 1247 1293 1302 omnia
1323 1249 1660 1319 postliaberet
1682 1264 1786 1319 quo
1812 1259 1887 1304 tot
1917 1250 2105 1304 tantis-

528 1351 633 1405 que
668 1337 824 1392 malis
863 1354 1077 1393 manum
1120 1340 1378 1395 medicam
1406 1341 1600 1397 afferre
1628 1351 1874 1398 tentaret.
1923 1343 2105 1413 Neque

530 1430 672 1483 cnim
720 1430 913 1498 Ephesi
956 1441 1154 1486 tantum
1179 1474 1195 1499 ,
1241 1433 1335 1488 sed
1362 1433 1519 1488 etiam
1548 1435 1598 1488 in
1633 1435 1751 1488 aliis
1780 1450 1885 1488 non
1925 1436 2105 1504 paucis

528 1520 671 1572 Asia:
692 1521 993 1576 civitatibus
1020 1523 1117 1592 ipsi
1141 1525 1396 1595 episcopi,
1437 1535 1705 1594 pastorum
1733 1527 1946 1581 nomine
1975 1525 2104 1581 falso

530 1609 761 1679 insigniti
788 1653 802 1677 ,
848 1611 1149 1668 Christiano
1190 1616 1335 1684 gregi
1378 1616 1567 1669 damna
1612 1615 1911 1671 inferebant
1949 1617 2105 1670 innu-

529 1713 694 1753 tncra.
731 1700 821 1756 llis
857 1717 1113 1759 accensus
1152 1705 1202 1758 in
1230 1706 1405 1759 navim
1436 1706 1744 1776 ingreditur.
1782 1706 1973 1761 Verum
2003 1723 2103 1762 sre-

528 1792 703 1847 viente
746 1795 1024 1870 aquilone,
1071 1812 1192 1851 cum
1232 1808 1531 1852 metuerent
1572 1806 1745 1853 nauta:
1783 1815 1850 1853 ne
1888 1799 1939 1852 in
1966 1798 2102 1853 Pro-

526 1906 814 1946 connesum
843 1895 1180 1960 cjicerentur,
1221 1891 1397 1960 posito
1424 1891 1560 1956 velo,
1593 1891 1826 1947 Tritonis
1849 1907 2103 1960 promon-

528 1990 716 2035 tartut'n
749 1984 1230 2051 pra:tervebuutur,
1254 1987 1309 2034 et
1341 1981 1409 2033 ibi
1433 1981 1589 2049 jactis
1611 1982 1860 2037 anchoris
1884 1996 2098 2036 manse-

524 2080 665 2135 runt,
696 2082 934 2128 austrum
963 2081 1335 2144 exspectantes
1354 2080 1406 2125 ut
1426 2073 1712 2141 Apameam
1742 2074 2093 2143 appellerent.

526 2164 656 2217 Cum
698 2178 824 2232 ergo
870 2164 1087 2218 biduum
1121 2161 1292 2234 jejuni
1337 2164 1722 2231 perstitissent,
1766 2163 1818 2218 in
1861 2165 2101 2219 navicula

523 2256 700 2325 agitati
727 2297 743 2321 ,
777 2257 929 2311 tertia
956 2257 1044 2313 die
1071 2258 1361 2327 Apameam
1387 2256 1641 2325 appulcre
1664 2300 1679 2325 ,
1726 2258 1815 2311 ubi
1841 2256 2098 2312 Joannem

525 2356 765 2400 nostrum
793 2347 1171 2416 eXSpectabant
1194 2347 1391 2402 Paulus
1419 2385 1431 2410 ,
1472 2345 1700 2417 Cyrinus
1726 2359 1778 2401 et
1811 2346 2099 2401 Palladius.

522 2436 632 2490 llos
652 2437 791 2491 enim
815 2438 912 2492 viae
935 2440 1154 2494 comites
1177 2438 1989 2510 assunrpscratCbrysoslomus,
2012 2456 2104 2510 pe-

523 2526 783 2596 dibusque
826 2528 1067 2582 confecto
1110 2529 1297 2583 itinere
1336 2526 1602 2598 Ephesum
1649 2530 1981 2597 perveniunt.
2038 2530 2104 2585 Et

523 2619 853 2688 congregatis
877 2619 1057 2690 Lydiae
1080 2660 1094 2684 ,
1127 2620 1268 2674 Asia:
1289 2662 1302 2685 ,
1336 2628 1494 2690 atque
1518 2618 1688 2673 Caria:
1716 2620 1977 2690 episcopis
2000 2637 2100 2675 nu-

524 2725 674 2764 mero
703 2711 1032 2781 septuaginta
1052 2751 1068 2778 ,
1101 2710 1168 2766 de
1193 2710 1615 2766 ordinationibus
1639 2709 1894 2765 faciendis
1920 2713 2099 2767 statim

522 2809 698 2855 actum
743 2808 844 2856 est.
898 2801 1042 2855 Multi
1097 2811 1224 2856 tunc
1264 2802 1619 2864 advenerant,
1673 2803 2004 2873 maximeque
2032 2818 2100 2858 ex

526 2889 839 2963 Phrygibus,
862 2907 968 2946 uno
992 2891 1238 2947 audiendi
1267 2892 1630 2962 Chrysostomi
1653 2890 1827 2946 studio
1846 2892 2096 2962 permoti,

524 2993 634 3037 tum
665 2984 894 3039 maxime
919 2984 1036 3054 ejus
1064 2985 1321 3055 sapientia
1348 2985 1557 3039 fruitnri
1580 3026 1593 3047 ,
1624 2999 1743 3039 eum
1772 2983 1981 3038 afflictis
2011 3000 2097 3039 re-

523 3074 622 3127 bus
647 3073 892 3130 Asiaticis
918 3115 933 3140 ,
964 3083 1016 3128 ct
1043 3090 1073 3129 a
1100 3075 1278 3129 multis
1304 3074 1392 3143 qui
1422 3074 1622 3130 zizauia
1671 3076 2005 3129 inseruerant
2044 3075 2096 3129 in

523 3163 843 3220 deteriorem
888 3173 1081 3219 statum
1129 3164 1360 3219 reductis
1398 3181 1411 3218 :
1455 3179 1577 3219 nam
1625 3164 1974 3234 profluentem
2028 3166 2096 3234 pii

522 3254 757 3309 doctoris
781 3255 1132 3326 eloquentiam
1160 3255 1319 3310 tantis
1344 3255 1492 3310 malis
1514 3255 1757 3310 solatium
1785 3256 2095 3311 alferentem

523 3346 801 3417 excepturi
828 3356 999 3403 erant.

592 3437 797 3492 Interea
823 3438 1046 3493 accessit
1061 3438 1322 3495 Eusebius
1350 3440 1437 3494 ille
1458 3439 2096 3509 Valcutinianopolitanus

522 3529 801 3599 cpiscopus
843 3527 1088 3600 (Pallad.
1132 3532 1340 3602 p.135.
1392 3531 1570 3603 156),
1614 3533 1681 3588 de
1722 3550 1828 3603 quo
1872 3534 2097 3603 plurima

523 3620 757 3674 diximus
785 3633 965 3689 supra,
996 3620 1083 3690 qui
1111 3636 1203 3674 scx
1233 3622 1511 3692 episc0pos
1541 3623 1671 3676 alios
1693 3623 1996 3688 accusabat,
2028 3622 2096 3676 ad

531 3711 959 3766 communionem
988 3712 1194 3766 admitti
1238 3729 1452 3781 rogans.
1505 3712 1700 3769 Contra
1731 3730 1856 3769 vero
1882 3714 2094 3784 quidam

523 3803 753 3871 episcopi
782 3818 886 3856 non
909 3802 1290 3858 admittendum
1312 3803 1578 3871 dicebant,
1600 3813 1782 3874 utpote
1803 3805 2098 3875 sycophan-

527 3903 654 3945 tam.
706 3891 885 3962 Pergit
916 3893 1004 3947 ille
1030 3893 1364 3963 supplicans,
1397 3895 1518 3964 quia
1552 3898 1660 3964 jam
1698 3895 1912 3949 biennio
1939 3909 2097 3950 causa

524 3985 862 4051 examinata,
916 3995 971 4041 et
1016 4002 1121 4041 non
1174 3986 1576 4041 advenientibus
1623 3986 1845 4042 testibus
1891 3987 2096 4058 longius

522 4083 755 4128 extracta
801 4073 1009 4141 fuerat,
1058 4084 1118 4129 ιιι
1160 4084 1324 4131 testes
1370 4075 1772 4145 producantur:
1802 4080 1902 4132 etsi
1952 4079 2094 4132 enim

522 4166 854 4231 Antoninus,
884 4167 972 4235 qui
999 4158 1243 4221 nummos
1265 4174 1543 4236 acceperat
1572 4180 1628 4222 ut
1654 4168 1960 4236 ordinaret,
1988 4169 2095 4239 jam

524 4268 769 4312 mortuus
790 4268 924 4325 erat,
949 4273 1230 4328 superesse
1259 4267 1434 4314 tamen
1465 4275 1576 4328 eos,
1606 4261 1696 4330 qui
1721 4263 1944 4330 pecunia
1976 4261 2097 4316 data

525 4351 750 4404 ordinati
765 4349 991 4407 fuerant.
1010 4351 1255 4423 Synodus
1269 4367 1392 4406 vero
1409 4368 1519 4407 rem
1545 4353 1957 4424 perquirendam
1980 4368 2098 4409 esse

523 4442 751 4495 censuit.
784 4441 963 4495 Primo
992 4443 1126 4497 lecta
1155 4452 1278 4497 sunt
1305 4453 1421 4498 aeta
1447 4458 1460 4508 ;
1492 4434 1716 4514 ingreSsi
1744 4452 1868 4498 sunt
1898 4453 2094 4510 testes;

525 4546 727 4586 necnon
777 4546 870 4588 sex
911 4533 1023 4599 illi,
1065 4532 1154 4604 qui
1199 4535 1420 4604 pecunia
1450 4533 1572 4589 data
1598 4533 1827 4589 ordinati
1866 4532 2096 4589 fuerant.

524 4624 592 4679 Et
614 4626 762 4681 initio
789 4627 999 4696 quidem
1029 4628 1321 4698 negabant;
1355 4628 1673 4683 instantibus
1698 4642 1827 4682 vero
1854 4627 2096 4695 testibus,

522 4734 744 4787 quorum
774 4720 984 4789 qttidam
1006 4721 1123 4775 laici
1143 4731 1313 4787 erant,
1337 4729 1392 4776 et
1415 4720 1625 4790 quidam
1648 4721 1962 4792 presbyteri,
1986 4720 2103 4791 qui-

524 4812 622 4864 bus
651 4826 763 4865 rem
809 4810 1140 4865 confidenter
1186 4812 1458 4881 aperuisse
1497 4811 1843 4879 videbantur,
1891 4826 2099 4867 necnon

525 4899 839 4955 mulieribus
862 4900 1150 4968 nonnullis,
1174 4916 1291 4970 qua:
1317 4910 1369 4955 et
1390 4901 1667 4972 pignorum
1698 4917 1793 4957 seu
1816 4917 2099 4958 munerum

524 4991 793 5059 speciem,
833 5000 886 5046 et
923 4993 1034 5046 loca
1066 4999 1123 5047 et
1149 5001 1386 5064 tempora
1414 5002 1467 5047 ct
1507 4996 1852 5064 quantitatem
1895 4996 2099 5051 iudica-

525 5083 676 5149 bant,
705 5084 1026 5142 reclamante
1057 5086 1182 5140 item
1208 5084 1529 5141 conscientia
1551 5129 1564 5153 ,
1595 5086 1754 5150 ultro,
1785 5103 1885 5143 nec
1915 5089 2103 5157 majori

526 5178 846 5234 necessitate
879 5177 1172 5249 compulsi,
1214 5176 1444 5236 confessi
1486 5189 1610 5234 sunt
1645 5194 1704 5235 se
1733 5194 1954 5236 munera
1989 5179 2101 5236 sol-

502 5267 673 5332 tvisse
701 5311 717 5335 ,
746 5270 904 5326 talem
945 5286 1064 5325 esse
1089 5270 1523 5326 consuetudinem
1551 5281 1797 5345 putantes
1819 5314 1833 5333 .
1881 5281 1934 5327 ct
1959 5287 2100 5327 nunc

526 5374 684 5415 orare
702 5403 717 5427 ,
747 5361 791 5418 si
818 5363 895 5416 fas
922 5372 1095 5418 tamen
1116 5373 1277 5431 esset,
1313 5363 1364 5418 in
1394 5362 1646 5421 Ecclesia:
1666 5364 1963 5421 ministerio
1990 5380 2105 5420 ser-

527 5455 678 5520 vari;
722 5459 804 5512 sin
849 5456 1057 5524 minus,
1109 5467 1165 5513 ut
1208 5472 1427 5524 aurum,
1474 5457 1616 5527 quod
1653 5457 1957 5526 solverant,
2002 5457 2103 5512 sibi

526 5549 840 5608 redderetur
865 5570 879 5606 :
911 5553 1122 5623 quidam
1147 5554 1287 5609 cniut
1317 5567 1381 5607 ex
1411 5552 1512 5608 illis
1543 5566 1764 5607 uxorum
1803 5543 2105 5621 supellectiL-

527 5645 633 5703 lem
659 5645 937 5702 dederant.
981 5648 1116 5703 Tant
1143 5647 1374 5703 Joannes
1399 5645 1812 5718 Cbrysostomus
1840 5658 1872 5697 e
1904 5658 1965 5697 re
1992 5640 2105 5696 fore

526 5737 631 5794 sibi
649 5739 811 5796 videri
832 5739 982 5809 dixit,
1002 5741 1044 5794 si
1061 5741 1267 5812 jubcrct
1285 5738 1528 5811 Synodus
1547 5737 1693 5793 reddi
1714 5736 1814 5793 illis
1834 5750 2019 5791 aurum
2038 5734 2105 5789 ab

1600 312 1655 367 S.
1700 311 1976 368 JOANNIS
2012 310 2484 369 CllRYSOSTOMl
2528 311 2705 378 VlTA,

3692 311 3791 369 184

2218 427 2539 483 bmredibus.
2561 424 2818 495 Percepit
2844 437 2971 493 ergo
2992 421 3257 495 Synodus,
3282 430 3339 477 ut
3359 421 3628 477 illicontra
3650 423 3793 496 leges

2214 532 2393 574 sacras
2417 516 2643 571 ordinati
2671 531 2857 570 aurum
2880 530 3032 570 suum
3062 514 3365 583 reciperent
3395 512 3465 568 ab
3489 512 3791 572 heredibus

2215 607 2505 675 Antonini,
2533 617 2587 662 et
2612 607 3068 662 communicarent
3094 606 3229 661 intra
3255 606 3423 661 altare
3451 623 3465 658 :
3490 614 3671 663 essent
3699 620 3797 659 au-

2216 713 2321 757 tem
2348 701 2460 770 jam
2488 716 2593 755 non
2622 699 2929 755 sacerdotes
2948 740 2963 763 ,
3000 698 3094 753 sed
3121 714 3185 754 ex
3211 697 3579 753 sacerdotibus
3604 714 3617 749 :
3648 696 3724 752 Ne
3750 700 3799 753 si

2214 794 2313 850 ista
2331 793 2764 856 concederemus,
2789 805 2906 846 mos
2933 791 3082 845 ﬁeret
3108 790 3360 845 Judaicus
3384 799 3473 843 aut
3488 788 3792 860 Egyptius,

2214 883 2476 938 vendendi
2498 892 2655 952 atque
2680 880 2894 935 emendi
2922 880 3305 935 sacerdotium.
3342 878 3630 934 Dicebatur
3650 879 3791 933 enim

2214 973 2521 1030 Iudaeorum
2549 971 2904 1043 patriarcbam
2933 970 3155 1040 singulis
3183 970 3338 1024 annis
3362 1010 3378 1035 ,
3423 979 3515 1023 aut
3541 983 3683 1024 anno
3713 969 3797 1024 in-

2216 1064 2471 1135 terjecto,
2510 1078 2544 1118 a
2568 1076 2850 1133 synagogae
2875 1060 3201 1132 principibus
3239 1059 3473 1127 mutari,
3514 1059 3581 1115 ad
3613 1074 3796 1117 corra-

2217 1155 2444 1211 dendam
2472 1155 2773 1227 peeuniant.

2287 1251 2485 1305 [lorum
2513 1254 2751 1305 omnium
2782 1252 3062 1307 exstabant
3087 1257 3202 1306 acta
3224 1259 3276 1307 et
3314 1249 3550 1323 judicum
3577 1249 3797 1310 nomina

2216 1339 2450 1410 (Pallad.
2490 1360 2542 1411 p.
2576 1340 2698 1412 137)
2731 1358 2745 1395 :
2782 1356 2845 1396 ac
2880 1342 2969 1412 qui
3014 1341 3221 1396 fuerant
3266 1342 3541 1412 depositi,
3591 1343 3795 1415 Synodi

2209 1432 2411 1502 judicio
2437 1435 2818 1504 acquieverunt
2842 1475 2855 1500 ,
2898 1450 3140 1505 unusque
3165 1450 3228 1490 ex
3256 1436 3360 1489 illis
3390 1434 3561 1491 factus
3586 1445 3668 1491 est
3695 1451 3798 1492 ue-

2213 1526 2476 1593 gotiorum
2502 1525 2829 1594 publicorum
2858 1524 3127 1580 defensor.
3153 1525 3206 1579 ln
3226 1526 3586 1596 depositorum
3614 1536 3799 1584 autem

2215 1613 2386 1669 locum
2409 1616 2597 1670 delecti
2621 1625 2741 1671 sunt
2761 1616 2848 1670 alii
2870 1632 2975 1671 non
3005 1617 3270 1690 conjugati
3298 1660 3313 1685 ,
3340 1619 3448 1673 vita
3479 1627 3533 1674 et
3552 1619 3797 1674 doctrina

2214 1707 2405 1761 ornati.
2456 1707 2786 1762 Heraclidem
2816 1724 2943 1763 vero
2978 1710 3030 1764 in
3060 1710 3312 1765 Antonini
3342 1712 3515 1766 locum
3543 1712 3798 1784 Synodus

2213 1798 2505 1864 constituit,
2525 1800 2693 1853 virum
2721 1800 3008 1871 encyclicis
3033 1801 3327 1870 disciplinis
3348 1802 3548 1871 optime
3574 1803 3798 1856 institu-
3849 1796 3855 1805 ’

2215 1899 2354 1957 tum,
2401 1900 2455 1944 et
2489 1891 2538 1944 in
2571 1890 2764 1946 divinis
2794 1891 3080 1961 Scriptnris
3108 1893 3342 1962 peritum
3365 1934 3379 1958 ,
3406 1895 3496 1963 qui
3527 1895 3579 1947 in
3606 1908 3798 1950 eremo

2212 1982 2558 2036 monasticam
2587 1983 2745 2035 vitam
2773 1990 2988 2051 egerat,
3017 1991 3072 2038 et
3099 1982 3187 2052 qui
3221 1999 3315 2053 per
3344 1992 3452 2039 tres
3482 2000 3650 2038 annos
3675 1985 3800 2039 dia-

2213 2086 2380 2126 conus
2406 2070 2593 2127 fuerat.
2625 2072 2891 2127 Palladius
2918 2088 3047 2127 vero
3071 2114 3083 2137 ,
3111 2074 3201 2142 qtti
3232 2072 3353 2127 huic
3379 2071 3595 2144 Synodo
3622 2075 3795 2130 inter-

2212 2161 2407 2228 fuerat,
2445 2162 2573 2216 dicit
2598 2162 2856 2216 Joannem
2901 2177 2999 2216 sex
3032 2164 3310 2231 episcopos
3353 2163 3406 2218 in
3448 2164 3547 2218 bac
3582 2165 3799 2221 scilicet

2211 2254 2481 2323 provincia
2515 2236 2715 2307 tantum
2752 2252 3100 2323 deposuisse,
3134 2269 3237 2308 non
3278 2264 3454 2308 autem
3496 2254 3797 2323 sexdecim,

2211 2352 2269 2397 ut
2294 2343 2646 2399 mentiebatur
2667 2342 3015 2413 TbeOpbilns,
3038 2342 3405 2415 Cbrysostomi
3436 2353 3715 2400 accusator
3739 2355 3800 2401 et

2211 2434 2475 2489 inimicus.

2282 2523 2610 2579 Sozomenus
2653 2539 2780 2580 vero
2827 2525 2956 2580 dicit
3005 2525 3236 2599 (Sozam.
3269 2528 3306 2581 ι.
3341 2526 3395 2581 8.
3441 2543 3486 2580 c.
3520 2527 3578 2598 6)
3615 2527 3792 2597 ipsum

2212 2616 2464 2671 tredecim
2515 2616 2793 2686 episcopos
2833 2617 3146 2686 deposuisse
3195 2618 3384 2687 partim
3432 2618 3483 2671 in
3532 2617 3690 2689 Lycia
3738 2626 3794 2672 et

2210 2709 2435 2780 Phrygia
2458 2750 2472 2775 ,
2524 2710 2712 2778 partim
2742 2710 2793 2763 in
2826 2710 2948 2763 Asia
2974 2751 2988 2775 ,
3022 2711 3092 2764 ita
3132 2719 3187 2764 ut
3220 2724 3340 2764 cum
3385 2717 3520 2764 teste
3546 2707 3790 2763 Palladio

2212 2813 2338 2857 tunc
2360 2801 2619 2871 prmsettte
2646 2817 2739 2856 sex
2771 2803 2822 2856 in
2856 2802 2980 2856 Asia
3011 2801 3344 2871 deposuerit,
3393 2810 3599 2870 septem
3626 2801 3789 2854 etiam

2210 2894 2262 2948 in
2293 2893 2528 2965 Lycia'et
2568 2893 2795 2964 Phrygia
2847 2908 2912 2947 cx
2955 2892 3172 2947 sedibus
3217 2891 3462 2947 moverit.
3506 2891 3650 2944 lnter
3691 2889 3791 2944 bos

2208 2993 2382 3039 autem
2410 2984 2722 3039 Gerontium
2751 2983 3208 3039 Nicomediensem
3237 2984 3545 3053 episcopum
3573 2997 3636 3037 ex
3660 2979 3793 3035 sede

2208 3075 2429 3145 expulit.
2461 3075 2558 3129 Hic
2592 3084 2768 3130 autem
2796 3090 2917 3130 cum
2954 3075 3234 3129 Mediolani
3261 3074 3517 3129 diaconus
3545 3081 3724 3137 esset,
3757 3087 3789 3126 a

2209 3164 2267 3220 S.
2310 3164 2591 3220 Ambrosio
2634 3165 2885 3236 episcopo
2924 3174 2979 3218 ut
3016 3179 3168 3219 sacro
3201 3164 3496 3219 ministerio
3537 3162 3792 3233 indignus

2208 3258 2459 3325 expulsus
2505 3254 2694 3309 fuerat.
2746 3255 2880 3309 [line
2908 3270 3026 3308 cum
3063 3253 3562 3323 ConstantinOpolin
3606 3254 3791 3307 venis-

2208 3358 2310 3416 set,
2351 3358 2408 3402 ut
2432 3355 2547 3403 erat
2570 3348 2717 3402 vafer
2746 3357 2797 3402 et
2825 3355 3032 3401 astutus
3057 3388 3070 3411 ,
3104 3344 3459 3416 quorumdam
3495 3359 3597 3412 ope
3625 3343 3788 3398 Nico-

2208 3439 2535 3495 mediensem
2561 3423 2913 3509 episcopalem
2941 3437 3122 3493 sedem
3149 3437 3370 3506 adeptus
3393 3444 3494 3491 est.
3528 3436 3606 3490 Re
3634 3451 3789 3490 com-

2209 3543 2358 3602 perta
2387 3531 2701 3586 Ambrosius
2728 3530 2973 3585 Nectario
2998 3531 3250 3599 episcopo
3292 3527 3791 3597 Constantinopoli-

2208 3634 2334 3679 tano
2395 3623 2648 3693 scripsit,
2697 3631 2753 3676 ut
2796 3621 3111 3676 Gerontium
3166 3636 3231 3674 ex
3285 3618 3572 3689 episcopali
3618 3617 3788 3687 gradu

2208 3714 2482 3784 dcjiceret.
2528 3713 2666 3768 Nihil
2712 3729 2818 3768 non
2867 3713 2973 3783 egit
3017 3711 3332 3776 Nectarins,
3376 3718 3433 3764 ut
3470 3710 3785 3764 Gerontium

2207 3807 2532 3877 deponeret;
2576 3805 2671 3861 sed
2716 3802 2907 3859 frastra
2947 3818 3159 3859 cessere
3196 3810 3419 3858 conatus
3451 3799 3785 3856 :Gerontius

2209 3899 2349 3953 enim
2367 3894 2856 3953 Nicomediensibus
2874 3896 3159 3964 admodum
3179 3902 3358 3965 gratus
3375 3901 3510 3959 erat,
3528 3892 3781 3961 quoniam

2208 3991 2259 4044 in
2274 3990 2535 4045 medicina
2557 3990 2776 4059 peritus,
2808 3989 2951 4043 illam
2973 3995 3139 4042 artem
3161 3985 3459 4049 exercebat,
3477 3998 3539 4038 ac
3554 3983 3788 4038 dexteri-

2208 4092 2316 4139 tate
2338 4092 2392 4138 et
2412 4083 2719 4149 sedulitate,
2761 4081 2930 4152 inquit
2957 4080 3284 4135 Sozomenus
3305 4120 3320 4145 ,
3347 4094 3470 4149 erga
3501 4091 3692 4132 omnes
3721 4090 3786 4130 ex

2207 4190 2380 4246 aequo,
2416 4185 2519 4230 tam
2543 4188 2801 4245 pauperes
2828 4186 2984 4244 quam
3013 4171 3224 4237 divites,
3258 4169 3521 4224 utebatur.
3552 4167 3789 4222 Joannes

2210 4283 2338 4322 vero
2368 4267 2516 4320 illum
2560 4265 2803 4335 deposuit
2831 4306 2844 4331 ,
2893 4273 2947 4319 et
2986 4265 3039 4318 in
3077 4263 3250 4317 locum
3277 4262 3392 4331 ejus
3423 4260 3787 4329 PanSOpbium

2208 4355 2490 4412 ordinavit.
2514 4356 2642 4422 Qua:
2662 4370 2749 4410 res
2775 4353 3264 4409 Nicomediensibus
3288 4350 3573 4406 admodum
3604 4349 3792 4418 displi-

2207 4447 2337 4514 cuit,
2369 4461 2467 4500 ncc
2494 4461 2647 4500 secus
2676 4460 2833 4515 quam
2870 4443 3270 4507 in'calamitate,
3312 4450 3404 4495 aut
3434 4449 3589 4494 terra:
3615 4451 3787 4504 motu,

2207 4539 2291 4594 vel
2316 4538 2573 4603 siccitate,
2603 4552 2697 4605 per
2719 4536 2918 4604 plateas
2948 4533 3173 4588 civitatis
3201 4545 3311 4586 sua:
3337 4539 3391 4584 et
3411 4527 3791 4583 Constantino-

2209 4631 2315 4703 poli
2346 4631 2739 4686 circumeuntes
2782 4627 3111 4697 psallebant,
3161 4625 3374 4693 Dcoqne
3419 4620 3794 4690 supplicabant

2209 4733 2267 4779 ut
2292 4724 2438 4778 illum
2464 4721 2770 4791 episcopum
2795 4719 3072 4773 baberent.
3113 4714 3240 4769 litec
3275 4728 3405 4768 vero
3426 4709 3662 4767 Gerontii
3691 4708 3793 4763 de-

2209 4815 2401 4886 positio
2439 4813 2538 4868 sub
2585 4812 2702 4866 lucc
2746 4807 2936 4865 Joanni
2977 4807 3362 4877 Cbrysostomo
3406 4802 3613 4870 objecta
3665 4798 3787 4862 fuit,

2208 4905 2422 4978 quando
2449 4904 2537 4959 illa
2573 4910 2715 4958 tanta
2746 4900 3000 4955 adversus
3037 4898 3207 4968 ipsum
3238 4903 3525 4965 tempestas
3550 4901 3670 4945 orta
3710 4900 3794 4944 est

2212 4998 2386 5071 (Socr.
2418 4997 2456 5050 ι.
2489 4995 2541 5050 6.
2565 5011 2610 5047 c.
2641 4995 2727 5048 ll.
2758 5002 2805 5047 et
2835 4991 2945 5061 l9).
2990 4989 3298 5045 Novatianis
3335 4995 3509 5040 autem
3532 4993 3586 5037 et
3621 4982 3795 5049 Quar-

2211 5086 2558 5144 todecimanis
2582 5084 2806 5154 aliisque
2820 5081 3083 5137 bmrcticis
3101 5079 3293 5133 multas
3304 5074 3552 5132 ecclesias
3567 5072 3790 5129 ademit.

2211 5181 2386 5250 Atque
2413 5176 2605 5246 Ephesi
2629 5191 2749 5230 cum
2773 5183 2934 5241 esset,
2966 5172 3134 5241 inquit
3161 5169 3404 5233 Proclus,
3434 5164 3590 5221 Midae
3618 5164 3795 5218 cultus

2210 5284 2463 5327 arcanmn
2507 5283 2666 5323 omne
2702 5266 2930 5330 detexit;
2972 5273 3171 5320 etcum
3200 5262 3253 5315 in
3289 5257 3573 5329 Phrygiam
3610 5254 3792 5310 venis-

2213 5372 2324 5428 set,
2367 5359 2518 5415 Matri
2561 5359 2726 5414 Denm
2756 5355 2972 5427 Cybele:
2999 5352 3137 5408 ﬁlios
3165 5363 3356 5406 omnes
3383 5346 3641 5414 abstulit,
3672 5358 3793 5398 cuiu

2213 5467 2397 5508 eorum
2426 5449 2619 5521 templa
2646 5446 2929 5505 destruxit.

2285 5550 2553 5604 Reversus
2589 5545 3001 5617 Cltrysostomus
3032 5541 3155 5612 (lo.
3181 5539 3366 5609 Chrys.
3398 5546 3435 5590 t.
3469 5537 3522 5598 ὅ.
3578 5553 3624 5589 c.
3655 5527 3797 5602 579}

2214 5654 2278 5694 ex
2312 5639 2435 5694 Asia
2475 5638 2626 5708 quasi
2656 5651 2722 5691 cx
2751 5636 2907 5706 longa
2953 5630 3414 5704 peregrinatione,
3445 5626 3498 5681 in
3540 5641 3642 5699 qua
3680 5622 3801 5694 plus

2214 5749 2369 5804 quam
2386 5741 2594 5787 centum
2615 5730 2726 5785 dies
2741 5723 3379 5797 insutnpserat,postridie
3394 5719 3691 5777 orationem
3714 5715 3800 5771 lu-
