4110 6148
319 243 420 300 185

312 359 428 415 buit
454 358 518 413 ad
547 359 801 429 populum
829 375 1008 428 suum,
1034 378 1193 434 quem
1220 366 1442 420 summis
1468 364 1713 421 laudibus
1738 366 1910 421 extol-

314 448 378 505 lit
412 449 553 519 quod
584 464 705 504 cum
740 459 886 507 tanto
919 452 1113 523 gaudio
1155 453 1304 509 illum
1335 454 1648 510 redeuntem
1677 470 1907 525 excepe-

315 545 442 607 rint,
471 540 614 612 quod
639 542 908 598 civitatem
937 551 1101 599 totam
1128 545 1179 600 in
1206 545 1491 602 ecclesiam
1521 549 1902 613 converterint,

313 632 454 703 quod
479 646 600 687 eum
628 633 893 688 hmreticis
916 635 1183 691 colluctati
1206 637 1333 692 sint.
1358 637 1626 709 Nusquam
1647 653 1772 693 vero
1793 648 1910 692 tanv

314 716 425 779 tum
456 721 635 794 gaudii
664 724 940 790 exhibuit,
968 736 1225 795 quantum
1268 728 1320 782 in
1351 726 1452 782 hac
1490 728 1748 783 eoncione
1771 766 1787 793 ,
1819 726 1908 782 ubi

315 824 461 870 certe
485 813 572 869 vel
608 817 784 884 primo
812 815 1006 870 intuitu
1033 817 1356 887 percipitur,
1385 833 1489 873 non
1519 820 1725 873 minore
1755 815 1907 873 illum

315 907 583 962 desiderio
607 906 676 961 ad
708 907 915 976 plebem
945 909 1250 964 revertendi
1291 916 1504 980 captum
1534 910 1717 978 fuisse,
1745 925 1904 980 quam

315 997 542 1067 repulus
567 1006 707 1052 totus
730 995 958 1068 pastoris
978 999 1059 1053 sui
1085 997 1328 1055 absentis
1349 999 1639 1071 recipiendi
1659 1000 1906 1072 cupidine

314 1088 612 1142 tenebatur.
706 1084 710 1088 Α

383 1180 683 1255 Regressus
712 1198 841 1242 vero
884 1181 1237 1257 deprehendit
1277 1181 1628 1243 Severianum
1672 1183 1903 1243 Gabalo-

312 1294 431 1332 rnm
475 1279 811 1348 episcOpnm,
846 1279 931 1334 cui
971 1280 1023 1333 in
1049 1279 1377 1350 profectione
1395 1295 1491 1336 sua
1515 1295 1731 1351 gregem
1747 1294 1901 1335 suum

314 1368 819 1435 Commendaverat,
858 1369 987 1423 nihil
1033 1385 1139 1425 non
1181 1371 1355 1440 egisse
1400 1380 1456 1425 ut
1499 1371 1788 1440 populum,
1818 1370 1905 1425 cui

311 1477 458 1529 διξερε
478 1460 912 1526 conrionaliatur,
934 1460 1033 1517 sibi
1056 1463 1378 1528 conciliaret,
1401 1471 1454 1517 et
1478 1477 1505 1515 a
1525 1462 1903 1535 Chrysostomo

314 1564 617 1612 averteret;
648 1562 841 1624 atque,
875 1564 934 1609 ut
976 1555 1287 1623 putabatur,
1322 1564 1378 1609 ut
1419 1555 1564 1609 illum
1594 1571 1624 1611 a
1654 1570 1746 1609 sua
1775 1547 1903 1612 sede

314 1634 645 1710 deturbant,
678 1662 840 1715 seque
869 1647 920 1701 in
951 1646 1065 1717 ejus
1095 1648 1268 1702 locum
1297 1646 1662 1714 substitttet‘et,
1685 1648 1902 1719 jamque

315 1752 347 1792 a
386 1737 680 1807 Serapione
724 1737 947 1792 diacono
1005 1738 1238 1815 monitus
1285 1737 1696 1810 Chrysostomus
1720 1780 1736 1805 ,
1775 1739 1901 1795 dum

314 1828 512 1883 absens
530 1838 691 1893 esset,
712 1837 830 1897 post
850 1829 1074 1884 reditum
1097 1846 1208 1884 rem
1231 1830 1529 1886 accuratius
1547 1831 1900 1899 examinavit;

313 1933 380 1973 ac
395 1934 579 1973 veram
599 1933 718 1974 esse
746 1920 1011 2001 cogn0vit.
1042 1919 1168 1974 Erat
1185 1929 1361 1975 autem
1378 1904 1695 1979 Severianus
1709 1938 1904 1994 genere

313 2007 487 2081 Syrus
507 2051 524 2075 ,
554 1998 872 2077 eloquentia:
910 1998 1165 2077 studens,
1196 2011 1349 2080 cujus
1378 2011 1623 2067 homilias
1648 2014 1902 2084 quasdam

313 2097 599 2163 habemus,
615 2115 836 2170 quarum
853 2102 1022 2173 stylus
1036 2102 1232 2172 aliquid
1249 2103 1567 2179 inventionis
1583 2119 1690 2173 prio
1706 2119 1766 2160 se
1782 2106 1901 2172 fert,

312 2189 415 2245 sed
432 2192 694 2260 strigosus
720 2205 771 2246 et
796 2208 953 2261 asiier
974 2203 1055 2248 est
1076 2210 1091 2261 ;
1121 2196 1192 2261 ita
1207 2206 1263 2250 ut
1288 2196 1642 2265 eloquentiam
1660 2198 1775 2267 ejus
1798 2191 1907 2253 fer-

314 2291 466 2338 ream
498 2293 654 2339 vocet
681 2284 928 2341 Savilius.
956 2285 1004 2341 ls
1034 2288 1209 2358 itaque
1239 2297 1292 2344 et
1319 2289 1454 2344 alius
1478 2290 1756 2361 episcopus
1781 2290 1906 2347 Pto-

314 2372 566 2429 lemaidis
588 2415 603 2439 ,
635 2375 927 2431 Antiochus
972 2379 1186 2434 nomine
1207 2421 1221 2445 ,
1252 2380 1337 2449 qui
1382 2380 1701 2451 eloquentia:
1743 2383 1901 2437 etiam

314 2465 591 2531 Studebat,
622 2467 758 2521 inter
788 2469 1138 2539 primipilares
1161 2471 1382 2528 Joannis
1417 2470 1781 2545 Chrysostomi
1807 2475 1905 2530 ini-

314 2555 493 2611 micos
527 2557 778 2627 deinceps
797 2562 1234 2616 numerabuntur.
1266 2562 1588 2620 Severianus
1610 2580 1714 2619 non
1735 2566 1904 2635 plebis

313 2650 483 2704 modo
502 2649 1101 2722 Constantitiopolizauze
1125 2655 1370 2711 affectum
1403 2669 1453 2711 et
1480 2657 1903 2713 benevolentiam

313 2739 424 2794 sibi
449 2750 666 2810 captare
691 2743 974 2810 studebat,
1006 2744 1098 2799 sed
1142 2747 1298 2800 etiam
1327 2746 1378 2800 in
1404 2745 1743 2816 Imperatoria
1782 2749 1905 2803 aula

312 2829 421 2886 sibi
451 2831 705 2887 Eudoxim
726 2834 1218 2904 Augustmgratiam
1237 2837 1630 2903 conciliaverat,
1659 2838 1906 2894 ambitio-

313 2921 406 2975 nis
424 2921 604 2976 studio
629 2932 920 2992 permotus.
949 2925 1099 2980 Caeca
1120 2926 1260 2980 enim
1288 2938 1340 2983 et
1364 2930 1642 2984 temeraria
1667 2929 1908 2985 domina-

317 3013 456 3068 trice
480 3013 645 3068 animi
672 3015 958 3085 cupiditate
987 3017 1283 3073 stimulatus
1312 3020 1516 3075 nullum
1547 3020 1772 3092 lapidem
1798 3036 1905 3078 non

315 3115 584 3160 moverat.

391 3196 551 3250 Aliud
568 3196 636 3252 de
658 3196 950 3255 Severiano
970 3201 1129 3256 refert
1147 3202 1390 3258 Socrates
1409 3204 1585 3275 (Socr.-
1610 3205 1647 3261 I.
1671 3204 1723 3260 6.
1746 3224 1792 3263 ε.
1819 3207 1904 3262 tl.

316 3287 531 3344 Sozam.
557 3291 596 3343 ι.
627 3289 681 3343 8.
708 3307 754 3343 c.
785 3289 908 3359 10),
936 3293 1075 3361 quod
1101 3307 1296 3363 nempe
1320 3294 1575 3365 Serapio,-
1597 3297 1665 3351 de
1689 3311 1796 3367 quo
1821 3311 1910 3351 suo

315 3396 439 3451 pra,
461 3396 585 3437 cum
610 3382 820 3438 sederet
846 3385 1150 3454 aliquando,
1177 3388 1469 3441 transeunti
1498 3387 1786 3443 Severiano
1808 3388 1907 3443 ho-

316 3487 507 3527 norem
535 3474 787 3543 episcopo
816 3474 1051 3530 debitum
1082 3491 1186 3531 non
1219 3479 1546 3547 prmstiterit,
1577 3479 1670 3535 sed
1697 3480 1751 3534 in
1781 3481 1910 3537 sede

315 3578 417 3619 sua
440 3567 810 3635 permanserit.
842 3568 953 3635 Qua
980 3584 1042 3631 re
1069 3580 1336 3637 permotus
1365 3572 1700 3639 Severianus,
1729 3588 1910 3629 coram

315 3656 575 3711 munibus
598 3656 729 3710 dixit
758 3675 772 3710 :
805 3656 865 3711 Si
896 3658 1112 3730 Serapio
1137 3661 1380 3714 moriatur
1403 3660 1739 3729 Christianus,
1764 3663 1912 3719 Chri-

316 3754 428 3801 stus
448 3746 599 3800 homo
624 3764 724 3801 non
754 3752 918 3818 [actus
946 3759 1040 3804 est.
1069 3751 1180 3806 lloc
1198 3750 1397 3807 dictum
1421 3764 1566 3810 certe
1586 3755 1910 3825 impietatem

316 3838 493 3906 sapit;
521 3837 741 3907 Serapio
765 3848 943 3893 autem
978 3841 1225 3912 maligne,
1242 3843 1471 3913 demptis
1498 3846 1760 3914 prioribus
1789 3862 1910 3902 ver-

320 3921 425 3994 bis,
439 3928 742 3987 affirmabat
764 3932 1109 3989 Severianum
1128 3936 1242 3992 haec
1262 3939 1547 4007 protulisse
1567 3941 1746 4008 verba,
1765 3940 1912 3996 Chri-

318 4030 428 4077 stus
453 4024 606 4077 homo
632 4026 797 4093 [actus
825 4043 926 4081 non
958 4037 1033 4082 est
1055 4070 1071 4097 ,
1101 4031 1403 4101 multosque
1431 4047 1541 4087 sua:
1566 4031 1809 4087 factionis
1836 4040 1912 4087 te-

319 4120 433 4167 stes
459 4113 808 4183 producebat,
840 4119 929 4188 qui
956 4118 1059 4175 hoc
1085 4135 1143 4175 se
1170 4136 1200 4175 a
1224 4121 1513 4178 Severiano
1536 4122 1734 4179 dictum
1762 4124 1913 4179 audi-

321 4205 466 4261 visse
489 4206 840 4275 affirmarent,
871 4211 1187 4270 Severianus
1216 4230 1367 4282 vero,-
1394 4231 1453 4272 se
1482 4231 1588 4272 non
1618 4217 1689 4272 ita
1712 4217 1913 4275 dixisse

320 4299 685 4366 asseverabat,
713 4303 808 4357 sed
832 4312 993 4359 totam
1016 4309 1357 4375 sententiam,
1384 4318 1440 4364 ut
1463 4325 1623 4380 supra
1643 4310 1906 4366 diximus:

322 4401 441 4458 quin
461 4398 642 4446 tamen
661 4392 847 4463 etipsa
864 4395 1023 4466 impia
1043 4412 1162 4452 cum
1184 4410 1344 4463 esset,
1358 4400 1676 4457 Severianus
1695 4418 1723 4456 a
1743 4400 1914 4475 Chry-

322 4489 563 4536 sostomo
585 4496 667 4537 ex,
691 4485 824 4540 urbe
854 4486 1035 4554 pulsus
1061 4489 1158 4543 fuit
1182 4530 1196 4554 ,
1225 4500 1286 4545 ut
1309 4491 1383 4545 ait
1406 4491 1674 4550 Socrates.
1713 4492 1910 4550 Verum

322 4584 388 4626 ex
413 4570 781 4644 Chrysostomi
798 4575 955 4632 dictis
975 4589 1120 4649 patet
1135 4580 1482 4639 Severianum
1505 4585 1751 4657 apopulo
1770 4586 1910 4641 indi-

322 4675 519 4733 [name
539 4667 818 4737 expulsum
848 4669 1010 4726 fuisse
1036 4671 1241 4745 (Chrys.
1275 4682 1314 4728 t.
1340 4677 1396 4732 5.
1434 4686 1535 4736 cat.
1555 4684 1703 4753 426).

394 4756 700 4813 Severianus
724 4761 841 4830 [itte
859 4779 971 4817 cum
996 4765 1356 4836 Chrysostomo
1376 4769 1914 4829 reconciliatur.-—Sic

323 4851 577 4919 expulsus
613 4850 936 4910 Severianus
969 4844 1365 4914 Chalcedonem
1392 4862 1779 4933 commigravit.
1813 4864 1914 4921 Ve-

322 4957 436 4997 rum
452 4944 690 5000 Eudoxia
713 4948 1101 5023 Augusta,apud
1109 4966 1270 5026 quam
1278 4953 1438 5028 gratia
1451 4955 1655 5013 valebat
1670 4957 1914 5014 Severia-

322 5048 443 5100 nus,
457 5033 796 5096 Chalcedone
814 5034 1294 5112 ipsum'revocavit.
1313 5047 1460 5103 Multi
1476 5048 1911 5121 Cbrysostomum

321 5127 623 5196 rogabant,
656 5130 1004 5195 Severianum
1033 5146 1092 5192 ut
1135 5139 1281 5209 prius
1323 5141 1375 5196 in
1407 5139 1819 5200 familiaritatem
1859 5153 1914 5202 et

320 5219 648 5291 colloquium
675 5224 999 5295 admitteret,
1028 5240 1207 5302 neque
1225 5231 1283 5287 id
1303 5233 1587 5302 impetrare
1606 5246 1911 5307 potuerunt.

322 5307 543 5377 Demum
573 5310 813 5381 Eudoxia
832 5318 1075 5390 Augusta
1096 5321 1274 5392 ipsum
1298 5322 1448 5390 adiit,
1478 5334 1532 5378 et
1556 5324 1912 5384 Theodoﬁum

319 5405 575 5461 tenellam
605 5407 776 5463 filium
794 5411 1021 5481 genibus
1043 5412 1160 5484 ejus
1183 5414 1434 5483 admovit,
1467 5430 1562 5486 per
1591 5417 1736 5474 illius
1757 5429 1916 5489 caput

316 5497 613 5565 obtestans,
642 5508 702 5555 ut
744 5501 1086 5559 Severianum
1118 5506 1169 5560 in
1199 5505 1482 5563 amicitiam
1524 5522 1672 5564 suam
1719 5509 1913 5566 admit-

318 5594 489 5653 teret;
542 5588 703 5661 idque
747 5591 1000 5663 demum,
1047 5611 1192 5667 aegre
1237 5605 1412 5654 tamen
1457 5599 1778 5669 impetravit.
1826 5601 1915 5658 Sic

321 5678 480 5736 ambo
499 5678 579 5736 illi
604 5680 779 5752 palam
801 5685 1018 5757 quidem
1038 5688 1364 5746 reconciliati
1390 5700 1548 5763 sunt;
1576 5694 1717 5750 intus
1739 5701 1912 5752 tamen

1477 249 1654 307 NUNC
1693 250 1954 309 PRIMUM
1997 252 2387 312 ADORNATA.

3498 242 3599 309 {88

2017 368 2151 423 alter
2174 369 2431 427 adversus
2469 369 2694 425 alterum
2734 369 3039 425 exulcerato
3066 367 3241 423 animo
3266 366 3556 439 permansit
3580 399 3597 433 ,

2015 459 2182 529 inquit
2209 456 2473 516 Socrates.
2504 460 2559 515 ld
2598 475 2758 525 vero,
2792 460 2934 531 quod
2979 471 3247 530 postremo
3281 450 3498 530 adjicit,
3533 460 3599 513 de

2011 548 2297 605 Severiano
2318 550 2529 620 quidem
2561 550 2711 606 facile
2737 548 3015 610 credatur;
3049 548 3189 618 quod
3211 565 3337 605 vero
3365 548 3599 619 Chryse-

2012 647 2216 704 stemus
2245 652 2361 710 post
2402 641 2893 697 reconciliationem
2921 640 3230 696 exulcerato
3267 642 3446 697 animo
3473 656 3597 711 per-

2010 730 2288 794 manserit,
2317 732 2437 801 quis
2466 731 2683 786 credere
2709 730 2917 804 possit?
2943 731 3040 803 nisi
3069 731 3202 786 forte
3230 731 3307 786 sic
3333 732 3595 802 intelliga-

2012 831 2125 885 ltlt‘,
2156 810 2596 896 Chrysostomum
2623 866 2640 893 ,
2687 838 2881 895 nempe
2924 838 3045 878 cum
3094 832 3275 878 nosset
3320 823 3594 879 Severiani

2009 910 2214 970 vafrum
2241 926 2293 971 et
2317 914 2655 970 ambitiosqu
2684 914 2940 981 animum,
2972 929 3078 968 non
3109 921 3323 982 putasse
3353 913 3499 967 illum
3527 921 3593 969 ex

2008 1007 2218 1063 sincero
2245 1006 2406 1063 corde
2434 1006 2720 1061 amicitiam
2751 1021 2900 1060 suam
2928 1005 3230 1075 expetiissc,
3264 1021 3362 1060 nec
3385 1005 3591 1061 firmam

2007 1095 2122 1153 fore
2171 1097 2655 1153 reconciliationem
2704 1096 3110 1151 existimavisse.
3178 1094 3330 1149 Nulla
3378 1096 3591 1152 domum

2009 1198 2183 1260 potest
2203 1190 2586 1261 Chrysostomo
2606 1189 2839 1244 adscribi
2868 1186 3002 1244 ficta:
3033 1184 3395 1243 reconciliatze
3410 1190 3593 1260 gratia:

2007 1281 2261 1352 suSpicio.
2292 1281 2547 1338 Restabat
2572 1293 2749 1337 autem
2793 1280 2848 1336 nt
2876 1278 3092 1352 populi,
3125 1282 3212 1352 qui
3245 1275 3591 1338 Severianum

2009 1370 2303 1445 expulerat,
2325 1366 2597 1431 iracundia
2619 1376 2914 1432 sedaretur.
2938 1374 2993 1429 ld
3015 1384 3188 1430 autem
3210 1374 3595 1450 Chrysostomo

2008 1466 2153 1524 dicto
2189 1468 2491 1525 audientem
2533 1469 2786 1541 pepnlum
2826 1468 3041 1525 habenti
3073 1484 3177 1524 non
3216 1468 3433 1525 difficile
3474 1470 3589 1525 fuit.

2009 1560 2331 1618 Concioncm
2363 1563 2570 1632 habuit,
2603 1563 2669 1619 ad
2708 1579 2893 1633 pacem
2923 1579 3043 1619 cum
3074 1564 3362 1620 Severiano
3392 1563 3590 1619 facien-

2009 1654 2131 1711 dam
2160 1656 2410 1725 populum
2440 1655 2760 1721 cohortans;
2787 1666 2945 1726 utque
2973 1672 3000 1709 a
3026 1654 3284 1725 principio
3309 1648 3463 1710 dictis
3483 1646 3592 1709 suis

2010 1748 2364 1818 obsequentes
2386 1748 2654 1825 auditores
2674 1732 3071 1815 animadvertit,
3102 1750 3155 1803 in
3181 1747 3388 1803 laudem
3408 1763 3590 1803 eorum

2008 1832 2318 1904 conversus,
2342 1839 2483 1910 quod
2510 1848 2681 1894 tantas
2710 1842 2906 1893 irarum
2933 1854 3119 1893 causas
3147 1854 3204 1894 se
3232 1827 3476 1894 hortante
3501 1837 3594 1893 dea

2010 1930 2332 1999 posuissent,
2352 1945 2537 1999 pacem
2562 1941 2867 2002 perpetuam
2891 1929 3156 2000 precando
3176 1929 3563 1985 clauditbrcvis
3580 1960 3593 1969 -

2010 2019 2199 2076 simam
2243 2023 2579 2077 concionem.
2629 2023 2757 2077 Post
2803 2010 2949 2076 illum
2992 2008 3321 2099 Severianus
3359 2020 3425 2075 de
3465 2035 3594 2090 paro

2009 2114 2373 2180 concionatur,
2395 2128 2553 2183 quam
2573 2122 2753 2182 postea
2784 2128 2967 2185 pacem
2991 2112 3103 2183 ipse
3131 2108 3476 2182 perturbavit,
3496 2123 3595 2168 nec

2008 2204 2174 2258 multo
2205 2212 2443 2275 tempore
2470 2219 2501 2259 a
2529 2205 2694 2280 turbis
2723 2203 3002 2259 movendis
3029 2203 3303 2258 abstinuit.

2080 2295 2159 2350 Ex
2183 2296 2281 2363 iis,
2315 2311 2433 2366 qua:
2462 2295 2621 2350 modo
2652 2295 2879 2350 diximus
2900 2337 2915 2362 ,
2945 2294 3100 2350 facile
3131 2294 3397 2362 conjicere
3421 2292 3595 2365 possis

2010 2403 2257 2458 magnam
2286 2395 2412 2443 tunc
2439 2386 2605 2442 fuisse
2628 2386 3081 2457 Constantinopoli
3103 2395 3156 2441 et
3182 2386 3234 2440 in
3256 2385 3443 2440 vicinis
3468 2384 3590 2440 civi-

2012 2480 2207 2535 tatibus
2226 2495 2434 2534 morum
2457 2480 2835 2549 corruptelam.
2868 2479 3054 2534 Vidisti
3076 2477 3355 2548 episcopos
3377 2477 3597 2547 presby-

2010 2579 2292 2641 terosque,
2326 2571 2417 2640 qui
2449 2572 2564 2625 auri
2604 2571 2774 2640 pretio
2814 2579 2867 2624 et
2905 2569 3016 2624 fere
3046 2571 3215 2639 palam
3247 2569 3312 2623 ad
3340 2567 3595 2623 ecclesiao

2012 2663 2173 2727 sticas
2202 2661 2486 2731 dignitates
2514 2661 2907 2723 convolabant,
2939 2661 3161 2728 aliisque
3188 2658 3328 2712 Vitiis
3354 2658 3460 2712 imo
3486 2671 3596 2712 sce-

2008 2752 2208 2808 leribus
2245 2751 2461 2808 obnoxii
2503 2762 2694 2818 erant,
2736 2763 2789 2806 et
2827 2751 3041 2821 quidem
3089 2764 3279 2820 magno
3322 2757 3595 2803 numero:

2012 2844 2153 2899 inter
2178 2844 2464 2899 szcculares
2490 2858 2618 2898 vero
2647 2843 2800 2897 multi
2832 2850 2986 2896 erant
3012 2841 3223 2906 divites,
3255 2840 3588 2893 adulatorum

2010 2937 2471 3006 parasitorumque
2500 2936 2712 3006 agmine
2752 2933 2993 2999 obsessi,
3022 2933 3109 3001 qui
3141 2932 3357 3000 inopum
3389 2936 3595 2997 egestae

2013 3037 2120 3084 tem
2140 3029 2273 3083 nihil
2296 3036 2547 3084 curarent
2570 3046 2584 3082 :
2606 3028 2696 3082 alii
2718 3027 2834 3081 auri
2858 3024 3108 3099 cupidine
3129 3022 3274 3078 ducti
3299 3021 3470 3076 nullas
3489 3036 3596 3075 non

2011 3120 2309 3177 ditescendi
2339 3120 2450 3175 vias
2490 3118 2769 3174 tentabant
2800 3136 2813 3171 :
2848 3118 2917 3170 ita
2948 3125 3040 3180 ut,
3072 3112 3213 3183 quod
3258 3128 3419 3183 supra
3454 3113 3598 3168 dice.

2010 3214 2222 3276 bamus,
2244 3227 2365 3267 cum
2392 3220 2547 3265 terra:
2568 3219 2745 3265 motus
2769 3209 2974 3276 ingens,
3003 3205 3196 3259 multos
3220 3203 3601 3257 Constantino-

2012 3306 2370 3377 politanorum
2393 3310 2600 3358 terrore
2623 3308 2898 3368 correptos
2921 3297 2987 3351 ad
3012 3296 3189 3364 fugam
3217 3292 3596 3362 capessendam

2015 3398 2330 3467 impulisset,
2363 3402 2422 3448 ιιι
2449 3394 2501 3449 in
2533 3391 2835 3462 longinquis
2861 3388 3165 3459 regionibus
3190 3387 3311 3440 vita:
3339 3383 3598 3440 securita-

2016 3496 2123 3543 tem
2151 3486 2252 3541 sibi
2292 3493 2575 3556 pararent;
2599 3497 2719 3537 cum
2750 3489 2934 3552 postea
2966 3487 3109 3533 metu
3137 3486 3380 3531 cessante
3406 3474 3475 3530 ad
3504 3489 3598 3530 sua

2013 3579 2396 3644 revertissent,
2441 3591 2500 3633 se
2541 3575 2702 3631 rebus
2746 3571 2990 3628 omnibus
3026 3585 3220 3625 vacuos
3261 3583 3379 3631 esse
3423 3566 3598 3623 mirati

2014 3680 2136 3727 sunt
2169 3686 2184 3724 :
2215 3684 2335 3724 nam
2376 3668 2465 3738 qui
2505 3668 2560 3722 in
2603 3667 2735 3721 urbe
2775 3670 3173 3729 remanserant,
3201 3661 3336 3718 bona
3359 3661 3599 3716 onmimn

2014 3765 2313 3821 absentium
2350 3762 2653 3818 invaserant
2681 3767 2735 3814 et
2772 3757 2969 3827 przedia
3009 3761 3417 3825 occupaverant.
3448 3752 3599 3807 Vidi.

2014 3871 2137 3912 mus
2173 3864 2353 3910 autem
2395 3867 2556 3923 supra
2592 3851 3027 3923 Chrysostomum
3072 3861 3211 3901 anno
3254 3845 3360 3901 398
3406 3843 3603 3899 acriter

2015 3958 2258 4005 orantem
2280 3948 2332 4003 in
2355 3961 2469 4014 eos,
2493 3946 2580 4015 qui
2612 3953 2836 4010 tantum,
2859 3952 2965 3996 tam
2988 3939 3301 3996 Christianis
3327 3937 3598 4007 indigntnn

2016 4040 2221 4096 facinus
2240 4045 2632 4109 perpetraraut.
2661 4034 2842 4105 Neque
2867 4032 3008 4088 enim
3037 4032 3082 4086 is
3108 4039 3222 4085 erat
3245 4028 3478 4085 Joannes
3500 4040 3599 4080 no-

2017 4139 2148 4195 ster,
2181 4108 2270 4198 qui
2296 4108 2548 4198 frequens
2575 4123 3011 4186 coneionabatur,
3043 4129 3102 4175 ut
3126 4120 3239 4175 hanc
3267 4127 3322 4175 et
3348 4118 3449 4173 alia
3475 4117 3601 4173 vitia

2019 4231 2254 4287 taceret;
2287 4222 2381 4277 sed
2421 4221 2616 4276 acriter
2641 4218 3002 4275 insectabatur
3028 4215 3250 4270 divitum
3283 4212 3558 4268 avaritiam
3585 4252 3600 4277 ,

2017 4317 2330 4386 optimatum
2353 4314 2731 4384 arrogantiam,
2751 4311 3067 4367 feminarum
3089 4308 3374 4363 illustrium
3396 4305 3602 4368 luxum,

2018 4407 2296 4462 viduarum
2324 4403 2604 4458 mollitiem
2629 4402 2900 4468 vitamque
2922 4400 3198 4463 lascivam,
3220 4395 3602 4452 monachorum

2018 4498 2232 4569 indigna
2255 4504 2403 4567 gesta
2429 4521 2447 4561 ,-
2476 4508 2598 4564 quae
2626 4506 2734 4546 non
2769 4489 2936 4545 semel
2965 4488 3136 4556 carpit
3163 4487 3216 4541 in
3257 4485 3607 4541 concionibus

2018 4591 2072 4648 in
2100 4590 2394 4661 Epistulam
2418 4586 2485 4642 ad
2515 4583 2804 4640 Hmhrmos.
2836 4579 3181 4648 Clericosque
3204 4585 3257 4632 et
3283 4575 3608 4630 ecclesiasti-

2018 4697 2112 4738 cos
2135 4682 2364 4737 maxime
2385 4675 2795 4751 perstringebat,
2819 4681 2944 4727 tunc
2963 4669 3210 4726 omnibus
3235 4665 3446 4723 deditos
3465 4665 3612 4722 vitiis

2020 4783 2077 4833 et
2095 4773 2472 4844 voluptatibus.
2500 4769 2719 4825 Plebem
2749 4779 2960 4836 quoque
2987 4761 3248 4818 acerrime
3276 4757 3608 4829 increpabat,

2019 4865 2163 4937 quod
2191 4862 2521 4920 circensibus
2554 4869 2614 4917 et
2655 4856 3003 4914 theatralibus
3041 4853 3181 4909 ludis
3216 4851 3393 4908 dedita
3415 4891 3430 4915 ,
3461 4850 3512 4905 in
3542 4864 3605 4904 ea

2019 4970 2138 5028 qua:
2158 4970 2222 5010 ex
2246 4954 2330 5008 his
2350 4950 2668 5022 spectaculis
2695 4947 3003 5004 oriebantur
3022 4950 3343 5015 erumperet.
3373 4942 3443 4997 At
3463 4941 3607 5012 quod

2019 5049 2217 5106 mirum
2251 5046 2478 5103 fortasse
2507 5045 2769 5110 videatur,
2798 5042 2915 5100 brae
2944 5042 3131 5097 intima
3149 5049 3204 5095 et
3250 5052 3474 5094 nurnero
3505 5053 3606 5093 rna-

2015 5139 2106 5212 jor
2124 5154 2249 5211 pars
2268 5138 2595 5205 auditorum,
2612 5137 2760 5191 illum
2783 5150 2842 5191 se
2867 5133 3236 5205 objurgantem
3258 5129 3608 5187 libentissime

2020 5231 2309 5298 audiebat,
2340 5236 2410 5285 ut'
2426 5229 2658 5285 vidimus
2681 5269 2696 5295 ,
2723 5235 2848 5300 post
2888 5226 3093 5283 Pascha
3117 5224 3242 5279 anni
3270 5221 3375 5279 589
3398 5265 3413 5288 ,
3449 5231 3506 5278 et
3531 5221 3606 5277 illi

2012 5337 2236 5393 semper
2271 5321 2486 5377 addicta
2531 5321 2655 5385 fuit;
2701 5328 2861 5390 atque
2909 5314 3353 5373 invalescentibus
3389 5314 3606 5371 demum

2022 5414 2392 5486 Chrysostomi
2438 5412 2666 5468 inimicis
2688 5450 2705 5478 ,
2734 5409 2866 5466 nihil
2908 5423 3013 5464 non
3055 5407 3196 5478 egit,
3234 5415 3291 5461 ut
3328 5420 3399 5465 ne
3427 5416 3607 5478 pastor

2024 5521 2154 5562 suus
2180 5509 2232 5562 in
2262 5505 2506 5562 exsilium
2536 5504 2839 5576 pelleretur.

2096 5595 2410 5671 Theophilus
2435 5598 2582 5653 Alex.
2612 5605 2660 5651 et
2685 5594 2776 5650 alii
2797 5594 2910 5649 dira
2938 5593 3216 5649 moliuntur
3239 5593 3290 5647 in
3311 5590 3599 5659 ϐΙιηβοεωι

2028 5710 2180 5750 mam.
2210 5719 2280 5734 -ν
2305 5690 2538 5749 Joannes
2561 5682 2626 5747 ea
2661 5686 2893 5746 Asiatico
2920 5685 3109 5743 itinere
3143 5693 3422 5748 reversus,
3457 5680 3603 5750 piata
