4110 6148
311 381 409 440 £39

379 501 609 559 laxitate
652 499 890 555 omnium
919 509 1099 555 autem
1146 500 1198 553 in
1238 499 1388 554 illum
1430 510 1741 569 exasperata
1783 511 1897 557 erat

305 589 549 649 Eudoxia
590 590 851 662 Augusta,
908 590 1259 646 referentibus
1296 590 1516 646 Socrate
1563 592 1733 660 (Socr.
1767 596 1804 648 ι.
1842 594 1895 649 6.

304 700 353 737 c.
396 681 492 753 5),
548 682 855 740 Sozomeno
903 690 959 737 et
998 681 1212 736 Zosimo
1254 680 1486 752 (Sozam.
1528 682 1565 736 l.
1609 683 1662 739 8.
1708 701 1755 737 c.
1805 684 1894 740 l6.

306 772 432 829 Zas.
477 791 533 844 ρ.
564 771 717 845 799).
764 773 1059 828 Ambitiosa
1088 774 1229 828 enim
1269 788 1390 829 cum
1419 784 1562 830 esset
1586 785 1747 846 atque
1784 779 1899 833 auri

306 865 522 934 cupida,
552 880 661 920 non
686 873 896 935 poterat
919 880 1071 936 :cquo
1093 866 1272 920 animo
1298 864 1438 922 ferre
1454 882 1574 922 eum
1603 872 1691 938 qui
1712 879 1899 927 contra

306 956 614 1026 hujusmodi
642 958 767 1012 vilia
798 968 1056 1029 perpetuo
1076 958 1419 1014 declamaret.
1448 952 1693 1017 ZOsimus
1717 973 1897 1018 autem

304 1047 440 1103 dicit
477 1048 621 1103 illam
671 1049 724 1103 in
751 1048 1011 1104 Joannem
1052 1051 1445 1118 succensuisse,
1473 1052 1615 1121 quod
1652 1069 1770 1108 eam
1801 1069 1899 1124 pu-

307 1138 469 1194 hlicis
498 1139 553 1196 in
594 1141 949 1195 conventibus
975 1142 1354 1211 perstringere,
1402 1146 1632 1198 mordere
1671 1159 1898 1201 consue-

305 1230 496 1285 vissct.
541 1230 598 1284 In
640 1229 759 1285 Vita
797 1240 972 1285 autem
1021 1231 1076 1286 S.
1131 1231 1410 1302 Porphyrii
1458 1231 1616 1303 (Ball.
1643 1233 1712 1289 9.6
1741 1234 1895 1291 Febr.

306 1336 364 1388 ρ.
392 1319 610 1390 6524.)
654 1328 902 1374 narratur
942 1319 1201 1375 Joannem
1247 1320 1543 1377 Eudoxiam
1605 1324 1898 1393 reprehen-

303 1411 472 1475 disse,
511 1410 656 1481 quod
696 1418 892 1464 terram
924 1410 1204 1479 quamdam
1250 1411 1297 1465 vi
1338 1411 1646 1467 abstulisset
1689 1415 1897 1484 sibique

302 1504 578 1575 propriam
602 1499 831 1556 fecisset.
861 1500 1125 1570 Additque
1153 1502 1438 1569 Palladius,
1469 1503 1712 1560 inimicos
1733 1505 1894 1560 Joan-

304 1596 393 1650 nis
433 1594 726 1650 Eudoxiam
753 1593 1006 1650 adversus
1037 1593 1186 1649 illum
1224 1597 1596 1664 concitavisse,
1642 1599 1774 1653 falsa
1807 1617 1895 1654 rc-

303 1684 529 1740 ferendo
562 1684 630 1739 de
668 1685 1016 1740 coneionibus
1058 1685 1242 1755 ipsius,
1291 1686 1363 1741 ita
1407 1697 1464 1741 ut
1491 1688 1727 1743 dicerent
1753 1693 1895 1760 quod

300 1777 424 1845 ipse
475 1776 770 1832 Eudoxiam
819 1776 1118 1837 Jezabelem
1173 1779 1518 1847 appellasset.
1578 1780 1634 1833 In
1689 1783 1893 1838 crimen

302 1866 471 1920 etiam
501 1868 792 1924 vocabatur
820 1883 848 1922 a
875 1868 1144 1923 nonnullis
1172 1869 1344 1939 (Socr.
1378 1871 1416 1924 ι.
1455 1870 1510 1925 6.
1551 1887 1598 1925 ε.
1639 1870 1718 1944 5),
1749 1874 1893 1942 quod

302 1957 624 2027 Eutrapium
658 1958 985 2026 eunuchum,
1013 1961 1102 2029 qui
1147 1960 1201 2014 in
1246 1960 1527 2016 ecclesiam
1570 1964 1893 2032 perquisitus

300 2048 602 2120 aufugerat,
645 2050 989 2106 vehementer
1026 2051 1432 2122 objurgavisset,
1478 2054 1726 2125 quodque
1768 2055 1891 2113 Gai-

300 2154 427 2193 nam
471 2148 599 2194 tunc
628 2139 935 2211 Magistrum
980 2141 1204 2197 militum
1235 2143 1622 2200 contumeliose
1649 2146 1890 2218 allequu~

304 2237 392 2283 tus
438 2229 631 2286 fuisset
671 2248 687 2284 :
729 2233 803 2286 ita
853 2248 1045 2303 nempe
1098 2234 1339 2290 solemne
1394 2239 1736 2307 schpliantis
1784 2250 1885 2307 est,

299 2321 502 2390 optima
531 2337 757 2394 quaeque
781 2332 951 2394 gesta,
983 2337 1082 2380 suo
1128 2339 1277 2381 more
1315 2337 1721 2397 repraesentata,
1758 2332 1889 2387 vitio

299 2420 513 2466 vertere
543 2414 628 2480 iis,
661 2429 888 2483 quorum
914 2416 1203 2485 perniciem
1230 2419 1539 2474 moliuntur.

369 2503 559 2559 Refert
593 2506 861 2562 Palladius
889 2507 1124 2580 (Pallad.
1153 2527 1203 2579 p.
1236 2509 1352 2577 66.)
1375 2509 1742 2579 Severianum,
1772 2514 1885 2568 An-

296 2592 561 2661 tiochum,
596 2603 652 2648 et
686 2596 940 2651 Acacium
986 2597 1219 2653 infensos
1262 2599 1426 2654 fuisse
1450 2600 1639 2657 Joanni
1669 2613 1887 2674 propter

296 2684 572 2741 modestas
618 2688 736 2758 ejus
788 2689 1218 2756 admonitiones;
1271 2708 1443 2762 neque
1480 2694 1596 2750 haec
1644 2712 1748 2751 una
1788 2696 1887 2753 fuit

296 2776 495 2831 Acacio
535 2778 736 2833 irarum
763 2794 958 2846 causa;
992 2780 1089 2837 sed
1118 2783 1277 2836 etiam
1304 2783 1447 2853 quod
1473 2800 1595 2840 cum
1623 2785 1886 2842 Constan-

296 2863 558 2935 tinopolin
587 2868 845 2937 venisset,
874 2883 978 2925 non
1007 2870 1205 2926 bonum
1231 2872 1539 2943 hospitium,
1565 2877 1742 2932 aiebat
1769 2879 1879 2947 ille,

296 2956 436 3026 apud
468 2955 913 3030 Chrysoslomum
953 2971 1142 3017 nactus
1180 2974 1342 3018 esset.
1375 2963 1711 3036 Quapropter
1748 2984 1882 3025 mm-

296 3060 419 3103 rens
457 3049 853 3107 intumescebat
895 3053 1047 3128 quasi
1084 3053 1359 3124 neglectus
1390 3070 1422 3109 a
1450 3055 1676 3124 Joanne,
1718 3070 1881 3130 atque

294 3154 414 3194 cum
437 3141 568 3195 iram
589 3141 802 3198 frenare
824 3159 930 3199 non
956 3154 1157 3215 posset,
1188 3148 1539 3215 praesentibus
1560 3151 1879 3220 quihusdam

292 3230 514 3288 Joannis
541 3234 771 3301 clericis,
803 3236 1012 3306 dignam
1058 3252 1156 3292 suo
1194 3239 1375 3293 animo
1409 3241 1626 3308 protulit
1659 3252 1877 3297 senten-

293 3323 417 3377 tiam
448 3324 655 3392 dicens,
687 3325 796 3398 Ego
827 3327 905 3381 illi
932 3329 1086 3382 ollam
1111 3344 1365 3399 prwparo.
1393 3328 1541 3386 Tunc
1560 3341 1735 3387 autem
1759 3348 1880 3390 sese

291 3415 537 3486 adjunxit
578 3418 893 3487 Severiano,
916 3421 1206 3487 Antiocho,
1234 3433 1285 3477 et
1312 3422 1494 3479 lsaaco
1523 3424 1659 3496 Syro
1689 3441 1877 3482 mona-

290 3504 517 3562 chorum
565 3510 871 3580 praeposito,
912 3512 1001 3582 qui
1049 3523 1309 3582 perpetuo
1352 3514 1563 3571 solebat
1599 3517 1879 3590 episcopos

288 3598 569 3654 calumniis
599 3601 877 3671 impetere.
1494 3662 1497 3665 λ

360 3690 423 3743 lli
455 3706 586 3760 ergo
614 3701 844 3762 quatuor
866 3705 1050 3750 contra
1091 3694 1352 3773 Joannem
1379 3699 1692 3768 conspirant
1720 3698 1877 3772 (Pal-

287 3781 393 3834 lad.
428 3798 482 3851 p.
512 3781 626 3853 49).
660 3782 975 3854 Mittuntque
1019 3787 1248 3856 primum
1286 3788 1642 3857 Antiochiam,
1675 3793 1763 3861 qui
1807 3793 1874 3849 de

286 3872 650 3928 adolescentia
694 3876 813 3944 ejus
848 3878 1225 3947 perquirerent
1251 3897 1264 3932 :
1291 3895 1476 3935 verum
1520 3883 1724 3938 inutilis
1753 3900 1875 3954 per-

285 3964 505 4033 quisitio
554 3964 672 4033 fuit,
718 3982 818 4023 nec
856 3969 1146 4039 quidquam
1199 3972 1612 4040 reprehensione
1655 3975 1873 4045 dignum

283 4052 561 4109 inventum
584 4064 686 4110 est.
715 4057 915 4113 Deinde
934 4060 1148 4114 mittunt
1179 4059 1246 4114 ad
1270 4060 1621 4132 TheOphilum
1643 4066 1875 4120 Alexan-

282 4149 525 4214 drinum,
562 4151 651 4219 qui
683 4154 957 4206 cothurnus
991 4152 1298 4207 vocabatur.
1345 4153 1476 4221 Quis
1519 4164 1662 4210 esset
1700 4157 1875 4213 Theo-

279 4239 412 4307 phili
436 4240 649 4295 animus
667 4256 793 4311 erga
813 4242 1070 4297 Joannem
1086 4243 1197 4314 jam
1214 4243 1461 4314 vidimus,
1484 4261 1603 4301 cum
1625 4249 1691 4303 de
1712 4250 1874 4319 ipsius

278 4329 506 4385 Joannis
534 4322 870 4388 ordinatione
894 4334 945 4388 in
987 4335 1293 4405 episcopum
1335 4336 1874 4410 Constantinopolita-

280 4437 411 4474 nnm
450 4436 777 4493 ageremus:
820 4424 1048 4480 vidimus
1095 4425 1244 4480 illum
1284 4427 1505 4482 invitum
1545 4428 1874 4486 ordinavisse

278 4512 570 4582 Joannem,
595 4514 745 4584 cujus
766 4524 820 4569 et
846 4517 1009 4571 animi
1033 4517 1334 4574 firmitatem
1358 4525 1412 4574 et
1440 4518 1687 4590 loquendi
1714 4521 1875 4576 liber-

280 4614 446 4661 tatem
482 4609 775 4675 metuebat,
807 4625 979 4681 neque
1019 4626 1269 4682 umquam
1300 4613 1571 4669 destitisse
1592 4614 1873 4682 putabatur

278 4712 311 4751 a
343 4700 612 4770 proposito
634 4701 783 4758 illum
812 4718 840 4756 a
871 4703 1000 4760 sede
1028 4704 1367 4771 deturbandi,
1397 4705 1562 4760 sicubi
1581 4720 1699 4761 sese
1719 4721 1871 4760 occa-

277 4789 366 4844 sio
390 4790 623 4848 oﬂ‘erret.

354 4882 560 4938 Accidit
580 4894 758 4941 autem
780 4885 881 4942 hoc
902 4887 1119 4944 circiter
1140 4897 1375 4959 tempore
1403 4889 1643 4945 Fratrum
1668 4892 1873 4962 Longo-

275 4986 399 5026 tum
445 4977 740 5044 negotium,
780 4977 921 5047 quod
969 4979 1224 5034 tumultus
1262 4994 1480 5050 magnos
1520 4981 1573 5035 in
1618 4982 1871 5038 Orientali

275 5065 527 5122 Ecclesia
550 5070 854 5140 concitavit,
886 5080 938 5125 et
957 5071 1081 5127 inde
1102 5071 1428 5142 Theophilus
1448 5088 1629 5128 ansam
1652 5075 1874 5144 arripuit

277 5167 338 5212 ut
376 5160 427 5213 in
473 5158 911 5230 Chrysostomum
956 5164 1184 5218 saeviret.
1226 5163 1419 5218 Verum
1462 5180 1547 5219 res
1590 5176 1670 5220 est
1715 5167 1872 5223 altius

274 5249 592 5317 repetenda.

349 5340 543 5397 Narrat
570 5343 839 5399 Palladius
884 5344 1118 5413 (Pallad.
1152 5363 1204 5416 p.
1237 5346 1306 5402 50
1330 5355 1376 5400 et
1413 5348 1567 5418 sqq‘.),
1613 5347 1869 5403 lsidorum

273 5435 565 5501 quemdam
608 5436 976 5508 presbyterum
1023 5439 1453 5508 octogenarium,
1502 5455 1532 5493 a
1578 5439 1871 5509 Theophilo

274 5524 645 5581 Alexandrino
673 5529 899 5596 pnesule
936 5529 1115 5600 inique
1156 5538 1422 5594 vexatum,
1472 5529 1540 5584 ad
1582 5530 1871 5586 monachos

277 5620 478 5674 lllOlIliS
521 5618 709 5676 Nitriae
754 5621 1076 5693 confugisse.
1119 5621 1473 5693 TheOphilum
1519 5637 1667 5686 vero,
1713 5637 1869 5692 quem

278 5709 393 5777 ipse
421 5720 481 5766 ut
501 5712 743 5767 omnium
773 5714 1113 5769 vaferrimum
1144 5722 1196 5769 ct
1222 5714 1654 5769 scelestissimum
1680 5712 1868 5784 depin-

278 5813 373 5869 git,
410 5803 467 5856 in
492 5802 789 5859 monachos
821 5805 939 5860 illos
966 5806 1220 5874 smviisse,
1260 5806 1584 5875 jussisseque
1609 5804 1866 5878 quosdam

1476 378 1656 436 NUNC
1685 377 1946 435 PRIMUM
1984 376 2382 433 ADORNATA.

3485 382 3591 440 190

2006 506 2037 547 e
2063 492 2329 563 primariis
2368 505 2433 547 ex
2475 491 2729 547 interiore
2751 504 2934 548 eremo
2962 490 3179 562 depelli.
3207 492 3283 549 Illi
3320 509 3449 550 vero
3474 511 3593 553 mo.
3616 570 3620 575 .

2006 580 2162 636 nachi
2195 596 2316 635 cum
2361 581 2644 637 Ammonio
2669 582 2921 652 quodam,
2952 582 3067 638 viro
3094 583 3379 653 grandaevo
3414 596 3468 642 et
3496 603 3590 645 ve-

2006 673 2254 740 nerabili,
2282 673 2633 744 Theophilum
2661 674 2877 737 adeunt,
2909 684 2963 729 et
2990 690 3094 744 qua
3115 674 3182 730 de
3202 691 3363 733 causa
3389 679 3593 749 pellan-

2007 764 2092 819 tur
2129 773 2350 835 rogant;
2396 775 2504 819 tum
2553 765 2642 820 ille
2690 764 3031 820 Ammonium
3074 765 3240 836 plagis
3285 779 3490 837 onerat,
3535 780 3591 827 et

2005 857 2294 912 monachos
2323 858 2474 928 quasi
2513 857 2755 927 Origenis
2795 858 3067 914 erroribus
3105 860 3328 917 inlectos
3358 865 3589 933 repellit.

2007 948 2087 1004 llli
2117 964 2243 1005 vero
2266 949 2332 1004 ad
2363 950 2568 1005 Montes
2607 950 2857 1018 redeunt,
2880 960 2935 1006 et
2963 954 3310 1008 monasticam
3339 956 3501 1011 vitam
3533 968 3591 1014 ut

2005 1042 2150 1110 prius
2194 1050 2464 1097 exercent.
2512 1042 2662 1096 Tunc
2708 1041 3038 1112 TheOphilus
3086 1044 3357 1101 advocatis
3402 1049 3591 1104 vicinis

2003 1131 2265 1200 episcopis
2302 1129 2574 1202 Synudum
2614 1131 2867 1199 celebrat,
2911 1133 3199 1189 monachos
3242 1150 3346 1191 nec
3382 1139 3591 1194 auditos

2002 1220 2252 1286 damnat;
2296 1229 2402 1278 tres
2437 1236 2563 1277 vero
2598 1237 2662 1277 ex
2693 1223 2992 1293 praecipuis,
3031 1240 3259 1296 quorum
3299 1243 3436 1283 unus
3461 1233 3591 1284 Am-

2004 1313 2213 1366 monius
2240 1321 2374 1378 erat,
2407 1315 2851 1368 cxcommunicat.
2875 1315 3031 1369 Mittit
3051 1316 3139 1387 qui
3167 1320 3460 1375 monachos
3484 1323 3593 1390 pel-

2003 1404 2111 1458 lant
2137 1419 2204 1459 ex
2233 1405 2381 1460 cellis
2407 1415 2459 1460 et
2490 1407 2828 1463 monasteriis
2857 1409 2987 1462 suis.
3012 1407 3091 1463 Illi
3116 1425 3241 1465 vero
3271 1411 3325 1466 in
3355 1413 3592 1468 Palu-sti-

2003 1508 2122 1549 nam
2156 1496 2383 1565 primum
2409 1497 2627 1565 profecti
2654 1507 2797 1552 sunt.

2072 1587 2200 1643 lude
2215 1603 2341 1644 vero
2367 1588 2864 1660 Constantinopolin
2893 1602 3172 1661 venerunt,
3212 1597 3297 1653 ubi
3327 1599 3582 1669 quinqua-

1997 1678 2142 1748 ginta
2189 1694 2412 1734 numero
2457 1680 2523 1734 ad
2553 1680 2775 1735 Joannis
2819 1685 3059 1755 episcopi
3109 1702 3277 1757 genua
3324 1691 3588 1758 provoluti

1998 1779 2207 1838 rogant,
2254 1786 2312 1826 se
2355 1786 2475 1826 cum
2521 1772 2820 1843 Theophila
2859 1777 3111 1847 episcopo
3158 1783 3486 1850 reconciliet,
3534 1795 3591 1840 ut

1999 1870 2208 1917 montes
2234 1873 2287 1917 et
2310 1863 2424 1918 loca
2451 1878 2544 1917 sua
2572 1873 2819 1933 repetere
2848 1870 3049 1937 possint
3077 1889 3088 1923 :
3114 1872 3345 1941 alioquin
3372 1890 3500 1930 vero
3530 1891 3590 1932 se

1997 1952 2375 2023 Imperatorem
2416 1956 2687 2024 adituros,
2741 1966 2798 2013 ut
2845 1974 3008 2028 prava
3053 1962 3193 2017 illius
3242 1965 3291 2019 in
3334 1967 3588 2025 Ecclesia:

1996 2045 2373 2100 contumeliam
2416 2045 2648 2101 facinora
2676 2060 2965 2117 exponant.
3006 2051 3138 2105 Tum
3168 2053 3586 2125 Chrysostomus

1996 2134 2119 2190 illos
2162 2136 2390 2190 libenter
2434 2138 2662 2207 excepit,
2711 2153 2876 2209 seque
2920 2140 3216 2212 'l‘heophilo
3263 2146 3586 2214 scripturum

1997 2228 2262 2308 pollicitus
2287 2239 2386 2284 est.
2423 2230 2499 2285 De
2528 2240 2724 2287 cwtero
2752 2234 3045 2291 monachos
3076 2236 3216 2303 illos,
3249 2239 3339 2307 qui
3371 2237 3586 2295 Fratres

1996 2321 2163 2393 Longi
2191 2338 2220 2374 a
2246 2333 2447 2378 statura
2486 2335 2760 2391 vocantur,
2809 2328 3015 2383 monuit
3050 2337 3106 2384 ut
3128 2342 3240 2385 rem
3268 2330 3481 2388 silentio
3507 2340 3585 2389 te-

1992 2423 2199 2482 gerent,
2224 2414 2394 2470 donec
2419 2415 2545 2484 quid
2572 2417 2624 2469 in
2649 2424 2826 2472 mente
2848 2417 3066 2474 haberet
3091 2420 3418 2490 Theophilus
3438 2438 3587 2478 com-

1995 2504 2294 2572 perissent:
2329 2506 2616 2576 hospitium
2653 2515 2829 2563 autem
2861 2508 2966 2562 illis
3007 2509 3297 2580 assignavit
3326 2512 3379 2566 in
3409 2514 3583 2568 eccle-

1991 2595 2108 2660 sia,
2163 2612 2280 2665 qua:
2331 2596 2610 2650 Anastasia
2670 2597 2973 2652 vocabatur.
3026 2599 3109 2653 Ad
3162 2603 3354 2655 victum
3406 2613 3594 2658 autem»

1992 2685 2294 2740 necessaria
2318 2685 2447 2754 ipsis
2463 2686 2875 2756 suppeditabant
2901 2688 3153 2744 mulieres
3178 2691 3419 2760 qundam
3451 2693 3579 2747 reli-

1991 2778 2189 2846 giosae;
2245 2779 2344 2850 ipsi
2383 2794 2591 2849 quoque
2633 2780 2874 2835 nonnihil
2921 2781 3268 2838 conferebant
3311 2799 3378 2839 ex
3423 2799 3585 2853 opere

1988 2884 2257 2924 manuum.
2311 2870 2480 2925 Erant
2505 2879 2628 2926 tunc
2665 2870 3125 2944 Constantinopoli
3165 2876 3376 2945 quidam
3407 2877 3584 2932 Theo-

1988 2960 2121 3031 phili
2149 2961 2354 3026 clerici,
2392 2962 2507 3030 ejus
2539 2964 2748 3032 negotia
2785 2973 3051 3034 gerentes.
3085 2964 3180 3021 His
3206 2968 3389 3021 accitis
3416 2966 3580 3022 Joan-

1986 3068 2081 3107 nes
2110 3062 2447 3122 percontatus
2470 3063 2571 3118 est,
2594 3069 2662 3107 an
2688 3053 2977 3108 monachos
3000 3038 3134 3109 istos
3160 3068 3394 3111 nossent.
3422 3057 3499 3111 llli
3520 3072 3585 3114 se

1983 3144 2153 3213 probe
2181 3144 2300 3198 illos
2331 3144 2543 3198 novisse
2584 3143 2851 3210 dixerunt,
2896 3152 2952 3198 et
2984 3145 3288 3200 violentiam
3333 3162 3578 3217 magnam

1985 3249 2268 3305 perpessos
2305 3249 2423 3289 esse
2465 3234 2592 3289 Γειεοὶ
2635 3244 2777 3288 sunt.
2812 3235 2887 3290 De
2927 3243 3122 3291 cancro
3162 3235 3420 3291 Joannem
3458 3252 3576 3291 mo-

1984 3340 2168 3392 nuere,
2205 3334 2263 3379 ut
2300 3340 2366 3380 ne
2407 3324 2528 3379 illos
2566 3324 2632 3379 ad
2674 3324 3102 3380 communionem
3136 3326 3460 3395 admitteret,
3507 3344 3577 3385 ne

1984 3415 2336 3485 Theophilum
2374 3415 2756 3482 exacerbaret;
2806 3430 2925 3471 cum
2973 3416 3077 3471 illis
3121 3426 3293 3472 tamen
3346 3419 3585 3491 benigne-

1981 3521 2183 3581 ageret,
2213 3522 2271 3566 ut
2289 3510 2511 3566 decebat
2531 3510 2863 3579 episcopum.

2053 3603 2143 3658 Sic
2178 3602 2411 3657 Joannes
2447 3602 2569 3657 illos
2601 3601 2668 3656 ad
2712 3601 3142 3657 communionem
3180 3617 3288 3657 non
3323 3603 3572 3671 admisit;

1980 3697 2076 3752 sed
2123 3697 2191 3751 ad
2234 3696 2587 3765 Theophilum
2641 3696 2873 3766 scripsit,
2928 3711 2989 3752 se
3036 3696 3203 3752 lilium
3253 3708 3307 3753 et
3356 3702 3574 3755 fratrem

1980 3788 2146 3857 ipsius
2172 3788 2378 3853 dicens,
2408 3801 2600 3857 rogans
2630 3787 2750 3841 illos
2777 3787 2993 3842 demum
3022 3789 3329 3844 admitteret
3369 3798 3424 3845 et
3465 3804 3574 3844 am-

1981 3878 2318 3947 plecteretur.
2344 3876 2399 3932 ld
2427 3877 2638 3947 negavit
2665 3876 2992 3947 Theophilus
3015 3894 3037 3943 ;
3061 3877 3155 3933 sed
3185 3878 3444 3947 quosdam
3475 3879 3577 3934 nti-

1979 3970 2049 4023 sit
2071 3969 2134 4023 ad
2167 3970 2528 4025 contentiosas
2556 3970 2841 4024 verborum
2878 3983 3078 4039 pugnas
3113 3970 3452 4039 exercitatos,
3482 3972 3573 4041 qui

1980 4061 2214 4116 libellum
2243 4076 2460 4131 precum
2485 4061 2673 4117 Joanni
2704 4059 2914 4126 darent,
2952 4060 3244 4116 mendaciis
3270 4069 3322 4116 et
3364 4062 3578 4116 calum-

1980 4152 2083 4207 niis
2100 4152 2354 4208 adversus
2381 4153 2675 4208 monachos
2706 4152 3092 4221 plenissimum,
3124 4162 3180 4206 ut
3209 4150 3455 4206 monachi
3496 4152 3572 4207 illi

1981 4244 2032 4298 in
2080 4243 2281 4298 Palatio
2308 4246 2456 4313 quasi
2488 4245 2899 4314 praestigiatores
2928 4243 3095 4315 digito
3122 4251 3569 4300 monstrarentur.

1980 4334 2223 4390 Monachi
2248 4349 2399 4399 vero,
2423 4343 2481 4388 ut
2509 4336 2755 4390 viderunt
2782 4336 2983 4390 nullam
3013 4336 3111 4393 sibi
3144 4335 3427 4406 Theophili
3455 4337 3571 4407 pla-

1979 4425 2133 4482 candi
2177 4425 2315 4479 viam
2364 4438 2666 4495 superesse,
2714 4440 2774 4479 se
2815 4435 3027 4493 paratos
3064 4439 3185 4479 esse
3221 4426 3458 4480 dicentes
3503 4426 3572 4481 ad

1979 4534 2192 4575 omnem
2221 4517 2410 4573 falsam
2440 4516 2735 4571 doctrinam
2763 4516 3323 4578 analhemalizandam;
3364 4516 3570 4584 suppli—

1978 4626 2067 4666 ces
2112 4610 2323 4665 libellos
2360 4608 2555 4665 Joanni
2595 4606 2843 4672 offerunt,
2889 4607 2975 4662 ubi
3014 4606 3295 4676 TheOphili
3333 4608 3570 4678 tyranni-

1978 4702 2099 4758 dem
2140 4702 2321 4758 multis
2357 4699 2751 4770 exprimebant,
2788 4699 2998 4768 aliaque
3039 4698 3416 4770 adjungehant,
3448 4714 3566 4769 qua;

1980 4794 2182 4850 referre
2223 4793 2435 4863 pudeat.
2480 4792 2617 4847 Tum
2655 4790 2890 4847 Joannes
2914 4800 2968 4847 ct
2999 4807 3092 4861 per
3130 4807 3189 4847 se
3233 4801 3286 4847 et
3311 4808 3406 4862 per
3432 4792 3566 4848 alios

1978 4892 2256 4959 episcopos
2278 4887 2521 4942 hortatur
2546 4886 2666 4942 illos
2694 4895 2750 4941 ut
2779 4886 2899 4940 talia
2922 4885 2991 4940 de
3017 4885 3315 4956 Theophilo
3333 4886 3572 4943 scribere

1979 4982 2246 5047 desinant,
2276 4988 2530 5051 quantum
2560 4979 2685 5035 hinc
2729 4979 2855 5034 mali
2891 4987 3342 5050 conscquuturnm
3376 4979 3446 5035 sit
3472 4980 3570 5036 de-

1979 5074 2188 5128 clarans
2213 5090 2225 5125 :
2254 5070 2655 5141 Theophiloque
2679 5069 2955 5139 rescripsit
2980 5085 3205 5126 narrans
3224 5070 3299 5124 illi
3324 5085 3569 5142 quaenam

1980 5166 2225 5222 monachi
2274 5164 2340 5221 de
2382 5165 2499 5235 ipso
2544 5163 2863 5234 proferrent,
2911 5162 3310 5233 testiﬁcansque
3350 5176 3411 5219 se
3448 5162 3570 5219 illos

1982 5258 2178 5314 frustra
2230 5257 2498 5312 hortatum
2549 5270 2669 5310 esse
2718 5264 2776 5309 ut
2816 5253 3276 5324 Constantinopoli
3321 5254 3559 5312 discede-

1980 5359 2130 5417 rent;
2179 5361 2431 5407 cmterum
2473 5364 2591 5419 qua:
2634 5347 2734 5403 sibi
2779 5347 3032 5417 expedire
3079 5345 3386 5402 viderentur
3433 5347 3569 5405 indi~

1977 5452 2139 5499 ραι-ει.

2048 5532 2373 5603 Theophilus
2396 5547 2543 5599 vero,
2573 5531 2661 5601 qui
2692 5529 2883 5586 Joanni
2913 5538 3017 5585 tam
3041 5529 3335 5597 moderato,
3360 5530 3486 5600 quin
3515 5538 3571 5584 et

1974 5624 2150 5680 amico
2171 5622 2351 5678 animo
2374 5636 2555 5677 secum
2580 5621 2778 5692 agenti,
2806 5622 3029 5691 gratiam
3057 5619 3257 5676 habere
3282 5619 3482 5686 debuit,
3511 5618 3568 5672 in

1980 5713 2211 5770 furorem
2257 5722 2428 5779 actus,
2471 5712 2653 5767 statim
2697 5711 2765 5766 ab
2793 5711 3031 5767 Ecclesia
3075 5711 3307 5768 excludit
3345 5707 3568 5762 Diosco-

1981 5820 2098 5861 rum
2131 5803 2459 5877 episcopum,
2493 5816 2653 5872 quem
2685 5812 2838 5859 vocat
2876 5801 3164 5867 Palladius,
3196 5797 3415 5855 fratrem
3452 5809 3570 5853 mo-
