4110 6148
525 397 616 454 191
686 440 691 443 -
1614 394 1984 457 S.‘JOANNlS
2021 397 2492 472 CllRYSOSTOMl
2534 401 2714 491 VITA,

524 510 835 577 nachorum,
866 509 952 579 qui
996 510 1047 564 in
1091 509 1331 568 Ecclesia
1368 519 1637 575 senuerat,
1673 519 1727 566 et
1749 510 1938 568 Joanni
1984 513 2096 583 epi-

521 618 686 673 scopo
713 601 826 657 htrc
855 598 1037 658 scribit
1069 621 1084 658 :
1119 602 1345 658 Arbitror
1384 604 1611 675 equidem
1653 620 1752 658 non
1794 606 2030 676 ignorare
2052 613 2099 658 te

530 712 768 751 :nnanum
798 694 1122 750 Nictenarum
1153 696 1424 763 decretum,
1455 713 1552 767 quo
1595 697 1837 762 sancitur,
1885 712 1948 750 ue
1991 696 2097 765 epi-

521 803 701 855 smpus
727 784 862 840 (item
891 797 1032 840 extra
1058 788 1183 855 ﬁnes
1210 803 1327 840 suos
1347 787 1540 857 judicet
1567 802 1586 841 :
1604 787 1648 841 si
1676 796 1842 840 autem
1868 787 2092 856 ignaras,

521 874 675 941 disce,
706 885 752 930 et
776 892 808 930 α
838 877 1017 931 libellis
1042 876 1279 929 adversus
1304 893 1382 930 me
1403 876 1610 930 abstine.
1644 876 1781 929 Nam
1810 878 1854 930 si
1873 876 2099 946 judicari

520 985 601 1023 me
618 978 883 1040 oporteret,
909 969 969 1023 ab
988 967 1251 1040 Egyptiis
1270 954 1514 1037 episcopis
1524 969 1834 1038 iudicandus
1851 984 1980 1031 sum,
1999 984 2100 1021 non

520 1073 555 1114 a
586 1069 647 1125 te,
678 1061 764 1131 qui
801 1062 1113 1132 septuaginta
1138 1061 1355 1132 quinque
1382 1062 1574 1115 dierum
1612 1063 1787 1115 itinere
1814 1061 1931 1114 hinc
1960 1059 2095 1115 abes.

592 1152 670 1206 Ex
704 1151 785 1205 his
811 1166 936 1207 vero
975 1153 1141 1207 literis
1168 1153 1341 1222 palam
1383 1163 1464 1207 est
1492 1168 1675 1208 verum
1717 1167 1837 1208 esse
1882 1151 1934 1206 id
1957 1151 2097 1221 quod

523 1242 771 1298 Socrates
812 1242 973 1298 refert
1023 1242 1192 1313 (Socr.
1225 1242 1261 1297 ι.
1298 1242 1349 1297 6.
1380 1261 1424 1297 c.
1455 1243 1534 1313 9),
1568 1258 1756 1312 nempe
1796 1243 1982 1297 falsum
2011 1258 2101 1296 ru—

531 1349 735 1388 morem
785 1334 850 1389 ad
885 1349 1041 1389 aures
1092 1334 1371 1405 Theophili
1423 1336 1680 1405 perlatum
1726 1335 1908 1399 fuisse,
1958 1334 2100 1405 quod

531 1441 720 1493 netupe
745 1425 978 1481 Joannes
1005 1426 1123 1482 illos
1152 1426 1217 1480 ad
1247 1441 1395 1481 sacra
1423 1426 1743 1492 admisisset,
1773 1435 1826 1481 et
1851 1426 1915 1481 ad
1944 1441 2097 1495 opem

528 1519 630 1571 illis
661 1516 934 1571 ferendum
968 1527 1180 1587 paratus
1207 1525 1366 1572 esset.
1389 1516 1766 1584 Quamobrem,
1796 1517 1963 1586 pergit
1986 1515 2096 1580 ille,

458 1658 461 1659 ν
520 1608 846 1678 Theophilus
892 1617 1033 1663 totus
1077 1609 1128 1665 in
1174 1609 1275 1665 hoc
1314 1610 1475 1678 coepit
1522 1609 1844 1673 incumbere,
1892 1615 1949 1661 ut
1994 1622 2100 1661 non

520 1701 680 1754 modo
729 1702 1035 1756 Dioscorum
1090 1709 1145 1756 et
1188 1700 1445 1754 lsidorum
1497 1701 1866 1765 ulcisceretur,
1911 1713 2099 1754 verum

522 1794 684 1847 etiam
709 1793 966 1848 Joannem
997 1808 1061 1847 ex
1092 1793 1378 1862 episcopali
1408 1791 1533 1847 sede
1554 1791 1833 1860 dejiceret.
1859 1791 2101 1860 Misitque

519 1887 769 1952 epistolas
799 1884 864 1939 ad
909 1885 1230 1954 singularum
1266 1885 1535 1939 civitatum
1577 1885 1875 1953 episcopos,
1917 1885 2100 1939 consi-

523 1977 649 2028 lium
679 1975 895 2045 quidem
944 1986 1105 2028 suum
1143 1974 1434 2040 occultans,
1474 1975 1649 2046 palam
1676 1990 1804 2031 vero
1833 1975 1884 2029 in
1925 1976 1988 2031 iis
2017 1991 2102 2031 re-

520 2066 859 2135 prehendens
880 2067 1044 2123 libros
1068 2067 1330 2139 Origenis,
1353 2082 1575 2137 quorum
1601 2076 1773 2121 tamen
1799 2068 2101 2123 testimonio

520 2162 610 2214 ditt
638 2171 760 2217 ante
805 2162 950 2216 illum
984 2163 1302 2219 Athanasius
1339 2170 1522 2217 contra
1562 2161 1788 2216 Arianos
1829 2177 1958 2217 usus
1985 2161 2100 2217 l'ue-

523 2265 624 2308 rat.
664 2255 790 2310 lltcc
832 2255 1098 2321 Socrates,
1145 2242 1371 2325 idipsum
1418 2253 1528 2310 fere
1570 2254 1894 2312 Sozomcnus
1944 2253 2102 2333 habet

522 2345 755 2414 (Sozam.
791 2346 827 2401 ι.
861 2347 914 2402 8.
944 2364 990 2402 e.
1023 2348 1090 2402 Η.
1110 2357 1154 2401 et
1187 2347 1298 2419 15).

592 2438 822 2494 Joannes
850 2455 974 2495 vero
1003 2449 1219 2510 accepta
1252 2440 1494 2510 lectaque
1522 2440 1800 2509 'l‘he0phili
1841 2439 2064 2513 epistola
2084 2480 2098 2505 ,

522 2547 638 2585 eam
667 2547 830 2601 penes
857 2546 915 2587 se
940 2532 1190 2587 servavit.
1223 2532 1291 2586 Et
1317 2533 1436 2601 quia
1463 2533 1787 2603 TheOphilus
1815 2532 2103 2589 monachos

523 2624 657 2676 alios
686 2624 782 2676 sibi
814 2622 1052 2678 addictos
1077 2622 1569 2693 Constantinopolin
1606 2624 1823 2680 miserat
1850 2625 1939 2695 qui
1980 2638 2103 2679 suas

522 2723 701 2781 partes
731 2722 1005 2769 tuerentur
1024 2755 1038 2778 ,
1068 2713 1345 2768 monachis
1374 2714 1649 2784 utriusque
1685 2715 1852 2784 partis
1879 2714 2104 2770 suadere

523 2812 746 2858 conatus
770 2813 851 2859 est
873 2804 1287 2876 Chrysostomus
1322 2816 1378 2860 ut
1417 2820 1600 2875 pacem
1629 2798 1767 2861 inter
1789 2822 1848 2863 se
1887 2808 2101 2863 inirent.

525 2894 727 2963 Quibus
766 2894 959 2958 auditis
998 2896 1068 2951 illi
1109 2897 1374 2965 utrimque
1413 2898 1579 2967 magis
1612 2899 1907 2967 exasperati
1938 2909 2100 2966 sunt,

523 2986 737 3041 Fratres
765 2988 976 3057 quidem
1006 2988 1170 3059 Longi
1194 2999 1248 3042 ut
1276 2989 1555 3061 Theophili
1582 2992 1859 3063 tyrannide
1886 3007 2107 3062 oppres-

522 3077 603 3139 si;
633 3077 721 3131 alii
745 3092 873 3132 vero
898 3078 1176 3145 dicebant,
1209 3094 1267 3133 se
1299 3080 1497 3149 absque
1523 3080 1803 3150 The0phili
1841 3097 2105 3138 consensu

523 3176 577 3221 et
600 3167 753 3237 jussu
791 3167 1089 3223 facultatem
1122 3185 1225 3223 non
1254 3168 1451 3226 habere
1487 3170 1729 3227 ineundze
1763 3174 1926 3242 pacis.
1956 3173 2106 3229 Tunc

523 3257 755 3324 Joannes
784 3259 1005 3331 hujusce
1032 3261 1109 3316 rei
1140 3277 1319 3316 curam
1347 3262 1565 3318 omnino
1588 3263 1856 3333 deposuit.

595 3349 728 3404 Tum
769 3352 1048 3413 monachi,
1082 3352 1169 3422 qui
1199 3367 1226 3405 a
1257 3351 1553 3421 Theophila
1579 3353 1715 3425 pulsi
1756 3354 1999 3420 fuerant,
2037 3355 2106 3410 li-

523 3440 693 3495 bellos
731 3441 963 3509 prolixos
992 3442 1305 3509 ediderunt,
1345 3443 1495 3513 queis
1541 3443 1830 3499 monachos
1870 3445 2108 3501 adversa:

525 3533 691 3603 partis
727 3541 990 3602 tamquam
1021 3535 1434 3590 calumniatores
1474 3536 1894 3606 propulsabant;
1922 3545 2106 3592 contra

524 3623 877 3695 Theophilum
900 3626 1061 3681 multa
1087 3627 1352 3692 dicebant,
1376 3643 1491 3697 quae
1513 3628 1758 3683 omnibus
1784 3640 1909 3682 nata
1932 3639 2102 3686 erant.

524 3715 758 3771 Libellos
800 3726 975 3772 autem
1022 3719 1273 3788 Augustis
1319 3720 1660 3786 obtulerunt,
1710 3720 2108 3792 Eudoxiamque

524 3806 919 3873 lmperatricem
949 3807 1227 3873 adierunt,
1259 3819 1383 3864 tunc
1423 3811 1473 3864 in
1519 3811 1773 3881 martyrio
1801 3811 1855 3864 S.
1886 3811 2108 3868 Joannis

523 3908 822 3955 versantem
859 3919 872 3955 :
903 3901 1173 3971 ipsamque
1199 3902 1399 3973 precati
1434 3910 1590 3965 sunt,
1631 3910 1689 3972 ut
1727 3902 2106 3959 monachorum

524 3992 763 4047 adversm
791 3994 955 4062 partis
977 3993 1189 4048 libellus
1211 3993 1349 4062 apud
1377 3991 1660 4048 Prml‘ectos
1680 3994 2104 4063 examinaretur;

522 4081 849 4165 Theophilus
870 4099 998 4139 vero
1024 4085 1105 4138 vel
1137 4084 1330 4138 invitus
1355 4083 1589 4148 adesset,
1618 4084 1788 4155 deque
1814 4085 1903 4140 illo
1927 4101 2105 4142 coram

522 4174 728 4227 Joanne
748 4173 1097 4242 judicaretur.
1129 4173 1372 4228 Admisso
1402 4174 1772 4243 postulatione,
1803 4176 2107 4233 mandatum

524 4265 618 4317 fuit
637 4306 653 4330 ,
686 4274 743 4341 ut
771 4264 1099 4335 Theophtlus
1124 4280 1307 4320 volens
1334 4266 1518 4321 nolens
1537 4307 1553 4334 ,
1583 4266 1848 4322 exhibitus
1878 4284 1972 4337 per
1996 4268 2107 4324 Ma-

522 4357 745 4426 gislrltm
773 4371 950 4433 coram
981 4356 1187 4413 Joanne
1216 4357 1514 4424 sisteretur,
1543 4366 1601 4412 ut
1626 4372 1839 4413 causam
1870 4359 2104 4426 diceret;

522 4448 769 4503 monachi
811 4464 939 4503 vero
978 4449 1214 4504 adversa:
1252 4438 1422 4519 partis
1450 4449 1534 4504 vel
1576 4451 1864 4521 probarent
1898 4467 1959 4506 ea
1990 4468 2106 4522 quae

520 4544 777 4599 adversus
807 4552 1022 4599 sanctos
1051 4557 1210 4623 senes
1248 4530 1610 4623 protulerant,
1639 4542 1723 4598 vel
1753 4543 2106 4599 calumniato-

520 4651 637 4690 rum
668 4650 851 4705 pmnas
877 4620 1161 4692 subirents
1430 4620 1434 4623 ⁷
1464 4626 1467 4627 ⁷

591 4726 645 4779 lu
675 4726 966 4782 monachos
996 4739 1172 4782 atttem
1204 4742 1231 4781 a
1260 4726 1558 4803 Theophila
1587 4726 1781 4803 missos
1817 4727 1963 4797 leges
1992 4727 2109 4798 qui-

518 4818 641 4870 dt-m
684 4818 986 4884 instabant,
1030 4818 1349 4887 illortnnque
1389 4801 1550 4875 causa
1590 4800 1940 4873 examinanda
1985 4834 2108 4873 mox

518 4920 635 4963 erat
667 4925 679 4960 :
713 4908 788 4961 illi
833 4923 962 4963 vero
1001 4918 1249 4963 eventum
1295 4912 1479 4977 veriti,
1521 4896 1635 4966 rem
1675 4910 1874 4967 dill'erri
1920 4919 2109 4980 rogant

520 5014 688 5066 usque
713 4999 777 5052 ad
804 4999 1088 5067 Theophili
1118 5001 1425 5064 adventum,
1455 5001 1542 5069 qui
1577 5001 1694 5054 illos
1723 5001 2109 5056 subornaverat

521 5103 573 5143 et
606 5089 816 5146 libellos
846 5090 1156 5146 dictaverat.
1190 5090 1432 5147 Prtefecti
1460 5106 1585 5146 vero
1612 5091 1731 5146 illos
1758 5095 1807 5147 in
1836 5110 2105 5150 carcerem

519 5180 859 5249 rnnjecernnt
884 5197 1052 5250 usque
1073 5182 1136 5237 ad
1160 5181 1437 5251 Theophili
1460 5182 1766 5248 adventum,
1791 5184 2031 5238 nolentes
2054 5185 2105 5238 in

521 5273 608 5326 tali
638 5287 796 5327 causa
825 5274 987 5328 vades
1016 5275 1274 5344 accipere.
1309 5274 1507 5329 llorum
1535 5273 1748 5342 quidam
1777 5275 1827 5328 in
1854 5264 2103 5339 carcere,

518 5366 587 5418 ab
612 5363 894 5434 Theophili
924 5367 1180 5427 venientis
1212 5367 1508 5421 tarditatem
1540 5365 1628 5420 ditt
1662 5366 1877 5430 morati,
1912 5368 2105 5423 mortui

517 5463 676 5518 sunt;
707 5456 795 5510 alii
827 5472 952 5512 vero
984 5466 1101 5527 post
1125 5458 1406 5519 adventum
1431 5455 1728 5526 Theophili,
1757 5455 1810 5511 in
1840 5466 2103 5524 postrema

518 5548 969 5616 interrogatione,
1009 5559 1273 5619 tamquam
1309 5537 1754 5615 calumniatores,
1797 5547 2105 5605 Proconne-

518 5656 634 5697 sttm
660 5655 688 5694 a
716 5639 984 5710 judicibus
1010 5624 1349 5712 relegantur:
1493 5633 1496 5637 ’

586 5729 902 5803 Theophilus
928 5731 1078 5785 libros
1103 5732 1333 5802 Origenis
1359 5731 1582 5786 damnat.
1609 5762 1675 5773 —-
1702 5732 1909 5790 Interea
1932 5732 2105 5789 Theo-

517 5822 713 5893 philus,
741 5819 829 5907 qui
858 5825 971 5881 dira
1004 5825 1319 5881 moliebatur
1347 5827 1395 5883 in
1424 5824 1701 5897 Joannem,
1734 5826 1796 5882 ad
1824 5828 2104 5900 episcopos

3686 414 3789 474 192

2207 512 2400 582 ubique
2455 530 2645 571 omnes
2702 516 2944 590 scripsit.
2998 520 3162 579 libros
3205 522 3448 596 Origeuis
3496 523 3784 597 incusans.

2206 604 2503 675 multosque
2526 606 2589 660 ad
2614 610 2928 665 sententiam
2959 626 3106 666 suam
3131 616 3389 684 pertraxit
3410 615 3641 689 (Sozam.
3668 621 3705 674 Ι.
3729 620 3786 677 8.

2204 709 2249 745 e.
2283 694 2369 748 Η.
2402 695 2549 749 Socr.
2579 696 2617 750 ι.
2647 696 2701 752 6.
2734 715 2778 751 e.
2810 699 2923 769 10).
2956 701 3258 773 l—‘utansqne
3285 721 3478 776 magno
3507 709 3607 763 sibi
3635 725 3787 765 emo-

2205 780 2441 838 lumento
2484 784 2630 853 fore,
2672 788 2714 842 si
2761 790 3149 859 Epiphanium,
3191 793 3475 852 Salaminis
3518 798 3573 853 in
3610 800 3790 872 Cypro

2203 874 2540 945 episcopum,
2575 878 2746 933 virum
2786 882 3173 938 sanctissimum
3208 896 3263 941 et
3298 888 3649 944 clarissimum
3670 933 3685 957 ,
3718 890 3788 947 ad

2205 977 2326 1019 suas
2354 975 2530 1033 partes
2558 967 2769 1025 allicere
2798 982 2992 1040 posset,
3028 989 3092 1029 eo
3123 990 3314 1031 nervos
3342 978 3616 1034 industria:
3647 990 3791 1036 totos

2204 1055 2461 1113 adhibuit.
2492 1059 2639 1114 Illum
2671 1077 2798 1117 vero
2828 1063 3031 1132 pridem
3067 1065 3422 1135 incusaverat,
3450 1070 3590 1139 quod
3619 1071 3788 1126 Deum

2205 1145 2436 1203 humana
2472 1148 2637 1205 forma
2672 1153 2950 1222 praeditum
2991 1171 3111 1210 esse
3151 1159 3478 1227 opinaretur,
3515 1177 3635 1231 qute
3672 1172 3794 1217 erat

2205 1236 2426 1294 hmresis
2462 1241 3149 1314 Anthropomorphitarum.
3194 1247 3343 1303 Tune
3381 1264 3544 1318 vero,
3574 1254 3618 1304 si
3655 1251 3794 1307 ﬁdes

2205 1331 2276 1385 sit
2299 1329 2503 1387 Socrati
2527 1342 2576 1389 et
2603 1334 2901 1391 Sozomcno
2920 1378 2935 1402 ,
2964 1352 3023 1393 se
3049 1339 3276 1409 idipsum
3314 1356 3374 1395 ea
3412 1341 3478 1397 de
3503 1357 3561 1398 rc
3590 1345 3794 1399 sentire

2205 1421 2501 1491 simulavit,
2530 1433 2588 1479 ut
2615 1425 2964 1495 Epiphaniam
2996 1428 3095 1483 sibi
3124 1430 3453 1487 conciliaret.
3488 1432 3615 1488 Erat
3642 1434 3790 1488 enim

2206 1513 2532 1584 Epiphanius
2560 1516 2641 1571 vir
2666 1518 2859 1586 pietate
2885 1520 3222 1589 conspicuus,
3255 1522 3351 1577 sed
3380 1523 3469 1591 qui
3506 1539 3611 1579 non
3642 1541 3791 1580 sem-

2205 1619 2303 1674 per
2359 1606 2607 1661 tutiorem
2665 1609 3046 1680 melioremque
3103 1620 3305 1681 partem
3356 1615 3789 1684 amplecteretur.

2206 1694 2323 1751 Jam
2353 1698 2580 1752 vidimus
2610 1699 2660 1753 in
2695 1699 2809 1755 Vita
2837 1701 3143 1768 Athanasii,
3175 1719 3331 1774 quam
3358 1721 3500 1762 anno
3530 1708 3667 1763 l698
3695 1725 3795 1778 pu-

2204 1785 2398 1841 blicam
2421 1787 2660 1853 iecimus,
2687 1788 3038 1859 Epiphanium
3061 1809 3181 1848 cum
3199 1795 3265 1850 de
3285 1796 3493 1851 Meletio
3512 1800 3620 1868 agit
3641 1799 3797 1870 (Epi-

2206 1878 2361 1949 phan.
2387 1878 2584 1935 Hteresi
2608 1880 2719 1951 68),
2743 1883 2830 1952 qui
2856 1882 3118 1940 Meletiani
3148 1887 3447 1944 schismatis
3469 1901 3653 1946 auctor
3672 1891 3790 1960 fuit,

2206 1971 2402 2041 quique
2431 1986 2461 2025 a
2486 1970 2544 2027 S.
2573 1972 2731 2027 Petro
2753 1981 3005 2045 martyre,
3031 1976 3390 2033 Alexandrino
3416 1981 3658 2049 przesulc,
3683 1990 3737 2037 et
3761 1997 3794 2037 a

2206 2062 2424 2133 Synodo
2452 2064 2737 2120 multorum
2769 2067 3032 2122 scelerum
3068 2084 3227 2124 causa
3270 2071 3549 2128 damnatus
3577 2074 3796 2144 deposi-

2208 2161 2395 2223 tusqne
2434 2153 2638 2221 fuerat,
2686 2155 2809 2211 facti
2859 2158 3107 2213 invidiam
3155 2161 3314 2216 Petro
3360 2165 3580 2236 martyri
3622 2167 3796 2235 magis

2205 2259 2362 2314 quam
2391 2245 2604 2301 Meletio
2631 2247 2879 2302 conferre
2911 2266 2925 2302 :
2959 2250 3028 2303 ita
3068 2259 3127 2305 ut
3168 2251 3341 2320 palam
3378 2254 3443 2308 sit
3474 2270 3596 2310 eum
3634 2255 3798 2310 Mele-

2209 2336 2332 2390 tiani
2361 2336 2632 2406 cujusdam
2661 2337 2846 2394 fraude
2885 2340 2988 2396 tale
3026 2353 3382 2398 commentum
3423 2344 3676 2410 edidisse,
3707 2347 3796 2400 cui

2206 2429 2499 2487 reclamant
2535 2444 2655 2485 cum
2695 2430 2983 2487 Athanasio
3021 2447 3210 2489 omnes
3256 2434 3612 2492 Eeclesiastici
3653 2436 3795 2491 scri-

2208 2531 2408 2594 ptores.

2279 2614 2342 2669 S.
2378 2614 2698 2685 Epiphanius
2727 2615 2879 2672 libras
2906 2617 3137 2690 Origenis
3166 2618 3267 2690 tegi
3294 2619 3540 2691 prohibet.
3562 2650 3632 2661 —
3659 2619 3793 2676 Cum

2208 2708 2367 2762 sciret
2394 2715 2570 2761 autem
2609 2707 2939 2778 Theophilus
2969 2710 3319 2779 Epiphanium
3359 2711 3522 2766 libros
3551 2711 3796 2782 Origenis

2206 2799 2460 2865 aversari,
2489 2799 2554 2853 ad
2583 2814 2703 2854 eum
2732 2815 2943 2870 quoque
2970 2801 3151 2856 literas
3178 2802 3339 2866 misit,
3368 2802 3521 2871 queis
3545 2802 3800 2858 hortaba-

2209 2898 2294 2943 tur
2318 2889 2485 2955 illum,
2511 2898 2569 2944 ut
2593 2898 2644 2944 et
2672 2891 2785 2959 ipse
2811 2899 2999 2946 contra
3023 2890 3266 2961 Origenis
3292 2892 3459 2946 libros
3478 2894 3797 2948 sententiam

2208 2979 2391 3035 ferret.
2423 2980 2749 3051 Epiphanius
2778 2998 2926 3048 vero,
2958 2994 3143 3039 coacta
3170 2983 3485 3055 Cypriorum
3512 2986 3799 3056 episcopo-

2208 3089 2326 3129 r-um
2363 3073 2579 3145 Synodo
2599 3117 2613 3142 ,
2640 3074 2883 3144 Origenis
2922 3076 3083 3132 libros
3111 3076 3211 3146 legi
3253 3077 3520 3148 prohibuit
3549 3096 3562 3133 :
3592 3078 3799 3150 episto-

2211 3164 2393 3234 lasque
2423 3165 2565 3220 misit
2588 3175 2696 3220 tum
2730 3165 2795 3219 ad
2822 3166 2954 3221 alios
2980 3167 3281 3237 episcopos,
3309 3177 3417 3221 tum
3443 3167 3511 3222 ad
3536 3168 3801 3225 Constan-

2210 3257 2617 3328 tinopolitanum
2645 3257 2947 3328 prmsulem,
2969 3259 3095 3329 quid
3122 3274 3152 3312 a
3175 3258 3367 3331 Cypria
3394 3259 3611 3330 Synodo
3630 3268 3800 3315 statu-

2212 3359 2320 3405 tum
2345 3349 2531 3407 fuisset
2550 3351 2849 3417 declarans,
2872 3351 3261 3422 cohortansque
3285 3353 3421 3417 illos,
3448 3363 3503 3407 ut
3523 3352 3800 3428 Synodum

2211 3450 2567 3497 convocarent
2596 3441 2891 3511 eademque
2918 3441 3282 3497 decernerent.
3306 3443 3633 3512 Theophilus
3659 3460 3802 3518 quo-

2210 3549 2315 3604 que
2338 3548 2458 3588 eum
2486 3531 2752 3603 Egyptiis
2787 3532 3048 3602 episcopis
3085 3533 3269 3589 eadem
3308 3542 3489 3588 contra
3515 3534 3801 3604 Origenem

2211 3626 2516 3694 constituit,
2549 3626 2837 3696 literasquc
2862 3626 3005 3681 misit
3039 3624 3107 3681 ad
3133 3626 3413 3696 episcopos
3440 3635 3494 3681 et
3526 3627 3591 3681 ad
3629 3627 3801 3701 Joan-

2214 3734 2355 3785 nem,
2376 3728 2433 3773 ut
2453 3729 2506 3774 et
2527 3719 2600 3772 illi
2624 3719 2766 3788 paria
2794 3727 3123 3788 praestarent.
3146 3717 3379 3773 Joannes
3399 3733 3524 3773 vero
3546 3718 3660 3794 hrrc
3679 3734 3801 3789 qua:

2211 3813 2313 3868 sibi
2351 3810 2788 3882 signiﬁcabantur
2829 3810 3214 3880 parvipendens
3238 3852 3252 3877 ,
3285 3826 3444 3864 unam
3487 3809 3801 3869 instituendi

2212 3912 2267 3957 et
2299 3902 2381 3972 pia
2411 3902 2650 3956 doctrina
2678 3901 2947 3956 imbuendi
2984 3901 3159 3971 populi
3188 3901 3287 3955 sibi
3320 3900 3588 3955 commissi
3615 3915 3800 3956 curam

2212 3992 2452 4061 gerebat,
2483 4002 2532 4046 et
2561 4007 2622 4047 ea
2654 3992 2704 4046 in
2736 4006 2796 4045 re
2822 3991 3103 4046 admodum
3131 3991 3371 4045 ﬂorebat.
3403 3989 3643 4055 insidias,
3667 4005 3802 4061 quas

2213 4082 2313 4139 sibi
2339 4083 2509 4152 parari
2538 4082 2782 4153 ignorare
2812 4096 2916 4136 non
2943 4091 3171 4151 poterat,
3194 4090 3537 4137 contemnere
3559 4097 3616 4137 se
3643 4096 3804 4153 posse

2215 4174 2467 4243 putabat,
2495 4173 2820 4228 conscientia
2852 4173 2983 4226 ninil
3008 4172 3289 4228 adversum
3318 4172 3654 4228 testiﬁcante.

2284 4264 2626 4319 Tillcmontio
2659 4264 3045 4335 adstipulamur
3070 4262 3165 4334 (Τ.
3196 4264 3250 4320 5.
3284 4281 3330 4316 c.
3359 4265 3501 4331 499)
3530 4264 3618 4334 qui
3650 4273 3802 4334 putat

2214 4355 2472 4411 llomilias
2509 4354 2643 4410 duas
2691 4356 2742 4410 in
2788 4354 2913 4411 illttd
2957 4355 3153 4411 Psahni
3186 4355 3291 4421 48,
3325 4354 3409 4409 Ne
3433 4356 3657 4410 timueris
3689 4371 3805 4410 cum

2213 4452 2350 4506 dives
2388 4453 2554 4523 factus
2592 4450 2743 4523 fuerit
2774 4449 2922 4503 homo
2947 4491 2963 4516 ,
2995 4460 3098 4504 etc.
3125 4490 3140 4514 ,
3170 4448 3274 4503 hoc
3308 4448 3526 4504 circiter
3562 4457 3807 4518 tempore

2214 4543 2422 4598 habitas
2458 4541 2643 4597 fuisse.
2691 4542 2746 4596 in
2790 4541 2959 4612 prima
3000 4555 3125 4595 vero
3174 4549 3452 4611 postquam
3490 4538 3803 4594 divitiarum

2213 4634 2501 4689 vanitatem
2545 4631 2934 4700 descripserat.
2964 4631 3102 4685 dicta
3142 4643 3236 4684 sua
3272 4629 3528 4699 exemplis
3553 4642 3804 4696 compro-

2211 4728 2341 4784 bare
2382 4726 2587 4783 nititur.
2621 4722 2795 4779 Nastis
2821 4739 2905 4776 vos
2925 4764 2940 4789 ,
2971 4722 3168 4792 inquit,
3197 4722 3459 4775 innumera
3490 4720 3721 4789 exempla
3750 4720 3807 4773 in

2215 4820 2310 4872 hac
2336 4818 2456 4872 urbe
2483 4816 2616 4870 circa
2647 4814 3041 4885 intempestivam
3069 4812 3361 4883 hujusmadi
3391 4811 3675 4864 divitiarum
3708 4810 3807 4879 ja—

2213 4921 2409 4965 cturam
2442 4925 2461 4964 :
2489 4918 2533 4963 et
2572 4907 2851 4964 didicistis.
2893 4905 3082 4959 vivente
3121 4919 3403 4974 possessore
3442 4900 3806 4972 possessionem

2214 5002 2421 5073 periisse
2450 5017 2469 5054 :
2496 5000 2783 5055 divitiarum
2809 4998 2939 5051 enim
2969 4997 3085 5064 ﬁnis
3112 5005 3182 5050 est
3210 4997 3417 5048 mutatio
3442 4995 3494 5047 in
3524 5002 3808 5065 pauperta-

2214 5105 2333 5148 tem.
2363 5092 2624 5164 Perpende
2647 5092 2799 5162 igitur
2817 5106 2968 5161 quant
2992 5089 3146 5142 brevis
3176 5089 3241 5142 sit
3267 5087 3503 5159 temparis
3534 5087 3804 5157 possessio.

2214 5184 2351 5240 Nam
2391 5200 2645 5254 possessor
2682 5183 2799 5237 civit
2835 5190 2945 5253 post
2973 5182 3233 5253 jarturam
3266 5181 3611 5251 possessionis.
3644 5180 3808 5247 Atque

2211 5277 2405 5330 utinam
2438 5276 2663 5345 periisset
2694 5274 2963 5343 possessio,
2999 5289 3152 5343 neque
3181 5273 3231 5326 iu
3263 5271 3531 5342 perniciem
3571 5271 3806 5324 traxisset

2212 5369 2376 5439 ipsum
2402 5366 2774 5439 possessorem!
2804 5364 2922 5419 Non
2950 5366 3192 5418 ert-oreris
3220 5365 3389 5435 igitur,
3420 5364 3465 5417 si
3501 5362 3688 5417 dixeris
3715 5361 3801 5414 di-

2210 5460 2354 5514 uitias
2379 5464 2483 5513 esse
2509 5458 2832 5512 domesticum
2857 5457 3128 5527 ingratum,
3155 5455 3539 5524 sanguinarium
3566 5461 3612 5505 et
3640 5451 3806 5504 homi-

2209 5550 2395 5616 cidam,
2424 5550 2767 5617 domesticum,
2794 5549 2882 5620 qui
2910 5549 2961 5602 iu
3001 5547 3452 5613 remunerationem
3482 5548 3603 5599 hera
3633 5560 3805 5599 necem

2209 5642 2379 5712 infert.
2413 5640 2512 5697 Ubi
2547 5640 2785 5708 Eutropii
2815 5639 2938 5694 olim
2969 5646 3233 5710 potestate
3259 5645 3313 5692 ct
3340 5636 3532 5707 opibus
3561 5634 3805 5689 ﬂorentis

2208 5735 2561 5790 calamitatem
2588 5742 2642 5790 et
2670 5746 2856 5788 necem
2896 5745 3316 5786 commemorare
3355 5729 3573 5785 omnino
3616 5727 3805 5783 viden-

2214 5837 2298 5880 tur
2325 5843 2338 5879 :
2367 5839 2570 5882 necnon
2601 5825 2825 5881 aliorum
2855 5822 3166 5890 multorum,
3187 5824 3274 5894 qui
3300 5835 3397 5893 per
3422 5820 3536 5877 hate
3559 5832 3803 5892 tempore
