4110 6148
349 371 452 431 193

348 483 813 557 Constantinopoli
853 482 1079 539 fortuna:
1113 474 1525 535 vicissitudinem
1562 474 1764 546 experti
1798 477 1938 528 sunt.

345 580 612 650 Quodque
652 571 1183 631 animadvertendum
1212 568 1310 641 (Τ.
1341 571 1396 624 '5.
1434 583 1479 621 ε.
1512 566 1634 623 591.
1672 573 1718 622 et
1751 563 1934 635 seqq.),

352 675 438 730 hic
469 686 606 742 pene
635 670 765 740 ipsis
793 667 971 723 verbis
996 665 1160 721 multa
1193 662 1422 733 repetit,
1449 674 1567 732 qua:
1596 656 1647 713 in
1677 657 1847 728 prima
1872 652 1939 710 de

356 762 613 834 Eutropio
640 758 859 815 homilia
886 756 1123 829 pluribus
1151 753 1415 817 dicuntur,
1443 764 1648 806 necnon
1676 748 1827 804 initio
1856 761 1941 802 se—

352 853 565 924 quentis
591 850 825 906 homilia:
861 848 927 903 de
962 846 1241 915 Eutropio.
1281 843 1411 898 Hinc
1442 842 1601 898 etiam
1637 848 1689 895 et
1722 854 1786 893 ex
1823 837 1939 892 aliis

352 959 565 1016 quoque
601 940 854 1013 probatur
885 937 1023 993 hanc
1050 935 1321 991 homiliam
1346 928 1801 1000 Constantinopoli
1836 927 1940 983 hoc

351 1037 567 1091 circiter
607 1041 847 1101 tempore
873 1028 1068 1085 dictam
1109 1026 1302 1092 fuisse,
1332 1032 1391 1079 ut
1421 1022 1601 1078 videas
1630 1021 1683 1075 in
1718 1019 1935 1075 Monito.

353 1128 412 1183 In
453 1127 556 1182 hac
594 1124 810 1180 homilia
853 1120 1188 1178 subindicare
1213 1116 1420 1172 videtur
1447 1114 1856 1185 Chrysostomus
1880 1123 1939 1165 se

352 1220 436 1276 bis
465 1219 517 1273 in
549 1214 880 1272 hebdomade
912 1210 1214 1269 coneionari
1240 1209 1433 1264 solere.

425 1314 598 1368 Aliam
629 1323 840 1381 quoque
867 1308 919 1362 in
949 1306 1134 1363 eadem
1162 1302 1321 1359 verba
1352 1304 1404 1357 in
1433 1300 1698 1356 Psalmum
1720 1298 1788 1354 48
1813 1311 1942 1353 con-

351 1405 564 1461 ci‘onem
592 1401 776 1457 habuit
804 1394 1262 1465 Constantinopoli
1292 1394 1344 1448 in
1375 1393 1559 1463 Magna
1598 1389 1822 1446 ecclesia
1842 1429 1855 1454 ,
1882 1395 1940 1443 ut

356 1498 410 1553 in
443 1495 597 1552 titulo
625 1493 812 1549 fertur.
853 1491 984 1546 Erat
1023 1496 1199 1544 autem
1239 1486 1423 1556 Magna
1459 1483 1683 1539 ecclesia
1722 1481 1844 1546 illa,
1885 1479 1936 1534 in

355 1605 459 1661 qua
488 1585 813 1657 frequentius
845 1582 1124 1653 episcopus
1162 1576 1603 1641 concionabatur,
1632 1573 1815 1653 Magna
1842 1587 1938 1642 ap-

355 1681 584 1751 pellata,
612 1675 754 1748 quod
789 1674 996 1730 caeteris
1024 1670 1250 1740 amplior
1284 1675 1439 1724 esset.
1473 1665 1827 1720 Concionatus
1856 1670 1941 1717 est

354 1781 567 1836 autem,
599 1778 879 1840 postquam
917 1765 1049 1819 alius
1086 1777 1151 1817 ex
1196 1769 1411 1830 recepto
1455 1772 1603 1812 more
1645 1756 1937 1811 orationem

357 1864 650 1929 habuerat,
687 1859 1052 1917 brevissimam
1086 1855 1296 1927 quidem
1316 1895 1331 1922 ,
1363 1852 1455 1909 sed
1485 1867 1601 1923 qua:
1639 1850 1936 1905 auditorum

354 1955 542 2011 laudes
579 1958 880 2013 meruerat,
909 1958 962 2005 et
994 1964 1023 2002 a
1051 1946 1432 2018 Chrysostomo
1470 1952 1527 1997 ut
1566 1942 1742 2012 magni
1783 1940 1938 2011 pretii

352 2045 674 2101 celebratur.
703 2043 829 2097 Post
854 2039 1107 2095 tumultus
1133 2050 1260 2092 vero
1289 2033 1542 2105 quosdam
1569 2032 1941 2088 Constantino-

356 2136 621 2206 politanos
649 2132 1039 2202 pronuntiatam
1067 2128 1231 2183 fuisse
1254 2125 1393 2181 hanc
1417 2124 1683 2179 homiliam
1707 2123 1940 2193 Chryso-

354 2236 564 2283 stomus
586 2224 685 2279 sub
710 2223 916 2278 initium
935 2221 1110 2275 docet.
1138 2219 1245 2289 Age
1265 2233 1403 2288 ergo,
1428 2215 1614 2285 inquit,
1638 2230 1728 2267 nos
1747 2228 1940 2283 quoque

353 2317 661 2372 tunmltuum
685 2315 771 2385 qui
792 2315 904 2386 jam
933 2312 1274 2381 contigerunt,
1304 2308 1523 2378 procella
1554 2305 1749 2359 liberati
1764 2345 1777 2371 ,
1806 2313 1938 2357 tam-

352 2425 505 2479 quam
530 2405 817 2478 ﬂuvialibus
831 2404 1129 2476 quibusdam
1146 2401 1288 2472 aquis
1307 2416 1454 2454 aures
1484 2408 1679 2453 nostras
1705 2398 1939 2453 lectiones

357 2500 740 2568 Scripturarum
764 2496 1048 2549 abluamus.
1076 2493 1149 2548 De
1176 2506 1281 2564 quo
1312 2491 1538 2545 tumultu
1568 2497 1620 2543 ct
1658 2486 1939 2559 perturba-

355 2591 589 2646 tionibus
629 2587 869 2659 quardam
913 2586 1041 2641 dicit
1073 2585 1231 2640 etiam
1264 2581 1504 2637 inferius.
1538 2580 1805 2635 Putaverit
1834 2578 1941 2634 for-

355 2690 499 2735 tasse
527 2679 786 2749 quispiam
832 2677 918 2731 hic
956 2675 1038 2746 agi
1079 2675 1145 2730 de
1178 2675 1356 2744 priore
1387 2672 1572 2728 exsilio
1593 2713 1607 2737 ,
1634 2670 1775 2741 quod
1799 2686 1940 2725 anno

351 2773 459 2829 605
483 2772 743 2841 contigit:
771 2780 824 2825 at
850 2768 1098 2824 libentius
1127 2766 1399 2823 crederem
1428 2765 1515 2820 hic
1539 2765 1682 2834 loqui
1713 2763 1941 2834 Chryso-

352 2877 585 2919 stomum
618 2864 685 2918 de
723 2863 881 2918 rebus
910 2862 1167 2930 Eutropii,
1202 2860 1433 2929 itemque
1462 2857 1731 2913 Aureliani
1763 2867 1815 2912 et
1841 2855 1940 2912 Sa-

354 2955 553 3009 turnini
584 2954 896 3022 optimatum
918 2995 932 3019 ,
960 2952 1047 3022 qui
1075 2950 1257 3005 Gainze
1281 2964 1441 3020 opera
1468 2956 1522 3003 et
1548 2948 1773 3003 tumultu
1807 2945 1941 3016 pulsi

351 3055 476 3101 sunt
507 3046 558 3099 in
583 3044 851 3107 exsilium,
879 3042 1050 3112 deque
1075 3041 1257 3098 Caina:
1284 3040 1580 3096 defectione
1604 3057 1618 3104 ;
1649 3039 1827 3109 sicque
1849 3052 1944 3091 an-

353 3153 424 3192 no
449 3137 574 3203 401,
604 3135 691 3191 vel
718 3134 843 3201 402,
874 3133 1050 3189 habita
1080 3132 1239 3187 fuerit
1264 3131 1379 3187 haec
1401 3130 1609 3197 concio,
1633 3130 1732 3185 etsi
1758 3129 1809 3183 id
1836 3142 1943 3183 non

355 3224 578 3280 omnino
604 3230 812 3277 certum
839 3228 943 3275 est.
978 3218 1075 3272 llic
1092 3233 1178 3272 res
1204 3230 1393 3271 omnes
1421 3215 1681 3269 humanas
1703 3213 1945 3269 umbram

355 3332 480 3373 esse
502 3315 653 3371 dicit.
684 3314 888 3369 Luxum
917 3325 1046 3367 vero
1074 3308 1796 3378 Constantinopolitanorum
1825 3321 1947 3362 nus-

352 3426 515 3482 quam
540 3410 612 3464 ita
631 3407 908 3480 speciatim
934 3405 1235 3475 descripsit,
1261 3413 1313 3459 et
1335 3411 1617 3481 postquam
1635 3399 1946 3455 ostenderat

354 3519 514 3574 quam
546 3500 782 3572 fugitivtn
809 3500 917 3555 sint
946 3512 1077 3567 opes
1106 3504 1162 3553 et
1187 3495 1419 3562 divitiae,
1440 3492 1755 3558 concionem
1799 3490 1947 3547 clau-

352 3596 434 3650 dit
465 3594 553 3667 (T.
587 3595 641 3649 5.
665 3594 763 3647 col.
793 3592 898 3648 515
927 3601 973 3645 et
1001 3588 1155 3661 sqq.).

431 3688 494 3744 S.
528 3684 853 3758 Epiphanius
876 3684 1346 3753 Constantinopolin
1375 3684 1528 3738 venit.
1554 3713 1624 3724 —
1645 3682 1741 3741 llis
1766 3680 1949 3736 velsi-

354 3780 573 3835 milibus
598 3777 943 3834 concionibus
970 3775 1278 3845 (1111210405
1296 3774 1314 3845 )
1330 3775 1580 3845 egregius
1606 3773 1692 3828 ille
1713 3772 1947 3828 Joannes

354 3873 499 3943 gregi
527 3886 626 3926 suo
657 3869 921 3940 pascendo
948 3867 1282 3938 advigilabat.
1311 3866 1640 3936 Theophilus
1667 3880 1795 3920 vero
1821 3865 1949 3918 Ale-

355 3955 651 4020 xandrinus
680 3962 889 4016 interea
912 3975 1120 4025 omnem
1146 3958 1375 4028 lapidem
1403 3958 1687 4022 movebat,
1719 3964 1776 4010 ut
1803 3955 1948 4010 illum

357 4070 390 4110 e
417 4053 545 4110 sede
575 4068 669 4108 sua
700 4050 987 4111 detrudere
1018 4056 1216 4117 posset.
1262 4046 1562 4117 Epiphanio
1600 4053 1785 4100 auctor
1823 4045 1947 4111 luit,

357 4154 420 4200 ut
441 4161 563 4201 eum
590 4144 708 4199 aliis
746 4140 1009 4211 epise0pis
1040 4138 1535 4206 Constantinopolin
1564 4150 1622 4191 se
1647 4134 1947 4201 conferret,

359 4234 484 4289 dum
516 4235 630 4305 ipse
658 4233 724 4288 ad
763 4231 902 4287 idem
941 4231 1043 4286 iter
1077 4228 1470 4299 suscipiendum
1501 4243 1559 4283 se
1588 4227 1947 4297 comparabat.

361 4325 511 4383 llaud
552 4325 719 4380 multo
760 4330 881 4394 post
924 4321 1250 4392 Epiphanius
1283 4334 1348 4375 ex
1390 4318 1560 4373 insula
1597 4318 1775 4390 Cypro
1807 4316 1950 4373 Con-

363 4415 742 4485 stantiuopolin
767 4414 930 4479 venit,
957 4411 1257 4482 exemplum
1286 4409 1510 4465 aﬂ'crens
1530 4409 1812 4481 Synodalis
1831 4424 1953 4464 sen-

363 4509 578 4572 tentize,
611 4521 717 4577 qua
755 4503 921 4560 libros
957 4502 1201 4572 Origenis
1235 4501 1615 4566 damnaverat;
1646 4509 1701 4557 et
1738 4516 1856 4557 cum
1886 4501 1951 4555 ad

364 4599 676 4672 martyrium
704 4611 799 4652 seu
827 4593 1107 4651 ecclesiam
1133 4592 1190 4648 S.
1217 4591 1436 4647 Joannis
1461 4591 1751 4660 appulisset
1776 4590 1950 4660 (Socr.

365 4693 401 4747 ι.
428 4692 480 4747 6.
528 4708 576 4747 e.
609 4688 707 4760 12)
731 4731 746 4755 ,
777 4703 896 4758 quae
939 4695 1141 4756 septem
1183 4699 1433 4756 passuum
1469 4682 1702 4737 millibus
1731 4682 1797 4736 ab
1824 4682 1954 4737 urbe

252 4802 269 4815 ί
363 4783 624 4845 distabat,
654 4797 686 4837 e
720 4779 840 4835 navi
881 4793 1127 4849 egressus
1149 4817 1162 4840 ,
1192 4775 1263 4830 ibi
1302 4773 1523 4845 synaxin
1551 4772 1871 4838 celebravit,
1900 4782 1955 4828 et

364 4875 611 4929 ordinato
629 4871 824 4927 ibidem
845 4871 1090 4931 diacono,
1110 4867 1163 4922 in
1186 4866 1368 4921 urbem
1393 4866 1662 4936 ingressus
1683 4873 1781 4919 est.
1804 4863 1957 4918 Joan-

372 4984 457 5025 nes
480 4969 580 5023 etsi
608 4973 796 5025 contra
822 4962 966 5034 leges
993 4959 1383 5017 ecclesiasticas
1413 4959 1481 5012 ita
1515 4958 1706 5013 factum
1735 4972 1853 5012 esse
1880 4957 1957 5011 vi-

376 5057 525 5115 iebat
547 5074 565 5127 ;
590 5057 641 5112 id
666 5067 839 5111 tamen
861 5061 1077 5124 propter
1095 5051 1195 5106 viri
1220 5048 1571 5106 reverentiam
1591 5048 1955 5115 dissimulans,

370 5148 724 5220 Epiphanium
753 5155 811 5200 ut
838 5146 890 5199 in
917 5145 1118 5199 aedibus
1145 5142 1254 5197 suis
1290 5141 1648 5196 diversarctur
1682 5139 1953 5194 invitabat.

361 5241 460 5299 Ille
482 5257 630 5307 vero,
662 5250 720 5295 ut
745 5256 860 5295 rem
890 5236 1185 5306 'I'heophilo
1213 5242 1414 5306 gratam
1447 5231 1662 5300 laceret,
1689 5232 1829 5286 aliud
1856 5232 1955 5286 sibi

366 5332 694 5390 domicilium
743 5331 970 5401 delegit,
1019 5328 1362 5397 collectisque
1409 5325 1656 5379 omnibus
1698 5326 1787 5394 qui
1836 5333 1959 5379 tunc

369 5424 827 5494 ConStantinopoli
874 5430 1026 5478 erant
1062 5419 1346 5490 episcopis,
1377 5415 1770 5472 damnationem
1799 5416 1961 5474 libro?

366 5535 483 5579 rum
511 5518 764 5589 Origenis
787 5515 854 5570 ab
871 5530 928 5571 se
948 5514 1205 5585 prolatam
1236 5511 1362 5581 ipsis
1382 5508 1612 5564 ostendit
1630 5523 1691 5563 ac
1712 5507 1858 5578 legit.
1885 5508 1961 5565 Ac

369 5609 617 5665 nonnulli
660 5606 877 5678 quidem
928 5605 1138 5660 illorum
1183 5602 1252 5657 ob
1294 5599 1572 5671 Epiphanii
1610 5599 1960 5661 reverentiam

368 5702 494 5767 huic
519 5702 741 5760 decreto
776 5698 1235 5767 subscripserunt;
1265 5694 1412 5749 multi
1444 5707 1570 5748 vero
1599 5691 1650 5747 id
1678 5689 1854 5747 facere
1878 5706 1963 5747 re-

372 5803 628 5850 cusarunt
662 5810 673 5845 ε
704 5807 768 5846 cx
796 5806 1017 5861 quorum
1046 5803 1267 5844 numero
1295 5785 1389 5842 fuit
1420 5785 1728 5844 Theotimus
1758 5785 1963 5855 episco-

1549 355 1732 418 NUNC
1768 350 2030 413 PRIMUM
2068 353 2454 417 ADORNATA.

3526 371 3626 429 CM

2048 491 2149 547 pus
2176 477 2428 550 Scythize,
2452 478 2541 548 qui
2568 477 2862 550 Epiphanio
2888 480 3180 553 respondit,
3207 483 3347 541 nolle
3374 500 3433 542 se
3463 487 3630 544 virum

2039 562 2149 636 jam
2176 566 2265 622 diu
2296 569 2380 638 pie
2404 568 2710 625 defunctum
2735 573 3052 628 contumelia
3079 574 3309 641 afficere,
3333 591 3494 648 seque
3517 595 3628 635 rem

2044 655 2257 727 impiam
2288 657 2545 713 facturum
2567 669 2774 728 putare,
2797 677 2840 716 SI
2862 677 2924 718 ea
2949 664 3350 729 condemnaret,
3378 682 3496 737 qua:
3524 685 3632 722 ma-

2039 747 2185 819 jores
2205 750 2284 804 sui
2308 764 2411 804 non
2440 750 2873 821 reprobaverant.
2898 752 3155 822 Mmirum
3182 755 3395 823 putabat
3417 769 3632 812 sanctus

2042 841 2124 895 vir
2149 857 2254 895 non
2283 842 2438 897 unius
2468 850 2664 896 tantum
2692 843 2928 915 episcopi
2955 859 3073 900 esse
3102 844 3178 900 sic
3206 855 3444 902 veterum
3470 847 3626 904 libros

2045 932 2398 1002 proscribere,
2427 933 2519 989 sed
2551 933 2603 1009 id
2629 934 2694 989 ad
2718 944 2878 990 totam
2911 935 3199 993 Ecclesiam
3229 939 3279 992 in
3311 956 3470 995 unum
3504 957 3632 996 coa-

2044 1034 2183 1080 ctam
2216 1028 2498 1096 pertinere.

2114 1118 2348 1176 Joannes
2391 1135 2552 1188 vero,
2593 1121 2692 1189 etsi
2732 1131 2914 1176 contra
2944 1122 3356 1179 ecclesiasticam
3391 1125 3629 1196 regulam

2046 1210 2159 1267 haec
2185 1212 2252 1267 ab
2278 1212 2574 1283 Epiphanio
2600 1215 2710 1269 ﬁeri
2740 1214 2987 1281 videbat,
3019 1215 3331 1271 hortabatur
3360 1224 3535 1272 tamen
3563 1220 3629 1274 il-

2043 1301 2151 1358 lum
2189 1313 2245 1358 ut
2290 1304 2340 1359 in
2385 1306 2670 1376 episcopali
2700 1305 2858 1361 domo
2896 1316 3155 1363 maneret.
3191 1308 3382 1365 Verum
3415 1309 3501 1366 ille
3527 1326 3631 1366 non

2043 1412 2353 1452 mansurum
2383 1413 2441 1453 se
2468 1414 2589 1454 cum
2621 1399 2731 1462 illo,
2766 1415 2939 1471 neque
2973 1411 3309 1469 precaturum
3343 1400 3495 1467 dixit,
3529 1403 3631 1457 nisi

2047 1488 2357 1545 Dioscorum
2386 1488 2683 1561 fratresque
2706 1490 2821 1561 ejus
2847 1506 2878 1546 e
2905 1492 3116 1551 civitate
3154 1491 3403 1561 pelleret,
3433 1502 3486 1548 et
3517 1492 3633 1561 ipse

2043 1580 2473 1636 eondemnationi
2511 1581 2768 1638 librorum
2798 1581 3041 1653 Origcnis
3069 1598 3229 1639 manu
3259 1584 3469 1654 propria
3499 1585 3632 1639 sub-

2043 1674 2319 1729 scriberet.
2351 1673 2484 1729 Cum
2527 1670 2702 1730 autem
2746 1675 2978 1730 Joannes
3019 1675 3069 1729 id
3110 1674 3289 1731 facere
3316 1674 3513 1739 nollet,
3546 1677 3632 1731 ni-

2045 1766 2224 1836 hilque
2268 1772 2469 1820 temere
2507 1765 2768 1835 agendum
2810 1782 2928 1823 esse
2966 1769 3169 1825 diceret
3205 1779 3331 1826 ante
3365 1769 3631 1841 generalis

2044 1856 2263 1912 Coneilii
2283 1851 2680 1921 definitionem;
2709 1856 2928 1913 Joannis
2950 1857 3146 1914 inimici
3172 1860 3311 1917 aliud
3335 1860 3631 1932 Epiphanio

2043 1956 2439 2019 suggesserunt.
2467 1947 2598 2004 Cum
2624 1948 2937 2005 celebranda
2963 1951 3180 2020 synaxis
3208 1961 3351 2007 esset
3379 1951 3431 2006 in
3460 1953 3630 2008 eccle-

2043 2039 2119 2093 sia
2150 2039 2525 2109 Apostolorum
2551 2081 2565 2106 ,
2613 2026 2906 2111 Epiphanio
2936 2049 2993 2095 ut
3032 2042 3083 2095 in
3120 2041 3352 2097 medium
3392 2042 3632 2111 prodiret

2042 2140 2358 2196 suaserunt,
2388 2141 2443 2187 et
2469 2146 2649 2187 coram
2678 2132 2925 2187 universo
2962 2133 3154 2203 populo
3183 2132 3427 2204 Origenis
3465 2133 3630 2187 libros

2042 2224 2457 2292 condemnaret,
2486 2225 2798 2280 Dioscorum
2823 2240 2944 2283 cum
2973 2225 3083 2280 suis
3112 2224 3594 2282 excommunicaret
3613 2265 3628 2288 ,

2043 2326 2097 2372 et
2120 2317 2377 2373 Joannem
2408 2327 2589 2389 utpote
2625 2319 2727 2373 illis
2766 2319 3030 2387 faventem
3073 2321 3473 2390 perstringeret.
3506 2319 3631 2377 llarc

2042 2407 2232 2462 Joanni
2271 2409 2505 2464 nuntiata
2533 2417 2691 2476 sunt,
2721 2411 2807 2479 qui
2839 2410 3094 2480 postridie
3122 2410 3419 2480 Epiphanio
3452 2410 3629 2467 eccle-

2044 2500 2174 2555 siam
2191 2501 2299 2570 jam
2323 2501 2566 2571 ingresso
2590 2518 2681 2570 per
2704 2502 3046 2572 Serapionem
3075 2503 3188 2559 haec
3212 2502 3495 2574 signiﬁcari
3514 2502 3631 2571 jus-

2044 2592 2113 2647 sit
2142 2609 2155 2645 :
2186 2592 2326 2661 quod
2354 2606 2542 2661 nempe
2569 2594 2654 2647 ille
2683 2593 2845 2647 multa
2871 2604 3054 2648 contra
3083 2594 3293 2664 regulas
3317 2602 3521 2665 ageret,
3542 2593 3631 2663 qui

2044 2681 2096 2736 in
2127 2683 2366 2738 ecclesiis
2395 2682 2536 2747 suis,
2564 2683 2622 2737 se
2649 2683 2847 2747 inscio,
2880 2683 3265 2739 ordinationem
3294 2683 3516 2749 fecerit;
3543 2685 3630 2753 qui

2046 2772 2249 2841 iujussu
2293 2787 2389 2827 suo
2433 2773 2485 2827 in
2530 2772 2717 2829 iisdem
2764 2773 3005 2829 ecclesiis
3051 2775 3332 2832 missarum
3377 2775 3633 2830 solemnia

2044 2862 2363 2928 celebrarit;
2402 2863 2489 2932 qui
2533 2862 2660 2919 olim
2707 2863 2959 2920 invitatus
3004 2863 3093 2918 illo
3140 2865 3324 2919 venire
3371 2865 3633 2931 noluerit,

2047 2973 2186 3014 nunc
2220 2971 2348 3012 vero
2377 2957 2433 3012 id
2459 2957 2559 3012 sibi
2601 2957 2716 3027 ipse
2756 2957 3074 3026 permiserit.
3103 2957 3303 3013 Carere
3338 2965 3513 3013 autem
3545 2973 3634 3013 ro-

2045 3049 2201 3120 gabat
2228 3063 2295 3107 ne
2325 3049 2578 3102 tumultus
2612 3048 2886 3103 excitaret.

2120 3140 2183 3194 S.
2218 3138 2538 3210 Epiphanius
2563 3140 2795 3192 moritur.
2824 3169 2897 3179 —
2926 3138 3019 3193 llis
3041 3137 3234 3193 auditis
3265 3140 3480 3195 territus
3508 3139 3634 3209 Epic

2049 3229 2276 3300 phanius
2299 3271 2312 3293 ,
2347 3228 2414 3283 ab
2443 3229 2667 3283 ecclesia
2698 3228 2972 3292 discessit,
3000 3236 3055 3283 et
3082 3228 3150 3283 de
3173 3228 3378 3284 Joanne
3404 3230 3637 3299 graviter

2049 3328 2370 3391 conquestus
2394 3362 2408 3387 ,
2439 3317 2672 3391 Cyprum
2701 3318 3055 3389 adnavigavit.
3089 3319 3253 3374 Erant
3280 3323 3370 3389 qui
3400 3320 3639 3375 dicerent

2051 3410 2401 3482 Epiphaniam
2426 3451 2443 3477 ,
2490 3425 2610 3464 eum
2658 3410 2832 3464 navim
2875 3423 3265 3465 conscensurus
3303 3418 3484 3476 esset,
3525 3409 3638 3466 luet:

2049 3501 2238 3566 Joanni
2278 3500 2664 3556 denuntiasse:
2701 3500 2962 3579 Spero‘te
3009 3516 3115 3555 non
3160 3500 3470 3556 moriturum
3518 3516 3640 3559 esse

2051 3592 2398 3663 episcopum;
2440 3591 2806 3661 Joannemque
2850 3592 3078 3647 vicissim
3124 3592 3197 3646 illi
3243 3593 3585 3662 respondisse
3622 3613 3637 3648 :

2053 3684 2224 3754 Spero
2255 3693 2306 3739 te
2344 3698 2449 3738 non
2481 3691 2855 3753 perventurum
2886 3696 3005 3737 esse
3041 3682 3092 3737 in
3132 3683 3379 3752 patriam.
3408 3685 3487 3737 An
3515 3699 3639 3740 vera

2055 3774 2287 3829 narratio
2314 3773 2383 3827 sit
2410 3772 2651 3827 dubitant
2679 3771 2927 3827 Socrates
2953 3780 3007 3826 et
3035 3772 3385 3830 Sozomenus.
3419 3772 3641 3843 Utrique

2054 3873 2198 3919 certe
2228 3862 2529 3934 hujusmodi
2561 3863 2735 3918 exitus
2763 3863 2982 3931 contigit
3011 3879 3024 3915 :
3054 3878 3175 3917 nam
3203 3878 3375 3934 neque
3407 3864 3641 3934 Epipha-

2056 3956 2175 4010 nius
2197 3956 2249 4010 iu
2271 3955 2504 4027 Cyprum
2528 3953 2761 4023 appulit;
2785 3952 3214 4024 postdiscessum
3236 3954 3376 4008 enim
3400 3963 3642 4009 mortuus

2057 4057 2138 4104 est
2166 4050 2217 4101 in
2253 4046 2374 4102 navi
2404 4065 2418 4102 :
2450 4045 2684 4101 Joannes
2711 4061 2838 4100 vero
2869 4054 3052 4113 postea
3092 4059 3156 4099 ex
3197 4044 3483 4115 episcopali
3514 4045 3643 4101 sede

2057 4139 2239 4210 pulsus
2272 4148 2388 4205 est,
2427 4146 2586 4209 atque
2618 4137 2672 4191 in
2708 4136 2878 4197 exsilii
2913 4136 3028 4191 loco
3064 4134 3204 4199 diem
3238 4134 3428 4193 clausit
3460 4144 3642 4191 extre-

2056 4244 2221 4284 naurn.

2129 4317 2635 4375 AdditSozomenus
2663 4317 2908 4390 (Sozam.
2937 4317 2974 4371 l.
3007 4319 3059 4373 8.
3092 4335 3139 4377 c.
3176 4316 3272 4390 l5)
3301 4317 3641 4373 Ammoniutn

2058 4417 2387 4478 caeterosque
2428 4409 2644 4469 Fratres
2684 4407 2894 4477 Longos
2931 4406 3284 4477 Epiphanium
3327 4408 3555 4471 adiisse,
3581 4422 3645 4461 ac

2059 4499 2367 4572 quaesivisse
2395 4496 2464 4552 ab
2492 4498 2585 4551 illo
2600 4496 2725 4567 quid
2751 4511 2923 4551 causa:
2944 4506 3084 4549 esset
3112 4511 3208 4550 cur
3233 4497 3377 4565 ipsos
3397 4507 3453 4550 ut
3473 4496 3641 4551 haere-

2063 4593 2198 4649 ticos
2248 4590 2502 4656 haberet;
2552 4602 2672 4643 cum
2720 4584 3085 4654 reSpondisset
3125 4584 3452 4654 Epiphanius
3494 4600 3553 4639 se
3593 4585 3644 4640 id

2061 4683 2241 4739 auditu
2264 4680 2554 4752 accepisse,
2579 4676 2917 4749 Ammonium
2938 4692 2999 4731 ea
3027 4675 3080 4730 in
3104 4674 3467 4731 defensionem
3495 4692 3645 4731 suam

2062 4775 2364 4845 protulisse,
2395 4786 2514 4840 quae
2540 4770 2713 4841 ipsum
2744 4767 3002 4822 leniorem
3033 4766 3382 4833 reddiderint,
3409 4781 3474 4822 ac
3496 4766 3645 4822 brevi

2065 4874 2248 4937 postea
2274 4861 2507 4935 Cyprum
2536 4861 2834 4930 navigasse,
2865 4859 2977 4914 sive
3004 4858 3145 4930 quod
3172 4856 3631 4929 Constantinopoli

2063 4966 2201 5011 lana:
2239 4952 2580 5025 profectionis
2618 4952 2789 5022 ipsum
2829 4950 3130 5020 paeniteret,
3175 4949 3287 5005 sive
3324 4949 3468 5019 quod
3508 4949 3650 5006 Deus

2063 5060 2289 5105 mortem
2315 5063 2467 5102 suam
2499 5046 2641 5101 brevi
2671 5043 2899 5099 futuram
2930 5043 3026 5113 ipsi
3056 5042 3482 5113 prtenuntiasset.
3515 5038 3648 5098 Cum

2064 5153 2238 5201 autem
2262 5141 2435 5196 navim
2458 5152 2846 5193 conscensurus
2871 5143 3034 5200 esset,
3057 5133 3341 5204 episcopis,
3366 5134 3455 5204 qui
3478 5134 3650 5204 ipsum

2066 5236 2130 5290 ad
2177 5235 2323 5288 littus
2366 5247 2533 5301 usque
2574 5229 2883 5300 prosequuti
2925 5227 3156 5292 fuerant,
3196 5226 3395 5290 dixisse
3442 5226 3613 5293 fertur
3636 5244 3652 5283 ε

2064 5322 2266 5392 Urbem
2291 5321 2438 5376 vobis
2465 5329 2518 5375 et
2546 5318 2801 5376 Palatium
2833 5325 2886 5372 et
2912 5332 3126 5372 scenam
3153 5317 3397 5387 relinquo
3422 5335 3434 5371 :
3470 5326 3649 5388 atque,
3680 5304 3685 5311 ’

2068 5427 2125 5472 ut
2164 5416 2412 5477 diximus,
2451 5423 2733 5485 antequam
2769 5410 2998 5481 Cyprum
3037 5408 3375 5479 advenisset,
3412 5421 3654 5465 mortuus

2068 5519 2168 5566 CSl.

2140 5598 2377 5657 Eudoxio
2401 5597 2629 5668 Augusta
2648 5595 2700 5649 in
2729 5592 3142 5665 Chrysostomum
3178 5594 3400 5649 incensa.
3427 5620 3499 5633 --
3527 5591 3655 5647 Post

2070 5691 2351 5765 Epiphanii
2398 5690 2690 5745 discessum
2712 5730 2726 5753 ,
2772 5686 2992 5757 contigit
3021 5696 3077 5741 ut
3104 5684 3336 5742 Joannes
3371 5698 3467 5752 pro
3504 5695 3654 5738 more

2073 5800 2170 5845 suo
2207 5781 2559 5845 concionans,
2591 5791 2774 5839 contra
2820 5780 3073 5838 mulieres
3113 5777 3271 5834 multa
3311 5770 3653 5844 protenderet
