4110 6148
494 450 511 511 (
540 447 688 497 Socr.
716 475 753 497 υ.
786 443 837 496 6.
881 457 926 494 c.
954 440 1058 510 15)
1090 456 1104 492 :
1135 446 1190 493 et
1226 453 1352 493 vero
1395 452 1536 507 saepe
1573 436 1718 490 illum
1753 435 1978 493 vidimus
2015 436 2069 491 in

493 534 839 590 concionibus
861 531 1138 585 mulierum
1169 530 1370 597 luxum,
1404 528 1593 583 fastum
1620 535 1915 597 ereteraque
1945 515 2069 581 vitia

492 628 868 682 insectantem.
900 623 1308 678 Orationemita
1337 623 1524 693 vulgus
1550 623 1779 693 excepit,
1808 637 1870 675 ac
1889 621 1934 675 si
1961 621 2070 673 Au-

488 726 699 785 gustam
729 712 817 770 ille
843 713 1241 783 perstringeret.
1282 712 1431 768 Tunc
1467 711 1537 779 ii,
1574 712 1664 782 qui
1691 710 2069 781 Chrysostomo

489 802 684 859 infensi
710 812 896 872 erant,
933 818 1048 858 rem
1089 803 1156 858 ad
1194 806 1480 874 Augustam
1527 803 1783 858 referunt.
1812 803 1904 857 Illa
1931 799 2069 871 apud

490 894 869 964 Imperatorem
891 904 1203 966 conquesta,
1235 895 1584 967 Theophilum
1613 911 1801 967 urgere
1824 896 1986 965 coepit
2012 904 2072 950 ut

489 986 884 1056 quamprimum
907 987 1113 1041 veniret
1137 994 1190 1041 et
1213 984 1483 1058 Synodum
1508 994 1873 1056 congregaret.
1905 985 1960 1039 ld
1987 1000 2072 1040 ue-

490 1075 621 1145 gutii
659 1080 819 1132 etiam
849 1076 1194 1147 promovebat
1238 1077 1555 1132 Severianus
1595 1076 1941 1141 Gabalensis,
1982 1076 2069 1145 qui

491 1182 612 1221 cum
644 1166 1028 1239 Cbrysostomo
1054 1168 1298 1222 simulate
1336 1168 1705 1237 reconciliatus
1743 1167 1940 1221 nullam
1978 1180 2071 1222 ne—

490 1259 725 1330 gligebat
753 1261 853 1331 ipsi
883 1260 1109 1315 nocendi
1134 1260 1489 1315 occasionem.
1523 1259 1693 1314 Erant
1708 1259 1796 1313 alii
1827 1259 1976 1313 multi
2004 1275 2066 1313 ex

493 1351 653 1405 Clero
675 1366 796 1421 erga
822 1351 1080 1406 Joannem
1103 1351 1242 1406 male
1261 1349 1454 1415 all‘ecti,
1480 1360 1536 1403 ut
1556 1349 1801 1413 vidimus,
1820 1349 1906 1418 qui
1932 1349 2071 1416 apud

494 1440 847 1510 Theophilum
898 1441 1196 1507 instabant,
1244 1449 1301 1495 ut
1336 1439 1650 1510 quantocius
1685 1440 1908 1493 veniret.
1956 1438 2071 1507 Ipse

496 1544 620 1584 \ero
647 1530 858 1585 tandem
889 1531 1153 1599 profectus
1177 1539 1259 1585 est
1288 1528 1578 1601 (Cltrgsost.
1615 1530 1683 1582 ad
1717 1528 1895 1582 Innoc.
1938 1539 1974 1580 ι.
2016 1528 2069 1582 5.

499 1639 546 1679 r.
574 1624 679 1678 550
712 1620 762 1691 ),
791 1630 846 1676 et
869 1637 989 1676 cum
1019 1621 1239 1692 jubente
1265 1622 1584 1690 lmpcratore
1611 1620 1754 1674 solus
1780 1620 1959 1673 venire
1981 1620 2075 1673 de-

498 1712 734 1779 huisset,
775 1727 894 1767 cum
938 1714 1116 1767 multis
1158 1722 1334 1766 tamen
1379 1711 1495 1764 aliis
1541 1711 1804 1779 cpiscOpis
1829 1709 1991 1775 venit,
2022 1718 2075 1763 et

495 1802 694 1859 dixisse
719 1802 924 1859 fertur:
950 1802 1005 1857 In
1031 1802 1348 1858 Comitatum
1384 1802 1707 1872 proﬁciscor,
1741 1811 1798 1856 ut
1816 1801 2072 1857 Joannem

495 1899 785 1968 deponam.
822 1894 991 1969 Quam
1017 1913 1128 1955 rem
1157 1894 1211 1956 in
1241 1892 1401 1970 Lycia
1417 1914 1630 1968 quoque
1662 1896 1912 1966 repetiit;
1944 1908 2069 1948 nam

494 1994 729 2061 pedestri
754 1990 943 2046 itinere
974 1989 1368 2045 Chalcedonem
1394 1988 1555 2053 venit,
1585 1988 1864 2060 Egyptios
1897 1996 2071 2043 autem

496 2087 773 2152 episcopos
794 2082 1287 2152 Constantinopolin
1312 2082 1558 2151 navigare
1575 2082 1753 2150 jussit.
1776 2080 2068 2136 Chalcedo-

495 2190 615 2227 ncm
659 2183 834 2229 autem
879 2188 998 2228 eum
1028 2174 1277 2240 venisset,
1320 2188 1384 2228 eo
1427 2188 1483 2227 se
1530 2171 1866 2226 contulerunt
1913 2173 2074 2225 etiam

495 2263 585 2317 alii
604 2264 861 2333 episc0pi,
895 2272 1004 2318 tum
1031 2281 1059 2318 a
1086 2263 1380 2334 TheOpbilo
1410 2273 1516 2318 tum
1546 2264 1612 2318 ab
1641 2264 1960 2332 lmperatore
1982 2277 2071 2317 ae-

493 2356 586 2411 citi
621 2373 635 2409 :
666 2372 863 2411 venere
913 2371 1121 2427 quoque
1166 2357 1398 2428 Egyptii
1442 2358 1688 2428 (Sozam.
1733 2357 1767 2409 l.
1809 2357 1860 2411 8.
1903 2373 1947 2409 c.
1984 2354 2069 2411 16.

498 2448 644 2503 Socr.
677 2448 714 2502 ι.
745 2448 796 2505 6.
824 2466 869 2502 c.
899 2450 964 2503 15
985 2446 1025 2520 ).
1067 2448 1309 2519 Cumque
1334 2449 1562 2503 universi
1605 2449 1759 2503 simul
1799 2450 2076 2503 convenis-

494 2550 636 2607 sent,
664 2540 799 2595 inter
836 2555 897 2595 se
935 2540 1309 2594 consultabant
1335 2557 1436 2608 qua
1468 2541 1672 2596 ratione
1702 2525 1830 2608 ipsis
1855 2552 2076 2596 conatus

412 2630 413 2633 “
494 2629 752 2683 adversus
775 2630 1031 2684 Joannem
1060 2646 1125 2686 ex
1149 2640 1272 2685 voto
1296 2631 1626 2686 succederet.
1653 2631 1781 2685 Erat
1809 2642 1935 2686 tunc
1963 2634 2075 2703 epi-

494 2736 689 2789 scopus
717 2720 1064 2777 Chalcedonis
1103 2723 1328 2793 Cyrinus
1352 2765 1366 2789 ,
1407 2738 1603 2793 genere
1631 2725 1942 2795 IEgyptius,
1984 2725 2075 2795 qui

496 2813 663 2865 multa
709 2820 894 2867 contra
936 2811 1193 2867 Joannem
1245 2815 1636 2879 deblaterabat,
1680 2816 1897 2885 impium
1929 2814 2073 2869 illum

495 2916 693 2957 vocans
712 2945 726 2968 ,
754 2912 1087 2973 arrogantem
1111 2913 1164 2959 et
1193 2904 1598 2970 inexorabilem,
1626 2921 1738 2960 rem
1768 2913 1971 2975 gratam
1999 2904 2075 2959 fa-

491 2994 642 3046 ciens
679 2993 799 3048 aliis
836 2994 1099 3066 episcopis
1134 2994 1354 3050 Joannis
1384 2995 1628 3050 inimicis.
1672 2994 1776 3051 Sed
1807 2995 2077 3052 Marutbas

492 3080 886 3152 Mesopotamiae
905 3085 1207 3155 episcopus,
1239 3085 1375 3140 forte
1402 3085 1729 3156 imprudens,
1761 3085 1948 3156 pedem
1979 3087 2079 3158 Uy-

492 3172 595 3228 riui
623 3173 863 3230 calcavit.
908 3175 997 3231 llle
1038 3192 1103 3232 eo
1129 3177 1345 3232 vulnere
1382 3178 1613 3248 graviter
1650 3177 1905 3245 affectus,
1937 3176 2076 3234 Con-

490 3264 870 3335 stantinopolin
906 3281 1025 3321 cum
1054 3268 1274 3337 reliquis
1303 3267 1566 3338 episcopis
1599 3268 1943 3324 transfretare
1970 3286 2075 3325 non

492 3357 687 3426 potuit;
717 3357 809 3413 sed
834 3358 945 3428 ipse
973 3362 1165 3415 mansit
1193 3360 1551 3427 Chalcedone,
1585 3363 1763 3417 caeteri
1789 3378 1915 3417 vero
1935 3360 2077 3417 Con-

490 3449 870 3518 stantinopolin
899 3451 1236 3518 trajecerant.
1268 3450 1381 3505 Etsi
1411 3467 1571 3521 porro
1599 3468 1661 3507 ex
1692 3452 1901 3508 clericis
1931 3455 2072 3508 Con-

491 3538 975 3607 stantinopolitanis
1001 3540 1148 3594 multi
1170 3548 1324 3594 erant
1342 3541 1532 3595 Joanui
1555 3542 1766 3608 infensi,
1789 3543 1928 3613 quod
1950 3544 2075 3597 vitia

490 3642 678 3682 eorum
707 3628 1048 3699 redargueret
1072 3641 1123 3685 et
1155 3632 1441 3686 emendare
1460 3643 1758 3703 satageret;
1791 3635 1964 3689 nullus
1997 3644 2072 3689 ta-

489 3739 613 3780 men
638 3740 669 3780 e
690 3725 844 3780 Clero
869 3725 1079 3780 obviam
1108 3726 1401 3796 Theophilo
1425 3729 1587 3793 venit,
1618 3745 1788 3798 neque
1819 3728 2074 3783 honorem

488 3827 800 3873 consuetum
824 3817 922 3887 ipsi
944 3819 1210 3879 exhibuit:
1236 3819 1406 3889 palam
1428 3820 1569 3873 enim
1591 3820 1809 3893 Joannis
1831 3821 2076 3876 inimicus

488 3905 877 3978 agnoscebatur
900 3927 913 3962 :
946 3909 1084 3964 unde
1110 3909 1351 3967 fortassis
1375 3910 1569 3974 evenit,
1593 3917 1647 3962 ut
1667 3909 1755 3979 qui
1785 3911 1927 3980 paria
1953 3926 2075 3965 eum

489 3999 582 4055 illo
602 3999 921 4065 sentiebant,
956 4015 1058 4054 non
1085 3999 1343 4055 auderent
1368 4014 1547 4055 coram
1575 4001 1786 4070 populo,
1810 4018 1932 4071 erga
1959 4018 2074 4056 san~

489 4099 633 4145 ctum
678 4091 958 4161 praesulem
1001 4091 1201 4160 Optime
1247 4090 1474 4158 affecto,
1521 4092 1764 4161 concepti
1820 4092 2073 4148 adversus

489 4183 636 4237 illum
689 4182 795 4237 odii
842 4183 989 4253 signa
1030 4182 1177 4237 dare.
1231 4182 1427 4236 Verum
1471 4192 1645 4237 nauta:
1695 4183 2069 4251 Alexandrini,

489 4287 711 4341 quorum
740 4271 1096 4327 frumentariae
1118 4287 1278 4328 naves
1300 4273 1433 4329 forte
1453 4273 1693 4342 aderant,
1720 4275 1903 4329 faustis
1925 4276 2070 4330 illum

489 4363 957 4419 acclamationibus
983 4379 1261 4434 excepere.

557 4454 868 4525 Tamphilus
932 4456 1399 4528 Conslmuimpolin
1449 4459 1598 4512 venit.
1636 4489 1705 4497 —
1746 4459 2074 4530 Theophilus

483 4562 632 4616 ergo,
671 4547 758 4616 qui
789 4560 921 4602 auro
949 4556 1001 4601 ct
1024 4548 1268 4617 pretiosis
1298 4548 1457 4604 rebus
1492 4548 1821 4620 ASgyptiaeis
1850 4561 1901 4605 et
1931 4551 2073 4605 ludi-

485 4652 564 4691 e;s
584 4646 807 4692 onustus
824 4638 1092 4702 veniebat,
1120 4646 1177 4692 ut
1197 4638 1399 4695 amicos
1423 4639 1522 4694 sibi
1554 4650 1786 4710 pararet,
1819 4641 2076 4696 Constan-

496 4723 753 4791 tiaopolin
777 4723 1049 4792 ingressus
1072 4732 1152 4776 est
1174 4739 1358 4778 tuense
1383 4724 1598 4778 circiter
1617 4725 1798 4778 Junio.
1825 4726 2076 4782 Hortalus

493 4828 578 4871 est
605 4817 754 4870 illum
776 4817 1033 4882 Joannes,
1060 4828 1117 4870 ut
1140 4819 1277 4887 apud
1300 4833 1358 4873 se
1383 4820 1749 4874 diversarctur
1779 4836 1901 4875 cum
1939 4825 2071 4888 suis,

493 4908 546 4961 in
579 4908 911 4963 domicilium
944 4925 1136 4978 nempe
1162 4922 1479 4979 apparatum
1509 4922 1564 4967 et
1604 4916 1923 4972 necessariis
1954 4932 2074 4972 out-

493 5000 649 5053 nihus
681 5001 996 5055 instructum
1016 5002 1248 5073 (Pallad.
1268 5023 1320 5071 p.
1341 5006 1427 5067 64.
1451 5007 1565 5076 ()5).
1581 5006 1779 5062 Renuit
1804 5010 1913 5077 ille,
1938 5021 2075 5065 etne

492 5096 543 5147 in
575 5093 858 5148 ecclesiam
889 5094 1103 5164 quidem
1138 5096 1340 5165 ingredi
1372 5097 1566 5163 voluit;
1595 5101 1688 5154 sed
1719 5101 2072 5171 inquamdam

490 5183 824 5254 lmperialem
857 5185 1311 5244 domumdivertit
1335 5189 1619 5261 (Chrysosl.
1647 5192 1715 5244 ad
1735 5193 1923 5248 ‘lnnoc.
1957 5205 1994 5248 ι.
2014 5197 2070 5251 5.

491 5295 532 5331 r.
696 5279 732 5332 ι.
754 5277 788 5333 5
807 5288 853 5332 et
875 5279 1028 5351 δρψ),
1054 5297 1171 5352 qua:
1190 5282 1495 5338 Placidiana
1518 5285 1886 5353 appellabatur
1913 5304 1927 5338 :
1962 5288 2071 5345 imo

492 5373 751 5429 Joannem
797 5385 1084 5441 numquam
1133 5369 1313 5426 videre
1347 5369 1430 5425 vel
1473 5369 1668 5441 alloqui
1705 5369 1887 5424 voluit.
1915 5370 2070 5447 εαξῃο

494 5466 637 5523 illum
679 5462 909 5519 Joannes
951 5463 1125 5533 rogari
1170 5462 1373 5517 curavit
1416 5477 1482 5516 an
1527 5460 1650 5531 quid
1690 5460 1905 5517 fecisset
1935 5462 2067 5533 ipse,

491 5557 628 5621 quod
658 5555 729 5612 illi
759 5554 1062 5625 diSplieeret
1088 5598 1101 5622 ,
1134 5570 1193 5611 se
1233 5553 1299 5609 ad
1344 5554 1519 5609 omnia
1550 5553 1877 5608 emendanda
1909 5569 2065 5623 para-

491 5659 602 5702 tum
632 5664 751 5703 esse
777 5664 1118 5713 asseverans;
1168 5648 1258 5702 sed
1294 5648 1487 5701 obnixe
1515 5648 1825 5717 supplicanti
1868 5664 1933 5702 tte
1978 5664 2065 5703 re-

507 5741 774 5817 spondere
828 5738 1048 5810 quidem
1125 5738 1213 5793 ille
1281 5737 1536 5805 dignatus
1586 5746 1704 5797 est;
1762 5753 1880 5805 qua-
1941 5751 2074 5790 sane

1592 325 1648 380 S.
1688 324 1966 382 JOANNIS
1993 324 2459 384 CllRYS-OSTOMI
2499 322 2679 388 VITA,

3642 321 3743 376 196

2178 438 2413 488 ferocem
2445 436 2713 490 hominem
2738 443 2793 490 et
2818 433 3201 490 intractabilem
3230 434 3393 491 fuisse
3420 441 3663 501 arguunt-

2254 525 2457 583 luterea
2480 537 2735 598 urgebant
2762 530 3043 599 Theophili
3087 541 3440 600 accusatores,
3483 539 3570 601 qui
3612 533 3752 586 irru-

2180 622 2455 691 ptionem,
2513 622 2684 676 caedes
2731 631 2786 679 et
2829 623 2931 677 alia
2979 624 3251 678 innumera
3299 624 3398 692 ipsi
3435 624 3754 693 objiciebant

2183 710 2414 782 (Pallad.
2449 731 2499 783 p.
2537 710 2625 767 12.
2663 715 2783 785 15).
2813 713 2926 780 Qua
2952 730 3008 769 re
3035 724 3305 784 comperta
3334 715 3626 784 Imperator
3651 717 3756 769 Ar-

2179 801 2361 857 cadius
2400 803 2655 858 Joannem
2701 805 2975 859 advocavit
3004 805 3293 877 (Chrysosl.
3326 805 3600 876 adjnnoc.
3632 817 3668 859 ι.
3701 808 3755 862 5.

2187 910 2232 944 c.
2262 892 2357 947 531
2383 892 2423 964 ),
2443 892 2705 963 jussitque
2733 894 2877 949 illum
2903 895 2970 950 de
2999 910 3157 950 causa
3188 895 3464 967 Theophili
3491 896 3753 966 judicare,

2176 999 2333 1053 quem
2374 993 2431 1039 ut
2472 986 2751 1040 scelestum
2797 987 2949 1041 multi
2997 986 3327 1043 incusabant.
3368 987 3600 1042 Joannes
3628 1006 3756 1043 vero

2180 1089 2283 1128 non
2314 1074 2378 1128 ad
2406 1090 2463 1130 se
2493 1078 2758 1146 pertinere
2784 1076 2914 1131 dixit
2933 1076 3000 1131 de
3020 1077 3299 1146 Theophili
3321 1079 3481 1149 gestis
3497 1078 3755 1148 judicium

2179 1165 2335 1228 ferre,
2374 1165 2466 1218 sed
2494 1165 2557 1219 ad
2588 1165 2955 1236 [Egyptiorum
2995 1171 3276 1235 prmsulum
3303 1168 3575 1239 Synodum
3606 1188 3619 1223 :
3647 1186 3755 1224 non

2180 1256 2317 1325 quod
2347 1257 2613 1326 ignoraret
2642 1258 2730 1312 ille
2761 1273 2916 1326 posse
2952 1258 3321 1327 Theophilum,
3353 1260 3451 1315 etsi
3475 1261 3754 1329 praesulem

2178 1346 2631 1414 Alexandrinum,
2679 1364 2707 1401 a
2751 1346 2984 1403 Concilio
3037 1348 3378 1404 Orientalium
3427 1352 3659 1421 generali
3704 1352 3755 1406 in

2178 1453 2390 1491 causam
2416 1439 2588 1493 vocari
2611 1449 2664 1492 et
2685 1439 2952 1506 damnari;
2983 1440 3076 1494 sed
3101 1457 3166 1495 ex
3190 1442 3469 1511 Theophili
3491 1445 3668 1513 gestis,
3691 1459 3752 1502 ex

2179 1527 2243 1582 iis
2273 1543 2463 1597 nempe
2488 1544 2606 1598 qua:
2634 1541 3032 1598 prazcesserant,
3063 1548 3130 1586 ex
3154 1534 3383 1587 motibus
3411 1550 3542 1603 quos
3573 1534 3748 1589 hacte-

2180 1632 2278 1671 nus
2303 1620 2678 1682 concitaverat,
2702 1635 2767 1674 cx
2784 1619 2991 1675 vafritie
3015 1630 3067 1675 et
3094 1622 3380 1678 calliditate
3403 1640 3503 1692 qua
3523 1626 3604 1681 vel
3627 1639 3755 1680 :IlllO

2179 1720 2233 1761 et
2263 1709 2603 1773 muneribus,
2632 1711 2715 1765 vel
2755 1711 2868 1766 aliis
2908 1712 3107 1766 artibus
3147 1715 3338 1767 multos
3372 1716 3470 1769 sibi
3500 1718 3754 1769 Concilia-

2179 1812 2347 1869 verat,
2373 1803 2731 1873 prOSpiciebat
2758 1803 2989 1860 Joannes
3018 1805 3130 1860 fore
3157 1814 3248 1874 ut,
3278 1806 3324 1860 si
3351 1806 3676 1877 Theophilus
3705 1810 3759 1864 in

2180 1891 2398 1968 Synodo
2424 1893 2786 1961 damnaretur,
2810 1911 3094 1966 numquam
3123 1896 3211 1952 ille
3234 1898 3630 1967 acquiesceret,
3663 1901 3761 1954 scd

2181 1990 2422 2061 ingentes
2451 1991 2633 2049 turbas
2659 1992 3022 2049 concitaturus
3046 1998 3208 2042 esset.

2251 2083 2576 2155 Theophilus
2617 2094 2799 2139 contra
2838 2086 2971 2138 nihil
3015 2101 3119 2140 non
3165 2087 3354 2158 agebat
3398 2088 3458 2142 ut
3500 2079 3761 2144 Joannem

2181 2190 2286 2230 non
2326 2167 2490 2230 modo.
2520 2177 2778 2246 pelleret,
2825 2178 2916 2233 sed
2964 2187 3017 2232 et
3057 2181 3166 2248 ipsa
3207 2181 3312 2234 vita
3361 2183 3624 2250 privaret,
3671 2183 3759 2235 in-

2180 2265 2291 2335 qttit
2337 2265 2600 2321 Palladius
2640 2267 2740 2337 (p.
2769 2268 2840 2322 65
2873 2264 2930 2338 ),
2975 2271 3163 2338 partim
3210 2270 3487 2340 largitione
3537 2274 3648 2325 auri
3707 2281 3765 2326 et

2181 2374 2459 2414 munerum
2487 2361 2811 2429 potentiores
2838 2361 2936 2415 sibi
2961 2362 3270 2426 concilians,
3302 2364 3493 2431 partim
3524 2365 3764 2419 lautiori-

2176 2451 2280 2505 bus
2309 2451 2478 2519 epulis
2502 2451 2638 2520 gulae
2661 2449 2870 2506 deditos
2893 2451 3132 2506 alliciens
3149 2493 3163 2517 ,
3193 2454 3386 2523 partim
3415 2453 3683 2509 blanditiis
3707 2464 3762 2509 et

2180 2556 2274 2611 Spe
2314 2541 2529 2610 majoris
2568 2541 2837 2610 dignitatis
2863 2542 3081 2595 clericos
3124 2542 3190 2595 ad
3227 2558 3349 2597 suas
3381 2555 3554 2610 partes
3581 2544 3752 2598 abdu-

2180 2648 2325 2689 cens.
2358 2632 2489 2688 Cum
2511 2635 2671 2689 sciret
2696 2643 2872 2688 autem
2901 2634 3154 2689 diaconos
3180 2634 3333 2698 duos,
3358 2636 3578 2690 alterum
3606 2637 3759 2690 adul-

2184 2725 2320 2790 terii,
2352 2725 2579 2780 alterum
2622 2724 2891 2779 homicidii
2934 2740 3093 2779 causa
3117 2742 3147 2778 a
3173 2727 3379 2781 Joanne
3414 2727 3481 2780 ab
3523 2726 3762 2781 Ecclesia

2180 2815 2380 2885 ejeetos
2425 2816 2617 2881 fuisse;
2665 2816 2833 2871 suasit
2870 2816 2972 2869 illis
3005 2825 3061 2870 ut
3088 2816 3294 2871 libellos
3317 2817 3570 2871 adversus
3599 2816 3765 2872 Joan-

2182 2923 2302 2962 nem
2331 2897 2604 2974 efferrent,
2629 2908 2894 2978 pollicitus
2921 2924 2979 2965 se
3007 2910 3125 2964 illos
3152 2908 3202 2963 in
3232 2911 3511 2980 pristinum
3540 2911 3762 2980 gradum

2180 3009 2230 3052 et
2253 2999 2600 3055 ministerium
2628 3000 2993 3054 restituturum
3017 3015 3153 3055 esse.
3176 3000 3253 3054 Illi
3280 3016 3391 3055 rem
3410 3002 3766 3056 libentissime

2181 3091 2410 3158 amplexi
2458 3101 2617 3156 sunt,
2657 3091 2969 3162 libellosque
2997 3093 3095 3161 ipsi
3121 3092 3449 3157 obtulerunt,
3477 3109 3610 3163 quos
3649 3094 3767 3164 ipse

2182 3182 2511 3253 Tthphilus
2548 3184 2856 3250 dictaverat,
2891 3186 2942 3238 in
2975 3185 3167 3255 quibus
3203 3197 3394 3240 caetera
3424 3187 3600 3240 omnia
3632 3186 3765 3240 falsa

2182 3283 2235 3328 et
2259 3276 2612 3344 supposititia,
2640 3291 2800 3328 unum
2826 3285 3000 3330 autem
3029 3284 3228 3330 tantum
3251 3291 3436 3330 verum
3461 3286 3597 3341 erat,
3621 3276 3764 3346 quod

2184 3382 2374 3436 nempe
2416 3365 2650 3422 Joannes
2690 3382 2876 3421 omnes
2919 3377 3175 3432 moneret,
3205 3375 3260 3421 ut
3292 3377 3408 3437 post
3430 3370 3766 3423 communio-

2183 3474 2324 3525 nem,
2348 3475 2538 3529 aquam
2560 3470 2651 3514 aut
2682 3460 2947 3528 pastillum
2975 3459 3335 3530 degustarcnt,
3360 3477 3427 3515 ne
3451 3476 3573 3515 eum
3597 3461 3765 3515 saliva

2183 3560 2273 3604 aut
2298 3551 2484 3619 pituita
2523 3565 2553 3605 e
2592 3551 2834 3620 symbolo
2860 3551 3185 3605 Sacramenli
3211 3550 3409 3620 aliquid
3436 3561 3630 3620 prmtcr
3657 3568 3759 3605 vo-

2182 3643 2434 3696 luntatem
2460 3651 2806 3711 cxspuerctur
2836 3658 2849 3693 :
2879 3640 3018 3710 quod
3044 3650 3094 3695 et
3119 3642 3229 3710 ipse
3255 3641 3494 3695 faciebat.
3522 3641 3651 3710 Quae
3677 3658 3765 3699 res

2183 3742 2327 3787 certe
2353 3731 2483 3785 nulli
2512 3732 2680 3799 culpa:
2701 3731 2926 3786 obnoxia
2956 3732 3248 3786 videbatur.

2256 3822 2500 3893 Acceptis
2542 3821 2733 3876 libellis
2773 3821 3095 3889 Theophilus
3135 3822 3185 3874 in
3225 3822 3537 3891 Eugraphite
3560 3823 3760 3878 a'dihtts

2184 3912 2500 3981 colloquium
2520 3911 2701 3965 habuit
2720 3926 2840 3965 eum
2858 3910 3164 3976 Severiano,
3191 3911 3454 3966 Antiocho
3471 3920 3524 3966 et
3545 3913 3741 3966 Acacio

2183 4003 2499 4072 cmterisque
2545 4001 2763 4056 Joannis
2819 4002 3083 4065 inimicis,
3134 4002 3221 4071 qui
3271 4017 3407 4071 pene
3457 4018 3643 4058 omnes
3695 4017 3761 4060 ex

2181 4092 2401 4148 Joannis
2429 4092 2644 4147 monitis
2668 4092 2810 4162 juste
2839 4091 3182 4162 modesteque
3206 4092 3343 4146 datis
3370 4134 3384 4158 ,
3414 4092 3669 4148 adversus
3699 4095 3763 4149 il-

2182 4186 2289 4240 lum
2317 4185 2604 4241 exulcerati
2633 4194 2805 4239 erant.
2850 4182 3000 4239 Unus
3026 4199 3154 4239 vero
3193 4200 3259 4240 ex
3294 4185 3355 4238 iis
3387 4186 3475 4256 qui
3506 4186 3760 4252 aderant,

2181 4278 2299 4332 aliis
2328 4277 2586 4348 suggessit
2615 4286 2670 4329 ut
2700 4276 2863 4330 libelli
2907 4275 3161 4330 darentur
3196 4274 3524 4345 Imperatori,
3554 4287 3611 4331 ιιι
3640 4278 3761 4346 ipse

2181 4370 2438 4423 Joannem
2469 4368 2550 4423 vel
2577 4368 2796 4421 invitum
2827 4367 2891 4421 ad
2920 4367 3192 4439 Synodum
3229 4383 3287 4422 se
3316 4368 3504 4422 sistere
3525 4376 3761 4437 cogeret.
3805 4376 3813 4445 ς

2184 4460 2314 4524 Quia
2342 4473 2489 4523 vero,
2517 4466 2576 4511 ut
2595 4458 2787 4525 saepius
2813 4457 3134 4526 experientia
3163 4468 3492 4526 compertum
3520 4457 3636 4524 fuit,
3667 4472 3766 4511 au-
3804 4506 3810 4538 :

2182 4566 2297 4602 ram
2320 4549 2494 4602 omnia
2526 4563 2689 4618 prona
2715 4548 2991 4618 faciliaque
3019 4548 3219 4614 reddit;
3254 4548 3354 4603 hac
3385 4549 3467 4602 via
3498 4549 3766 4618 Theophi-

2179 4643 2260 4696 lus
2289 4642 2532 4697 ell'eccrat
2569 4652 2621 4695 ut
2649 4641 2802 4694 auliei
2832 4641 2981 4694 multi
3012 4656 3106 4710 pro
3143 4656 3200 4695 se
3238 4652 3455 4708 starent,
3499 4649 3651 4709 atque
3681 4640 3762 4696 sic

2179 4755 2295 4806 qtue
2318 4736 2367 4788 in
2391 4735 2585 4804 Optatis
2611 4735 2707 4789 sibi
2736 4744 2888 4789 erant
2914 4734 3228 4804 impetravit.

2253 4827 2491 4898 Synodus
2511 4826 2578 4878 ad
2603 4826 2871 4892 Quercum.
2898 4856 2964 4865 —
2995 4825 3106 4880 Etsi
3131 4840 3255 4881 vero
3280 4825 3613 4896 imperatoris
3630 4840 3762 4879 eon-

2179 4933 2340 4971 sensu
2366 4926 2419 4971 et
2443 4918 2592 4986 jussu
2622 4916 2734 4970 fulti
2762 4916 3089 4985 Theophilus
3108 4928 3161 4972 et
3181 4918 3309 4971 socii
3335 4915 3618 4987 (Clu-ysost.
3642 4925 3681 4970 ι.
3705 4917 3762 4971 3.

2183 5028 2229 5061 c.
2260 5009 2363 5062 44ιὸ
2388 4995 2404 5075 )
2427 5048 2440 5069 ,
2473 5023 2577 5061 ιιοη
2604 5007 2716 5060 ausi
2746 5018 2867 5061 sunt
2897 5018 3069 5060 tamen
3105 5008 3242 5061 intra
3274 5007 3454 5061 urbem
3493 5007 3762 5061 Constan-

2182 5098 2436 5165 tin0pulin
2464 5097 2732 5169 Synodum
2761 5113 2979 5167 cogere,
3013 5108 3067 5149 ut
3104 5112 3171 5151 ne
3213 5098 3419 5167 plebem
3444 5097 3640 5167 pastori
3664 5112 3766 5153 suo

2178 5189 2589 5247 addictissimam
2616 5200 3040 5251 commoverent,
3084 5199 3137 5245 et
3173 5191 3454 5245 adversum
3481 5206 3537 5244 se
3569 5189 3738 5244 tumul

2180 5290 2290 5335 tum
2322 5282 2647 5347 excitarent;
2697 5298 2866 5353 neque
2907 5291 3075 5337 tutum
3118 5283 3218 5337 sibi
3260 5284 3369 5337 fore
3418 5283 3687 5352 putabant,
3717 5282 3762 5337 si

2180 5372 2490 5434 calumnias,
2517 5387 2647 5445 quas
2676 5370 2788 5425 falsi
2819 5372 3133 5426 convincere
3157 5372 3309 5426 facile
3341 5381 3478 5436 erat,
3508 5371 3560 5425 in
3588 5369 3765 5425 medio

2178 5462 2538 5530 ltnpcratorim
2579 5462 2724 5516 urbis
2753 5461 3072 5532 proferrent.
3118 5461 3445 5531 Theophilus
3483 5462 3640 5532 igitur
3668 5476 3760 5531 per

2178 5564 2289 5609 tres
2338 5552 2695 5609 hebdomadas
2738 5554 3194 5625 Constantinopoli
3238 5563 3598 5609 commoratus
3637 5551 3763 5621 (So-

2175 5661 2308 5699 zam.
2341 5644 2378 5701 Ι.
2409 5644 2462 5701 8.
2494 5663 2521 5700 c
2569 5646 2701 5717 17),
2747 5661 2868 5701 cum
2915 5646 3035 5701 aliis
3081 5661 3259 5701 secum
3300 5641 3767 5701 consentientibus

2184 5736 2451 5806 episcopis
2489 5734 2884 5789 Chalcedoneut
2920 5734 3156 5803 perrexit
3187 5733 3421 5800 indeque
3468 5735 3532 5785 ad
3576 5732 3749 5795 Quer-
