4110 6148
318 343 420 400 197

314 473 456 521 cum,
481 454 836 511 Chalcedonis
858 453 1238 514 suburbanum,
1268 451 1320 505 in
1362 450 1584 505 ecclesia
1621 448 1715 505 SS.
1746 449 1892 518 Apo-

313 548 575 604 Stnlorum
603 546 744 600 Petri
772 554 825 599 et
854 545 1024 609 Pauli,
1054 557 1211 612 quam
1240 541 1458 595 Ruﬁnus
1487 548 1894 603 construxerat,

314 638 589 711 Synodum
609 637 840 706 collegit,
862 644 918 690 et
937 650 1060 690 eum
1088 634 1304 700 Acacio,
1325 631 1613 688 Severiano
1641 641 1696 688 et
1723 631 1899 687 Antio-

312 731 415 785 cho
439 730 681 795 iniquum
704 727 1031 797 propositum
1057 724 1308 793 explevit.
1404 780 1407 783 _

383 820 527 876 Nihil
571 819 646 873 ibi
688 818 757 872 de
798 817 1041 886 Origenis
1071 815 1280 884 scriptis
1323 814 1375 868 in
1415 813 1592 868 medio
1636 813 1895 888 prolatum

315 915 431 979 fuit,
458 912 590 967 nihil
615 911 682 966 de
707 909 980 965 Fratribus
1004 908 1198 976 Longis
1223 905 1505 961 Ammonio
1533 914 1588 960 et
1612 905 1751 970 aliis,
1779 921 1897 975 qua:

315 1016 489 1059 tamen
530 1018 632 1056 una
677 1000 934 1061 hactenus
975 997 1272 1066 Theophilo
1314 996 1524 1051 fuerant
1560 996 1894 1066 querelarum

314 1109 514 1151 causa:
546 1107 649 1162 pax
682 1090 820 1145 facta
867 1104 987 1144 cum
1031 1088 1136 1143 illis
1175 1096 1307 1143 erat.
1355 1085 1742 1150 Consceleratis
1777 1100 1898 1141 sese

313 1186 555 1255 adjnnxit
582 1183 829 1254 Cyrinus,
862 1180 1215 1255 Chalcedonis
1249 1181 1551 1249 episcopus,
1581 1194 1739 1247 quem
1764 1177 1896 1230 vidi-

314 1292 434 1332 mus
472 1292 539 1332 ex
579 1275 868 1344 improviso
913 1272 1169 1326 Marutha:
1205 1273 1390 1340 gressu
1431 1270 1578 1338 pedis
1623 1268 1897 1324 doloribus

316 1370 669 1433 laborantem,
695 1366 784 1435 qui
806 1374 931 1419 tunc
956 1378 1055 1417 nec
1082 1362 1252 1417 morbi
1277 1362 1460 1417 dolore
1484 1360 1821 1431 prmpeditus,
1842 1360 1895 1413 in

313 1459 569 1513 Joannem
599 1472 697 1511 ceu
725 1455 893 1509 hostis
933 1453 1219 1507 insurrexit
1261 1450 1280 1524 (
1303 1452 1506 1507 Sozam.
1535 1452 1571 1505 ι.
1602 1450 1654 1505 8.
1686 1467 1733 1503 c.
1764 1449 1891 1522 16).

316 1550 447 1603 Illud
470 1565 621 1612 vero,
648 1557 703 1600 ut
727 1544 951 1615 carptim
979 1544 1172 1608 dicam,
1196 1558 1302 1599 non
1325 1543 1538 1611 impune
1563 1542 1688 1596 fecit
1715 1558 1726 1593 :
1758 1550 1895 1610 post-

312 1655 376 1694 ca
417 1639 557 1694 enim
600 1652 724 1691 eum
763 1635 917 1690 male.
943 1623 1198 1697 haberet,
1225 1648 1347 1687 crus
1374 1634 1423 1707 ei
1455 1647 1598 1701 saepe
1621 1647 1650 1685 a
1676 1630 1897 1686 medicis

313 1732 601 1785 dissectum
630 1736 731 1783 est.
758 1726 1147 1797 Superveniens
1174 1724 1314 1781 enim
1339 1724 1560 1795 putredo
1587 1733 1754 1779 totum
1778 1738 1896 1778 cor-

311 1836 415 1889 pus
438 1820 854 1888 depascebatur;
881 1817 1021 1872 adeo
1051 1826 1109 1871 ut
1135 1816 1270 1871 alter
1287 1830 1498 1885 quoque
1521 1831 1617 1886 pes
1640 1816 1776 1870 idem
1804 1831 1896 1886 pa-

313 1919 518 1964 teretur
542 1925 603 1964 ex
635 1916 814 1963 mutua
844 1907 1042 1962 doloris
1069 1907 1568 1971 communicatione,
1596 1915 1759 1976 atque
1783 1923 1894 1963 non

309 2003 481 2056 multo
520 2009 639 2070 post
673 2001 722 2054 in
749 2000 1019 2054 doloribus
1043 1998 1334 2054 exstinctus
1360 2007 1459 2053 est.
1499 1997 1581 2054 Ad
1629 1998 1896 2069 Theophi-

310 2094 423 2146 lum
453 2091 583 2146 item
610 2090 803 2146 defecit
830 2090 1025 2144 Paulus
1055 2088 1427 2154 Heracleotes,
1470 2088 1558 2159 qui
1590 2104 1693 2143 non
1729 2089 1893 2144 semel

309 2200 341 2238 a
377 2182 586 2239 Joanne
625 2183 676 2237 in
717 2181 941 2251 negotiis
979 2180 1245 2236 adhibitus
1285 2178 1474 2235 fuerat.
1519 2178 1653 2247 Quid
1680 2179 1723 2232 si
1752 2179 1896 2233 dica-

308 2289 451 2337 mus,
495 2288 616 2325 cum
664 2271 957 2339 TheOpltilo
998 2278 1186 2338 patrno
1229 2283 1327 2321 suo
1368 2267 1597 2322 adfuisse
1639 2267 1893 2338 Cyrillum

308 2365 579 2434 juvenem,
609 2363 698 2432 qui
729 2371 904 2431 postea
933 2358 1228 2428 Tlteophilo
1256 2358 1528 2425 successit,
1557 2373 1617 2412 ac
1656 2357 1893 2412 doctrina

307 2455 769 2524 Sanctimoniaque
792 2452 1018 2508 celebris
1049 2451 1177 2505 fuit?
1740 2496 1745 2502 .

381 2543 773 2600 Criminationes
819 2550 994 2595 contra
1037 2539 1445 2610 Citrysostomum
1486 2537 1686 2592 oblatw.
1717 2568 1786 2576 —
1828 2536 1892 2590 lli

306 2638 471 2695 simul
492 2635 721 2706 judices,
753 2642 1087 2689 accusatores
1115 2641 1168 2687 et
1207 2639 1367 2685 testes
1404 2637 1588 2695 erant,
1617 2627 1701 2683 vel
1733 2636 1893 2682 testes

307 2732 475 2787 falsos
507 2729 828 2784 advocarent
871 2725 890 2797 (
917 2724 1127 2778 I’hotius
1165 2721 1407 2777 Bibliotlt.
1435 2720 1548 2775 cod.
1581 2718 1724 2790 ιιι).
1763 2718 1894 2773 Tre-

306 2822 484 2877 decim
516 2820 631 2873 hare
655 2817 949 2873 actionibus
976 2823 1183 2886 peracta
1215 2822 1338 2868 sunt
1362 2832 1375 2868 :
1399 2811 1677 2869 duodecim
1700 2825 1893 2884 nempe

305 2921 498 2966 contra
527 2910 789 2965 Joannem
829 2906 1046 2977 prolatae
1088 2913 1245 2973 sunt,
1290 2905 1444 2959 tertia
1473 2903 1681 2959 decima
1708 2911 1890 2958 contra

310 3002 634 3056 Heracliden
663 3008 796 3064 erat,
826 3013 982 3068 quem
1016 2996 1259 3067 Ephesiis
1280 2995 1370 3049 ille
1390 2994 1660 3049 ordinarat
1683 2994 1896 3063 episco-

309 3108 435 3162 pum
468 3110 482 3145 :
514 3090 664 3160 cujus
694 3098 867 3143 tamen
894 3087 1279 3157 depositionem
1309 3084 1591 3139 invalidam
1627 3083 1850 3139 reddere
1872 3123 1889 3148 ,

305 3182 432 3236 aliis
458 3180 728 3236 nonnullis
758 3176 1177 3248 prohibentibus,
1207 3176 1423 3230 minime
1448 3182 1751 3243 potuerunt.
1781 3173 1889 3228 lle-

304 3271 530 3328 raclidze
548 3278 723 3324 autem
745 3277 1018 3323 accusator
1043 3266 1139 3321 fuit
1162 3265 1436 3331 Macarius,
1461 3263 1755 3333 Magnetum
1776 3263 1891 3332 epi-

303 3376 526 3431 scopus.
591 3359 810 3415 Joannis
854 3373 982 3413 vero
1044 3354 1406 3427 Chrysostomi
1468 3361 1743 3408 accusator
1799 3351 1895 3407 fuit.

302 3454 547 3508 Joannes
578 3451 857 3516 Diaeonus,
889 3448 1119 3518 episc0pi
1160 3446 1242 3501 sui
1281 3447 1449 3516 palam
1476 3445 1664 3511 hostis,
1689 3444 1779 3514 qui
1808 3458 1894 3499 se-

304 3556 539 3615 quentes
567 3542 963 3598 criminationes
997 3540 1048 3594 in
1090 3539 1346 3595 Joannem
1373 3537 1676 3607 episcopum
1698 3535 1890 3590 attulit.

390 3635 467 3689 ιο.
509 3634 661 3701 Quod
688 3649 745 3688 se
770 3649 801 3688 e
830 3632 1108 3687 diaconatu
1136 3630 1442 3696 amovisset,
1468 3630 1593 3699 quia
1624 3629 1738 3697 ipse
1766 3642 1894 3697 puc-

307 3742 432 3781 rum
458 3740 611 3779 saum
642 3724 989 3778 domesticum
1011 3723 1399 3777 verberaverat.

387 3816 466 3869 2°.
497 3814 646 3882 Quod
674 3812 906 3869 Joannes
929 3811 1141 3882 quidam
1169 3809 1455 3864 Monachus
1478 3809 1628 3878 jussu
1658 3807 1773 3877 ejus
1796 3822 1892 3860 va-

310 3904 581 3975 pulasset,
634 3909 1003 3972 raptatusque,
1054 3914 1116 3954 ac
1160 3914 1280 3954 cum
1329 3898 1668 3953 diemoniacis
1708 3907 1895 3953 catena

312 3997 486 4049 ferrea
510 3992 832 4046 constrictus
862 3990 1065 4044 fuisset.

389 4085 467 4139 δ”.
498 4084 648 4151 Quod
671 4082 998 4138 cimeliorum
1030 4077 1326 4153 (Ecclesiae)
1360 4090 1603 4147 magnam
1630 4075 1737 4129 vim
1765 4090 1896 4129 ven-

311 4178 557 4233 didisset.

389 4270 467 4324 4⁸.
498 4266 648 4334 Quod
696 4278 983 4328 marmora,
1025 4277 1140 4332 quae
1182 4260 1456 4315 Nectarins
1496 4257 1783 4325 reliquerat
1827 4255 1891 4308 ad

314 4365 611 4419 ornandam
651 4366 847 4413 sancta:
888 4353 1179 4410 Anastasiae
1222 4350 1503 4407 ecclesiam
1524 4392 1539 4417 ,
1568 4349 1681 4420 ipse
1706 4347 1891 4403 vendi-

316 4456 476 4509 :lcrit.

391 4547 472 4601 5°.
519 4544 671 4611 Quod
717 4541 940 4597 clericos
982 4537 1274 4609 appellaret
1300 4536 1453 4603 viles,
1485 4542 1781 4604 corruptos,
1812 4531 1894 4585 in-

320 4641 497 4705 utiles,
532 4637 753 4691 triobola
763 4650 864 4688 res.
1900 4672 1905 4679 .

393 4730 470 4783 6⁸.
518 4728 669 4796 Quod
712 4726 768 4781 S.
804 4722 1155 4795 Epiphanium
1184 4719 1408 4775 delirum
1449 4714 1811 4788 appellaverit,
1845 4722 1899 4769 ct

323 4836 541 4890 parvum
569 4818 908 4872 dannonium.

393 4912 472 4964 7’.
496 4908 649 4976 Quod
676 4906 965 4963 Severiano
991 4902 1207 4957 insidias
1231 4899 1512 4961 struxerit,
1544 4894 1772 4950 incitatis
1809 4893 1900 4947 ad-

321 5017 511 5058 versus
543 5001 688 5054 illum
715 4996 948 5052 decanis.

393 5094 472 5147 8°.
518 5090 667 5158 Quod
697 5095 881 5143 contra
915 5086 1118 5141 clerum
1159 5082 1347 5137 librum
1385 5077 1744 5152 schphantiis
1786 5075 1898 5144 ple—

323 5201 447 5238 num
476 5182 770 5252 scripserit.

395 5277 475 5331 9°.
504 5274 657 5341 Quod
686 5272 848 5327 totius
876 5270 1003 5326 cieri
1030 5276 1292 5323 conventu
1322 5263 1457 5318 facto
1475 5306 1489 5330 ,
1519 5271 1627 5317 tres
1650 5261 1901 5315 diaconos

324 5366 534 5433 citarit,
580 5365 855 5428 Acacium,
900 5358 1194 5428 Edaphinm
1234 5365 1286 5410 et
1324 5354 1615 5416 Joannem,
1659 5360 1713 5405 et
1756 5349 1903 5419 quasi

327 5458 603 5512 hutncralc
656 5470 812 5510 suum
863 5452 1020 5507 furati
1073 5457 1285 5513 essent,
1328 5446 1624 5509 accusarit,
1663 5457 1903 5512 quaerens

328 5560 501 5606 utrum
534 5550 599 5605 ad
628 5549 790 5604 alium
817 5547 1042 5614 aliquem
1065 5557 1216 5597 usum
1249 5540 1375 5594 illud
1405 5537 1690 5607 cepissent.

397 5641 510 5699 10‘.
542 5638 699 5708 Quod
726 5635 1033 5699 Antonium,
1063 5632 1424 5699 sepulcrorum
1448 5626 1754 5681 violatorem
1782 5638 1906 5677 con-

332 5735 553 5801 victum,
584 5730 892 5800 episcopum
925 5722 1264 5779 ordinaverit.

1484 334 1665 393 NUNC
1700 333 1971 392 PRIMUM
2007 336 2398 394 ADORNATA.

3481 352 3582 409 198

2078 449 2188 504 11°.
2219 451 2371 518 Quod
2396 452 2652 509 Joannem
2678 456 2927 512 comitem
2974 458 3026 513 in
3064 459 3290 517 militum
3320 463 3583 523 seditione

2006 540 2317 609 prodiderit.

2075 630 2187 732 12'.
2240 632 2390 699 Quod
2436 648 2609 705 neque
2646 636 2698 691 in
2738 637 3018 695 ecclesiam
3052 641 3585 717 ingrediens,an

2005 735 2208 788 exiens,
2233 733 2558 792 precaretur.

2075 812 2187 867 15°.
2211 813 2364 879 Quod
2390 815 2505 870 sine
2528 816 2680 872 altari
2704 817 3047 875 diaconorum
3074 833 3129 879 et
3147 826 3582 899 presbyterorum

2003 902 2367 961 ordinationes
2394 906 2596 981 fecerit.

2074 992 2185 1047 14‘.
2213 993 2368 1060 Quod
2393 1012 2495 1051 una
2521 998 2853 1057 ordinatione
2877 1011 3104 1072 quatuor
3121 1006 3279 1062 simul
3301 1009 3582 1081 episcopos

2002 1087 2219 1139 crearit.

2075 1175 2185 1228 15°.
2214 1175 2363 1243 Quod
2377 1178 2633 1235 mulieres
2652 1181 2964 1251 susciperet,
2987 1184 3130 1240 solus
3150 1201 3270 1241 cum
3297 1188 3444 1255 solis,
3467 1191 3584 1248 aliis

2002 1265 2248 1319 omnibus
2275 1266 2419 1322 foras
2446 1270 2673 1325 emissis.

2075 1356 2187 1411 lluc
2232 1359 2498 1427 respicere
2540 1360 2748 1415 videtur
2790 1362 2929 1432 quod
2971 1366 3046 1419 ait
3086 1364 3496 1438 Cltrysostomus
3529 1373 3584 1427 in

2000 1448 2237 1517 Epistola
2289 1451 2356 1505 ad
2399 1452 2701 1521 Cyriacum,
2735 1463 2878 1510 tomo
2914 1459 3117 1513 tertio:
3166 1460 3294 1525 Quin
3336 1479 3415 1516 me
3455 1480 3586 1532 quo-

2001 1557 2095 1609 que
2148 1557 2264 1593 cum
2329 1542 2557 1606 muliere,
2601 1545 2926 1601 concubuisse
2993 1549 3339 1604 criminantur.
3399 1551 3582 1607 Exuite

2002 1645 2187 1699 corpus
2240 1648 2403 1685 meum
2432 1673 2447 1695 ,
2486 1642 2535 1688 et
2592 1635 2926 1690 membrorum
2977 1640 3409 1708 mortiﬁcationem
3467 1660 3585 1714 rape

1999 1722 2153 1774 rietis.
3408 1742 3411 1744 ·

2072 1812 2181 1865 16°.
2210 1811 2361 1879 Quod
2388 1813 2749 1870 ltzercditatem
2769 1831 2796 1869 a
2819 1817 3012 1872 Thecla
3036 1820 3270 1876 relictam
3295 1838 3387 1891 per
3409 1824 3449 1877 Τ
3454 1824 3584 1879 heo-

2006 1901 2187 1955 dulum
2218 1902 2532 1956 vendiderit.
3251 1931 3254 1934 ~

2073 1989 2182 2045 17°.
2219 1990 2369 2059 Quod
2429 1992 2682 2049 Ecclesiae
2739 1994 2942 2051 reditus
2998 2000 3156 2054 neuio
3218 2003 3423 2056 noverit
3479 2017 3585 2072 quo

2003 2089 2213 2145 abeant.

2072 2179 2183 2234 18'.
2216 2179 2367 2245 Quod
2389 2180 2751 2249 Serapionem,
2773 2181 2825 2237 in
2850 2184 3053 2240 crimen
3076 2196 3337 2253 vocatum,
3366 2190 3586 2261 presby-

2002 2277 2171 2323 terum
2199 2269 2541 2325 ordiuaverit.

2076 2360 2184 2417 19°.
2217 2362 2366 2429 Quod
2397 2378 2510 2429 eos,
2537 2364 2624 2432 qui
2654 2380 2773 2419 cum
2801 2374 2911 2421 toto
2940 2368 3068 2424 orbe
3087 2371 3583 2438 communicabant,

2001 2451 2163 2519 ipsius
2191 2453 2449 2507 sententia
2486 2453 2798 2510 inclusos-et
2822 2456 2873 2510 itt
2902 2472 3116 2513 carcere
3143 2460 3418 2514 defunctos
3448 2476 3581 2516 con-

2003 2543 2318 2612 tetnpscrit;
2349 2545 2419 2597 ita
2463 2555 2518 2598 ut
2548 2560 2617 2599 ne
2645 2560 2866 2615 corpora
2907 2549 3116 2618 quidem
3148 2550 3382 2620 ipsorum
3409 2553 3585 2622 sepul-

2003 2642 2136 2687 tura:
2164 2635 2418 2690 mandare
2444 2637 2686 2706 dignatus
2715 2639 2803 2692 sit.

2071 2723 2185 2779 20°.
2218 2725 2369 2791 Quod
2397 2728 2788 2782 sanctissimum
2818 2730 3081 2789 Acacium,
3100 2731 3287 2802 injuria
3312 2733 3580 2801 all'ecerit,

1999 2822 2053 2867 et
2082 2828 2149 2868 ne
2175 2814 2241 2869 ad
2269 2815 2592 2885 colloquium
2621 2818 2834 2887 quidem
2866 2820 3036 2889 ipsum
3080 2822 3373 2877 admiserit.

2068 2905 2181 2962 21°.
2226 2906 2377 2974 Quod
2428 2909 2776 2981 Porphyrium
2822 2912 3192 2983 presbyterum
3220 2915 3495 2987 Eutropio,
3530 2925 3585 2974 ut

1998 2997 2056 3056 in
2083 2998 2323 3053 exsilium
2354 2999 2661 3068 pelleretur,
2705 3001 2996 3056 tradiderit.

2070 3088 2182 3143 29.”.
2213 3088 2363 3156 Quod
2392 3088 2677 3144 Venerium
2724 3092 2847 3144 item
2887 3093 3253 3164 presbyterum
3293 3112 3413 3151 cum
3451 3112 3581 3152 con-

2003 3178 2219 3233 tumelia
2252 3180 2413 3233 multa
2447 3180 2737 3234 tradiderit.

2070 3267 2186 3323 23°.
2236 3268 2387 3334 Quod
2433 3269 2507 3323 illi
2555 3270 2650 3324 soli
2696 3270 2940 3325 balneum
2989 3273 3359 3339 succendatur,
3399 3286 3453 3332 et
3494 3279 3580 3334 ubi

1999 3358 2226 3426 laverit,
2275 3359 2530 3429 Serapion
2590 3362 2788 3416 aditum
2851 3364 3078 3431 claudat,
3136 3375 3193 3420 ut
3242 3368 3378 3423 alius
3425 3384 3584 3427 nemo

1999 3448 2158 3505 lavet.

2067 3540 2184 3599 24⁸.
2213 3541 2363 3609 Quod
2392 3543 2506 3598 sine
2537 3543 2756 3598 testibus
2783 3545 2976 3599 multos
3002 3546 3274 3602 ordinarit.

2072 3633 2191 3690 25°.
2223 3634 2373 3702 Quod
2402 3635 2546 3690 solus
2583 3635 2703 3689 edat
2732 3637 3162 3706 intemperanter,
3187 3640 3474 3712 Cyclopum
3503 3644 3581 3697 vi-

2002 3732 2107 3779 tam
2135 3741 2319 3795 agens.

2068 3814 2181 3869 26".
2215 3815 2364 3880 Quod
2408 3816 2518 3885 ipse
2544 3826 2775 3881 accuset,
2803 3817 2972 3884 sitque
3002 3819 3150 3872 testis
3183 3819 3437 3888 etjudex.
3470 3822 3582 3876 Pla-

2005 3919 2238 3974 numque
2263 3905 2315 3960 id
2345 3919 2464 3960 esse
2489 3921 2554 3960 ex
2595 3905 2681 3971 iis,
2710 3922 2828 3975 qua:
2873 3923 2995 3961 cum
3036 3908 3285 3979 Martyrio
3314 3913 3581 3979 protodia-

2002 4008 2159 4061 cono,
2199 4004 2251 4048 et
2290 3995 2643 4061 Prohmresio,
2676 3995 2846 4066 Lycia:
2874 3996 3140 4066 episcopo,
3170 4009 3315 4068 gesta
3347 4000 3582 4055 referuno

2003 4093 2102 4138 lUl‘.

2071 4173 2188 4226 27".
2247 4173 2399 4238 Quod
2451 4174 2781 4231 Memnonem
2828 4176 2877 4229 in
2923 4176 3148 4231 ecclesia
3209 4178 3581 4247 Apostolorum

1999 4277 2175 4332 pugno
2205 4264 2538 4331 percusserit,
2572 4272 2625 4318 et
2665 4267 2918 4336 sanguine
2942 4281 3009 4321 ex
3037 4281 3130 4322 ore
3167 4277 3433 4336 manante,
3463 4287 3579 4342 my-

2002 4351 2161 4405 steria
2194 4358 2371 4410 tamen
2399 4351 2667 4406 obtulerit.

2074 4442 2192 4497 28'.
2226 4442 2376 4510 Quod
2428 4444 2478 4496 in
2529 4446 2719 4498 throno
2763 4454 3045 4498 exucretur
3086 4455 3139 4499 ct
3177 4447 3498 4514 indueretur,
3529 4459 3580 4504 et

2004 4532 2271 4601 pastillum
2299 4531 2499 4585 ederet.

2072 4623 2186 4678 99°.
2214 4622 2365 4690 Quod
2392 4622 2653 4691 episcopis
2691 4622 2758 4675 ab
2783 4637 2839 4675 se
2866 4622 3123 4678 ordinatis
3149 4624 3397 4694 pecunias
3427 4625 3584 4696 largi-

2004 4724 2169 4778 retur,
2195 4721 2252 4766 ιιι
2276 4728 2371 4781 per
2399 4711 2518 4765 illos
2543 4710 2751 4765 Clerum
2779 4712 3123 4783 opprimeret.

2077 4802 2460 4872 Chrysostomus
2478 4802 2549 4854 ad
2573 4799 2839 4869 Synode
2892 4809 3103 4855 rocatm
3124 4800 3328 4856 abnuit.
3353 4834 3421 4846 --
3493 4806 3583 4859 llis

2005 4894 2195 4947 oblatis
2234 4892 2626 4945 accusationum
2657 4891 2937 4961 capitibus,
2966 4890 3289 4962 Theophilus
3315 4903 3369 4948 et
3405 4900 3581 4952 ett-teri

2006 4984 2238 5054 episcopi
2270 4983 2542 5055 Synodum
2567 4985 2970 5051 constituentes,
2999 4985 3255 5039 Joannem
3278 4988 3507 5041 citarnnt
3528 4998 3584 5043 ιιι

2007 5076 2073 5129 ad
2097 5074 2366 5144 Synodum
2396 5082 2726 5142 compareret
2771 5073 3009 5141 (Pltotius
3033 5092 3085 5146 ρ.
3113 5076 3180 5131 55
3208 5085 3253 5131 et
3277 5094 3413 5147 seqq.
3447 5077 3573 5132 Pal-

2008 5167 2110 5220 lad.
2169 5163 2418 5236 Dialog.).
2468 5164 2633 5219 Erant
2672 5175 2796 5220 tunc
2834 5182 2952 5221 cum
2992 5165 3196 5222 Joanne
3239 5169 3581 5241 quadraginta

2009 5257 2259 5326 episcopi,
2308 5257 2555 5311 sedentes
2598 5257 2648 5310 in
2702 5258 2929 5313 triclinio
2978 5258 3263 5329 cpiscopii,
3313 5270 3586 5331 stupentes

2009 5347 2276 5416 quomodo
2316 5360 2456 5408 rcus,
2487 5354 2541 5400 et
2574 5356 2787 5416 pr0pter
2828 5347 3047 5401 crimina
3087 5349 3231 5403 solus
3259 5349 3325 5403 ad
3353 5351 3585 5406 Comita-

2013 5447 2119 5492 tutn
2150 5447 2202 5492 et
2244 5435 2569 5506 lmperialem
2609 5436 2872 5492 civitatem
2916 5438 3096 5494 venire
3131 5438 3334 5509 jussus,
3362 5459 3480 5497 cum
3512 5452 3585 5498 tot

2011 5530 2273 5599 episcopis
2299 5529 2599 5583 advenisset
2627 5547 2641 5583 :
2673 5544 2777 5600 quo
2819 5539 2973 5599 pacto
3004 5532 3294 5601 principum
3321 5542 3373 5587 et
3417 5534 3583 5602 magi—

2012 5629 2269 5675 stratunm
2318 5619 2604 5674 sententias
2646 5620 2820 5674 subito
2863 5630 3277 5688 commutasset,
3324 5622 3582 5693 plerisque

2015 5721 2078 5765 de
2107 5711 2262 5766 (Ilero
2294 5711 2388 5780 ipsi
2418 5710 2786 5765 annitentibus.
2824 5710 3011 5765 Verum
3060 5728 3189 5766 auro
3218 5709 3390 5763 omnia
3419 5724 3581 5778 prona
