4110 6148
446 375 576 433 ⁸199

464 507 518 553 et
544 492 719 551 facilia
758 486 1069 544 redduntur.
1102 478 1308 535 Interea
1350 487 1481 531 vero
1522 472 1758 528 Joannes
1782 484 1811 523 a
1837 466 2056 539 Synodo

462 588 531 646 ad
563 586 826 655 Quercum
858 577 1049 633 citatur
1071 583 1128 631 et
1148 583 1459 640 comparere
1478 566 1712 638 jubetur.
1752 561 2061 633 Respondet

465 680 554 735 ille
583 654 597 728 ξ
632 674 694 731 Si
718 680 918 740 apertos
945 668 1110 721 hostes
1135 680 1198 719 ea;
1229 661 1466 733 judicttm
1495 657 1672 712 ordine
1690 654 2056 720 submoveritis,

465 777 651 842 prwsto
701 781 833 830 sum,
887 776 1064 831 meque
1109 757 1320 819 sistam;
1351 760 1424 817 ut,
1457 751 1503 806 si
1546 751 1656 821 quis
1707 764 1786 802 me
1813 756 2057 813 accuset,

464 838 674 914 causam
695 856 906 909 dicant:
932 854 1010 906 sin
1046 849 1103 903 id
1129 849 1296 914 facere
1319 842 1725 904 detrectaveritis,
1757 842 1946 909 quoties
1984 838 2060 891 ci.

466 949 655 1015 tnbitis,
685 945 812 1001 nihil
840 942 1131 1014 proﬁciatis.
1164 939 1242 993 Illi
1283 951 1409 992 vero
1435 949 1569 1006 quos
1604 931 1814 988 excludi
1848 930 2060 984 volebat

465 1050 620 1097 erant
682 1035 1043 1108 Theophilus,
1087 1029 1443 1095 Severianus,
1491 1024 1717 1081 Aeacius
1776 1030 1830 1078 et
1873 1020 2060 1076 Antio-

466 1133 621 1189 chus.

543 1225 724 1281 Primo
763 1221 1133 1279 examinat-unt
1173 1223 1333 1287 caput
1374 1212 1603 1285 primum
1642 1217 1697 1266 et
1725 1204 2014 1264 secundum
2044 1244 2060 1269 ,

472 1334 594 1392 qua:
633 1318 891 1374 Joannem
920 1314 1200 1368 diaconum
1227 1317 1281 1365 et
1304 1308 1563 1363 Joannem
1594 1301 1908 1358 Monachum
1940 1314 2063 1369 spe-

474 1391 710 1468 ctabant.
740 1408 874 1464 Ilinc
901 1410 1180 1474 cmperunt
1200 1403 1384 1456 contra
1411 1395 1730 1452 Heracliden
1760 1391 1974 1462 Ephesi,
2014 1397 2068 1444 et

477 1504 772 1562 Palladium
800 1498 1191 1568 l~lelen0poleos
1215 1498 1496 1564 eplscopos
1521 1487 1808 1559 inquirere.
1834 1483 2066 1540 Joannes

474 1611 606 1652 vero
647 1591 958 1657 Monachus,
1000 1588 1089 1660 qui
1137 1588 1188 1641 in
1219 1583 1454 1640 secundo
1479 1581 1649 1649 capite
1676 1591 1835 1646 supra
1862 1589 2066 1630 memo—

478 1699 657 1750 ratur,
701 1683 936 1739 libellum
987 1678 1196 1745 obtulit,
1244 1686 1499 1730 accusans
1544 1667 1880 1732 Heracliden,
1929 1664 2067 1736 quod

476 1775 779 1847 Origenista
806 1779 966 1836 esset,
994 1778 1046 1824 et
1086 1766 1226 1838 quod
1252 1765 1508 1820 Cursarem
1532 1759 1828 1815 Palmstinae
1854 1757 1905 1809 in
1931 1755 2069 1847 furto

478 1843 846 1937 deprehensus
872 1861 1082 1925 fuisset,
1112 1853 1350 1927 Aquilini
1373 1850 1582 1906 diaconi
1621 1848 1937 1903 vestimenta
1985 1843 2069 1897 fu-

478 1935 670 2012 ratus:
703 1963 749 2008 et
792 1950 1016 2024 quamvis
1065 1947 1181 2001 tatis
1229 1953 1386 2008 esset,
1437 1940 1629 2011 inquit,
1659 1937 1884 1991 Joannes
1925 1935 2071 1989 illum

482 2044 674 2115 Ephesi
702 2042 992 2114 episcopum
1011 2035 1280 2092 ordinavit.
1307 2031 1603 2088 Accusabat
1630 2036 1886 2098 prmterea
1911 2025 2072 2080 Joan-

480 2151 625 2202 nem,
656 2132 800 2205 quod
830 2131 993 2186 multa
1024 2127 1163 2183 mala
1216 2123 1366 2196 (Haec
1403 2122 1576 2176 vitiata
1603 2117 1856 2188 videntur)
1884 2116 2072 2185 Orige-

481 2230 739 2286 nistarum
767 2238 925 2282 causa
951 2234 1140 2292 passus
1169 2225 1331 2283 esset,
1362 2230 1458 2286 per
1506 2212 1875 2282 Serapionem,
1905 2206 2072 2277 quod-

478 2336 584 2392 que
643 2320 792 2374 illum
858 2316 1111 2371 misisset.
1181 2311 1386 2367 Horum
1449 2306 1725 2378 praemisso
1783 2303 2070 2370 examine,

480 2411 786 2481 inquisitum
813 2404 1110 2463 estdeinde
1140 2404 1191 2458 in
1224 2408 1383 2470 caput
1406 2413 1605 2454 nonum
1633 2395 2028 2451 accusationum
2054 2434 2071 2460 ,

482 2500 622 2572 quod
649 2508 760 2554 tres
786 2497 1041 2552 diaconos
1069 2493 1137 2548 de
1167 2492 1307 2546 furto
1335 2487 1625 2542 ltumeralis
1652 2486 1733 2540 sui
1771 2484 2073 2539 accusavis-

481 2601 598 2655 set;
630 2599 683 2645 et
706 2588 1018 2660 vigesimum
1046 2585 1352 2653 septimum,
1376 2580 1517 2650 quod
1543 2578 1875 2633 Memnonem
1898 2590 2075 2647 pugno

483 2681 854 2752 percussisset.
886 2687 991 2733 etc.

528 2780 531 2793 ’
556 2774 686 2827 Alia:
706 2773 757 2825 in
791 2770 1200 2841 Chrysostomum
1227 2764 1620 2820 criminationes.
1647 2792 1719 2802 —
1747 2761 1936 2815 Postea
1960 2776 2076 2815 rur-

481 2880 600 2920 sum
628 2863 858 2919 lsaacius
884 2860 1188 2930 episc0pum
1216 2854 1530 2911 Heracliden
1560 2850 1825 2907 accusavit
1851 2859 1912 2905 ut
1953 2849 2075 2904 Ori-

481 2958 777 3029 genistam,
827 2952 916 3024 qui
969 2966 999 3004 a
1053 2948 1388 3004 sanctissimo
1444 2942 1743 3015 Epiphanio
1800 2955 1974 3011 neque
2023 2939 2077 2994 in

485 3046 825 3119 precationis,
869 3058 1044 3114 neque
1084 3041 1151 3097 ad
1201 3053 1402 3094 mensae
1446 3035 1772 3092 consortium
1813 3032 2077 3088 admissus

486 3138 694 3193 fuisset.
728 3135 953 3192 Protulit
978 3133 1116 3188 idem
1145 3129 1375 3186 lsaacius
1396 3127 1633 3184 libellum
1677 3133 1862 3180 contra
1900 3122 2077 3195 Chry-

483 3237 800 3293 sostomum,
827 3225 943 3280 hazc
983 3223 1369 3279 continentem.

555 3320 633 3375 1°.
668 3318 742 3373 De
767 3304 973 3372 Joanne
1000 3313 1258 3369 Monacho
1283 3313 1393 3382 jam
1423 3318 1740 3376 memorato,
1770 3307 1912 3378 quod
1951 3321 2077 3380 pro-

482 3419 604 3484 pter
627 3409 955 3479 Origenistas
981 3405 1284 3476 vapulasset
1306 3412 1360 3458 et
1385 3402 1526 3459 ferro
1556 3402 1763 3456 vinctus
1800 3399 2005 3454 fuisset.

550 3502 630 3556 2°.
657 3501 810 3569 Quod
836 3502 899 3554 Β.
945 3497 1277 3569 Epiphanius
1321 3504 1540 3566 propter
1583 3495 1683 3550 hos
1708 3491 2034 3564 Origenistas
2058 3533 2073 3557 ,

483 3593 851 3658 Ammonium,
895 3588 1262 3660 Euthymium,
1307 3586 1619 3651 Eusebium,
1669 3583 1982 3640 Heracliden
2026 3592 2080 3637 et

483 3682 797 3746 Palladium,
828 3695 949 3735 cum
975 3679 1067 3734 illo
1098 3678 1356 3733 noluisset
1380 3676 1792 3730 communicare.

555 3772 633 3826 5°.
664 3770 817 3840 Quod
862 3768 1301 3838 hospitalitatem,
1331 3766 1479 3829 solus
1505 3764 1742 3843 quotidie
1767 3763 2074 3830 comedens,

483 3863 806 3931 despiceret.

553 3955 636 4010 1°.
666 3954 819 4022 Quod
849 3952 902 4007 in
928 3951 1150 4008 ecclesia
1175 3949 1396 4007 dixisset
1417 3949 1648 4004 Mensam
1676 3960 1796 4003 esse
1824 3946 2079 4002 furiarum

484 4048 718 4119 plenam.

554 4139 634 4194 5".
664 4136 817 4204 Quod
861 4136 912 4190 iu
956 4133 1179 4190 ecclesia
1219 4131 1496 4204 gloriando
1532 4129 1755 4186 dixisset
1786 4146 1901 4185 anto
1928 4140 1975 4185 et
2002 4131 2081 4185 in-

481 4230 646 4284 sauia.

555 4320 654 4376 Hie
679 4327 865 4376 notare
890 4319 1099 4375 videtur
1135 4318 1342 4374 initium
1373 4317 1604 4373 humilia:
1631 4316 1769 4372 illius
1796 4316 2081 4388 singularis

484 4421 642 4471 antea
672 4413 904 4478 inedita),
955 4428 1113 4484 quam
1146 4412 1349 4479 habuit,
1382 4420 1660 4482 postquam
1709 4409 1947 4465 Eudoxia
1980 4410 2081 4465 lm-

486 4503 754 4577 peratrice
774 4504 1067 4560 comitante
1095 4513 1149 4558 et
1190 4501 1412 4573 pedibus
1453 4503 1556 4555 iter
1596 4510 1785 4571 agente
1811 4500 2081 4569 Reliquias

488 4605 782 4668 martyrum
814 4595 1157 4652 transtulerat
1199 4595 1250 4649 in
1290 4593 1573 4650 ecclesiam
1618 4608 1808 4649 novem
1839 4592 2080 4652 milliari-

485 4688 584 4743 bus
624 4688 1083 4758 Constantinopoli
1111 4687 1419 4742 distantem.
1461 4685 1548 4741 Sic
1591 4685 1735 4740 enim
1763 4685 1815 4738 in
1856 4684 2079 4739 ecclesia

484 4778 573 4833 illa
620 4778 893 4833 homiliam
938 4778 1139 4846 incipit,
1193 4776 1325 4842 Quid
1377 4777 1564 4841 dicant,
1608 4784 1656 4829 et
1697 4776 1817 4845 quia
1860 4774 2082 4846 loquar?

487 4866 710 4923 Exsulta
779 4874 827 4918 et
882 4864 1110 4918 insanio.
1146 4864 1222 4932 (id
1253 4871 1571 4934 sequentem
1599 4862 1759 4918 etiam
1797 4866 2077 4922 articulum

484 4957 696 5027 suspicit

556 5047 634 5102 6°.
663 5046 813 5113 Quod
840 5047 1110 5117 explicare
1149 5046 1361 5111 debeat,
1402 5063 1519 5118 qua:
1563 5048 1670 5102 sint
1699 5049 1802 5104 illa:
1833 5049 2002 5115 futize,
2027 5059 2081 5104 et

485 5136 613 5208 quid
666 5138 768 5191 sibi
810 5139 938 5192 velit
985 5138 1134 5204 illud,
1185 5136 1398 5193 Exsulta
1440 5148 1488 5192 et
1535 5138 1734 5194 insanio
1767 5157 1784 5194 :
1812 5140 1908 5196 has
1938 5141 2077 5196 enim

489 5227 726 5284 Ecclesia
754 5215 912 5283 voces
942 5228 1168 5299 ignorat.

554 5320 637 5375 '7'.
676 5320 828 5388 Quod
859 5321 1124 5377 licentiam
1157 5321 1524 5392 peccatoribus
1552 5320 1818 5393 praeberet
1858 5322 2077 5377 dicens:

498 5409 554 5466 Si
579 5412 758 5465 iterum
787 5412 1025 5483 peccasti,
1056 5415 1238 5468 iterum
1274 5415 1617 5488 pwnitentiam
1640 5431 1754 5483 age,
1804 5426 1849 5470 et
1890 5417 2081 5484 quoties

488 5506 788 5577 peccaveris,
820 5506 932 5561 veni
958 5506 1028 5561 ad
1053 5524 1131 5562 me
1157 5524 1176 5564 :
1201 5518 1247 5564 et
1279 5526 1370 5581 ego
1409 5519 1455 5563 te
1483 5508 1690 5563 sonabo.

562 5600 642 5657 8'.
675 5599 827 5668 Quod
870 5602 925 5657 in
965 5602 1193 5663 ecclesia
1238 5602 1662 5675 bIaSphemasset
1703 5601 1906 5670 dicens,
1931 5601 2082 5658 Chri-

489 5701 629 5746 sutm
664 5701 969 5760 precantem
995 5692 1112 5749 ideo
1135 5710 1238 5753 non
1269 5695 1574 5757 exauditam
1601 5694 1782 5762 fuisse,
1812 5693 1952 5766 quod
1975 5710 2081 5751 non

494 5790 549 5835 ut
573 5784 850 5853 oportebat
876 5793 1123 5857 precatus
1143 5794 1302 5842 esset.

1536 356 1596 413 S.
1636 349 1916 412 JOANNIS
1952 348 2429 409 CHRYSOSTOMI
2475 351 2653 416 VITA.

3653 348 3757 409 200

2237 464 2315 522 9°.
2362 467 2515 536 Quod
2543 466 2609 523 ad
2637 466 2954 525 seditionem
2995 467 3248 540 populum
3290 465 3569 535 excitaret,
3601 478 3759 524 etiam

2163 561 2419 618 adversus
2451 561 2751 633 Synodum.
3776 608 3785 647 ρ

2237 653 2350 709 10°.
2381 653 2551 721 Quod-
2584 654 2843 724 gentiles,
2892 653 2983 724 qui
3032 653 3198 708 multa
3246 652 3386 707 mala
3441 650 3780 708 Christianis

2168 744 2474 813 intulerant,
2507 746 2850 816 suscepisset,
2883 744 3010 800 etin
3036 741 3263 800 ecclesia
3303 743 3560 799 retineret
3603 755 3764 814 atque

2165 833 2493 890 defenderet.
3782 828 3794 898 ἱ

2239 926 2353 980 11°.
2399 925 2550 992 Quod
2582 926 2784 982 alienas
2828 924 3104 981 invaderet
3128 923 3451 996 provincias,
3482 934 3537 981 et
3565 925 3761 981 ibidem

2167 1017 2451 1088 episeOpos
2487 1017 2781 1073 ordinaret.

2241 1111 2354 1165 12°.
2386 1110 2539 1177 Quod
2568 1111 2849 1181 episcopos
2873 1108 3193 1165 contumelia
3227 1109 3483 1175 afficeret,
3511 1116 3565 1164 et
3601 1115 3759 1174 ἕκτη-ιο

2168 1207 2337 1269 Vati-eo;
2375 1199 2536 1271 (ch
2585 1216 2684 1256 vos;
2733 1201 2907 1255 uitiata
2957 1198 3200 1273 videtur)
3249 1199 3463 1271 iuberet
3511 1199 3702 1270 expelli
3732 1212 3765 1253 e

2170 1292 2330 1348 domo
2359 1307 2477 1348 sua.

2249 1386 2365 1441 15°.
2422 1385 2574 1453 Quod
2626 1387 2851 1444 clericos
2897 1387 3163 1444 inusitatis
3205 1386 3542 1443 contumeliis
3588 1385 3766 1441 allice-

2171 1489 2275 1536 ret.

2246 1573 2359 1628 15°.
2391 1572 2540 1642 Quod
2569 1573 2796 1628 aliorum
2825 1570 3065 1642 deposita
3100 1573 3151 1627 vi
3179 1580 3409 1642 raperet.

2248 1667 2361 1720 15°.
2394 1665 2544 1733 Quod
2573 1666 2688 1721 sine
2731 1674 2994 1720 conventu
3038 1674 3093 1721 et
3132 1675 3325 1737 prteter
3353 1665 3490 1721 Cleri
3518 1665 3766 1721 volunta-

2176 1765 2280 1811 tem
2314 1756 2674 1811 ordinationes
2699 1755 2916 1811 faceret.

2249 1847 2358 1903 16".
2396 1847 2547 1916 Quod
2592 1846 2920 1918 Origenistas
2967 1847 3268 1916 reciperet,
3310 1845 3770 1902 communicantes

2177 1956 2307 1996 vero
2349 1955 2469 1994 cum
2518 1939 2779 2004 Ecclesia,
2827 1938 3034 1993 etiamsi
3081 1936 3539 1993 eommendatitias
3586 1937 3771 1991 literas

2178 2031 2454 2099 atl‘errent,
2488 2031 2538 2085 in
2582 2045 2854 2086 carcerem
2898 2030 3169 2099 conjectos
3210 2044 3315 2083 non
3365 2030 3617 2100 eriperet,
3661 2029 3772 2084 imo

2177 2122 2299 2177 illos
2344 2123 2399 2176 in
2427 2137 2642 2178 carcere
2683 2121 2974 2177 morientes
3003 2137 3107 2177 non
3140 2120 3409 2175 inviseret.

2250 2216 2362 2270 17".
2417 2215 2567 2281 Quod
2611 2215 2813 2270 alienos
2859 2228 3045 2269 servos
3095 2213 3330 2268 nondum
3372 2212 3769 2279 manumiSsos,

2178 2307 2286 2363 imo
2311 2307 2469 2361 etiam
2495 2316 2793 2372 accusatos,
2827 2307 3107 2376 episcopos
3137 2305 3454 2361 ordinasset.

2252 2399 2363 2454 18°.
2392 2397 2544 2464 Quod
2576 2398 2747 2467 ipsum
2768 2396 3020 2451 lsaacium
3041 2397 3179 2452 male
3206 2412 3345 2465 smpe
3372 2396 3697 2450 mulctassct.

2251 2490 2486 2546 Primum
2514 2504 2642 2544 vero
2668 2499 2826 2558 caput
2850 2487 2917 2542 de
2945 2487 3148 2542 Joanne
3175 2486 3451 2552 Monacho,
3494 2487 3634 2556 quod
3659 2485 3772 2556 jam

2180 2591 2336 2637 antea
2368 2581 2725 2636 examinatum
2755 2579 2944 2647 fuerat,
2972 2580 3148 2635 denuo
3185 2588 3440 2634 excutere
3464 2579 3771 2633 noluerunt.

2180 2672 2283 2728 Sed
2325 2673 2392 2727 de
2418 2671 2654 2726 secundo
2683 2670 2825 2742 quod
2857 2686 3046 2740 nempe
3086 2671 3144 2727 S.
3172 2670 3500 2741 Epiphanius
3538 2686 3603 2725 eo
3628 2670 3775 2739 quod

2180 2765 2496 2837 Origenistis
2523 2765 2746 2832 faveret,
2792 2779 2912 2820 cum
2942 2765 3033 2820 illo
3074 2766 3467 2819 communicare
3492 2764 3775 2828 noluisset,

2181 2860 2529 2933 perquisitum
2579 2859 2707 2924 fuit;
2762 2859 3113 2928 similiterque
3159 2858 3225 2913 de
3268 2859 3515 2927 septimo,
3564 2858 3616 2911 in
3668 2871 3779 2924 quo

2182 2963 2326 3011 certe
2357 2953 2489 3009 nihil
2510 2967 2540 3007 a
2570 2953 2868 3008 Christiana
2900 2952 3177 3022 disciplina
3220 2951 3451 3005 alienum
3479 2949 3779 3020 deprehen-

2182 3045 2346 3101 ditur.
2392 3046 2468 3101 De
2523 3045 2681 3101 tertio
2724 3054 2909 3115 postea
2949 3053 3124 3100 actum
3171 3042 3289 3110 fuit,
3338 3043 3390 3097 in
3437 3059 3543 3113 quo
3588 3042 3781 3096 dicitur

2182 3137 2644 3210 Chrysostomum,
2671 3138 2758 3208 qui
2786 3138 2934 3193 solus
2960 3136 3200 3207 quotidie
3238 3136 3562 3197 comederet.
3593 3135 3778 3205 hospi-

2188 3229 2441 3283 talitatem
2472 3228 2747 3299 despicere
2774 3228 3049 3283 videretur
3074 3245 3087 3280 :
3116 3237 3382 3298 testesque
3406 3226 3626 3281 adhibiti
3653 3236 3782 3281 sunt

2188 3319 2437 3374 Arsacius
2478 3318 2777 3390 presbyter,
2809 3319 2895 3389 qui
2930 3327 3112 3387 postea
3151 3317 3530 3389 Cltrysostmno
3559 3332 3779 3372 succes-

2185 3409 2257 3464 sit
2306 3428 2320 3464 :
2369 3410 2604 3480 itemque
2662 3409 2868 3464 Atticus
2922 3417 2977 3464 ct
3026 3408 3267 3478 Elpidius
3319 3408 3634 3479 presbyteri,
3688 3408 3781 3478 qui

2185 3502 2367 3557 nescio
2387 3500 2513 3570 quid
2540 3500 2663 3556 inde
2688 3499 3074 3555 criminationis
3099 3515 3288 3555 eruere
3310 3507 3613 3570 potuerunt,
3637 3497 3781 3567 quod

2185 3607 2377 3662 nempe
2405 3593 2600 3661 prmsul
2630 3600 2738 3646 tam
2780 3590 3147 3661 frequentibus
3183 3591 3423 3660 corporis
3448 3589 3782 3659 :egritudini—

2185 3682 2284 3737 bus
2317 3682 2568 3737 laborans
2599 3682 2748 3737 solus
2772 3681 3095 3737 comederet.
3130 3681 3231 3750 Ipsi
3260 3695 3468 3751 quoque
3495 3695 3613 3734 cum
3644 3682 3784 3734 Aca-

2185 3773 2270 3826 cio
2300 3771 2615 3843 presbytero
2641 3771 2709 3827 de
2738 3780 2928 3842 quarto
2954 3772 3384 3833 criminationum
3413 3771 3606 3839 capite,
3635 3771 3781 3841 quod

2187 3877 2379 3934 nempe
2424 3862 2659 3918 Joannes
2701 3862 2753 3916 in
2808 3863 3033 3917 ecclesia
3082 3862 3329 3927 dixisset,
3377 3861 3611 3916 Mensam
3661 3878 3782 3918 esse

2189 3954 2448 4009 furiarum
2499 3954 2743 4021 plenam,
2791 3962 2955 4008 testes
2998 3953 3230 4008 fuerunt.
3274 3953 3561 4022 Postquam
3602 3965 3780 4008 autem

2188 4045 2304 4102 hate
2330 4060 2550 4109 excussa
2584 4044 2751 4109 fuere,
2781 4044 3020 4114 prmdicti
3052 4045 3368 4116 presbyteri,
3407 4055 3459 4099 et
3487 4060 3606 4100 cum
3650 4045 3780 4114 ipsis

2186 4137 2347 4192 etiam
2374 4134 2666 4191 Eudaemon
2697 4143 2750 4191 et
2788 4133 3091 4202 Onesimus,
3123 4136 3442 4191 sententiam
3485 4135 3781 4190 accelerarl

2188 4228 2539 4298 postularunt.

2260 4320 2384 4374 Ihec
2420 4329 2537 4380 acta
2565 4333 2596 4373 a
2625 4317 2817 4374 Photio
2842 4318 2999 4374 allata
3044 4326 3104 4374 ut
3131 4329 3376 4389 suspecta
3411 4318 3585 4388 rejicit
3613 4319 3785 4381 Baro-;

2187 4413 2338 4478 nius;
2372 4427 2557 4468 verum
2582 4427 2614 4467 a
2644 4412 2985 4468 Tillemontio
3019 4413 3244 4483 aliisque
3284 4412 3412 4466 viris
3454 4406 3787 4467 doetissimis'

2181 4504 2304 4574 jure
2348 4502 2670 4574 exploditur.
2721 4505 2853 4558 Acta
2900 4503 3041 4558 enim
3088 4503 3176 4558 illa
3220 4518 3307 4558 res
3358 4512 3415 4558 ut
3458 4518 3582 4558 vere
3613 4512 3765 4572 gesta
3782 4498 3803 4565 ζ

2187 4602 2312 4649 sunt
2336 4596 2634 4662 enuntiant,
2663 4605 2718 4650 et
2741 4610 2861 4650 cum
2893 4594 3126 4649 Palladio
3152 4596 3203 4649 in
3233 4596 3480 4649 omnibus
3506 4593 3617 4649 fere
3644 4610 3780 4649 cono

2187 4687 2424 4742 sentiunt
2470 4704 2484 4741 :
2529 4687 2582 4741 in
2629 4686 2946 4757 quibusdam
2991 4687 3133 4740 enim
3185 4686 3344 4740 etiam
3396 4684 3610 4740 Palladri
3662 4699 3777 4738 mvo

2187 4778 2328 4834 circa
2355 4793 2445 4833 res
2471 4786 2526 4832 et
2565 4786 2680 4833 acta
2726 4777 2970 4847 quaedam
2998 4778 3157 4830 variae
3198 4785 3350 4829 erant
3392 4775 3687 4845 opiniones,
3723 4785 3781 4829 nt

2189 4871 2240 4925 in
2285 4871 2631 4942 sequentibus
2672 4870 2958 4925 videbitur.
3010 4872 3266 4924 Actorum
3316 4870 3476 4923 etiam
3519 4884 3547 4920 a
3587 4865 3782 4922 I‘hotio

2189 4963 2580 5032 descriptorum
2610 4962 2890 5017 veritatem
2936 4961 3130 5031 probat
3157 4961 3426 5016 accusatio
3456 4961 3543 5013 illa
3572 4961 3779 5030 quinta,

2188 5068 2291 5123 qua
2314 5052 2509 5108 dicitur
2541 5055 2593 5107 in
2624 5053 2881 5108 concione
2915 5053 3140 5123 quadam
3171 5052 3271 5106 hoc
3305 5051 3611 5122 protulisse.
3645 5051 3785 5106 iusa-

2189 5146 2292 5199 nio.
2340 5146 2469 5212 Quae
2498 5161 2599 5200 vox
2646 5145 2870 5201 habetur
2894 5144 3044 5200 initio
3073 5145 3365 5209 concionis,
3398 5159 3555 5213 quam
3602 5142 3782 5197 habuit

2193 5235 2431 5291 Eudoxia
2476 5238 2712 5307 Augusta
2760 5245 3042 5305 prmsente,
3087 5218 3242 5306 quam
3284 5235 3600 5290 concionem
3646 5249 3780 5289 nunc

2191 5326 2419 5396 primum
2448 5326 2707 5381 edidimus
2734 5326 2794 5381 T.
2824 5325 2935 5380 XII.

2262 5418 2339 5474 Ex
2368 5421 2500 5474 actis
2529 5421 2658 5489 ipsis
2704 5428 2972 5475 mutuatus
3015 5419 3233 5472 I’hotius
3279 5418 3561 5489 episcopos
3607 5416 3780 5489 Syno-

2189 5512 2314 5567 dum
2347 5513 2486 5567 illaut
2518 5512 2903 5567 constituentes
2931 5511 3274 5581 quadraginta
3305 5511 3540 5581 quinque
3564 5524 3783 5565 numero

2192 5603 2355 5660 fuisse
2402 5604 2548 5659 dicit.
2602 5602 2797 5659 Verum
2846 5603 2981 5658 lidcs
3031 5605 3207 5673 potius
3263 5602 3502 5657 habenda
3551 5601 3786 5658 Palladio

2193 5695 2426 5767 (Pallori.
2456 5694 2648 5766 Dial.),
2682 5695 2768 5764 qui
2804 5694 3011 5764 triginta
3036 5708 3126 5749 sex
3157 5703 3357 5747 tantum
3382 5692 3547 5747 fuisse
3574 5708 3785 5750 asseve—

2195 5793 2313 5852 rat;
2346 5787 2413 5840 ita
2456 5794 2511 5840 ut
2554 5785 2722 5855 major
2767 5795 2889 5841 tunc
2932 5784 3305 5855 episCOporum
3355 5798 3611 5839 numerus
3665 5799 3785 5839 eum
