4110 6148
349 389 442 450 201

343 504 551 564 Joanne
587 511 733 563 esset
759 524 774 562 :
803 520 925 562 nam
969 504 1314 579 quadraginta
1359 521 1582 563 numero
1612 518 1764 564 erant
1800 524 1933 564 con-

343 597 579 668 gregati;
602 599 692 668 qui
721 599 982 661 adversus
995 598 1346 668 Theophilum
1373 599 1706 670 septuaginta
1727 600 1936 656 libellos

345 689 652 756 habebant,
706 690 975 759 manifesta
1024 690 1229 760 piacula
1296 689 1628 752 continentes
1673 689 1931 761 (Pallad.

342 774 596 853 Dialog.).
632 780 763 834 Dum
809 780 882 834 illi
926 779 993 835 de
1021 780 1181 835 rebus
1213 779 1586 835 ecclesiasticis
1631 794 1931 835 sermonem

347 872 630 935 haberent.
658 872 956 927 nuntiatum
983 879 1066 926 cst
1089 870 1275 928 adesse
1299 871 1388 942 qUi
1410 887 1439 926 a
1464 870 1760 941 Theophilo
1784 872 1931 928 missi

341 972 552 1027 essent,
602 977 794 1031 nempe
837 963 1146 1018 Dioscorum
1196 973 1251 1017 et
1287 962 1533 1027 Paulum,
1577 963 1664 1036 qui
1709 978 1931 1034 nupere

343 1053 507 1125 Lihya
535 1053 764 1109 ordinati
801 1054 1027 1110 fuerant.
1052 1054 1285 1111 Juvenes
1308 1054 1458 1124 jubet
1479 1056 1567 1115 ille
1594 1056 1811 1111 intrare.
1841 1057 1928 1111 lu-

339 1147 504 1216 gressi
527 1146 598 1200 illi
621 1140 902 1202 schedulas
925 1146 1218 1216 proferunt,
1235 1162 1366 1219 quas
1382 1148 1784 1207 voluitJoannes
1802 1149 1924 1221 legi.

339 1236 487 1291 Tunc
514 1237 702 1306 jubent
742 1238 815 1291 illi
858 1237 1137 1305 Theophili
1180 1253 1403 1307 puerum
1446 1239 1655 1308 legere;
1682 1237 1798 1294 haec
1827 1255 1917 1295 au-

341 1337 446 1381 tem
475 1328 528 1381 in
554 1326 769 1382 schedis
798 1325 1105 1382 ferebantur
1133 1345 1146 1384 :
1178 1327 1370 1382 Sancta
1401 1327 1639 1394 Synodus
1665 1329 1734 1383 ad
1765 1331 1927 1397 Quer-

337 1433 450 1471 cnm
480 1426 803 1488 congregata.
833 1417 1054 1472 Libellos
1083 1419 1364 1489 accepimus
1408 1420 1669 1476 adversum
1709 1431 1776 1487 te,
1807 1422 1926 1491 inﬁ-

336 1511 443 1562 nita
479 1509 691 1562 crimina
725 1510 1048 1564 continentes.
1077 1510 1258 1563 Adesto
1282 1510 1453 1580 igitur,
1486 1521 1644 1566 tecum
1670 1512 1924 1567 adducens

339 1600 669 1672 Serapionem
711 1611 757 1655 et
800 1598 1024 1672 Tigrium
1071 1600 1382 1672 presbyteros
1424 1619 1443 1658 :
1488 1604 1551 1661 iis
1610 1606 1742 1660 enim
1794 1622 1921 1677 opus

334 1702 428 1745 881.

405 1782 656 1851 Joannes,
687 1784 762 1838 uti
793 1798 950 1854 supra
982 1783 1211 1840 diximus
1236 1826 1251 1852 ,
1289 1801 1347 1841 se
1375 1795 1612 1856 paratum
1643 1802 1760 1845 esse
1789 1803 1917 1859 pro-

332 1872 507 1929 fessus
557 1873 732 1930 fuerat
776 1876 826 1928 in
879 1875 1094 1946 Synodo
1144 1875 1210 1930 ad
1259 1875 1524 1945 Quercum
1574 1894 1913 1948 comparere,

328 1964 623 2020 dummodo
640 1964 953 2034 exjudicum
975 1982 1196 2021 numero
1218 1968 1531 2023 tollerentur
1551 1968 1604 2034 ii,
1631 1969 1717 2039 qui
1737 1979 1916 2040 aperte

328 2054 529 2109 inimici
571 2055 654 2110 sui
686 2065 837 2110 erant
886 2073 899 2110 :
939 2071 1130 2126 nempe
1169 2056 1517 2127 Theophilus,
1561 2058 1909 2126 Severianus,

327 2148 626 2204 Antiochus
675 2158 730 2204 et
776 2142 1021 2205 Aeacius.
1079 2149 1276 2205 Verum
1325 2151 1558 2220 episcopi
1613 2161 1739 2207 tunc
1791 2166 1911 2206 cum

326 2241 535 2297 Joanne
579 2242 1022 2313 eongregati,tres
1064 2242 1341 2313 episcopos
1365 2243 1625 2299 miserunt
1647 2244 1712 2299 ad
1739 2244 1914 2300 Theo-

325 2333 553 2414 philum,
586 2347 777 2402 nempe
806 2332 1143 2402 Lupicinum,
1177 2332 1501 2388 Demetrium
1530 2343 1582 2390 et
1610 2334 1905 2407 Eulysium,

323 2425 776 2495 presbyterosque
816 2423 983 2487 duos,
1031 2422 1354 2479 Germanum
1400 2435 1559 2496 atque
1611 2424 1906 2493 Severum,

329 2514 475 2581 viros
499 2523 711 2575 sanctos
732 2523 785 2589 et
826 2514 927 2569 (ide
952 2514 1162 2585 dignos,
1191 2516 1280 2584 qui
1310 2515 1604 2585 Tthphilo
1631 2516 1906 2572 dicerent:

321 2603 454 2662 Noli
482 2621 560 2660 res
588 2602 829 2658 Ecclesia:
854 2603 1154 2667 subvertere,
1201 2621 1291 2658 nec
1340 2604 1614 2659 Ecclesium
1644 2606 1868 2661 scindere
1889 2640 1925 2674 ,ν

320 2705 530 2765 propter
580 2712 730 2763 quam
780 2692 919 2748 Deus
965 2693 1016 2748 in
1060 2710 1265 2755 carnem
1314 2695 1592 2751 descendit.
1640 2694 1700 2750 Si
1741 2704 1907 2750 autent

317 2787 610 2847 inordinate
634 2784 877 2839 Nicwnos
921 2801 1137 2841 canones
1179 2785 1417 2840 subvertis
1464 2795 1791 2841 trecentorum
1820 2786 1907 2840 de.

314 2893 427 2932 cem
452 2884 499 2931 et
523 2885 635 2929 octo
665 2876 1034 2944 episcoporum,
1064 2884 1110 2928 et
1138 2882 1280 2935 extra
1305 2874 1483 2929 limites
1511 2876 1647 2930 litem
1665 2875 1906 2945 judicas:

316 2967 423 3036 iam
453 2965 630 3019 melius
669 2965 843 3035 facito,
875 2963 1034 3017 transi
1073 2965 1142 3025 ad
1170 2980 1259 3017 nos
1298 2964 1351 3018 in
1394 2963 1566 3031 urbem
1592 2966 1795 3035 optimis
1833 2965 1906 3019 le-

318 3059 468 3125 gibus
515 3060 802 3129 fundatam,
849 3071 939 3111 nec
977 3072 1115 3113 more
1160 3056 1303 3110 Caini
1345 3056 1545 3110 Abelem
1583 3073 1816 3125 provoces
1852 3059 1905 3113 in

315 3164 590 3220 campum;
638 3157 693 3202 ut
742 3164 832 3205 nos
882 3156 929 3200 te
975 3148 1118 3218 prius
1163 3148 1447 3201 audiamus.
1490 3147 1744 3202 Habemus
1773 3148 1904 3203 enim

311 3239 559 3293 adversus
609 3248 656 3292 te
706 3237 898 3292 libellos
963 3239 1280 3309 septuaginta
1334 3240 1557 3309 capitum
1626 3238 1902 3294 manifesta

314 3330 524 3399 piacula
555 3329 858 3383 continentes
902 3344 921 3382 :
961 3338 1007 3382 et
1036 3329 1203 3399 plures
1231 3345 1419 3390 sumus,
1448 3344 1597 3392 quam
1639 3337 1725 3383 tua
1747 3346 1901 3400 syno-

311 3420 432 3484 a'as,
459 3418 555 3473 Dei
576 3418 738 3490 gratia
757 3418 1058 3488 congregati,
1095 3434 1195 3471 non
1224 3418 1292 3470 ad
1316 3419 1614 3472 eversionem
1640 3418 1899 3488 Ecclesite,

309 3511 405 3577 sed
429 3511 499 3574 ad
540 3526 714 3580 pacem
742 3509 1040 3563 curandam.
1075 3508 1151 3563 Tu
1179 3511 1311 3563 enim
1341 3511 1618 3564 tricesimus
1642 3520 1813 3566 sextus
1849 3529 1901 3567 es

308 3619 380 3659 ea:
406 3603 559 3663 unica
603 3601 898 3671 provincia;
924 3618 1015 3656 nos
1049 3618 1163 3656 vero
1206 3618 1378 3656 smnus
1407 3603 1744 3673 quadraginta
1768 3620 1794 3657 e
1822 3604 1900 3658 di-

315 3693 470 3748 versis
492 3693 780 3762 provinciis,
804 3692 931 3746 inter
955 3709 1079 3761 quos
1122 3709 1295 3746 sumus
1318 3694 1468 3756 etiam
1492 3703 1679 3763 septem
1716 3705 1900 3753 metro-

316 3784 508 3858 polita'.
539 3781 607 3836 Et
630 3792 1014 3837 consentaneum
1040 3790 1129 3849 est,
1154 3792 1209 3835 ut
1227 3783 1388 3839 minor
1410 3800 1646 3844 numerus
1665 3801 1696 3837 a
1718 3786 1900 3855 majori

312 3883 468 3942 atque
511 3872 693 3943 potiori
729 3871 1003 3931 secundum
1058 3888 1272 3937 canones
1320 3873 1600 3943 judicetur.
1643 3874 1899 3933 Habemus

312 3964 448 4026 (nitu
477 3972 523 4017 et
547 3963 807 4032 epistolam
836 3972 993 4027 tuam,
1033 3979 1122 4033 per
1155 3978 1307 4031 quam
1351 3980 1520 4024 mones
1551 3966 1898 4035 coepiscopum

316 4063 542 4108 nostrum
579 4052 830 4117 Joannem
855 4094 871 4121 ,
899 4054 1265 4115 accusationem
1302 4064 1443 4120 extra
1481 4055 1662 4109 limites
1684 4072 1785 4110 non
1813 4058 1899 4111 tle-

317 4148 432 4199 bere
456 4145 675 4198 admitti.
712 4144 876 4209 Unde,
904 4144 1246 4209 ecclesiasticis
1268 4146 1455 4216 legibus
1490 4145 1779 4217 obsequens,
1809 4165 1896 4202 ac-

316 4245 569 4292 cusatores
589 4246 700 4290 tuos
721 4252 943 4307 precare,
969 4246 1023 4291 ut
1062 4238 1138 4298 ,vel
1158 4239 1220 4299 ab
1242 4239 1525 4299 accusando
1547 4249 1593 4294 te
1622 4239 1894 4307 desistant,

320 4329 394 4384 vel
414 4345 476 4383 ne
502 4336 769 4397 provocent
794 4338 841 4381 te
861 4337 911 4381 ut
930 4328 999 4381 ad
1019 4326 1271 4387 Joannem
1291 4332 1520 4388 accedas.
1547 4331 1663 4385 Alia
1690 4347 1898 4403 quoque

321 4419 403 4473 his
428 4420 759 4490 adjecerunt,
788 4435 907 4489 qua:
936 4419 1004 4473 ab
1031 4419 1220 4474 eodem
1249 4420 1482 4477 Palladio
1505 4422 1823 4477 referuntur.

385 4513 474 4566 Ait
521 4526 651 4566 vero
690 4511 1101 4582 Chrysostomus
1139 4512 1191 4566 in
1241 4513 1477 4582 Epistula
1517 4530 1609 4569 sua
1640 4516 1705 4571 ad
1735 4517 1895 4573 luna-

316 4603 547 4658 centium
588 4603 786 4672 Papam
802 4645 817 4669 ,
834 4606 896 4660 T.
915 4606 967 4661 5.
984 4620 1033 4660 c.
1049 4604 1329 4671 5⁸51.1.2;³.,
1353 4602 1712 4673 Theophilum
1729 4606 1894 4661 advo-

318 4700 520 4754 cavisse
572 4696 1000 4752 arehidiaconum
1061 4695 1742 4766 Constantinopolitanum,
1805 4700 1894 4769 qui

320 4790 456 4844 haud
506 4788 668 4843 dubie
697 4788 932 4858 partibus
975 4788 1087 4844 suis
1107 4785 1377 4854 btercbat;
1421 4798 1579 4859 atque
1618 4790 1732 4860 ejus
1771 4806 1898 4860 ope.

319 4894 373 4934 ra
415 4878 630 4935 Clerum
676 4894 887 4935 omnem
928 4880 1027 4933 sibi
1068 4877 1391 4947 adjunxisse.
1435 4878 1549 4934 Jam
1585 4882 1726 4935 enim
1765 4882 1899 4935 vidi-

317 4986 435 5027 mus
473 4972 686 5028 Clerum
725 4970 1366 5040 Constantinopolitanum
1390 5012 1405 5037 ,
1439 4971 1587 5041 cujus
1614 4972 1897 5028 dissolutos

275 5047 281 5111 ξ
315 5080 494 5120 :nores
523 5065 820 5120 incessebat
841 5063 1250 5134 Chrysostomus
1271 5105 1286 5129 ,
1316 5062 1561 5117 infestum
1588 5064 1684 5134 ipsi
1710 5063 1889 5119 fuisse.

384 5157 618 5212 Joannes
636 5171 787 5220 vero,
810 5164 1087 5226 postquam
1115 5153 1360 5225 Synodus
1386 5155 1502 5210 haec
1523 5148 1891 5225 responderat,

315 5249 367 5302 in
399 5248 566 5318 prima
584 5247 692 5315 jam
720 5261 813 5300 sua
840 5245 1204 5317 responsione,
1234 5244 1302 5300 de
1326 5260 1428 5315 qua
1456 5247 1703 5315 superius
1723 5289 1737 5313 ,
1762 5248 1890 5302 insi-

313 5349 481 5400 stens.
510 5339 626 5399 hate
650 5337 791 5393 datis
819 5337 988 5391 literis
1017 5335 1324 5407 respondit,
1352 5351 1411 5391 se
1440 5336 1491 5390 iu
1536 5338 1723 5406 quovis
1752 5339 1892 5403 loco,

312 5430 409 5484 etsi
438 5429 488 5484 id
517 5429 569 5485 in
597 5428 811 5484 civitate
838 5426 953 5482 fieri
977 5426 1230 5497 oportuit,
1254 5433 1494 5495 paratum
1522 5441 1643 5482 esse
1662 5428 1725 5482 ad
1748 5428 1891 5499 judi-

312 5519 449 5573 cium
479 5518 838 5584 subeundum,
864 5516 1152 5575 dummodo
1173 5516 1480 5571 manifestos
1503 5517 1744 5573 inimicos
1768 5534 1894 5574 suos

311 5626 373 5665 ex
403 5617 674 5665 conventu
706 5624 800 5664 suo
830 5610 1104 5679 ejicerent,
1135 5625 1328 5680 nempe
1353 5608 1732 5680 Theophilum,
1759 5613 1893 5665 Aca-

309 5702 483 5764 cium,
514 5699 863 5767 Severianum
890 5708 940 5755 et
970 5700 1287 5759 Antiochum
1311 5741 1326 5765 ,
1354 5716 1488 5770 quos
1509 5702 1676 5771 aperti
1704 5700 1808 5755 odii
1841 5713 1893 5757 ct

310 5792 601 5865 inimicitia:
624 5792 771 5863 signa
798 5793 1004 5851 dedisse
1032 5793 1315 5863 probabat;
1333 5793 1607 5850 declarans
1631 5811 1686 5851 sc
1703 5796 1889 5850 ctiam-

1551 389 1733 451 ΝυΝο
1769 390 2032 453 PRIMUM
2072 398 2465 460 ADORNATA.

3517 419 3625 475 202

2043 512 2087 566 si
2132 512 2309 571 decies
2339 509 2534 574 millies
2577 521 2839 594 miserint,
2871 522 3055 583 eadem
3087 543 3300 603 semper
3328 547 3618 604 responsu-

2040 618 2158 657 rum
2184 620 2325 661 CSSC.

2112 697 2226 753 lllis
2252 709 2429 756 autem
2452 705 2539 773 qui
2566 708 2910 765 mittebantur
2934 714 3185 783 egressis,
3210 718 3353 773 venit
3372 717 3622 778 Notarius

2038 785 2242 859 habens
2264 792 2581 863 rescriptum
2610 796 2979 867 Imperatoris,
3008 804 3092 857 cui
3124 804 3322 861 inserta
3353 821 3466 863 erat
3496 826 3621 880 sup-

2037 876 2249 946 plicatio
2286 881 2653 952 episcoporum
2696 890 2991 956 petentium
3030 903 3087 947 ut
3122 895 3354 952 Joannes
3386 901 3451 954 ad
3478 876 3619 970 judi-

2034 967 2174 1022 cium
2217 968 2413 1029 invitus
2454 973 2753 1044 sisteretur,
2799 979 3054 1052 illumque
3086 983 3335 1042 Notarius
3372 991 3438 1045 ad
3474 967 3619 1061 judi-

2033 1058 2174 1140 cium
2206 1062 2426 1132 urgebat
2455 1083 2468 1117 :
2502 1066 2615 1141 ipse
2643 1083 2770 1123 vero
2795 1071 2979 1127 eadem
3015 1074 3127 1144 ipsa
3168 1094 3285 1147 quae
3318 1058 3487 1151 supra
3504 1081 3616 1136 No-

2034 1153 2168 1208 tario
2197 1157 2489 1224 respondit.
2515 1159 2750 1217 Subinde
2770 1172 2947 1225 autem
2969 1206 2983 1229 ,
3011 1182 3111 1221 nec
3137 1184 3282 1223 mora
3305 1210 3321 1236 ,
3352 1185 3615 1230 venerunt

2030 1244 2136 1299 duo
2167 1246 2457 1318 presbyteri
2495 1249 2715 1308 Joannis
2735 1295 2749 1318 ,
2791 1255 3061 1333 Eugenius
3083 1298 3097 1323 ,
3134 1259 3222 1329 qui
3251 1262 3610 1332 episcopatum

2030 1333 2299 1419 lleraclete
2334 1337 2386 1392 in
2417 1342 2827 1409 conspirationis
2863 1347 3166 1408 mercedem
3200 1361 3518 1421 acceperat,
3552 1362 3607 1409 et

2027 1424 2258 1484 lsaaeius
2283 1430 2602 1496 Monachus,
2629 1450 2733 1488 non
2763 1437 2997 1493 melioris
3024 1451 3163 1495 nota:
3194 1442 3352 1496 homo
3372 1485 3386 1509 ,
3415 1444 3480 1498 ad
3512 1444 3610 1517 Sy-

2026 1518 2221 1573 nodum
2247 1521 2391 1576 illum
2418 1525 2803 1599 compellantes
2825 1569 2842 1595 ,
2873 1538 2929 1584 ut
2956 1530 3159 1603 objecta
3189 1535 3411 1589 erimina
3436 1536 3608 1593 dilue-

2025 1616 2126 1663 ret.
2160 1610 2252 1665 His
2276 1615 2550 1682 respondit
2578 1616 2812 1674 Joannes
2840 1637 2932 1693 per
2958 1624 3235 1693 episcopos
3263 1627 3311 1679 in
3333 1625 3604 1698 Synodum

2022 1698 2089 1754 ad
2118 1700 2381 1767 Quercum
2415 1706 2627 1761 missos.
2663 1709 3073 1784 Proximumque
3116 1717 3228 1771 fore
3267 1718 3511 1786 videbat,
3545 1730 3601 1777 ut

2022 1790 2073 1845 in
2105 1800 2209 1846 tam
2235 1793 2522 1852 damnabili
2551 1808 2690 1854 emtu
2720 1800 2833 1870 ipse
2859 1803 3104 1861 innoxius
3136 1807 3292 1877 licet,
3321 1825 3479 1867 causa
3506 1827 3602 1869 ca-

2020 1879 2190 1936 deret.
3314 1904 3318 1908 '

2091 1972 2171 2026 Illi
2196 1989 2322 2030 vero
2351 1977 2586 2050 episcopi
2613 1981 2677 2036 ad
2713 1982 2984 2057 Synodum
3017 1990 3202 2057 missi,
3237 1994 3467 2061 pessime
3501 2012 3598 2063 ex-

2017 2064 2156 2133 cepti
2184 2063 2366 2132 fuere;
2398 2070 2558 2129 alium
2585 2072 2727 2132 enim
2758 2077 3067 2135 verberibus
3097 2081 3387 2139 affecerunt
3410 2126 3426 2151 ,
3462 2087 3600 2144 alte-

2016 2153 2128 2208 rius
2155 2165 2329 2211 vestes
2356 2158 2776 2230 discerpserunt,
2801 2164 2950 2221 alteri
2974 2181 3189 2224 catenas
3219 2170 3420 2230 ferreas
3456 2177 3597 2232 collo

2015 2242 2446 2315 circumposuere
2469 2290 2483 2315 ,
2511 2266 2642 2320 quas
2677 2264 2860 2309 sancto
2904 2256 3096 2312 Joanni
3142 2273 3495 2330 paraverant,
3540 2274 3598 2320 ut

2016 2335 2093 2389 sic
2123 2337 2397 2406 conjectus
2428 2337 2481 2394 in
2510 2343 2806 2398 naviculam
2846 2347 2896 2399 in
2943 2347 3176 2417 ignotum
3212 2350 3382 2405 locum
3414 2369 3599 2408 aman-

2013 2427 2249 2495 daretur,
2278 2429 2521 2487 dwmone
2550 2433 2690 2498 illos,
2714 2433 2881 2506 inquit
2909 2436 3196 2506 Palladius,
3225 2444 3384 2497 veluti
3415 2443 3595 2502 leones

2010 2514 2283 2573 eﬂ'erente.
2313 2518 2536 2585 Quidam
2561 2538 2692 2578 vero
2729 2540 2795 2580 ex
2838 2527 2902 2580 iis
2926 2529 3012 2597 qui
3050 2529 3196 2584 missi
3230 2530 3441 2586 fuerant
3471 2549 3592 2602 per-

2012 2606 2181 2661 territi
2223 2607 2291 2662 ad
2342 2608 2604 2666 Joannem
2650 2628 2754 2668 non
2791 2608 3130 2672 reverterunt
3170 2619 3188 2688 (
3220 2619 3424 2675 Sozam.
3467 2623 3505 2676 Ι.
3537 2622 3590 2678 8.

2009 2711 2054 2748 c.
2085 2694 2174 2768 l7)
2202 2715 2216 2750 :
2245 2698 2544 2754 Demetrius
2564 2710 2763 2768 autem,
2795 2713 2850 2758 et
2875 2706 3194 2777 quicumque
3218 2707 3438 2764 Joannis
3464 2726 3594 2766 con-

2008 2788 2229 2843 sortium
2252 2789 2455 2844 eunctis
2481 2791 2639 2846 rebus
2655 2795 3066 2863 anteponebant,
3094 2797 3158 2850 ad
3181 2797 3328 2852 illum
3359 2801 3588 2857 rediere.

2010 2877 2213 2934 Eodem
2261 2880 2348 2936 die
2382 2899 2558 2936 cursor
2597 2892 2643 2937 et
2680 2886 2903 2939 notarius
2926 2927 2940 2952 ,
2978 2903 3041 2941 ex
3083 2887 3284 2943 Palatio
3312 2891 3589 2947 venientes

2008 2969 2266 3025 Joannem
2307 2972 2563 3042 urgebant
2599 2982 2657 3028 ut
2699 2975 2764 3028 ad
2802 2976 3080 3046 episcopos
3118 2978 3397 3034 accederet
3428 3000 3442 3035 :
3471 2982 3588 3037 illos

2007 3073 2134 3114 vero
2153 3059 2345 3115 hortati
2366 3072 2508 3126 sunt,
2527 3070 2584 3116 ut
2600 3063 2857 3132 judicium
2885 3067 3264 3123 accelerarent.
3290 3070 3411 3124 "me
3429 3087 3588 3139 porro

2006 3150 2183 3203 omnia
2208 3188 2223 3214 ,
2264 3158 2323 3203 ut
2360 3150 2578 3206 credere
2607 3161 2723 3220 est,
2760 3154 3078 3209 moliebatur
3117 3156 3352 3211 Eudoxio
3391 3159 3587 3216 Joanni

2008 3247 2191 3293 nostro
2218 3239 2443 3295 infensa.

2076 3327 2458 3401 Chrysostomus
2473 3330 2524 3385 in
2550 3330 2758 3402 Synodo
2785 3334 2852 3386 ad
2875 3333 3123 3400 Quercum
3147 3336 3418 3392 damnatur
3435 3349 3480 3394 et
3500 3340 3588 3395 de-

2006 3422 2228 3492 ponitur.
2259 3452 2330 3463 -—
2350 3423 2486 3479 Aliis
2512 3439 2641 3478 vero
2664 3426 3013 3493 instantibus,
3040 3426 3233 3483 Paulus
3272 3428 3584 3486 Heracleota

2005 3514 2206 3582 primus
2244 3529 2432 3571 omnes
2466 3517 2782 3571 sententiam
2822 3518 3000 3573 dicere
3034 3521 3255 3590 rogavit.
3299 3521 3584 3578 Statutum-

2003 3620 2106 3675 que
2138 3604 2232 3660 fuit
2257 3604 2514 3671 Joannem
2540 3620 2569 3660 a
2596 3607 2723 3662 sede
2752 3608 3057 3676 pellendum
3088 3625 3206 3665 esse
3235 3629 3247 3663 :
3276 3628 3434 3682 quam
3461 3629 3585 3668 sen-

2005 3696 2223 3752 tentiam
2262 3697 2477 3766 protulit
2512 3697 2829 3769 Gymnasius
2864 3701 3180 3771 episcopus,
3206 3712 3259 3758 et
3285 3715 3585 3774 postremus

2004 3787 2352 3859 TheOphilus.
2379 3786 2576 3847 Omnes
2611 3799 2785 3845 autem
2820 3792 3051 3861 episcopi
3098 3810 3323 3848 numero
3357 3795 3585 3866 quadra-

2001 3880 2144 3947 ginta
2170 3879 2400 3949 quinque
2425 3887 2576 3942 erant
2593 3920 2609 3945 ,
2642 3881 2685 3933 si
2708 3879 2838 3934 fides
2867 3882 2936 3935 sit
2963 3882 3096 3937 actis
3121 3898 3150 3935 a
3177 3883 3366 3938 Photio
3387 3886 3581 3943 allatis.

2003 3969 2128 4023 Haec
2156 3983 2317 4038 porro
2357 3977 2485 4040 acta
2513 3968 2701 4043 rejecit
2729 3970 2987 4025 Baronius
3011 4012 3025 4035 ,
3056 3974 3145 4041 qui
3186 3988 3216 4026 a
3247 3974 3416 4029 doctis
3454 3977 3583 4032 viris

1997 4057 2120 4127 jure
2161 4059 2481 4127 exploditur.
2527 4059 2658 4113 Nam
2697 4068 2812 4114 aeta
2843 4060 2932 4115 illa
2961 4077 3087 4117 vera
3111 4076 3231 4117 esse
3259 4073 3443 4132 putant
3469 4074 3581 4122 tum

2001 4151 2087 4202 alii
2118 4150 2260 4203 docti
2282 4150 2401 4215 viri,
2429 4161 2536 4211 tum
2573 4152 2950 4222 sagacissimus
2977 4152 3364 4209 Tillemontius.
3393 4156 3583 4213 Crimi-

2003 4241 2244 4294 nationes
2286 4254 2450 4309 porro
2490 4242 2604 4296 illas
2628 4282 2643 4309 ,
2682 4242 2767 4300 vel
2808 4243 2979 4298 nullas
3004 4284 3020 4310 ,
3054 4244 3133 4299 vel
3163 4255 3470 4314 contortas,
3496 4248 3581 4305 vel

2001 4331 2218 4387 omnino
2242 4330 2399 4386 falsas
2422 4347 2541 4387 esse
2567 4342 2754 4407 putant
2780 4341 2887 4389 tum
2917 4335 3156 4402 Photius,
3185 4347 3291 4392 tum
3320 4350 3581 4410 quotquot

2002 4421 2112 4477 veri
2157 4436 2339 4476 amore
2381 4429 2650 4477 tenentur.
2680 4422 2736 4490 In
2765 4422 3119 4480 damnationis
3150 4442 3277 4480 vero
3315 4434 3577 4484 sententia

2002 4515 2133 4570 nihil
2161 4514 2299 4581 aliud
2332 4513 2616 4580 ferebatur,
2648 4529 2805 4584 quam
2837 4515 2977 4587 quod
3012 4515 3063 4569 in
3095 4514 3311 4586 Synodo
3351 4532 3568 4588 compa-

2001 4623 2122 4664 rere
2152 4607 2430 4664 noluisset.

2073 4701 2262 4757 Postea
2309 4698 2533 4752 mittitur
2557 4694 2624 4751 ad
2667 4694 2881 4759 Clerum
2925 4695 3573 4766 Constantinopolitanum

2002 4789 2224 4858 epistola
2255 4786 2448 4858 (Phot.
2477 4785 2603 4841 Cod.
2636 4802 2724 4842 ιιι
2748 4784 2789 4854 ),
2817 4800 2918 4856 qua
2947 4785 3291 4847 nuntiabatur
3314 4785 3573 4843 Joannem

2003 4895 2030 4932 a
2058 4878 2187 4933 sede
2217 4877 2485 4947 dejectum
2517 4876 2680 4932 fuisse
2699 4918 2715 4944 ,
2742 4877 3073 4947 idipsumque
3101 4876 3406 4947 Imperatori
3439 4896 3576 4934 nun-

2005 4970 2164 5023 tiatur
2190 4985 2201 5021 :
2233 4967 2527 5025 addebatur
2561 4968 2722 5024 etiam
2746 4969 2891 5024 illum
2935 4969 3074 5024 laesa:
3105 4969 3396 5040 majestatis
3425 4987 3574 5027 reum

2002 5060 2280 5115 declarari.
2316 5059 2638 5115 Ilortabatur
2664 5070 2840 5116 autem
2876 5059 3255 5130 Imperatorem
3291 5061 3571 5132 Synodus,

2001 5162 2059 5207 ut
2079 5153 2289 5224 juberet
2314 5150 2459 5206 illum
2485 5152 2628 5223 ejici,
2662 5162 2714 5208 et
2741 5168 2925 5223 poenas
2945 5153 3085 5209 ltesae
3111 5153 3401 5224 majestatis
3425 5155 3572 5210 dare;

2000 5245 2204 5300 Lmsam
2232 5254 2409 5301 autem
2442 5246 2773 5314 majestatem
2801 5245 3047 5301 dicebant
3086 5245 3225 5316 quod
3270 5247 3574 5316 lmperatri-

1999 5355 2113 5395 cem
2153 5338 2453 5394 Jezahelem
2500 5337 2821 5406 appellasset
2875 5355 2888 5391 :
2927 5337 2993 5392 ad
3054 5336 3167 5393 ham
3205 5338 3367 5393 oblati
3411 5338 3574 5395 libelli

1999 5443 2121 5485 sunt
2145 5445 2173 5483 a
2201 5429 2477 5494 Geruntio,
2506 5429 2726 5484 Paulino
2751 5438 2805 5485 et
2827 5429 3214 5498 Eugnomonio,
3238 5430 3325 5500 qui
3350 5446 3409 5486 se
3440 5431 3575 5498 inju-

1998 5532 2077 5577 ste
2103 5536 2131 5575 a
2161 5520 2365 5576 Joanne
2403 5522 2707 5589 episcopatu
2751 5520 2933 5589 pulsos
2971 5520 3345 5588 querebantur.
3375 5520 3572 5574 Verum

1998 5615 2084 5683 qui
2116 5613 2421 5683 episcOpatu
2451 5612 2519 5667 ab
2549 5627 2613 5667 eo
2643 5611 2795 5678 ejecti
2829 5610 3055 5675 fuerant,
3089 5613 3298 5666 nonnisi
3339 5620 3457 5679 post
3486 5623 3572 5662 sec

1998 5710 2227 5765 omnium
2268 5707 2514 5763 exsilium
2556 5706 2670 5774 ejus
2697 5705 2920 5759 restituti
2959 5715 3080 5760 sum
3104 5745 3120 5768 ,
3151 5714 3283 5759 teste
3318 5700 3567 5755 Palladio.

2001 5800 2125 5854 l‘ost
2154 5798 2266 5853 lucc
2296 5806 2470 5852 autem
2490 5794 2815 5865 Theophilus
2836 5811 2953 5849 cum
2983 5794 3251 5849 Ftazribus
3281 5791 3469 5859 Longis
3497 5788 3560 5843 fa-
