4110 6148
464 372 566 426 203

463 484 658 539 eillime
682 476 1052 535 reconciliatus
1075 479 1194 537 est;
1220 475 1362 524 tanta
1387 466 1528 522 enim
1551 461 1856 520 eliminandi
1879 460 2041 516 Joan-

464 574 548 629 nis
573 569 820 642 cupidine
856 563 1167 629 tenebatur,
1204 567 1265 616 ut
1292 548 1486 615 caetéra
1523 556 1703 612 omnia
1734 569 1917 626 parum
1946 567 2039 608 cu-

462 671 623 719 rarct.

534 749 796 807 Arcadius
832 745 1050 821 Synodo
1085 742 1362 813 rescripsit
1398 749 1453 798 et
1493 739 1712 796 Joannis
1749 736 2039 808 depositio-

464 858 585 899 nem
612 838 951 896 conﬁrmavit
979 835 1176 910 (Phot.
1208 850 1296 889 ιιι
1315 875 1329 899 ,
1354 849 1421 888 Lx
1442 832 1484 903 ).
1508 831 1703 887 Verum
1731 828 1871 899 quod
1897 828 2037 883 lmsre

460 929 752 1001 majestatis
777 930 980 984 crimen
1007 935 1231 995 spectat,
1262 939 1368 979 non
1392 921 1682 977 attendisse
1708 919 1913 973 videtur
1936 916 2037 970 lm-

460 1031 708 1093 perator;
761 1018 854 1077 sed
874 1061 888 1087 ,
920 1018 1091 1089 inquit
1134 1016 1399 1071 Palladius
1449 1015 1469 1086 (
1497 1012 1706 1068 Pallad.
1743 1011 1947 1081 Dialog.
1979 1009 2034 1080 ),

460 1114 604 1168 Deus
637 1128 732 1167 cor
765 1111 882 1181 ejus
909 1109 1169 1166 emollivit
1196 1150 1212 1175 ,
1255 1116 1315 1162 ut
1347 1122 1440 1163 cor
1464 1107 1677 1161 leonum
1709 1105 2038 1160 emolliverat

459 1219 584 1275 erga
613 1201 906 1258 Danielcm.
947 1201 1074 1256 Haec
1098 1200 1318 1256 Joannis
1342 1197 1605 1268 depositio
1633 1197 1731 1252 sub
1761 1210 2034 1265 vesperam

457 1296 695 1351 nuntiata
736 1295 941 1350 fuerat:
969 1309 1074 1365 quo
1112 1300 1383 1362 comperto
1418 1290 1642 1361 populus
1675 1288 1741 1343 ad
1781 1288 2032 1365 gravissi-

458 1403 601 1443 mam
642 1387 954 1442 seditioncm
994 1386 1251 1441 excitatus
1279 1393 1359 1438 est
1391 1401 1403 1436 :
1438 1392 1649 1453 totaque
1687 1388 1842 1435 nocte
1869 1394 2032 1435 excu-

456 1479 644 1533 bantes
669 1519 684 1544 ,
727 1493 850 1532 eum
876 1476 945 1531 ab
963 1475 1190 1531 ecclesia
1218 1473 1405 1529 adduci
1438 1488 1541 1526 non
1573 1471 1713 1541 passi
1742 1477 1867 1525 sunt
1891 1511 1905 1535 ,
1936 1469 2031 1524 sed

457 1583 669 1623 causam
693 1568 808 1638 ejus
834 1568 886 1622 in
914 1567 1113 1637 majore
1132 1566 1358 1621 concilio
1378 1561 1765 1633 dijudicandam
1786 1577 1905 1617 esse
1925 1561 2033 1617 cla-

457 1659 690 1714 mabant.
719 1658 786 1712 Et
810 1673 933 1713 cum
958 1665 1205 1728 urgerent
1230 1658 1298 1724 ii,
1329 1656 1519 1726 quibus
1543 1653 1594 1709 id
1620 1654 1686 1709 ab
1712 1654 2034 1723 Imperatorc

457 1748 761 1802 mandatum
798 1746 990 1813 fuerat,
1014 1759 1071 1801 ut
1092 1761 1213 1802 cum
1238 1747 1292 1800 in
1312 1745 1559 1800 exsilium
1590 1743 1929 1807 abducerent,
1958 1743 2032 1797 illi

458 1838 870 1893 rcluctabantur.

528 1928 913 1999 Chrysostomus
949 1929 1002 1994 in
1044 1928 1276 1982 exsiliunt
1315 1927 1533 1980 ducitur.
1562 1956 1631 1968 ——
1656 1925 1839 1996 Neque
1862 1925 2032 1996 jussui

461 2018 800 2088 Imperatoris
829 2018 929 2073 sibi
956 2018 1134 2072 statim
1159 2016 1600 2087 acquiescendum
1641 2016 1844 2086 putavit
1866 2014 2034 2086 Chry-

454 2116 722 2163 sostomus
751 2106 1051 2179 (Chrysost.
1069 2112 1105 2158 t.
1135 2106 1189 2162 '5.
1218 2126 1265 2163 c.
1293 2105 1456 2176 l5l);
1494 2104 1710 2161 nonnisi
1751 2104 1893 2162 enim
1915 2113 2035 2173 post

456 2200 674 2254 biduum
702 2213 761 2253 se
788 2199 851 2254 iis
881 2198 1090 2253 tradidit
1115 2239 1130 2261 ,
1168 2198 1261 2269 qui
1302 2213 1362 2253 se
1400 2197 1455 2252 in
1481 2197 1725 2253 exsilium
1751 2197 2032 2267 deportare

454 2290 726 2345 curabant.
757 2288 1053 2344 Excubanti
1080 2299 1257 2344 autem
1284 2297 1338 2345 et
1357 2303 1416 2344 se
1440 2289 1571 2346 tueri
1597 2290 1808 2344 conanti
1839 2289 2031 2359 populo

454 2379 745 2433 orationem
770 2378 971 2447 habuit,
995 2380 1048 2433 in
1068 2394 1171 2448 qua
1192 2379 1381 2433 mirum
1406 2387 1654 2449 quantam
1674 2379 1835 2433 animi
1862 2379 2027 2433 firmi-

454 2466 615 2523 tatem
639 2467 907 2535 exhibeat,
935 2483 1033 2524 nec
1060 2478 1284 2524 mortem
1319 2484 1377 2524 se
1403 2478 1639 2524 metuere
1663 2469 1790 2525 dicit
1821 2487 1837 2523 :
1865 2485 2033 2539 popu-

451 2558 667 2627 lumque
691 2558 932 2612 hortatur
951 2558 1016 2612 ad
1040 2558 1346 2628 patientiam
1372 2560 1425 2611 in
1447 2558 1688 2613 adversis
1710 2577 1724 2613 :
1743 2559 2029 2629 hostesque

453 2662 578 2701 suos
605 2646 812 2701 mordet
835 2647 1046 2701 acriter.
1072 2646 1192 2699 Non
1213 2647 1365 2714 enim,
1390 2646 1578 2717 inquit,
1601 2656 1804 2717 propter
1829 2648 2029 2706 divitias

454 2736 629 2789 mundi
661 2735 871 2790 insidias
896 2735 1062 2808 patior
1086 2752 1105 2789 :
1129 2736 1265 2806 quod
1282 2736 1327 2791 si
1350 2747 1508 2807 esset,
1539 2739 1708 2808 utique
1742 2738 2027 2794 contristari

452 2827 676 2881 deberem
700 2841 718 2879 :
746 2843 834 2880 nec
857 2836 1057 2897 propter
1076 2827 1281 2896 aliquod
1304 2838 1576 2896 peccatum,
1603 2829 1689 2882 sed
1709 2839 1911 2900 prapter
1935 2846 2024 2884 ca-

450 2919 649 2972 ritatem
672 2958 686 2984 ,
714 2933 864 2989 quam
901 2933 1019 2987 ergo
1056 2932 1141 2971 vos
1165 2918 1321 2971 habeo
1350 2933 1369 2971 :
1396 2919 1513 2988 quia
1542 2920 1711 2972 omnia
1738 2936 1832 2990 ago
1860 2929 1912 2972 ut
1940 2936 2025 2974 vos

450 3007 725 3077 proﬁciatis
743 3050 758 3073 ,
783 3019 827 3061 et
854 3024 915 3063 ne
936 3008 1045 3078 quis
1069 3009 1374 3063 subintroeat
1402 3009 1469 3062 ad
1489 3011 1886 3065 conturbandum
1906 3028 2023 3082 gre-

448 3115 557 3168 gem
579 3099 698 3152 bene
716 3098 1014 3164 institutum,
1038 3098 1126 3152 sed
1156 3108 1210 3153 ut
1243 3100 1579 3170 permaneatis
1615 3100 1670 3154 in
1708 3101 2024 3172 simplicitate

447 3187 584 3255 ﬁdei.
616 3186 738 3241 "(BC
764 3197 838 3241 est
857 3204 1013 3242 causa
1042 3188 1379 3259 periculorum
1405 3205 1629 3243 meorum
1652 3231 1667 3256 ,
1690 3199 1736 3243 et
1763 3192 1871 3245 [nec
1888 3192 2023 3263 suﬁi-

446 3276 582 3330 ciunt
607 3277 730 3331 milii
753 3277 818 3330 ad
837 3293 1095 3331 coronam.
1122 3278 1360 3333 Tandem
1388 3278 1619 3335 Joannes
1642 3279 1828 3335 videns
1853 3279 2024 3353 Impe-

448 3377 697 3434 ratorem,
722 3382 780 3423 se
806 3368 859 3421 in
879 3368 1124 3423 exsilium
1147 3368 1334 3424 abduci
1351 3368 1648 3439 jubentem,
1673 3370 1724 3425 in
1750 3373 2022 3441 proposito

445 3457 728 3526 persiStcrc
749 3499 763 3521 ,
795 3459 949 3512 tertio
986 3467 1102 3528 post
1139 3458 1529 3517 damnationem
1560 3461 1647 3516 dic
1674 3463 1813 3517 circa
1855 3464 2018 3518 meri-

446 3547 586 3601 diem
613 3546 752 3600 ultro
776 3561 835 3600 se
866 3548 977 3616 ipse
1008 3547 1240 3615 tradidit,
1261 3551 1426 3605 inscia
1443 3552 1625 3621 populi
1648 3553 2016 3608 multitudine:

443 3637 662 3693 cavebat
699 3638 839 3692 enim
879 3654 946 3694 ne
985 3640 1150 3709 ipsius
1177 3656 1338 3696 causa
1382 3644 1635 3698 tumultus
1677 3645 2014 3700 excitaretur.

444 3729 534 3784 Sic
563 3729 628 3785 ab
660 3730 894 3784 Ecclesia
920 3730 1176 3798 expulsus
1209 3730 1439 3786 Joannes
1463 3773 1478 3799 ,
1521 3733 1711 3788 ductus
1748 3744 1829 3789 est
1856 3750 1886 3789 a
1915 3735 2019 3790 Co-

445 3820 575 3873 mite
616 3834 735 3873 cum
780 3820 993 3873 militari
1023 3835 1181 3875 manu
1207 3821 1271 3875 ad
1312 3822 1498 3877 navale
1522 3823 1574 3876 in
1601 3825 1737 3878 ostio
1760 3824 1913 3881 Ponti
1939 3827 2014 3881 si-

446 3919 555 3962 tum
582 3950 597 3974 ,
639 3908 777 3978 quod
809 3908 1001 3963 Hieron
1031 3910 1290 3964 vocabant
1318 3926 1333 3975 ;
1381 3910 1507 3966 hinc
1546 3928 1672 3966 vero
1708 3913 1774 3967 ad
1799 3930 2015 3984 campos

444 3998 671 4054 Prmneti
698 3998 958 4070 Bithynia:
981 3999 1238 4055 adductus
1266 4008 1369 4067 cst,
1395 4001 1535 4071 quod
1572 4012 1687 4057 erat
1726 4019 1758 4059 e
1800 4005 2015 4076 regione

441 4086 782 4144 Nicomediae.

514 4180 587 4233 lta
628 4180 1067 4249 pulsus‘Joannes
1099 4182 1294 4252 gratias
1334 4183 1522 4254 agebat
1564 4185 1711 4251 Deo,
1762 4186 1849 4242 illa
1893 4187 2012 4245 Jobi

439 4272 600 4329 verba
617 4282 859 4342 repetens
881 4273 899 4346 (
929 4274 1111 4344 Chrys.
1134 4284 1171 4330 t.
1191 4275 1242 4331 ὅ.
1267 4293 1313 4329 c.
1332 4274 1455 4331 459.
1476 4272 1603 4342 441)
1620 4294 1633 4330 :
1648 4276 1898 4334 Dominus
1922 4281 2013 4334 de-

443 4366 516 4419 dit
545 4407 561 4431 ,
616 4365 865 4420 Dominus
889 4367 1131 4422 abstulit:
1159 4369 1286 4423 sicut
1313 4367 1529 4424 Domino
1558 4371 1781 4440 placuit,
1814 4373 1887 4427 ita
1929 4374 2012 4444 fa-

384 4476 390 4483 -
439 4465 575 4508 ctum
611 4464 685 4510 est
716 4470 735 4510 :
780 4456 846 4510 sit
893 4472 1073 4511 nomen
1111 4456 1317 4513 Domini
1359 4457 1665 4514 benedictum
1707 4462 1761 4516 in
1801 4465 2006 4519 alecula.

438 4545 605 4614 Quem
638 4547 689 4601 in
720 4547 892 4603 locum
922 4548 1181 4604 adductus
1208 4558 1353 4605 esset
1381 4550 1692 4621 ignorabant
1715 4552 1797 4607 vel
1827 4566 2006 4609 sacer-

434 4634 587 4691 dmes
614 4636 690 4691 illi
720 4636 914 4693 invidia
952 4639 1237 4704 excaecati,
1267 4638 1355 4708 qui
1398 4639 1499 4708 ipsi
1543 4639 1762 4696 insidias
1798 4649 2007 4696 struxe-

433 4736 587 4781 rant:
610 4727 751 4797 quod
776 4735 998 4782 curante
1022 4727 1317 4799 Thcophilo
1341 4728 1538 4785 factum
1576 4746 1695 4787 esse
1725 4732 2008 4788 verisimile

432 4825 532 4874 est.
565 4816 890 4885 Theollhilus
920 4832 1064 4883 vero,
1097 4819 1187 4887 qui
1226 4818 1497 4891 Synodum
1527 4837 1675 4876 suam
1707 4822 2006 4879 Constanti-

435 4908 614 4977 nOpoli
651 4907 922 4962 celebrare
961 4922 1123 4961 ausus
1166 4924 1271 4962 non
1315 4919 1425 4970 est,
1471 4922 1749 4983 postquam
1776 4914 2006 4971 Joannes

432 4997 616 5067 pulsus
642 4995 809 5049 fuerat
838 4997 858 5068 (
885 4995 1146 5068 Ibidem),
1176 4999 1228 5052 in
1268 4999 1451 5054 urbem
1508 5003 1720 5059 intravit
1746 5013 1904 5076 atque
1951 5009 2006 5062 in

429 5086 706 5141 ecclesiam
736 5087 882 5141 venit
903 5103 1023 5141 cum
1050 5088 1268 5143 asseclis
1292 5089 1421 5143 suis.
1444 5090 1500 5146 Si
1529 5092 1659 5147 ﬁdes
1686 5094 1753 5148 sit
1780 5095 2006 5167 Georgio

428 5174 788 5230 Alexandrino
812 5217 827 5240 ,
872 5176 1219 5232 barbarorum
1246 5177 1338 5233 ille
1362 5194 1512 5235 more
1540 5196 1659 5235 cum
1691 5183 2004 5241 satellitibus

426 5269 537 5321 suis
562 5266 793 5321 intravit.
817 5265 950 5334 Quia
976 5284 1102 5323 vero
1130 5269 1287 5324 minae
1308 5272 1500 5341 saepius
1541 5271 1755 5327 intentae
1782 5290 1885 5328 non
1912 5291 2005 5344 po-

426 5365 601 5414 terant
641 5358 893 5429 populum
923 5358 1111 5416 sedare
1135 5400 1151 5426 ,
1180 5361 1314 5431 pulsi
1343 5361 1561 5417 Joannis
1585 5379 1866 5421 interorem
1897 5381 2003 5422 non

427 5450 703 5517 ferentem,
729 5451 921 5506 violata
948 5451 1046 5507 fuit
1069 5456 1363 5509 reverentia
1386 5454 1624 5512 ccclesiis
1644 5457 1841 5514 debita.
1868 5458 2002 5515 Cum

423 5544 569 5599 enim
609 5542 961 5615 Imperatores
1000 5547 1050 5601 in
1094 5548 1204 5604 hare
1237 5562 1416 5605 sancta
1444 5551 1588 5621 pacis
1613 5554 1724 5609 loca
1745 5596 1759 5622 ,
1792 5555 2000 5610 nonnisi

429 5634 617 5703 positis
645 5638 807 5691 armis
834 5653 897 5693 ac
922 5638 1217 5695 diademate
1257 5642 1457 5710 ingredi
1498 5643 1763 5711 Solcrcnt;
1799 5655 1920 5700 tunc
1949 5647 1998 5700 in
2024 5640 2030 5645 ’

425 5726 675 5785 ecclesias
698 5730 921 5803 ingressi
948 5743 1068 5786 sunt
1096 5733 1423 5789 inimicorum
1457 5737 1638 5803 instar,
1669 5740 1853 5792 armati
1886 5739 1999 5792 telis

1514 353 1571 409 S.
1602 347 1880 408 JOANNlS
1915 343 2382 402 CHRYSOSTOMI
2424 344 2605 412 VITA,

3624 343 3726 400 δῖοι

2145 466 2199 510 et
2230 457 2406 511 clavas
2440 464 2728 526 gestantes,
2759 454 3118 526 populumque
3142 469 3207 509 ex
3238 453 3481 510 ecclesiis
3503 453 3726 523 depule-

2144 556 2269 602 runt
2290 588 2304 612 ,
2336 547 2424 616 qui
2455 547 2700 616 patientia
2728 556 2780 600 ct
2822 547 3066 616 precibus
3094 552 3291 600 tantum
3328 547 3541 600 illorum
3580 546 3719 600 luro-

2143 652 2256 692 rcm
2275 652 2616 707 compescere
2634 629 2931 706 studebant,
2951 646 3004 693 et
3024 644 3198 692 tamen
3217 638 3580 709 baptisterium
3605 653 3728 693 san-

2142 727 2301 796 guine
2329 728 2404 781 illi
2430 726 2851 797 compleverunt.

2212 817 2341 874 Cum
2386 820 2464 874 sic
2501 819 2850 875 abduceretur
2887 819 3154 887 Joannes,
3195 820 3285 876 ubi
3318 835 3432 875 rem
3471 819 3721 891 cognovi

2142 910 2366 979 populus
2385 951 2399 976 ,
2430 911 2734 966 tumultuari
2761 911 2943 981 cmpit,
2968 922 3021 967 et
3048 910 3426 981 imperatorem
3455 922 3724 983 tutamque

2141 1001 2411 1073 Synodum
2431 1044 2447 1069 ,
2483 1003 2852 1073 prmcipueque
2883 1002 3236 1073 TheOphilum
3267 1012 3322 1058 et
3349 998 3719 1072 Severianum,

2141 1094 2434 1149 maledictis
2478 1095 2696 1165 appetiit
2743 1092 2763 1168 (
2802 1095 2950 1150 Socr.
2995 1095 3032 1149 Ι.
3065 1094 3125 1150 6..
3166 1110 3210 1148 c.
3242 1096 3326 1150 l7.
3361 1096 3565 1151 Sozam.
3599 1098 3635 1150 ι.
3663 1097 3719 1152 8.

2139 1202 2186 1238 c.
2214 1186 2281 1241 l8
2305 1184 2346 1258 )A.
2375 1186 2546 1242 Ambo
2574 1188 2717 1242 enim
2748 1187 3054 1242 insidiarum
3086 1188 3137 1242 in
3168 1197 3408 1243 sanctum
3437 1190 3718 1257 praesulem

2139 1285 2381 1332 auctores
2426 1286 2545 1334 esSe
2596 1277 2925 1333 ferebantur.
2979 1277 3300 1335 Severianus
3344 1296 3471 1336 vero
3506 1296 3625 1335 cum
3666 1283 3719 1335 in

2138 1369 2363 1425 ecclesia
2397 1385 2493 1441 per
2531 1369 2586 1424 id
2625 1377 2830 1440 tempus
2860 1385 3161 1425 sermonem
3200 1370 3456 1439 haberet,
3502 1381 3718 1427 senten-

2142 1463 2288 1531 tiam,
2323 1478 2425 1534 qua
2452 1462 2684 1519 Joannes
2712 1463 2983 1533 depositus
3012 1462 3201 1528 luerat,
3233 1463 3483 1528 laudavit,
3513 1474 3569 1518 ut
3592 1463 3721 1517 con-

2139 1560 2229 1608 tra
2246 1553 2513 1609 hominem
2561 1564 2897 1625 arrogantem
2938 1554 3139 1619 latam,
3178 1555 3386 1608 etiamsi
3427 1568 3533 1608 non
3570 1555 3718 1610 aliud

2136 1645 2340 1698 crimen
2366 1644 2525 1713 objici
2553 1653 2752 1713 posset.
2780 1644 2985 1700 Caetera
3009 1644 3151 1699 enim
3179 1644 3389 1712 delicta,
3423 1645 3714 1715 inquiebat,

2139 1736 2279 1790 Deus
2310 1736 2616 1791 hominibus
2645 1738 2888 1802 remittit,
2912 1737 3154 1806 superbis
3186 1745 3361 1792 autem
3393 1739 3609 1793 resistit.
3641 1739 3715 1793 Ea

2137 1841 2263 1881 vero
2283 1825 2349 1882 de
2368 1842 2525 1882 causa
2551 1828 2774 1897 populus
2797 1828 3095 1899 indignatus
3120 1830 3171 1882 in
3196 1829 3556 1899 majoremque
3581 1830 3716 1884 iram

2135 1918 2430 1972 concitatus
2467 1926 2567 1972 est.
2612 1918 2792 1988 Neque
2833 1918 3054 1974 ulterius
3094 1934 3124 1973 a
3171 1919 3431 1974 seditione
3476 1921 3716 1974 revocari

2139 2019 2363 2080 poterat,
2384 2010 2475 2065 sed
2495 2020 2549 2065 et
2574 2011 2625 2065 in
2655 2012 2892 2066 ecclesiis
2918 2012 3043 2081 ipsis
3061 2020 3112 2066 et
3146 2012 3197 2065 in
3217 2010 3335 2066 foro
3365 2006 3717 2067 tumultuaba-
3746 2017 3750 2021 '

2137 2108 2240 2154 tur.
2270 2100 2457 2171 lugens
2481 2115 2609 2156 vero
2642 2103 2816 2172 populi
2843 2103 2994 2157 turba
3021 2102 3086 2156 ad
3114 2102 3368 2163 Palatium
3394 2105 3632 2173 perrexit
3657 2113 3716 2159 et

2135 2189 2514 2260 Imperatorem
2553 2192 2831 2263 deprecata
2882 2202 3044 2249 estut
3084 2192 3186 2248 sibi
3230 2205 3498 2264 pastorem
3556 2211 3711 2251 suum

2134 2283 2456 2337 restitueret.

2204 2371 2286 2426 Ea:
2311 2383 2455 2427 terrae
2478 2386 2613 2427 motu
2640 2373 3021 2445 Chrysostomus
3047 2386 3412 2430 revocatur.—
3431 2379 3572 2433 Inter
3596 2379 3711 2434 hinc

2132 2470 2307 2516 autem
2332 2462 2516 2517 Palatii
2541 2464 2840 2519 cubiculum
2871 2479 3186 2519 concussum
3215 2477 3314 2530 est,
3341 2475 3395 2521 et
3416 2476 3569 2522 terra:
3596 2482 3713 2523 mo-

2132 2559 2218 2604 tus
2252 2567 2474 2621 magnus
2506 2554 2687 2607 urbem
2718 2555 2989 2623 quassavit
3028 2553 3265 2628 (Pallad.
3302 2555 3439 2610 Dial.
3472 2555 3709 2612 Theodo-

2130 2650 2224 2693 ret.
2247 2639 2284 2694 l.
2311 2642 2363 2696 5.
2391 2640 2564 2714 c.5i).
2587 2644 2703 2711 Quo
2730 2643 2923 2699 factum
2946 2654 3001 2699 ut
3027 2647 3303 2713 perterrita
3322 2647 3577 2716 Eudoxia,
3602 2648 3708 2702 lm-

2129 2740 2374 2799 peratore
2401 2733 2559 2787 etiam
2585 2743 2871 2801 annuente,
2899 2736 3094 2805 populo
3120 2738 3501 2805 conclamante,
3526 2739 3591 2794 de
3618 2756 3707 2796 re-

2130 2824 2367 2879 vocando
2399 2822 2604 2879 Joanne
2642 2820 2896 2879 statutum
2936 2825 3110 2881 fuerit.
3154 2826 3352 2882 Eadem
3399 2829 3508 2896 ipsa
3552 2841 3708 2885 nocte
3767 2838 3770 2842 ’

2129 2915 2366 2971 Eudoxia
2389 2915 2594 2971 litteras
2618 2915 2685 2970 ad
2710 2915 2965 2971 Joannem
2993 2917 3156 2983 misit,
3179 2933 3402 2987 quarum
3429 2920 3703 2974 exordium

2126 3006 2216 3062 ille
2244 3005 2406 3061 refert
2431 3006 2451 3076 (
2475 3005 2660 3077 Chrys.
2685 3017 2722 3061 t.
2750 3006 2805 3062 5.
2826 3022 2874 3061 ο.
2901 3006 3567 3081 445.ι.40);Νεανὸίη-ειιιν
3596 3028 3706 3064 san-

2126 3097 2269 3150 ctitas
2298 3105 2403 3162 tua,
2426 3096 2614 3166 inquit,
2646 3113 2724 3151 me
2750 3098 2839 3151 illa
2860 3097 3052 3151 novisse
3070 3113 3182 3167 qua:
3207 3107 3344 3169 gesta
3369 3108 3485 3153 sunt
3510 3114 3530 3152 :
3559 3103 3704 3152 inno-

2126 3204 2242 3242 cens
2257 3203 2346 3258 ego
2362 3204 2473 3242 sum
2493 3204 2525 3240 a
2540 3187 2784 3259 sanguine
2808 3180 2915 3241 tuo.
2944 3186 2973 3240 Ι
2980 3188 3176 3257 mprobi
3202 3199 3247 3242 et
3274 3190 3459 3260 perditi
3479 3191 3704 3243 homines

2126 3279 2255 3333 lianc
2279 3288 2507 3333 struxere
2526 3278 2829 3332 machinam.
2860 3278 3091 3333 Mearum
3115 3279 3455 3349 lacrymarum
3478 3280 3611 3334 testis
3631 3289 3704 3334 est

2124 3367 2280 3433 Deus,
2297 3370 2380 3422 cui
2393 3385 2538 3422 sacra
2554 3370 2706 3441 facio.
2722 3369 2901 3439 Pergit
2920 3383 3047 3423 vero
3067 3368 3476 3440 Chrysostomus
3500 3388 3512 3422 :
3535 3370 3702 3438 Quam

2123 3459 2410 3513 libationem
2435 3458 2658 3525 eﬂ‘udit?
2688 3459 2926 3530 lacryma:
2954 3461 3061 3530 ejus
3094 3461 3264 3514 libatio
3294 3472 3453 3515 erant.
3482 3460 3576 3516 Cui
3612 3477 3701 3514 sa-

2122 3562 2212 3602 Cra
2238 3547 2394 3602 facio.
2426 3547 2676 3603 Sacerdos
2704 3549 2795 3602 illa
2828 3565 3006 3619 nempe
3024 3590 3038 3611 ,
3076 3567 3164 3619 per
3189 3550 3403 3620 seipsam
3427 3552 3660 3605 ordinata
3683 3594 3698 3617 ,

2121 3652 2234 3707 qua:
2265 3637 2370 3690 Deo
2405 3636 2641 3704 oﬂ'erebat
2674 3639 2924 3709 lacrymg
2946 3679 2963 3705 ,
2993 3641 3355 3710 confessionem
3383 3650 3430 3695 et
3456 3642 3702 3711 perniten-

2120 3729 2262 3794 timn,
2292 3744 2392 3782 non
2420 3745 2512 3798 pro
2546 3729 2832 3794 sacerdote,
2859 3731 2946 3783 sed
2973 3746 3063 3799 pro
3095 3729 3357 3795 Ecclesia,
3394 3747 3486 3802 pro
3512 3734 3698 3802 papula

2120 3820 2364 3890 disperso.
2402 3818 2600 3873 Memor
2638 3830 2768 3873 certe
2805 3830 2911 3874 erat
2947 3832 2995 3875 et
3037 3822 3257 3890 ﬁliorum
3286 3832 3332 3876 et
3361 3824 3698 3894 baptismatis.

2119 3908 2392 3964 llecordor
2419 3923 2516 3979 per
2540 3925 2729 3964 manus
2758 3918 2874 3964 tuas
2903 3911 3040 3965 lilios
3067 3926 3214 3966 meos
3256 3911 3418 3966 fuisse
3457 3913 3697 3983 baptiza-

2119 4007 2220 4054 tos.
2259 3998 2385 4053 Hazc
2424 3999 2759 4069 Imperalrix.
2798 4000 2931 4055 lliuc
2969 4000 3057 4054 illa
3102 4001 3482 4070 Imperatorem
3524 4003 3691 4070 adiit,

2116 4090 2338 4160 ejusque
2365 4105 2537 4161 genua
2575 4091 2825 4161 tangebat
2852 4107 2975 4147 cum
3005 4093 3253 4162 lacrymis
3285 4094 3606 4163 obsecrans,
3639 4108 3697 4151 ut

2116 4181 2445 4236 sacerdotem
2474 4189 2747 4237 revocaret
2779 4199 2793 4235 :
2826 4180 2987 4235 Nulla
3018 4184 3159 4237 nobis
3179 4223 3195 4250 ,
3235 4183 3537 4252 inquiebat,
3580 4201 3696 4256 spes

2114 4270 2326 4342 Imperii
2352 4284 2596 4342 superest,
2628 4273 2725 4327 nisi
2747 4273 2915 4341 ipsum
2942 4274 3256 4326 reducamus.
3283 4273 3431 4328 Illam
3454 4290 3581 4329 vero
3602 4291 3694 4331 vo-

2114 4373 2200 4418 cat
2223 4360 2632 4433 Chrysostomus
2657 4372 2877 4417 matrem
2904 4362 3281 4429 Ecclesiarum,
3312 4364 3550 4419 altricem
3578 4380 3693 4420 mo-

2114 4453 2425 4522 nachorum,
2454 4462 2758 4508 sanctorum
2786 4462 3080 4523 patronam,
3112 4468 3401 4524 pauperum
3427 4455 3693 4514 baculum.

2113 4547 2221 4602 llas
2245 4560 2403 4616 porro
2418 4545 2602 4600 laudes
2622 4543 3015 4610 Tillemontius,
3034 4560 3065 4600 a
3089 4544 3316 4615 Georgio
3332 4547 3693 4604 Alexandrino

2113 4637 2366 4707 deceptus
2388 4677 2404 4703 ,
2434 4636 2581 4707 quasi
2611 4635 2680 4691 ab
2705 4635 2943 4691 Eudoxia
2971 4635 3139 4691 dictas
3180 4638 3232 4691 in
3270 4636 3488 4693 Joannis
3518 4640 3688 4693 hono-

2110 4743 2245 4795 rem,
2276 4727 2376 4797 ipsi
2404 4726 2597 4783 Joanni
2625 4726 2826 4793 tribuit,
2850 4742 2955 4781 non
2980 4726 3407 4784 animadvertetis
3431 4729 3494 4783 ad
3521 4728 3688 4784 ποδη-

2112 4833 2232 4873 nem
2259 4834 2365 4872 non
2387 4816 2651 4888 quadrare
2678 4816 2829 4885 illud,
2862 4815 3079 4871 Matrem
3110 4815 3449 4872 Ecclesiarum
3473 4818 3687 4890 (Chrys.

2112 4919 2149 4962 t.
2180 4911 2236 4966 '5.
2262 4923 2309 4963 c.
2337 4908 2461 4966 446.
2486 4908 2521 4961 ι.
2550 4904 2660 4978 l5).

2183 5001 2513 5071 Theophilus
2528 5018 2675 5071 vero,
2693 5003 2805 5075 qui,
2828 5011 2961 5060 teste
2982 5003 3217 5060 Palladio
3240 5002 3479 5077 (Pallad.
3496 5005 3689 5079 Dial.),

2109 5091 2362 5146 diaconos
2385 5092 2539 5159 duos,
2570 5108 2794 5164 quorum
2822 5093 2958 5149 alter
2989 5094 3290 5162 homicidii,
3318 5095 3456 5150 alter
3474 5096 3691 5161 adulte-

2110 5185 2173 5238 rii
2203 5198 2359 5240 causa
2385 5183 2608 5254 depositi
2636 5183 2863 5252 fuerant,
2897 5185 2947 5239 in
2974 5184 3258 5255 pristinum
3281 5185 3501 5256 gradum
3528 5188 3692 5243 resti-

2110 5286 2302 5343 tucrat,
2321 5277 2431 5348 jam
2454 5285 2586 5333 teste
2601 5276 2828 5348 Georgio
2853 5278 3214 5333 Alexandrino
3241 5279 3293 5332 in
3322 5278 3497 5335 locum
3524 5278 3691 5334 Joan-

2109 5369 2191 5421 nis
2220 5366 2286 5421 ab
2325 5382 2384 5422 se
2425 5366 2665 5436 improbe
2692 5367 2918 5437 depositi
2943 5407 2957 5431 ,
2991 5366 3151 5421 alium
3180 5369 3489 5443 episcopum
3520 5369 3684 5425 desti-

2109 5467 2327 5515 naverat
2375 5467 2427 5515 et
2456 5459 2822 5514 nominaverat
2841 5501 2856 5525 ,
2888 5466 2944 5513 et
2979 5460 3291 5529 rescriptum
3319 5475 3382 5515 ea
3408 5461 3476 5516 de
3502 5476 3562 5517 re
3590 5460 3687 5515 ba-

2108 5553 2265 5608 hebat
2292 5567 2456 5625 penes
2479 5566 2558 5618 se,
2582 5552 2668 5607 cui
2694 5551 3125 5621 subscripserunt
3146 5552 3356 5621 plurimi
3382 5552 3687 5610 Constanti-

2108 5645 2396 5715 nopolitani
2424 5643 2676 5714 episcopi.
2704 5645 2773 5698 At
2792 5659 2894 5697 non
2920 5643 3160 5712 permisit
3187 5645 3327 5702 Deus
3349 5688 3362 5712 ,
3383 5645 3685 5717 improbum

2107 5738 2405 5808 hujusmodi
2436 5736 2749 5805 rescriptum
2780 5736 2830 5791 in
2861 5738 3031 5792 lucem
3061 5737 3291 5807 prodire.
