4110 6148
356 298 458 353 205
1538 308 1714 366 NUNC
1753 311 2012 371 PRIMUM
2052 316 2442 381 ADORNATA.

422 413 667 483 Rogante
684 417 860 487 itaque
882 417 1134 487 Eudoxia,
1151 421 1443 491 Imperator
1458 424 1656 493 legatos
1677 426 1819 480 misit
1841 428 1931 497 qui

356 502 613 558 Joannem
645 506 997 574 reducerent,
1028 518 1082 565 et
1099 511 1363 567 civitatem
1390 512 1623 580 periculo
1649 515 1933 572 liberarent

350 591 519 665 (Socr.
544 594 583 647 ι.
611 595 666 650 6.
689 612 737 651 c.
764 599 849 652 16.
884 598 1092 654 Sozam.
1109 602 1145 655 ι.
1163 603 1216 657 8.
1236 619 1281 655 c.
1303 605 1414 674 18).
1442 604 1568 659 Post
1596 605 1691 661 hos
1713 609 1930 664 secundi

346 683 488 736 missi
503 693 649 751 sunt,
673 694 729 740 et
770 697 892 756 post
917 691 1177 746 secundos
1215 693 1374 758 tertii,
1396 694 1464 747 ita
1491 703 1547 748 ut
1567 695 1834 765 BOSpnt‘us
1855 698 1930 753 le-

342 783 582 841 gatorum
642 776 982 833 multitudine
1049 780 1366 851 operiretur.
1420 783 1508 838 Sic
1562 784 1928 842 Theodoretus

342 861 410 931 (ι.
445 863 498 916 5.
518 879 568 916 c.
602 865 719 936 51).
740 866 930 921 Verum
964 867 1210 926 Socrates
1244 881 1300 926 et
1331 872 1655 930 Sozomenus
1684 875 1926 933 haectan-

343 961 448 1005 tum
468 952 651 1008 dicunt
674 972 688 1008 :
712 955 1006 1025 Imperator
1023 974 1144 1015 eum
1163 963 1442 1019 celerrime
1462 958 1697 1021 revocari
1738 968 1917 1035 jussit.

336 1041 527 1097 Missus
557 1045 717 1113 igitur
743 1046 898 1102 Briso
924 1051 1174 1121 Augustas
1208 1054 1499 1122 eunuchus,
1549 1056 1770 1112 offendit
1795 1073 1918 1113 eum

335 1131 580 1194 Praencti.
600 1135 741 1203 quod
764 1139 1056 1207 emporium
1079 1151 1161 1195 est
1182 1157 1245 1196 ex
1266 1143 1490 1199 adverso
1509 1144 1827 1202 Nicomedia:
1848 1149 1919 1201 si-

316 1228 532 1288 -tung,ct
552 1221 1042 1295 Constantinopolin
1071 1230 1244 1285 redire
1265 1231 1432 1299 jubet.
1461 1233 1517 1288 Id
1539 1250 1657 1288 cum
1683 1237 1917 1292 novisset

3512 355 3619 414 206

2041 433 2078 526 l.
2097 433 2149 488 8.
2167 451 2213 487 c.
2232 437 2342 508 I9),
2358 449 2629 510 postquam
2647 445 2875 505 Joannes
2893 452 2944 506 in
2963 455 3143 511 sedem
3166 474 3316 515 suam
3340 467 3615 526 restitutus

2039 522 2209 616 fuerat
2224 528 2573 599 Theophilum
2596 536 2886 597 Heraclidis
2903 557 3113 601 causam
3141 559 3195 602 et
3221 522 3611 616 ordinationem

2036 614 2304 684 inquirere
2338 623 2589 707 voluisse,
2636 637 2692 682 ut
2737 630 2859 686 inde
2882 635 3215 693 occasionem
3259 645 3517 713 arriperet
3544 649 3609 705 ad

2033 702 2289 762 Joannem
2336 704 2710 770 damnandum.
2758 719 3064 779 Heraclides
3104 742 3232 783 vero
3265 702 3380 786 non.
3400 735 3604 805 aderat,

2037 804 2314 893 tamenque
2343 802 2413 856 de
2441 803 2530 859 illo
2555 807 2773 863 absente
2792 810 3145 883 judicabatur,
3177 823 3324 889 quasi
3345 802 3603 893 quosdam

2032 886 2228 954 injuste
2273 889 2614 975 damnasset,
2652 907 2707 953 et
2756 903 2956 957 catenis
2997 886 3208 961 vinctos
3245 926 3341 979 per
3363 886 3601 972 .mediam

2026 972 2377 1046 Ephesiorum
2426 983 2609 1039 urbem
2659 972 3262 1065 traduxisset.Cumque
3280 1000 3511 1059 Joannes
3546 1015 3601 1061 et

2025 1067 2279 1143 quicum
2328 1071 2418 1127 illo
2462 1073 2684 1130 aderant
2725 1077 2965 1134 dicerent
2999 1083 3067 1137 de
3108 1087 3417 1145 absentibus
3455 1092 3597 1161 judi-

2021 1157 2161 1211 cium
2204 1158 2329 1214 ferrt
2372 1177 2478 1217 non
2515 1163 2730 1232 debere,
2762 1168 3102 1226 Alexandrini
3149 1185 3333 1231 contra
3373 1157 3593 1236 conten-

2019 1246 2247 1315 debant,
2292 1252 2648 1310 admittendos
2685 1272 2805 1312 esse
2861 1270 3201 1318 accusatores
3262 1266 3589 1339 Heraclidis,

332 1313 579 1379 populus,
606 1323 662 1367 ut
681 1315 888 1370 obviam
913 1318 984 1371 illi
1008 1321 1338 1387 procederet,
1357 1324 1548 1378 ostium
1572 1324 1908 1393 Propontidis

344 1405 571 1473 navigiis
598 1405 818 1460 obtexit.
848 1408 936 1463 Sic
964 1410 1227 1465 innumeri
1245 1413 1295 1465 in
1316 1427 1593 1468 occursum
1611 1416 1726 1484 ejus
1751 1431 1910 1473 vene-

286 1544 291 1549 ,
327 1501 471 1558 runt,
500 1508 684 1549 cereas
736 1496 880 1552 faces
924 1498 1283 1566 praeferentes.
1315 1499 1387 1554 Ita
1431 1502 1595 1557 redux
1638 1504 1903 1569 Joannes,

322 1582 500 1635 statim
519 1586 742 1653 negabat
764 1600 822 1639 se
841 1587 893 1640 in
912 1588 1093 1641 urbem
1114 1589 1470 1658 ingressurum
1488 1607 1626 1657 esse,
1643 1594 1741 1647 nisi
1763 1595 1905 1663 prius

322 1670 376 1723 in
404 1674 605 1740 majore
652 1673 891 1743 judicum
913 1692 1171 1732 consessu
1205 1681 1459 1735 innocens
1497 1683 1899 1741 declararetur:

317 1761 372 1814 in
401 1761 728 1830 suburbano,
752 1765 891 1833 quod
912 1766 1159 1822 Mariana:
1174 1769 1370 1825 dicitur
1390 1771 1744 1840 (Suzomenus
1759 1776 1902 1830 Ana-

316 1852 463 1921 plum
481 1855 678 1924 vocat),
696 1855 948 1919 substitit,
964 1857 1141 1928 ibique
1159 1861 1507 1916 mansit.Cum
1524 1873 1699 1918 autem
1722 1880 1898 1921 moras

312 1949 576 2009 necteret,
606 1959 778 2013 neque
805 1946 1007 2015 ingredi
1035 1948 1210 2011 vellet,
1235 1950 1384 2018 plebs
1409 1952 1459 2004 in
1484 1953 1894 2023 indignationem

310 2035 573 2104 prorupit,
613 2038 899 2106 statimque
925 2040 976 2093 in
1022 2040 1163 2109 ipsos
1215 2042 1568 2111 Imperatores
1613 2048 1892 2104 maledicta

310 2124 606 2191 congessit.
637 2126 867 2196 Ideoque
906 2128 1318 2199 Chrysostomus
1362 2135 1413 2187 in
1463 2136 1644 2191 urbem
1690 2138 1891 2207 ingredi

305 2222 526 2267 coactus
547 2225 650 2281 est,
676 2216 886 2272 obviam
926 2217 1002 2272 illi
1034 2220 1176 2274 venit
1199 2223 1479 2278 multitudo
1507 2225 1665 2295 vulgi,
1692 2236 1889 2283 etcum

302 2317 514 2358 summa
553 2309 846 2361 reverentia
878 2309 931 2362 in
959 2310 1238 2366 ecclesiam
1265 2312 1500 2380 deducit,
1530 2331 1689 2370 orans
1716 2327 1771 2370 ut
1792 2333 1890 2386 pro

302 2409 457 2448 more
500 2410 599 2449 suo
645 2398 696 2450 in
744 2398 1031 2468 episcopali
1078 2401 1326 2455 cathedra
1368 2403 1569 2468 sedeat,
1613 2416 1666 2460 et
1703 2421 1886 2475 pacem

302 2485 501 2552 popqu
526 2496 863 2555 apprecetur.
894 2486 1023 2543 Cum
1064 2501 1334 2547 recusaret
1382 2494 1467 2548 ille
1490 2509 1553 2550 ac
1580 2495 1803 2564 diceret,
1831 2498 1883 2553 id

295 2574 543 2643 judicum
587 2578 801 2632 decreto
844 2579 959 2633 ﬁeri
994 2595 1125 2650 opus
1159 2597 1306 2649 esse,
1335 2593 1389 2637 et
1423 2595 1669 2654 oportere
1698 2595 1757 2641 ut
1801 2588 1884 2645 iia

296 2666 494 2735 quibus
528 2669 911 2724 condemnatus
932 2669 1124 2737 fuerat,
1150 2668 1318 2741 ipsum
1348 2675 1684 2730 absolverent
1713 2694 1726 2729 :
1756 2687 1881 2733 tunc

296 2760 527 2826 populus
556 2762 724 2829 magis
750 2762 1021 2831 magisque
1042 2764 1335 2817 concitatus
1361 2765 1530 2833 ipsum
1561 2757 1880 2822 concionan—

292 2859 404 2903 tem
450 2849 631 2904 videre
682 2851 898 2907 omnino
939 2852 1138 2920 voluit,
1185 2863 1240 2907 et
1261 2854 1491 2909 Joannes
1531 2855 1633 2925 ipsi
1671 2871 1875 2913 morem

292 2955 487 3011 gerere
500 2948 725 2998 "coactus
748 2952 850 2999 est.

364 3031 549 3087 Reduc;
573 3034 952 3105 Chrysostomus
973 3038 1222 3091 orationes
1239 3038 1367 3092 duas
1390 3039 1691 3097 [rubea—In
1707 3044 1875 3098 eccle-

288 3124 371 3179 sia
395 3134 574 3180 autem
603 3127 1000 3195 Apostolorum,
1032 3129 1083 3183 in
1109 3144 1265 3199 quam
1308 3139 1431 3185 tunc
1462 3133 1730 3202 ingressus
1767 3145 1869 3203 est,

286 3216 607 3271 concionem
647 3219 1058 3287 extemporalem
1084 3228 1138 3273 et
1167 3220 1534 3275 brevissimam
1578 3223 1761 3279 habuit
1804 3226 1870 3280 ad

285 3307 563 3374 populum,
588 3306 677 3362 ubi
708 3308 815 3362 Deo
841 3309 1108 3368 multotics
1134 3310 1421 3376 benedixit,
1439 3322 1492 3367 et
1508 3312 1644 3368 hanc
1662 3330 1867 3382 vocem,

282 3394 590 3450 Benedictus
640 3396 805 3465 Deus,
855 3398 1158 3468 frequenter
1197 3403 1554 3470 pronuntiavit
1581 3403 1864 3474 (Chrysost.

282 3493 329 3535 ι.
369 3496 417 3539 c.
457 3484 607 3552 459)
665 3504 680 3540 :
730 3488 961 3558 dicitque
1004 3490 1246 3546 inimicos
1287 3507 1412 3547 suos
1453 3506 1717 3549 amatores
1765 3498 1864 3551 sibi

280 3579 485 3630 multos
530 3579 899 3635 conciliavisse
938 3584 1201 3651 etiamque
1228 3583 1460 3649 Judazos,
1491 3586 1629 3654 quod
1660 3595 1712 3640 et
1730 3588 1866 3641 infra

282 3667 499 3734 repetit.
531 3667 608 3722 Ac
638 3668 705 3723 de
735 3678 881 3724 tanta
911 3671 1247 3726 multitudine
1272 3674 1527 3743 gaudens,
1545 3675 1725 3729 laetitia
1744 3693 1865 3747 per-

282 3758 434 3815 fusus
478 3759 646 3816 dicit:
681 3762 850 3818 Iladie
892 3766 1138 3820 circenses
1177 3777 1311 3834 sunt,
1338 3778 1383 3820 et
1409 3784 1553 3823 nemo
1597 3770 1755 3834 adest,
1780 3770 1868 3823 sed

279 3867 457 3906 crimes
496 3853 551 3906 in
591 3855 850 3911 ecclesiam
897 3873 984 3912 ceu
1038 3868 1276 3913 torrentes
1318 3862 1688 3929 conﬂuxerunt.
1716 3861 1785 3917 Se
1813 3863 1865 3916 in

283 3945 516 4000 ecclesia
543 3945 635 4001 SS.
668 3948 1040 4016 Apostolorum
1088 3952 1387 4005 concionari
1419 3951 1741 4017 testificatur,
1777 3953 1863 4007 ubi

279 4046 438 4091 erant
462 4038 521 4091 S.
550 4038 812 4094 Timothei
854 4041 1110 4110 reliquiae.
1144 4041 1198 4095 In
1226 4042 1329 4097 fine
1367 4058 1495 4097 vero
1522 4043 1675 4112 lupos
1713 4043 1864 4097 aufu-

278 4127 426 4197 gisse
450 4127 599 4195 dicit,
617 4144 724 4196 quo
739 4130 1070 4185 subindieare
1086 4132 1294 4186 videtur
1317 4132 1486 4201 ipsum
1508 4131 1861 4201 Theophilum

276 4220 390 4288 jam
420 4236 485 4275 ex
512 4220 727 4275 civitate
756 4236 1025 4291 egressum
1052 4238 1170 4277 esse
1201 4241 1214 4276 :
1246 4238 1364 4291 qua:
1389 4231 1563 4277 tamen
1606 4237 1693 4277 res
1718 4222 1861 4277 diffi-

278 4313 480 4367 cultate
507 4328 611 4368 non
642 4322 817 4370 vacat.
840 4315 1156 4384 Insequente
1179 4315 1265 4369 die
1300 4316 1457 4371 aliam
1507 4315 1690 4370 habuit
1728 4330 1860 4370 cou-

278 4405 489 4459 cionem
527 4406 820 4475 longiorem
852 4424 866 4459 :
899 4407 952 4459 in
978 4421 1079 4475 qua
1109 4408 1280 4475 primo
1322 4407 1649 4462 Pharaonem
1689 4406 1856 4478 [Egy-

282 4496 448 4563 ptium
469 4504 745 4563 comparat
766 4511 886 4550 cum
928 4497 1034 4550 alio
1071 4496 1343 4567 Egyptio,
1383 4499 1473 4567 qui
1522 4497 1661 4552 haud
1701 4498 1859 4554 dubie

281 4595 362 4638 cst
390 4585 741 4653 TheOphilus,
784 4585 1062 4655 episcopus
1109 4586 1520 4653 Alexandrinus,
1555 4588 1784 4655 dicitque
1806 4587 1859 4641 in

285 4673 383 4728 hac
411 4674 666 4728 Ecclesiae
707 4674 1007 4730 calamitate
1039 4675 1319 4730 hrercticos
1345 4676 1410 4729 ad
1437 4675 1594 4729 fidem
1638 4691 1860 4730 conver-

282 4776 369 4817 sos
412 4763 597 4819 fuisse.
624 4763 835 4819 Judaeos
878 4765 1124 4819 meliores
1146 4765 1401 4830 evasisse,
1425 4772 1582 4834 atque
1610 4764 1673 4817 ad
1702 4763 1857 4824 Chri-

282 4853 483 4909 stianos
525 4854 856 4920 accurrisse;
901 4855 954 4909 in
997 4853 1301 4923 hujusmodi
1356 4862 1531 4908 autem
1560 4854 1858 4911 calamitate

278 4945 647 5015 baptisterium
675 4948 928 5018 sanguine
957 4946 1216 5016 repletum
1253 4945 1436 5001 fuisse.
1462 4945 1664 5000 Laudat
1691 4960 1856 5016 popu-

281 5038 388 5091 lum
415 5052 446 5090 a
486 5037 592 5094 ﬁde
626 5046 682 5093 et
721 5039 1042 5093 constantia.
1092 5037 1395 5107 Deindeque
1433 5037 1760 5093 convertitur
1802 5038 1856 5091 in

282 5127 465 5182 laudes
489 5127 745 5183 Eudoxia:
769 5128 1037 5198 Augustae,
1060 5127 1211 5197 cujus
1234 5127 1471 5196 epistola:
1497 5126 1562 5181 ad
1589 5141 1648 5182 se
1678 5127 1855 5181 missae

266 5228 485 5288 partem
548 5218 756 5282 adfert,
807 5218 1058 5288 illamque
1120 5218 1376 5273 encomiis
1416 5217 1667 5272 celebrat.
1715 5216 1852 5271 Dicit

276 5322 451 5368 autem
478 5311 588 5380 hic,
624 5319 685 5366 ut
709 5326 887 5380 supra,
920 5311 1160 5365 inimicos
1189 5310 1240 5364 in
1271 5308 1446 5379 fugam
1486 5323 1668 5363 versos
1712 5323 1849 5365 esse.

273 5402 511 5463 Alteram
536 5409 663 5472 post
698 5400 925 5457 reditum
961 5415 1115 5456 suum
1143 5399 1410 5454 homiliam
1441 5398 1624 5453 habuit
1649 5399 1855 5469 longio-

272 5509 403 5558 rem,
433 5508 557 5564 quze
583 5492 653 5548 de
680 5489 975 5546 Chananaea
1003 5490 1328 5557 inscribitur,
1351 5489 1418 5545 de
1444 5504 1546 5560 qua
1567 5489 1850 5571 videndum

272 5584 527 5641 Moniqu
556 5593 796 5644 nostrum
826 5582 888 5635 T.
915 5582 971 5653 5,
1009 5585 1058 5631 C.
1086 5579 1208 5633 M7.

313 5677 482 5733 Aiunt
500 5674 752 5730 Socrates
766 5670 936 5743 (Socr.
953 5670 1099 5726 t.6.c.
1117 5668 1206 5742 I7)
1218 5669 1601 5726 etSozomenus
1619 5668 1845 5740 (Sozam.

2016 1340 2143 1395 licet
2163 1356 2284 1396 eum
2313 1344 2584 1400 absentem
2630 1362 2960 1405 accusarent.
3013 1353 3200 1410 Gravis
3240 1358 3363 1414 inde
3403 1363 3592 1417 seditio

2016 1428 2159 1485 inter
2186 1431 2800 1505 Constantinopolitanos
2826 1449 2882 1494 et
2909 1442 3301 1501 Alexandrinos
3326 1460 3441 1505 orta
3464 1462 3584 1507 est:

2010 1521 2400 1592 commissaque
2444 1541 2641 1596 pugna,
2673 1530 2823 1584 multi
2850 1533 3130 1602 vulnerati,
3164 1538 3375 1605 quidam
3420 1543 3584 1598 etiam

2010 1608 2309 1682 interempti
2334 1624 2480 1669 sunt.
2513 1616 2636 1673 Haec
2676 1632 2797 1673 cum
2821 1621 3026 1678 videret
3055 1624 3410 1696 Theophilus,
3440 1631 3582 1687 illico

2006 1700 2384 1759 Alexandriam
2424 1705 2645 1776 aufugit.
2677 1708 2819 1783 Idem
2847 1712 2936 1766 alii
2967 1729 3177 1784 quoque
3214 1717 3582 1792 feceruntepi-

2003 1790 2170 1860 scopi,
2198 1800 2391 1860 praeter
2431 1809 2627 1862 paucos
2652 1799 2744 1866 qui
2773 1797 2992 1857 Joannis
3035 1814 3209 1871 partes
3256 1790 3573 1866 tuebantur:

2003 1882 2283 1950 cunctique
2307 1891 2515 1952 arrepta
2536 1884 2657 1955 fuga
2677 1887 2744 1941 ad
2773 1902 2896 1943 suas
2914 1891 3070 1947 sedes
3096 1906 3451 1952 reverterunt.

2069 1970 2211 2037 Haec,
2228 1980 2505 2043 postquam
2516 1975 2749 2032 Joannes
2762 1979 2813 2032 in
2826 1979 3006 2036 sedem
3020 1997 3167 2037 suam
3185 1987 3456 2051 restitutus
3470 1989 3573 2046 fue-

1996 2069 2098 2123 rat,
2121 2070 2268 2129 gesta
2298 2060 2462 2118 fuisse
2492 2064 2727 2120 referunt
2754 2065 2999 2124 Socrates
3021 2079 3074 2126 et
3098 2070 3456 2141 Sozomcnus,
3476 2062 3568 2148 qui

1998 2158 2296 2218 postremus
2325 2153 2472 2209 illum
2499 2156 2606 2224 jam
2632 2158 2936 2215 restitutum
2961 2161 3121 2218 fuisse
3144 2174 3425 2234 antequam
3455 2169 3567 2225 haec

1993 2253 2275 2309 agerentur
2302 2254 2483 2313 aperte
2511 2246 2657 2302 dicit.
2695 2248 2942 2306 Socrates
2971 2267 3099 2308 vero
3138 2255 3365 2324 idipsum
3409 2273 3564 2327 pror—

1992 2344 2083 2384 sus
2126 2331 2377 2387 insinuat.
2406 2335 2538 2391 Nam
2586 2349 2864 2409 postquam
2886 2341 3144 2398 Joannem
3166 2348 3275 2414 jam
3300 2349 3351 2402 in
3381 2350 3562 2404 sedem

1989 2434 2139 2474 suam
2179 2422 2455 2479 reductum
2504 2425 2666 2482 fuisse
2708 2442 3053 2500 narraverat,
3097 2444 3256 2504 caput
3297 2437 3558 2494 decimum

1989 2512 2272 2579 septimum
2316 2515 2541 2582 orditur,
2586 2517 2681 2572 ubi
2724 2518 2838 2575 haec
2876 2534 3236 2590 recensentur,
3266 2536 3322 2581 ut
3345 2543 3558 2583 causam

1986 2602 2290 2658 certaminis
2314 2604 2451 2658 inter
2470 2604 3081 2678 Constantinopolitanos
3101 2623 3154 2668 et
3172 2616 3557 2672 Alexandrinos

1985 2698 2037 2744 et
2064 2690 2236 2761 fugam
2268 2693 2550 2764 Theophili
2570 2696 2787 2752 referat.
2815 2698 2870 2755 Si
2915 2713 3090 2756 autem
3133 2705 3248 2759 haec
3290 2707 3362 2761 ita
3406 2718 3555 2777 gesta

1984 2780 2109 2844 sint,
2142 2781 2421 2837 dicendum
2453 2801 2572 2840 esse
2599 2787 2812 2842 videtur
2834 2791 3185 2861 Theophilum
3227 2797 3406 2863 paucis
3442 2797 3557 2853 die-

1983 2867 2080 2924 bus
2124 2880 2244 2940 post
2287 2875 2585 2930 restitutum
2612 2875 2868 2933 Joannem
2898 2880 3183 2950 aufugisse,
3215 2894 3270 2940 et
3291 2886 3411 2941 ideo
3438 2896 3555 2943 tan-

1982 2959 2151 3013 tillum
2181 2964 2442 3019 mansisse
2463 2964 2942 3039 Constantinopoli,
2989 2972 3110 3040 quia
3153 2988 3273 3027 cum
3318 2975 3553 3034 Joannes

1981 3060 2256 3104 revocatus
2282 3052 2485 3119 fuisset,
2515 3069 2619 3109 non
2645 3058 3038 3114 contradixerat
3062 3062 3272 3130 quidem
3305 3065 3423 3130 ille;
3455 3067 3550 3121 sed

1977 3151 2096 3191 cum
2137 3139 2433 3196 Heraclidis
2470 3158 2688 3199 causam
2715 3146 2767 3199 in
2799 3148 3030 3203 medium
3059 3153 3381 3218 protulisset,
3409 3170 3547 3224 quo-

1972 3229 2116 3282 niam
2144 3229 2229 3287 hic
2254 3246 2284 3284 a
2308 3231 2515 3288 Joanne
2559 3234 2835 3289 ordinatus
2874 3236 3065 3304 fuerat,
3098 3240 3151 3292 in
3190 3242 3545 3308 suspicionem

1975 3318 2221 3384 venisse,
2267 3320 2407 3390 quod
2455 3338 2662 3377 rursum
2712 3324 2929 3379 Joannis
2969 3341 3185 3382 causam
3247 3329 3546 3399 disquirere

1974 3409 2150 3475 vellet,
2199 3419 2253 3465 ut
2295 3413 2444 3466 illum
2495 3414 2706 3469 tandem
2736 3431 2765 3469 a
2795 3417 2922 3471 sede
2961 3416 3543 3490 Constantinopolitana

1972 3499 2295 3555 deturbarct.
2328 3503 2522 3557 Verum
2567 3513 2741 3559 tamen
2771 3517 2852 3560 est
2877 3506 3312 3578 Chrysostomum
3342 3514 3392 3565 in
3432 3514 3545 3582 epi-

1971 3591 2105 3644 stola
2132 3592 2197 3644 ad
2218 3590 2579 3649 Innocentium
2606 3595 2786 3650 dicere
2836 3611 2897 3652 se
2925 3597 2944 3666 (
2968 3597 3030 3657 T.
3047 3600 3096 3655 5.
3111 3601 3204 3658 σοι.
3218 3601 3337 3657 i552.
3357 3601 3391 3655 ι.
3423 3601 3535 3674 58)

1969 3689 2245 3751 postquam
2288 3682 2340 3735 in
2379 3682 2559 3738 sedem
2605 3698 2753 3738 suam
2780 3686 3054 3740 restitutus
3080 3695 3184 3753 est,
3215 3689 3282 3742 ab
3313 3688 3544 3757 Impera-

1971 3778 2085 3824 tore
2105 3771 2416 3839 postulasse,
2447 3782 2501 3826 ut
2522 3772 2791 3842 Synodum
2814 3783 3049 3844 cogeret,
3073 3776 3162 3830 ubi
3181 3776 3249 3831 de
3264 3791 3357 3831 sua
3378 3792 3539 3833 causa

1963 3857 2286 3926 judicaretur
2315 3877 2327 3914 :
2360 3870 2412 3914 ct
2439 3876 2558 3915 cum
2603 3862 2667 3915 ad
2714 3863 2855 3916 illam
2881 3865 3171 3933 cogendam
3198 3865 3540 3935 Imperatoris

1967 3948 2134 4003 litera:
2161 3950 2212 4003 in
2247 3951 2422 4004 omnia
2465 3951 2578 4005 loca
2623 3953 2979 4019 mitterentur,
3011 3954 3363 4023 The0philum
3401 3958 3538 4011 male

1966 4040 2066 4095 sibi
2093 4042 2387 4108 consciunt,
2421 4043 2593 4097 media
2618 4053 2794 4111 nocte,
2816 4059 3105 4100 conscensa
3135 4048 3253 4100 navi
3279 4062 3397 4102 cum
3428 4048 3538 4103 suis

1965 4128 2248 4198 aufugisse.
2280 4130 2428 4187 Unde
2457 4132 2710 4202 consequi
2744 4133 2974 4199 videtur,
3027 4134 3374 4204 TheOphilum
3419 4145 3538 4204 post

1965 4219 2191 4275 reditum
2216 4220 2435 4276 Joannis
2470 4224 2671 4294 aliquot
2690 4224 2876 4281 diebus
2905 4224 3358 4296 ConstantinOpoli
3384 4242 3537 4280 man-

1964 4309 2118 4374 sisse,
2145 4309 2313 4364 donec
2338 4311 2583 4367 videlicet
2626 4323 2845 4383 rogante
2879 4314 3082 4369 Joanne
3130 4315 3426 4385 Imperator
3468 4316 3534 4369 li-

1964 4409 2105 4455 teras
2134 4400 2326 4468 ubique
2354 4401 2498 4454 misit
2521 4403 2585 4456 ad
2609 4402 2878 4473 Synodum
2910 4403 3220 4472 cogendam.
3241 4405 3374 4459 Cum
3401 4420 3530 4475 ergo

1963 4490 2015 4543 in
2039 4489 2397 4551 concionibus,
2421 4505 2552 4559 quas
2584 4491 2635 4543 in
2658 4490 2742 4543 die
2765 4490 2965 4545 reditus
2982 4501 3033 4544 et
3049 4493 3300 4558 postridie
3322 4494 3524 4560 habuit,

1961 4579 2101 4634 dicat
2117 4580 2357 4634 inimicos
2373 4594 2497 4633 suos
2517 4576 2800 4648 aufugisse,
2816 4580 2893 4633 sic
2911 4579 3279 4649 intelligendus
3296 4581 3530 4638 videtur.

2033 4672 2316 4740 Postquam
2343 4670 2573 4739 episcopi
2593 4670 2686 4735 illi,
2706 4670 2792 4738 qui
2809 4668 3080 4740 Synodum
3109 4671 3159 4723 in
3180 4669 3531 4737 Quercucon-

1962 4761 2259 4825 stituerant,
2303 4775 2421 4814 cum
2450 4759 2614 4828 gloria
2653 4759 2901 4812 reducem
2937 4758 3174 4813 videntes
3206 4758 3547 4832 Chrysosto-_

1962 4866 2126 4914 mum,
2159 4851 2541 4916 discesserant;
2571 4849 2925 4918 TheOphilus,
2951 4849 3038 4919 qui
3071 4849 3527 4922 Constantinopoli

1963 4951 2085 4996 tunc
2103 4951 2240 5008 erat,
2255 4940 2580 5011 quiescebat,
2611 4955 2710 4995 nec
2729 4950 2909 4995 contra
2934 4941 3080 4995 illum
3101 4942 3367 5012 quidpiam
3399 4958 3521 5013 pro-

1960 5032 2101 5088 ferre
2122 5032 2257 5087 ultra
2275 5031 2501 5086 audebat
2524 5050 2538 5086 :
2569 5033 2683 5087 haec
2701 5043 2844 5087 certe
2862 5032 3030 5101 potuit
3047 5033 3335 5102 generatim
3349 5034 3526 5090 dicere

1958 5120 2383 5193 Chrysostomus.
2422 5123 2666 5193 Alioquin
2702 5136 2831 5176 vero
2872 5121 2986 5177 haec
3042 5121 3520 5178 Alexandrinorum

1957 5230 2075 5270 cum
2090 5214 2688 5284 ConstantinOpolitanis
2707 5212 2975 5268 contentio
2990 5220 3046 5267 et
3059 5228 3230 5282 pugna
3252 5228 3358 5267 non
3372 5213 3523 5269 vide-

1959 5313 2041 5358 tur
2054 5319 2208 5374 posse
2219 5314 2341 5359 ante
2352 5304 2716 5375 Chrysostomi
2731 5302 2954 5358 reditum
2978 5300 3254 5359 accidisse.
3286 5302 3520 5359 Severia-

1957 5409 2058 5448 nus
2083 5409 2290 5465 quoque
2317 5392 2637 5449 Gabalorum
2664 5392 2856 5463 aliique
2875 5408 3064 5448 omnes
3086 5392 3301 5448 Joannis
3320 5394 3517 5449 inimici

1956 5485 2127 5556 fugam
2162 5486 2416 5541 fecerunt.
2443 5485 2601 5541 Addit
2643 5500 2769 5541 vero
2806 5485 3070 5541 Palladius
3097 5483 3340 5556 (Pallad.
3378 5483 3519 5539 Dial.

1953 5576 2562 5648 Constantinopolitanos
2579 5576 2927 5646 Theophilum
2947 5576 3272 5647 quresivisse,
3298 5585 3353 5630 ut
3370 5574 3518 5628 illum

1955 5669 2008 5715 in
2038 5685 2183 5723 mare
2213 5670 2599 5740 demergerent.
