4088 6138
495 290 599 345 207

572 409 699 462 Ροει
722 405 1003 474 The0pbili
1034 403 1207 473 fugam
1236 417 1342 456 non
1392 401 1619 455 cessavit
1664 401 2076 473 Chrysostomus

500 515 518 571 t
556 501 620 558 Τ.
645 502 698 556 5.
726 516 773 552 c.
800 496 922 553 552.
945 513 999 550 n.
1026 495 1060 548 5
1088 493 1107 563 )
1136 492 1513 561 Imperatorem
1550 493 1777 562 precari,
1815 501 1870 546 ut
1910 493 2082 564 Syno-

500 592 601 646 dus
631 591 819 644 iterum
848 593 1127 656 cogeretur
1155 583 1221 638 ad
1251 599 1463 639 causam
1491 599 1639 638 suam
1669 584 2079 650 retractandum,

501 695 664 753 utque
705 680 1031 747 The0pbilus
1070 679 1280 734 adesset
1318 679 1554 748 rogabat.
1585 679 1723 732 Misit
1769 678 2078 747 Imperator,

500 774 590 842 qui
636 771 988 839 Theophilum
1034 770 1211 823 redire
1254 769 1502 836 juberent
1564 784 1686 823 cum
1747 767 2084 822 consortibus

501 863 611 917 suis
639 863 905 927 omnibus,
935 872 989 914 ut
1018 872 1291 930 gestorum
1318 875 1535 913 suorum
1586 861 1848 914 rationem
1893 859 2084 914 redde-

504 965 642 1008 rent.
673 953 766 1008 Ille
793 969 920 1007 vero
949 953 1286 1022 Imperatoris
1329 953 1500 1021 jussui
1546 968 1651 1006 non
1679 953 2082 1022 obtemperavit,

506 1055 803 1114 prmtexeus
849 1047 1028 1116 populi
1071 1045 1404 1106 seditionem,
1436 1046 1524 1113 qui
1562 1045 1940 1115 Chrysostomo
1969 1054 2085 1098 stu-

505 1134 684 1189 debat.
713 1135 894 1204 Neque
925 1145 1098 1189 tamen
1127 1135 1354 1188 cessavit
1381 1133 1794 1204 Chrysostomus
1818 1135 1884 1188 ab
1912 1134 2085 1203 Impe-

506 1235 685 1278 ratore
729 1227 994 1293 postulare
1033 1235 1090 1278 ut
1133 1224 1379 1296 Synodus
1425 1235 1721 1296 cogeretur,
1747 1226 1798 1279 in
1825 1241 1926 1295 qua
1973 1225 2087 1294 ipse

509 1331 722 1370 causam
754 1331 904 1370 suam
938 1327 1312 1387 propugnaret.
1362 1318 1689 1388 Supererant
1731 1317 1903 1371 adhuc
1947 1318 2086 1372 Con-

509 1408 850 1475 stantinopoli
881 1409 1082 1478 aliquot
1110 1410 1343 1478 episcopi
1369 1410 1508 1480 Syri,
1532 1411 1619 1480 qui
1655 1425 1774 1464 cum
1795 1408 2088 1478 Theophilo

510 1496 564 1549 in
594 1496 808 1566 Synodo
835 1497 900 1550 ad
923 1498 1184 1564 Quercum
1230 1510 1412 1554 contra
1454 1499 1714 1554 Joannem
1762 1503 2082 1555 sententiam

511 1587 788 1643 dixerant:
819 1590 916 1643 hos
946 1591 1101 1644 etiam
1131 1591 1345 1662 Synodo
1374 1601 1498 1645 tunc
1537 1592 1788 1661 cogendae
1833 1594 2091 1648 interesse

511 1681 732 1750 rogabat
755 1681 1007 1736 Joannes.
1039 1682 1228 1736 Narrat
1264 1698 1391 1737 vero
1419 1683 1746 1737 Sozomcnus
1790 1684 2021 1752 (Sozam.
2050 1683 2087 1739 ι.

511 1771 566 1827 8.
611 1789 656 1826 c.
705 1771 821 1843 I9),
873 1783 990 1842 post
1048 1789 1348 1844 regressum
1407 1774 1773 1844 Chrysostomi
1820 1775 2090 1845 sexaginta

511 1860 725 1916 circiter
749 1864 1027 1932 episcopos
1047 1905 1061 1928 ,
1085 1863 1174 1933 qui
1215 1864 1676 1934 Constantinopoli
1694 1875 2053 1920 convenerant
2073 1909 2086 1931 ,

511 1964 625 2007 acta
672 1954 868 2024 Synodi
908 1956 960 2008 in
1005 1955 1213 2022 Quercu
1251 1957 1395 2010 nulla
1441 1972 1562 2012 esse
1601 1957 1988 2024 deelaravisse,
2037 1967 2092 2013 et

510 2050 639 2097 tunc
678 2042 1114 2115 Chrysostomum
1161 2047 1484 2117 epise0palia
1506 2049 1684 2103 munia
1714 2053 2086 2118 resumpsisse.

518 2133 824 2188 Reclamant
848 2150 974 2190 vero
1004 2138 1189 2206 nuperi
1230 2137 1518 2206 scriptores
1565 2139 1664 2193 hac
1694 2138 1839 2193 ducti
1864 2139 2087 2192 ratione.

513 2221 569 2277 Si
599 2223 701 2277 hoc
731 2225 799 2278 ita
825 2236 1032 2295 gestum
1075 2225 1281 2290 fuisset,
1314 2227 1414 2282 hoc
1438 2237 1583 2282 certe
1612 2228 1831 2282 dixisset
1859 2229 2091 2298 Chryse.

514 2324 720 2369 stemus
748 2315 1052 2370 Innocentio
1077 2316 1253 2386 Papte,
1284 2333 1401 2386 qua:
1436 2326 1581 2388 gesta
1604 2317 1812 2372 fuerant
1836 2318 2088 2372 referens.

511 2403 706 2459 Verum
729 2405 1056 2462 Sozomcnus
1085 2423 1190 2461 non
1219 2408 1348 2462 dicit
1377 2408 1474 2462 hos
1512 2410 1792 2478 episcopos
1817 2408 2090 2479 Synodum

511 2496 897 2562 celebravisse;
945 2498 1035 2552 sed
1086 2499 1258 2552 solum
1306 2498 1606 2553 declarasse
1651 2499 2090 2570 Chrysostomum

513 2585 706 2654 injuste
728 2587 1025 2656 depositum
1056 2588 1254 2652 fuisse;
1279 2598 1331 2642 et
1355 2599 1458 2641 tam
1489 2590 1648 2642 multa
1670 2589 1900 2645 Joannes
1930 2600 2086 2657 tacet,

512 2681 572 2726 ut
601 2674 834 2727 nesciam
861 2689 926 2726 an
958 2675 1073 2744 ejus
1099 2677 1308 2730 silentio
1347 2677 1541 2746 aliquid
1585 2687 1770 2732 contra
1812 2679 2091 2734 Sozomeni

513 2765 870 2819 narrationem
894 2765 1074 2820 inferri
1103 2767 1291 2836 possit.

586 2854 702 2910 Non
752 2856 1000 2911 diuturna
1044 2857 1276 2913 Joannes
1326 2861 1702 2930 tranquillitate
1748 2863 1849 2917 frui
1900 2865 2088 2932 potuit.

514 2945 792 3000 Postduos
833 2963 1060 3017 namque
1099 2957 1313 3003 exactos
1355 2964 1384 3002 a
1427 2951 1600 3004 reditu
1643 2967 1875 3016 menses,
1922 2952 2092 3022 inquit

514 3032 778 3090 Palladius
800 3051 855 3105 ι).
887 3038 1174 3100 75,re‘rum
1224 3041 1445 3095 mutatio
1484 3050 1656 3110 coepta
1698 3051 1780 3097 est
1821 3060 1832 3094 :
1875 3043 2092 3098 Joannis

514 3127 654 3180 enim
681 3126 877 3182 inimici
913 3128 1044 3182 nihil
1085 3144 1190 3184 non
1218 3131 1503 3185 movebant
1527 3139 1587 3185 ut
1611 3133 1829 3202 pristina
1859 3143 1974 3187 acta
2001 3149 2091 3188 re-

515 3228 774 3289 peterent.
824 3220 1080 3275 Arcadius
1125 3237 1252 3276 vero
1295 3223 1589 3291 Imperator
1631 3225 1772 3279 mitis
1821 3225 2092 3295 facilisque

513 3319 645 3375 erat,
671 3310 764 3365 sed
792 3326 854 3364 ex
889 3310 1080 3380 ingenii
1110 3312 1320 3367 levitate
1350 3313 1416 3366 ad
1443 3315 1756 3369 sententiam
1787 3315 2090 3370 mutandam

515 3416 734 3470 pronus.
760 3402 997 3458 Eudoxia
1043 3417 1170 3458 vero
1207 3405 1443 3475 Augusta
1485 3406 1653 3470 illum,
1683 3417 1741 3461 ut
1777 3417 2009 3477 putatur,
2035 3420 2091 3465 ut

512 3502 696 3546 contra
724 3493 980 3547 Joannem
1009 3495 1183 3550 denuo
1212 3499 1424 3551 smviret
1463 3500 1763 3552 concitavit.
1795 3499 1976 3569 Neque
2003 3515 2091 3555 re-

513 3581 618 3638 fert
643 3583 929 3650 Palladius,
962 3600 1060 3656 qua
1090 3586 1156 3641 de
1186 3601 1342 3641 causa
1387 3589 1472 3642 illa
1501 3588 1756 3643 Joannem
1783 3589 1960 3644 denuo
1990 3593 2091 3646 im-

514 3677 746 3746 petierit,
781 3686 942 3746 atque
971 3684 1028 3732 ut
1080 3693 1198 3731 eum
1244 3679 1549 3735 deturbaret
1587 3685 1772 3735 omnes
1819 3683 2089 3736 machinas

513 3770 780 3824 moverit:
812 3785 994 3824 verum
1029 3769 1278 3826 Socrates
1305 3781 1358 3826 et
1398 3771 1725 3826 Sozomcnus
1750 3771 1888 3828 hanc
1915 3773 2089 3829 denuo

514 3859 652 3929 pulsi
675 3859 892 3913 Joannis
921 3863 1252 3916 occasionem
1281 3862 1570 3932 proferunt.

586 3951 928 4022 Chrysoslomi
969 3953 1165 4006 dicendi
1209 3955 1408 4007 libertas
1465 3949 1751 4008 Eudoxiam
1791 3956 1952 4010 demto
1998 3973 2087 4010 ca:-

511 4044 982 4112 asperat.—Argen
993 4055 1069 4097 tea
1090 4051 1260 4097 statua
1281 4038 1534 4098 Eudoxi-.1:
1557 4048 1823 4114 Augusta),
1845 4047 2088 4103 muliebri

513 4132 650 4185 stola
672 4132 901 4198 amictm,
925 4147 1079 4202 supra
1103 4135 1268 4188 basim
1288 4144 1339 4189 et
1363 4136 1659 4190 columnam
1690 4147 1867 4193 erecta
1895 4138 2084 4207 fuerat,

513 4221 757 4290 proxime
787 4223 1066 4276 ecclesiam
1089 4220 1144 4278 S.
1173 4224 1414 4292 Sephim;
1444 4226 1512 4278 ita
1539 4236 1596 4280 ut
1640 4227 1776 4280 inter
1811 4235 2088 4298 utramque

512 4310 685 4366 media
714 4310 986 4367 dumtaxat
1015 4312 1199 4382 platea:
1221 4315 1300 4367 via
1324 4309 1597 4386 interjeCIa
1618 4327 1758 4372 esset
1779 4317 1946 4389 (Socr.
1974 4319 2004 4372 l.
2032 4319 2084 4373 6.

513 4402 675 4458 c.18.
704 4402 912 4457 Sozam.
940 4403 976 4458 Ι.
1010 4404 1064 4459 8.
1093 4420 1137 4456 ε.
1183 4399 1299 4474 20).
1347 4408 1482 4462 Ante
1531 4406 1670 4463 illam
1717 4417 1940 4462 statuam
1990 4424 2088 4479 pro

511 4504 727 4564 recepto
751 4509 899 4549 more
926 4496 1205 4565 populares
1232 4495 1336 4550 ludi
1364 4498 1614 4552 celebrati
1643 4507 1784 4552 sunt.
1825 4499 1976 4568 Sarpe
2007 4500 2087 4554 vi-

513 4586 686 4640 dimus
724 4585 1162 4658 Chrysostonmm
1207 4594 1389 4643 contra
1441 4588 1742 4658 hujusmodi
1789 4591 2087 4660 spectacula

511 4675 1060 4747 declamantem,quia
1098 4693 1288 4747 nempe
1318 4679 1369 4731 in
1398 4678 1700 4748 hujusmodi
1744 4679 1958 4734 ludicris
1998 4697 2087 4738 re-

514 4765 613 4819 bus
639 4781 851 4832 semper
871 4767 1109 4834 quardam
1136 4766 1566 4835 admittebantur,
1597 4780 1714 4840 qua:
1762 4769 2088 4827 Christiano-

514 4870 632 4908 rum
665 4852 900 4908 moribus
944 4863 998 4908 et
1025 4871 1162 4908 vera:
1189 4858 1366 4924 pietati
1390 4858 1815 4915 adversarentur.
1857 4863 2088 4932 Quapro-

513 4951 631 5012 pter
654 4941 1089 5013 Cln‘ysostomus,
1130 4959 1250 4997 cum
1297 4945 1411 4999 hare
1454 4957 1577 5002 ante
1621 4950 1800 5006 valvas
1847 4953 2088 5008 ecclesia:

512 5032 648 5088 facta
661 5045 897 5089 cerneret
909 5034 1202 5103 ,pristinam
1219 5035 1466 5106 loquendi
1481 5037 1774 5095 libertatem
1790 5058 2084 5110 resumens,

513 5133 700 5178 contra
725 5139 816 5179 eos
833 5125 921 5194 qui
947 5122 1204 5192 ejusmodi
1228 5125 1380 5180 ludos
1406 5129 1679 5193 curabant,
1699 5132 1781 5186 vel
1805 5133 1906 5186 illis
1934 5135 2088 5190 inter.

517 5225 668 5268 crant
689 5256 706 5282 ,
737 5229 856 5269 cum
887 5215 1217 5272 vehementia
1239 5217 1392 5272 solita
1436 5220 1778 5276 concionatus
1807 5235 1906 5278 est.
1940 5225 2088 5283 Hanc

517 5314 572 5360 ut
612 5307 988 5362 contumeliam
1029 5323 1060 5363 a
1099 5306 1304 5365 Joanne
1352 5310 1450 5366 sibi
1479 5309 1675 5366 illatam
1705 5313 1865 5370 fuisse
1899 5327 2088 5386 putans

516 5395 775 5465 Eudoxia,
801 5397 852 5453 in
882 5397 1013 5454 iram
1040 5400 1322 5462 concitata,
1358 5417 1544 5456 rursus
1579 5404 1946 5476 cpiscOporum
1989 5408 2085 5480 Sy-

516 5487 710 5544 nudum
737 5489 991 5547 adversus
1020 5490 1169 5546 illum
1191 5493 1500 5564 congregari
1527 5496 1748 5550 curavit.

585 5579 681 5635 IIic
705 5595 866 5654 porro
890 5583 1136 5638 Socrates
1166 5597 1224 5637 se
1251 5581 1469 5639 Joannis
1494 5594 1640 5657 gesta
1663 5589 1960 5659 improbare
1984 5606 2084 5646 non

515 5670 832 5732 dissimulat.
859 5673 1136 5731 chuissct
1156 5676 1321 5747 enim,
1356 5678 1544 5751 inquit,
1573 5682 1719 5753 prius
1741 5683 1930 5740 blanda
1957 5683 2082 5743 hor-

1562 287 1617 341 S.
1659 285 1936 342 JOANNIS
1976 284 2445 343 CIIIIYSOSTOMI
2488 287 2668 354 VITA,

3667 288 3773 343 208

2187 402 2386 456 latione
2415 402 2744 471 Principibus
2772 401 3018 469 suadere,
3047 410 3105 456 ut
3133 401 3199 457 ab
3228 401 3527 471 hujusmodi
3555 402 3774 459 ludicris

2187 492 2540 556 abstinerent,
2571 507 2738 561 neque
2763 493 2968 561 probris
2998 493 3251 562 impetere
3276 507 3391 554 eos.
3421 494 3509 562 qui
3542 494 3639 548 ista
3663 494 3774 550 ﬁeri

2188 591 2570 651 prteceperant.
2594 582 2790 637 Verum
2812 583 2930 652 quis
2957 584 3057 638 scit
3085 598 3151 637 an
3179 585 3470 652 Augustam
3501 599 3604 638 non
3630 586 3777 654 prius

2189 672 2457 726 monuerit
2484 683 2698 726 sanctus
2720 671 2979 726 antistes?
3000 672 3181 734 Certe,
3206 673 3469 727 referente
3492 673 3779 742 Tlte0pha-

2189 777 2276 827 ne,
2308 761 2720 833 Chrysostomus
2751 763 3061 817 Prazfectum
3088 761 3266 827 urbis,
3301 762 3437 816 ludis
3475 761 3779 832 hujusmodi

2190 854 2551 923 praepositum,
2582 853 2681 908 hac
2709 853 2776 908 de
2806 869 2865 908 re
2894 853 3116 907 monuit.
3141 851 3235 906 Ille
3267 867 3428 916 vero,
3477 851 3568 920 qui
3607 853 3779 905 Mani-

2189 945 2369 999 chmus
2395 954 2527 1012 erat,
2562 945 2860 1000 Eudoxiam
2894 945 3020 1000 adiit
3054 945 3352 999 nuntiatum
3385 943 3455 1000 illi
3488 959 3589 996 non
3623 959 3775 1012 posse

2189 1036 2444 1090 Joannem
2476 1036 2632 1102 ferre,
2664 1045 2721 1090 ut
2741 1044 2932 1091 statua:
2953 1051 3063 1090 sum
3085 1035 3258 1090 honor
3281 1034 3644 1103 exhiberetur,
3670 1050 3780 1104 quo

2190 1129 2358 1198 magis
2385 1130 2619 1183 animum
2645 1129 2761 1198 ejus
2791 1138 3154 1197 cxasperaret.

2262 1219 2498 1274 Eudoxia
2541 1220 2699 1291 igitur
2748 1220 2801 1275 id
2847 1221 2900 1274 in
2943 1220 3318 1275 contumeliam
3369 1222 3520 1275 suam
3571 1219 3777 1284 dictum

2191 1319 2464 1378 reputans,
2499 1326 2682 1365 rursus
2713 1311 2933 1367 Joannis
2959 1313 3247 1383 perniciem
3275 1312 3572 1367 machinata
3598 1324 3699 1376 est,
3724 1324 3782 1370 et

2193 1400 2464 1474 Synodum
2490 1407 2862 1475 episcoporum
2894 1407 3148 1461 adversus
3172 1407 3318 1460 illum
3349 1408 3656 1476 congregari
3683 1422 3781 1460 eu-

2193 1497 2349 1550 ravit.
2387 1496 2442 1550 Id
2489 1498 2573 1551 ubi
2619 1499 2835 1553 rescivit
2863 1499 3094 1554 Joannes
3116 1541 3129 1564 ,
3160 1501 3203 1553 si
3243 1498 3376 1552 fides
3402 1501 3472 1553 sit
3494 1499 3697 1554 Socrati
3725 1507 3782 1552 et

2193 1587 2490 1642 Sozomeno
2511 1629 2525 1652 ,
2555 1589 2697 1642 illam
2748 1589 3019 1644 homiliam
3060 1590 3273 1655 habuit,
3303 1604 3419 1659 quae
3444 1591 3521 1645 sic
3549 1591 3734 1657 incipit
3761 1605 3779 1644 ε

2199 1679 2420 1733 Rursum
2449 1678 2698 1734 Herodias
2722 1680 2866 1749 furit.
2899 1681 3185 1734 Ilomiliam
3214 1695 3344 1734 vero
3373 1680 3455 1733 his
3483 1679 3664 1735 verbis
3692 1680 3780 1733 in-

2195 1771 2475 1839 cipientem
2502 1772 2552 1825 in
2577 1782 2764 1826 octavo
2785 1773 2952 1826 Temo
2977 1773 3115 1825 inter
3135 1769 3596 1841 spuriasedidinms
3608 1785 3650 1824 c.
3669 1773 3787 1825 485.

2195 1864 2345 1919 Putat
2359 1875 2532 1919 autem
2546 1864 3074 1920 SaviliusGrmculum
3089 1865 3384 1933 quempiam
3401 1865 3630 1932 ineptmn
3645 1862 3780 1916 etin-

2194 1953 2406 2009 doctum
2419 1996 2434 2021 ,
2453 1970 2571 2008 eum
2585 1955 2720 2024 apud
2735 1955 3003 2010 Socratem
3017 1964 3068 2010 et
3081 1957 3432 2009 Sozomenum
3461 1953 3558 2007 hoc
3570 1954 3779 2007 concio-

2195 2046 2278 2100 nis
2294 2046 2608 2116 principium
2624 2047 2840 2102 vidisset
2861 2088 2875 2113 ,
2901 2045 3037 2100 hanc
3055 2047 3364 2101 concionem
3390 2045 3778 2114 ineptissimam

2193 2138 2470 2206 prremisso
2486 2137 2784 2207 hujusmodi
2811 2137 3067 2206 principio
3089 2137 3338 2191 edidisse.
3362 2138 3430 2189 At
3448 2151 3564 2191 eum
3591 2135 3780 2204 hujus-

2194 2227 2338 2281 modi
2360 2228 2600 2297 opusculi
2629 2236 2814 2282 auctor
2839 2228 3238 2296 antiquissimus
3268 2227 3336 2278 sit
3366 2228 3510 2295 (nam
3537 2225 3604 2278 ab
3629 2226 3776 2278 Ana-

2195 2320 2356 2372 stasio
2381 2319 2582 2374 Sinaita
2611 2321 2802 2373 citatur
2819 2318 2862 2390 ),
2897 2319 3146 2374 libentius
3184 2318 3457 2372 crederem
3504 2317 3606 2371 hoc
3647 2333 3781 2387 opu-

2195 2410 2399 2464 seulum
2442 2426 2470 2464 a
2519 2411 2761 2466 Graeculo
2797 2411 3025 2481 quodam
3053 2454 3068 2478 ,
3117 2419 3401 2480 antequam
3447 2409 3694 2465 Socrates
3723 2421 3780 2464 et

2195 2498 2521 2555 Sozomcnus
2551 2501 2878 2566 scriberent,
2912 2502 3228 2556 adornatum
3258 2502 3437 2554 fuisse.
3464 2501 3580 2555 Non
3610 2515 3776 2570 pauca

2196 2591 2337 2643 enim
2387 2590 2640 2645 habemus
2689 2593 2965 2660 epuscula,
3007 2593 3168 2647 etiam
3209 2591 3574 2662 Chrysostomi
3620 2599 3779 2644 relate

2195 2680 2354 2745 edita,
2387 2680 2502 2748 ejus
2534 2683 2751 2735 nomine
2776 2682 3059 2751 publicata.

2265 2769 2335 2826 Ut
2361 2779 2416 2824 ut
2447 2787 2531 2826 res
2556 2781 2670 2838 est,
2698 2773 2916 2828 Joannis
2961 2775 3192 2840 inimici,-
3245 2791 3358 2830 rcm
3406 2775 3506 2828 sibi
3548 2789 3611 2828 ex
3653 2779 3779 2827 voto

2195 2859 2385 2915 cedere
2414 2861 2688 2926 videntes,
2743 2863 2808 2915 ad
2839 2863 3190 2932 Tthphilum
3242 2862 3615 2919 Alexandriam
3657 2863 3780 2916 mit-

2197 2960 2342 3017 tunt,
2375 2951 2650 3006 hortantes
2682 2961 2740 3006 ut
2767 2953 3266 3023 Constantinopolin
3309 2945 3551 3019 veniret,
3580 2962 3698 3018 aut,
3731 2952 3777 3006 si

2194 3044 2404 3113 plebem
2432 3043 2834 3108 reformidarct,
2881 3045 2959 3099 rei
2989 3045 3236 3114 gerendze
3265 3045 3478 3098 modum
3508 3044 3605 3098 sibi
3637 3058 3777 3111 pra:-

2195 3134 2471 3189 scriberet.
2515 3133 2846 3203 Theophilus
2877 3149 3006 3189 vero
3035 3149 3241 3190 memor
3269 3134 3409 3188 haud
3451 3135 3523 3187 ita
3570 3132 3776 3202 pridem

2198 3225 2450 3281 transaeti
2495 3225 2750 3295 periculi.
2803 3226 2977 3279 denuo
3022 3227 3157 3280 istuc
3205 3227 3307 3280 iter
3353 3224 3625 3292 suscipere
3667 3237 3777 3276 non

2196 3332 2355 3372 ausus
2380 3326 2495 3382 est;
2519 3317 2611 3370 scd
2636 3317 2778 3370 misit
2799 3323 2916 3370 tres
2938 3317 3213 3386 episc0pos
3233 3357 3245 3376 ,
3274 3315 3492 3369 Paulum
3517 3355 3531 3375 ,
3559 3313 3774 3368 Pternc-

2195 3423 2317 3462 nem
2344 3416 2397 3462 et
2423 3409 2582 3461 alium
2605 3422 2790 3462 recens
2815 3407 3132 3469 ordinatum;
3159 3407 3300 3459 misit
3335 3407 3492 3460 etiam
3518 3405 3778 3474 quosdam

2195 3513 2448 3561 canones,
2469 3513 2602 3566 quos
2625 3497 2878 3551 adversus
2902 3498 3113 3551 beatum
3133 3497 3476 3550 Athanasium
3505 3495 3679 3548 Ariani
3700 3494 3779 3548 fe-

2198 3596 2412 3652 cerant,
2449 3596 2507 3639 ut
2550 3587 2613 3640 iis
2649 3595 2930 3641 uterentur
2974 3587 3230 3640 adversus
3259 3586 3538 3640 Joannem.
3578 3585 3640 3638 Ili
3679 3599 3779 3637 au-

2195 3685 2302 3731 tem
2331 3691 2563 3731 canones
2605 3679 2655 3731 in
2685 3677 3018 3731 Antiocheno
3045 3677 3270 3730 concilio
3300 3677 3425 3729 anui
3469 3677 3562 3729 5M
3597 3675 3774 3744 publi-

2194 3767 2296 3821 cati
2322 3766 2550 3821 fuerant.
2579 3767 2634 3820 In
2660 3768 2722 3821 iis
2745 3783 2872 3822 vero
2894 3768 3247 3831 statu-ebatur,
3273 3775 3330 3820 ut
3353 3767 3395 3820 si
3426 3766 3545 3835 quis
3565 3766 3776 3834 episco-

2195 3872 2293 3928 pus
2323 3873 2353 3912 a
2398 3858 2629 3912 concilio
2671 3859 2900 3927 quodam
2932 3858 3207 3927 depositus
3236 3857 3321 3912 vel
3364 3873 3428 3911 ex
3478 3871 3564 3921 se,
3593 3855 3679 3910 vel
3705 3871 3772 3911 ex

2195 3950 2454 4021 imperiali
2483 3952 2798 4006 auctoritate
2823 3952 3002 4006 sedem
3033 3966 3185 4004 suam
3225 3957 3523 4020 repeteret,
3564 3954 3615 4002 in
3647 3963 3774 4017 per-

2193 4055 2417 4112 petuum
2441 4043 2548 4111 jam
2583 4041 2856 4112 depositus
2889 4055 3126 4096 maneret
3151 4083 3164 4106 ,
3192 4057 3290 4095 nee
3317 4051 3493 4110 posset
3521 4053 3772 4108 umquam

2193 4132 2258 4186 ad
2283 4147 2501 4186 causam
2530 4133 2810 4188 dicendam
2854 4133 3083 4186 admitti.
3130 4132 3238 4186 Nec
3283 4131 3640 4197 TheOphilmn
3675 4146 3776 4199 pu-

2192 4223 2307 4277 duit
2357 4223 2670 4277 Arianorum
2726 4238 2999 4287 canones,
3054 4222 3120 4276 ad
3176 4222 3478 4292 pellendum
3531 4231 3771 4275 sanctum

2192 4314 2538 4367 Athanasium
2587 4314 2876 4379 conflatos,
2931 4313 2997 4369 ad
3027 4313 3241 4368 beatum
3285 4312 3545 4368 Joannem
3587 4328 3617 4367 e
3643 4311 3774 4367 sede

2191 4403 2538 4473 rejicieudum
2568 4403 2840 4458 adhibere.

2261 4497 2495 4552 Joannes
2520 4512 2647 4551 vero
2681 4497 2746 4550 a‘d
2769 4496 3030 4565 synodum
3069 4511 3127 4552 se
3153 4505 3435 4550 venturum
3463 4503 3518 4550 et
3551 4507 3772 4548 causam

2191 4588 2457 4643 dicturum
2502 4603 2620 4643 esse
2648 4589 2912 4656 pollicitus
2956 4586 3128 4641 fuerat
3168 4604 3181 4640 :
3225 4585 3514 4640 dummodo
3560 4585 3626 4647 ii,
3681 4584 3773 4652 qui

2191 4687 2376 4750 aperte
2401 4678 2598 4733 inimici
2623 4679 2722 4733 sibi
2746 4687 2920 4741 erant,
2948 4693 3011 4732 ex
3034 4677 3269 4746 judicent
3293 4676 3504 4731 sedibus
3533 4689 3776 4727 remove-

2191 4780 2420 4825 rentur:
2455 4785 2558 4823 non
2608 4769 2816 4823 auditus
2870 4779 3044 4822 tamen
3082 4767 3362 4822 damnatos
3407 4764 3594 4818 fuerat.
3639 4763 3778 4818 Tale

2184 4875 2320 4915 vero
2351 4859 2542 4931 synodi
2568 4875 2732 4930 genus
2766 4860 2864 4913 hoc
2893 4859 3110 4912 nomine
3137 4855 3510 4927 appellandum
3531 4868 3777 4907 uoucssc

2192 4951 2536 5019 conspicuum
2565 4958 2664 5004 est.
2708 4949 2816 5004 Nec
2857 4950 2959 5002 nisi
3009 4948 3344 5017 imperatoris
3382 4947 3534 5014 jussu
3564 4959 3592 4996 a
3643 4941 3776 4996 sede

2194 5042 2378 5112 pulsus
2399 5083 2413 5107 ,
2437 5043 2783 5112 ejusdemque
2819 5041 2970 5111 jussu
3014 5043 3066 5096 in
3096 5042 3276 5095 sedem
3301 5053 3549 5093 reversus
3580 5037 3772 5090 fuerat.

2192 5135 2274 5189 Ab
2306 5135 2570 5204 episcopis
2598 5136 2929 5204 congregatis
2949 5177 2962 5198 ,
3009 5135 3212 5202 majore
3257 5147 3479 5187 ntnnero
3509 5145 3668 5200 quam
3699 5129 3772 5193 ii,

2192 5227 2280 5298 qui
2323 5228 2597 5300 Synodum
2656 5227 2721 5282 ad
2771 5229 3033 5294 Quereum
3081 5224 3505 5290 constituebant,
3555 5235 3771 5276 causam

2192 5335 2340 5374 suam
2365 5329 2744 5390 propugnatam
2769 5320 2929 5374 fuisse
2949 5319 3178 5374 dicebat.
3202 5317 3508 5385 Eodemque
3533 5324 3774 5381 tempore

2193 5408 2540 5480 Tthphilns,
2576 5411 2663 5482 qui
2698 5410 2748 5464 iu
2779 5410 2877 5466 hac
2907 5407 3327 5479 Pseudosyuodo
3355 5406 3654 5476 przccipuus
3686 5402 3777 5470 ju-

2192 5502 2293 5558 dex
2335 5503 2586 5568 sedebat,
2636 5503 2687 5557 in
2719 5518 2932 5557 causam
2978 5510 3196 5556 vocatus
3227 5498 3428 5564 fuerat,
3473 5507 3531 5551 ut
3559 5506 3777 5564 septua-

2193 5597 2336 5666 ginta
2376 5595 2802 5656 criminationum
2832 5596 3001 5664 capita
3030 5593 3318 5663 depelleret
3349 5629 3363 5654 ,
3393 5600 3445 5644 et
3478 5587 3604 5642 falsa
3651 5599 3776 5640 esse

2198 5688 2598 5759 comprobaret,
2629 5691 2697 5743 ita
2726 5699 2778 5743 ut
2805 5689 2978 5744 omnia
3007 5696 3190 5743 contra
3216 5684 3300 5755 jus
3333 5684 3512 5752 fasque
3537 5681 3588 5733 in
3614 5693 3680 5734 ea
3705 5678 3774 5735 ad
