4088 6138
309 290 413 347 209

309 406 579 471 Quercum
609 405 829 478 Synodo
855 418 972 464 acta
1001 421 1216 479 essent,
1267 413 1312 468 si
1363 421 1540 471 tamen
1582 416 1780 487 Synodi
1811 434 1925 482 ιιοο,

308 513 434 553 men
463 509 783 554 mereretur.
813 500 946 556 Cum
974 517 1102 557 vero
1130 504 1328 560 Natalis
1349 506 1464 562 dies
1498 509 1707 563 Domini
1733 509 1905 566 adve-

310 588 478 642 nisset
517 588 710 659 (Socr.
745 590 782 642 ι.
811 590 863 644 6.
898 608 943 644 c.
982 593 1080 661 18)
1103 635 1117 660 ,
1147 592 1443 664 Imperator
1468 597 1536 650 ad
1578 599 1863 654 ecclesiam
1887 641 1902 666 ,

307 680 385 732 uti
412 690 802 746 consueverat,
839 697 944 735 non
986 686 1211 739 accessit
1241 727 1256 749 ,
1285 688 1378 742 sed
1407 688 1597 743 Joanni
1635 692 1906 748 mandavit

309 783 370 825 se
400 785 506 823 non
555 773 703 838 prius
736 786 856 825 cum
890 774 980 826 illo
1010 777 1528 833 communicaturum
1557 795 1709 849 esse,
1741 799 1902 852 quam

311 861 454 915 illata
482 862 582 916 sibi
616 863 841 916 crimina
869 865 1129 920 diluisset.
1447 928 1451 932 _

303 962 311 986 '
404 953 650 1021 Synodus
682 955 920 1008 adversus
965 956 1376 1026 Clu-ysostomum
1397 961 1561 1015 denuo
1589 964 1807 1033 cogitur.
1831 995 1903 1007 —-

309 1039 455 1095 Multi
489 1058 647 1111 porro
671 1044 910 1112 episcopi
933 1061 1147 1102 venere.
1174 1048 1251 1102 Ex
1277 1048 1430 1118 Syria
1459 1066 1608 1118 vero,
1632 1051 1904 1123 Cappado-

307 1134 389 1186 cia
417 1174 432 1194 ,
478 1134 647 1188 Ponto
674 1145 728 1188 et
760 1135 986 1207 Phrygia
1021 1138 1250 1194 universi
1293 1142 1683 1210 metropolitani
1711 1153 1763 1198 et
1790 1146 1904 1215 epi-

311 1226 456 1294 scopi
488 1229 793 1296 congregati
823 1239 984 1296 sunt,
1017 1246 1188 1299 exque
1231 1232 1350 1286 aliis
1377 1235 1562 1288 vicinis
1589 1237 1896 1306 regionibus

312 1315 549 1386 (Pallad.
597 1316 854 1389 Dialog.).
884 1318 1024 1374 Inter
1047 1321 1168 1375 illos
1187 1333 1363 1377 autem
1403 1324 1491 1378 isti
1514 1336 1891 1394 memorantur,

312 1410 539 1464 Aeacius
571 1409 773 1464 Beroeac
794 1452 808 1477 ,
837 1411 1090 1466 Leontius
1129 1415 1384 1485 Ancyrae,
1415 1418 1728 1472 Ammonius
1752 1419 1892 1473 Lao-

311 1501 479 1555 diceae
533 1503 584 1556 in
639 1503 832 1574 Syria,
881 1522 998 1575 quae
1048 1507 1244 1561 Adusta
1293 1510 1699 1577 nominabatur,
1747 1513 1899 1567 Briso

311 1593 697 1665 Philippopolis
727 1599 778 1650 in
831 1598 1058 1652 Thracia
1082 1639 1097 1665 ,
1127 1599 1441 1656 Theodorus
1467 1602 1693 1674 Tyanm,
1743 1605 1897 1674 Cyri-

315 1703 418 1743 nus
445 1689 798 1746 Chalcedonis
818 1733 832 1758 ,
868 1692 1106 1762 Elpidius
1131 1693 1406 1750 Laodicea:
1434 1696 1484 1748 in
1513 1696 1662 1767 Syria
1684 1739 1698 1764 ,
1729 1696 1898 1751 'l‘ran-

309 1781 508 1853 quillus
555 1792 609 1837 et
651 1784 739 1837 alii
785 1784 1178 1853 quamplurimi.
1226 1786 1358 1839 Dum
1415 1787 1528 1842 haec
1585 1798 1895 1856 agerentur,

306 1877 543 1934 Joannes
567 1877 828 1948 adjunetis
871 1878 1218 1948 quadraginta
1254 1878 1460 1933 duobus
1487 1879 1751 1948 episcopis
1772 1895 1899 1934 con-

309 1982 499 2028 ventus
539 1973 765 2043 agebat,
798 1979 853 2024 et
893 1969 1124 2039 populus
1149 1986 1337 2038 magna
1367 1986 1486 2024 eum
1521 1971 1684 2024 animi
1711 1971 1900 2025 alacri-

309 2074 416 2119 tate
441 2065 559 2134 ejus
603 2064 843 2118 doctrina
877 2061 1168 2116 fruebatur.
1199 2061 1344 2116 Solet
1373 2062 1513 2115 enim
1541 2077 1688 2116 vanae
1715 2062 1900 2132 gloriae

312 2171 508 2228 expers
553 2157 766 2211 animus
805 2157 857 2209 in
885 2153 1275 2209 calamitatibus
1296 2153 1666 2222 jucundiorem
1706 2164 1758 2208 et
1799 2169 1897 2224 po-

309 2248 594 2303 tentiorem
623 2262 925 2302 sermonem
951 2244 1257 2300 etl'undere.
1279 2243 1422 2298 Inter
1465 2259 1558 2300 eos
1585 2246 1672 2314 qui
1704 2244 1897 2299 Joanni

308 2339 590 2405 favebant,
637 2347 791 2392 erant
834 2337 1110 2407 Elpidius,
1172 2335 1547 2404 Tranquillus,
1592 2334 1896 2390 Alexander

307 2430 733 2499 Basilinopolcos
777 2430 830 2483 in
875 2429 1118 2498 Bithynia
1148 2469 1163 2494 ,
1195 2426 1509 2483 Theodorus
1535 2427 1730 2497 Tyanae
1751 2469 1766 2493 ,
1817 2429 1898 2481 vir

307 2521 506 2590 probus
540 2539 552 2573 :
587 2521 675 2590 qui
705 2536 826 2575 cum
855 2535 918 2574 ex
952 2520 1014 2574 iis
1034 2561 1050 2586 ,
1081 2535 1200 2590 qua:
1229 2527 1352 2573 tunc
1380 2518 1430 2572 in
1454 2518 1729 2588 colloquiis
1759 2517 1898 2574 fere-

307 2615 500 2668 bantur
522 2653 538 2678 ,
568 2612 854 2683 Theophili
885 2613 1330 2682 conspirationem
1375 2609 1761 2675 intellexisset,
1812 2624 1898 2664 re-

305 2706 444 2760 lictis
473 2705 720 2759 omnibus
763 2704 1078 2770 insalutatis,
1126 2703 1414 2758 Ecelesiam
1459 2716 1606 2756 suam
1639 2702 1894 2770 repetiit,

304 2805 527 2874 longum
559 2804 862 2859 valediccns
888 2804 1172 2859 Comitatui
1201 2804 1311 2858 sive
1339 2805 1473 2858 aulrc
1515 2799 1894 2872 Imperatoriae,

302 2909 561 2964 suamque
580 2895 930 2964 provinciam,
947 2896 1113 2965 inquit
1129 2895 1391 2950 Palladius
1410 2894 1637 2964 Dialog.,
1652 2892 1718 2946 ad
1737 2892 1896 2945 tinem

304 3002 472 3059 usque
495 2989 545 3040 in
575 2987 676 3041 fide
704 2987 1064 3041 Romanorum
1093 2995 1520 3056 perseverantem
1545 2985 1895 3040 conservavit.

377 3079 626 3147 Episcopi
658 3086 836 3133 autem
869 3092 1053 3132 omnes
1085 3093 1206 3131 cum
1248 3077 1520 3132 venissent
1551 3075 1720 3147 (Anno
1748 3072 1895 3142 404),

303 3170 690 3239 cujuscumque
720 3170 886 3239 partis
915 3178 1092 3225 essent
1113 3211 1127 3238 ,
1161 3185 1280 3224 cum
1309 3169 1509 3223 Joanne
1537 3167 1899 3222 communica-

302 3279 432 3319 vere
458 3306 472 3328 ,
513 3281 582 3319 ne
610 3264 795 3319 eadem
824 3265 932 3334 ipsa
952 3306 966 3329 ,
999 3281 1117 3335 quae
1161 3266 1308 3334 prius
1328 3305 1341 3329 ,
1385 3265 1708 3319 acciderent.
1741 3261 1892 3328 Quod

301 3370 425 3410 cum
447 3355 515 3410 ad
540 3371 698 3410 aures
731 3357 1070 3426 Imperatoris
1099 3366 1151 3410 et
1180 3359 1431 3426 Augustae
1459 3355 1726 3419 venisset,
1759 3367 1900 3422 aegre

304 3450 542 3504 tulerunt
580 3449 652 3504 illi
698 3465 815 3504 eam
856 3465 976 3505 cum
1027 3451 1230 3505 Joanne
1276 3450 1726 3503 communionem.
1765 3447 1898 3500 Cum

305 3554 473 3611 porro
502 3539 737 3594 Joannes
765 3541 818 3593 in
848 3540 1120 3612 Synodum
1151 3541 1414 3605 venisset,
1442 3539 1659 3593 adfuere
1685 3552 1900 3592 accusa-

304 3642 452 3687 tores
470 3633 616 3702 ejus:
638 3635 725 3702 qui
749 3648 867 3687 cum
893 3634 1155 3702 egregiam
1177 3633 1289 3702 ejus
1317 3632 1477 3686 animi
1499 3629 1902 3692 fiduciamvide-

309 3731 452 3788 rent,
473 3723 655 3776 animo
682 3723 964 3787 cadebant,
981 3725 1054 3777 "ita
1077 3733 1134 3778 ut
1153 3725 1240 3777 vix
1262 3725 1401 3794 loqui
1420 3723 1693 3777 auderent.
1715 3722 1766 3776 Id
1788 3721 1899 3778 ani-

309 3815 710 3870 madvertentes
734 3816 967 3884 episcopi
997 3815 1186 3885 reliqui
1211 3816 1379 3885 (Socr.
1412 3816 1449 3868 l.
1479 3815 1530 3868 6.
1571 3832 1616 3867 e.
1641 3812 1729 3884 18)
1753 3855 1767 3876 ,
1796 3828 1902 3867 cae-

311 3905 692 3975 terasquidcm
715 3906 1110 3960 criminationes
1153 3905 1437 3959 mittendas
1467 3917 1586 3959 esse
1615 3904 1897 3970 duxerunt,

309 3995 379 4050 de
409 3996 510 4050 hoc
559 4006 734 4050 autem
782 4011 888 4050 uno
917 3997 1266 4066 qumstionem
1313 3995 1613 4049 habendam
1660 4010 1778 4049 esse
1803 3995 1898 4048 de-

309 4086 684 4150 claraverunt,
727 4085 866 4156 quod
895 4094 1014 4155 post
1051 4085 1434 4156 depositionem
1466 4084 1666 4154 absque
1700 4084 1901 4154 Synodi

311 4175 632 4230 auctoritate
657 4216 671 4240 ,
718 4189 816 4229 suo
848 4175 1012 4244 ipsius
1051 4177 1272 4230 arbitrio
1313 4176 1667 4245 episcopalem
1721 4175 1902 4229 sedem

314 4263 621 4320 invasisset.
667 4263 922 4319 Leontius
969 4280 1096 4320 vero
1134 4267 1448 4336 Aneyranus
1496 4274 1551 4320 et
1589 4265 1904 4320 Ammonius

314 4355 653 4411 Laodicenus
679 4356 957 4428 Theophili
982 4359 1284 4428 opinionem
1312 4368 1625 4429 sequentes,
1649 4358 1785 4414 hanc
1813 4375 1904 4414 su-

321 4447 425 4501 lam
470 4449 823 4517 qumstionem
862 4449 1176 4505 movendam
1215 4465 1333 4505 esse
1362 4452 1607 4505 dixerunt
1653 4450 1902 4522 (Pallad.

321 4538 460 4592 Dial.
491 4539 643 4593 Socr.
677 4540 714 4593 l.
738 4539 789 4593 6.
813 4556 858 4594 ε.
886 4541 994 4608 I8).
1014 4541 1308 4611 Respondit
1327 4555 1452 4596 vero
1479 4540 1733 4609 Joannes,
1755 4542 1909 4612 quin-

317 4643 421 4697 que
449 4636 503 4683 et
557 4630 828 4698 sexaginta
855 4630 1130 4700 episcopos
1174 4632 1262 4700 qui
1289 4647 1409 4686 cum
1453 4631 1566 4700 ipso
1613 4632 1910 4686 communi-

319 4731 571 4775 caverant
598 4761 615 4788 ,
656 4722 757 4776 hoc
791 4721 1089 4778 decrevisse
1115 4767 1130 4794 ,
1180 4733 1239 4777 ut
1287 4724 1487 4779 scilicet
1541 4724 1720 4778 sedem
1757 4740 1908 4780 suam

322 4823 609 4880 repeteret.
639 4812 893 4869 Leontius
917 4825 1123 4882 contra,
1147 4815 1248 4870 hoc
1275 4814 1607 4870 mendacium
1629 4815 1908 4885 impuden-

327 4913 406 4956 ter
434 4904 652 4972 protulit
680 4922 693 4958 :
733 4904 941 4973 Plures,
971 4908 1167 4978 inquit,
1195 4910 1333 4979 fuere
1353 4949 1367 4974 ,
1396 4923 1425 4961 ο
1460 4906 1682 4962 Joannes
1703 4950 1717 4975 ,
1755 4909 1840 4979 qui
1867 4917 1913 4962 te

327 4996 378 5049 in
406 4997 618 5067 Synodo
645 5000 1123 5055 condemnaverunt.
1152 5003 1208 5056 Id
1253 5001 1393 5072 quod
1436 5017 1502 5057 ne
1543 5003 1632 5057 alii
1662 5003 1874 5074 quidem
1894 5043 1911 5070 ,

332 5091 414 5159 qui
450 5092 501 5145 in
529 5091 744 5162 Synodo
767 5094 834 5148 ad
859 5094 1123 5162 Quereum
1153 5096 1384 5164 fuerant,
1429 5097 1606 5152 dicere
1633 5097 1748 5152 ausi
1787 5095 1916 5151 fuis-

328 5195 466 5236 sent.
500 5183 580 5238 Ad
621 5184 737 5239 Ι]ωο
765 5200 892 5240 vero
921 5185 1131 5241 dicebat
1171 5186 1402 5242 Joannes
1443 5204 1698 5242 cauonem
1731 5188 1914 5252 illum,

330 5290 435 5343 quo
482 5274 582 5346 ipsi
636 5276 979 5342 nitebantur,
1027 5293 1132 5332 non
1177 5279 1430 5333 Ecclesiae
1460 5279 1778 5346 Catholicae,
1823 5279 1915 5334 sed

330 5370 650 5424 Arianorum
682 5385 805 5427 esse
838 5389 850 5424 :
879 5372 1157 5440 episcopos
1187 5372 1327 5426 enim
1359 5372 1656 5426 Antiochiae
1698 5387 1920 5443 congre-

330 5475 480 5530 gatos
531 5465 598 5518 ad
650 5463 992 5519 evertendam
1032 5464 1509 5520 Consubstantialis
1555 5463 1748 5529 ﬁdem,
1799 5479 1922 5519 cum

332 5554 459 5608 odio
487 5555 780 5627 ﬂagrarent
802 5555 1057 5612 adversus
1085 5555 1432 5631 Athanasium
1451 5597 1465 5622 ,
1498 5555 1638 5610 hunc
1659 5570 1918 5610 canoncm

332 5646 598 5702 emisisse.

400 5737 650 5807 Synodus
672 5736 1087 5808 Clirqsostomum
1108 5755 1139 5794 a
1163 5738 1280 5794 sede
1324 5739 1612 5814 pellendum
1651 5755 1756 5795 esse
1793 5753 1918 5812 pro-

1474 303 1665 361 ttUNC
1703 305 1963 366 PRIMUM
2003 309 2399 368 ADORNATA.

3498 320 3604 378 210

2018 425 2234 477 nuntiat.
2259 453 2332 469 ο·-
2353 427 2602 494 Aeacius,
2632 430 2947 497 Antiochus,
2993 431 3243 503 Cyrinus,
3285 435 3602 494 Severianus

2014 527 2134 567 cum
2178 516 2462 574 Ammonio
2509 529 2565 574 et
2622 520 2848 577 Leontio
2897 521 3277 593 Imperatorem
3315 527 3596 596 adierunt,

2014 606 2365 680 dixeruntque
2407 613 2706 669 evocandos
2734 630 2853 671 esse
2888 631 2954 672 ex
2982 627 3132 686 parte
3171 618 3390 676 Joannis
3415 621 3603 679 decem

2023 703 2303 770 episcopos
2327 744 2342 769 ,
2388 705 2453 759 ad
2485 708 2865 763 conciliandam
2898 711 3190 767 canonibus
3227 715 3597 771 auctoritatem

2015 789 2269 858 (Pallad.
2309 793 2363 846 in
2415 793 2692 867 Dialogo).
2748 797 2974 868 Ingressi
3028 810 3202 856 autem
3257 801 3496 872 Elpidius
3547 814 3602 860 et

2013 882 2354 953 Tranquillus
2391 888 2684 943 suadebant
2710 890 3059 958 Imperatori,
3099 909 3204 947 non
3237 905 3484 964 oportere
3510 897 3598 951 in-

2011 973 2151 1029 dicta
2178 991 2335 1030 causa
2363 978 2482 1046 ejici
2504 980 2784 1034 Joannem.
2809 981 2937 1034 Cum
2969 991 3145 1036 autem
3175 983 3392 1038 Joannis
3414 985 3601 1040 adver-

2011 1067 2137 1120 sarii
2187 1067 2604 1138 alterearentur,
2646 1072 2886 1142 Elpidius
2936 1073 3245 1144 Imperatori
3291 1080 3600 1147 preposuit,

2013 1166 2072 1212 ut
2112 1160 2339 1216 Aeacius
2376 1171 2432 1216 et
2475 1164 2770 1220 Antiochus
2813 1166 3212 1222 subscriberent
3259 1184 3318 1223 se
3361 1169 3603 1238 ejusdem

2011 1263 2129 1304 esse
2159 1249 2280 1306 fidei
2306 1261 2464 1322 atque
2507 1269 2598 1310 eos
2620 1257 2708 1326 qui
2739 1271 2972 1312 canones
3011 1258 3325 1323 ediderunt,
3356 1275 3490 1328 quos
3518 1261 3593 1314 illi

2010 1341 2321 1397 orthodoxis
2360 1347 2746 1415 proponebant.
2811 1347 3103 1417 Imperator
3148 1364 3275 1403 vero
3318 1351 3600 1406 subridens

2010 1430 2142 1486 dixit
2162 1434 2428 1490 Antiocho
2450 1455 2462 1490 :
2485 1437 2626 1491 Nihil
2647 1437 2774 1491 mihi
2795 1439 2973 1494 utilius
2991 1438 3219 1494 videtur.
3244 1440 3321 1494 Illi
3348 1457 3474 1496 vero
3499 1457 3597 1497 ceu

2009 1523 2266 1593 vertigine
2290 1527 2451 1594 capti,
2483 1541 2543 1581 se
2567 1528 2960 1598 subscripturos
2978 1530 3189 1596 dixere,
3216 1546 3387 1600 neque
3422 1539 3597 1586 tamen

2009 1625 2190 1683 postea
2212 1616 2596 1686 subscripsere.
2620 1620 2940 1691 lnterimque
2966 1623 3197 1678 Joannes
3225 1639 3342 1678 cum
3369 1625 3597 1694 quadra-
3627 1635 3632 1648 ’

2010 1706 2156 1775 ginta
2178 1707 2386 1764 duobus
2403 1710 2665 1780 episcOpis
2679 1712 2982 1782 frequenter
2997 1716 3344 1771 conveniebat
3362 1723 3418 1770 et
3431 1716 3598 1770 collo-

2006 1800 2125 1868 quia
2153 1800 2427 1866 miscebat,
2458 1803 2754 1872 populoque
2799 1820 2895 1859 suo
2920 1821 3100 1860 sanam
3133 1807 3429 1862 doctrinam
3460 1822 3600 1876 prte-

2006 1887 2183 1943 dicare
2207 1905 2313 1944 non
2341 1890 2648 1946 desistebat.
2671 1893 2808 1960 Quid
2829 1906 3004 1949 autem
3038 1898 3122 1950 illa
3154 1897 3596 1968 Pseudosynodus

2006 1989 2188 2034 contra
2210 1981 2648 2050 Chrysostomum
2674 1984 3046 2053 prontmtiarit,
3071 2001 3177 2040 non
3195 1988 3441 2042 convenit
3459 1987 3598 2042 inter

2007 2071 2294 2140 scriptores
2319 2091 2331 2126 :
2356 2083 2667 2145 certumque
2691 2088 2864 2130 tamen
2907 2077 3116 2132 videtur
3137 2079 3278 2146 ipsos
3311 2078 3446 2132 hanc
3467 2094 3595 2147 pro-

2008 2163 2192 2217 tulisse
2213 2166 2526 2219 sententiam
2549 2208 2563 2231 ,
2587 2182 2616 2220 a
2643 2167 2768 2222 sede
2794 2168 3098 2236 pellendum
3130 2183 3249 2223 esse
3275 2184 3394 2223 cum
3412 2211 3425 2232 ,
3448 2169 3536 2239 qui
3563 2184 3592 2223 a

2005 2253 2220 2324 Synodo
2253 2255 2533 2311 damnatus
2573 2267 2626 2312 et
2669 2257 2980 2328 depositus,
3025 2258 3206 2314 sedem
3255 2274 3403 2314 suam
3436 2273 3592 2328 repe-

2007 2347 2183 2402 tierat.

2078 2440 2280 2496 Deinde
2308 2457 2433 2496 vero
2475 2441 2771 2499 Antiochus
2800 2444 3107 2514 Imperatori
3152 2444 3318 2498 suasit
3346 2451 3439 2507 ut,
3467 2457 3591 2497 cum

2001 2529 2108 2600 jam
2153 2532 2355 2586 Pascha
2401 2534 2733 2599 immineret,
2765 2535 2976 2605 juberet
3005 2536 3300 2604 Imperator
3325 2535 3588 2590 Joannem

2006 2638 2070 2678 ex
2103 2625 2338 2679 Ecclesia
2365 2626 2544 2695 egredi
2580 2625 2598 2694 (
2618 2625 2756 2679 Pull.
2789 2646 2843 2694 p.
2874 2628 2932 2681 8|
2957 2629 2998 2696 ).
3043 2627 3123 2681 Illi
3151 2643 3352 2682 morem
3393 2642 3586 2698 gerens

2005 2715 2294 2781 Arcadius,
2341 2715 2532 2770 Joanni
2580 2717 2850 2790 mandavit
2903 2725 2961 2771 ut
3002 2717 3239 2772 Ecclesia
3284 2717 3587 2772 excederet.

2008 2805 2304 2874 Respondit
2332 2805 2588 2873 Joannes,
2637 2822 2695 2861 se
2724 2823 2753 2861 a
2783 2808 2891 2861 Deo
2923 2807 3213 2862 Ecclesiam
3245 2808 3513 2875 accepisse
3537 2815 3593 2862 et

2005 2897 2072 2952 ab
2122 2898 2214 2952 illo
2267 2900 2384 2953 solo
2429 2900 2548 2968 ejici
2590 2915 2768 2968 posse.
2810 2901 2898 2954 Ait
2935 2915 3094 2969 porro
3125 2900 3372 2954 Socrates
3412 2900 3489 2969 (ι.
3534 2898 3588 2955 6.

2005 3005 2049 3042 ε.
2081 2987 2186 3061 l8)
2230 2989 2491 3044 Joannem
2541 2993 2895 3060 obsequutum
2923 3006 3044 3046 esse
3071 2991 3318 3045 mandato
3351 2991 3586 3059 Impera.

2006 3079 2155 3134 toris.
2204 3078 2401 3135 Contra
2447 3097 2574 3135 vero
2615 3081 2884 3135 Palladius
2917 3090 3097 3135 narrat
3145 3082 3366 3136 sabbato
3406 3091 3590 3136 sancto

2006 3185 2126 3224 cum
2154 3169 2254 3239 ipsi
2301 3169 2610 3224 mandatum
2637 3170 2704 3223 ab
2751 3171 3074 3238 imperatore
3114 3171 3334 3226 missum
3363 3171 3550 3225 fuisset
3571 3210 3590 3237 ,

2006 3261 2267 3315 Joannem
2334 3260 2521 3315 eadem
2571 3276 2690 3330 quae
2735 3269 2890 3315 antea
2946 3261 3287 3330 respondisse
3329 3259 3624 3329 (Pallad-

2005 3350 2236 3422 Dialog.)
2247 3389 2263 3405 .

2077 3442 2347 3497 Instahant
2369 3459 2580 3514 semper
2605 3445 2830 3499 Aeacius
2858 3451 2914 3499 et
2955 3430 3245 3499 Antiochus
3269 3483 3284 3511 ,
3313 3451 3368 3497 et
3395 3443 3590 3512 deponi

2006 3536 2262 3592 Joannem
2321 3537 2548 3608 ejieique
2600 3537 2960 3608 postulabant.
3013 3537 3252 3606 Cumque
3303 3537 3591 3604 Imperator

2007 3628 2234 3683 haereret
2260 3644 2321 3683 ac
2351 3641 2624 3682 vereretur
2645 3670 2658 3694 ,
2696 3640 2806 3682 tum
2839 3629 2940 3682 diei
2984 3629 3317 3682 sanctitatem
3340 3669 3353 3691 ,
3390 3635 3498 3680 tum
3527 3641 3592 3681 ne

2007 3731 2182 3776 motus
2225 3723 2404 3791 pepuli
2435 3723 2790 3787 eXcitaretur,
2827 3722 3012 3776 dixere
3059 3721 3286 3775 Aeacius
3313 3727 3367 3774 et
3406 3719 3594 3773 Antio-

2007 3815 2138 3869 chus
2172 3831 2184 3867 :
2220 3813 2274 3867 In
2303 3823 2462 3884 caput
2502 3823 2742 3868 nostrum
2785 3815 2854 3868 sit
2893 3813 3112 3868 Joannis
3141 3811 3425 3880 depositio.
3456 3809 3591 3863 Tum

2007 3903 2352 3974 quadraginta
2385 3905 2459 3958 illi
2487 3905 2718 3973 episcopi
2744 3944 2758 3971 ,
2786 3904 2873 3972 qui
2904 3919 3024 3957 cum
3066 3903 3270 3956 Joanne
3295 3901 3596 3955 consentie-

2009 3995 2171 4062 bant,
2200 3998 2576 4065 imperatorem
2613 4005 2664 4050 et
2707 3996 2997 4064 Augustam
3039 3995 3326 4058 adierunt,
3355 3994 3444 4062 qui
3483 4002 3592 4044 tum

2008 4091 2262 4161 martyria
2291 4105 2386 4144 seu
2413 4089 2670 4144 ecclesias
2701 4100 2962 4160 malyrum
2995 4087 3297 4140 invisebant
3320 4127 3334 4150 ,
3365 4083 3595 4137 obnixe-

2010 4195 2113 4250 que
2139 4180 2334 4248 precati
2358 4190 2480 4232 sunt
2505 4221 2519 4245 ,
2569 4188 2624 4233 ut
2654 4180 2944 4233 Ecclesium
2972 4179 3060 4231 Dei
3095 4178 3144 4230 in
3169 4191 3298 4246 pace
3325 4174 3596 4243 relinque-

2012 4277 2171 4336 rent,
2201 4270 2538 4338 maximeque
2568 4280 2785 4339 propter
2814 4269 3014 4324 Pascha
3047 4277 3102 4322 et
3146 4275 3364 4337 propter
3382 4281 3476 4320 eos
3505 4264 3594 4333 qui

2015 4360 2368 4431 regenerandi
2408 4368 2582 4414 erant.
2613 4361 2690 4413 Ac
2718 4376 2838 4414 cum
2863 4360 2990 4413 nihil
3021 4361 3308 4428 impetrare
3337 4366 3593 4426 possent,

2013 4453 2230 4520 Paulus,
2252 4452 2532 4521 episc0pus
2572 4451 2786 4514 Cratize,
2815 4450 3062 4504 clamavit
3091 4466 3104 4502 :
3134 4448 3392 4512 Eudoxia,
3429 4448 3593 4500 Deum

2015 4547 2143 4602 time
2162 4587 2176 4612 ,
2207 4555 2416 4600 tuorum
2444 4544 2733 4597 liberorum
2763 4541 3016 4593 miserere
3041 4556 3052 4592 :
3087 4552 3258 4606 neque
3283 4537 3450 4590 violes
3471 4550 3598 4589 sano

2015 4649 2153 4694 ctam
2181 4637 2379 4692 Christi
2419 4634 2811 4689 solemnitatem
2843 4631 3114 4701 sanguinis
3146 4627 3425 4684 ell‘usione.
3463 4627 3594 4681 Tum

2017 4731 2090 4786 illi
2120 4729 2464 4801 quadraginta
2496 4725 2729 4797 epise0pi
2759 4724 2935 4780 moesti
2963 4723 3028 4777 ad
3051 4721 3343 4777 diversoria
3366 4735 3424 4775 se
3445 4734 3599 4775 rece-

2019 4836 2146 4892 pere
2174 4835 2289 4874 sua.

2091 4911 2281 4966 Milites
2297 4911 2556 4965 ecclesiam
2573 4905 3273 4976 invadunt.—Primipilares
3291 4918 3417 4959 vero
3432 4900 3606 4974 Chry-

2023 5006 2244 5061 sostomi
2283 5005 2466 5060 hostes
2533 5004 2681 5059 illum
2730 5001 3013 5057 detrudere
3060 4999 3353 5069 cogitantes
3393 4997 3603 5070 (Chrys.

2026 5097 2135 5151 1.5.
2161 5113 2206 5151 c.
2232 5094 2476 5153 552.n.5
2510 5093 2572 5166 ),
2613 5110 2734 5152 cum
2780 5093 3119 5165 Imperatoris
3153 5092 3336 5162 copias
3377 5091 3444 5144 ad
3489 5104 3605 5147 ma-

2025 5206 2154 5244 num
2182 5188 2448 5244 haberent
2470 5230 2485 5255 ,
2507 5187 2788 5243 collectam
2819 5185 3045 5240 militum
3075 5195 3300 5239 turmam
3323 5182 3607 5238 miserunt.

2027 5279 2082 5333 In
2109 5281 2224 5350 ipso
2253 5279 2475 5334 sabbato
2505 5287 2692 5333 sancto
2738 5276 2804 5331 ad
2835 5290 3112 5346 vesperam
3158 5275 3210 5328 in
3248 5272 3502 5328 ecclesias
3530 5272 3608 5325 in-

2026 5373 2193 5442 grcssi
2234 5371 2452 5438 milites,
2487 5371 2698 5426 Clerum
2731 5384 2945 5423 onmem
2980 5367 3068 5438 qui
3099 5382 3221 5422 cum
3263 5366 3468 5421 Joanne
3496 5374 3609 5420 erat

2028 5463 2299 5533 ejecerunt
2323 5504 2336 5528 ,
2367 5472 2421 5518 et
2447 5463 2610 5516 armis
2626 5460 2984 5514 sanctuarium
3006 5457 3236 5527 undique
3259 5455 3605 5511 obsederunt.

2029 5555 2276 5610 Mulieres
2303 5569 2516 5624 quoque
2544 5566 2813 5606 sacrarum
2844 5549 3036 5604 aedium
3056 5589 3072 5615 ,
3104 5562 3222 5618 qn:e
3265 5562 3323 5602 se
3351 5550 3608 5602 exuerant

2029 5657 2087 5703 ut
2116 5645 2530 5717 baptizarentur,
2561 5652 2706 5698 metu
2729 5641 3026 5712 pcrterrilm
3047 5680 3063 5706 ,
3096 5638 3250 5694 nudae
3273 5635 3608 5704 aufugerunt;

2032 5755 2204 5802 neque
2234 5739 2375 5794 enim
2415 5735 2808 5792 concedebatur
2837 5733 2939 5790 illis
2967 5741 3023 5788 ut
3052 5746 3110 5787 se
3158 5729 3429 5795 vclarent,
3479 5723 3609 5779 sicut
