4088 6138
498 318 596 374 2H

491 436 743 489 mulieres
780 433 1029 486 honestas
1056 427 1226 483 decet.
1267 425 1443 481 Multae
1478 426 1637 481 etiam
1682 422 1912 493 acceptis
1941 421 2053 475 vul-

487 524 707 580 neribus
724 520 1098 593 ejiciebantur,
1129 527 1184 574 et
1216 516 1472 588 sanguine
1512 514 1867 587 implebantur
1893 512 2053 583 pisci-

485 629 567 668 na:
588 653 603 677 ,
632 624 925 680 cruor-eque
948 609 1088 664 sacri
1120 608 1303 664 latices
1341 606 1713 663 rubescebant.
1760 604 1941 673 Neque
1971 602 2057 657 hic

486 719 663 760 rerum
700 702 822 757 ﬁnis
846 702 945 756 fuit
975 719 989 755 :
1020 702 1071 755 in
1101 702 1274 756 locum
1304 701 1465 756 etiam
1496 701 1548 753 in
1586 713 1692 769 quo
1721 705 1903 751 sancta
1925 710 2057 751 con-

482 796 596 850 dita
616 793 1216 863 servabanturingressi
1251 802 1377 847 sunt
1417 791 1613 846 milites
1676 803 1902 858 quorum
1952 786 2055 841 ali-

492 895 622 956 quot
677 885 840 939 nullis
888 880 1076 939 initiati
1135 891 1286 938 erant
1339 881 1605 953 mysteriis
1639 921 1655 945 ,
1705 878 2058 945 viderentque

484 985 662 1031 tamen
688 975 865 1030 omnia
896 991 1017 1045 qua:
1042 975 1183 1028 intus
1210 973 1590 1028 servabantur:
1614 971 1739 1039 quin
1760 977 1814 1023 et
1832 966 2056 1022 sanctis-

484 1068 652 1123 simus
671 1066 867 1122 Christi
901 1066 1113 1135 sanguis
1126 1074 1185 1120 ut
1205 1065 1256 1118 in
1291 1064 1378 1118 tali
1406 1063 1635 1117 tumultu
1654 1059 1894 1114 accidere
1914 1065 2061 1128 pote-

487 1169 591 1226 rat,
627 1162 679 1214 in
700 1160 927 1214 militum
958 1168 1134 1214 vestes
1158 1158 1357 1213 effusus
1381 1166 1481 1213 est.
1509 1156 1659 1211 Tunc
1686 1154 1863 1209 omnia
1877 1169 1975 1208 ceu
2003 1152 2056 1207 in

489 1249 762 1304 barbarica
795 1249 1089 1317 irruptione
1118 1257 1322 1317 patrata
1347 1248 1572 1302 vidisses
1602 1265 1615 1299 :
1643 1243 1898 1314 vulgusin
1928 1243 2057 1298 seli—

488 1341 726 1395 tudinem
762 1341 1066 1409 fugabatur;
1094 1339 1379 1395 multitudo
1411 1339 1584 1394 omnis
1611 1345 1761 1393 extra
1789 1335 2058 1390 civitatem

489 1431 834 1495 versabatur;
859 1441 1115 1501 erantque
1140 1431 1383 1487 ecclesiae
1404 1432 1456 1485 in
1475 1438 1619 1485 tanta
1638 1427 1920 1483 festivitate
1938 1440 2058 1479 om-

489 1521 618 1575 nino
658 1535 859 1574 vacutc.
893 1520 1138 1590 Episc0pi
1164 1523 1284 1590 plus
1313 1520 1657 1590 quadraginta
1679 1560 1693 1584 ,
1724 1517 1811 1587 qui
1842 1514 2059 1572 Joannis

486 1611 758 1665 consortio
789 1610 1116 1676 ﬂuebantur,
1138 1626 1259 1665 cum
1280 1610 1438 1665 Clero
1463 1619 1518 1664 ct
1537 1610 1729 1678 populo
1757 1607 1874 1662 sine
1900 1619 2060 1660 causa

442 1686 449 1691 ’
492 1701 550 1754 in
579 1699 752 1769 fugam
798 1698 939 1754 versi
985 1707 1128 1752 sunt.
1179 1698 1469 1754 Horrendis
1515 1695 1816 1768 bujusmodi
1850 1694 2063 1764 ﬂagitiis

491 1789 669 1843 omnia
695 1789 857 1843 mixta
887 1789 1203 1857 turbataque
1227 1796 1379 1843 erant
1409 1805 1426 1842 :
1458 1786 1652 1856 ubique
1677 1800 1774 1855 per
1796 1786 1909 1839 fora
1927 1824 1943 1849 ,
1967 1798 2064 1852 per

488 1879 676 1935 domos
703 1918 717 1944 ,
740 1892 835 1947 per
859 1877 1172 1932 solitudines
1193 1917 1208 1944 ,
1236 1892 1332 1947 per
1370 1891 1558 1931 omnes
1584 1875 1813 1930 civitatis
1849 1881 2026 1944 partes
2044 1914 2059 1939 ,

492 1968 668 2022 omnia
708 1967 952 2021 lamentis
973 2007 989 2034 ,
1016 1966 1328 2037 ejulatibus,
1359 1975 1415 2020 et
1442 1964 1676 2021 fontibus
1708 1964 2060 2034 lacrymarum

496 2056 650 2125 plena
674 2072 690 2121 ;
719 2065 775 2109 ut
797 2070 903 2110 non
929 2056 1088 2110 modo
1107 2056 1196 2127 qui
1226 2056 1278 2111 in
1300 2056 1547 2111 terumnis
1565 2054 1943 2117 versabantur,
1969 2051 2064 2107 sed

488 2155 547 2202 et
572 2147 665 2215 qui
694 2145 821 2200 nihil
845 2146 949 2200 tale
974 2147 1338 2215 patiebantur;
1362 2160 1467 2200 non
1484 2144 1743 2200 Catholici
1767 2142 1945 2208 modo,
1963 2141 2063 2196 sed

490 2236 651 2291 etiam
682 2236 935 2301 haeretici,
958 2235 1146 2303 Judaei,
1166 2235 1457 2291 idololatrae
1477 2249 1597 2289 cum
1617 2232 1902 2289 Catholicis
1918 2230 2065 2286 dole-

495 2333 617 2380 rent
645 2343 658 2379 :
693 2336 746 2380 ct
768 2328 915 2396 quasi
939 2335 1233 2396 expugnata
1255 2327 1321 2381 ab
1346 2325 1586 2380 hostibus
1612 2324 1852 2389 civitate,
1878 2322 2065 2378 tumul-

492 2424 584 2485 tu,
619 2416 967 2485 trepidatione
993 2427 1047 2472 et
1067 2418 1278 2488 planctu
1310 2415 1465 2485 plena
1509 2423 1661 2470 erant
1687 2414 1884 2469 omnia.

561 2508 726 2562 Addit
748 2522 877 2563 vero
912 2508 1324 2579 Chrysostomus
1366 2506 1489 2560 talia
1528 2519 1686 2560 ausos
1727 2519 1847 2559 esse
1889 2504 2066 2558 inimi-

493 2614 588 2654 cos
610 2608 804 2668 praeter
824 2600 1139 2654 sententiam
1168 2598 1389 2668 piissimi
1412 2596 1773 2668 imperatoris.
1803 2595 2062 2651 Nimirum

494 2691 666 2745 bonus
693 2703 757 2744 ac
784 2689 926 2743 mitis
950 2689 1235 2753 Arcadius,
1267 2687 1356 2758 qui
1377 2688 1444 2743 ab
1485 2687 1800 2743 adversariis
1828 2686 2062 2757 Chryso-

493 2778 650 2832 stomi
672 2777 952 2846 deceptus,
977 2777 1276 2846 pellendum
1297 2778 1445 2832 illum
1472 2790 1592 2832 esse
1616 2784 1929 2842 censuerat,
1952 2789 2060 2829 non

495 2868 713 2938 putabat
736 2883 972 2937 eousque
1012 2883 1356 2937 processuros
1398 2882 1518 2923 esse
1551 2868 1961 2923 consceleratos.
2006 2864 2064 2920 Id

498 2969 654 3015 nocte
695 2960 892 3025 multa,
920 2961 1089 3029 inquit
1129 2959 1396 3024 Joannes,
1426 2961 1621 3014 factum
1647 2966 1763 3025 est,
1801 2956 2065 3026 episcopis

496 3052 613 3105 lucc
637 3050 1021 3106 instruentibus
1039 3092 1053 3115 ,
1086 3060 1139 3106 et
1165 3050 1343 3105 multis
1363 3050 1415 3104 in
1447 3049 1580 3105 locis
1595 3048 1810 3104 ordines
1828 3047 2066 3102 ducenti«

494 3142 595 3197 bus
612 3182 629 3207 ,
657 3157 754 3197 ncc
781 3140 1218 3197 erubescentibus
1241 3183 1256 3205 ,
1287 3140 1426 3210 quod
1453 3154 1551 3210 pro
1588 3138 1829 3195 diaconis
1864 3136 2063 3206 campi-

495 3234 743 3289 ductores
769 3233 1024 3288 haberent
1049 3241 1365 3302 praeeuntes.

566 3325 681 3379 Alia
700 3325 937 3379 violenter
954 3324 1287 3377 actm—llaec
1304 3323 1733 3393 Chrysostomus,
1756 3320 1845 3375 ubi
1870 3319 2066 3375 adver-

496 3423 577 3468 tas
599 3414 767 3482 ipsum
790 3413 969 3467 dicere
998 3413 1170 3481 primo
1194 3411 1307 3466 hare
1329 3413 1380 3465 in
1407 3425 1627 3480 vestiera
1655 3410 1858 3466 sabbati
1897 3410 2066 3465 sancti

495 3515 669 3574 carpta
693 3544 708 3568 ,
737 3514 789 3559 et
811 3505 1048 3573 qumdam
1073 3504 1234 3557 multa
1260 3512 1418 3557 nocte
1444 3502 1575 3557 facta
1594 3542 1608 3566 ,
1634 3502 1683 3555 in
1707 3501 1946 3557 ecclesiis
1966 3515 2064 3556 au—

497 3602 602 3657 tem
629 3592 944 3662 quibusdam
973 3592 1087 3647 haec
1130 3599 1331 3661 patrata
1371 3591 1533 3646 fuisse
1575 3591 1721 3645 dicit.
1748 3590 1879 3644 Cum
1908 3604 2066 3659 porro

494 3700 558 3739 ex
588 3682 827 3738 ecclesiis
854 3682 923 3736 ita
957 3682 1092 3751 pulsi
1131 3681 1358 3737 fuissent
1395 3680 1613 3736 Joannis
1658 3679 1981 3749 presbyteri,
2014 3680 2065 3734 in

496 3773 709 3842 publico
751 3773 998 3836 lavacro,
1031 3771 1172 3841 quod
1201 3771 1612 3826 Constantianas
1643 3770 1879 3824 thermas
1905 3782 2065 3824 voca-

496 3863 625 3917 bant
664 3862 969 3918 convocatis
1011 3862 1220 3932 populis
1268 3862 1474 3931 vigilias
1513 3861 1768 3930 agebant,
1801 3860 1889 3915 alii
1919 3860 2064 3928 Scri-

496 3964 677 4025 pturas
690 3954 899 4010 divinas
914 3955 1170 4025 legentes,
1187 3953 1273 4009 alii
1290 3953 1701 4009 catechumenos
1718 3952 2063 4022 baptizantes,

496 4059 554 4105 ut
597 4050 759 4105 moris
804 4059 919 4105 erat
969 4050 1020 4102 in
1062 4048 1321 4104 Pasebate
1368 4047 1614 4120 (Pallad.
1659 4046 1866 4118 Dialog.
1917 4047 2064 4103 Socr.

495 4142 534 4192 l.
556 4140 641 4194 16.
663 4155 710 4193 c.
739 4140 825 4194 18.
857 4141 1062 4193 Sozam.
1087 4140 1125 4193 l.
1153 4139 1207 4193 8.
1234 4155 1283 4192 c.
1311 4138 1373 4192 2i
1403 4140 1443 4208 ).
1469 4138 1617 4194 Tunc
1638 4138 1946 4203 Antiochus,
1971 4140 2069 4194 Se-

495 4229 744 4284 verianus
772 4237 827 4284 et.
850 4230 1073 4284 Acacius
1100 4229 1357 4285 Patronos
1380 4239 1599 4300 rogant,
1632 4239 1689 4284 ut
1717 4230 1892 4300 p0puii
1918 4245 1949 4284 a
1978 4231 2066 4285 tali

494 4331 759 4379 conventu
786 4332 1112 4377 arcerentur.
1140 4321 1381 4391 Magister
1398 4334 1596 4386 autem,
1625 4322 1710 4377 vir
1732 4323 1947 4392 probus,
1977 4323 2069 4378 ab—

496 4413 692 4469 nuebat
705 4424 757 4469 et
774 4422 917 4469 tanta
933 4424 1088 4469 noctu
1112 4413 1305 4470 inferre
1327 4416 1465 4469 mala
1481 4415 1674 4485 populo
1687 4415 1919 4471 nolebat.
1933 4415 2065 4470 Tum

493 4505 723 4562 Aeacius
753 4506 939 4561 timere
967 4520 1027 4561 se
1053 4504 1209 4572 dixit,
1241 4521 1306 4561 ne
1331 4505 1377 4560 si
1401 4505 1689 4576 imperator
1713 4505 1764 4560 in
1790 4506 2066 4561 ecclesiam

493 4598 713 4654 veniens
732 4597 876 4653 illam
894 4613 1111 4654 vacuam
1140 4599 1414 4664 inveniret,
1437 4606 1560 4653 tunc
1577 4598 1753 4668 populi
1769 4613 1892 4667 erga
1911 4596 2070 4652 Joan-

495 4704 614 4745 nem
637 4690 1056 4746 benevolentiam
1082 4690 1415 4762 intelligeret,
1445 4705 1576 4745 neve
1603 4705 1661 4745 se
1682 4700 1736 4744 ut
1754 4690 1958 4744 invidos
1977 4689 2070 4743 ha-

492 4780 661 4835 beret.
680 4780 998 4849 Urgentibus
1016 4781 1139 4844 illis,
1158 4780 1377 4835 Lucium
1398 4781 1485 4836 ille
1503 4781 1781 4850 quemdam
1798 4781 2065 4836 ethnicum

489 4871 644 4938 jussit
670 4884 788 4923 cum
813 4869 1174 4924 Scutariorum
1204 4885 1362 4923 manu
1383 4870 1475 4924 illo
1503 4884 1562 4924 se
1583 4870 1846 4926 conferre.
1878 4870 2069 4925 Lucius

494 4974 619 5014 vero
638 4975 758 5014 cum
776 4960 1024 5028 populum
1044 4957 1164 5013 inde
1182 4959 1438 5013 excedere
1457 4960 1598 5014 nolle
1619 4961 1857 5026 vidisset,
1885 4976 2067 5016 rever-

493 5064 582 5104 sus
610 5057 710 5103 est.
739 5048 1135 5103 TuneAcacius
1167 5056 1221 5101 et
1243 5047 1372 5102 socii
1399 5047 1568 5116 ipsum
1608 5049 1871 5118 deprecati
1911 5060 2065 5112 sunt,

494 5137 770 5207 promissis
796 5137 953 5193 etiam
991 5136 1204 5204 additis,
1236 5146 1291 5191 ut
1320 5137 1569 5208 populum
1598 5138 1649 5193 vi
1679 5139 1900 5208 pelleret
1922 5149 1977 5194 et
2000 5139 2068 5194 ad

492 5228 768 5284 ecclesiam
787 5228 1091 5284 adduceret.
1107 5228 1252 5285 Tunc
1277 5229 1364 5283 ille
1380 5229 1665 5298 assumptis
1687 5243 1864 5283 secum
1892 5230 2068 5285 Acacii

491 5319 701 5375 clericis
728 5319 956 5376 secunda
985 5319 1160 5391 vigilia
1185 5322 1358 5377 noctis
1384 5321 1472 5376 illo
1498 5335 1557 5376 se
1582 5322 1788 5374 confert
1806 5362 1820 5385 ,
1868 5330 2066 5376 etcum

493 5412 746 5468 militibus
787 5413 984 5468 strictis
1011 5413 1233 5485 gladiis,
1282 5413 1334 5467 in
1374 5411 1759 5468 multitudinem
1803 5412 2064 5482 irrumpit,

494 5513 738 5574 penetrat
767 5518 929 5575 usque
953 5504 1021 5558 ad
1060 5514 1275 5561 sanctas
1299 5518 1463 5574 aquas
1485 5543 1500 5568 ,
1532 5512 1588 5557 ut
1628 5502 1932 5573 prohiberet
1974 5518 2068 5558 cos

491 5597 582 5665 qui
637 5596 979 5652 initiabantur
1013 5595 1369 5652 Sacramentis
1395 5596 1680 5653 Dominicaa
1704 5595 2066 5652 Resurrectio-

490 5686 571 5741 uis
590 5705 600 5740 :
616 5697 671 5743 et
693 5690 968 5744 diaconum
993 5690 1314 5744 trttculcntcr
1334 5689 1582 5744 invadens
1602 5687 1839 5759 symbola
1862 5685 2042 5743 cll‘udit

1554 311 1610 366 S.
1650 306 1928 366 JOANNIS
1963 303 2438 361 CHRYSOSTOMI
2476 302 2657 368 VITA,

3645 293 3756 352 212

2160 419 2502 490 presbyteros
2529 431 2656 473 vero
2678 416 2989 487 grandaevos
3008 413 3231 470 fustibus
3250 412 3306 466 in
3334 409 3508 482 capite
3528 408 3749 474 feriens,

2158 522 2364 564 sacrum
2386 509 2579 565 fontem
2599 522 2788 563 cruore
2806 507 3117 578 conspersit.
3138 506 3287 560 Tunc
3305 518 3418 560 rem
3437 500 3752 572 stupendam

2158 598 2337 653 videre
2365 607 2497 652 erat.
2526 597 2691 652 Nuda:
2711 598 2853 653 enim
2878 598 3128 652 mulieres
3147 612 3266 651 cum
3293 594 3418 652 viris
3444 595 3576 660 suis,
3601 604 3750 649 metu

2159 690 2345 744 mortis
2366 699 2422 745 et
2450 704 2515 744 ex
2543 688 2858 743 verecundia
2880 679 3019 757 turpi
3042 701 3100 742 se
3124 686 3263 756 fugae
3286 684 3509 740 dabant:
3534 683 3751 755 quidam

2158 798 2316 837 manu
2359 783 2619 837 vulnerati
2650 782 2866 837 abibant
2908 782 3197 850 plorantes.
3229 780 3306 834 Ex
3334 777 3590 832 militibus
3623 791 3753 831 vero

2158 873 2395 927 nonnulli
2442 872 2670 942 virgines
2699 871 2909 925 trahere
2949 869 3233 925 conscissis
3261 868 3429 922 sacris
3472 865 3750 922 vestibus:

2159 980 2345 1021 omnes
2374 974 2549 1020 autem
2573 978 2724 1020 sacra
2752 978 2874 1019 vasa
2904 963 3231 1032 depraedare,
3258 962 3358 1017 sibi
3384 976 3591 1031 rapere.
3614 962 3748 1016 Prc-

2158 1058 2357 1129 shytcri
2388 1066 2443 1112 et
2461 1058 2667 1112 diaconi
2695 1056 2748 1111 in
2775 1071 3044 1112 carcerem
3073 1054 3440 1110 tradebantur.
3471 1053 3530 1107 ln
3554 1053 3750 1123 populo

2158 1149 2245 1218 qui
2278 1147 2644 1202 honoratiores
2670 1156 2838 1212 erant,
2872 1161 2937 1201 ex
2960 1161 3149 1217 magna
3178 1146 3265 1199 illa
3286 1145 3416 1200 urbe
3438 1146 3576 1215 pulsi
3603 1154 3744 1199 sunt.

2160 1239 2342 1294 Edicta
2373 1237 2648 1295 confertim
2676 1238 3078 1309 publicabantur
3099 1278 3114 1303 ,
3146 1252 3265 1293 cum
3292 1236 3454 1291 minis
3477 1238 3750 1292 intentatis

2159 1329 2215 1385 in
2242 1343 2354 1393 eos,
2383 1329 2472 1398 qui
2500 1344 2530 1383 a
2557 1327 2778 1383 Joannis
2806 1328 3182 1383 communione
3209 1342 3313 1381 non
3345 1328 3674 1383 recederent.

2234 1420 2328 1474 illa
2363 1436 2494 1476 vero
2526 1421 2704 1475 omnia
2742 1419 3096 1475 moliebantur
3124 1420 3347 1473 Aeacius
3390 1420 3748 1474 etconscele—

2160 1510 2260 1565 rati
2289 1551 2304 1575 ,
2331 1519 2393 1564 ut
2420 1525 2483 1566 ex
2518 1511 2581 1565 iis
2625 1509 2757 1565 locis
2803 1509 3003 1578 eiectus
3030 1508 3254 1578 populus
3281 1508 3331 1561 in
3369 1508 3644 1563 ecclesiam
3691 1522 3750 1562 se

2160 1600 2444 1667 conferret,
2469 1601 2520 1655 in
2550 1616 2650 1671 qua
2681 1600 2777 1670 ipsi
2808 1600 2958 1670 pulso
2981 1599 3182 1654 Joanne
3219 1597 3531 1670 celebraturi
3561 1614 3740 1654 erant.

2162 1693 2356 1748 Verum
2380 1691 2617 1746 ecclesia:
2645 1706 2779 1761 pene
2805 1704 2992 1745 omnes
3031 1703 3208 1743 vacuae
3237 1696 3579 1743 manserunt:
3610 1702 3753 1756 pau-

2161 1783 2359 1838 cissimi
2388 1784 2528 1838 enim
2556 1789 2709 1837 crant
2726 1823 2741 1849 ,
2768 1781 2858 1851 qui
2886 1795 2918 1835 a
2942 1779 3163 1835 Joannis
3191 1778 3567 1834 communione
3594 1794 3759 1835 rece-

2163 1876 2370 1943 dercnt.

2233 1968 2406 2020 Clarus
2432 1976 2478 2021 et
2503 1967 2720 2037 populus
2746 1966 2799 2020 in
2829 1980 2952 2036 agro
2984 1967 3217 2021 collectus
3261 1965 3531 2019 invaditur.
3555 1995 3624 2004 —
3645 1964 3752 2020 Ubi

2166 2073 2297 2114 vero
2318 2058 2489 2113 illuxit
2512 2058 2784 2113 Paschatis
2807 2058 2942 2126 dies,
2968 2059 3143 2113 omnis
3166 2059 3352 2112 civitas
3378 2068 3526 2112 extra
3558 2073 3744 2113 muros

2168 2153 2219 2204 in
2244 2151 2418 2205 locum
2446 2151 2660 2205 nomine
2681 2150 2939 2220 Pempton
2976 2148 3316 2219 demigravit:
3353 2149 3529 2219 ibique
3566 2150 3750 2218 populi

2168 2242 2507 2298 festivitatem
2534 2242 2869 2298 celebravere
2893 2242 3042 2312 quasi
3068 2255 3194 2296 oves
3214 2240 3470 2311 dispersa:
3488 2242 3508 2312 (
3524 2241 3741 2295 Pallad.

2167 2332 2422 2404 Dialog.).
2443 2334 2732 2402 Imperator
2758 2341 2934 2389 autem
2964 2346 3209 2403 egressus
3233 2340 3335 2400 est,
3355 2340 3413 2386 ut
3438 2347 3559 2387 sese
3586 2346 3750 2388 exer-

2170 2430 2317 2478 ceret
2344 2424 2395 2477 in
2419 2424 2598 2478 vicino
2622 2438 2828 2492 campo,
2861 2422 3094 2494 viditque
3117 2438 3303 2493 agrum
3329 2439 3434 2477 non
3459 2424 3748 2490 consitum,

2169 2520 2450 2584 tamenque
2477 2514 2813 2579 candentem,
2842 2516 2963 2583 quia
2984 2530 3174 2584 nempe
3194 2516 3228 2569 ii
3259 2530 3444 2570 omnes
3463 2515 3551 2585 qui
3573 2531 3746 2583 nuper

2168 2603 2419 2673 baptizati
2450 2604 2685 2670 fuerant,
2713 2605 2953 2660 candidis
2976 2599 3212 2661 vestibus
3252 2606 3418 2661 induti
3454 2616 3627 2661 erant.
3658 2606 3750 2661 Ait

2166 2708 2324 2762 porro
2353 2695 2678 2750 Sozomenus
2711 2696 2886 2750 locum
2918 2692 3065 2751 illum
3102 2695 3267 2752 fuisse
3297 2713 3452 2766 quem
3485 2698 3751 2753 Constan—

2166 2783 2267 2838 tius
2290 2783 2355 2838 ad
2382 2784 2537 2840 ludos
2579 2785 2847 2841 circenses
2878 2787 3316 2856 vcomplanaverat
3337 2829 3355 2854 ,
3386 2797 3440 2843 et
3481 2791 3752 2844 asseribus

2161 2874 2789 2944 circumsepserat.Erant
2801 2885 2975 2931 autem
2993 2877 3067 2932 illi
3081 2877 3319 2933 candidis
3336 2878 3499 2933 induti
3518 2878 3753 2933 vestibus

2166 2972 2246 3016 ter
2273 2963 2416 3019 mille
2439 2964 2654 3019 circiter
2679 2980 2921 3021 numero.
2950 2966 3283 3037 Stupefactus
3304 2969 3561 3022 Arcadius
3583 2969 3752 3023 inter-

2163 3054 2383 3124 rogabat
2405 3056 2647 3125 quisnam
2669 3056 2755 3111 ille
2769 3066 2937 3112 castus
2960 3066 3118 3112 esset.
3143 3058 3218 3111 illi
3240 3073 3390 3124 vero,
3421 3075 3451 3112 a
3477 3059 3753 3113 conscele-

2164 3146 2296 3204 ratis
2318 3145 2539 3200 Joannis
2568 3147 2794 3201 inimicis
2822 3147 3045 3202 instituti
3069 3188 3084 3213 ,
3111 3149 3499 3217 responderunt
3536 3149 3755 3203 han-eti-

2165 3250 2348 3289 corum
2392 3245 2587 3290 coetum
2616 3250 2753 3291 esse.
2786 3236 2896 3291 Nec
2922 3252 3070 3292 mora
3099 3238 3175 3291 illi
3205 3240 3458 3293 suaviores
3484 3255 3549 3295 ex
3587 3240 3753 3313 satel-

2165 3328 2345 3385 litibus
2371 3328 2584 3383 mittunt
2601 3343 2632 3381 a
2663 3337 2811 3398 tergo
2831 3367 2846 3393 ,
2876 3330 2963 3396 qui
2989 3328 3256 3384 auditores
3282 3329 3544 3399 dissipent
3566 3338 3622 3385 et
3648 3329 3749 3383 do-

2166 3426 2343 3474 ctores
2367 3417 2840 3487 comprehendant.
2868 3418 2999 3473 Tum
3028 3419 3204 3474 clerici
3224 3421 3365 3489 capti
3385 3430 3529 3486 sunt,
3553 3428 3606 3474 et
3625 3434 3749 3474 eum

2167 3508 2270 3563 illis
2298 3509 2415 3564 laici
2452 3508 2699 3578 quidam:
2728 3509 3129 3578 comprehensae
3171 3519 3296 3571 sunt
3323 3511 3485 3565 etiam
3514 3514 3750 3567 virorum

2169 3598 2423 3654 nobilium
2448 3598 2722 3667 conjuges,
2752 3615 2977 3669 quarum
3001 3600 3120 3655 aliis
3149 3601 3282 3670 rapti
3313 3599 3566 3656 mafortes
3589 3611 3749 3670 sunt,

2167 3687 2287 3742 aliis
2314 3688 2526 3742 inaures
2568 3702 2689 3742 cum
2723 3696 2961 3744 extrema
2986 3691 3127 3744 auris
3153 3691 3432 3759 particula.
3474 3691 3598 3746 [huc
3624 3707 3749 3747 cum

2168 3777 2371 3833 videret
2413 3777 2683 3833 Eleutheri
2712 3780 2985 3848 cujusdam
3023 3795 3158 3834 uxor
3181 3780 3610 3850 opulentissima,
3658 3798 3747 3838 re-

2167 3868 2296 3924 licto
2314 3868 2555 3935 maforte,
2578 3878 2632 3924 et
2655 3879 2803 3924 veste
2817 3869 3056 3924 ancillari
3074 3880 3365 3940 assumpta,
3384 3885 3544 3926 cursu
3563 3872 3750 3926 civita-

2170 3967 2276 4012 tem
2307 3958 2477 4027 petiit,
2526 3967 2583 4013 ut
2611 3958 2911 4027 pudicitiam
2942 3969 3216 4025 servaret;
3242 3969 3360 4014 erat
3381 3962 3525 4015 enim
3553 3961 3747 4017 decora

2169 4048 2303 4103 facie
2331 4056 2384 4103 et
2403 4048 2629 4118 eleganti
2653 4047 2839 4101 forma.
2868 4048 2957 4103 Sic
2974 4063 3216 4104 carceres
3260 4051 3461 4119 impleti
3490 4060 3615 4106 sunt
3638 4067 3748 4107 non

2169 4141 2273 4197 reis
2298 4148 2352 4195 et
2371 4140 2628 4206 scelestis,
2647 4140 2739 4195 sed
2758 4139 3151 4195 confessoribus
3171 4159 3184 4195 :
3212 4150 3371 4211 atque
3396 4144 3475 4198 sic
3501 4143 3553 4197 in
3573 4145 3751 4200 eccle-

2171 4229 2275 4284 sias
2302 4229 2486 4283 mutati
2508 4238 2649 4282 sunt.
2673 4230 2739 4283 Et
2756 4230 2897 4298 quod
2917 4230 3111 4285 mirum
3134 4230 3393 4298 videatur,
3414 4232 3540 4286 dum
3564 4233 3748 4304 hymni

2170 4328 2225 4375 et
2251 4318 2545 4373 oblationes
2574 4319 2626 4372 in
2657 4320 2958 4376 carceribus
2977 4320 3384 4390 peragebantur,
3412 4320 3599 4392 ﬂagra,
3620 4338 3748 4377 cru-

2170 4409 2339 4463 ciatus
2364 4415 2420 4463 et
2444 4408 2716 4486 horribilia
2738 4409 3038 4479 juramenta
3067 4411 3117 4464 in
3143 4412 3383 4467 ecclesiis
3403 4428 3528 4483 erga
3552 4415 3749 4470 mullos

2171 4497 2578 4565 adhibebantur,
2612 4511 2671 4554 ut
2694 4500 2953 4555 Joannem
2996 4500 3334 4556 anathemate
3372 4502 3625 4558 damnare
3652 4519 3750 4559 co-

2169 4598 2439 4660 gerentur.
2472 4590 2552 4643 Ex
2578 4590 2668 4643 illo
2693 4600 2871 4646 autem
2902 4598 3138 4659 tempore
3164 4591 3326 4646 variis
3356 4592 3408 4646 in
3437 4593 3567 4648 locis
3588 4593 3750 4648 modo

2172 4682 2312 4747 istic,
2336 4681 2493 4735 modo
2525 4681 2633 4734 illic
2663 4680 3081 4746 conveniebant;
3126 4688 3181 4735 et
3224 4682 3344 4750 quia
3369 4680 3553 4736 Joanni
3597 4695 3748 4736 sem-

2170 4789 2269 4842 per
2310 4773 2505 4827 addicti
2552 4782 2741 4835 erant,
2792 4772 3056 4827 Joannita:
3101 4772 3351 4842 appellati
3390 4780 3514 4828 sunt
3551 4772 3747 4843 (Socr.

2169 4863 2258 4919 lib.
2286 4865 2337 4919 6.
2365 4881 2412 4917 ε.
2445 4864 2530 4919 19.
2562 4863 2766 4920 Sozam.
2798 4865 2834 4918 ι.
2865 4864 2919 4918 8.
2948 4880 2995 4917 c.
3027 4864 3090 4918 21

2247 4957 2334 5010 Jo.
2363 4956 2743 5027 Chrysostomus
2768 4958 2835 5010 ad
2866 4956 3216 5011 Innocentium
3246 4956 3444 5023 Papam
3472 4957 3660 5011 scribit.
3679 4985 3751 4998 —-

2173 5047 2285 5103 Hoc
2304 5048 2355 5101 in
2376 5058 2513 5104 statu
2531 5064 2616 5103 res
2636 5058 2807 5116 erant,
2830 5064 2949 5103 cum
2969 5049 3249 5119 epistolam
3268 5048 3490 5117 primam
3508 5048 3718 5120 Chryse
3734 5078 3750 5092 -

2172 5148 2378 5194 stemus
2424 5140 2637 5210 scripsit
2675 5140 2743 5195 ad
2790 5141 3155 5195 innocentium
3184 5141 3420 5210 Papam,
3465 5149 3749 5208 antequam

2172 5231 2288 5300 ipse
2316 5232 2368 5285 in
2390 5232 2681 5286 secundum
2712 5231 2957 5290 exsilium
2984 5241 3244 5302 pergeret,
3273 5247 3305 5285 a
3335 5245 3439 5300 quo
3461 5246 3749 5299 numquam

2173 5320 2349 5376 rediit.
2377 5319 2545 5387 Quam
2585 5321 2839 5391 temporis
2866 5333 3045 5376 nciam
3071 5320 3197 5376 hinc
3220 5329 3557 5385 mutuamur,
3608 5318 3748 5389 quod

2172 5410 2582 5482 Chrysostomus
2600 5420 2876 5481 postquam
2902 5412 3076 5466 omnia
3105 5411 3390 5476 recensuit,
3422 5426 3541 5480 qua:
3564 5410 3631 5463 ab
3655 5407 3749 5463 ad-

2174 5514 2336 5556 ventu
2353 5500 3129 5573 TheophiliConstantinopolin
3145 5511 3294 5572 gesta
3307 5510 3452 5567 sunt,
3472 5509 3750 5569 postquam

2172 5593 2240 5649 de
2265 5593 2480 5665 Synodo
2506 5595 2593 5649 ubi
2622 5595 2736 5664 ipse
2759 5595 3031 5664 depositus
3060 5593 3231 5648 fuerat
3257 5592 3382 5661 egit,
3413 5602 3469 5646 et
3498 5604 3557 5645 se
3585 5588 3750 5644 desti-

2176 5696 2342 5741 totum
2373 5687 2779 5756 restitutumque
2803 5684 2968 5742 fuisse
3009 5683 3477 5746 commemoravit;
3522 5677 3749 5736 deinde-
