4088 6138
321 308 421 364 ΜΞ

317 435 417 490 quc
443 419 636 476 iterum
659 426 978 483 exagitatum
1008 429 1061 467 et
1085 420 1406 472 accusatum,
1438 416 1597 475 atque
1625 419 1689 456 ex
1713 403 1891 455 Eccle—

322 512 396 563 sia
420 506 670 578 pulsum;
701 515 976 574 postquam
1015 501 1295 555 violentam
1343 496 1685 564 irruptionem
1714 492 1764 544 in
1802 506 1893 543 ee-

315 599 526 654 clesiam
562 605 618 651 et
644 597 695 649 in
726 593 1087 663 baptisterium
1116 589 1303 644 factam
1348 585 1644 641 enarravit:
1676 581 1892 652 gradum

317 688 495 752 sistit,
532 701 704 754 neque
734 699 795 739 ea
823 700 940 753 qua:
970 691 1152 752 postea
1187 690 1336 750 gesta
1381 685 1504 731 sunt
1529 717 1542 739 ,
1587 684 1641 729 et
1682 671 1893 743 quidem

317 775 666 841 atrocissima,
714 780 1110 828 commemorat.
1142 768 1237 824 llic
1283 778 1458 821 autem
1492 765 1740 834 plurimos
1778 761 1893 829 epi-

318 879 504 934 seopos
522 863 829 934 alloquitur,
857 862 1088 931 dicitque
1116 859 1379 914 Palladius
1398 858 1448 909 in
1469 854 1625 919 Dial.,
1648 852 1782 907 hanc
1810 851 1891 919 ip-

320 968 430 1007 sam
459 952 742 1022 epistolam
773 952 1023 1019 scriptam
1050 949 1211 1021 fuisse
1231 945 1461 1001 Venerio
1490 940 1889 1002 Mediolanensi,

318 1052 372 1096 et
414 1040 724 1096 Chromatio
772 1038 1100 1109 Aquileiensi
1164 1036 1444 1106 episcopis.
1503 1032 1660 1088 Addit
1717 1039 1891 1084 autem

317 1128 728 1201 Chrysostomus
751 1169 770 1197 ,
802 1131 995 1183 malum
1021 1128 1124 1182 hoc
1154 1127 1450 1198 pervasisse
1487 1127 1539 1179 in
1581 1124 1849 1179 Orientem
1876 1139 1888 1174 :

323 1222 548 1277 clericos
598 1222 741 1276 enim
772 1221 823 1275 in
851 1222 1130 1290 episcopos
1159 1221 1428 1287 insurgere
1453 1258 1469 1283 ,
1513 1215 1790 1285 episcopos
1824 1211 1892 1265 ab

330 1310 613 1382 episcOpis,
644 1310 869 1379 populos
898 1326 927 1364 a
957 1310 1163 1379 p0pulis
1189 1310 1382 1363 scissos
1411 1321 1560 1371 esse,
1590 1306 1892 1372 instareque

322 1398 634 1469 periculum,
663 1413 730 1453 ne
759 1399 1019 1454 dissensio
1050 1408 1224 1453 manet
1253 1398 1303 1450 in
1334 1397 1447 1450 dies
1476 1395 1652 1448 latius.
1698 1392 1893 1461 Rogat-

317 1504 420 1559 que
447 1489 564 1543 illos
585 1489 682 1543 sibi
704 1491 1018 1544 subveniant
1038 1499 1087 1543 et
1105 1489 1447 1557 Opitulentur.
1470 1486 1525 1541 Si
1553 1500 1676 1539 vero
1696 1485 1893 1538 instent

316 1576 606 1632 adversarii
623 1578 843 1633 crimina
870 1578 968 1632 sibi
991 1578 1322 1647 objicientes,
1348 1586 1583 1645 paratum
1612 1588 1669 1627 se
1689 1586 1805 1626 esse
1824 1571 1890 1625 ad

318 1680 532 1719 causam
561 1681 739 1721 coram
780 1667 1098 1735 incorruptis
1121 1666 1386 1734 judicibus
1408 1663 1707 1727 dicendam,
1740 1662 1892 1731 queis

317 1755 580 1825 significat
603 1770 661 1810 se
687 1755 738 1809 id
768 1767 971 1826 optare,
999 1767 1053 1809 ut
1085 1756 1134 1810 in
1163 1756 1385 1810 concilio
1413 1755 1643 1824 legitime
1673 1766 1894 1821 COugre-

317 1855 462 1914 gato,
496 1846 608 1899 haec
631 1859 791 1900 causa
823 1855 1074 1899 tractetur
1102 1855 1156 1899 et
1184 1846 1485 1900 definiatur.

393 1936 528 1991 Iluie
552 1937 789 2001 epistola:
813 1937 989 1992 addita
1014 1947 1094 1993 est
1118 1937 1283 1991 altera
1310 1935 1539 2006 (Pallad.
1573 1932 1739 2005 Dial.)
1781 1934 1889 2002 epi-

316 2041 597 2097 scOporum
625 2028 966 2098 quadraginta
991 2071 1005 2094 ,
1028 2030 1114 2099 qui
1143 2043 1261 2082 cum
1304 2027 1507 2082 Joanne
1535 2025 1891 2081 communica-

316 2115 475 2181 bant;
502 2117 653 2170 tertia
671 2132 876 2186 quoque
902 2117 1039 2171 Cleri
1065 2114 1649 2184 Constantiuopolitani,
1677 2115 1766 2184 qui
1795 2129 1891 2185 pro

316 2204 530 2259 Joanne
559 2206 750 2259 stabat.
776 2206 882 2260 llus
908 2222 1032 2261 vero
1061 2206 1240 2262 literas
1263 2207 1313 2259 in
1342 2205 1544 2259 Italiam
1572 2205 1885 2259 deferendas

314 2311 597 2365 suscepere
626 2297 999 2366 religiosissimi
1043 2297 1275 2366 episcopi
1301 2339 1316 2363 ,
1346 2297 1663 2360 Demetrius,
1693 2295 1890 2349 Panso-

317 2387 494 2456 phius,
513 2387 721 2456 Papan
745 2395 797 2442 et
827 2387 1110 2457 Eugenius,
1134 2387 1223 2457 qui
1252 2387 1445 2441 relictis
1476 2386 1729 2440 Ecclesiis
1757 2385 1885 2450 suis,

318 2479 504 2548 pel.th
527 2493 586 2532 se
609 2479 952 2545 commisere,
981 2488 1033 2532 et
1058 2494 1176 2533 cum
1207 2479 1308 2532 illis
1336 2478 1531 2532 Paulus
1562 2486 1615 2532 et
1638 2477 1893 2547 Cyriacus

314 2566 527 2622 diaconi
559 2565 738 2639 (Pall.
773 2566 956 2638 Dial).
1009 2569 1300 2638 Antequam
1346 2582 1472 2621 vero
1515 2567 1627 2620 haec
1668 2565 1889 2635 epistola

313 2657 382 2710 ad
418 2656 776 2712 lnuocentium
822 2659 1174 2727 pervenisset,
1204 2666 1477 2727 acceperat
1503 2657 1589 2710 ille
1613 2656 1888 2724 epistolam

321 2747 603 2818 TheOpltili
631 2738 1001 2814 Alexandrini,
1051 2765 1169 2820 quae
1200 2751 1269 2803 ita
1297 2758 1550 2818 concepta
1577 2758 1721 2812 erat,
1751 2756 1807 2801 ut
1835 2747 1887 2801 in

319 2854 383 2893 ea
414 2839 662 2895 Pontifex
694 2842 1003 2895 temeritatis
1030 2850 1082 2896 et
1111 2842 1371 2911 superbia:
1401 2849 1576 2894 notam
1600 2840 1889 2910 deprehen-

315 2928 504 2995 deret;
533 2929 672 2999 quod
694 2932 838 2987 solus
863 2933 1165 3003 scripsisset
1203 2948 1299 2987 nec
1325 2934 1520 2988 claram
1549 2935 1662 3002 ejus
1682 2933 1759 2988 rei
1787 2947 1883 2987 no-

317 3019 488 3074 titiam
518 3020 769 3087 misisset,
818 3037 914 3076 nec
940 3021 1137 3077 diceret
1164 3033 1252 3075 aut
1279 3036 1372 3076 cur
1394 3062 1410 3087 ,
1457 3030 1546 3075 aut
1587 3021 1777 3091 quibus
1802 3036 1889 3075 as-

314 3110 544 3180 sumptis
559 3110 715 3166 sociis
734 3109 990 3166 Joannem
1011 3112 1359 3180 deposuisset.
1373 3109 1501 3165 Cum
1525 3124 1681 3180 porro
1696 3110 1888 3166 dubius

313 3199 486 3253 animi
513 3208 675 3264 esset,
718 3215 817 3255 nec
845 3201 913 3255 ob
941 3201 1016 3256 rei
1043 3212 1203 3271 gesta:
1229 3201 1531 3264 levitatem,
1581 3200 1748 3271 inquit
1771 3200 1887 3253 Pal-

315 3288 508 3354 ladius,
543 3289 834 3345 rescribere
858 3291 1036 3355 vellet,
1065 3292 1323 3346 Eusebius
1353 3291 1562 3360 quidam
1587 3287 1889 3345 Constanti-

315 3377 657 3448 nopolitanus
670 3378 939 3444 diaconus,
964 3381 1051 3450 qui
1075 3389 1198 3435 tunc
1220 3380 1403 3434 Roma:
1430 3388 1544 3434 erat
1570 3379 1887 3435 ecclesiastio

312 3482 498 3521 carum
525 3482 700 3522 rerum
728 3482 904 3534 causa,
941 3470 1298 3526 Innocentium
1340 3470 1504 3537 adiit,
1544 3478 1599 3524 et
1623 3470 1885 3540 supplices

314 3555 526 3610 libellos
552 3556 734 3622 dedit,
785 3558 1036 3627 adjurans
1082 3575 1200 3613 eum
1233 3569 1291 3614 ut
1319 3560 1583 3613 modicum
1633 3559 1886 3628 temporis

310 3656 675 3715 exspectaret,
728 3655 782 3703 et
822 3649 1258 3718 eonSpirationem
1287 3649 1599 3719 patefactam
1644 3648 1880 3703 videret:

310 3750 377 3788 ac
404 3747 521 3801 post
549 3737 775 3791 triduum
805 3738 1129 3793 advenerunt
1150 3740 1386 3808 ,episc0pi
1416 3754 1571 3810 supra
1619 3754 1881 3795 memora-

313 3835 397 3879 tas
424 3827 602 3880 literas
631 3826 930 3882 afferentes.

382 3915 678 3970 Secundum
702 3918 814 3973 haec
837 3920 1166 3975 hmocentius
1184 3922 1320 3991 Papa
1337 3923 1541 3994 utrique
1564 3926 1693 3992 parti
1718 3924 1881 3996 (Pall.

310 4004 518 4075 Dialog.
547 4006 594 4074 ),
626 4006 814 4061 Joanni
842 4009 999 4064 simul
1031 4019 1085 4065 et
1127 4010 1420 4080 Theophila
1440 4053 1455 4078 ,
1480 4013 1661 4066 literas
1713 4015 1880 4078 misit,

309 4098 586 4164 utriusque
610 4100 1034 4155 communionem
1063 4115 1122 4156 se
1141 4101 1419 4156 admittere
1442 4101 1648 4172 quidem
1679 4104 1879 4168 dicens,

310 4201 379 4238 ne
408 4186 699 4241 Ecclesiam
727 4187 1011 4256 scinderet,
1036 4191 1288 4259 judicium
1327 4201 1499 4245 tamen
1529 4208 1557 4244 a
1585 4191 1882 4263 'I‘heaphilo

307 4279 472 4333 latum
529 4280 833 4349 improbans
854 4323 868 4346 ,
920 4282 1248 4352 addebatque
1272 4284 1429 4338 aliam
1457 4286 1573 4354 cogi
1610 4285 1879 4356 Synodum

306 4381 557 4440 oportere
584 4371 999 4428 Occidentalium
1048 4383 1101 4428 et
1124 4376 1492 4442 Orientalium,
1523 4378 1657 4446 τυ(ιυί
1696 4391 1879 4429 aman-

308 4472 435 4526 tem,
462 4477 582 4529 qua:
605 4463 729 4517 nulli
753 4465 976 4531 partium
996 4465 1201 4519 addicta
1224 4475 1384 4521 esset.
1405 4467 1493 4520 His
1512 4466 1689 4534 adjicit
1709 4466 1878 4519 Theo-

307 4550 509 4619 phanes
537 4550 897 4606 Innocentium
919 4564 971 4608 et
991 4554 1293 4610 Flavianum
1322 4555 1701 4611 Antiochenam
1727 4553 1879 4609 Clero

307 4640 895 4711 Constantimpolitano
908 4647 1202 4714 scripsisse,
1223 4656 1278 4700 ut
1296 4648 1444 4701 illum
1456 4647 1872 4712 consolarentur,

305 4742 356 4785 et
370 4734 787 4804 indignationem
800 4750 945 4790 suam
960 4738 1309 4807 exprimerent
1320 4736 1475 4805 ,quod
1488 4745 1669 4790 contra
1683 4736 1877 4804 episco-

307 4838 424 4889 pum
453 4837 606 4878 suum
630 4834 736 4878 tam
770 4825 977 4895 indigna
1000 4836 1199 4894 patrata
1230 4834 1407 4879 essent
1430 4823 1661 4893 (Pallad.
1687 4824 1873 4896 Dial.).

300 4911 378 4966 Ex
397 4913 671 4982 episcopis
696 4929 842 4980 vero,
866 4917 953 4982 qui
977 4916 1155 4979 literas
1176 4915 1394 4970 Joannis
1422 4916 1487 4969 ad
1514 4915 1874 4972 Innocentium

298 5002 621 5070 detulerunt,
632 5004 953 5059 Demetrium
966 5005 1263 5061 Pesinuntis
1274 5006 1540 5062 Orientem
1555 5009 1875 5078 percurrisse

298 5103 519 5147 narrant
537 5095 1268 5163 prredicantemllomanorum
1291 5114 1408 5154 cum
1420 5099 1621 5155 Joanne
1637 5115 1752 5155 com
1761 5116 1875 5153 mu-

300 5184 535 5250 niouem,
556 5186 645 5255 qui
670 5189 827 5241 etiam
864 5189 1342 5245 literaslnnocentii
1374 5191 1530 5261 Papae
1549 5192 1868 5262 proferebat,

299 5289 502 5330 necnon
530 5277 897 5348 episcoporum
918 5280 1106 5346 Cariae,
1137 5284 1229 5352 qui
1252 5298 1371 5338 eum
1405 5283 1606 5339 Joanne
1635 5301 1872 5340 commn-

296 5365 565 5419 nieabant.

362 5455 557 5511 Paucis
587 5461 791 5514 exactis
814 5461 999 5517 diebus
1043 5474 1160 5533 post
1183 5465 1331 5521 datas
1371 5468 1439 5522 ab
1471 5466 1778 5525 Innocentio
1808 5471 1872 5524 li-

298 5550 457 5615 teras,
489 5545 716 5605 Bomarn
739 5551 950 5608 advenit
972 5555 1158 5610 Petrus
1184 5558 1415 5628 quidam,
1443 5559 1721 5631 TheOleiIi
1752 5577 1868 5631 pre-

299 5647 495 5721 sbyter,
514 5652 578 5704 et
610 5643 920 5715 Martyrius,
952 5644 1565 5719 Constantinopolitanus
1588 5650 1860 5722 diaconus,

619 5755 885 5819 Pnaoc.
936 5760 1056 5820 Gn.
1091 5761 1341 5827 XLVII.

1471 294 1649 349 NUNC
1689 285 1950 346 PRIMUM
1988 286 2379 347 ADOIINATA.

3473 283 3576 337 2M

2005 400 2095 464 qui
2112 400 2291 454 literas
2303 397 2580 468 Theophili
2609 396 2910 450 Innocentio
2926 391 3217 447 attulerunt
3240 391 3406 461 (Pali.
3433 393 3568 445 Dial.

2001 490 2104 559 24)
2124 530 2140 557 ,
2171 499 2225 545 et
2252 491 2490 560 qumdam
2519 501 2636 544 acta
2659 487 2881 543 Coneilii
2909 487 2974 542 ad
3004 486 3292 554 Quercum,
3325 487 3379 541 in
3419 489 3573 556 queis

2002 581 2266 634 ferebatur
2290 580 2521 635 Joannes
2544 594 2574 634 a
2603 580 2814 649 triginta
2844 593 2939 633 sex
2964 577 3228 648 episcopis
3253 577 3533 631 damnatus
3560 617 3576 638 ,

2000 687 2222 740 quorum
2250 671 2601 742 undetriginta
2622 670 2856 741 Egyptii
2875 679 3045 735 erant,
3068 679 3269 739 septem
3298 682 3424 722 vero
3445 667 3574 721 alia-

2001 778 2115 816 rum
2147 764 2441 833 regionum.
2485 763 2688 829 Quibus
2730 763 2864 817 actis
2907 761 3150 830 perlectis
3195 760 3531 814 [innocentius
3558 798 3577 823 ,

1999 867 2117 906 eum
2146 854 2491 923 comperisset
2513 853 2683 907 nullas
2711 867 2898 923 graves
2918 865 3039 907 esse
3064 851 3447 914 accusationes,
3474 866 3571 904 ne-

2000 959 2103 1012 que
2128 942 2384 999 Joannem
2411 945 2642 999 adfuisse
2664 986 2678 1009 ,
2706 945 2795 1014 qui
2818 958 3029 998 causam
3060 957 3208 997 suam
3238 941 3568 1007 defenderet,

1999 1032 2276 1102 Theophili
2324 1034 2551 1089 furorem
2604 1035 2885 1089 exsibilare
2929 1033 3176 1102 perstitit,
3225 1033 3364 1103 quod
3388 1043 3571 1088 contra

1998 1123 2269 1178 absentem
2294 1134 2397 1179 tam
2419 1125 2738 1193 przrcipitem
2754 1123 3066 1179 sententiam
3081 1121 3572 1178 emisisset.Literas

1998 1222 2171 1265 autem
2200 1211 2345 1267 dedit
2365 1212 2441 1267 illi
2461 1212 2525 1266 ad
2551 1212 2921 1281 Theophilum,
2947 1226 3125 1281 quem,
3149 1221 3205 1265 ut
3228 1211 3384 1265 etiam
3407 1209 3570 1265 Joan-

2001 1319 2118 1356 nem
2165 1304 2232 1357 ad
2274 1305 2699 1359 communionem
2731 1318 2790 1359 se
2831 1303 3111 1357 admittere
3153 1302 3569 1366 testificabatur,

1998 1408 2168 1462 neque
2197 1409 2254 1447 se
2279 1410 2305 1445 a
2337 1393 2556 1448 Joannis
2583 1394 2950 1448 communione
2972 1392 3283 1446 destiturum
3305 1407 3422 1448 esse
3448 1408 3571 1461 pro-

1998 1492 2116 1551 pter
2136 1499 2199 1538 ea
2223 1499 2340 1553 qnze
2362 1500 2456 1553 per
2477 1485 2756 1539 ludibrium
2779 1494 2927 1554 gesta
2968 1483 3193 1538 fuerant.
3217 1482 3573 1552 Hortaturque

1999 1570 2145 1625 illum
2174 1582 2229 1627 ut
2254 1575 2317 1627 ad
2340 1572 2629 1629 Coiieilium
2652 1589 2771 1628 mox
2798 1573 3223 1644 eongregandum
3242 1583 3568 1645 compareat,

2000 1661 2175 1731 ibique
2201 1679 2265 1717 ex
2291 1664 2582 1717 eanonibus
2606 1664 2833 1719 Niczenis
2856 1706 2871 1731 ,
2899 1680 3003 1719 non
3046 1665 3162 1718 aliis
3194 1664 3419 1737 (notans
3448 1665 3571 1720 illos

1998 1752 2357 1806 Antiochenos
2378 1751 2396 1822 )
2421 1794 2434 1816 ,
2468 1756 2781 1811 sententiam
2812 1755 3083 1809 ferendam
3111 1746 3232 1810 esse
3255 1754 3402 1810 dicit.

2074 1839 2399 1895 Innocentius
2442 1840 2590 1911 Papa
2627 1852 2673 1896 et
2722 1841 2981 1896 Honorius
3025 1841 3164 1912 Imp.
3211 1845 3569 1898 mcumenicam

2002 1933 2267 2004 Synodnm
2293 1934 2401 2003 cogi
2426 1935 2597 1987 volant
2617 1934 3017 1989 .—Coneilium
3055 1945 3230 1988 autem
3255 1932 3381 1988 illud
3408 1934 3565 2004 quasi

2002 2034 2125 2078 mox
2171 2022 2404 2077 futurum
2437 2032 2696 2078 memorat
2722 2023 3087 2086 Innocentius,
3133 2022 3254 2092 quia
3285 2022 3568 2089 Honorius,

1997 2113 2298 2170 Occidentis
2328 2115 2617 2185 Imperator
2635 2116 2921 2185 Augustus,
2951 2113 3099 2170 fratri
3123 2129 3220 2169 suo
3243 2114 3469 2169 Arcadio
3498 2116 3570 2170 li—

1998 2213 2140 2258 teras
2168 2205 2422 2267 miserat,
2456 2206 2608 2274 queis
2657 2204 2966 2260 hortabatur
3008 2205 3151 2259 illum
3200 2214 3259 2258 ut
3298 2205 3571 2274 utriusque

1995 2311 2257 2352 consensu
2285 2339 2299 2363 ,
2349 2299 2696 2353 Orientalium
2723 2308 2775 2352 et
2813 2297 3230 2353 Occidentalium
3273 2295 3568 2352 Concilium

1998 2386 2391 2441 Thessalonicir.
2421 2387 2797 2450 celebraretur,
2827 2402 2934 2456 quo
2962 2387 3167 2441 facilius
3194 2395 3415 2456 utraque
3447 2400 3568 2455 pars

1995 2488 2171 2547 posset
2196 2478 2477 2533 convenire
2500 2478 2729 2541 (Pallad.
2758 2477 2947 2546 Diall).
2968 2477 3157 2531 Verum
3185 2486 3301 2531 astu
3332 2475 3569 2531 inimico-

1995 2584 2108 2621 rum
2141 2568 2360 2622 Joannis
2385 2610 2398 2630 ,
2429 2576 2481 2622 et
2509 2568 2577 2622 ita
2605 2578 2823 2623 curante
2856 2567 3122 2632 Eudoxia,
3152 2582 3269 2636 quae
3293 2567 3359 2621 ad
3385 2576 3567 2621 nutum

1992 2673 2141 2711 suum
2161 2658 2369 2712 Arcadii
2389 2657 2606 2712 consilia
2628 2656 3016 2720 moderabatur,
3044 2655 3233 2710 factum
3260 2664 3342 2709 est
3364 2654 3575 2710 utCon—

1990 2748 2167 2802 cilium
2196 2748 2497 2818 hujusmodi
2521 2790 2535 2815 ,
2583 2749 2650 2803 ab
2673 2748 2974 2803 Innocentio
3004 2747 3141 2818 Papa
3169 2756 3220 2802 et
3245 2747 3311 2801 ab
3338 2745 3570 2801 llonorio

1995 2838 2315 2908 lmperatore
2349 2848 2623 2907 tantopere
2653 2840 2939 2909 expetitum
2967 2879 2980 2904 ,
3010 2851 3113 2890 non
3138 2837 3516 2891 celebraretur.

2064 2930 2250 2985 Sicarii
2270 2930 2520 2985 Joannem
2548 2932 2826 2997 interﬁcere
2865 2938 3071 2984 tentant.
3100 2959 3173 2970 ——
3202 2930 3403 2984 Interea
3440 2943 3567 2984 vero

1990 3019 2400 3091 Chrysostomus
2413 3021 2870 3090 Constantinopoli
2899 3020 3073 3074 adhuc
3099 3021 3150 3074 in
3181 3019 3567 3089 episcopalibus

1990 3110 2191 3165 aedibus
2210 3111 2455 3165 manebat
2476 3110 2645 3179 (Socr.
2677 3109 2715 3162 ι.
2739 3108 2792 3162 6.
2822 3125 2866 3161 c.
2897 3108 2983 3163 18.
3009 3108 3212 3163 Sozam.
3238 3107 3274 3160 ι.
3303 3109 3355 3163 8.
3379 3124 3425 3160 c.
3448 3108 3557 3181 21)ν

1988 3214 2052 3255 ac
2071 3207 2188 3269 post
2208 3199 2407 3254 Pascha
2430 3199 2663 3254 bimestri
2689 3199 2859 3268 spatio
2880 3197 3070 3252 ibidem
3093 3198 3340 3266 perstitit.
3366 3197 3562 3253 Eodem

1992 3300 2231 3359 tempore
2257 3290 2336 3344 vir
2361 3290 2572 3361 quidam
2617 3289 2972 3344 diemoniacus
2996 3333 3011 3354 ,
3040 3299 3130 3342 aut
3152 3289 3241 3358 qui
3272 3304 3330 3343 se
3358 3288 3562 3343 dzcmo-

1983 3382 2198 3436 ‘uiacum
2231 3381 2528 3446 simulabat,
2562 3378 2993 3449 deprehenditur,
3015 3380 3293 3449 pugionem
3330 3378 3550 3443 habens,

1995 3478 2259 3540 tamquam
2287 3471 2353 3525 ad
2374 3472 2631 3526 Joannem
2679 3470 3023 3525 occidendum
3062 3479 3291 3539 paratus,
3326 3470 3559 3527 nondum

1990 3571 2165 3615 tamen
2193 3560 2243 3615 id
2268 3562 2466 3616 facinus
2491 3574 2788 3630 aggressus.
2816 3560 2916 3627 Qui
2942 3560 3357 3630 comprehensus
3376 3576 3405 3614 a
3426 3561 3561 3617 mul-

1989 3651 2228 3717 titudine,
2246 3652 2463 3720 perinde
2474 3660 2631 3721 atque
2643 3653 2686 3706 si
2706 3652 2872 3721 pretio
2885 3651 3176 3706 conductus
3190 3651 3371 3707 fuisset
3386 3652 3452 3708 ad
3464 3668 3562 3708 cae-

1988 3741 2107 3796 dem
2131 3743 2463 3811 patrandam,
2486 3742 2551 3796 ad
2580 3741 2889 3797 Praefectum
2935 3742 3078 3797 urbis
3106 3742 3297 3798 ductus
3322 3752 3421 3800 est.
3453 3744 3558 3800 Sed

1984 3831 2233 3900 Joannes,
2254 3832 2429 3888 missis
2444 3831 2753 3901 quibusdatn
2768 3834 3027 3903 episcopis
3042 3850 3104 3888 ex
3122 3850 3340 3891 numero
3350 3851 3555 3901 eorum,

1986 3938 2119 3995 quos
2147 3940 2324 3979 secum
2373 3925 2634 3989 habebat,
2666 3923 2933 3978 hominem
2965 3926 3208 3980 liberavit
3252 3930 3556 3997 priusquam

1989 4018 2263 4070 tormentis
2304 4017 2667 4086 subjiceretur.
2698 4017 2941 4072 l’ostlimc
2986 4032 3171 4072 servus
3210 4018 3400 4086 Elpidii
3433 4033 3555 4088 pre-

1985 4106 2180 4177 sbyteri
2213 4107 2378 4160 effuso
2398 4123 2556 4162 cursu
2584 4109 2633 4160 in
2664 4109 2806 4162 aedes
2832 4109 3157 4178 episcopales
3189 4109 3392 4178 irrupit.
3414 4107 3556 4177 Quo-

1985 4196 2103 4251 dam
2142 4207 2315 4250 autem
2346 4214 2451 4266 quo
2475 4214 2696 4254 currens
2721 4209 2964 4269 pergeret
2983 4202 3341 4269 interrogante
3363 4242 3377 4266 ,
3409 4200 3552 4256 illum

1987 4301 2176 4342 servus
2207 4288 2353 4341 nullo
2380 4288 2506 4342 dato
2530 4305 2819 4358 responso,
2851 4292 2958 4345 sica
2989 4294 3278 4360 percussit:
3306 4292 3550 4357 alterum,

1982 4378 2069 4446 qui
2093 4377 2267 4446 priore
2283 4392 2533 4446 percusso
2559 4380 2951 4445 inclamaverat,
2974 4380 3213 4434 similiter
3237 4380 3549 4444 vulneravit;

1986 4470 2194 4522 tertium
2220 4483 2425 4537 quoque
2449 4469 2728 4522 transfixit.
2757 4469 2887 4524 Cum
2916 4483 3101 4522 omnes
3125 4470 3211 4538 qui
3237 4469 3454 4522 aderant
3472 4469 3553 4522 in-

1984 4572 2193 4631 gentem
2224 4561 2510 4615 clamorem
2533 4560 2888 4623 sustulissent,
2919 4560 3008 4614 ille
3034 4559 3215 4628 fugere
3238 4558 3419 4627 coepit.
3449 4560 3548 4627 Qui

1989 4665 2115 4704 vero
2161 4650 2307 4703 illum
2339 4649 2769 4718 insequebantur,
2814 4647 2996 4716 procul
3024 4648 3210 4716 positis
3253 4647 3552 4704 clamabant

1982 4752 2036 4794 ut
2059 4741 2339 4810 fugientem
2363 4740 2892 4810 comprehenderent.
2916 4740 3139 4807 Quidam
3165 4756 3228 4796 ex
3257 4741 3444 4797 balneo
3466 4757 3550 4799 re-

1979 4832 2129 4888 diens
2151 4832 2416 4888 hominem
2438 4832 2820 4903 apprehendit,
2842 4833 3127 4905 lethalique
3147 4835 3214 4890 ab
3240 4849 3306 4890 eo
3328 4836 3547 4891 vulnere

1979 4924 2274 4990 confossus,
2300 4935 2536 4979 mortuus
2556 4926 2762 4981 cecidit.
2784 4928 2825 4980 A
2848 4927 3044 4996 populo
3067 4927 3279 4982 demum
3301 4943 3439 4997 aegre
3458 4942 3547 4985 ea.

1979 5023 2117 5084 ptus,
2132 5015 2320 5069 ductus
2340 5028 2419 5070 ρει
2439 5017 2490 5070 in
2511 5015 3139 5073 PalatiunLTestabantur
3151 5018 3294 5073 cives
3316 5017 3408 5072 has
3428 5033 3547 5074 esse

1980 5107 2195 5162 insidias
2224 5108 2557 5163 inimicorum
2580 5108 2828 5173 Joannis,
2859 5109 3261 5178 clamabantque
3287 5108 3543 5173 dicentes,

1976 5206 2030 5250 et
2057 5196 2302 5251 sicarium
2325 5205 2381 5252 et
2404 5212 2495 5253 eos
2520 5197 2608 5267 qui
2633 5198 2899 5252 misissent
2922 5212 3106 5267 poenas
3129 5193 3257 5252 dare
3277 5207 3540 5266 Oportere.

1976 5283 2261 5341 Praefectus
2287 5296 2459 5341 autem
2493 5286 2667 5351 urbis,
2701 5302 2819 5340 cum
2843 5302 2963 5341 eum
2993 5298 3256 5356 tamquam
3287 5287 3542 5357 judicium

1977 5374 2279 5444 prolaturus
2319 5386 2462 5431 esset
2484 5377 2775 5446 accepisset
2797 5417 2813 5442 ,
2842 5377 3023 5445 populi
3068 5376 3298 5432 furorem
3320 5391 3537 5446 compe-

1975 5466 2150 5529 scuit;
2183 5466 2274 5519 sed
2306 5475 2490 5536 postea
2511 5466 2658 5521 illum
2683 5464 2900 5520 dimisit.
2928 5462 3061 5520 Rem
3086 5466 3243 5535 paulo
3270 5479 3425 5521 secus
3449 5479 3537 5518 re-

1978 5559 2081 5616 fert
2121 5558 2404 5614 Palladius.
2446 5558 2637 5628 Elpidii
2661 5598 2677 5623 ,
2717 5556 2927 5628 inquit,
2972 5558 3267 5630 presbyteri
3312 5555 3537 5611 famulus

1978 5652 2351 5725 quinquaginta
2400 5661 2458 5708 ut
2479 5653 2646 5720 aiunt,
2671 5651 2847 5708 aureis
2868 5649 3181 5716 conductus,
3212 5661 3266 5705 ιιι
3290 5650 3348 5704 S.
3377 5646 3537 5701 Joan-

3140 5761 3214 5822 13
