4088 6138
472 203 574 258 215

476 328 595 387 nem
625 313 749 369 dolo
797 312 1153 378 interficeret,
1184 325 1302 368 cum
1349 311 1713 380 deprehensus
1753 322 1894 365 esset
1940 321 2049 366 tres

472 400 682 470 gladios
710 401 926 464 habere,
952 411 1155 469 septem
1181 416 1249 454 ex
1282 400 1342 454 iis
1372 401 1460 471 qui
1483 401 1652 472 ipsum
1679 401 2050 472 apprehende-

474 503 612 558 rant,
637 492 912 561 percussit,
936 506 1159 561 quorum
1176 501 1399 562 quatuor
1421 494 1671 547 continuo
1692 494 1883 563 sepulti
1906 502 2052 561 sunt,

477 594 582 637 tres
611 598 735 637 vero
757 581 843 635 alii
868 592 983 651 post
1010 580 1311 638 diuturnam
1333 583 1661 639 curationem
1685 584 1816 639 salvi
1838 598 2057 638 evasere

477 675 497 744 (
521 674 725 728 Pallad.
748 671 937 744 Dial.).

550 761 698 817 Plebs
725 762 916 817 Joanni
943 763 1147 817 addicta
1171 764 1334 835 ipsum
1364 766 1599 821 custodit.
1620 762 1689 807 4-
1713 766 1806 822 His
1831 782 2058 837 conspe-

475 853 590 917 ctis,
625 854 712 924 qui
743 853 1093 909 ferventiores
1121 863 1277 908 erant
1301 870 1364 910 ex
1388 856 1563 927 plebe.
1590 857 1847 913 Joannem
1870 868 2056 913 custo-

474 944 589 1002 dire
619 954 918 1016 coeperunt,
950 955 1107 1000 nectu
1130 955 1183 1001 et
1214 948 1440 1002 interdiu
1469 948 1689 1004 alternis
1714 948 1916 1004 vicibus
1937 948 2056 1019 epi-

472 1040 714 1110 scopales
734 1041 878 1096 :cdes
903 1037 1343 1095 circumsidentes
1368 1039 1512 1111 (Sez.
1542 1039 1577 1093 l.
1604 1040 1658 1096 8.
1695 1057 1743 1094 c.
1789 1039 1906 1110 22).
1936 1040 2059 1095 [hec

475 1146 581 1186 non
607 1146 759 1201 atque
787 1132 966 1186 animo
999 1130 1233 1186 ferentes
1261 1132 1517 1201 episcopi,
1547 1136 1633 1200 qui
1678 1142 1864 1186 contra
1889 1130 2056 1187 Joan-

476 1238 599 1278 nem
638 1216 1019 1288 eonvenerant,
1063 1222 1452 1278 ecclesiasticas
1504 1223 1648 1293 lt‘gt‘S
1693 1224 1885 1279 calcari
1926 1238 2069 1291 con-\

478 1323 794 1382 querentes,
850 1313 916 1368 de
973 1314 1065 1367 illo
1117 1328 1336 1383 prorsus
1382 1314 1645 1383 ejiciendo
1692 1315 2060 1370 deliberabant

476 1403 759 1474 (Chrysost.
794 1403 961 1474 Epist.
993 1403 1141 1473 125).
1187 1404 1383 1472 Quinto
1411 1414 1587 1461 autem
1637 1414 1756 1476 post
1799 1405 2056 1461 Penteco-

475 1503 593 1548 sten
623 1493 730 1555 die,
767 1493 1010 1559 Aeacius,
1034 1492 1376 1562 Severianus,
1404 1495 1698 1551 Antiochus
1719 1505 1878 1567 atque
1904 1496 2062 1568 Cyri-

476 1598 577 1638 nus
606 1583 987 1653 lmperatorem
1035 1584 1251 1649 adeunt,
1297 1584 1714 1657 adulatoriisque
1759 1601 1822 1641 ac
1869 1587 2060 1643 fucatis

476 1677 768 1742 praemissis
797 1678 994 1742 verbis,
1026 1687 1235 1748 rogant,
1266 1678 1523 1734 Joannem
1555 1679 1818 1749 episcopis
1840 1680 2061 1751 presby-

479 1769 709 1838 terisque
742 1785 991 1840 perosum
1019 1770 1139 1839 cjici
1165 1770 1372 1839 jubeat,
1402 1770 1543 1840 quod
1566 1771 1676 1841 jam
1705 1770 1952 1825 dixerant
1974 1770 2058 1826 ef-

477 1859 728 1927 ferentes,
762 1876 972 1931 nempe,
1004 1861 1058 1915 in
1090 1871 1249 1932 caput
1269 1877 1423 1916 suum
1456 1861 1570 1917 fore
1589 1862 1812 1917 Joannis
1838 1862 2058 1932 deposi-

476 1952 695 2019 tionem,
726 1953 771 2006 si
802 1967 995 2023 nempe
1042 1952 1237 2024 injusta
1279 1963 1441 2010 esset.
1472 1954 1566 2009 His
1591 1970 1655 2009 ex
1688 1955 1935 2009 facilitate
1978 1955 2062 2009 ni-

476 2042 580 2095 mia
602 2040 761 2097 fidem
784 2041 987 2098 habens
1003 2043 1317 2112 Imperator,
1338 2045 1570 2099 instante
1589 2059 1802 2115 quoque
1819 2044 2058 2100 Eudoxia

476 2132 730 2202 Augusta,
774 2132 1059 2188 Patricium
1095 2132 1371 2189 Notarium
1412 2134 1576 2202 misit,
1608 2134 1697 2204 qui
1725 2133 1839 2189 haec
1864 2133 2057 2190 Joanni

476 2223 762 2290 nuntiaret,
793 2239 986 2294 nempe
1030 2225 1306 2291 Acacium,
1348 2225 1690 2291 Antiochum,
1712 2226 2057 2282 Severianum

475 2326 528 2367 et
557 2312 809 2385 Cyrinnm
832 2314 1217 2384 depositionem
1241 2316 1406 2386 ipsius
1422 2315 1640 2371 Joannis
1657 2317 1709 2370 in
1725 2324 1883 2387 caput
1903 2331 2057 2371 suum

475 2407 804 2476 conjecisse:
837 2419 1163 2479 quapropter
1191 2426 1250 2465 se
1281 2411 1390 2465 Deo
1429 2411 1832 2477 commendans,
1873 2409 2061 2465 Eccle-

475 2499 552 2551 sia
585 2499 887 2554 excederet.
931 2501 1066 2554 Tum
1108 2500 1343 2555 Joannes
1388 2502 1653 2571 episcopis
1700 2501 1790 2571 qui
1836 2500 2059 2556 aderant

475 2588 605 2642 dixit
628 2606 641 2640 :
671 2589 844 2643 Venite
862 2590 1142 2661 precemur,
1168 2601 1216 2647 et
1235 2592 1412 2663 angelo
1431 2591 1676 2648 Ecclesia:
1694 2592 2056 2659 valedieamus;

478 2679 624 2731 uetus
643 2678 841 2747 quidem
869 2679 929 2734 ob
948 2696 1223 2747 (erumnas,
1245 2682 1335 2736 sed
1354 2683 1530 2738 dolens
1552 2683 1615 2739 de
1633 2683 1807 2755 pepuli
1827 2698 2056 2739 maerere.

477 2764 629 2821 Tunc
656 2783 783 2824 vero
806 2768 1020 2839 quidam
1048 2785 1115 2826 cx
1144 2774 1473 2842 proceribus,
1506 2775 1588 2828 vir
1629 2775 1851 2844 probus,
1897 2774 2060 2830 Joan-

480 2874 602 2914 nem
646 2862 884 2916 monuit:
913 2861 1157 2931 Lueium,
1200 2864 1457 2923 audacem
1493 2866 1687 2935 virum,
1728 2883 1847 2922 cum
1880 2867 2060 2922 militi-

479 2952 579 3008 bus
604 2953 656 3005 in
687 2962 934 3023 promptu
964 2968 1105 3021 esse,
1134 2962 1193 3009 ut
1211 2956 1256 3010 si
1281 2956 1669 3013 contradiceret
1693 2958 1776 3013 vel
1797 2957 2056 3023 diﬂ‘erret,

477 3043 564 3098 ille
578 3043 748 3113 ipsum
765 3044 999 3100 traheret
1015 3054 1173 3116 atque
1190 3047 1508 3116 expelleret;
1529 3063 1592 3103 ac
1607 3049 1898 3119 periculum
1918 3064 2053 3116 esse,

477 3149 544 3191 ne
557 3144 822 3190 commota
842 3136 991 3206 plebs
1006 3151 1126 3193 cum
1148 3138 1404 3195 militibus
1425 3156 1653 3211 pugnam
1673 3142 2053 3197 committeret.

475 3225 625 3284 Tunc
642 3227 875 3285 Joannes
893 3244 1014 3285 cum
1042 3230 1292 3303 laerymis
1316 3233 1520 3303 aliquot
1536 3250 1602 3289 ex
1620 3235 1885 3306 episcopis
1904 3249 2062 3290 oscu-

477 3317 635 3385 latus,
669 3321 903 3390 reliquos
939 3322 1081 3376 enim
1105 3323 1338 3378 osculari
1367 3340 1471 3378 non
1504 3326 1847 3395 permittebat
1882 3326 2057 3393 dolor,

475 3410 685 3463 cteteris
714 3410 853 3464 intus
882 3411 934 3464 in
964 3412 1200 3467 sacrario
1223 3412 1513 3468 valedixit:
1548 3414 1771 3483 Maneto,
1790 3416 2054 3486 inquiens,

478 3498 558 3551 hic
586 3499 803 3565 interim,
826 3511 882 3554 ut
912 3502 1167 3557 medicum
1196 3504 1469 3574 quiescam.
1497 3504 1771 3576 Ingressus
1799 3516 1978 3563 autem
2004 3508 2057 3562 in

477 3590 865 3660 baptisterium,
897 3592 1267 3664 Olympiadem
1312 3603 1487 3663 vocat,
1533 3611 1653 3666 qua:
1702 3597 1769 3653 ab
1818 3597 2058 3654 Ecclesia

476 3698 583 3737 non
611 3682 938 3749 discedebat,
968 3686 1239 3755 etiamque
1268 3686 1578 3741 Pentadiatn
1601 3697 1656 3743 et
1678 3688 1923 3743 Proclam
1945 3690 2059 3744 dia-

478 3771 719 3826 conissas
742 3813 758 3836 ,
807 3772 1064 3827 Silvinam
1111 3775 1271 3830 etiam
1303 3775 1362 3831 Β.
1394 3775 1627 3831 Nebridii
1661 3792 1905 3844 uxorem,
1940 3794 2059 3849 quae

477 3859 784 3916 viduitatem
830 3877 980 3916 suam
1014 3863 1295 3919 honestate
1335 3880 1398 3920 ac
1441 3867 1695 3921 modestia
1739 3866 2057 3937 decorabat;

479 3953 725 4024 ipsasque
750 3954 829 4010 sie
853 3955 1159 4025 alloquutus
1184 3965 1266 4011 est
1288 3975 1300 4009 :
1340 3956 1533 4020 Venite,
1555 3974 1585 4011 ο
1605 3958 1747 4026 ﬁliae,
1771 3959 1941 4014 audite
1960 3977 2058 4015 me.

481 4043 611 4109 Quae
636 4044 704 4098 ad
734 4061 813 4098 me
856 4047 1091 4113 attinent,
1137 4046 1289 4116 ﬁnem
1332 4057 1386 4100 ut
1434 4048 1576 4102 video
1616 4047 1799 4102 habent
1812 4066 1831 4115 ,°
1858 4066 2061 4105 cursum

476 4151 643 4190 meum
667 4138 1027 4197 consummavi.
1059 4146 1107 4191 et
1132 4138 1262 4205 forte
1287 4137 1475 4193 vultum
1513 4156 1678 4194 meum
1715 4157 1816 4195 non
1842 4142 2062 4213 amplius

476 4225 720 4282 videbitis.
756 4225 870 4281 Hoc
897 4243 1052 4282 unum
1076 4239 1148 4284 est
1172 4231 1306 4300 quod
1328 4247 1472 4303 rego,
1505 4248 1565 4286 ne
1590 4250 1621 4285 a
1646 4233 1797 4288 solita
1818 4250 1939 4305 erga
1958 4234 2062 4290 Ec-

477 4318 677 4373 clesium
700 4317 1036 4375 benevolentia
1063 4336 1148 4377 eos
1176 4321 1426 4392 ocellatis,
1472 4333 1519 4378 et
1558 4334 1613 4379 ut
1636 4325 1702 4390 ei,
1741 4327 1829 4398 qui
1852 4327 2057 4393 invitus,

476 4426 566 4464 nec
592 4410 836 4478 ambiens,
868 4428 931 4469 ea:
955 4429 1199 4470 consensu
1224 4418 1471 4485 omnium,
1502 4418 1555 4471 in
1582 4418 1711 4473 hanc
1739 4419 1904 4473 sedem
1923 4419 2063 4473 erdi-

475 4511 623 4556 uatus
649 4510 695 4556 ct
736 4502 968 4558 inductus
1013 4505 1183 4574 fuerit,
1232 4515 1489 4577 tamquam
1535 4509 1659 4563 mihi
1687 4507 1886 4564 Joanni
1912 4519 2062 4580 caput

474 4602 691 4646 uestrum
717 4594 1041 4650 submittatis.
1072 4595 1194 4651 Non
1217 4608 1376 4665 potest
1403 4599 1537 4654 enim
1564 4598 1796 4655 Ecclesia
1823 4617 1930 4656 esse
1955 4603 2063 4656 sine

473 4686 727 4756 episcopo.
761 4685 844 4740 Ita
869 4688 1264 4744 misericordiam
1292 4692 1660 4761 consequentini
1689 4709 1707 4746 :
1735 4702 1782 4747 et
1819 4709 2063 4749 memores

474 4785 627 4830 estote
643 4776 739 4829 seei
762 4776 816 4830 in
840 4778 1148 4833 orationibus
1162 4782 1352 4836 uestris.
1382 4782 1488 4837 Illa:
1513 4799 1644 4839 vero
1674 4784 1925 4856 lacrymis
1942 4801 2062 4855 per-

476 4864 629 4929 fuste,
660 4864 729 4919 ad
750 4865 866 4935 ejus
894 4866 1059 4936 pedes
1087 4868 1524 4927 advehebantur.
1549 4874 1700 4929 Tunc
1726 4874 1961 4931 Joannes
1983 4879 2062 4930 in-

479 4968 667 5016 nuens,
693 4955 903 5011 cuidam
944 4972 976 5013 e
1017 4957 1338 5013 venerandis
1382 4962 1708 5033 presbyteris
1746 4965 2063 5019 ait:Amave

476 5060 559 5097 eas
587 5045 725 5111 hinc,
747 5062 810 5100 ne
832 5047 1075 5117 populum
1099 5047 1407 5117 perturbent.

545 5133 770 5190 Joannes
807 5136 1048 5192 militibus
1072 5155 1126 5194 se
1152 5140 1305 5193 tradit
1327 5140 1381 5194 in
1405 5141 1637 5196 exsilium
1668 5142 1971 5199 ducendum.
1992 5172 2062 5184 --

477 5223 568 5278 ille
607 5220 734 5280 vero
763 5241 857 5295 per
892 5237 1098 5298 partem
1128 5228 1452 5287 Orientalem
1489 5247 1734 5301 egressus
1771 5243 1881 5298 est;
1910 5237 2059 5304 pos!-

476 5331 631 5387 quam
656 5317 887 5388 jusserat
908 5335 1102 5392 equum
1128 5336 1284 5379 suum
1309 5323 1376 5378 ad
1416 5332 1620 5396 partem
1663 5323 2059 5382 Occidentalem

475 5412 685 5479 adduci,
708 5423 765 5469 ut
788 5415 1014 5487 populus
1038 5430 1105 5473 eo
1130 5430 1189 5474 se
1215 5416 1514 5473 conferret:
1547 5418 1727 5489 sicque
1753 5418 1843 5472 illo
1866 5417 1949 5488 pie
1966 5416 2062 5474 de-

475 5504 613 5571 lusa,
648 5503 918 5575 profectus
957 5518 1062 5574 est,
1110 5518 1163 5565 et
1204 5523 1264 5565 se
1306 5508 1564 5565 militibus
1591 5509 1824 5569 tradidit.
1858 5509 1907 5563 id
1938 5518 2058 5563 tan-

480 5599 754 5655 tummodo
780 5610 1021 5670 questus,
1048 5601 1194 5673 quod
1231 5610 1417 5665 contra
1459 5602 1602 5676 leges
1627 5603 1932 5671 ejiceretur,
1960 5602 2057 5660 de-

1557 201 1612 254 S.
1653 197 1932 254 JOANNIS
1969 193 2446 253 CllRYSOSTOlll
2495 198 2671 261 νιτλ,

3646 206 3754 263 Ξίϋ

2168 319 2350 379 negata
2372 312 2472 365 sibi
2494 310 2737 366 facultate
2761 326 2972 366 causam
2994 314 3200 369 dicendi
3223 325 3346 371 ante
3373 316 3636 386 legitimos
3661 319 3752 390 ju-

2163 399 2332 462 dices,
2363 401 2505 470 quod
2535 410 2710 456 tamen
2738 402 3019 459 botuleidis
3042 415 3095 459 et
3122 406 3380 462 adulteris
3413 408 3752 466 concedeba-

2165 499 2281 545 tur:
2306 506 2576 563 parvoque
2601 494 2879 564 impositus
2904 496 3132 568 navigio,
3171 499 3347 554 statim
3374 501 3424 555 in
3451 500 3752 571 Bithyniam

2165 591 2559 653 transportatur
2584 583 2812 647 (Sozam.
2837 586 2874 641 ι.
2904 589 2956 644 8.
2987 606 3033 644 c.
3061 586 3176 660 Ἡ).
3196 591 3641 649 Testifieaturille
3657 609 3753 649 eos

2155 675 2732 751 (Ep.10,t.5.c.608),
2758 680 2845 747 qui
2881 694 2941 735 se
2964 682 3017 735 in
3053 681 3293 736 exsilium
3318 682 3582 739 ducebant
3609 726 3624 750 ,
3653 701 3757 739 eu-

2162 781 2278 820 ram
2300 781 2513 821 omnem
2553 777 2605 824 et
2630 770 2862 825 studium
2892 771 3215 834 adhibuisse.
3245 775 3405 828 etiam
3443 775 3560 844 plus
3587 790 3750 845 quam

2162 857 2278 927 ipse
2331 858 2585 925 volebat,
2646 868 2706 913 ut
2759 860 2929 932 ipsum
2984 872 3290 918 recrearent
3348 880 3410 919 ac
3465 865 3754 921 reficerent

2162 946 2353 1018 (Epist.
2386 949 2536 1019 22f).
2569 949 2847 1006 Profectus
2872 961 2952 1007 est
2977 961 3154 1008 autem
3182 953 3255 1008 20
3276 954 3419 1010 Junii
3450 956 3573 1009 anni
3599 956 3747 1012 404:

2162 1046 2216 1091 et
2243 1035 2473 1092 Nicmam
2505 1038 2556 1092 in
2600 1038 2845 1111 Bithynia
2883 1041 3141 1098 adductus
3188 1051 3289 1109 est,
3335 1043 3420 1098 ubi
3469 1060 3634 1116 usque
3680 1047 3752 1101 ad

2162 1137 2405 1195 quartam
2430 1127 2554 1183 Julii
2581 1131 2792 1184 mansit.
2826 1130 2958 1186 Cum
2988 1131 3077 1186 illo
3106 1140 3259 1187 erant
3282 1131 3472 1188 Niemae
3496 1135 3752 1205 Cyriacus

2160 1217 2408 1275 Sinnadze
2434 1221 2485 1275 in
2514 1220 2761 1293 Phrygia,
2791 1230 2844 1277 et
2874 1223 3119 1294 Eulysius
3144 1224 3395 1295 Apameze
3423 1225 3477 1279 in
3506 1226 3749 1299 Bithynia

2162 1312 2421 1382 episcopi,
2450 1315 2536 1384 qui
2567 1330 2632 1370 eo
2662 1316 2822 1369 vineti
2865 1316 3078 1371 adducti
3108 1327 3291 1383 erant;
3338 1319 3434 1375 sed
3477 1330 3656 1389 postea
3690 1330 3751 1375 ut

2162 1403 2412 1475 inculpati
2439 1405 2642 1461 dimissi
2666 1408 2811 1462 fuere
2832 1407 3067 1478 (Pallad.
3098 1409 3150 1463 in
3176 1407 3363 1477 Dial).

2233 1494 2455 1562 Quidam
2483 1504 2660 1552 autem
2692 1514 2757 1553 ex
2787 1497 3007 1553 Joannis
3032 1500 3280 1567 inimicis,
3310 1501 3556 1555 timentes
3582 1516 3669 1566 ne,
3698 1502 3748 1557 si

2162 1588 2386 1658 populus
2415 1589 2505 1658 qui
2550 1589 2602 1643 in
2629 1589 2855 1645 ecclesia
2885 1599 2999 1645 erat
3028 1591 3321 1646 discessum
3349 1592 3462 1661 ejus
3490 1606 3748 1663 agnosce-

2160 1688 2263 1743 ret,
2294 1679 2437 1732 illum
2467 1680 2836 1749 insequeretur
2858 1696 2920 1736 ac
2942 1680 3115 1736 redire
3139 1692 3373 1752 cogeret,
3403 1683 3542 1739 fores
3566 1683 3748 1741 eccle-

2160 1769 2253 1822 sia:
2274 1768 2615 1824 occluserunt
2641 1769 2872 1842 (Sozam.
2922 1772 2959 1825 l.
2995 1771 3048 1827 8.
3079 1788 3124 1825 c.
3173 1771 3288 1842 22).
3314 1773 3389 1828 Ex
3417 1772 3481 1827 iis
3506 1788 3634 1828 vero
3658 1774 3752 1844 qui

2162 1859 2213 1911 in
2238 1858 2424 1926 plateis
2444 1867 2619 1928 erant,
2641 1861 2730 1915 alii
2752 1860 2816 1914 ad
2844 1876 2990 1917 mare
3011 1872 3356 1918 accurrcrunt
3376 1873 3569 1919 uteum
3596 1878 3751 1920 asse-

2160 1956 2469 2019 qucrentur,
2501 1949 2588 2004 alii
2616 1958 2758 2006 metu
2781 1951 3051 2007 conterriti
3096 1952 3272 2024 fugam
3316 1955 3609 2024 arripuere,
3640 1955 3749 2010 lm-

2163 2041 2425 2109 peratoris
2456 2042 2586 2096 iram
2614 2043 2766 2097 veriti
2789 2060 2804 2098 :
2827 2044 2859 2097 ii
2883 2059 3011 2101 vero
3028 2045 3115 2116 qui
3157 2047 3208 2100 in
3245 2047 3470 2101 ecclesia
3496 2057 3671 2115 erant,
3696 2049 3749 2104 vi

2162 2145 2347 2197 magna
2380 2140 2559 2200 portas
2584 2132 2925 2202 effregerunt.

2232 2218 2477 2275 Ecclesia:
2502 2223 2806 2276 incendium.
2824 2254 2896 2263 —
2923 2224 3063 2280 lnter
3090 2225 3202 2280 haec
3229 2225 3441 2282 flamma
3469 2228 3521 2284 in
3538 2229 3629 2284 illa
3654 2244 3746 2286 se-

2159 2310 2247 2377 de,
2275 2312 2324 2364 in
2355 2328 2459 2381 qua
2497 2313 2703 2368 solebat
2728 2314 2960 2371 Joannes
2989 2316 3313 2384 concionari,
3344 2320 3539 2376 emissa
3566 2330 3670 2389 est,
3691 2332 3751 2379 et

2159 2415 2439 2472 progressa
2457 2401 2523 2456 ad
2548 2412 2741 2457 tectum
2765 2419 2930 2474 usque
2951 2407 3189 2474 pervenit
3210 2417 3476 2479 totamque
3496 2410 3750 2467 combus-

2160 2490 2229 2543 sit
2254 2490 2535 2547 ecclesiam
2560 2492 2793 2563 (Pallad.
2809 2511 2865 2563 ρ.
2893 2494 2980 2549 9|.
3005 2495 3096 2566 92)
3120 2515 3133 2549 :
3159 2497 3280 2553 inde
3297 2514 3422 2552 vero
3440 2501 3750 2559 transiliens

2161 2579 2373 2636 ﬂamma
2414 2582 2544 2637 nihil
2573 2584 2697 2638 mali
2727 2585 3051 2657 interposita:
3082 2587 3260 2659 populi
3299 2588 3637 2647 multitudine
3666 2592 3751 2647 in-

2159 2670 2358 2739 ferens,
2402 2672 2469 2728 ad
2496 2674 2640 2730 :edes
2662 2687 2878 2732 senatus
2906 2679 3153 2734 transiliit
3180 2680 3360 2736 multis
3389 2682 3633 2750 passibus
3656 2683 3747 2738 di-

2163 2772 2392 2829 snntes;
2413 2766 2661 2838 quodque
2681 2769 2873 2823 mirum
2902 2770 3167 2838 videatur,
3187 2771 3383 2827 aedium
3403 2773 3612 2827 illarum
3634 2790 3747 2828 non

2161 2870 2277 2910 eam
2305 2865 2507 2926 partem
2534 2873 2652 2929 qua:
2671 2860 2950 2917 ecclesiam
2984 2861 3319 2931 respiciebat,
3349 2861 3442 2918 sed
3465 2863 3750 2919 adversam

2161 2956 2390 3016 partem,
2419 2963 2538 3018 quae
2566 2948 2767 3004 Palatio
2794 2949 3058 3020 lmperiali
3088 2951 3329 3021 proxima
3358 2960 3492 3018 erat,
3529 2952 3749 3020 invasit,

2160 3048 2318 3109 atque
2343 3038 2420 3094 sic
2445 3039 2591 3095 aedes
2618 3038 2734 3094 illas
2760 3040 2814 3095 in
2838 3040 3072 3096 cinerem
3096 3041 3321 3118 redegit,
3343 3056 3550 3097 necnon
3576 3043 3751 3098 eccle-

2161 3129 2293 3183 siam
2323 3140 2380 3185 et
2407 3129 2595 3185 domos
2615 3131 3027 3202 circumquaque
3056 3132 3275 3201 positas,
3306 3141 3361 3187 et
3386 3132 3485 3187 soli
3506 3133 3748 3188 :edieula:

2161 3221 2415 3289 pepercit,
2445 3221 2498 3276 in
2523 3237 2625 3292 qua
2654 3237 2805 3278 sacra
2830 3239 2951 3279 vasa
2978 3224 3206 3293 reposita
3234 3233 3405 3281 erant.
3424 3224 3540 3280 Non
3557 3242 3748 3281 aurum

2162 3310 2424 3367 reveritus
2467 3321 2551 3368 est
2576 3313 2733 3383 ignis,
2778 3328 2878 3370 nec
2900 3326 3197 3385 argentum,
3228 3316 3397 3384 inquit
3435 3316 3745 3382 Palladius;

2161 3402 2254 3457 sed
2302 3412 2361 3457 ut
2405 3418 2475 3459 ne
2519 3403 2669 3459 locus
2715 3404 2935 3460 daretur
2988 3406 3456 3463 calumniatoribus
3503 3406 3746 3463 Joannis.

2162 3493 2492 3564 Theophilus
2510 3497 2653 3551 enim
2682 3497 2889 3553 dicebat
2911 3498 3080 3568 ipsum
3104 3500 3345 3555 ecclesia:
3370 3500 3586 3557 mobilia
3611 3516 3748 3557 ven-

2162 3585 2384 3641 didisse.
2414 3585 2612 3643 Verum
2652 3602 2767 3643 rem
2810 3586 2999 3643 falsam
3044 3603 3164 3645 esse
3209 3589 3402 3645 clarius
3442 3591 3635 3646 enituit
3679 3607 3748 3646 ex

2162 3676 2435 3734 breviculo
2463 3678 2577 3747 illo,
2609 3695 2765 3749 quem
2796 3681 3094 3737 Germanus
3135 3683 3412 3755 presbyter
3440 3692 3496 3738 et
3536 3684 3749 3740 Cassia-

2163 3785 2263 3825 nus
2288 3769 2546 3824 diaconus
2594 3770 2854 3838 obtulere,
2901 3772 3156 3827 ell‘erente
3185 3773 3325 3841 quod
3355 3774 3585 3842 pretiosa
3618 3789 3747 3829 vasa

2164 3859 2505 3915 tradidissent
2528 3875 2706 3915 coram
2729 3860 3013 3930 judicibus.
3055 3861 3242 3919 Studia
3271 3863 3529 3919 Przefecto
3575 3865 3745 3931 urbis,

2164 3950 2496 4022 Eutyehiano
2522 3950 2780 4006 Prmfeeto
2806 3951 3045 4006 Praeterii
3065 3993 3083 4019 ,
3132 3953 3339 4008 Joanne
3364 3954 3570 4009 Comite
3598 3954 3744 4010 The-

2164 4054 2479 4106 saurorum,
2534 4040 2815 4095 Eustathio
2859 4042 3169 4109 Qttiestore,
3218 4052 3271 4096 et
3312 4042 3646 4109 Tabulariis,
3693 4043 3767 4099 im

2163 4148 2315 4202 auro,
2343 4142 2563 4203 argento
2591 4143 2643 4188 et
2669 4134 2921 4189 vestibus.
2948 4134 3006 4188 in
3038 4142 3183 4188 tanto
3202 4144 3381 4190 autem
3405 4145 3461 4190 et
3485 4146 3590 4191 tam
3611 4150 3751 4206 pra:-

2163 4226 2309 4296 cipiti
2329 4227 2574 4283 incendio
2603 4242 2762 4281 nemo
2800 4228 2974 4297 periit.
3011 4227 3159 4282 Circa
3189 4228 3305 4296 ejus
3333 4236 3580 4284 auctores
3604 4229 3747 4283 varia

2163 4333 2192 4372 a
2217 4317 2564 4387 scriptoribus
2601 4318 2940 4374 referuntur:
2970 4318 3240 4373 Palladius
3290 4332 3404 4373 rem
3444 4328 3659 4385 narrat,
3692 4329 3750 4375 ut

2163 4410 2417 4465 divinitus
2444 4409 2665 4464 omnino
2689 4410 2878 4465 factam
2911 4426 2925 4463 :
2959 4410 3287 4464 Sozomenus
3311 4408 3458 4471 dicit,
3490 4412 3747 4478 populum

2163 4503 2351 4559 Joanni
2381 4501 2651 4558 addictum
2679 4502 2731 4558 id
2772 4504 2823 4556 in
2862 4503 2981 4572 ejus
3017 4501 3261 4556 inimicos
3303 4501 3585 4564 retulisse;
3628 4502 3751 4561 illos

2164 4611 2292 4650 vero
2327 4594 2378 4650 id
2405 4593 2625 4650 Joannis
2666 4595 2855 4649 amicis
2887 4593 3236 4662 adseripsisse
3256 4633 3272 4658 ,
3319 4593 3564 4648 Socrates
3594 4610 3607 4643 :
3636 4591 3749 4645 2o-

2163 4686 2331 4741 simus
2359 4694 2414 4741 et
2439 4685 2794 4757 Theophanes
2841 4684 3037 4755 populo
3079 4682 3274 4739 Joanni
3316 4682 3528 4739 addicto
3574 4691 3748 4739 totum

2164 4777 2420 4832 referunt.

2237 4866 2292 4920 ln
2323 4866 2445 4920 aula
2486 4879 2610 4921 vero
2639 4864 2977 4934 lmperatoria
3009 4862 3267 4934 flagitium
3298 4862 3426 4917 illud
3455 4876 3486 4915 a
3520 4861 3742 4916 Joanni—

2166 4957 2231 5010 tis
2271 4963 2534 5024 patratum
2584 4954 2747 5010 fuisse
2782 4954 2865 5008 vel
2903 4954 3223 5023 putabatur,
3270 4951 3348 5007 vel
3393 4950 3749 5005 simulabatur

2166 5045 2337 5117 (Socr.
2378 5046 2418 5098 l.
2454 5045 2508 5100 6.
2557 5061 2605 5098 c.
2640 5044 2724 5101 18.
2751 5044 2963 5100 Pallad.
2993 5046 3048 5098 in
3078 5042 3272 5115 Μαι).
3300 5040 3450 5096 Tune
3489 5040 3747 5110 Optatus,

2165 5137 2313 5191 urbis
2352 5135 2640 5192 Praefectus
2659 5177 2677 5203 ,
2718 5136 2978 5207 religione
3003 5136 3236 5206 gentilis,
3263 5134 3317 5188 in
3342 5132 3624 5188 Joannitas
3648 5147 3743 5189 seu

2164 5227 2385 5284 Joannis
2412 5227 2647 5283 fautores
2672 5227 2958 5285 admodum
2986 5226 3181 5281 smviit.
3227 5229 3268 5279 Λ
3295 5224 3441 5279 nullo
3471 5231 3650 5278 tamen
3683 5237 3748 5276 ex

2167 5322 2273 5377 illis
2296 5322 2348 5377 vi
2377 5331 2761 5377 tormentorum
2792 5320 2843 5375 id
2870 5319 3086 5375 efficere
3116 5317 3310 5388 potuit,
3342 5325 3396 5371 ut
3422 5330 3482 5371 se
3510 5315 3594 5370 vel
3618 5327 3747 5369 suos

2166 5415 2325 5486 hujus
2353 5414 2582 5471 incendii
2604 5422 2856 5471 auctores
2876 5427 2995 5469 esse
3026 5411 3383 5477 declararent,
3411 5410 3531 5479 ipso
3549 5406 3752 5464 fatente

2166 5508 2381 5566 Zosimo
2409 5525 2421 5563 :
2459 5507 2511 5563 id
2539 5506 2680 5578 quod
2701 5506 2861 5563 etiam
2887 5504 3201 5565 testiﬁcatur
3218 5500 3454 5559 Joannes
3478 5500 3637 5571 epist.
3661 5498 3753 5557 94.

2169 5603 2280 5661 imo
2318 5601 2493 5673 ipsum
2535 5599 2794 5656 Joannem
2840 5607 2898 5655 ut
2945 5590 3175 5654 incendii
3221 5603 3497 5651 auctorem
3539 5604 3749 5651 accusa-
