4088 6138
360 262 461 320 2U

362 395 526 445 vere;
561 377 806 446 ideoque,
831 384 883 428 ut
912 373 984 427 ait
1014 373 1278 427 Palladius
1321 372 1371 426 in
1405 370 1627 437 l)ia|og.,
1661 368 1867 420 vinctus
1891 365 1942 418 in

365 471 609 544 Bithynia
635 470 884 526 detentus
911 467 1005 521 fuit
1023 481 1142 521 cum
1165 465 1384 536 Cyriaco
1411 470 1464 517 et
1488 461 1704 531 Eulysio
1727 458 1936 528 episco-

365 565 444 632 pis
466 603 479 626 ,
511 560 600 629 qui
629 557 887 629 postremi
914 571 1034 610 cum
1063 556 1183 610 aliis
1217 550 1606 608 Cltalccdonem
1649 547 1856 602 adducti
1887 555 1942 602 et

361 650 617 706 custodia:
640 647 922 715 mancipati
949 653 1072 700 sunt
1101 662 1114 697 :
1142 655 1301 712 atque
1329 657 1394 697 eo
1416 656 1582 708 usque
1605 637 1945 708 impudentia:

364 753 413 794 et
443 741 691 809 nequitia:
719 735 1356 808 processeruutAcacius,
1380 732 1591 794 Paulus,
1623 727 1941 791 Antiochus,

366 831 705 891 Severianus,
738 839 791 882 et
821 828 906 882 alii
933 827 1146 895 quidam
1169 867 1184 890 ,
1216 833 1272 879 ut
1301 827 1352 878 in
1376 824 1543 878 literis
1563 823 1674 876 suis
1697 821 1764 875 ad
1791 819 1944 873 Inno-

364 923 595 978 centium
647 921 882 989 Papam,
932 918 1188 973 Joannem
1235 917 1384 986 quasi
1435 914 1714 969 ecclesiam
1763 913 1946 965 incen-

366 1015 566 1075 disset,
595 1011 1072 1066 calumniarentur.
1124 1006 1358 1062 Joannes
1398 1020 1529 1060 vero
1557 1003 1771 1070 scripsit
1814 1001 1941 1066 illis,

367 1103 465 1156 etsi
490 1103 541 1157 in
572 1101 693 1154 aliis
721 1100 819 1154 sibi
855 1098 1172 1153 defendendi
1214 1098 1297 1150 sui
1326 1097 1498 1150 locum
1526 1109 1630 1147 non
1662 1092 1941 1154 dedi-rant,

368 1195 419 1246 in
466 1192 565 1244 hoc
593 1191 783 1248 saltem
813 1189 1002 1244 darent
1034 1197 1091 1240 ιιι
1120 1186 1187 1239 de
1221 1183 1526 1254 hujusmodi
1557 1180 1799 1236 incendio
1826 1193 1944 1234 sese

368 1290 634 1352 purgaret.

437 1373 541 1426 Alii
589 1384 801 1441 quoque
839 1385 931 1438 per
978 1367 1161 1424 urbem
1211 1363 1791 1431 circumeuntes(Soz.
1820 1363 1856 1414 ι.
1888 1360 1941 1414 8.

367 1481 414 1517 c.
441 1463 566 1534 22),
610 1477 703 1518 eos
741 1463 832 1531 qui
869 1461 1032 1516 delati
1061 1460 1272 1514 fuerant
1299 1457 1438 1528 quod
1464 1456 1651 1510 Joanni
1684 1455 1942 1516 faverent,

372 1553 922 1622 comprehenderunt,
951 1562 1002 1605 et
1032 1551 1084 1604 in
1113 1548 1408 1603 custodiam
1441 1547 1594 1601 datos
1619 1585 1634 1610 ,
1667 1553 1726 1598 ut
1752 1542 1944 1598 Joanni

375 1638 654 1691 anathema
672 1634 916 1689 dicerent
932 1635 1195 1702 cogebant
1217 1633 1408 1703 (Epist.
1432 1633 1556 1688 “8.
1581 1642 1618 1685 t.
1648 1633 1701 1687 3.
1731 1648 1777 1684 c.
1797 1630 1947 1698 675).

380 1727 482 1780 Illis
509 1741 638 1780 vero
664 1727 952 1795 episcopis,
975 1727 1306 1798 presbyteris
1327 1726 1554 1793 aliisque
1573 1725 1663 1794 qui
1690 1724 1772 1777 sui
1791 1735 1951 1776 causa

377 1820 428 1872 in
458 1832 728 1872 carcerem
773 1817 905 1872 trusi
951 1818 1181 1882 fuerant,
1225 1816 1505 1885 epistolam
1536 1813 1952 1869 consolatoriam

375 1911 517 1965 misit
541 1908 958 1980 Chrysostomus
993 1909 1098 1983 (Ib.
1141 1925 1188 1964 c.
1237 1909 1386 1978 5M),
1437 1907 1525 1962 tibi
1559 1907 1740 1975 paucis
1772 1907 1953 1961 horta—

371 2013 456 2058 tur
482 2004 601 2057 illos
624 2001 689 2058 ad
728 2000 1034 2070 patientiam
1060 2041 1075 2064 ,
1125 1998 1358 2067 dicitque
1387 2009 1653 2051 aerumnas
1677 2000 1733 2047 et
1761 2004 1944 2061 paruas

372 2093 672 2162 hujusmodi
701 2135 715 2156 ,
755 2106 852 2160 pro
883 2093 1077 2158 pietate
1117 2095 1394 2157 susceptas
1417 2127 1430 2149 ,
1477 2097 1795 2140 coronarum
1824 2094 1943 2136 esse

367 2185 774 2242 conciliati-iace.

437 2275 674 2330 Arsacias
701 2272 788 2326 Jo.
821 2272 1175 2342 Cltrysostomo
1204 2269 1536 2324 substituitur.
1567 2296 1637 2306 —
1659 2266 1944 2332 Postquam

369 2365 444 2422 sic
463 2363 724 2420 abductus
745 2363 918 2416 fuerat
939 2360 1172 2415 Joannes
1195 2399 1210 2424 ,
1241 2368 1464 2414 curante
1493 2355 1734 2410 Eudoxia
1766 2354 1942 2422 Impe-

370 2457 560 2513 ratrice
585 2455 638 2510 in
678 2452 858 2510 sedem
897 2452 1014 2520 ejus
1055 2449 1371 2506 substitutus
1397 2448 1495 2503 fuit
1523 2446 1774 2500 Arsacius
1795 2445 1942 2513 vige-

367 2549 498 2604 sima
546 2547 770 2615 septima
815 2543 902 2598 die
939 2542 1138 2598 mensis
1175 2541 1314 2595 Junii
1363 2553 1504 2594 anno
1530 2538 1654 2593 404.
1700 2537 1828 2591 Erat
1858 2534 1944 2589 ille

368 2637 617 2692 Arsacias
643 2633 806 2690 frater
842 2632 1105 2696 Nectarii,
1133 2631 1222 2700 qui
1266 2632 1317 2684 in
1361 2628 1544 2684 sedem
1570 2625 1944 2683 Constantino-

368 2728 675 2797 politanam,
715 2723 974 2794 Gregorio
999 2722 1333 2777 Nazianzeuo
1361 2717 1663 2781 secedente,
1697 2715 1943 2770 inductus

366 2817 542 2872 fuerat
586 2814 911 2885 (Chronicon.
943 2814 1122 2878 Alex”-
1149 2810 1407 2881 Cltrysost.
1441 2808 1605 2878 Epist.
1649 2807 1798 2875 125).
1835 2807 1944 2860 An-

361 2922 554 2964 norum
581 2906 849 2975 octoginta
875 2913 991 2959 erat
1020 2903 1293 2968 Arsacius,
1323 2916 1480 2972 quem
1513 2899 1760 2962 delirum,
1791 2907 1945 2953 vocat

359 2998 797 3070 Chrysostomus,
823 3005 877 3050 et
901 2995 1082 3066 lupum
1103 3004 1262 3064 atque
1290 2992 1610 3057 adulterum,
1642 2991 1782 3060 quod
1812 2990 1944 3044 alie-

360 3104 486 3144 nam
514 3087 694 3142 sedem
717 3087 794 3142 sic
823 3086 1122 3142 invasisset.
1147 3085 1234 3139 Ait
1253 3081 1466 3152 quidem
1489 3082 1739 3137 Socrates
1769 3080 1940 3149 ipsum

359 3180 433 3235 ob
457 3179 780 3248 singularem
825 3175 1290 3232 mansuetudinem
1318 3173 1614 3229 Ecclesiam
1657 3169 1944 3240 tranquille

357 3273 690 3342 gubernasse
737 3267 919 3342 (Socr.
963 3269 1000 3321 ι.
1027 3267 1081 3322 6.
1118 3265 1320 3337 c.19).
1372 3265 1570 3320 Verum
1614 3263 1943 3318 Sozomenus

360 3370 547 3416 narrat
575 3359 724 3414 illum
749 3357 963 3427 quidem
988 3364 1322 3411 mansuetum
1347 3353 1509 3408 fuisse
1534 3361 1589 3408 et
1616 3367 1741 3422 erga
1771 3352 1934 3406 Deum

358 3451 666 3522 religiosum
687 3467 702 3515 ;
725 3449 819 3504 sed
835 3447 1042 3502 laudem
1061 3447 1229 3511 illam,
1250 3461 1408 3516 quam
1425 3445 1661 3501 omnium
1678 3457 1942 3500 consensu

358 3541 586 3610 adeptus
610 3540 782 3595 fuerat
807 3540 1084 3610 presbyter
1101 3580 1117 3605 ,
1148 3537 1476 3593 imminuisse
1501 3535 1757 3608 quosdam
1783 3537 1943 3590 cleri-

358 3645 485 3695 cos,
518 3630 610 3700 qui
635 3630 811 3684 omnia
839 3643 935 3698 pro
965 3629 1132 3684 lubito
1157 3643 1255 3684 suo
1279 3629 1538 3698 agebant,
1574 3635 1631 3682 et
1653 3635 1807 3698 gesta
1845 3639 1939 3680 sua

359 3719 441 3774 illi
466 3720 814 3789 imputabant.
845 3720 1075 3790 Anysius
1096 3734 1242 3784 vero,
1283 3733 1447 3774 senex
1467 3718 1749 3788 episcopus
1774 3717 1943 3772 Thes-

360 3812 712 3868 salonicensis
732 3852 746 3874 ,
775 3825 833 3867 se
861 3811 1116 3866 Ecclesiae
1144 3809 1398 3866 Romana:
1427 3809 1709 3866 sententiae
1736 3809 1940 3863 haerere

359 3904 547 3958 dicens
570 3945 586 3967 ,
621 3919 650 3957 a
679 3903 897 3957 Joannis
937 3902 1176 3972 partibus
1215 3911 1359 3958 stare
1402 3916 1462 3956 se
1501 3901 1674 3955 dixit:
1707 3900 1940 3970 cpiscOpi

361 4009 574 4062 quoque
628 3994 799 4046 Cari:e
844 4007 903 4048 se
947 3992 1166 4046 Joannis
1210 3992 1640 4046 communionem
1671 3989 1940 4058 amplecti

360 4085 546 4138 dixere
572 4083 816 4154 (Pallad.
864 4085 918 4136 in
958 4082 1160 4152 Dialog.
1185 4083 1223 4152 ).
1254 4081 1393 4136 Infra
1434 4082 1732 4136 videbimus
1773 4079 1942 4133 Palas-

361 4176 556 4230 stinam
587 4185 641 4229 et
671 4176 993 4230 Phteniciam
1022 4191 1116 4244 pro
1137 4175 1340 4230 Joanne
1369 4173 1589 4229 fecisse:
1615 4173 1798 4228 Cilicia
1814 4187 1940 4227 vero

361 4266 531 4321 divisa
561 4267 677 4322 fuit.

434 4359 637 4414 Arsacii
669 4359 882 4424 famam,
907 4359 1073 4429 inquit
1094 4361 1440 4427 Sozomenus,
1464 4363 1714 4416 laeserunt
1739 4375 1798 4416 ea
1822 4375 1941 4430 qua:

361 4458 509 4520 gesta
537 4459 658 4504 sunt
692 4449 854 4522 (Sos.
878 4453 912 4504 ι.
933 4451 986 4505 8.
1017 4451 1196 4508 ολδ).
1229 4452 1358 4507 Nam
1397 4468 1518 4508 cum
1555 4453 1775 4509 Joannis
1825 4451 1941 4506 fau-

362 4549 506 4596 tores
533 4556 632 4595 nec
655 4556 775 4594 cum
803 4543 1018 4596 Arsacio
1043 4584 1058 4608 ,
1083 4557 1181 4598 nec
1204 4558 1322 4599 cum
1351 4545 1466 4612 ejus
1493 4543 1788 4598 fautoribus
1809 4559 1938 4614 syn-

362 4644 490 4686 axes
529 4645 688 4700 agere
711 4632 794 4685 vcl
831 4646 1014 4700 preces
1046 4631 1266 4687 fundere
1302 4633 1518 4699 vellent,
1550 4633 1775 4700 ideoque
1793 4647 1940 4686 scor-

364 4719 461 4776 sim
481 4729 537 4775 et
564 4721 616 4774 in
645 4722 898 4776 extremis
922 4721 1150 4777 civitatis
1173 4722 1411 4792 partibus
1429 4721 1686 4777 collectas
1697 4730 1937 4790 agerent,

363 4824 476 4866 rem
506 4811 622 4880 ipse
643 4811 709 4866 ad
736 4811 1118 4881 imperatorem
1145 4812 1344 4867 retulit.

436 4901 706 4958 Tribunus
759 4903 936 4973 itaque
983 4918 1104 4958 cum
1169 4902 1427 4958 militibus
1482 4903 1534 4957 in
1588 4910 1939 4973 congregatos

365 4989 639 5046 Joannitas
682 4993 936 5060 impetum
986 4993 1162 5048 facere
1202 4993 1380 5062 jussus
1435 4993 1454 5064 (
1486 4992 1692 5048 Sozam.
1724 4991 1864 5046 Ibid.
1897 4993 1938 5063 ),

369 5081 577 5148 plebem
624 5081 852 5138 fustibus
901 5091 956 5137 et
995 5084 1138 5138 saxis
1179 5083 1389 5139 czedens
1427 5083 1608 5154 fugere
1650 5083 1938 5153 compulit;

365 5171 658 5227 nobiliores
681 5187 812 5228 vero
835 5180 891 5227 et
917 5187 1012 5228 eos
1048 5173 1137 5242 qui
1175 5172 1395 5228 Joannis
1429 5182 1608 5243 partes
1636 5175 1939 5237 tuebantur,

363 5264 620 5319 custodia
641 5263 873 5319 tradidit.
905 5264 1054 5319 Tunc
1075 5273 1250 5318 autem
1273 5305 1288 5331 ,
1333 5265 1405 5318 uti
1435 5264 1570 5320 solet
1599 5264 1810 5333 quando
1839 5265 1942 5318 mi-

364 5353 545 5410 litibus
571 5355 782 5410 licentia
813 5354 988 5422 datur,
1022 5355 1271 5410 mulieres
1291 5364 1482 5410 ornatu
1511 5369 1610 5410 suo
1633 5356 1684 5410 vi
1707 5353 1941 5409 adhibita

365 5447 661 5515 spoliantur
682 5462 698 5511 ;
720 5446 839 5502 aliis
864 5447 1099 5512 monilia,
1122 5461 1271 5503 zona:
1290 5461 1470 5502 aureae
1489 5455 1543 5501 et
1569 5454 1784 5516 torques
1803 5447 1945 5500 abri-

369 5538 600 5606 piuntur,
643 5539 764 5594 aliis
796 5538 1010 5595 inaures
1040 5539 1199 5595 simul
1235 5553 1356 5594 cum
1381 5538 1598 5594 auribus
1649 5538 1939 5593 detrahun-

369 5637 472 5682 tur.
527 5627 767 5698 Cumque
813 5630 999 5701 ingens
1038 5629 1368 5701 perturbatio
1415 5638 1468 5686 et
1508 5629 1681 5684 luctus
1718 5629 1770 5683 in
1812 5629 1942 5685 urbe

1564 249 1744 306 NUNC
1783 241 2046 305 PRIMUM
2085 243 2452 308 ADORNATA
2465 293 2478 308 .

2049 373 2222 429 esset,
2253 382 2320 421 ne
2348 368 2425 421 sic
2453 367 2665 437 quidem
2708 367 2860 436 plebs
2901 369 3174 438 pristinam
3217 387 3339 443 erga
3368 374 3626 434 Joannem

2050 456 2474 512 benevolentiam
2503 459 2716 530 abjecit.

2123 545 2198 600 llli
2228 561 2356 602 vero
2383 548 2591 616 publice
2623 549 2834 618 quidem
2865 552 3151 607 convenire
3173 567 3279 607 non
3308 555 3444 609 ultra
3469 558 3629 611 aude-

2051 636 2177 692 bant
2203 636 2345 707 (Soz.
2371 639 2407 692 ι.
2436 639 2492 694 8.
2519 656 2566 693 c.
2593 639 2684 711 23)
2710 683 2724 708 ,
2773 642 2919 696 multi
2966 656 3065 698 nec
3091 645 3144 698 in
3183 643 3352 700 forum
3375 685 3390 713 ,
3425 663 3523 702 nec
3564 648 3629 702 ad
3699 637 3708 706 ἶ

2051 727 2236 790 balnea
2279 730 2601 798 procedere;
2634 732 2948 800 quibusdam
2985 733 3144 790 etiam
3174 745 3344 790 tutum
3382 751 3486 792 non
3513 749 3630 792 erat

2049 817 2195 872 domi
2238 833 2492 883 manere;
2548 821 2642 876 sed
2692 822 2904 890 plurimi
2950 824 3049 877 viri
3103 824 3226 878 boni
3280 824 3627 898 honesteque

2049 909 2302 966 mulieres
2331 911 2462 966 urbe
2503 911 2868 967 excedebant:
2899 929 2964 968 ex
3005 928 3231 982 quorum
3279 931 3499 972 numero
3532 917 3627 972 fttit

2047 999 2292 1056 Nicarete
2315 1001 2542 1072 Bithyna
2561 1043 2575 1067 ,
2623 1003 2787 1057 nobili
2824 1019 3018 1073 genere
3042 1002 3362 1060 Nicomediae
3390 1019 3527 1072 orta,
3559 1008 3628 1061 ob

2051 1103 2356 1163 perpetuam
2386 1095 2738 1164 virginitatem
2782 1104 2836 1149 et
2873 1095 2996 1148 vitae
3041 1097 3445 1152 sanctimoniam
3483 1098 3627 1154 cele-

2050 1183 2278 1240 berrima
2309 1185 2478 1254 (Anno
2505 1185 2633 1254 ιοι)
2658 1225 2672 1251 ,
2708 1186 2960 1240 virtutum
2990 1185 3225 1239 omnium
3255 1187 3509 1242 exercitio
3532 1188 3627 1242 ad-

2049 1273 2210 1336 dicta,
2243 1275 2313 1328 ita
2343 1284 2400 1328 ut
2429 1290 2548 1330 cum
2573 1275 2903 1344 amplissimo
2938 1276 3257 1345 patrimonio
3285 1277 3480 1348 injuste
3503 1292 3628 1348 spo-

2049 1366 2170 1420 liata
2199 1365 2402 1430 fuisset,
2443 1381 2555 1420 rem
2585 1367 2966 1435 patientissime
2991 1367 3204 1433 tulerit;
3233 1368 3327 1423 sed
3353 1384 3421 1423 ex
3448 1370 3628 1439 paucis

2053 1455 2154 1508 sibi
2183 1456 2417 1520 relictis;
2450 1457 2699 1524 prudenti
2722 1473 2812 1512 usa
2839 1457 3314 1522 administratione,
3344 1473 3450 1514 non
3471 1461 3628 1514 modo

2049 1547 2146 1602 sibi
2173 1552 2228 1602 et
2250 1547 2555 1603 domesticis
2575 1550 2874 1604 necessaria
2893 1550 3326 1619 suppeditaverit,
3353 1551 3444 1606 sed
3466 1551 3625 1607 etiam

2049 1638 2166 1694 aliis
2190 1639 2694 1705 subministraverit,
2718 1641 3051 1712 maximeque
3076 1642 3480 1710 medicamenta,
3506 1659 3627 1715 qutc

2048 1728 2160 1796 ipsa
2182 1729 2451 1798 ingeniose
2488 1729 2553 1784 ad
2582 1746 2867 1800 pauperum
2896 1732 3260 1800 :rgrotantium
3285 1747 3436 1787 usum
3461 1747 3626 1802 appa-

2048 1819 2218 1874 rabat.
2249 1819 2464 1874 Certum
2490 1829 2665 1875 tamen
2693 1831 2776 1875 est
2799 1863 2812 1883 ,
2857 1823 3015 1876 etiam
3057 1831 3181 1878 tunc
3213 1823 3350 1878 clam
3376 1864 3392 1890 ,
3419 1832 3476 1878 et
3513 1823 3625 1878 for-

2049 1917 2190 1966 tasse
2229 1910 2362 1964 intra
2393 1911 2582 1966 domos
2607 1927 2834 1983 synaxes
2863 1914 3154 1968 celebratas
3184 1915 3366 1970 fuisse.
3397 1915 3628 1970 Joannes

2049 2001 2190 2056 enim
2225 2001 2576 2071 Tthpbilum
2621 2013 2676 2058 et
2702 2004 2988 2060 Salustium
3041 2005 3380 2076 presbyteros
3421 2006 3622 2074 culpat,

2047 2090 2188 2160 quod
2228 2092 2517 2162 synaxibus
2554 2092 2766 2147 assidue
2812 2108 2916 2146 non
2960 2094 3299 2148 interessent.
3341 2092 3452 2148 lmo
3477 2103 3625 2148 extra

2049 2183 2232 2238 urbem
2259 2199 2471 2254 quoque
2501 2186 2552 2238 in
2581 2186 2850 2241 montibus
2879 2193 2934 2240 et
2971 2187 3136 2256 sylvis
3159 2201 3385 2258 synaxes
3415 2187 3622 2242 habitas

2050 2271 2212 2328 fuisse
2237 2314 2250 2339 ,
2296 2275 2646 2330 testificantur
2682 2277 2970 2345 scriptores
2993 2276 3208 2346 quidam
3233 2318 3247 2342 ,
3280 2287 3332 2332 et
3362 2277 3414 2331 in
3441 2277 3625 2332 codice

2047 2362 2417 2418 Theodosiano
2441 2365 2701 2433 ejusmodi
2729 2381 2959 2437 synaxes
2984 2367 3318 2423 severissime
3344 2369 3625 2439 punienda:

2046 2453 2298 2508 dicuntur
2318 2453 2562 2525 (Niceph.
2595 2455 2831 2525 Chron)

2118 2543 2395 2612 Eutropius
2441 2544 2619 2600 Lector
2655 2548 2708 2600 in
2755 2547 3054 2601 cruciatibus
3096 2548 3307 2600 moritur
3346 2557 3393 2602 et
3436 2559 3627 2620 martyr

2049 2634 2274 2688 habetur.
2327 2665 2398 2676 --
2441 2636 2576 2690 Cum
2617 2637 2800 2706 ingens
2841 2645 3017 2691 metus
3065 2637 3315 2706 populum
3347 2653 3376 2691 a
3402 2639 3624 2692 tumultu

2045 2727 2398 2793 coercuisset,
2433 2727 2722 2783 Praefectus
2747 2729 2891 2782 urbis
2929 2727 2995 2783 de
3038 2728 3283 2783 inccndio
3307 2728 3546 2784 ecclesiae
3573 2740 3625 2785 et

2045 2816 2208 2870 curia:
2230 2818 2578 2887 quaestionem
2625 2817 2842 2881 habuit,
2887 2817 3190 2888 multosque
3223 2817 3474 2888 gravibus
3499 2834 3624 2888 sape

2047 2908 2216 2978 pliciis
2235 2909 2432 2964 affecit.
2461 2909 2591 2964 Cum
2621 2911 2760 2965 enim
2785 2909 3059 2964 idololatra
3087 2919 3247 2975 esset,
3281 2909 3349 2964 de
3374 2909 3626 2965 Ecclesiae

2046 2998 2430 3053 calamitatibus
2479 2999 2842 3054 delectabatur
2889 2999 3054 3070 (Sos.
3098 3000 3136 3052 ι.
3181 2998 3235 3053 8.
3273 3015 3320 3052 c.
3363 2997 3453 3054 23.
3493 2999 3620 3069 ει).

2049 3087 2336 3157 Eutropius
2364 3088 2534 3142 lector
2560 3089 2626 3143 ad
2666 3089 2975 3143 iudicandos
2995 3104 3108 3154 eos,
3141 3091 3230 3159 qui
3262 3091 3436 3160 ignem
3453 3092 3625 3146 eccle-

2047 3178 2139 3232 sia:
2167 3177 2456 3246 injeeerant
2482 3218 2496 3242 ,
2541 3179 2592 3232 in
2629 3178 2886 3247 judicium
2931 3177 3224 3244 adductus,
3264 3180 3468 3234 etiamsi
3499 3180 3626 3234 loris

2045 3276 2101 3322 et
2120 3267 2345 3322 fustibus
2369 3284 2559 3334 caesus,
2600 3269 2808 3324 etiamsi
2834 3270 2882 3324 ei
2913 3270 3075 3324 latera
3103 3279 3156 3324 et
3184 3285 3333 3340 genas
3362 3271 3625 3341 unguibus

2048 3357 2442 3422 lacerarentur,
2471 3359 2828 3428 ardentesque
2867 3357 3010 3414 faces
3030 3359 3240 3428 corpori
3275 3358 3625 3418 admoveren-

2048 3456 2163 3511 tur,
2209 3447 2308 3502 etsi
2344 3447 2517 3502 adhuc
2556 3448 2867 3504 adolescens
2909 3456 2964 3504 et
2999 3463 3223 3519 corpore
3259 3457 3444 3514 tener,
3492 3448 3624 3504 nihil

2045 3551 2295 3607 umquam
2340 3537 2618 3593 confessus
2659 3548 2738 3593 est
2767 3557 2780 3592 :
2808 3553 2872 3594 ac
2906 3547 3025 3608 post
3063 3548 3323 3595 tormenta
3355 3540 3407 3594 in
3445 3555 3625 3596 carce-

2044 3643 2157 3683 rem
2182 3629 2454 3698 conjectus
2477 3671 2492 3696 ,
2538 3629 2645 3684 illic
2681 3630 2911 3684 animam
2955 3629 3094 3684 haud
3124 3631 3289 3686 multo
3317 3639 3500 3700 postea
3530 3647 3624 3687 ex-

2045 3719 2262 3773 halavit.
2315 3719 2446 3789 Ejus
2481 3721 2764 3776 occasione
2801 3721 3130 3777 Sozomenus
3167 3723 3430 3777 somnium
3461 3722 3624 3778 refert

2045 3807 2260 3864 Sisinnii
2286 3809 2560 3880 cujusdam
2584 3850 2599 3877 ,
2631 3809 3042 3866 Novatianorum
3081 3812 3314 3882 episcopi
3338 3853 3352 3878 ,
3383 3812 3466 3866 cui
3495 3812 3624 3866 dor-

2046 3903 2228 3957 mienti
2258 3902 2454 3957 dictum
2497 3903 2592 3956 fuit
2618 3903 2934 3971 Eutropium
2970 3903 3142 3957 solum
3185 3903 3408 3971 probum
3447 3902 3618 3957 virum

2047 3996 2098 4048 in
2125 3996 2336 4050 civitate
2361 3980 2549 4050 fuisse.
2569 3994 2854 4063 Eutropius
2881 4002 3058 4048 autem
3086 3992 3334 4048 hicinter
3359 4002 3620 4063 martyres

2047 4085 2098 4138 iu
2126 4084 2501 4155 Martyrologio
2536 4085 2777 4138 Romano
2803 4085 3110 4140 celebratur
3135 4125 3150 4150 ,
3195 4083 3510 4139 duodecimo
3536 4083 3623 4138 die

2046 4175 2281 4229 Januarii
2312 4178 2533 4230 mensis.

2115 4263 2318 4334 Tigrim
2354 4264 2621 4336 Presbyter
2667 4268 2940 4321 cruciatur.
2963 4297 3034 4306 —
3053 4266 3200 4320 Tunc
3223 4266 3382 4321 etiam
3415 4265 3624 4336 Tigrius

2045 4354 2322 4424 presbyter
2341 4395 2355 4420 ,
2393 4356 2720 4410 vestimentis
2748 4367 2939 4410 exutus
2959 4365 3014 4411 et
3040 4365 3186 4426 tergo
3213 4355 3391 4426 flagris
3411 4371 3579 4410 caesus
3600 4396 3615 4419 ,

2045 4447 2339 4516 vinetisque
2375 4447 2596 4516 pedibus
2619 4456 2673 4500 et
2701 4448 2944 4501 manibus
2989 4448 3038 4500 iu
3079 4447 3303 4515 equulco
3332 4456 3582 4501 extensus
3606 4487 3620 4511 ,

2047 4537 2298 4592 membris
2326 4536 2614 4590 dissolutus
2639 4544 2722 4590 est
2741 4535 2889 4604 (Sos.
2921 4535 2956 4587 ι.
2983 4537 3036 4590 8.
3065 4551 3111 4589 c.
3140 4535 3252 4604 24).
3293 4536 3418 4590 Erat
3447 4545 3621 4590 autem

2047 4629 2134 4685 hic
2160 4629 2373 4683 natione
2403 4627 2656 4682 barbarus
2676 4636 2730 4681 et
2749 4625 3042 4692 eunuchus,
3063 4625 3155 4680 sed
3183 4640 3286 4680 non
3301 4627 3368 4680 ab
3385 4613 3622 4697 origine’:

2046 4720 2280 4788 quicum
2326 4719 2377 4772 in
2421 4716 2580 4772 domo
2608 4715 2881 4786 cujusdam
2909 4715 3140 4786 potentis
3174 4729 3360 4770 servus
3398 4714 3620 4781 fuisset”,

2047 4808 2264 4862 domino
2306 4823 2404 4862 suo
2435 4806 2685 4876 probatus
2713 4847 2730 4872 ,
2779 4806 3076 4862 libertatem
3112 4813 3402 4863 meruerat.
3436 4805 3624 4861 Postea

2044 4913 2175 4955 vero
2198 4899 2263 4954 ad
2282 4899 2595 4971 presbyterii
2615 4899 2834 4970 gradum
2856 4906 3148 4969 promotus,
3164 4897 3400 4954 moribus
3423 4906 3622 4968 gratus,

2046 4991 2214 5046 comis
2234 5033 2248 5056 ,
2291 4998 2449 5060 atque
2463 5004 2588 5060 erga
2613 5004 2876 5063 pauperes
2903 4999 2958 5045 et
2982 4990 3291 5060 peregrinos
3312 4989 3624 5059 benignissi-

2048 5097 2166 5137 mus
2193 5081 2306 5135 fuit.
2339 5080 2435 5136 Hic
2473 5081 2631 5136 etiam
2675 5083 2980 5136 enuntiatur
3013 5079 3066 5134 in
3098 5079 3473 5151 Martyrologio
3514 5077 3625 5134 Ro-

2049 5188 2207 5230 mano
2252 5172 2565 5230 duodecimo
2605 5171 2693 5228 die
2740 5171 2994 5228 Januarii.
3047 5171 3104 5227 In
3158 5179 3361 5242 partem
3415 5183 3626 5241 quoque

2049 5279 2404 5319 aerumnarum
2429 5271 2690 5318 venerunt
2723 5261 2970 5318 monachi
3010 5262 3401 5332 Mesopotamia:
3431 5271 3480 5317 et
3508 5260 3624 5315 dia-
3664 5295 3690 5336 νὴ

2049 5358 2274 5412 conisste
2294 5356 2352 5410 C.
2385 5356 2470 5420 P.,
2499 5371 2617 5426 qua:
2647 5356 2972 5425 cogebantur
2995 5355 3078 5410 vel
3095 5370 3214 5410 cum
3239 5355 3454 5410 Arsacia
3472 5366 3621 5410 com-

2053 5446 2347 5512 municare,
2369 5446 2456 5501 vel
2477 5446 2591 5501 auri
2615 5445 2724 5501 200
2743 5446 2904 5502 libras
2926 5445 3074 5501 dare.

2125 5537 2390 5608 atympias
2442 5533 2761 5593 Diaconissa.
2810 5563 2876 5579 -—
2940 5539 3210 5616 Olympias
3241 5519 3628 5611 diaconissain

2055 5631 2157 5685 hoc
2201 5644 2378 5685 rerum
2426 5627 2734 5686 discrimine
2780 5633 3148 5690 fortitudinem
3182 5633 3347 5691 animi
3380 5628 3626 5688 exhibuit
