4088 6138
393 244 497 300 919

400 357 542 421 (Soz.
580 357 622 410 Ι.
652 356 701 410 8.
734 375 778 409 c.
808 357 918 429 24).
945 357 1071 411 Nam
1090 372 1210 412 cum
1234 357 1286 410 in
1307 357 1799 427 judiciutuadducta
1817 371 1959 414 esset

407 454 769 518 interrogante
803 447 1059 502 Prmfecto
1085 462 1181 501 cur
1203 447 1481 502 ecclesiam
1514 449 1851 514 incendisset,
1893 466 1979 505 rc-

400 541 616 609 spondit
653 558 665 593 :
693 539 811 594 Non
845 550 915 592 est
947 540 1040 592 hoc
1066 539 1178 592 vita:
1202 555 1324 594 mea:
1361 541 1660 595 institutum.
1690 541 1800 610 Ego
1847 544 1978 596 enim

399 630 666 697 facultates
696 645 829 682 meas
852 645 965 698 qua:
989 631 1160 684 multa:
1183 641 1325 684 erant
1365 641 1410 684 et
1457 634 1689 687 maxima:
1712 675 1726 698 ,
1781 635 1980 702 templis

405 719 498 774 Dei
535 720 876 774 instaurandis
927 721 1166 790 impendi.
1213 722 1346 776 Cum
1397 732 1571 778 autem
1617 724 1818 778 diceret
1853 725 1978 790 ille,

401 811 564 878 probe
590 809 687 864 sibi
710 819 889 863 notam
911 825 1032 866 esse
1060 812 1199 864 illius
1235 813 1441 868 vivendi
1483 816 1741 870 rationem
1767 857 1782 880 ,
1812 831 1980 885 appo-

400 903 501 957 site
528 901 800 968 respondit
822 901 905 954 illa
928 920 939 952 :
964 901 1043 954 Tu
1065 919 1182 972 ergo
1203 904 1253 955 in
1281 905 1585 957 accusatoris
1612 906 1775 958 locant
1802 907 1981 970 transi,

403 1001 448 1043 et
477 991 612 1044 alius
641 991 704 1042 de
731 991 872 1044 nobis
892 991 1108 1059 judicet.
1153 992 1437 1047 Prinl'ectus
1469 993 1595 1046 nihil
1619 993 1816 1049 habens
1842 995 1982 1063 quod

404 1080 620 1149 culpare
653 1089 851 1149 posset,
876 1081 940 1133 ad
963 1081 1104 1134 aliud
1138 1097 1195 1136 se
1225 1085 1506 1150 convertit,
1537 1093 1694 1154 atque
1715 1085 1984 1155 Olympia-

405 1170 459 1224 di
514 1171 828 1239 cteterisque
897 1171 1210 1226 mulieribus
1273 1175 1561 1229 amentiam
1608 1178 1984 1244 exprobravit,

406 1261 547 1331 quod
591 1263 822 1332 episcopi
867 1262 985 1326 sui,
1037 1263 1240 1318 Arsacii
1283 1280 1512 1335 nempe,
1553 1268 1984 1322 communionem

407 1363 800 1408 aversarentur.
833 1353 1122 1408 Praefectus
1150 1369 1276 1409 vero
1325 1363 1450 1410 tunc
1493 1356 1705 1426 quidem
1737 1358 1879 1410 illam
1907 1358 1988 1410 di-

409 1445 595 1508 misit;
629 1445 796 1498 altero
821 1453 998 1498 autem
1026 1446 1111 1500 die
1155 1457 1432 1502 evocatam
1465 1449 1608 1502 illam
1649 1463 1841 1518 magno
1876 1451 1990 1504 auri

410 1523 644 1605 pondere
665 1539 953 1591 mulciavit.
982 1539 1233 1604 Qmedam
1263 1550 1439 1594 autem
1465 1541 1584 1595 alia:
1614 1551 1755 1595 metu
1779 1543 1985 1610 percul-

411 1641 486 1679 s:e
517 1669 532 1690 ,
566 1627 765 1682 Arsaeii
797 1630 1222 1684 communionem
1247 1632 1326 1685 vel
1352 1632 1528 1684 invitm
1555 1632 1814 1700 amplexa:
1845 1645 1988 1698 sunt.

482 1714 733 1770 Pentadio
757 1719 1060 1772 diaconissa.
1086 1749 1158 1758 —
1180 1719 1434 1774 Pentadia
1469 1735 1677 1790 quoque
1697 1721 1991 1776 diaconissa

414 1806 604 1873 vidua,
639 1809 766 1862 olim
799 1809 1014 1863 Timasii
1054 1809 1298 1864 Consulis
1330 1825 1462 1864 uxor
1489 1851 1504 1875 ,
1533 1819 1747 1866 strenue
1773 1821 1826 1866 et
1859 1828 1990 1867 con-

416 1900 742 1952 stantissime
785 1915 998 1953 causam
1045 1898 1264 1954 Joannis
1307 1899 1558 1954 defendit.
1608 1900 1836 1970 Ideoque
1865 1901 1950 1955 illa
1976 1942 1990 1966 ,

415 2002 538 2056 qua:
576 1988 782 2040 nonnisi
814 1988 1103 2041 ecclesiam
1149 1989 1555 2058 cubiculumquc
1597 2005 1748 2044 suum
1777 2000 1995 2044 noverat

422 2077 706 2149 (Chrysost.
744 2078 908 2148 Epist.
938 2079 1050 2149 94),
1078 2081 1129 2134 in
1157 2079 1328 2134 forum
1366 2091 1622 2150 perlracla
1647 2083 1779 2146 fuit,
1819 2098 1846 2134 a
1880 2081 1995 2136 foro

414 2169 480 2225 ad
509 2171 812 2232 tribunalia.
834 2171 918 2225 ubi
938 2171 1204 2226 firmitatis
1216 2173 1484 2242 animique
1513 2172 1835 2226 fortitudinis
1859 2188 1994 2226 nova

415 2261 566 2329 signa
609 2260 924 2329 egregiaque
963 2260 1139 2325 dedit;
1193 2270 1372 2330 postea
1417 2276 1544 2316 vero
1583 2278 1611 2315 a
1657 2261 1900 2315 tribunali
1930 2262 1994 2314 ad

415 2364 685 2404 carcerem
738 2350 1002 2416 deducta,
1055 2352 1164 2420 pari
1207 2353 1585 2421 tranquillitate
1643 2353 1995 2422 lirmitathue

416 2441 593 2493 omnia
633 2440 879 2508 pertulit;
918 2441 1141 2510 ideoque
1181 2441 1302 2510 jure
1331 2457 1360 2494 a
1388 2442 1768 2512 Chrysostomo
1806 2445 1858 2496 in
1901 2458 1994 2496 sua

417 2530 484 2583 ad
539 2530 679 2584 illam
724 2530 948 2599 epistola
998 2531 1282 2584 admodum
1329 2532 1644 2586 celebratur.
1703 2533 1880 2586 Voluit
1903 2532 1996 2586 illa

420 2618 597 2674 hieme
637 2630 894 2688 sequente
921 2621 1114 2688 (Epist.
1133 2621 1280 2690 104),
1311 2621 1766 2692 Constantinopoli
1791 2623 1996 2683 relicta,

420 2709 529 2762 alio
554 2723 836 2777 peragrare
863 2726 876 2760 :
923 2723 1107 2762 verum
1143 2709 1374 2764 Joannes
1402 2711 1542 2764 illam
1570 2711 1808 2764 hortatus
1837 2720 1918 2765 est
1945 2719 2001 2764 ut

421 2801 474 2850 in
499 2797 627 2851 urbe
658 2806 921 2862 maneret,
951 2797 1036 2850 ubi
1060 2798 1365 2852 concivibus
1382 2799 1538 2853 variis
1564 2800 1734 2854 modis
1763 2798 2000 2854 subsidio

421 2901 541 2941 esse
579 2896 775 2956 posset.
817 2886 870 2940 In
905 2888 1023 2943 illos
1052 2889 1210 2942 etiam
1243 2891 1528 2944 saevierunt
1560 2891 1645 2960 qui
1698 2890 2000 2944 vexationes

422 2975 621 3028 vitandi
650 2990 808 3030 causa
836 2976 973 3046 apud
1002 2977 1290 3032 monachos
1304 2993 1361 3033 se
1379 2989 1687 3048 receperant
1708 2979 1896 3051 (Epist.
1921 2979 1998 3049 2):

423 3067 548 3134 quiti
575 3066 733 3120 etiam
766 3066 908 3134 ipsos
939 3067 1225 3121 monachos
1251 3078 1305 3122 et
1331 3068 1560 3138 virgines
1583 3070 1633 3122 in
1658 3069 1852 3122 famem
1873 3083 2002 3123 con-

421 3155 600 3222 jecere
629 3163 684 3207 et
712 3154 942 3209 vestibus
971 3154 1256 3210 nudavere.
1279 3154 1564 3210 Monachos
1584 3168 1759 3211 autem
1777 3157 2002 3211 Gotthos

424 3243 616 3315 (Epist.
636 3243 795 3313 207),
833 3246 922 3315 qui
949 3245 1002 3299 in
1034 3253 1172 3300 terra
1197 3245 1431 3300 Promoti
1463 3245 1764 3316 degebant,
1807 3260 2002 3300 conso-

423 3335 562 3390 latus
603 3345 684 3390 est
715 3335 1132 3408 Chrysostomus
1155 3379 1172 3404 ,
1198 3336 1412 3408 quando
1439 3338 1522 3394 sui
1549 3353 1708 3394 causa
1735 3337 2002 3392 molestias

425 3426 622 3481 multas
644 3413 698 3480 et
719 3442 988 3483 :erumnas
1016 3430 1253 3498 perpessi
1275 3440 1417 3484 sunt.

494 3512 738 3585 EpiscOpi
769 3517 974 3584 quidam
1001 3517 1154 3586 pulsi.
1183 3547 1251 3558 -—
1279 3519 1448 3573 Tanto
1496 3520 1770 3576 fervebant
1807 3520 1839 3574 ii
1866 3561 1880 3582 ,
1912 3522 2002 3590 qui

426 3613 553 3657 tunc
575 3602 748 3656 aulam
789 3603 1184 3674 lmperatoriam
1205 3607 1636 3674 moderabantur,
1670 3610 1721 3663 in
1743 3609 2001 3663 Joannem

426 3702 482 3748 et
529 3693 644 3764 ejus
697 3707 971 3749 consortes
1027 3697 1181 3760 odio,
1229 3710 1282 3750 ut
1331 3713 1437 3752 non
1467 3699 1620 3767 pauci
1650 3710 1771 3754 tunc
1799 3701 2005 3768 episco-

430 3786 523 3854 pi,
551 3787 638 3856 qui
679 3788 843 3855 probe
881 3803 996 3841 rem
1049 3789 1458 3844 ecclesiasticam
1513 3791 1770 3859 gerebant
1805 3833 1822 3855 ,
1861 3793 2001 3859 quod

425 3879 615 3934 λοεηηὶ
668 3877 860 3932 addicti
903 3887 1113 3939 essent.
1159 3880 1290 3949 pulsi
1330 3881 1582 3952 (Pallad.
1615 3882 1870 3951 p.195);
1913 3882 2002 3936 alii

427 3981 574 4031 vero,
600 3981 705 4021 non
733 3968 930 4037 indigni
960 3969 1135 4032 modo,
1158 3970 1248 4023 sed
1272 3971 1427 4025 etiam
1447 3971 1752 4041 plerumque
1769 3973 1999 4037 scelesti,

430 4059 485 4112 in
512 4057 718 4111 illorum
738 4059 910 4112 locum
943 4059 1358 4113 intruderentur.

497 4149 842 4216 Serapionem
889 4150 1045 4216 igitur
1075 4191 1087 4212 ,
1144 4166 1298 4219 quem
1369 4149 1600 4206 Joannes
1653 4152 1918 4208 Heraclea:
1950 4153 2001 4208 in

435 4236 657 4292 Thracia
707 4238 1010 4305 episcOpnm
1049 4243 1394 4294 constituerat
1449 4241 1775 4313 (Ερὶει.14)
1805 4285 1820 4309 ,
1887 4254 2003 4312 post

427 4328 734 4380 innumeras
804 4328 1003 4397 absque
1089 4330 1189 4383 ulla
1269 4331 1580 4399 probatione
1661 4333 1998 4399 calumnias,

425 4431 632 4471 summa
677 4416 984 4472 crudelitate
1036 4433 1232 4474 cmsunt
1305 4437 1469 4491 usque
1521 4423 1583 4476 ad
1635 4424 1999 4476 excussioncm

425 4507 659 4562 dentium
706 4508 754 4560 in
805 4510 1026 4575 patriam
1078 4525 1226 4564 suam
1269 4513 1568 4582 relegarunt
1615 4513 1844 4581 (Pallad.
1878 4513 2001 4565 Dia-

424 4606 526 4666 log.
564 4600 581 4667 )
632 4617 644 4649 :
690 4598 776 4652 ille
826 4615 950 4652 vero
987 4599 1050 4652 ad
1101 4602 1389 4656 monachos
1438 4603 1638 4657 Marsos
1683 4612 1735 4656 et
1777 4602 2000 4656 Gotthns

424 4691 732 4756 aufugerat,
764 4689 939 4758 ibique
963 4689 1050 4744 diu
1077 4691 1358 4746 delituerat
1384 4703 1667 4762 antequam
1697 4701 1994 4761 caperetur.

427 4778 482 4830 ln
509 4778 625 4846 ejus
655 4792 778 4830 vero
803 4777 975 4832 locum
1007 4780 1322 4834 substitutus
1350 4782 1444 4834 fuit
1470 4782 1734 4850 Eugenins
1758 4780 1994 4850 quidam,

427 4872 477 4922 in
508 4869 806 4924 mercedem
834 4867 1260 4936 conspirationis,
1287 4887 1442 4940 quam
1463 4871 1718 4926 adversus
1739 4872 1996 4926 Joannem

424 4960 734 5027 episcopum
761 4975 914 5014 suum
955 4970 1280 5029 susceperat.
1337 4960 1440 5014 Sex
1488 4961 1563 5014 illi
1605 4963 1838 5030 episcopi
1865 5003 1878 5022 ,
1909 4964 1998 5030 qui

425 5048 665 5103 simonia:
695 5064 854 5103 causa
893 5066 923 5104 a
953 5049 1157 5105 Joanne
1186 5050 1409 5118 depositi
1443 5050 1651 5103 fuerant
1683 5051 1914 5122 (Pallad.
1947 5054 1998 5104 in

417 5138 622 5207 .Dial.),
644 5148 702 5192 ut
723 5154 880 5208 supra
908 5139 1156 5204 diximus,
1185 5139 1395 5208 rejectis
1425 5140 1489 5194 iis
1516 5140 1692 5208 probis
1717 5142 1997 5209 episcopis,

424 5242 560 5298 quos
584 5227 817 5283 Joannes
848 5231 898 5283 in
929 5244 1113 5284 eorum
1143 5230 1316 5284 locum
1356 5230 1729 5292 ordinaverat,
1760 5230 1810 5282 in
1839 5229 2000 5283 sedes

425 5337 549 5376 suas
579 5331 703 5377 tunc
729 5322 957 5377 restituti
979 5332 1100 5376 sunt
1124 5365 1138 5388 ,
1172 5322 1264 5376 sed
1297 5330 1573 5392 postquam
1603 5320 2000 5375 restituentibus

425 5428 483 5466 sc
512 5415 747 5486 pecunia:
769 5427 1028 5467 summam
1056 5423 1460 5468 numeraveram
1489 5432 1502 5467 :
1543 5428 1645 5480 quo
1674 5421 1816 5467 certe
1844 5411 2000 5465 modo

427 5505 704 5561 simoniam
745 5504 1088 5562 renovabam.
1142 5503 1446 5560 llrraclides
1501 5516 1676 5560 autem
1721 5505 1998 5574 cpiscopus

427 5593 618 5668 Ephesi
651 5610 679 5650 a
735 5593 940 5653 Joanne
966 5608 1300 5665 constitutus,
1331 5606 1395 5655 ab
1435 5599 1658 5654 inimicis
1690 5599 1801 5671 ejus
1831 5597 1996 5668 depo-

1493 247 1547 300 S.
1585 247 1862 303 JUANNIS
1891 244 2358 304 CHRYSOSTOMI
2404 247 2579 314 \‘I'I'A,

3555 249 3659 307 asc

2085 362 2240 424 sitas,
2271 375 2364 428 per
2393 359 2796 429 quadrienmum
2817 361 3003 414 saltem
3026 359 3344 413 Nicomedia:
3371 359 3422 413 iu
3445 374 3660 417 carcere

2088 450 2320 504 inclusus
2351 449 2541 502 mansit
2593 447 2853 518 (Pallad.
2905 449 3104 518 Dialog.
3138 449 3177 516 ).
3229 447 3283 501 ltt
3329 447 3447 517 ejus
3485 459 3660 504 autem

2086 542 2258 594 locum
2285 540 2603 593 substituere
2631 539 2856 593 Victoris
2881 539 3075 593 tribuni
3101 537 3422 602 eunuchum,
3454 541 3660 594 manci-

2088 635 2250 699 pium,
2275 632 2444 700 inquit
2472 632 2755 694 Palladius,
2785 631 3054 685 ebriosum
3077 671 3090 697 ,
3125 630 3504 697 meretricium,
3538 646 3664 686 ava-

2087 738 2202 774 rum
2227 739 2238 782 ;
2271 734 2462 776 caetera
2490 736 2615 775 vero
2646 721 2847 775 referre
2871 720 3049 788 pudet.

2156 812 2263 867 Sub
2319 811 2430 865 hare
2472 821 2648 866 autem
2717 811 3053 865 Theotecnus
3106 810 3383 881 presbyter
3439 811 3664 866 Romam

2090 904 2265 964 venit,
2315 903 2496 955 literas
2519 901 2746 956 all‘erens
2773 901 2955 971 viginti
2986 901 3219 970 quinque
3249 902 3614 970 episcoporum
3645 944 3662 967 ,

2089 993 2174 1060 qui
2213 1007 2330 1045 cum
2361 992 2564 1046 Joanne
2591 992 2656 1046 ad
2687 991 2958 1062 Synodnm
2999 991 3370 1046 celebrandam
3400 1007 3664 1048 convene-

2091 1090 2208 1133 rant
2231 1079 2249 1149 (
2276 1080 2484 1134 Pallad.
2518 1079 2722 1151 Dialog.
2760 1083 2817 1150 ):
2846 1082 2996 1150 queis
3029 1080 3335 1136 Innocentio
3363 1082 3520 1152 Papa:
3545 1098 3671 1138 nar-

2092 1171 2277 1224 rabant
2313 1187 2416 1243 quo
2461 1182 2613 1242 pacto
2645 1173 2876 1227 Joannes
2923 1188 2952 1226 a
2997 1174 3222 1227 militum
3269 1189 3427 1228 manu
3461 1175 3668 1244 pulsus,

2091 1260 2354 1314 Cucusum
2385 1263 2435 1316 in
2464 1262 2706 1316 exsilium
2739 1263 2930 1316 missus
2952 1262 3156 1316 fuisset.
3195 1263 3360 1317 Paulo
3379 1272 3499 1332 post
3526 1266 3672 1320 venit

2094 1350 2348 1406 Paternus
2376 1393 2392 1418 ,
2439 1354 2608 1422 quise
2636 1353 3239 1421 Constantinopolitanze
3266 1355 3522 1409 Ecclesiae
3548 1369 3670 1423 pre-

2093 1443 2362 1511 sbyterum
2393 1442 2620 1508 dicebat,
2646 1442 2971 1512 Joannisque
2998 1443 3243 1498 inimicus
3279 1461 3290 1495 :
3333 1444 3512 1499 literas
3539 1444 3672 1500 affe-

2095 1535 2238 1588 rebat
2273 1534 2446 1587 Acacii
2472 1575 2486 1598 ,
2542 1533 2686 1587 Pauli
2718 1574 2733 1598 ,
2783 1533 3026 1587 Antiochi
3053 1543 3106 1587 et
3126 1533 3396 1588 Severiani
3422 1535 3673 1590 aliorum-

2094 1639 2196 1692 que
2221 1666 2234 1689 ,
2291 1625 2378 1692 qui
2421 1624 2675 1678 Joannem
2722 1625 3179 1679 calumniabantur
3207 1626 3354 1694 quasi
3382 1627 3671 1680 ecclesiam

2097 1715 2438 1768 incendisset.
2473 1716 2815 1770 Innocentius
2847 1729 2970 1770 vero
2997 1716 3100 1769 illis
3128 1715 3455 1784 respoadere
3485 1717 3672 1786 digna-

2097 1816 2182 1859 tus
2207 1822 2311 1860 nett
2342 1816 2442 1860 est.
2508 1807 2631 1861 Post
2670 1807 2869 1875 aliquot
2903 1807 3019 1861 dies
3058 1806 3278 1861 Romam
3335 1808 3478 1861 venit
3515 1807 3674 1862 etiam

2096 1897 2346 1968 Cyriacus
2366 1898 2646 1967 episcopus
2671 1913 2735 1952 ex
2766 1897 3003 1964 Oriente,
3029 1898 3211 1968 pulsus
3234 1912 3328 1967 per
3351 1913 3472 1952 eam
3501 1897 3671 1967 legem

2097 1997 2216 2056 qua:
2245 1987 2476 2042 ferebat:
2503 1988 2562 2042 Si
2591 1989 2701 2058 quis
2717 2004 2814 2042 non
2865 1989 3197 2042 communicat
3221 2005 3334 2042 cum
3361 1987 3670 2057 TheOpltilo,

2101 2079 2306 2131 Arsacia
2333 2088 2378 2132 et
2409 2078 2719 2149 Porphyrio,
2751 2080 2836 2132 ille
2863 2080 3064 2148 quidem
3083 2079 3374 2148 epist-aputu
3395 2088 3628 2132 arceatur
3656 2120 3673 2144 ,

2098 2168 2249 2220 simul
2277 2169 2427 2220 etiam
2452 2169 2650 2221 amittat
2682 2209 2695 2230 ,
2727 2169 2771 2221 si
2812 2185 2959 2237 quant
2996 2169 3129 2221 visus
3167 2168 3318 2236 fuerit
3349 2168 3531 2222 habere
3554 2169 3675 2222 sub-

2097 2260 2336 2313 stantiam
2377 2259 2704 2327 pecuniarum
2747 2269 2833 2311 aut
2877 2258 3199 2326 praediorum.
3230 2258 3354 2312 Pest
3397 2258 3674 2328 Cyriacum

2099 2349 2310 2404 advenit
2356 2350 2603 2420 Eulysius
2628 2391 2642 2414 ,
2684 2359 2737 2403 et
2776 2350 2865 2402 alii
2906 2363 3114 2418 quoque
3146 2388 3161 2413 ,
3200 2348 3267 2402 de
3305 2350 3497 2417 quibus
3541 2347 3677 2403 infra

2102 2440 2470 2494 narrabimus:
2502 2456 2622 2494 nam
2672 2439 2924 2510 Cyriacus
2968 2439 3178 2492 nonnisi
3225 2453 3368 2494 anno
3393 2440 3496 2494 405
3518 2440 3678 2496 adveo

2102 2529 2243 2584 uisse
2273 2530 2459 2597 potuit.
2495 2529 2632 2583 Ante
2661 2529 3040 2598 profectionem
3069 2543 3195 2582 vero
3219 2544 3370 2584 suam
3404 2530 3679 2598 aliquanto

2103 2632 2340 2691 tempore
2365 2623 2823 2690 ConstantinOpoli
2849 2623 3039 2676 occulti
3075 2627 3338 2677 mansere.

2173 2711 2390 2765 Honorii
2412 2712 2437 2764 1
2447 2729 2550 2780 mp.
2579 2713 2645 2764 ad
2671 2712 2944 2763 Arcadium
2970 2712 3146 2763 litem.
3165 2739 3236 2750 —-
3259 2711 3369 2765 Hoc
3395 2713 3510 2780 ipso
3535 2727 3679 2767 anno

2107 2805 2229 2869 404,
2265 2819 2364 2857 nec
2398 2804 2564 2858 multo
2582 2813 2700 2871 post
2725 2804 2932 2872 pulsum
2955 2801 3235 2867 Joannem,
3259 2801 3548 2868 Honorius,
3576 2805 3677 2857 0e-

2103 2895 2329 2948 eidentis
2367 2893 2679 2962 Imperator,
2713 2893 2939 2947 Arcadio
2967 2891 3115 2945 fratri
3141 2905 3238 2945 suo
3262 2892 3471 2960 scripsit
3491 2935 3506 2954 ,
3534 2906 3596 2946 ac
3619 2908 3681 2948 se

2106 2998 2271 3052 nuper
2305 2983 2574 3052 accepisse
2600 2981 2728 3037 dicit
2753 2982 2804 3036 in
2833 2982 2917 3036 die
2945 2981 3002 3034 S.
3036 2979 3252 3035 Pascha:
3289 2980 3494 3050 (Chrys.
3531 2989 3570 3032 t.
3607 2986 3661 3038 5.

2111 3089 2156 3125 c.
2187 3070 2334 3138 559),
2361 3075 2568 3129 clausas
2615 3073 2788 3128 subito
2836 3071 3000 3128 fuisse
3045 3071 3343 3126 Catholieas
3387 3073 3676 3130 ecclesias.

2105 3173 2278 3217 trusos
2306 3164 2356 3216 in
2386 3163 2683 3218 custodiam
2730 3162 3071 3226 sacerdotes,
3113 3162 3294 3216 omnia
3342 3160 3589 3214 bellicum
3624 3163 3678 3214 in

2105 3252 2318 3308 modum
2348 3253 2555 3307 turbata
2583 3252 2830 3324 mysteria
2855 3293 2870 3318 ,
2896 3250 3178 3306 nonnullos
3206 3249 3260 3304 in
3284 3250 3411 3318 ipsis
3439 3251 3682 3305 ecclesia

2104 3344 2350 3398 sacrariis
2373 3344 2716 3414 interemptos
2735 3344 2915 3403 fuisse,
2935 3342 3322 3412 episcOposque
3349 3341 3398 3393 in
3425 3341 3675 3394 exsilium

2108 3435 2305 3502 pulsos.
2349 3433 2404 3487 In
2430 3437 2543 3488 hzec
2573 3443 2748 3488 autem
2772 3434 2860 3487 ille
2889 3431 3284 3487 vehementiore
3309 3431 3468 3500 stylo,
3504 3441 3559 3484 ut
3583 3446 3680 3499 par

2103 3535 2238 3589 erat,
2269 3525 2566 3586 invehitur;
2594 3525 2693 3578 sub
2720 3525 2877 3578 linem
2903 3537 3029 3578 vero
3058 3523 3229 3576 innuit
3259 3521 3672 3589 exSpcctandatn

2107 3616 2270 3670 fuisse
2299 3615 2452 3684 Papa:
2481 3615 2846 3668 auctoritatem
2876 3655 2891 3680 ,
2915 3614 3002 3682 qui
3052 3612 3323 3681 pacificam
3348 3610 3540 3666 Joanni
3567 3614 3681 3680 epi-

2107 3723 2266 3775 seopo
2315 3707 2652 3760 concordiam
2686 3707 2919 3768 miserat,
2978 3719 3075 3758 nec
3114 3717 3432 3773 quemquam
3466 3703 3681 3770 putabat

2107 3811 2228 3852 ante
2247 3798 2501 3867 judicimn
2530 3797 2892 3866 repellendum
2921 3811 3058 3850 esse.
3095 3795 3398 3848 Periculum
3438 3809 3566 3847 vero
3593 3793 3679 3846 di—

2107 3887 2174 3939 cit
2219 3902 2334 3940 esse
2357 3927 2371 3952 ,
2417 3903 2480 3939 ne
2509 3887 2559 3940 id
2591 3888 2640 3940 in
2670 3885 2882 3939 humani
2913 3885 3125 3954 generis
3150 3884 3450 3957 perniciem
3481 3881 3677 3937 factum

2107 3977 2194 4030 sit.

2181 4065 2412 4119 Eudoxio
2437 4065 2660 4132 Augusta
2683 4063 3123 4118 moritura—Nihil
3147 4063 3196 4115 in
3231 4062 3345 4115 aula
3374 4061 3678 4116 Constanti-

2109 4159 2407 4226 nOpolitana
2419 4159 2538 4212 boni
2555 4165 2873 4226 pepererunt
2886 4155 3099 4209 llonorii
3117 4153 3535 4208 literrc.Arcadio
3550 4168 3681 4205 sem-

2107 4264 2200 4317 per
2227 4249 2403 4301 uxoris
2427 4256 2475 4300 et
2508 4249 2795 4300 aulicorum
2819 4254 2993 4313 optata
3024 4253 3276 4313 sequente
3306 4242 3538 4312 (Sozam.
3565 4241 3603 4294 l.
3625 4241 3679 4296 8.

2107 4341 2247 4394 c.25.
2275 4340 2392 4394 Zos.
2423 4341 2460 4391 l.
2490 4339 2568 4406 5).
2601 4337 2798 4391 Verum
2821 4338 2896 4389 ira
2919 4335 3251 4402 vindietaqnc
3278 4333 3451 4412 divina
3479 4333 3679 4396 saeviit,

2107 4447 2132 4481 ιι
2178 4429 2458 4498 multisque
2484 4428 2758 4482 observata
2783 4428 2910 4478 fuit:
2939 4441 3056 4477 nam
3078 4425 3175 4477 hoc
3203 4437 3342 4475 anno
3371 4421 3593 4474 Thracia
3629 4429 3682 4474 et

2108 4519 2369 4587 Illyricum
2407 4517 2472 4569 ab
2502 4515 2704 4569 llunnis
2726 4515 2992 4568 devastata
3031 4512 3208 4566 fuere:
3238 4521 3292 4564 et
3316 4526 3420 4576 qtto
3445 4519 3684 4577 tempore

2104 4610 2332 4662 Joannes
2347 4607 2656 4675 pellebatur,
2684 4607 2977 4659 Isaurorum
2999 4604 3216 4658 rebellio
3227 4599 3679 4666 Ωοηειειιιιὶιιοροιί

2107 4701 2334 4754 nuntiata
2365 4698 2480 4764 fuit,
2519 4699 2605 4766 qui
2631 4699 2680 4750 in
2715 4697 2891 4749 Asiam
2909 4695 3161 4746 Minorem
3180 4693 3300 4755 etin
3320 4691 3521 4761 Syriam
3538 4688 3675 4741 mala

2107 4790 2379 4842 innumera
2411 4788 2650 4842 intulere.
2679 4785 2924 4854 Cyrinus,
2953 4782 3306 4838 Chalcedonis
3351 4780 3629 4848 episcopus
3655 4811 3668 4832 ν

2108 4894 2240 4933 unus
2265 4895 2330 4932 ex
2355 4877 2742 4931 ardentioribus
2769 4874 2986 4928 Joannis
3031 4873 3289 4934 inimicis,
3339 4870 3428 4938 qui
3448 4869 3498 4921 in
3519 4879 3676 4935 caput

2105 4983 2290 5028 suum,
2317 4976 2370 5018 ιιι
2409 4980 2565 5033 supra
2612 4963 2836 5017 vidimus
2866 5004 2880 5023 .
2935 4962 3242 5031 sanguinem
3271 4957 3489 5013 Joannis
3535 4969 3668 5009 con-

2107 5056 2318 5121 tulerat,
2343 5071 2407 5110 ex
2438 5056 2623 5109 dolore
2663 5069 2784 5108 crus
2822 5054 2919 5107 sibi
2951 5051 3186 5106 exscindi
3233 5050 3415 5119 jubere
3453 5054 3678 5100 coactus

2107 5155 2190 5199 est
2213 5187 2228 5211 ,
2269 5154 2325 5197 ut
2351 5154 2532 5214 postea
2563 5145 2611 5197 in
2651 5143 2911 5197 diuturnis
2943 5141 3262 5196 cruciatibus
3291 5139 3431 5192 lente
3464 5138 3681 5205 periret.

2108 5235 2402 5304 'l‘rigcsimo
2422 5235 2507 5288 die
2522 5233 2847 5304 Septembris
2874 5228 3361 5299 Constantinopolis
3383 5237 3436 5281 et
3452 5225 3682 5279 circum-

2107 5327 2275 5396 posita
2316 5327 2461 5395 regio
2501 5327 2756 5396 grandine
2810 5324 3006 5392 ingenti
3037 5322 3229 5376 afﬂicta
3260 5321 3390 5374 fuit:
3435 5327 3488 5372 et
3533 5324 3684 5369 sexto

2107 5416 2348 5470 Octobris
2388 5416 2567 5470 infelix
2600 5415 2832 5470 Eudoxio
2864 5415 2914 5467 in
2943 5413 3129 5467 abortu
3161 5410 3334 5480 periit.
3380 5407 3503 5462 lianc
3531 5404 3682 5459 multi

2107 5509 2452 5562 observavere
2480 5549 2494 5574 ,
2536 5517 2586 5561 et
2616 5507 2707 5559 has
2748 5520 2930 5575 poenas
2947 5505 3016 5558 ob
3038 5504 3282 5572 injustam
3311 5511 3364 5555 et
3393 5499 3682 5552 violentam

2106 5597 2324 5654 Joannis
2379 5598 2740 5668 expulsionetn
2769 5613 2796 5650 a
2831 5597 2936 5651 Deo
2969 5595 3194 5648 inflictas
3227 5603 3475 5662 putavere
3500 5587 3675 5657 (Socr.
