  <div class='ocr_page' id='page_1' title='image "/cluster/home/n/w/nwhite01/storage/ocr_20150623/47/mdp.39015012902212/208.png"; bbox 0 0 4088 6138; ppageno 0'>
   <div class='ocr_carea' id='block_1_1' title="bbox 326 418 2425 510">
    <p class='ocr_par' dir='ltr' id='par_1_1' title="bbox 326 418 2425 510">
     <span class='ocr_line' id='line_1_1' title="bbox 326 418 2425 510; baseline -0.009 -17"><span class='ocrx_word' id='word_1_1' title='bbox 326 449 419 510; x_wconf 57' lang='lat' dir='ltr'><strong>al</strong></span> <span class='ocrx_word' id='word_1_2' title='bbox 1462 438 1466 445; x_wconf 83' lang='lat'><strong><em>&#39;</em></strong></span> <span class='ocrx_word' id='word_1_3' title='bbox 1517 420 1694 476; x_wconf 69' lang='lat' dir='ltr'><strong>NUNC</strong></span> <span class='ocrx_word' id='word_1_4' title='bbox 1736 418 1992 477; x_wconf 72' lang='lat' dir='ltr'><strong>PRIMUM</strong></span> <span class='ocrx_word' id='word_1_5' title='bbox 2032 420 2425 476; x_wconf 77' lang='lat' dir='ltr'><strong>ADORNATA.</strong></span> 
     </span>
    </p>
   </div>
   <div class='ocr_carea' id='block_1_2' title="bbox 330 536 1897 623">
    <p class='ocr_par' dir='ltr' id='par_1_2' title="bbox 330 536 1897 623">
     <span class='ocr_line' id='line_1_2' title="bbox 330 536 1897 623; baseline -0.019 -7"><span class='ocrx_word' id='word_1_6' title='bbox 330 565 365 616; x_wconf 90' lang='lat' dir='ltr'><strong>l.</strong></span> <span class='ocrx_word' id='word_1_7' title='bbox 390 561 444 615; x_wconf 86' lang='lat'><strong>6.</strong></span> <span class='ocrx_word' id='word_1_8' title='bbox 472 574 519 611; x_wconf 74' lang='grc' dir='ltr'><strong>τ.</strong></span> <span class='ocrx_word' id='word_1_9' title='bbox 551 552 675 623; x_wconf 83' lang='grc'><strong>19).</strong></span> <span class='ocrx_word' id='word_1_10' title='bbox 712 548 972 606; x_wconf 84' lang='lat' dir='ltr'><strong>Arcadius</strong></span> <span class='ocrx_word' id='word_1_11' title='bbox 1011 555 1186 599; x_wconf 89' lang='lat' dir='ltr'><strong>tamen</strong></span> <span class='ocrx_word' id='word_1_12' title='bbox 1219 583 1233 609; x_wconf 95' lang='lat'><strong>,</strong></span> <span class='ocrx_word' id='word_1_13' title='bbox 1275 551 1366 596; x_wconf 89' lang='lat' dir='ltr'><strong>aut</strong></span> <span class='ocrx_word' id='word_1_14' title='bbox 1408 539 1583 609; x_wconf 86' lang='lat' dir='ltr'><strong>potius</strong></span> <span class='ocrx_word' id='word_1_15' title='bbox 1620 536 1715 607; x_wconf 86' lang='lat' dir='ltr'><strong>qui</strong></span> <span class='ocrx_word' id='word_1_16' title='bbox 1759 536 1897 589; x_wconf 80' lang='lat' dir='ltr'><strong>illius</strong></span> 
     </span>
    </p>
   </div>
   <div class='ocr_carea' id='block_1_3' title="bbox 330 630 1899 707">
    <p class='ocr_par' dir='ltr' id='par_1_3' title="bbox 330 630 1899 707">
     <span class='ocr_line' id='line_1_3' title="bbox 330 630 1899 707; baseline -0.018 0"><span class='ocrx_word' id='word_1_17' title='bbox 330 648 538 707; x_wconf 84' lang='lat' dir='ltr'><strong>nomine</strong></span> <span class='ocrx_word' id='word_1_18' title='bbox 588 644 767 699; x_wconf 84' lang='lat' dir='ltr'><strong>omnia</strong></span> <span class='ocrx_word' id='word_1_19' title='bbox 808 638 1222 695; x_wconf 88' lang='lat' dir='ltr'><strong>moderabantur</strong></span> <span class='ocrx_word' id='word_1_20' title='bbox 1248 675 1262 700; x_wconf 89' lang='lat'><strong>,</strong></span> <span class='ocrx_word' id='word_1_21' title='bbox 1304 634 1354 687; x_wconf 93' lang='lat' dir='ltr'><strong>in</strong></span> <span class='ocrx_word' id='word_1_22' title='bbox 1400 642 1577 700; x_wconf 69' lang='lat' dir='ltr'><strong>empto</strong></span> <span class='ocrx_word' id='word_1_23' title='bbox 1601 630 1899 699; x_wconf 70' lang='lat' dir='ltr'><strong>perstitere.</strong></span> 
     </span>
    </p>
   </div>
   <div class='ocr_carea' id='block_1_4' title="bbox 392 723 1904 795">
    <p class='ocr_par' dir='ltr' id='par_1_4' title="bbox 392 723 1904 795">
     <span class='ocr_line' id='line_1_4' title="bbox 392 723 1904 795; baseline -0.017 0"><span class='ocrx_word' id='word_1_24' title='bbox 392 737 627 795; x_wconf 80' lang='lat' dir='ltr'><strong>Joannes</strong></span> <span class='ocrx_word' id='word_1_25' title='bbox 647 747 774 789; x_wconf 81' lang='lat' dir='ltr'><strong>vero</strong></span> <span class='ocrx_word' id='word_1_26' title='bbox 795 730 983 786; x_wconf 67' lang='lat' dir='ltr'><strong>Nicaeae</strong></span> <span class='ocrx_word' id='word_1_27' title='bbox 1010 729 1062 782; x_wconf 93' lang='lat' dir='ltr'><strong>in</strong></span> <span class='ocrx_word' id='word_1_28' title='bbox 1088 725 1332 795; x_wconf 76' lang='lat' dir='ltr'><strong>Bithynia</strong></span> <span class='ocrx_word' id='word_1_29' title='bbox 1369 723 1637 791; x_wconf 87' lang='lat' dir='ltr'><strong>aliquanto</strong></span> <span class='ocrx_word' id='word_1_30' title='bbox 1667 730 1904 787; x_wconf 88' lang='lat' dir='ltr'><strong>tempore</strong></span> 
     </span>
    </p>
   </div>
   <div class='ocr_carea' id='block_1_5' title="bbox 331 811 1903 889">
    <p class='ocr_par' dir='ltr' id='par_1_5' title="bbox 331 811 1903 889">
     <span class='ocr_line' id='line_1_5' title="bbox 331 811 1903 889; baseline -0.015 -5"><span class='ocrx_word' id='word_1_31' title='bbox 331 831 577 884; x_wconf 73' lang='lat' dir='ltr'><strong>detentus</strong></span> <span class='ocrx_word' id='word_1_32' title='bbox 604 867 616 889; x_wconf 90' lang='lat'><strong>,</strong></span> <span class='ocrx_word' id='word_1_33' title='bbox 649 839 714 881; x_wconf 87' lang='lat' dir='ltr'><strong>ex</strong></span> <span class='ocrx_word' id='word_1_34' title='bbox 749 822 887 876; x_wconf 89' lang='lat' dir='ltr'><strong>aeris</strong></span> <span class='ocrx_word' id='word_1_35' title='bbox 916 817 1228 874; x_wconf 77' lang='lat' dir='ltr'><strong>salubritate</strong></span> <span class='ocrx_word' id='word_1_36' title='bbox 1252 811 1607 867; x_wconf 86' lang='lat' dir='ltr'><strong>valetudinem</strong></span> <span class='ocrx_word' id='word_1_37' title='bbox 1632 821 1685 864; x_wconf 87' lang='lat' dir='ltr'><strong>et</strong></span> <span class='ocrx_word' id='word_1_38' title='bbox 1709 823 1903 877; x_wconf 86' lang='lat' dir='ltr'><strong>corpo-</strong></span> 
     </span>
    </p>
   </div>
   <div class='ocr_carea' id='block_1_6' title="bbox 330 899 1905 981">
    <p class='ocr_par' dir='ltr' id='par_1_6' title="bbox 330 899 1905 981">
     <span class='ocr_line' id='line_1_6' title="bbox 330 899 1905 981; baseline -0.015 -8"><span class='ocrx_word' id='word_1_39' title='bbox 330 921 399 973; x_wconf 75' lang='lat' dir='ltr'><strong>ris</strong></span> <span class='ocrx_word' id='word_1_40' title='bbox 439 918 604 971; x_wconf 88' lang='lat' dir='ltr'><strong>robur</strong></span> <span class='ocrx_word' id='word_1_41' title='bbox 644 918 1005 981; x_wconf 80' lang='lat' dir='ltr'><strong>consequutus</strong></span> <span class='ocrx_word' id='word_1_42' title='bbox 1037 915 1119 963; x_wconf 84' lang='lat' dir='ltr'><strong>est</strong></span> <span class='ocrx_word' id='word_1_43' title='bbox 1143 946 1163 971; x_wconf 85' lang='lat'><strong>,</strong></span> <span class='ocrx_word' id='word_1_44' title='bbox 1201 914 1259 960; x_wconf 92' lang='lat' dir='ltr'><strong>ut</strong></span> <span class='ocrx_word' id='word_1_45' title='bbox 1288 904 1401 973; x_wconf 87' lang='lat' dir='ltr'><strong>ipse</strong></span> <span class='ocrx_word' id='word_1_46' title='bbox 1424 902 1551 956; x_wconf 84' lang='lat' dir='ltr'><strong>dicit</strong></span> <span class='ocrx_word' id='word_1_47' title='bbox 1586 901 1636 953; x_wconf 92' lang='lat' dir='ltr'><strong>in</strong></span> <span class='ocrx_word' id='word_1_48' title='bbox 1669 899 1905 968; x_wconf 84' lang='lat' dir='ltr'><strong>Epistola</strong></span> 
     </span>
    </p>
   </div>
   <div class='ocr_carea' id='block_1_7' title="bbox 328 991 1903 1075">
    <p class='ocr_par' dir='ltr' id='par_1_7' title="bbox 328 991 1903 1075">
     <span class='ocr_line' id='line_1_7' title="bbox 328 991 1903 1075; baseline -0.015 -11"><span class='ocrx_word' id='word_1_49' title='bbox 328 1010 533 1064; x_wconf 78' lang='lat' dir='ltr'><strong>decima</strong></span> <span class='ocrx_word' id='word_1_50' title='bbox 559 1006 625 1061; x_wconf 91' lang='lat' dir='ltr'><strong>ad</strong></span> <span class='ocrx_word' id='word_1_51' title='bbox 661 1000 1050 1075; x_wconf 83' lang='lat' dir='ltr'><strong>Olympiadem,</strong></span> <span class='ocrx_word' id='word_1_52' title='bbox 1073 1011 1230 1067; x_wconf 87' lang='lat' dir='ltr'><strong>quam</strong></span> <span class='ocrx_word' id='word_1_53' title='bbox 1265 994 1479 1063; x_wconf 80' lang='lat' dir='ltr'><strong>scripsit</strong></span> <span class='ocrx_word' id='word_1_54' title='bbox 1502 991 1757 1061; x_wconf 79' lang='lat' dir='ltr'><strong>postridie</strong></span> <span class='ocrx_word' id='word_1_55' title='bbox 1780 1005 1903 1057; x_wconf 88' lang='lat' dir='ltr'><strong>pro-</strong></span> 
     </span>
    </p>
   </div>
   <div class='ocr_carea' id='block_1_8' title="bbox 330 1080 1908 1157">
    <p class='ocr_par' dir='ltr' id='par_1_8' title="bbox 330 1080 1908 1157">
     <span class='ocr_line' id='line_1_8' title="bbox 330 1080 1908 1157; baseline -0.015 -1"><span class='ocrx_word' id='word_1_56' title='bbox 330 1101 565 1156; x_wconf 83' lang='lat' dir='ltr'><strong>fecturus</strong></span> <span class='ocrx_word' id='word_1_57' title='bbox 591 1097 883 1157; x_wconf 86' lang='lat' dir='ltr'><strong>Cucusum,</strong></span> <span class='ocrx_word' id='word_1_58' title='bbox 910 1090 1083 1145; x_wconf 78' lang='lat' dir='ltr'><strong>exsilii</strong></span> <span class='ocrx_word' id='word_1_59' title='bbox 1113 1089 1310 1142; x_wconf 91' lang='lat' dir='ltr'><strong>locum.</strong></span> <span class='ocrx_word' id='word_1_60' title='bbox 1343 1084 1534 1139; x_wconf 79' lang='lat' dir='ltr'><strong>Milites</strong></span> <span class='ocrx_word' id='word_1_61' title='bbox 1558 1090 1734 1136; x_wconf 90' lang='lat' dir='ltr'><strong>autem</strong></span> <span class='ocrx_word' id='word_1_62' title='bbox 1764 1080 1908 1133; x_wconf 72' lang='lat' dir='ltr'><strong>Prae-</strong></span> 
     </span>
    </p>
   </div>
   <div class='ocr_carea' id='block_1_9' title="bbox 332 1172 1905 1257">
    <p class='ocr_par' dir='ltr' id='par_1_9' title="bbox 332 1172 1905 1257">
     <span class='ocr_line' id='line_1_9' title="bbox 332 1172 1905 1257; baseline -0.013 -15"><span class='ocrx_word' id='word_1_63' title='bbox 332 1190 470 1253; x_wconf 91' lang='lat' dir='ltr'><strong>fecti,</strong></span> <span class='ocrx_word' id='word_1_64' title='bbox 502 1187 594 1257; x_wconf 87' lang='lat' dir='ltr'><strong>qui</strong></span> <span class='ocrx_word' id='word_1_65' title='bbox 620 1186 775 1239; x_wconf 83' lang='lat' dir='ltr'><strong>illum</strong></span> <span class='ocrx_word' id='word_1_66' title='bbox 802 1184 861 1236; x_wconf 85' lang='lat' dir='ltr'><strong>in</strong></span> <span class='ocrx_word' id='word_1_67' title='bbox 883 1180 1127 1236; x_wconf 75' lang='lat' dir='ltr'><strong>exsilium</strong></span> <span class='ocrx_word' id='word_1_68' title='bbox 1154 1176 1446 1237; x_wconf 89' lang='lat' dir='ltr'><strong>ducebant,</strong></span> <span class='ocrx_word' id='word_1_69' title='bbox 1490 1172 1620 1227; x_wconf 87' lang='lat' dir='ltr'><strong>nihil</strong></span> <span class='ocrx_word' id='word_1_70' title='bbox 1650 1186 1754 1225; x_wconf 91' lang='lat' dir='ltr'><strong>non</strong></span> <span class='ocrx_word' id='word_1_71' title='bbox 1779 1184 1905 1238; x_wconf 85' lang='lat' dir='ltr'><strong>age-</strong></span> 
     </span>
    </p>
   </div>
   <div class='ocr_carea' id='block_1_10' title="bbox 333 1260 1906 1333">
    <p class='ocr_par' dir='ltr' id='par_1_10' title="bbox 333 1260 1906 1333">
     <span class='ocr_line' id='line_1_10' title="bbox 333 1260 1906 1333; baseline -0.013 0"><span class='ocrx_word' id='word_1_72' title='bbox 333 1280 459 1333; x_wconf 85' lang='lat' dir='ltr'><strong>bant</strong></span> <span class='ocrx_word' id='word_1_73' title='bbox 486 1288 548 1330; x_wconf 92' lang='lat' dir='ltr'><strong>ut</strong></span> <span class='ocrx_word' id='word_1_74' title='bbox 576 1276 735 1329; x_wconf 82' lang='lat' dir='ltr'><strong>illum</strong></span> <span class='ocrx_word' id='word_1_75' title='bbox 757 1276 1066 1328; x_wconf 85' lang='lat' dir='ltr'><strong>recrearent</strong></span> <span class='ocrx_word' id='word_1_76' title='bbox 1086 1282 1147 1322; x_wconf 90' lang='lat' dir='ltr'><strong>ac</strong></span> <span class='ocrx_word' id='word_1_77' title='bbox 1176 1265 1486 1328; x_wconf 90' lang='lat' dir='ltr'><strong>reﬁcerent,</strong></span> <span class='ocrx_word' id='word_1_78' title='bbox 1516 1263 1719 1331; x_wconf 90' lang='lat' dir='ltr'><strong>ipsique</strong></span> <span class='ocrx_word' id='word_1_79' title='bbox 1748 1260 1906 1321; x_wconf 89' lang='lat' dir='ltr'><strong>etiam</strong></span> 
     </span>
    </p>
   </div>
   <div class='ocr_carea' id='block_1_11' title="bbox 334 1349 1906 1440">
    <p class='ocr_par' dir='ltr' id='par_1_11' title="bbox 334 1349 1906 1440">
     <span class='ocr_line' id='line_1_11' title="bbox 334 1349 1906 1440; baseline -0.015 -16"><span class='ocrx_word' id='word_1_80' title='bbox 334 1369 482 1440; x_wconf 85' lang='lat' dir='ltr'><strong>plura</strong></span> <span class='ocrx_word' id='word_1_81' title='bbox 510 1381 670 1437; x_wconf 85' lang='lat' dir='ltr'><strong>quam</strong></span> <span class='ocrx_word' id='word_1_82' title='bbox 701 1363 862 1418; x_wconf 81' lang='lat' dir='ltr'><strong>vellet</strong></span> <span class='ocrx_word' id='word_1_83' title='bbox 907 1358 1081 1415; x_wconf 81' lang='lat' dir='ltr'><strong>ofﬁcia</strong></span> <span class='ocrx_word' id='word_1_84' title='bbox 1129 1356 1470 1426; x_wconf 64' lang='lat' dir='ltr'><strong>praestabant.</strong></span> <span class='ocrx_word' id='word_1_85' title='bbox 1505 1352 1706 1406; x_wconf 81' lang='lat' dir='ltr'><strong>Rumor</strong></span> <span class='ocrx_word' id='word_1_86' title='bbox 1729 1349 1906 1403; x_wconf 84' lang='lat' dir='ltr'><strong>statim</strong></span> 
     </span>
    </p>
   </div>
   <div class='ocr_carea' id='block_1_12' title="bbox 333 1443 1904 1530">
    <p class='ocr_par' dir='ltr' id='par_1_12' title="bbox 333 1443 1904 1530">
     <span class='ocr_line' id='line_1_12' title="bbox 333 1443 1904 1530; baseline -0.014 -16"><span class='ocrx_word' id='word_1_87' title='bbox 333 1472 552 1530; x_wconf 77' lang='lat' dir='ltr'><strong>sparsus</strong></span> <span class='ocrx_word' id='word_1_88' title='bbox 574 1456 742 1511; x_wconf 88' lang='lat' dir='ltr'><strong>fuerat</strong></span> <span class='ocrx_word' id='word_1_89' title='bbox 775 1457 947 1524; x_wconf 91' lang='lat' dir='ltr'><strong>ipsum</strong></span> <span class='ocrx_word' id='word_1_90' title='bbox 970 1452 1022 1505; x_wconf 92' lang='lat' dir='ltr'><strong>in</strong></span> <span class='ocrx_word' id='word_1_91' title='bbox 1050 1449 1324 1520; x_wconf 86' lang='lat' dir='ltr'><strong>Scythiam</strong></span> <span class='ocrx_word' id='word_1_92' title='bbox 1353 1443 1740 1514; x_wconf 81' lang='lat' dir='ltr'><strong>deportandum</strong></span> <span class='ocrx_word' id='word_1_93' title='bbox 1766 1455 1904 1495; x_wconf 83' lang='lat' dir='ltr'><strong>esse.</strong></span> 
     </span>
    </p>
   </div>
   <div class='ocr_carea' id='block_1_13' title="bbox 339 1531 1906 1603">
    <p class='ocr_par' dir='ltr' id='par_1_13' title="bbox 339 1531 1906 1603">
     <span class='ocr_line' id='line_1_13' title="bbox 339 1531 1906 1603; baseline -0.014 0"><span class='ocrx_word' id='word_1_94' title='bbox 339 1550 525 1603; x_wconf 78' lang='lat' dir='ltr'><strong>Primo</strong></span> <span class='ocrx_word' id='word_1_95' title='bbox 552 1554 804 1599; x_wconf 89' lang='lat' dir='ltr'><strong>statutum</strong></span> <span class='ocrx_word' id='word_1_96' title='bbox 848 1541 1015 1595; x_wconf 86' lang='lat' dir='ltr'><strong>fuisse</strong></span> <span class='ocrx_word' id='word_1_97' title='bbox 1041 1539 1246 1593; x_wconf 86' lang='lat' dir='ltr'><strong>videtur</strong></span> <span class='ocrx_word' id='word_1_98' title='bbox 1288 1537 1340 1590; x_wconf 92' lang='lat' dir='ltr'><strong>in</strong></span> <span class='ocrx_word' id='word_1_99' title='bbox 1382 1533 1723 1602; x_wconf 86' lang='lat' dir='ltr'><strong>imperatoria</strong></span> <span class='ocrx_word' id='word_1_100' title='bbox 1765 1531 1906 1596; x_wconf 85' lang='lat' dir='ltr'><strong>aula,</strong></span> 
     </span>
    </p>
   </div>
   <div class='ocr_carea' id='block_1_14' title="bbox 332 1622 1932 1703">
    <p class='ocr_par' dir='ltr' id='par_1_14' title="bbox 332 1622 1932 1703">
     <span class='ocr_line' id='line_1_14' title="bbox 332 1622 1932 1703; baseline -0.014 -10"><span class='ocrx_word' id='word_1_101' title='bbox 332 1637 463 1693; x_wconf 81' lang='lat' dir='ltr'><strong>dicit</strong></span> <span class='ocrx_word' id='word_1_102' title='bbox 501 1636 594 1691; x_wconf 88' lang='lat' dir='ltr'><strong>ille</strong></span> <span class='ocrx_word' id='word_1_103' title='bbox 630 1635 681 1689; x_wconf 93' lang='lat' dir='ltr'><strong>in</strong></span> <span class='ocrx_word' id='word_1_104' title='bbox 710 1631 943 1703; x_wconf 80' lang='lat' dir='ltr'><strong>Epistola</strong></span> <span class='ocrx_word' id='word_1_105' title='bbox 982 1629 1189 1683; x_wconf 88' lang='lat' dir='ltr'><strong>decima</strong></span> <span class='ocrx_word' id='word_1_106' title='bbox 1233 1626 1421 1689; x_wconf 89' lang='lat' dir='ltr'><strong>tertia,</strong></span> <span class='ocrx_word' id='word_1_107' title='bbox 1458 1633 1515 1677; x_wconf 90' lang='lat' dir='ltr'><strong>ut</strong></span> <span class='ocrx_word' id='word_1_108' title='bbox 1557 1622 1864 1677; x_wconf 88' lang='lat' dir='ltr'><strong>Sebasteam</strong></span> <span class='ocrx_word' id='word_1_109' title='bbox 1891 1635 1932 1682; x_wconf 92' lang='grc'><strong>,·</strong></span> 
     </span>
    </p>
   </div>
   <div class='ocr_carea' id='block_1_15' title="bbox 339 1711 1911 1787">
    <p class='ocr_par' dir='ltr' id='par_1_15' title="bbox 339 1711 1911 1787">
     <span class='ocr_line' id='line_1_15' title="bbox 339 1711 1911 1787; baseline -0.013 -5"><span class='ocrx_word' id='word_1_110' title='bbox 339 1726 605 1782; x_wconf 79' lang='lat' dir='ltr'><strong>Armenite</strong></span> <span class='ocrx_word' id='word_1_111' title='bbox 624 1723 834 1787; x_wconf 86' lang='lat' dir='ltr'><strong>urbem,</strong></span> <span class='ocrx_word' id='word_1_112' title='bbox 859 1720 1160 1776; x_wconf 83' lang='lat' dir='ltr'><strong>exsulatum</strong></span> <span class='ocrx_word' id='word_1_113' title='bbox 1190 1716 1522 1770; x_wconf 84' lang='lat' dir='ltr'><strong>mitteretur:</strong></span> <span class='ocrx_word' id='word_1_114' title='bbox 1555 1711 1676 1773; x_wconf 86' lang='lat' dir='ltr'><strong>sed,</strong></span> <span class='ocrx_word' id='word_1_115' title='bbox 1710 1717 1911 1763; x_wconf 89' lang='lat' dir='ltr'><strong>mutato</strong></span> 
     </span>
    </p>
   </div>
   <div class='ocr_carea' id='block_1_16' title="bbox 334 1798 1912 1882">
    <p class='ocr_par' dir='ltr' id='par_1_16' title="bbox 334 1798 1912 1882">
     <span class='ocr_line' id='line_1_16' title="bbox 334 1798 1912 1882; baseline -0.015 -9"><span class='ocrx_word' id='word_1_116' title='bbox 334 1817 560 1873; x_wconf 78' lang='lat' dir='ltr'><strong>consilio</strong></span> <span class='ocrx_word' id='word_1_117' title='bbox 583 1857 598 1882; x_wconf 88' lang='lat'><strong>,</strong></span> <span class='ocrx_word' id='word_1_118' title='bbox 639 1814 902 1870; x_wconf 90' lang='lat' dir='ltr'><strong>Cucusum</strong></span> <span class='ocrx_word' id='word_1_119' title='bbox 929 1809 1121 1864; x_wconf 88' lang='lat' dir='ltr'><strong>missus</strong></span> <span class='ocrx_word' id='word_1_120' title='bbox 1159 1816 1243 1861; x_wconf 90' lang='lat' dir='ltr'><strong>est</strong></span> <span class='ocrx_word' id='word_1_121' title='bbox 1261 1847 1275 1871; x_wconf 89' lang='lat'><strong>,</strong></span> <span class='ocrx_word' id='word_1_122' title='bbox 1323 1807 1497 1858; x_wconf 89' lang='lat' dir='ltr'><strong>loenm</strong></span> <span class='ocrx_word' id='word_1_123' title='bbox 1525 1801 1791 1855; x_wconf 77' lang='lat' dir='ltr'><strong>Armenite</strong></span> <span class='ocrx_word' id='word_1_124' title='bbox 1820 1798 1912 1852; x_wconf 91' lang='lat' dir='ltr'><strong>de-</strong></span> 
     </span>
    </p>
   </div>
   <div class='ocr_carea' id='block_1_17' title="bbox 334 1892 1911 1972">
    <p class='ocr_par' dir='ltr' id='par_1_17' title="bbox 334 1892 1911 1972">
     <span class='ocr_line' id='line_1_17' title="bbox 334 1892 1911 1972; baseline -0.013 -9"><span class='ocrx_word' id='word_1_125' title='bbox 334 1907 711 1963; x_wconf 78' lang='lat' dir='ltr'><strong>sertissimum.</strong></span> <span class='ocrx_word' id='word_1_126' title='bbox 747 1902 865 1972; x_wconf 85' lang='lat' dir='ltr'><strong>Ipse</strong></span> <span class='ocrx_word' id='word_1_127' title='bbox 891 1914 1019 1955; x_wconf 88' lang='lat' dir='ltr'><strong>vero</strong></span> <span class='ocrx_word' id='word_1_128' title='bbox 1058 1898 1351 1952; x_wconf 77' lang='lat' dir='ltr'><strong>amicorum</strong></span> <span class='ocrx_word' id='word_1_129' title='bbox 1385 1892 1669 1947; x_wconf 89' lang='lat' dir='ltr'><strong>multorum</strong></span> <span class='ocrx_word' id='word_1_130' title='bbox 1696 1903 1911 1959; x_wconf 86' lang='lat' dir='ltr'><strong>operam</strong></span> 
     </span>
    </p>
   </div>
   <div class='ocr_carea' id='block_1_18' title="bbox 334 1982 1910 2064">
    <p class='ocr_par' dir='ltr' id='par_1_18' title="bbox 334 1982 1910 2064">
     <span class='ocr_line' id='line_1_18' title="bbox 334 1982 1910 2064; baseline -0.014 -10"><span class='ocrx_word' id='word_1_131' title='bbox 334 2000 688 2064; x_wconf 80' lang='lat' dir='ltr'><strong>adhibuerat,</strong></span> <span class='ocrx_word' id='word_1_132' title='bbox 735 1996 865 2051; x_wconf 86' lang='lat' dir='ltr'><strong>utin</strong></span> <span class='ocrx_word' id='word_1_133' title='bbox 888 1993 1153 2049; x_wconf 85' lang='lat' dir='ltr'><strong>mitiorem</strong></span> <span class='ocrx_word' id='word_1_134' title='bbox 1189 1997 1243 2043; x_wconf 90' lang='lat' dir='ltr'><strong>et</strong></span> <span class='ocrx_word' id='word_1_135' title='bbox 1278 1983 1708 2057; x_wconf 88' lang='lat' dir='ltr'><strong>propinquiorem</strong></span> <span class='ocrx_word' id='word_1_136' title='bbox 1738 1982 1910 2035; x_wconf 85' lang='lat' dir='ltr'><strong>locum</strong></span> 
     </span>
    </p>
   </div>
   <div class='ocr_carea' id='block_1_19' title="bbox 331 2073 1909 2150">
    <p class='ocr_par' dir='ltr' id='par_1_19' title="bbox 331 2073 1909 2150">
     <span class='ocr_line' id='line_1_19' title="bbox 331 2073 1909 2150; baseline -0.015 -5"><span class='ocrx_word' id='word_1_137' title='bbox 331 2091 653 2144; x_wconf 72' lang='lat' dir='ltr'><strong>mitteretur.</strong></span> <span class='ocrx_word' id='word_1_138' title='bbox 683 2085 902 2150; x_wconf 75' lang='lat' dir='ltr'><strong>Verum,</strong></span> <span class='ocrx_word' id='word_1_139' title='bbox 927 2096 1024 2136; x_wconf 88' lang='lat' dir='ltr'><strong>nec</strong></span> <span class='ocrx_word' id='word_1_140' title='bbox 1050 2081 1165 2134; x_wconf 89' lang='lat' dir='ltr'><strong>sine</strong></span> <span class='ocrx_word' id='word_1_141' title='bbox 1189 2076 1426 2148; x_wconf 87' lang='lat' dir='ltr'><strong>querela,</strong></span> <span class='ocrx_word' id='word_1_142' title='bbox 1455 2074 1584 2129; x_wconf 89' lang='lat' dir='ltr'><strong>dicit</strong></span> <span class='ocrx_word' id='word_1_143' title='bbox 1604 2073 1747 2142; x_wconf 87' lang='lat' dir='ltr'><strong>ipsos</strong></span> <span class='ocrx_word' id='word_1_144' title='bbox 1775 2085 1909 2133; x_wconf 91' lang='lat' dir='ltr'><strong>rem,</strong></span> 
     </span>
    </p>
   </div>
   <div class='ocr_carea' id='block_1_20' title="bbox 330 2158 1909 2248">
    <p class='ocr_par' dir='ltr' id='par_1_20' title="bbox 330 2158 1909 2248">
     <span class='ocr_line' id='line_1_20' title="bbox 330 2158 1909 2248; baseline -0.015 -14"><span class='ocrx_word' id='word_1_145' title='bbox 330 2193 492 2248; x_wconf 84' lang='lat' dir='ltr'><strong>quam</strong></span> <span class='ocrx_word' id='word_1_146' title='bbox 523 2174 767 2231; x_wconf 87' lang='lat' dir='ltr'><strong>scelerati</strong></span> <span class='ocrx_word' id='word_1_147' title='bbox 794 2174 959 2235; x_wconf 80' lang='lat' dir='ltr'><strong>etiam</strong></span> <span class='ocrx_word' id='word_1_148' title='bbox 996 2168 1244 2224; x_wconf 83' lang='lat' dir='ltr'><strong>homines</strong></span> <span class='ocrx_word' id='word_1_149' title='bbox 1281 2167 1566 2233; x_wconf 84' lang='lat' dir='ltr'><strong>impetrant</strong></span> <span class='ocrx_word' id='word_1_150' title='bbox 1597 2203 1610 2227; x_wconf 92' lang='lat'><strong>,</strong></span> <span class='ocrx_word' id='word_1_151' title='bbox 1652 2158 1909 2228; x_wconf 90' lang='lat' dir='ltr'><strong>consequi</strong></span> 
     </span>
    </p>
   </div>
   <div class='ocr_carea' id='block_1_21' title="bbox 333 2248 1913 2336">
    <p class='ocr_par' dir='ltr' id='par_1_21' title="bbox 333 2248 1913 2336">
     <span class='ocr_line' id='line_1_21' title="bbox 333 2248 1913 2336; baseline -0.014 -14"><span class='ocrx_word' id='word_1_152' title='bbox 333 2282 442 2322; x_wconf 78' lang='lat' dir='ltr'><strong>non</strong></span> <span class='ocrx_word' id='word_1_153' title='bbox 471 2265 729 2336; x_wconf 88' lang='lat' dir='ltr'><strong>potuisse.</strong></span> <span class='ocrx_word' id='word_1_154' title='bbox 773 2261 1162 2330; x_wconf 83' lang='lat' dir='ltr'><strong>lmperatriccm</strong></span> <span class='ocrx_word' id='word_1_155' title='bbox 1187 2270 1315 2309; x_wconf 87' lang='lat' dir='ltr'><strong>vero</strong></span> <span class='ocrx_word' id='word_1_156' title='bbox 1344 2253 1637 2309; x_wconf 86' lang='lat' dir='ltr'><strong>Eudoxiam</strong></span> <span class='ocrx_word' id='word_1_157' title='bbox 1656 2265 1714 2304; x_wconf 89' lang='lat' dir='ltr'><strong>se</strong></span> <span class='ocrx_word' id='word_1_158' title='bbox 1737 2248 1913 2303; x_wconf 63' lang='lat' dir='ltr'><strong>Cucu-</strong></span> 
     </span>
    </p>
   </div>
   <div class='ocr_carea' id='block_1_22' title="bbox 327 2340 1915 2424">
    <p class='ocr_par' dir='ltr' id='par_1_22' title="bbox 327 2340 1915 2424">
     <span class='ocr_line' id='line_1_22' title="bbox 327 2340 1915 2424; baseline -0.013 -11"><span class='ocrx_word' id='word_1_159' title='bbox 327 2353 868 2424; x_wconf 80' lang='lat' dir='ltr'><strong>summittijussisse</strong></span> <span class='ocrx_word' id='word_1_160' title='bbox 913 2350 1043 2405; x_wconf 84' lang='lat' dir='ltr'><strong>dicit</strong></span> <span class='ocrx_word' id='word_1_161' title='bbox 1083 2348 1143 2402; x_wconf 67' lang='lat' dir='ltr'><strong>in,</strong></span> <span class='ocrx_word' id='word_1_162' title='bbox 1180 2345 1410 2415; x_wconf 81' lang='lat' dir='ltr'><strong>Epistola</strong></span> <span class='ocrx_word' id='word_1_163' title='bbox 1470 2344 1570 2398; x_wconf 76' lang='lat' dir='ltr'><strong>l55</strong></span> <span class='ocrx_word' id='word_1_164' title='bbox 1621 2341 1687 2395; x_wconf 90' lang='lat' dir='ltr'><strong>ad</strong></span> <span class='ocrx_word' id='word_1_165' title='bbox 1733 2340 1915 2410; x_wconf 85' lang='lat' dir='ltr'><strong>Cyria-</strong></span> 
     </span>
    </p>
   </div>
   <div class='ocr_carea' id='block_1_23' title="bbox 332 2463 483 2502">
    <p class='ocr_par' dir='ltr' id='par_1_23' title="bbox 332 2463 483 2502">
     <span class='ocr_line' id='line_1_23' title="bbox 332 2463 483 2502; baseline -0.013 0"><span class='ocrx_word' id='word_1_166' title='bbox 332 2463 483 2502; x_wconf 82' lang='lat' dir='ltr'><strong>cum.</strong></span> 
     </span>
    </p>
   </div>
   <div class='ocr_carea' id='block_1_24' title="bbox 406 2524 1910 2607">
    <p class='ocr_par' dir='ltr' id='par_1_24' title="bbox 406 2524 1910 2607">
     <span class='ocr_line' id='line_1_24' title="bbox 406 2524 1910 2607; baseline -0.012 -15"><span class='ocrx_word' id='word_1_167' title='bbox 406 2534 711 2607; x_wconf 83' lang='lat' dir='ltr'><strong>insequenti</strong></span> <span class='ocrx_word' id='word_1_168' title='bbox 739 2535 900 2604; x_wconf 81' lang='lat' dir='ltr'><strong>igitur</strong></span> <span class='ocrx_word' id='word_1_169' title='bbox 926 2531 1013 2587; x_wconf 85' lang='lat' dir='ltr'><strong>die</strong></span> <span class='ocrx_word' id='word_1_170' title='bbox 1040 2529 1452 2601; x_wconf 85' lang='lat' dir='ltr'><strong>Chrysostomus</strong></span> <span class='ocrx_word' id='word_1_171' title='bbox 1470 2567 1486 2591; x_wconf 95' lang='lat'><strong>,</strong></span> <span class='ocrx_word' id='word_1_172' title='bbox 1515 2524 1730 2579; x_wconf 85' lang='lat' dir='ltr'><strong>Panemi</strong></span> <span class='ocrx_word' id='word_1_173' title='bbox 1759 2538 1910 2575; x_wconf 83' lang='lat' dir='ltr'><strong>men-</strong></span> 
     </span>
    </p>
   </div>
   <div class='ocr_carea' id='block_1_25' title="bbox 329 2612 1910 2697">
    <p class='ocr_par' dir='ltr' id='par_1_25' title="bbox 329 2612 1910 2697">
     <span class='ocr_line' id='line_1_25' title="bbox 329 2612 1910 2697; baseline -0.01 -16"><span class='ocrx_word' id='word_1_174' title='bbox 329 2630 408 2681; x_wconf 82' lang='lat' dir='ltr'><strong>sis</strong></span> <span class='ocrx_word' id='word_1_175' title='bbox 426 2635 635 2697; x_wconf 86' lang='lat' dir='ltr'><strong>quarto,</strong></span> <span class='ocrx_word' id='word_1_176' title='bbox 648 2625 739 2695; x_wconf 87' lang='lat' dir='ltr'><strong>qui</strong></span> <span class='ocrx_word' id='word_1_177' title='bbox 763 2623 958 2677; x_wconf 84' lang='lat' dir='ltr'><strong>mensis</strong></span> <span class='ocrx_word' id='word_1_178' title='bbox 976 2617 1424 2675; x_wconf 82' lang='lat' dir='ltr'><strong>PanemosJulius</strong></span> <span class='ocrx_word' id='word_1_179' title='bbox 1444 2624 1526 2673; x_wconf 88' lang='lat' dir='ltr'><strong>est</strong></span> <span class='ocrx_word' id='word_1_180' title='bbox 1552 2614 1744 2684; x_wconf 76' lang='lat' dir='ltr'><strong>(Epist,</strong></span> <span class='ocrx_word' id='word_1_181' title='bbox 1758 2612 1910 2681; x_wconf 65' lang='grc'><strong>221),</strong></span> 
     </span>
    </p>
   </div>
   <div class='ocr_carea' id='block_1_26' title="bbox 331 2702 1914 2783">
    <p class='ocr_par' dir='ltr' id='par_1_26' title="bbox 331 2702 1914 2783">
     <span class='ocr_line' id='line_1_26' title="bbox 331 2702 1914 2783; baseline -0.01 -13"><span class='ocrx_word' id='word_1_182' title='bbox 331 2729 391 2772; x_wconf 86' lang='lat' dir='ltr'><strong>ut</strong></span> <span class='ocrx_word' id='word_1_183' title='bbox 422 2717 604 2771; x_wconf 89' lang='lat' dir='ltr'><strong>videas</strong></span> <span class='ocrx_word' id='word_1_184' title='bbox 630 2714 775 2783; x_wconf 80' lang='lat' dir='ltr'><strong>apud</strong></span> <span class='ocrx_word' id='word_1_185' title='bbox 797 2712 1029 2768; x_wconf 85' lang='lat' dir='ltr'><strong>Selidam</strong></span> <span class='ocrx_word' id='word_1_186' title='bbox 1056 2720 1112 2766; x_wconf 91' lang='lat' dir='ltr'><strong>et</strong></span> <span class='ocrx_word' id='word_1_187' title='bbox 1138 2709 1434 2768; x_wconf 89' lang='lat' dir='ltr'><strong>Usserium,</strong></span> <span class='ocrx_word' id='word_1_188' title='bbox 1461 2705 1634 2760; x_wconf 76' lang='lat' dir='ltr'><strong>Nictra</strong></span> <span class='ocrx_word' id='word_1_189' title='bbox 1658 2706 1708 2758; x_wconf 92' lang='lat' dir='ltr'><strong>in</strong></span> <span class='ocrx_word' id='word_1_190' title='bbox 1727 2702 1914 2771; x_wconf 86' lang='lat' dir='ltr'><strong>Bithy-</strong></span> 
     </span>
    </p>
   </div>
   <div class='ocr_carea' id='block_1_27' title="bbox 332 2792 1915 2873">
    <p class='ocr_par' dir='ltr' id='par_1_27' title="bbox 332 2792 1915 2873">
     <span class='ocr_line' id='line_1_27' title="bbox 332 2792 1915 2873; baseline -0.009 -11"><span class='ocrx_word' id='word_1_191' title='bbox 332 2809 429 2862; x_wconf 77' lang='lat' dir='ltr'><strong>nia</strong></span> <span class='ocrx_word' id='word_1_192' title='bbox 452 2806 722 2873; x_wconf 86' lang='lat' dir='ltr'><strong>profectus</strong></span> <span class='ocrx_word' id='word_1_193' title='bbox 743 2812 846 2858; x_wconf 91' lang='lat' dir='ltr'><strong>est.</strong></span> <span class='ocrx_word' id='word_1_194' title='bbox 878 2802 1188 2870; x_wconf 88' lang='lat' dir='ltr'><strong>Eodemque</strong></span> <span class='ocrx_word' id='word_1_195' title='bbox 1207 2799 1294 2853; x_wconf 86' lang='lat' dir='ltr'><strong>die</strong></span> <span class='ocrx_word' id='word_1_196' title='bbox 1315 2797 1592 2867; x_wconf 87' lang='lat' dir='ltr'><strong>epistolam</strong></span> <span class='ocrx_word' id='word_1_197' title='bbox 1609 2794 1821 2864; x_wconf 55' lang='lat' dir='ltr'><strong>scripsit</strong></span> <span class='ocrx_word' id='word_1_198' title='bbox 1846 2792 1915 2847; x_wconf 86' lang='lat' dir='ltr'><strong>ad</strong></span> 
     </span>
    </p>
   </div>
   <div class='ocr_carea' id='block_1_28' title="bbox 329 2885 1911 2963">
    <p class='ocr_par' dir='ltr' id='par_1_28' title="bbox 329 2885 1911 2963">
     <span class='ocr_line' id='line_1_28' title="bbox 329 2885 1911 2963; baseline -0.01 -14"><span class='ocrx_word' id='word_1_199' title='bbox 329 2895 706 2951; x_wconf 81' lang='lat' dir='ltr'><strong>Constantium</strong></span> <span class='ocrx_word' id='word_1_200' title='bbox 734 2893 1123 2963; x_wconf 79' lang='lat' dir='ltr'><strong>presbyterum,</strong></span> <span class='ocrx_word' id='word_1_201' title='bbox 1153 2889 1441 2942; x_wconf 88' lang='lat' dir='ltr'><strong>cohortans</strong></span> <span class='ocrx_word' id='word_1_202' title='bbox 1481 2885 1629 2955; x_wconf 86' lang='lat' dir='ltr'><strong>illum</strong></span> <span class='ocrx_word' id='word_1_203' title='bbox 1670 2895 1723 2937; x_wconf 89' lang='grc' dir='ltr'><strong>ιιι</strong></span> <span class='ocrx_word' id='word_1_204' title='bbox 1752 2897 1819 2936; x_wconf 89' lang='lat' dir='ltr'><strong>ne</strong></span> <span class='ocrx_word' id='word_1_205' title='bbox 1846 2896 1911 2934; x_wconf 81' lang='lat' dir='ltr'><strong>ex</strong></span> 
     </span>
    </p>
   </div>
   <div class='ocr_carea' id='block_1_29' title="bbox 332 2968 1915 3054">
    <p class='ocr_par' dir='ltr' id='par_1_29' title="bbox 332 2968 1915 3054">
     <span class='ocr_line' id='line_1_29' title="bbox 332 2968 1915 3054; baseline -0.011 -15"><span class='ocrx_word' id='word_1_206' title='bbox 332 2982 616 3054; x_wconf 56' lang='lat' dir='ltr'><strong>praemis</strong></span> <span class='ocrx_word' id='word_1_207' title='bbox 643 2980 891 3050; x_wconf 69' lang='lat' dir='ltr'><strong>procella:</strong></span> <span class='ocrx_word' id='word_1_208' title='bbox 920 2984 1233 3046; x_wconf 87' lang='lat' dir='ltr'><strong>tempestate</strong></span> <span class='ocrx_word' id='word_1_209' title='bbox 1261 2982 1601 3028; x_wconf 84' lang='lat' dir='ltr'><strong>amoveretur</strong></span> <span class='ocrx_word' id='word_1_210' title='bbox 1630 2970 1697 3023; x_wconf 89' lang='lat' dir='ltr'><strong>ab</strong></span> <span class='ocrx_word' id='word_1_211' title='bbox 1740 2968 1915 3023; x_wconf 87' lang='lat' dir='ltr'><strong>officio</strong></span> 
     </span>
    </p>
   </div>
   <div class='ocr_carea' id='block_1_30' title="bbox 331 3059 1915 3142">
    <p class='ocr_par' dir='ltr' id='par_1_30' title="bbox 331 3059 1915 3142">
     <span class='ocr_line' id='line_1_30' title="bbox 331 3059 1915 3142; baseline -0.011 -13"><span class='ocrx_word' id='word_1_212' title='bbox 331 3084 391 3129; x_wconf 82' lang='lat' dir='ltr'><strong>et</strong></span> <span class='ocrx_word' id='word_1_213' title='bbox 417 3088 448 3128; x_wconf 90' lang='lat' dir='ltr'><strong>a</strong></span> <span class='ocrx_word' id='word_1_214' title='bbox 473 3088 535 3128; x_wconf 94' lang='lat' dir='ltr'><strong>re</strong></span> <span class='ocrx_word' id='word_1_215' title='bbox 561 3080 805 3142; x_wconf 87' lang='lat' dir='ltr'><strong>suscepta</strong></span> <span class='ocrx_word' id='word_1_216' title='bbox 829 3109 846 3136; x_wconf 92' lang='lat'><strong>,</strong></span> <span class='ocrx_word' id='word_1_217' title='bbox 877 3068 969 3124; x_wconf 87' lang='lat' dir='ltr'><strong>sed</strong></span> <span class='ocrx_word' id='word_1_218' title='bbox 1009 3082 1107 3138; x_wconf 91' lang='lat' dir='ltr'><strong>pro</strong></span> <span class='ocrx_word' id='word_1_219' title='bbox 1128 3080 1274 3120; x_wconf 82' lang='lat' dir='ltr'><strong>more</strong></span> <span class='ocrx_word' id='word_1_220' title='bbox 1303 3079 1401 3119; x_wconf 89' lang='lat' dir='ltr'><strong>suo</strong></span> <span class='ocrx_word' id='word_1_221' title='bbox 1428 3077 1521 3117; x_wconf 88' lang='lat' dir='ltr'><strong>eos</strong></span> <span class='ocrx_word' id='word_1_222' title='bbox 1548 3101 1560 3127; x_wconf 92' lang='lat'><strong>,</strong></span> <span class='ocrx_word' id='word_1_223' title='bbox 1606 3061 1693 3130; x_wconf 87' lang='lat' dir='ltr'><strong>qui</strong></span> <span class='ocrx_word' id='word_1_224' title='bbox 1741 3059 1915 3113; x_wconf 87' lang='lat' dir='ltr'><strong>adhuc</strong></span> 
     </span>
    </p>
   </div>
   <div class='ocr_carea' id='block_1_31' title="bbox 332 3151 1911 3230">
    <p class='ocr_par' dir='ltr' id='par_1_31' title="bbox 332 3151 1911 3230">
     <span class='ocr_line' id='line_1_31' title="bbox 332 3151 1911 3230; baseline -0.012 -10"><span class='ocrx_word' id='word_1_225' title='bbox 332 3164 646 3220; x_wconf 66' lang='lat' dir='ltr'><strong>Graecorum</strong></span> <span class='ocrx_word' id='word_1_226' title='bbox 670 3158 1053 3230; x_wconf 87' lang='lat' dir='ltr'><strong>superstitioni,</strong></span> <span class='ocrx_word' id='word_1_227' title='bbox 1081 3172 1175 3212; x_wconf 90' lang='lat' dir='ltr'><strong>seu</strong></span> <span class='ocrx_word' id='word_1_228' title='bbox 1196 3153 1526 3218; x_wconf 70' lang='lat' dir='ltr'><strong>idololatriae,</strong></span> <span class='ocrx_word' id='word_1_229' title='bbox 1550 3151 1713 3206; x_wconf 85' lang='lat' dir='ltr'><strong>dediti</strong></span> <span class='ocrx_word' id='word_1_230' title='bbox 1738 3158 1911 3212; x_wconf 88' lang='lat' dir='ltr'><strong>erant,</strong></span> 
     </span>
    </p>
   </div>
   <div class='ocr_carea' id='block_1_32' title="bbox 331 3240 1912 3313">
    <p class='ocr_par' dir='ltr' id='par_1_32' title="bbox 331 3240 1912 3313">
     <span class='ocr_line' id='line_1_32' title="bbox 331 3240 1912 3313; baseline -0.012 -4"><span class='ocrx_word' id='word_1_231' title='bbox 331 3256 405 3311; x_wconf 84' lang='lat' dir='ltr'><strong>ad</strong></span> <span class='ocrx_word' id='word_1_232' title='bbox 432 3254 591 3309; x_wconf 89' lang='lat' dir='ltr'><strong>ﬁdem</strong></span> <span class='ocrx_word' id='word_1_233' title='bbox 607 3250 956 3306; x_wconf 84' lang='lat' dir='ltr'><strong>Christianam</strong></span> <span class='ocrx_word' id='word_1_234' title='bbox 982 3258 1293 3305; x_wconf 86' lang='lat' dir='ltr'><strong>convertere</strong></span> <span class='ocrx_word' id='word_1_235' title='bbox 1325 3252 1585 3313; x_wconf 78' lang='lat' dir='ltr'><strong>pergeret,</strong></span> <span class='ocrx_word' id='word_1_236' title='bbox 1615 3251 1668 3296; x_wconf 89' lang='lat' dir='ltr'><strong>et</strong></span> <span class='ocrx_word' id='word_1_237' title='bbox 1698 3240 1912 3310; x_wconf 86' lang='lat' dir='ltr'><strong>impiam</strong></span> 
     </span>
    </p>
   </div>
   <div class='ocr_carea' id='block_1_33' title="bbox 334 3331 1918 3413">
    <p class='ocr_par' dir='ltr' id='par_1_33' title="bbox 334 3331 1918 3413">
     <span class='ocr_line' id='line_1_33' title="bbox 334 3331 1918 3413; baseline -0.01 -14"><span class='ocrx_word' id='word_1_238' title='bbox 334 3344 648 3413; x_wconf 77' lang='lat' dir='ltr'><strong>religionem</strong></span> <span class='ocrx_word' id='word_1_239' title='bbox 668 3341 1066 3403; x_wconf 81' lang='lat' dir='ltr'><strong>exterminaret,</strong></span> <span class='ocrx_word' id='word_1_240' title='bbox 1094 3349 1251 3407; x_wconf 88' lang='lat' dir='ltr'><strong>atque</strong></span> <span class='ocrx_word' id='word_1_241' title='bbox 1279 3334 1594 3399; x_wconf 73' lang='lat' dir='ltr'><strong>Phtnnicite,</strong></span> <span class='ocrx_word' id='word_1_242' title='bbox 1626 3331 1835 3385; x_wconf 72' lang='lat' dir='ltr'><strong>Arabia:</strong></span> <span class='ocrx_word' id='word_1_243' title='bbox 1863 3339 1918 3383; x_wconf 82' lang='lat' dir='ltr'><strong>et</strong></span> 
     </span>
    </p>
   </div>
   <div class='ocr_carea' id='block_1_34' title="bbox 331 3425 1913 3497">
    <p class='ocr_par' dir='ltr' id='par_1_34' title="bbox 331 3425 1913 3497">
     <span class='ocr_line' id='line_1_34' title="bbox 331 3425 1913 3497; baseline -0.01 -8"><span class='ocrx_word' id='word_1_244' title='bbox 331 3435 573 3489; x_wconf 83' lang='lat' dir='ltr'><strong>Orientis</strong></span> <span class='ocrx_word' id='word_1_245' title='bbox 595 3432 948 3486; x_wconf 84' lang='lat' dir='ltr'><strong>Ecclesiarum</strong></span> <span class='ocrx_word' id='word_1_246' title='bbox 976 3444 1156 3484; x_wconf 89' lang='lat' dir='ltr'><strong>curam</strong></span> <span class='ocrx_word' id='word_1_247' title='bbox 1177 3436 1388 3497; x_wconf 80' lang='lat' dir='ltr'><strong>gereret</strong></span> <span class='ocrx_word' id='word_1_248' title='bbox 1415 3443 1429 3478; x_wconf 88' lang='lat'>:</span> <span class='ocrx_word' id='word_1_249' title='bbox 1459 3425 1690 3493; x_wconf 88' lang='lat' dir='ltr'><strong>dicitque</strong></span> <span class='ocrx_word' id='word_1_250' title='bbox 1725 3438 1784 3477; x_wconf 89' lang='lat' dir='ltr'><strong>se</strong></span> <span class='ocrx_word' id='word_1_251' title='bbox 1810 3436 1913 3474; x_wconf 83' lang='lat' dir='ltr'><strong>non</strong></span> 
     </span>
    </p>
   </div>
   <div class='ocr_carea' id='block_1_35' title="bbox 334 3512 1915 3590">
    <p class='ocr_par' dir='ltr' id='par_1_35' title="bbox 334 3512 1915 3590">
     <span class='ocr_line' id='line_1_35' title="bbox 334 3512 1915 3590; baseline -0.008 -13"><span class='ocrx_word' id='word_1_252' title='bbox 334 3522 688 3588; x_wconf 85' lang='lat' dir='ltr'><strong>Sebasteam,</strong></span> <span class='ocrx_word' id='word_1_253' title='bbox 737 3530 792 3574; x_wconf 92' lang='lat' dir='ltr'><strong>ut</strong></span> <span class='ocrx_word' id='word_1_254' title='bbox 826 3520 1078 3590; x_wconf 80' lang='lat' dir='ltr'><strong>putabat,</strong></span> <span class='ocrx_word' id='word_1_255' title='bbox 1123 3518 1216 3572; x_wconf 90' lang='lat' dir='ltr'><strong>sed</strong></span> <span class='ocrx_word' id='word_1_256' title='bbox 1258 3516 1524 3571; x_wconf 89' lang='lat' dir='ltr'><strong>Cucusum</strong></span> <span class='ocrx_word' id='word_1_257' title='bbox 1571 3514 1623 3568; x_wconf 93' lang='lat' dir='ltr'><strong>in</strong></span> <span class='ocrx_word' id='word_1_258' title='bbox 1669 3512 1915 3567; x_wconf 78' lang='lat' dir='ltr'><strong>exsilium</strong></span> 
     </span>
    </p>
   </div>
   <div class='ocr_carea' id='block_1_36' title="bbox 334 3605 1918 3676">
    <p class='ocr_par' dir='ltr' id='par_1_36' title="bbox 334 3605 1918 3676">
     <span class='ocr_line' id='line_1_36' title="bbox 334 3605 1918 3676; baseline -0.006 -9"><span class='ocrx_word' id='word_1_259' title='bbox 334 3614 498 3668; x_wconf 87' lang='lat' dir='ltr'><strong>mitti.</strong></span> <span class='ocrx_word' id='word_1_260' title='bbox 532 3612 587 3666; x_wconf 91' lang='lat' dir='ltr'><strong>In</strong></span> <span class='ocrx_word' id='word_1_261' title='bbox 632 3611 737 3666; x_wconf 90' lang='lat' dir='ltr'><strong>ﬁne</strong></span> <span class='ocrx_word' id='word_1_262' title='bbox 767 3625 896 3665; x_wconf 89' lang='lat' dir='ltr'><strong>vero</strong></span> <span class='ocrx_word' id='word_1_263' title='bbox 923 3610 1025 3674; x_wconf 87' lang='lat' dir='ltr'><strong>ait,</strong></span> <span class='ocrx_word' id='word_1_264' title='bbox 1058 3608 1159 3663; x_wconf 89' lang='lat' dir='ltr'><strong>sibi</strong></span> <span class='ocrx_word' id='word_1_265' title='bbox 1199 3616 1321 3662; x_wconf 84' lang='lat' dir='ltr'><strong>ante</strong></span> <span class='ocrx_word' id='word_1_266' title='bbox 1360 3605 1743 3676; x_wconf 79' lang='lat' dir='ltr'><strong>profectionem</strong></span> <span class='ocrx_word' id='word_1_267' title='bbox 1774 3618 1918 3659; x_wconf 78' lang='lat' dir='ltr'><strong>eune</strong></span> 
     </span>
    </p>
   </div>
   <div class='ocr_carea' id='block_1_37' title="bbox 335 3693 1912 3769">
    <p class='ocr_par' dir='ltr' id='par_1_37' title="bbox 335 3693 1912 3769">
     <span class='ocr_line' id='line_1_37' title="bbox 335 3693 1912 3769; baseline -0.006 -14"><span class='ocrx_word' id='word_1_268' title='bbox 335 3702 526 3768; x_wconf 79' lang='lat' dir='ltr'><strong>fuisse,</strong></span> <span class='ocrx_word' id='word_1_269' title='bbox 558 3708 618 3755; x_wconf 92' lang='lat' dir='ltr'><strong>ut</strong></span> <span class='ocrx_word' id='word_1_270' title='bbox 640 3715 671 3754; x_wconf 90' lang='lat' dir='ltr'><strong>e</strong></span> <span class='ocrx_word' id='word_1_271' title='bbox 702 3699 968 3755; x_wconf 80' lang='lat' dir='ltr'><strong>Salamina</strong></span> <span class='ocrx_word' id='word_1_272' title='bbox 993 3698 1152 3769; x_wconf 85' lang='lat' dir='ltr'><strong>Cypri</strong></span> <span class='ocrx_word' id='word_1_273' title='bbox 1176 3696 1403 3750; x_wconf 64' lang='lat' dir='ltr'><strong>harresin</strong></span> <span class='ocrx_word' id='word_1_274' title='bbox 1434 3693 1912 3753; x_wconf 86' lang='lat' dir='ltr'><strong>Marcionistarnm.</strong></span> 
     </span>
    </p>
   </div>
   <div class='ocr_carea' id='block_1_38' title="bbox 334 3783 1918 3861">
    <p class='ocr_par' dir='ltr' id='par_1_38' title="bbox 334 3783 1918 3861">
     <span class='ocr_line' id='line_1_38' title="bbox 334 3783 1918 3861; baseline -0.005 -16"><span class='ocrx_word' id='word_1_275' title='bbox 334 3807 462 3861; x_wconf 68' lang='lat' dir='ltr'><strong>qua:</strong></span> <span class='ocrx_word' id='word_1_276' title='bbox 509 3791 582 3846; x_wconf 76' lang='lat' dir='ltr'><strong>ibi</strong></span> <span class='ocrx_word' id='word_1_277' title='bbox 618 3790 957 3860; x_wconf 70' lang='lat' dir='ltr'><strong>grassabatur</strong></span> <span class='ocrx_word' id='word_1_278' title='bbox 983 3829 998 3853; x_wconf 93' lang='lat'><strong>,</strong></span> <span class='ocrx_word' id='word_1_279' title='bbox 1030 3788 1346 3842; x_wconf 88' lang='lat' dir='ltr'><strong>eliminaret.</strong></span> <span class='ocrx_word' id='word_1_280' title='bbox 1396 3785 1452 3840; x_wconf 91' lang='lat' dir='ltr'><strong>Si</strong></span> <span class='ocrx_word' id='word_1_281' title='bbox 1493 3799 1622 3839; x_wconf 81' lang='lat' dir='ltr'><strong>vero</strong></span> <span class='ocrx_word' id='word_1_282' title='bbox 1668 3783 1918 3853; x_wconf 73' lang='lat' dir='ltr'><strong>Cyriacus</strong></span> 
     </span>
    </p>
   </div>
   <div class='ocr_carea' id='block_1_39' title="bbox 336 3873 1919 3951">
    <p class='ocr_par' dir='ltr' id='par_1_39' title="bbox 336 3873 1919 3951">
     <span class='ocr_line' id='line_1_39' title="bbox 336 3873 1919 3951; baseline -0.004 -18"><span class='ocrx_word' id='word_1_283' title='bbox 336 3882 624 3951; x_wconf 82' lang='lat' dir='ltr'><strong>episc0pus</strong></span> <span class='ocrx_word' id='word_1_284' title='bbox 654 3880 826 3934; x_wconf 86' lang='lat' dir='ltr'><strong>adhuc</strong></span> <span class='ocrx_word' id='word_1_285' title='bbox 865 3876 1324 3945; x_wconf 86' lang='lat' dir='ltr'><strong>Constantinopoli</strong></span> <span class='ocrx_word' id='word_1_286' title='bbox 1364 3876 1434 3930; x_wconf 88' lang='lat' dir='ltr'><strong>sit</strong></span> <span class='ocrx_word' id='word_1_287' title='bbox 1455 3915 1475 3941; x_wconf 37' lang='grc' dir='ltr'><strong>,η</strong></span> <span class='ocrx_word' id='word_1_288' title='bbox 1518 3873 1715 3930; x_wconf 78' lang='lat' dir='ltr'><strong>scribat</strong></span> <span class='ocrx_word' id='word_1_289' title='bbox 1759 3873 1830 3925; x_wconf 89' lang='lat' dir='ltr'><strong>illi</strong></span> <span class='ocrx_word' id='word_1_290' title='bbox 1863 3881 1919 3926; x_wconf 88' lang='lat' dir='ltr'><strong>ut</strong></span> 
     </span>
    </p>
   </div>
   <div class='ocr_carea' id='block_1_40' title="bbox 335 3963 1919 4042">
    <p class='ocr_par' dir='ltr' id='par_1_40' title="bbox 335 3963 1919 4042">
     <span class='ocr_line' id='line_1_40' title="bbox 335 3963 1919 4042; baseline -0.003 -21"><span class='ocrx_word' id='word_1_291' title='bbox 335 3978 530 4042; x_wconf 82' lang='lat' dir='ltr'><strong>pergat</strong></span> <span class='ocrx_word' id='word_1_292' title='bbox 551 3985 613 4024; x_wconf 89' lang='lat' dir='ltr'><strong>ea</strong></span> <span class='ocrx_word' id='word_1_293' title='bbox 642 3969 899 4038; x_wconf 83' lang='lat' dir='ltr'><strong>perﬁcere</strong></span> <span class='ocrx_word' id='word_1_294' title='bbox 923 4009 938 4033; x_wconf 93' lang='lat'><strong>,</strong></span> <span class='ocrx_word' id='word_1_295' title='bbox 984 3983 1102 4037; x_wconf 70' lang='lat' dir='ltr'><strong>qnte</strong></span> <span class='ocrx_word' id='word_1_296' title='bbox 1144 3967 1258 4036; x_wconf 87' lang='lat' dir='ltr'><strong>ipse</strong></span> <span class='ocrx_word' id='word_1_297' title='bbox 1303 3979 1584 4035; x_wconf 78' lang='lat' dir='ltr'><strong>aggressus</strong></span> <span class='ocrx_word' id='word_1_298' title='bbox 1608 3963 1795 4017; x_wconf 90' lang='lat' dir='ltr'><strong>fuerat.</strong></span> <span class='ocrx_word' id='word_1_299' title='bbox 1830 3963 1919 4017; x_wconf 89' lang='lat' dir='ltr'><strong>Sic</strong></span> 
     </span>
    </p>
   </div>
   <div class='ocr_carea' id='block_1_41' title="bbox 337 4052 1916 4123">
    <p class='ocr_par' dir='ltr' id='par_1_41' title="bbox 337 4052 1916 4123">
     <span class='ocr_line' id='line_1_41' title="bbox 337 4052 1916 4123; baseline -0.005 -9"><span class='ocrx_word' id='word_1_300' title='bbox 337 4059 711 4114; x_wconf 84' lang='lat' dir='ltr'><strong>sanctissimus</strong></span> <span class='ocrx_word' id='word_1_301' title='bbox 735 4058 822 4112; x_wconf 91' lang='lat' dir='ltr'><strong>ille</strong></span> <span class='ocrx_word' id='word_1_302' title='bbox 850 4058 950 4123; x_wconf 90' lang='lat' dir='ltr'><strong>vir,</strong></span> <span class='ocrx_word' id='word_1_303' title='bbox 976 4055 1226 4110; x_wconf 69' lang='lat' dir='ltr'><strong>arrumnis</strong></span> <span class='ocrx_word' id='word_1_304' title='bbox 1256 4053 1488 4123; x_wconf 83' lang='lat' dir='ltr'><strong>undique</strong></span> <span class='ocrx_word' id='word_1_305' title='bbox 1516 4052 1877 4122; x_wconf 84' lang='lat' dir='ltr'><strong>prementibus</strong></span> <span class='ocrx_word' id='word_1_306' title='bbox 1899 4093 1916 4117; x_wconf 92' lang='lat'><strong>,</strong></span> 
     </span>
    </p>
   </div>
   <div class='ocr_carea' id='block_1_42' title="bbox 337 4142 1917 4220">
    <p class='ocr_par' dir='ltr' id='par_1_42' title="bbox 337 4142 1917 4220">
     <span class='ocr_line' id='line_1_42' title="bbox 337 4142 1917 4220; baseline -0.006 -15"><span class='ocrx_word' id='word_1_307' title='bbox 337 4148 600 4220; x_wconf 78' lang='lat' dir='ltr'><strong>augenda:</strong></span> <span class='ocrx_word' id='word_1_308' title='bbox 629 4150 681 4201; x_wconf 90' lang='lat' dir='ltr'><strong>in</strong></span> <span class='ocrx_word' id='word_1_309' title='bbox 710 4147 937 4202; x_wconf 83' lang='lat' dir='ltr'><strong>diversis</strong></span> <span class='ocrx_word' id='word_1_310' title='bbox 969 4146 1273 4213; x_wconf 80' lang='lat' dir='ltr'><strong>regionibus</strong></span> <span class='ocrx_word' id='word_1_311' title='bbox 1297 4144 1613 4198; x_wconf 70' lang='lat' dir='ltr'><strong>Christiana:</strong></span> <span class='ocrx_word' id='word_1_312' title='bbox 1640 4142 1716 4197; x_wconf 87' lang='lat' dir='ltr'><strong>rei</strong></span> <span class='ocrx_word' id='word_1_313' title='bbox 1737 4157 1917 4197; x_wconf 86' lang='lat' dir='ltr'><strong>curam</strong></span> 
     </span>
    </p>
   </div>
   <div class='ocr_carea' id='block_1_43' title="bbox 339 4234 1918 4310">
    <p class='ocr_par' dir='ltr' id='par_1_43' title="bbox 339 4234 1918 4310">
     <span class='ocr_line' id='line_1_43' title="bbox 339 4234 1918 4310; baseline -0.005 -16"><span class='ocrx_word' id='word_1_314' title='bbox 339 4253 617 4310; x_wconf 84' lang='lat' dir='ltr'><strong>nunquam</strong></span> <span class='ocrx_word' id='word_1_315' title='bbox 647 4236 971 4307; x_wconf 86' lang='lat' dir='ltr'><strong>deponebat.</strong></span> <span class='ocrx_word' id='word_1_316' title='bbox 1004 4236 1299 4305; x_wconf 86' lang='lat' dir='ltr'><strong>Epistolam</strong></span> <span class='ocrx_word' id='word_1_317' title='bbox 1324 4248 1454 4290; x_wconf 91' lang='lat' dir='ltr'><strong>vero</strong></span> <span class='ocrx_word' id='word_1_318' title='bbox 1471 4234 1547 4290; x_wconf 85' lang='lat' dir='ltr'><strong>ad</strong></span> <span class='ocrx_word' id='word_1_319' title='bbox 1569 4234 1918 4302; x_wconf 87' lang='lat' dir='ltr'><strong>Theophilum</strong></span> 
     </span>
    </p>
   </div>
   <div class='ocr_carea' id='block_1_44' title="bbox 341 4324 1921 4398">
    <p class='ocr_par' dir='ltr' id='par_1_44' title="bbox 341 4324 1921 4398">
     <span class='ocr_line' id='line_1_44' title="bbox 341 4324 1921 4398; baseline -0.004 -14"><span class='ocrx_word' id='word_1_320' title='bbox 341 4330 624 4398; x_wconf 78' lang='lat' dir='ltr'><strong>scripsisse</strong></span> <span class='ocrx_word' id='word_1_321' title='bbox 672 4339 885 4397; x_wconf 87' lang='lat' dir='ltr'><strong>putatur</strong></span> <span class='ocrx_word' id='word_1_322' title='bbox 915 4327 1106 4396; x_wconf 76' lang='lat' dir='ltr'><strong>(Epist.</strong></span> <span class='ocrx_word' id='word_1_323' title='bbox 1138 4327 1284 4396; x_wconf 89' lang='grc'><strong>119),</strong></span> <span class='ocrx_word' id='word_1_324' title='bbox 1315 4342 1436 4381; x_wconf 89' lang='lat' dir='ltr'><strong>cum</strong></span> <span class='ocrx_word' id='word_1_325' title='bbox 1461 4326 1630 4380; x_wconf 76' lang='lat' dir='ltr'><strong>Nicaea</strong></span> <span class='ocrx_word' id='word_1_326' title='bbox 1657 4324 1921 4395; x_wconf 83' lang='lat' dir='ltr'><strong>profectus</strong></span> 
     </span>
    </p>
   </div>
   <div class='ocr_carea' id='block_1_45' title="bbox 342 4415 1922 4486">
    <p class='ocr_par' dir='ltr' id='par_1_45' title="bbox 342 4415 1922 4486">
     <span class='ocr_line' id='line_1_45' title="bbox 342 4415 1922 4486; baseline -0.004 -11"><span class='ocrx_word' id='word_1_327' title='bbox 342 4430 513 4486; x_wconf 83' lang='lat' dir='ltr'><strong>esset,</strong></span> <span class='ocrx_word' id='word_1_328' title='bbox 546 4430 603 4474; x_wconf 91' lang='lat' dir='ltr'><strong>ut</strong></span> <span class='ocrx_word' id='word_1_329' title='bbox 622 4417 886 4474; x_wconf 88' lang='lat' dir='ltr'><strong>Cucusum</strong></span> <span class='ocrx_word' id='word_1_330' title='bbox 908 4418 1291 4484; x_wconf 89' lang='lat' dir='ltr'><strong>contenderet,</strong></span> <span class='ocrx_word' id='word_1_331' title='bbox 1315 4418 1659 4486; x_wconf 89' lang='lat' dir='ltr'><strong>hortaturque</strong></span> <span class='ocrx_word' id='word_1_332' title='bbox 1691 4415 1836 4469; x_wconf 91' lang='lat' dir='ltr'><strong>illum</strong></span> <span class='ocrx_word' id='word_1_333' title='bbox 1867 4424 1922 4470; x_wconf 89' lang='lat' dir='ltr'><strong>ut</strong></span> 
     </span>
    </p>
   </div>
   <div class='ocr_carea' id='block_1_46' title="bbox 344 4506 1923 4580">
    <p class='ocr_par' dir='ltr' id='par_1_46' title="bbox 344 4506 1923 4580">
     <span class='ocr_line' id='line_1_46' title="bbox 344 4506 1923 4580; baseline -0.004 -14"><span class='ocrx_word' id='word_1_334' title='bbox 344 4519 537 4579; x_wconf 83' lang='lat' dir='ltr'><strong>pergat</strong></span> <span class='ocrx_word' id='word_1_335' title='bbox 570 4508 802 4580; x_wconf 87' lang='lat' dir='ltr'><strong>pericula</strong></span> <span class='ocrx_word' id='word_1_336' title='bbox 844 4509 1022 4563; x_wconf 89' lang='lat' dir='ltr'><strong>subire</strong></span> <span class='ocrx_word' id='word_1_337' title='bbox 1061 4517 1115 4563; x_wconf 91' lang='lat' dir='ltr'><strong>ct</strong></span> <span class='ocrx_word' id='word_1_338' title='bbox 1158 4517 1374 4562; x_wconf 89' lang='lat' dir='ltr'><strong>strenue</strong></span> <span class='ocrx_word' id='word_1_339' title='bbox 1411 4523 1568 4577; x_wconf 78' lang='lat' dir='ltr'><strong>agere</strong></span> <span class='ocrx_word' id='word_1_340' title='bbox 1598 4525 1610 4558; x_wconf 88' lang='lat'><strong>:</strong></span> <span class='ocrx_word' id='word_1_341' title='bbox 1655 4521 1753 4561; x_wconf 91' lang='lat' dir='ltr'><strong>nec</strong></span> <span class='ocrx_word' id='word_1_342' title='bbox 1782 4506 1923 4560; x_wconf 83' lang='lat' dir='ltr'><strong>clare</strong></span> 
     </span>
    </p>
   </div>
   <div class='ocr_carea' id='block_1_47' title="bbox 344 4596 1921 4668">
    <p class='ocr_par' dir='ltr' id='par_1_47' title="bbox 344 4596 1921 4668">
     <span class='ocr_line' id='line_1_47' title="bbox 344 4596 1921 4668; baseline -0.004 -13"><span class='ocrx_word' id='word_1_343' title='bbox 344 4599 475 4655; x_wconf 86' lang='lat' dir='ltr'><strong>dicit</strong></span> <span class='ocrx_word' id='word_1_344' title='bbox 508 4600 703 4668; x_wconf 87' lang='lat' dir='ltr'><strong>quibus</strong></span> <span class='ocrx_word' id='word_1_345' title='bbox 736 4598 824 4654; x_wconf 89' lang='lat' dir='ltr'><strong>ille</strong></span> <span class='ocrx_word' id='word_1_346' title='bbox 852 4598 1010 4652; x_wconf 90' lang='lat' dir='ltr'><strong>rebus</strong></span> <span class='ocrx_word' id='word_1_347' title='bbox 1048 4606 1171 4651; x_wconf 89' lang='lat' dir='ltr'><strong>tunc</strong></span> <span class='ocrx_word' id='word_1_348' title='bbox 1208 4613 1423 4666; x_wconf 83' lang='lat' dir='ltr'><strong>Operam</strong></span> <span class='ocrx_word' id='word_1_349' title='bbox 1462 4597 1629 4649; x_wconf 87' lang='lat' dir='ltr'><strong>daret.</strong></span> <span class='ocrx_word' id='word_1_350' title='bbox 1685 4596 1921 4650; x_wconf 85' lang='lat' dir='ltr'><strong>Alteram</strong></span> 
     </span>
    </p>
   </div>
   <div class='ocr_carea' id='block_1_48' title="bbox 346 4686 1922 4759">
    <p class='ocr_par' dir='ltr' id='par_1_48' title="bbox 346 4686 1922 4759">
     <span class='ocr_line' id='line_1_48' title="bbox 346 4686 1922 4759; baseline -0.008 -13"><span class='ocrx_word' id='word_1_351' title='bbox 346 4689 463 4759; x_wconf 86' lang='lat' dir='ltr'><strong>ejus</strong></span> <span class='ocrx_word' id='word_1_352' title='bbox 505 4689 573 4744; x_wconf 88' lang='lat' dir='ltr'><strong>ad</strong></span> <span class='ocrx_word' id='word_1_353' title='bbox 608 4687 960 4757; x_wconf 80' lang='lat' dir='ltr'><strong>TheOphilum</strong></span> <span class='ocrx_word' id='word_1_354' title='bbox 1012 4688 1288 4757; x_wconf 88' lang='lat' dir='ltr'><strong>epistolam</strong></span> <span class='ocrx_word' id='word_1_355' title='bbox 1333 4686 1632 4751; x_wconf 83' lang='lat' dir='ltr'><strong>habemus,</strong></span> <span class='ocrx_word' id='word_1_356' title='bbox 1676 4686 1922 4754; x_wconf 82' lang='lat' dir='ltr'><strong>scriptam</strong></span> 
     </span>
    </p>
   </div>
   <div class='ocr_carea' id='block_1_49' title="bbox 347 4778 1564 4851">
    <p class='ocr_par' dir='ltr' id='par_1_49' title="bbox 347 4778 1564 4851">
     <span class='ocr_line' id='line_1_49' title="bbox 347 4778 1564 4851; baseline -0.002 -16"><span class='ocrx_word' id='word_1_357' title='bbox 347 4789 628 4851; x_wconf 76' lang='lat' dir='ltr'><strong>postquam</strong></span> <span class='ocrx_word' id='word_1_358' title='bbox 651 4779 914 4835; x_wconf 88' lang='lat' dir='ltr'><strong>Cucusum</strong></span> <span class='ocrx_word' id='word_1_359' title='bbox 944 4778 1269 4833; x_wconf 77' lang='lat' dir='ltr'><strong>advenisset.</strong></span> <span class='ocrx_word' id='word_1_360' title='bbox 1559 4779 1564 4785; x_wconf 84' lang='grc'><em>’</em></span> 
     </span>
    </p>
   </div>
   <div class='ocr_carea' id='block_1_50' title="bbox 420 4865 1921 4935">
    <p class='ocr_par' dir='ltr' id='par_1_50' title="bbox 420 4865 1921 4935">
     <span class='ocr_line' id='line_1_50' title="bbox 420 4865 1921 4935; baseline -0.004 -11"><span class='ocrx_word' id='word_1_361' title='bbox 420 4869 553 4924; x_wconf 86' lang='lat' dir='ltr'><strong>Cum</strong></span> <span class='ocrx_word' id='word_1_362' title='bbox 583 4869 883 4923; x_wconf 70' lang='lat' dir='ltr'><strong>Caesaream</strong></span> <span class='ocrx_word' id='word_1_363' title='bbox 915 4868 967 4922; x_wconf 92' lang='lat' dir='ltr'><strong>in</strong></span> <span class='ocrx_word' id='word_1_364' title='bbox 1007 4866 1374 4935; x_wconf 86' lang='lat' dir='ltr'><strong>Cappadocia,</strong></span> <span class='ocrx_word' id='word_1_365' title='bbox 1421 4865 1590 4920; x_wconf 67' lang='lat' dir='ltr'><strong>Nieasa</strong></span> <span class='ocrx_word' id='word_1_366' title='bbox 1623 4866 1921 4934; x_wconf 87' lang='lat' dir='ltr'><strong>profectos,</strong></span> 
     </span>
    </p>
   </div>
   <div class='ocr_carea' id='block_1_51' title="bbox 350 4956 1922 5030">
    <p class='ocr_par' dir='ltr' id='par_1_51' title="bbox 350 4956 1922 5030">
     <span class='ocr_line' id='line_1_51' title="bbox 350 4956 1922 5030; baseline -0.005 -13"><span class='ocrx_word' id='word_1_367' title='bbox 350 4962 656 5027; x_wconf 84' lang='lat' dir='ltr'><strong>duceretur,</strong></span> <span class='ocrx_word' id='word_1_368' title='bbox 684 4960 982 5030; x_wconf 79' lang='lat' dir='ltr'><strong>Olympiadi</strong></span> <span class='ocrx_word' id='word_1_369' title='bbox 1010 4960 1222 5028; x_wconf 90' lang='lat' dir='ltr'><strong>scripsit</strong></span> <span class='ocrx_word' id='word_1_370' title='bbox 1268 4957 1459 5028; x_wconf 75' lang='lat' dir='ltr'><strong>(Epist.</strong></span> <span class='ocrx_word' id='word_1_371' title='bbox 1491 4956 1599 5029; x_wconf 83' lang='grc'><strong>11),</strong></span> <span class='ocrx_word' id='word_1_372' title='bbox 1629 4967 1677 5011; x_wconf 84' lang='grc' dir='ltr'><strong>ει</strong></span> <span class='ocrx_word' id='word_1_373' title='bbox 1710 4956 1922 5026; x_wconf 85' lang='lat' dir='ltr'><strong>quidem</strong></span> 
     </span>
    </p>
   </div>
   <div class='ocr_carea' id='block_1_52' title="bbox 352 5048 1925 5121">
    <p class='ocr_par' dir='ltr' id='par_1_52' title="bbox 352 5048 1925 5121">
     <span class='ocr_line' id='line_1_52' title="bbox 352 5048 1925 5121; baseline -0.004 -16"><span class='ocrx_word' id='word_1_374' title='bbox 352 5052 512 5121; x_wconf 88' lang='lat' dir='ltr'><strong>paulo</strong></span> <span class='ocrx_word' id='word_1_375' title='bbox 537 5058 818 5121; x_wconf 83' lang='lat' dir='ltr'><strong>postquam</strong></span> <span class='ocrx_word' id='word_1_376' title='bbox 849 5050 949 5104; x_wconf 90' lang='lat' dir='ltr'><strong>iter</strong></span> <span class='ocrx_word' id='word_1_377' title='bbox 968 5050 1095 5103; x_wconf 90' lang='lat' dir='ltr'><strong>illud</strong></span> <span class='ocrx_word' id='word_1_378' title='bbox 1124 5056 1428 5117; x_wconf 80' lang='lat' dir='ltr'><strong>susceperat</strong></span> <span class='ocrx_word' id='word_1_379' title='bbox 1448 5089 1463 5113; x_wconf 92' lang='lat'><strong>,</strong></span> <span class='ocrx_word' id='word_1_380' title='bbox 1491 5063 1611 5102; x_wconf 91' lang='lat' dir='ltr'><strong>cum</strong></span> <span class='ocrx_word' id='word_1_381' title='bbox 1633 5048 1805 5103; x_wconf 88' lang='lat' dir='ltr'><strong>adhuc</strong></span> <span class='ocrx_word' id='word_1_382' title='bbox 1833 5061 1925 5100; x_wconf 85' lang='lat' dir='ltr'><strong>va-</strong></span> 
     </span>
    </p>
   </div>
   <div class='ocr_carea' id='block_1_53' title="bbox 353 5138 1926 5210">
    <p class='ocr_par' dir='ltr' id='par_1_53' title="bbox 353 5138 1926 5210">
     <span class='ocr_line' id='line_1_53' title="bbox 353 5138 1926 5210; baseline -0.003 -15"><span class='ocrx_word' id='word_1_383' title='bbox 353 5140 589 5197; x_wconf 89' lang='lat' dir='ltr'><strong>letudine</strong></span> <span class='ocrx_word' id='word_1_384' title='bbox 614 5141 703 5194; x_wconf 91' lang='lat' dir='ltr'><strong>illa</strong></span> <span class='ocrx_word' id='word_1_385' title='bbox 729 5180 745 5206; x_wconf 90' lang='lat'><strong>,</strong></span> <span class='ocrx_word' id='word_1_386' title='bbox 776 5155 933 5210; x_wconf 90' lang='lat' dir='ltr'><strong>quam</strong></span> <span class='ocrx_word' id='word_1_387' title='bbox 964 5139 1150 5194; x_wconf 72' lang='lat' dir='ltr'><strong>Nicazae</strong></span> <span class='ocrx_word' id='word_1_388' title='bbox 1178 5147 1581 5208; x_wconf 85' lang='lat' dir='ltr'><strong>recuperaverat</strong></span> <span class='ocrx_word' id='word_1_389' title='bbox 1605 5179 1620 5201; x_wconf 84' lang='lat'><strong>,</strong></span> <span class='ocrx_word' id='word_1_390' title='bbox 1667 5146 1722 5192; x_wconf 92' lang='lat' dir='ltr'><strong>et</strong></span> <span class='ocrx_word' id='word_1_391' title='bbox 1763 5138 1926 5191; x_wconf 89' lang='lat' dir='ltr'><strong>animi</strong></span> 
     </span>
    </p>
   </div>
   <div class='ocr_carea' id='block_1_54' title="bbox 352 5228 1927 5298">
    <p class='ocr_par' dir='ltr' id='par_1_54' title="bbox 352 5228 1927 5298">
     <span class='ocr_line' id='line_1_54' title="bbox 352 5228 1927 5298; baseline -0.003 -13"><span class='ocrx_word' id='word_1_392' title='bbox 352 5233 618 5289; x_wconf 87' lang='lat' dir='ltr'><strong>hilaritate</strong></span> <span class='ocrx_word' id='word_1_393' title='bbox 643 5231 927 5288; x_wconf 88' lang='lat' dir='ltr'><strong>frueretur.</strong></span> <span class='ocrx_word' id='word_1_394' title='bbox 962 5231 1036 5285; x_wconf 85' lang='lat' dir='ltr'><strong>Ea</strong></span> <span class='ocrx_word' id='word_1_395' title='bbox 1067 5247 1193 5285; x_wconf 86' lang='lat' dir='ltr'><strong>vero</strong></span> <span class='ocrx_word' id='word_1_396' title='bbox 1213 5271 1227 5295; x_wconf 95' lang='lat'><strong>,</strong></span> <span class='ocrx_word' id='word_1_397' title='bbox 1269 5245 1386 5298; x_wconf 75' lang='lat' dir='ltr'><strong>qua:</strong></span> <span class='ocrx_word' id='word_1_398' title='bbox 1415 5230 1480 5284; x_wconf 90' lang='lat' dir='ltr'><strong>de</strong></span> <span class='ocrx_word' id='word_1_399' title='bbox 1503 5228 1742 5283; x_wconf 85' lang='lat' dir='ltr'><strong>Praefecti</strong></span> <span class='ocrx_word' id='word_1_400' title='bbox 1784 5228 1927 5282; x_wconf 86' lang='lat' dir='ltr'><strong>mili-</strong></span> 
     </span>
    </p>
   </div>
   <div class='ocr_carea' id='block_1_55' title="bbox 356 5321 1929 5395">
    <p class='ocr_par' dir='ltr' id='par_1_55' title="bbox 356 5321 1929 5395">
     <span class='ocr_line' id='line_1_55' title="bbox 356 5321 1929 5395; baseline 0 -20"><span class='ocrx_word' id='word_1_401' title='bbox 356 5325 518 5391; x_wconf 85' lang='lat' dir='ltr'><strong>tibus,</strong></span> <span class='ocrx_word' id='word_1_402' title='bbox 545 5324 640 5395; x_wconf 87' lang='lat' dir='ltr'><strong>qui</strong></span> <span class='ocrx_word' id='word_1_403' title='bbox 662 5339 721 5379; x_wconf 89' lang='lat' dir='ltr'><strong>se</strong></span> <span class='ocrx_word' id='word_1_404' title='bbox 748 5325 799 5379; x_wconf 93' lang='lat' dir='ltr'><strong>in</strong></span> <span class='ocrx_word' id='word_1_405' title='bbox 822 5324 1065 5379; x_wconf 86' lang='lat' dir='ltr'><strong>exsilium</strong></span> <span class='ocrx_word' id='word_1_406' title='bbox 1088 5323 1349 5377; x_wconf 87' lang='lat' dir='ltr'><strong>dneehant</strong></span> <span class='ocrx_word' id='word_1_407' title='bbox 1368 5360 1384 5386; x_wconf 87' lang='lat'><strong>,</strong></span> <span class='ocrx_word' id='word_1_408' title='bbox 1419 5321 1504 5376; x_wconf 92' lang='lat' dir='ltr'><strong>hic</strong></span> <span class='ocrx_word' id='word_1_409' title='bbox 1530 5331 1762 5386; x_wconf 87' lang='lat' dir='ltr'><strong>enarrat,</strong></span> <span class='ocrx_word' id='word_1_410' title='bbox 1796 5336 1929 5391; x_wconf 64' lang='lat' dir='ltr'><strong>prar-</strong></span> 
     </span>
    </p>
   </div>
   <div class='ocr_carea' id='block_1_56' title="bbox 354 5411 1925 5481">
    <p class='ocr_par' dir='ltr' id='par_1_56' title="bbox 354 5411 1925 5481">
     <span class='ocr_line' id='line_1_56' title="bbox 354 5411 1925 5481; baseline -0.003 -12"><span class='ocrx_word' id='word_1_411' title='bbox 354 5416 697 5471; x_wconf 83' lang='lat' dir='ltr'><strong>tcrmittenda</strong></span> <span class='ocrx_word' id='word_1_412' title='bbox 717 5430 823 5471; x_wconf 91' lang='lat' dir='ltr'><strong>non</strong></span> <span class='ocrx_word' id='word_1_413' title='bbox 846 5415 1090 5470; x_wconf 85' lang='lat' dir='ltr'><strong>duximus</strong></span> <span class='ocrx_word' id='word_1_414' title='bbox 1125 5432 1137 5465; x_wconf 94' lang='lat'>:</span> <span class='ocrx_word' id='word_1_415' title='bbox 1186 5431 1204 5463; x_wconf 85' lang='grc' dir='ltr'><strong>ι</strong></span> <span class='ocrx_word' id='word_1_416' title='bbox 1246 5415 1418 5481; x_wconf 86' lang='lat' dir='ltr'><strong>Atque</strong></span> <span class='ocrx_word' id='word_1_417' title='bbox 1438 5411 1676 5467; x_wconf 73' lang='lat' dir='ltr'><strong>Prtrfccti</strong></span> <span class='ocrx_word' id='word_1_418' title='bbox 1707 5413 1925 5475; x_wconf 87' lang='lat' dir='ltr'><strong>milites,</strong></span> 
     </span>
    </p>
   </div>
   <div class='ocr_carea' id='block_1_57' title="bbox 356 5503 1930 5576">
    <p class='ocr_par' dir='ltr' id='par_1_57' title="bbox 356 5503 1930 5576">
     <span class='ocr_line' id='line_1_57' title="bbox 356 5503 1930 5576; baseline -0.002 -18"><span class='ocrx_word' id='word_1_419' title='bbox 356 5507 547 5575; x_wconf 84' lang='lat' dir='ltr'><strong>inquit,</strong></span> <span class='ocrx_word' id='word_1_420' title='bbox 572 5508 609 5561; x_wconf 90' lang='lat' dir='ltr'><strong>ii</strong></span> <span class='ocrx_word' id='word_1_421' title='bbox 634 5508 722 5576; x_wconf 89' lang='lat' dir='ltr'><strong>qui</strong></span> <span class='ocrx_word' id='word_1_422' title='bbox 760 5506 1033 5561; x_wconf 82' lang='lat' dir='ltr'><strong>nobiscum</strong></span> <span class='ocrx_word' id='word_1_423' title='bbox 1057 5504 1457 5574; x_wconf 80' lang='lat' dir='ltr'><strong>peregrinantur</strong></span> <span class='ocrx_word' id='word_1_424' title='bbox 1480 5544 1494 5564; x_wconf 94' lang='lat'><strong>,</strong></span> <span class='ocrx_word' id='word_1_425' title='bbox 1528 5503 1594 5555; x_wconf 89' lang='lat' dir='ltr'><strong>ita</strong></span> <span class='ocrx_word' id='word_1_426' title='bbox 1622 5517 1720 5557; x_wconf 93' lang='lat' dir='ltr'><strong>nos</strong></span> <span class='ocrx_word' id='word_1_427' title='bbox 1743 5503 1930 5557; x_wconf 90' lang='lat' dir='ltr'><strong>ofﬁciis</strong></span> 
     </span>
    </p>
   </div>
   <div class='ocr_carea' id='block_1_58' title="bbox 357 5592 1930 5666">
    <p class='ocr_par' dir='ltr' id='par_1_58' title="bbox 357 5592 1930 5666">
     <span class='ocr_line' id='line_1_58' title="bbox 357 5592 1930 5666; baseline 0.001 -21"><span class='ocrx_word' id='word_1_428' title='bbox 357 5607 786 5666; x_wconf 84' lang='lat' dir='ltr'><strong>prosequuntur,</strong></span> <span class='ocrx_word' id='word_1_429' title='bbox 827 5604 882 5649; x_wconf 89' lang='lat' dir='ltr'><strong>ut</strong></span> <span class='ocrx_word' id='word_1_430' title='bbox 923 5611 988 5650; x_wconf 87' lang='lat' dir='ltr'><strong>ne</strong></span> <span class='ocrx_word' id='word_1_431' title='bbox 1026 5594 1338 5648; x_wconf 75' lang='lat' dir='ltr'><strong>famulorum</strong></span> <span class='ocrx_word' id='word_1_432' title='bbox 1366 5592 1576 5663; x_wconf 91' lang='lat' dir='ltr'><strong>quidem</strong></span> <span class='ocrx_word' id='word_1_433' title='bbox 1603 5606 1817 5662; x_wconf 84' lang='lat' dir='ltr'><strong>operam</strong></span> <span class='ocrx_word' id='word_1_434' title='bbox 1840 5607 1930 5646; x_wconf 90' lang='lat' dir='ltr'><strong>rc-</strong></span> 
     </span>
    </p>
   </div>
   <div class='ocr_carea' id='block_1_59' title="bbox 354 5683 1933 5752">
    <p class='ocr_par' dir='ltr' id='par_1_59' title="bbox 354 5683 1933 5752">
     <span class='ocr_line' id='line_1_59' title="bbox 354 5683 1933 5752; baseline 0 -17"><span class='ocrx_word' id='word_1_435' title='bbox 354 5686 569 5752; x_wconf 85' lang='lat' dir='ltr'><strong>quirere</strong></span> <span class='ocrx_word' id='word_1_436' title='bbox 600 5699 698 5740; x_wconf 87' lang='lat' dir='ltr'><strong>nos</strong></span> <span class='ocrx_word' id='word_1_437' title='bbox 722 5687 932 5749; x_wconf 90' lang='lat' dir='ltr'><strong>sinant,</strong></span> <span class='ocrx_word' id='word_1_438' title='bbox 974 5698 1096 5739; x_wconf 90' lang='lat' dir='ltr'><strong>cum</strong></span> <span class='ocrx_word' id='word_1_439' title='bbox 1123 5684 1220 5752; x_wconf 89' lang='lat' dir='ltr'><strong>ipsi</strong></span> <span class='ocrx_word' id='word_1_440' title='bbox 1241 5683 1556 5738; x_wconf 89' lang='lat' dir='ltr'><strong>famulorum</strong></span> <span class='ocrx_word' id='word_1_441' title='bbox 1586 5683 1761 5736; x_wconf 90' lang='lat' dir='ltr'><strong>munia</strong></span> <span class='ocrx_word' id='word_1_442' title='bbox 1788 5686 1933 5737; x_wconf 77' lang='lat' dir='ltr'><strong>exse-</strong></span> 
     </span>
    </p>
   </div>
   <div class='ocr_carea' id='block_1_60' title="bbox 359 5773 1932 5846">
    <p class='ocr_par' dir='ltr' id='par_1_60' title="bbox 359 5773 1932 5846">
     <span class='ocr_line' id='line_1_60' title="bbox 359 5773 1932 5846; baseline 0.001 -18"><span class='ocrx_word' id='word_1_443' title='bbox 359 5784 616 5840; x_wconf 81' lang='lat' dir='ltr'><strong>quantur.</strong></span> <span class='ocrx_word' id='word_1_444' title='bbox 652 5775 861 5831; x_wconf 85' lang='lat' dir='ltr'><strong>Etenim</strong></span> <span class='ocrx_word' id='word_1_445' title='bbox 894 5790 987 5844; x_wconf 85' lang='lat' dir='ltr'><strong>pro</strong></span> <span class='ocrx_word' id='word_1_446' title='bbox 1010 5792 1104 5829; x_wconf 86' lang='lat' dir='ltr'><strong>suo</strong></span> <span class='ocrx_word' id='word_1_447' title='bbox 1138 5790 1261 5846; x_wconf 79' lang='lat' dir='ltr'><strong>erga</strong></span> <span class='ocrx_word' id='word_1_448' title='bbox 1289 5789 1383 5828; x_wconf 89' lang='lat' dir='ltr'><strong>nos</strong></span> <span class='ocrx_word' id='word_1_449' title='bbox 1408 5789 1587 5829; x_wconf 87' lang='lat' dir='ltr'><strong>amore</strong></span> <span class='ocrx_word' id='word_1_450' title='bbox 1616 5773 1715 5830; x_wconf 86' lang='lat' dir='ltr'><strong>hoc</strong></span> <span class='ocrx_word' id='word_1_451' title='bbox 1741 5789 1932 5831; x_wconf 83' lang='lat' dir='ltr'><strong>munus</strong></span> 
     </span>
    </p>
   </div>
   <div class='ocr_carea' id='block_1_61' title="bbox 3465 420 3576 479">
    <p class='ocr_par' dir='ltr' id='par_1_61' title="bbox 3465 420 3576 479">
     <span class='ocr_line' id='line_1_61' title="bbox 3465 420 3576 479; baseline 0 0"><span class='ocrx_word' id='word_1_452' title='bbox 3465 420 3576 479; x_wconf 62' lang='grc' dir='ltr'>ω</span> 
     </span>
    </p>
   </div>
   <div class='ocr_carea' id='block_1_62' title="bbox 2011 528 3576 600">
    <p class='ocr_par' dir='ltr' id='par_1_62' title="bbox 2011 528 3576 600">
     <span class='ocr_line' id='line_1_62' title="bbox 2011 528 3576 600; baseline 0 -16"><span class='ocrx_word' id='word_1_453' title='bbox 2011 541 2065 584; x_wconf 89' lang='lat' dir='ltr'><strong>et</strong></span> <span class='ocrx_word' id='word_1_454' title='bbox 2088 531 2383 599; x_wconf 80' lang='lat' dir='ltr'><strong>jussionem</strong></span> <span class='ocrx_word' id='word_1_455' title='bbox 2413 530 2818 600; x_wconf 69' lang='lat' dir='ltr'><strong>praeripuerunt.</strong></span> <span class='ocrx_word' id='word_1_456' title='bbox 2848 538 3020 600; x_wconf 77' lang='lat' dir='ltr'><strong>Atque</strong></span> <span class='ocrx_word' id='word_1_457' title='bbox 3061 528 3256 600; x_wconf 84' lang='lat' dir='ltr'><strong>ubique</strong></span> <span class='ocrx_word' id='word_1_458' title='bbox 3280 531 3576 587; x_wconf 81' lang='lat' dir='ltr'><strong>satellitum</strong></span> 
     </span>
    </p>
   </div>
   <div class='ocr_carea' id='block_1_63' title="bbox 2007 620 3581 694">
    <p class='ocr_par' dir='ltr' id='par_1_63' title="bbox 2007 620 3581 694">
     <span class='ocr_line' id='line_1_63' title="bbox 2007 620 3581 694; baseline 0.002 -19"><span class='ocrx_word' id='word_1_459' title='bbox 2007 637 2167 677; x_wconf 89' lang='lat' dir='ltr'><strong>manu</strong></span> <span class='ocrx_word' id='word_1_460' title='bbox 2197 622 2489 691; x_wconf 77' lang='lat' dir='ltr'><strong>cingimur,</strong></span> <span class='ocrx_word' id='word_1_461' title='bbox 2521 634 2842 689; x_wconf 86' lang='lat' dir='ltr'><strong>unoquoque</strong></span> <span class='ocrx_word' id='word_1_462' title='bbox 2870 620 3121 676; x_wconf 84' lang='lat' dir='ltr'><strong>videlicet</strong></span> <span class='ocrx_word' id='word_1_463' title='bbox 3159 620 3383 694; x_wconf 82' lang='lat' dir='ltr'><strong>hujusce</strong></span> <span class='ocrx_word' id='word_1_464' title='bbox 3424 624 3581 678; x_wconf 83' lang='lat' dir='ltr'><strong>mini-</strong></span> 
     </span>
    </p>
   </div>
   <div class='ocr_carea' id='block_1_64' title="bbox 2009 708 3133 779">
    <p class='ocr_par' dir='ltr' id='par_1_64' title="bbox 2009 708 3133 779">
     <span class='ocr_line' id='line_1_64' title="bbox 2009 708 3133 779; baseline -0.001 -14"><span class='ocrx_word' id='word_1_465' title='bbox 2009 713 2155 765; x_wconf 88' lang='lat' dir='ltr'><strong>sterii</strong></span> <span class='ocrx_word' id='word_1_466' title='bbox 2187 712 2399 765; x_wconf 84' lang='lat' dir='ltr'><strong>nomine</strong></span> <span class='ocrx_word' id='word_1_467' title='bbox 2419 725 2477 765; x_wconf 90' lang='lat' dir='ltr'><strong>se</strong></span> <span class='ocrx_word' id='word_1_468' title='bbox 2506 710 2715 765; x_wconf 87' lang='lat' dir='ltr'><strong>beatum</strong></span> <span class='ocrx_word' id='word_1_469' title='bbox 2739 708 3079 779; x_wconf 63' lang='lat' dir='ltr'><strong>praedicante.</strong></span> <span class='ocrx_word' id='word_1_470' title='bbox 3113 730 3133 764; x_wconf 79' lang='grc' dir='ltr'><strong>ι</strong></span> 
     </span>
    </p>
   </div>
   <div class='ocr_carea' id='block_1_65' title="bbox 2084 799 3584 872">
    <p class='ocr_par' dir='ltr' id='par_1_65' title="bbox 2084 799 3584 872">
     <span class='ocr_line' id='line_1_65' title="bbox 2084 799 3584 872; baseline 0.004 -18"><span class='ocrx_word' id='word_1_471' title='bbox 2084 799 2467 870; x_wconf 76' lang='lat' dir='ltr'><strong>Cltrysoslomus</strong></span> <span class='ocrx_word' id='word_1_472' title='bbox 2489 800 2770 854; x_wconf 63' lang='lat' dir='ltr'><strong>Caranum</strong></span> <span class='ocrx_word' id='word_1_473' title='bbox 2798 801 2850 854; x_wconf 83' lang='lat' dir='ltr'><strong>in</strong></span> <span class='ocrx_word' id='word_1_474' title='bbox 2869 799 3193 872; x_wconf 81' lang='lat' dir='ltr'><strong>Cappadocia</strong></span> <span class='ocrx_word' id='word_1_475' title='bbox 3216 806 3365 859; x_wconf 79' lang='lat' dir='ltr'><strong>venit.</strong></span> <span class='ocrx_word' id='word_1_476' title='bbox 3393 835 3463 845; x_wconf 88' lang='lat'><strong><em>—</em></strong></span> <span class='ocrx_word' id='word_1_477' title='bbox 3486 805 3584 860; x_wconf 81' lang='lat' dir='ltr'><strong>Va-</strong></span> 
     </span>
    </p>
   </div>
   <div class='ocr_carea' id='block_1_66' title="bbox 2013 890 3584 966">
    <p class='ocr_par' dir='ltr' id='par_1_66' title="bbox 2013 890 3584 966">
     <span class='ocr_line' id='line_1_66' title="bbox 2013 890 3584 966; baseline 0.005 -21"><span class='ocrx_word' id='word_1_478' title='bbox 2013 891 2245 947; x_wconf 87' lang='lat' dir='ltr'><strong>letudine</strong></span> <span class='ocrx_word' id='word_1_479' title='bbox 2272 892 2407 946; x_wconf 89' lang='lat' dir='ltr'><strong>bona</strong></span> <span class='ocrx_word' id='word_1_480' title='bbox 2439 890 2713 945; x_wconf 84' lang='lat' dir='ltr'><strong>fruebatur</strong></span> <span class='ocrx_word' id='word_1_481' title='bbox 2737 892 2826 946; x_wconf 91' lang='lat' dir='ltr'><strong>ille</strong></span> <span class='ocrx_word' id='word_1_482' title='bbox 2847 892 3033 962; x_wconf 78' lang='lat' dir='ltr'><strong>(Epist.</strong></span> <span class='ocrx_word' id='word_1_483' title='bbox 3066 893 3212 966; x_wconf 62' lang='lat' dir='ltr'><strong>liti),</strong></span> <span class='ocrx_word' id='word_1_484' title='bbox 3243 897 3454 966; x_wconf 87' lang='lat' dir='ltr'><strong>quando</strong></span> <span class='ocrx_word' id='word_1_485' title='bbox 3490 897 3584 953; x_wconf 83' lang='lat' dir='ltr'><strong>Ni-</strong></span> 
     </span>
    </p>
   </div>
   <div class='ocr_carea' id='block_1_67' title="bbox 2010 980 3588 1056">
    <p class='ocr_par' dir='ltr' id='par_1_67' title="bbox 2010 980 3588 1056">
     <span class='ocr_line' id='line_1_67' title="bbox 2010 980 3588 1056; baseline 0.006 -19"><span class='ocrx_word' id='word_1_486' title='bbox 2010 997 2118 1037; x_wconf 74' lang='lat' dir='ltr'><strong>cma</strong></span> <span class='ocrx_word' id='word_1_487' title='bbox 2146 983 2411 1051; x_wconf 84' lang='lat' dir='ltr'><strong>profectus</strong></span> <span class='ocrx_word' id='word_1_488' title='bbox 2438 990 2521 1037; x_wconf 86' lang='lat' dir='ltr'><strong>est</strong></span> <span class='ocrx_word' id='word_1_489' title='bbox 2544 1000 2559 1047; x_wconf 90' lang='lat'><strong>;</strong></span> <span class='ocrx_word' id='word_1_490' title='bbox 2588 983 2680 1037; x_wconf 89' lang='lat' dir='ltr'><strong>sed</strong></span> <span class='ocrx_word' id='word_1_491' title='bbox 2702 998 2823 1038; x_wconf 90' lang='lat' dir='ltr'><strong>cum</strong></span> <span class='ocrx_word' id='word_1_492' title='bbox 2851 985 2964 1039; x_wconf 88' lang='lat' dir='ltr'><strong>dies</strong></span> <span class='ocrx_word' id='word_1_493' title='bbox 2989 996 3274 1056; x_wconf 87' lang='lat' dir='ltr'><strong>noctesque</strong></span> <span class='ocrx_word' id='word_1_494' title='bbox 3295 980 3588 1047; x_wconf 82' lang='lat' dir='ltr'><strong>iterfacere</strong></span> 
     </span>
    </p>
   </div>
   <div class='ocr_carea' id='block_1_68' title="bbox 2011 1076 3587 1150">
    <p class='ocr_par' dir='ltr' id='par_1_68' title="bbox 2011 1076 3587 1150">
     <span class='ocr_line' id='line_1_68' title="bbox 2011 1076 3587 1150; baseline 0.004 -20"><span class='ocrx_word' id='word_1_495' title='bbox 2011 1084 2324 1143; x_wconf 79' lang='lat' dir='ltr'><strong>cogeretur,</strong></span> <span class='ocrx_word' id='word_1_496' title='bbox 2357 1076 2428 1129; x_wconf 84' lang='lat' dir='ltr'><strong>ita</strong></span> <span class='ocrx_word' id='word_1_497' title='bbox 2455 1084 2590 1130; x_wconf 90' lang='lat' dir='ltr'><strong>utet</strong></span> <span class='ocrx_word' id='word_1_498' title='bbox 2617 1085 2748 1130; x_wconf 76' lang='lat' dir='ltr'><strong>testu</strong></span> <span class='ocrx_word' id='word_1_499' title='bbox 2785 1090 3072 1146; x_wconf 88' lang='lat' dir='ltr'><strong>oppressus</strong></span> <span class='ocrx_word' id='word_1_500' title='bbox 3094 1118 3111 1143; x_wconf 94' lang='lat'><strong>,</strong></span> <span class='ocrx_word' id='word_1_501' title='bbox 3141 1088 3195 1133; x_wconf 90' lang='lat' dir='ltr'><strong>et</strong></span> <span class='ocrx_word' id='word_1_502' title='bbox 3236 1082 3428 1150; x_wconf 86' lang='lat' dir='ltr'><strong>vigiliis</strong></span> <span class='ocrx_word' id='word_1_503' title='bbox 3456 1098 3587 1137; x_wconf 83' lang='lat' dir='ltr'><strong>eon-</strong></span> 
     </span>
    </p>
   </div>
   <div class='ocr_carea' id='block_1_69' title="bbox 2013 1164 3589 1238">
    <p class='ocr_par' dir='ltr' id='par_1_69' title="bbox 2013 1164 3589 1238">
     <span class='ocr_line' id='line_1_69' title="bbox 2013 1164 3589 1238; baseline 0.006 -21"><span class='ocrx_word' id='word_1_504' title='bbox 2013 1164 2214 1229; x_wconf 85' lang='lat' dir='ltr'><strong>fectus,</strong></span> <span class='ocrx_word' id='word_1_505' title='bbox 2246 1174 2300 1220; x_wconf 89' lang='lat' dir='ltr'><strong>et</strong></span> <span class='ocrx_word' id='word_1_506' title='bbox 2325 1180 2502 1221; x_wconf 90' lang='lat' dir='ltr'><strong>rerum</strong></span> <span class='ocrx_word' id='word_1_507' title='bbox 2535 1167 2959 1220; x_wconf 88' lang='lat' dir='ltr'><strong>necessariarum</strong></span> <span class='ocrx_word' id='word_1_508' title='bbox 2992 1171 3207 1236; x_wconf 88' lang='lat' dir='ltr'><strong>penuria</strong></span> <span class='ocrx_word' id='word_1_509' title='bbox 3232 1185 3468 1238; x_wconf 77' lang='lat' dir='ltr'><strong>pressus,</strong></span> <span class='ocrx_word' id='word_1_510' title='bbox 3499 1174 3589 1228; x_wconf 86' lang='lat' dir='ltr'><strong>illo</strong></span> 
     </span>
    </p>
   </div>
   <div class='ocr_carea' id='block_1_70' title="bbox 2013 1254 3588 1330">
    <p class='ocr_par' dir='ltr' id='par_1_70' title="bbox 2013 1254 3588 1330">
     <span class='ocr_line' id='line_1_70' title="bbox 2013 1254 3588 1330; baseline 0.006 -22"><span class='ocrx_word' id='word_1_511' title='bbox 2013 1265 2294 1324; x_wconf 84' lang='lat' dir='ltr'><strong>pergeret,</strong></span> <span class='ocrx_word' id='word_1_512' title='bbox 2322 1271 2422 1310; x_wconf 91' lang='lat' dir='ltr'><strong>nec</strong></span> <span class='ocrx_word' id='word_1_513' title='bbox 2448 1254 2699 1311; x_wconf 87' lang='lat' dir='ltr'><strong>adessent</strong></span> <span class='ocrx_word' id='word_1_514' title='bbox 2740 1257 2830 1325; x_wconf 89' lang='lat' dir='ltr'><strong>qtti</strong></span> <span class='ocrx_word' id='word_1_515' title='bbox 2861 1267 3074 1326; x_wconf 88' lang='lat' dir='ltr'><strong>possent</strong></span> <span class='ocrx_word' id='word_1_516' title='bbox 3105 1259 3250 1314; x_wconf 87' lang='lat' dir='ltr'><strong>illum</strong></span> <span class='ocrx_word' id='word_1_517' title='bbox 3273 1261 3466 1330; x_wconf 88' lang='lat' dir='ltr'><strong>juvare</strong></span> <span class='ocrx_word' id='word_1_518' title='bbox 3492 1279 3507 1328; x_wconf 93' lang='lat'><strong>;</strong></span> <span class='ocrx_word' id='word_1_519' title='bbox 3537 1265 3588 1317; x_wconf 92' lang='lat' dir='ltr'><strong>in</strong></span> 
     </span>
    </p>
   </div>
   <div class='ocr_carea' id='block_1_71' title="bbox 2013 1344 3591 1419">
    <p class='ocr_par' dir='ltr' id='par_1_71' title="bbox 2013 1344 3591 1419">
     <span class='ocr_line' id='line_1_71' title="bbox 2013 1344 3591 1419; baseline 0.005 -20"><span class='ocrx_word' id='word_1_520' title='bbox 2013 1344 2200 1399; x_wconf 76' lang='lat' dir='ltr'><strong>iebrim</strong></span> <span class='ocrx_word' id='word_1_521' title='bbox 2244 1344 2478 1398; x_wconf 86' lang='lat' dir='ltr'><strong>incidit:</strong></span> <span class='ocrx_word' id='word_1_522' title='bbox 2526 1355 2683 1413; x_wconf 85' lang='lat' dir='ltr'><strong>atque</strong></span> <span class='ocrx_word' id='word_1_523' title='bbox 2731 1346 2816 1413; x_wconf 89' lang='lat' dir='ltr'><strong>iis,</strong></span> <span class='ocrx_word' id='word_1_524' title='bbox 2862 1346 3069 1416; x_wconf 89' lang='lat' dir='ltr'><strong>inquit,</strong></span> <span class='ocrx_word' id='word_1_525' title='bbox 3123 1351 3211 1419; x_wconf 80' lang='lat' dir='ltr'><strong>qui</strong></span> <span class='ocrx_word' id='word_1_526' title='bbox 3262 1350 3330 1404; x_wconf 84' lang='lat' dir='ltr'><strong>ad</strong></span> <span class='ocrx_word' id='word_1_527' title='bbox 3380 1353 3591 1408; x_wconf 77' lang='lat' dir='ltr'><strong>metalla</strong></span> 
     </span>
    </p>
   </div>
   <div class='ocr_carea' id='block_1_72' title="bbox 2013 1436 3588 1512">
    <p class='ocr_par' dir='ltr' id='par_1_72' title="bbox 2013 1436 3588 1512">
     <span class='ocr_line' id='line_1_72' title="bbox 2013 1436 3588 1512; baseline 0.006 -21"><span class='ocrx_word' id='word_1_528' title='bbox 2013 1436 2337 1492; x_wconf 87' lang='lat' dir='ltr'><strong>damnantur</strong></span> <span class='ocrx_word' id='word_1_529' title='bbox 2357 1477 2373 1502; x_wconf 90' lang='lat'><strong>,</strong></span> <span class='ocrx_word' id='word_1_530' title='bbox 2406 1437 2487 1493; x_wconf 88' lang='lat' dir='ltr'><strong>vel</strong></span> <span class='ocrx_word' id='word_1_531' title='bbox 2516 1438 2606 1507; x_wconf 88' lang='lat' dir='ltr'><strong>qui</strong></span> <span class='ocrx_word' id='word_1_532' title='bbox 2650 1437 2703 1493; x_wconf 92' lang='lat' dir='ltr'><strong>in</strong></span> <span class='ocrx_word' id='word_1_533' title='bbox 2751 1437 2978 1493; x_wconf 86' lang='lat' dir='ltr'><strong>vinculis</strong></span> <span class='ocrx_word' id='word_1_534' title='bbox 3027 1449 3274 1495; x_wconf 89' lang='lat' dir='ltr'><strong>tenentur</strong></span> <span class='ocrx_word' id='word_1_535' title='bbox 3297 1481 3313 1506; x_wconf 97' lang='lat'><strong>,</strong></span> <span class='ocrx_word' id='word_1_536' title='bbox 3342 1445 3588 1512; x_wconf 82' lang='lat' dir='ltr'><strong>graviora</strong></span> 
     </span>
    </p>
   </div>
   <div class='ocr_carea' id='block_1_73' title="bbox 2013 1529 3588 1603">
    <p class='ocr_par' dir='ltr' id='par_1_73' title="bbox 2013 1529 3588 1603">
     <span class='ocr_line' id='line_1_73' title="bbox 2013 1529 3588 1603; baseline 0.006 -22"><span class='ocrx_word' id='word_1_537' title='bbox 2013 1538 2077 1582; x_wconf 80' lang='grc' dir='ltr'>ει·</span> <span class='ocrx_word' id='word_1_538' title='bbox 2118 1529 2379 1582; x_wconf 77' lang='lat' dir='ltr'><strong>atrocium</strong></span> <span class='ocrx_word' id='word_1_539' title='bbox 2428 1529 2646 1598; x_wconf 88' lang='lat' dir='ltr'><strong>pertulit</strong></span> <span class='ocrx_word' id='word_1_540' title='bbox 2670 1529 2859 1599; x_wconf 76' lang='lat' dir='ltr'><strong>(Epist.</strong></span> <span class='ocrx_word' id='word_1_541' title='bbox 2890 1531 3000 1601; x_wconf 77' lang='lat' dir='ltr'><strong>M).</strong></span> <span class='ocrx_word' id='word_1_542' title='bbox 3025 1533 3320 1603; x_wconf 82' lang='lat' dir='ltr'><strong>Antequam</strong></span> <span class='ocrx_word' id='word_1_543' title='bbox 3370 1550 3495 1588; x_wconf 83' lang='lat' dir='ltr'><strong>vero</strong></span> <span class='ocrx_word' id='word_1_544' title='bbox 3538 1537 3588 1590; x_wconf 92' lang='lat' dir='ltr'><strong>in</strong></span> 
     </span>
    </p>
   </div>
   <div class='ocr_carea' id='block_1_74' title="bbox 2013 1618 3589 1692">
    <p class='ocr_par' dir='ltr' id='par_1_74' title="bbox 2013 1618 3589 1692">
     <span class='ocr_line' id='line_1_74' title="bbox 2013 1618 3589 1692; baseline 0.005 -20"><span class='ocrx_word' id='word_1_545' title='bbox 2013 1618 2402 1687; x_wconf 80' lang='lat' dir='ltr'><strong>Cappadociam</strong></span> <span class='ocrx_word' id='word_1_546' title='bbox 2430 1620 2757 1689; x_wconf 89' lang='lat' dir='ltr'><strong>perveniret,</strong></span> <span class='ocrx_word' id='word_1_547' title='bbox 2794 1621 3050 1677; x_wconf 89' lang='lat' dir='ltr'><strong>liberatus</strong></span> <span class='ocrx_word' id='word_1_548' title='bbox 3076 1621 3173 1678; x_wconf 89' lang='lat' dir='ltr'><strong>fuit</strong></span> <span class='ocrx_word' id='word_1_549' title='bbox 3202 1639 3230 1676; x_wconf 88' lang='lat' dir='ltr'><strong>a</strong></span> <span class='ocrx_word' id='word_1_550' title='bbox 3252 1625 3433 1680; x_wconf 86' lang='lat' dir='ltr'><strong>Galata</strong></span> <span class='ocrx_word' id='word_1_551' title='bbox 3459 1666 3475 1692; x_wconf 93' lang='lat'><strong>,</strong></span> <span class='ocrx_word' id='word_1_552' title='bbox 3508 1627 3589 1680; x_wconf 85' lang='lat' dir='ltr'><strong>in-</strong></span> 
     </span>
    </p>
   </div>
   <div class='ocr_carea' id='block_1_75' title="bbox 2014 1708 3594 1777">
    <p class='ocr_par' dir='ltr' id='par_1_75' title="bbox 2014 1708 3594 1777">
     <span class='ocr_line' id='line_1_75' title="bbox 2014 1708 3594 1777; baseline 0.006 -17"><span class='ocrx_word' id='word_1_553' title='bbox 2014 1708 2162 1776; x_wconf 89' lang='lat' dir='ltr'><strong>quit,</strong></span> <span class='ocrx_word' id='word_1_554' title='bbox 2188 1708 2277 1777; x_wconf 91' lang='lat' dir='ltr'><strong>qni</strong></span> <span class='ocrx_word' id='word_1_555' title='bbox 2310 1717 2535 1762; x_wconf 88' lang='lat' dir='ltr'><strong>mortem</strong></span> <span class='ocrx_word' id='word_1_556' title='bbox 2567 1709 2666 1764; x_wconf 88' lang='lat' dir='ltr'><strong>sibi</strong></span> <span class='ocrx_word' id='word_1_557' title='bbox 2695 1709 3072 1776; x_wconf 86' lang='lat' dir='ltr'><strong>minitabatur;</strong></span> <span class='ocrx_word' id='word_1_558' title='bbox 3100 1712 3346 1768; x_wconf 86' lang='lat' dir='ltr'><strong>videlicet</strong></span> <span class='ocrx_word' id='word_1_559' title='bbox 3366 1729 3394 1766; x_wconf 89' lang='lat' dir='ltr'><strong>a</strong></span> <span class='ocrx_word' id='word_1_560' title='bbox 3422 1713 3594 1770; x_wconf 87' lang='lat' dir='ltr'><strong>Leon-</strong></span> 
     </span>
    </p>
   </div>
   <div class='ocr_carea' id='block_1_76' title="bbox 2019 1798 3594 1876">
    <p class='ocr_par' dir='ltr' id='par_1_76' title="bbox 2019 1798 3594 1876">
     <span class='ocr_line' id='line_1_76' title="bbox 2019 1798 3594 1876; baseline 0.007 -27"><span class='ocrx_word' id='word_1_561' title='bbox 2019 1798 2089 1850; x_wconf 87' lang='lat' dir='ltr'><strong>tio</strong></span> <span class='ocrx_word' id='word_1_562' title='bbox 2109 1838 2126 1863; x_wconf 93' lang='lat'><strong>,</strong></span> <span class='ocrx_word' id='word_1_563' title='bbox 2158 1799 2384 1868; x_wconf 75' lang='lat' dir='ltr'><strong>Ancyra:</strong></span> <span class='ocrx_word' id='word_1_564' title='bbox 2413 1798 2465 1851; x_wconf 90' lang='lat' dir='ltr'><strong>in</strong></span> <span class='ocrx_word' id='word_1_565' title='bbox 2492 1798 2697 1853; x_wconf 85' lang='lat' dir='ltr'><strong>Galatia</strong></span> <span class='ocrx_word' id='word_1_566' title='bbox 2740 1802 2994 1870; x_wconf 88' lang='lat' dir='ltr'><strong>episeopo</strong></span> <span class='ocrx_word' id='word_1_567' title='bbox 3014 1842 3029 1869; x_wconf 92' lang='lat'><strong>,</strong></span> <span class='ocrx_word' id='word_1_568' title='bbox 3059 1803 3147 1872; x_wconf 88' lang='lat' dir='ltr'><strong>qui</strong></span> <span class='ocrx_word' id='word_1_569' title='bbox 3189 1804 3326 1858; x_wconf 89' lang='lat' dir='ltr'><strong>inter</strong></span> <span class='ocrx_word' id='word_1_570' title='bbox 3349 1806 3594 1876; x_wconf 69' lang='lat' dir='ltr'><strong>primipio</strong></span> 
     </span>
    </p>
   </div>
   <div class='ocr_carea' id='block_1_77' title="bbox 2018 1890 3569 1962">
    <p class='ocr_par' dir='ltr' id='par_1_77' title="bbox 2018 1890 3569 1962">
     <span class='ocr_line' id='line_1_77' title="bbox 2018 1890 3569 1962; baseline 0.005 -18"><span class='ocrx_word' id='word_1_571' title='bbox 2018 1892 2155 1946; x_wconf 89' lang='lat' dir='ltr'><strong>lares</strong></span> <span class='ocrx_word' id='word_1_572' title='bbox 2182 1890 2550 1962; x_wconf 86' lang='lat' dir='ltr'><strong>Chrysostomi</strong></span> <span class='ocrx_word' id='word_1_573' title='bbox 2588 1891 2831 1947; x_wconf 88' lang='lat' dir='ltr'><strong>inimicos</strong></span> <span class='ocrx_word' id='word_1_574' title='bbox 2873 1894 3119 1962; x_wconf 90' lang='lat' dir='ltr'><strong>princeps</strong></span> <span class='ocrx_word' id='word_1_575' title='bbox 3151 1905 3288 1949; x_wconf 81' lang='lat' dir='ltr'><strong>erat.</strong></span> <span class='ocrx_word' id='word_1_576' title='bbox 3316 1896 3419 1951; x_wconf 86' lang='lat' dir='ltr'><strong>Sed</strong></span> <span class='ocrx_word' id='word_1_577' title='bbox 3460 1912 3569 1952; x_wconf 87' lang='lat' dir='ltr'><strong>nun</strong></span> 
     </span>
    </p>
   </div>
   <div class='ocr_carea' id='block_1_78' title="bbox 2019 1981 3589 2057">
    <p class='ocr_par' dir='ltr' id='par_1_78' title="bbox 2019 1981 3589 2057">
     <span class='ocr_line' id='line_1_78' title="bbox 2019 1981 3589 2057; baseline 0.004 -22"><span class='ocrx_word' id='word_1_578' title='bbox 2019 1983 2202 2036; x_wconf 90' lang='lat' dir='ltr'><strong>tiatum</strong></span> <span class='ocrx_word' id='word_1_579' title='bbox 2251 1981 2333 2037; x_wconf 90' lang='lat' dir='ltr'><strong>illi</strong></span> <span class='ocrx_word' id='word_1_580' title='bbox 2380 1983 2478 2036; x_wconf 93' lang='lat' dir='ltr'><strong>fuit</strong></span> <span class='ocrx_word' id='word_1_581' title='bbox 2523 1981 2893 2050; x_wconf 85' lang='lat' dir='ltr'><strong>Pharctrium,</strong></span> <span class='ocrx_word' id='word_1_582' title='bbox 2935 1984 3192 2040; x_wconf 63' lang='lat' dir='ltr'><strong>Ctesarete</strong></span> <span class='ocrx_word' id='word_1_583' title='bbox 3244 1988 3548 2057; x_wconf 85' lang='lat' dir='ltr'><strong>episc0pum</strong></span> <span class='ocrx_word' id='word_1_584' title='bbox 3575 2031 3589 2053; x_wconf 90' lang='lat'><strong>,</strong></span> 
     </span>
    </p>
   </div>
   <div class='ocr_carea' id='block_1_79' title="bbox 2020 2071 3591 2146">
    <p class='ocr_par' dir='ltr' id='par_1_79' title="bbox 2020 2071 3591 2146">
     <span class='ocr_line' id='line_1_79' title="bbox 2020 2071 3591 2146; baseline 0.005 -22"><span class='ocrx_word' id='word_1_585' title='bbox 2020 2071 2193 2138; x_wconf 85' lang='lat' dir='ltr'><strong>ipsum</strong></span> <span class='ocrx_word' id='word_1_586' title='bbox 2221 2081 2568 2140; x_wconf 82' lang='lat' dir='ltr'><strong>exspectare,</strong></span> <span class='ocrx_word' id='word_1_587' title='bbox 2597 2080 2652 2126; x_wconf 91' lang='lat' dir='ltr'><strong>ut</strong></span> <span class='ocrx_word' id='word_1_588' title='bbox 2686 2072 2799 2140; x_wconf 89' lang='lat' dir='ltr'><strong>ipse</strong></span> <span class='ocrx_word' id='word_1_589' title='bbox 2837 2087 2997 2129; x_wconf 88' lang='lat' dir='ltr'><strong>omne</strong></span> <span class='ocrx_word' id='word_1_590' title='bbox 3041 2075 3277 2130; x_wconf 90' lang='lat' dir='ltr'><strong>caritatis</strong></span> <span class='ocrx_word' id='word_1_591' title='bbox 3322 2078 3591 2146; x_wconf 81' lang='lat' dir='ltr'><strong>specimen</strong></span> 
     </span>
    </p>
   </div>
   <div class='ocr_carea' id='block_1_80' title="bbox 2018 2161 3592 2230">
    <p class='ocr_par' dir='ltr' id='par_1_80' title="bbox 2018 2161 3592 2230">
     <span class='ocr_line' id='line_1_80' title="bbox 2018 2161 3592 2230; baseline 0.005 -14"><span class='ocrx_word' id='word_1_592' title='bbox 2018 2161 2315 2217; x_wconf 79' lang='lat' dir='ltr'><strong>exhiberet.</strong></span> <span class='ocrx_word' id='word_1_593' title='bbox 2344 2162 2437 2217; x_wconf 86' lang='lat' dir='ltr'><strong>ille</strong></span> <span class='ocrx_word' id='word_1_594' title='bbox 2462 2177 2592 2217; x_wconf 86' lang='lat' dir='ltr'><strong>vero</strong></span> <span class='ocrx_word' id='word_1_595' title='bbox 2641 2163 2706 2217; x_wconf 91' lang='lat' dir='ltr'><strong>iis</strong></span> <span class='ocrx_word' id='word_1_596' title='bbox 2747 2163 2903 2217; x_wconf 90' lang='lat' dir='ltr'><strong>ﬁdem</strong></span> <span class='ocrx_word' id='word_1_597' title='bbox 2936 2179 3041 2218; x_wconf 93' lang='lat' dir='ltr'><strong>non</strong></span> <span class='ocrx_word' id='word_1_598' title='bbox 3070 2164 3254 2221; x_wconf 90' lang='lat' dir='ltr'><strong>habuit</strong></span> <span class='ocrx_word' id='word_1_599' title='bbox 3274 2208 3288 2230; x_wconf 91' lang='lat'><strong>,</strong></span> <span class='ocrx_word' id='word_1_600' title='bbox 3321 2168 3426 2221; x_wconf 92' lang='lat' dir='ltr'><strong>imo</strong></span> <span class='ocrx_word' id='word_1_601' title='bbox 3463 2182 3592 2224; x_wconf 90' lang='lat' dir='ltr'><strong>con-</strong></span> 
     </span>
    </p>
   </div>
   <div class='ocr_carea' id='block_1_81' title="bbox 2018 2252 3593 2328">
    <p class='ocr_par' dir='ltr' id='par_1_81' title="bbox 2018 2252 3593 2328">
     <span class='ocr_line' id='line_1_81' title="bbox 2018 2252 3593 2328; baseline 0.005 -23"><span class='ocrx_word' id='word_1_602' title='bbox 2018 2252 2178 2305; x_wconf 90' lang='lat' dir='ltr'><strong>traria</strong></span> <span class='ocrx_word' id='word_1_603' title='bbox 2241 2252 2342 2306; x_wconf 88' lang='lat' dir='ltr'><strong>sibi</strong></span> <span class='ocrx_word' id='word_1_604' title='bbox 2390 2263 2643 2308; x_wconf 87' lang='lat' dir='ltr'><strong>eventura</strong></span> <span class='ocrx_word' id='word_1_605' title='bbox 2698 2255 2933 2323; x_wconf 89' lang='lat' dir='ltr'><strong>putabat.</strong></span> <span class='ocrx_word' id='word_1_606' title='bbox 3003 2255 3345 2328; x_wconf 86' lang='lat' dir='ltr'><strong>Tandemque</strong></span> <span class='ocrx_word' id='word_1_607' title='bbox 3410 2258 3593 2313; x_wconf 69' lang='lat' dir='ltr'><strong>Caesa—</strong></span> 
     </span>
    </p>
   </div>
   <div class='ocr_carea' id='block_1_82' title="bbox 2018 2343 3593 2416">
    <p class='ocr_par' dir='ltr' id='par_1_82' title="bbox 2018 2343 3593 2416">
     <span class='ocr_line' id='line_1_82' title="bbox 2018 2343 3593 2416; baseline 0.006 -20"><span class='ocrx_word' id='word_1_608' title='bbox 2018 2357 2164 2396; x_wconf 82' lang='lat' dir='ltr'><strong>ream</strong></span> <span class='ocrx_word' id='word_1_609' title='bbox 2208 2344 2258 2397; x_wconf 93' lang='lat' dir='ltr'><strong>in</strong></span> <span class='ocrx_word' id='word_1_610' title='bbox 2283 2343 2617 2414; x_wconf 87' lang='lat' dir='ltr'><strong>Cappadocia</strong></span> <span class='ocrx_word' id='word_1_611' title='bbox 2645 2386 2658 2408; x_wconf 91' lang='lat'><strong>,</strong></span> <span class='ocrx_word' id='word_1_612' title='bbox 2691 2345 2912 2414; x_wconf 89' lang='lat' dir='ltr'><strong>perinde</strong></span> <span class='ocrx_word' id='word_1_613' title='bbox 2941 2356 3101 2416; x_wconf 90' lang='lat' dir='ltr'><strong>atque</strong></span> <span class='ocrx_word' id='word_1_614' title='bbox 3137 2365 3170 2402; x_wconf 76' lang='grc' dir='ltr'><strong>ιι</strong></span> <span class='ocrx_word' id='word_1_615' title='bbox 3200 2357 3511 2414; x_wconf 88' lang='lat' dir='ltr'><strong>tempestate</strong></span> <span class='ocrx_word' id='word_1_616' title='bbox 3542 2354 3593 2406; x_wconf 90' lang='lat' dir='ltr'><strong>in</strong></span> 
     </span>
    </p>
   </div>
   <div class='ocr_carea' id='block_1_83' title="bbox 2019 2434 3597 2510">
    <p class='ocr_par' dir='ltr' id='par_1_83' title="bbox 2019 2434 3597 2510">
     <span class='ocr_line' id='line_1_83' title="bbox 2019 2434 3597 2510; baseline 0.006 -25"><span class='ocrx_word' id='word_1_617' title='bbox 2019 2434 2361 2501; x_wconf 87' lang='lat' dir='ltr'><strong>tranquillum</strong></span> <span class='ocrx_word' id='word_1_618' title='bbox 2405 2443 2612 2502; x_wconf 89' lang='lat' dir='ltr'><strong>portum</strong></span> <span class='ocrx_word' id='word_1_619' title='bbox 2657 2436 2917 2504; x_wconf 83' lang='lat' dir='ltr'><strong>pervenit.</strong></span> <span class='ocrx_word' id='word_1_620' title='bbox 2946 2435 3126 2507; x_wconf 86' lang='lat' dir='ltr'><strong>Neque</strong></span> <span class='ocrx_word' id='word_1_621' title='bbox 3145 2439 3330 2496; x_wconf 85' lang='lat' dir='ltr'><strong>statim</strong></span> <span class='ocrx_word' id='word_1_622' title='bbox 3357 2442 3529 2510; x_wconf 84' lang='lat' dir='ltr'><strong>potuit</strong></span> <span class='ocrx_word' id='word_1_623' title='bbox 3566 2457 3597 2494; x_wconf 86' lang='lat' dir='ltr'><strong>a</strong></span> 
     </span>
    </p>
   </div>
   <div class='ocr_carea' id='block_1_84' title="bbox 2020 2522 3594 2599">
    <p class='ocr_par' dir='ltr' id='par_1_84' title="bbox 2020 2522 3594 2599">
     <span class='ocr_line' id='line_1_84' title="bbox 2020 2522 3594 2599; baseline 0.006 -24"><span class='ocrx_word' id='word_1_624' title='bbox 2020 2523 2180 2576; x_wconf 87' lang='lat' dir='ltr'><strong>tantis</strong></span> <span class='ocrx_word' id='word_1_625' title='bbox 2208 2522 2362 2577; x_wconf 83' lang='lat' dir='ltr'><strong>malis</strong></span> <span class='ocrx_word' id='word_1_626' title='bbox 2388 2524 2617 2578; x_wconf 87' lang='lat' dir='ltr'><strong>recreari</strong></span> <span class='ocrx_word' id='word_1_627' title='bbox 2643 2540 2656 2573; x_wconf 90' lang='lat'><strong>:</strong></span> <span class='ocrx_word' id='word_1_628' title='bbox 2688 2524 2780 2578; x_wconf 89' lang='lat' dir='ltr'><strong>sed</strong></span> <span class='ocrx_word' id='word_1_629' title='bbox 2812 2533 2986 2579; x_wconf 90' lang='lat' dir='ltr'><strong>tamen</strong></span> <span class='ocrx_word' id='word_1_630' title='bbox 3026 2529 3259 2582; x_wconf 89' lang='lat' dir='ltr'><strong>animum</strong></span> <span class='ocrx_word' id='word_1_631' title='bbox 3288 2531 3594 2599; x_wconf 86' lang='lat' dir='ltr'><strong>resumpsit,</strong></span> 
     </span>
    </p>
   </div>
   <div class='ocr_carea' id='block_1_85' title="bbox 2021 2614 3599 2684">
    <p class='ocr_par' dir='ltr' id='par_1_85' title="bbox 2021 2614 3599 2684">
     <span class='ocr_line' id='line_1_85' title="bbox 2021 2614 3599 2684; baseline 0.005 -16"><span class='ocrx_word' id='word_1_632' title='bbox 2021 2615 2140 2683; x_wconf 87' lang='lat' dir='ltr'><strong>quia</strong></span> <span class='ocrx_word' id='word_1_633' title='bbox 2189 2628 2379 2683; x_wconf 89' lang='lat' dir='ltr'><strong>puram</strong></span> <span class='ocrx_word' id='word_1_634' title='bbox 2418 2629 2609 2683; x_wconf 88' lang='lat' dir='ltr'><strong>aquam</strong></span> <span class='ocrx_word' id='word_1_635' title='bbox 2658 2614 2828 2677; x_wconf 88' lang='lat' dir='ltr'><strong>bibit,</strong></span> <span class='ocrx_word' id='word_1_636' title='bbox 2868 2631 3059 2684; x_wconf 89' lang='lat' dir='ltr'><strong>panem</strong></span> <span class='ocrx_word' id='word_1_637' title='bbox 3103 2632 3209 2671; x_wconf 88' lang='lat' dir='ltr'><strong>non</strong></span> <span class='ocrx_word' id='word_1_638' title='bbox 3260 2619 3497 2675; x_wconf 74' lang='lat' dir='ltr'><strong>foetidum</strong></span> <span class='ocrx_word' id='word_1_639' title='bbox 3544 2631 3599 2676; x_wconf 83' lang='lat' dir='ltr'><strong>et</strong></span> 
     </span>
    </p>
   </div>
   <div class='ocr_carea' id='block_1_86' title="bbox 2019 2705 3599 2775">
    <p class='ocr_par' dir='ltr' id='par_1_86' title="bbox 2019 2705 3599 2775">
     <span class='ocr_line' id='line_1_86' title="bbox 2019 2705 3599 2775; baseline 0.004 -16"><span class='ocrx_word' id='word_1_640' title='bbox 2019 2705 2209 2759; x_wconf 91' lang='lat' dir='ltr'><strong>durum</strong></span> <span class='ocrx_word' id='word_1_641' title='bbox 2235 2749 2250 2772; x_wconf 90' lang='lat'><strong>,</strong></span> <span class='ocrx_word' id='word_1_642' title='bbox 2277 2715 2336 2760; x_wconf 90' lang='lat' dir='ltr'><strong>ut</strong></span> <span class='ocrx_word' id='word_1_643' title='bbox 2370 2713 2514 2772; x_wconf 89' lang='lat' dir='ltr'><strong>ante,</strong></span> <span class='ocrx_word' id='word_1_644' title='bbox 2542 2705 2807 2770; x_wconf 90' lang='lat' dir='ltr'><strong>comedit,</strong></span> <span class='ocrx_word' id='word_1_645' title='bbox 2840 2706 3048 2762; x_wconf 87' lang='lat' dir='ltr'><strong>balneis</strong></span> <span class='ocrx_word' id='word_1_646' title='bbox 3091 2719 3364 2764; x_wconf 89' lang='lat' dir='ltr'><strong>recreatus</strong></span> <span class='ocrx_word' id='word_1_647' title='bbox 3392 2720 3474 2765; x_wconf 87' lang='lat' dir='ltr'><strong>est</strong></span> <span class='ocrx_word' id='word_1_648' title='bbox 3499 2752 3512 2775; x_wconf 93' lang='lat'><strong>,</strong></span> <span class='ocrx_word' id='word_1_649' title='bbox 3544 2719 3599 2766; x_wconf 85' lang='lat' dir='ltr'><strong>et</strong></span> 
     </span>
    </p>
   </div>
   <div class='ocr_carea' id='block_1_87' title="bbox 2020 2796 3595 2871">
    <p class='ocr_par' dir='ltr' id='par_1_87' title="bbox 2020 2796 3595 2871">
     <span class='ocr_line' id='line_1_87' title="bbox 2020 2796 3595 2871; baseline 0.003 -21"><span class='ocrx_word' id='word_1_650' title='bbox 2020 2798 2074 2850; x_wconf 91' lang='lat' dir='ltr'><strong>in</strong></span> <span class='ocrx_word' id='word_1_651' title='bbox 2103 2797 2243 2852; x_wconf 87' lang='lat' dir='ltr'><strong>lecto</strong></span> <span class='ocrx_word' id='word_1_652' title='bbox 2292 2796 2633 2852; x_wconf 87' lang='lat' dir='ltr'><strong>recumbendi</strong></span> <span class='ocrx_word' id='word_1_653' title='bbox 2687 2806 3005 2866; x_wconf 75' lang='lat' dir='ltr'><strong>pateatatem</strong></span> <span class='ocrx_word' id='word_1_654' title='bbox 3055 2799 3595 2871; x_wconf 60' lang='lat' dir='ltr'><strong>habuiMEpiuJi}.</strong></span> 
     </span>
    </p>
   </div>
   <div class='ocr_carea' id='block_1_88' title="bbox 2020 2886 3599 2962">
    <p class='ocr_par' dir='ltr' id='par_1_88' title="bbox 2020 2886 3599 2962">
     <span class='ocr_line' id='line_1_88' title="bbox 2020 2886 3599 2962; baseline 0.004 -22"><span class='ocrx_word' id='word_1_655' title='bbox 2020 2886 2254 2956; x_wconf 87' lang='lat' dir='ltr'><strong>Eratque</strong></span> <span class='ocrx_word' id='word_1_656' title='bbox 2283 2887 2334 2941; x_wconf 92' lang='lat' dir='ltr'><strong>in</strong></span> <span class='ocrx_word' id='word_1_657' title='bbox 2359 2888 2477 2956; x_wconf 88' lang='lat' dir='ltr'><strong>ipso</strong></span> <span class='ocrx_word' id='word_1_658' title='bbox 2506 2887 2749 2942; x_wconf 61' lang='lat' dir='ltr'><strong>tertiana:</strong></span> <span class='ocrx_word' id='word_1_659' title='bbox 2773 2887 2939 2944; x_wconf 86' lang='lat' dir='ltr'><strong>febris</strong></span> <span class='ocrx_word' id='word_1_660' title='bbox 2962 2889 3176 2954; x_wconf 83' lang='lat' dir='ltr'><strong>ardore,</strong></span> <span class='ocrx_word' id='word_1_661' title='bbox 3206 2891 3599 2962; x_wconf 88' lang='lat' dir='ltr'><strong>hospitiumque</strong></span> 
     </span>
    </p>
   </div>
   <div class='ocr_carea' id='block_1_89' title="bbox 2021 2978 3593 3038">
    <p class='ocr_par' dir='ltr' id='par_1_89' title="bbox 2021 2978 3593 3038">
     <span class='ocr_line' id='line_1_89' title="bbox 2021 2978 3593 3038; baseline 0.004 -7"><span class='ocrx_word' id='word_1_662' title='bbox 2021 2978 2206 3032; x_wconf 81' lang='lat' dir='ltr'><strong>habuit</strong></span> <span class='ocrx_word' id='word_1_663' title='bbox 2248 2978 2300 3032; x_wconf 90' lang='lat' dir='ltr'><strong>in</strong></span> <span class='ocrx_word' id='word_1_664' title='bbox 2348 2987 2597 3033; x_wconf 70' lang='lat' dir='ltr'><strong>extremo</strong></span> <span class='ocrx_word' id='word_1_665' title='bbox 2634 2979 2781 3034; x_wconf 89' lang='lat' dir='ltr'><strong>urbis</strong></span> <span class='ocrx_word' id='word_1_666' title='bbox 2811 2994 3047 3036; x_wconf 88' lang='lat' dir='ltr'><strong>recessu.</strong></span> <span class='ocrx_word' id='word_1_667' title='bbox 3065 2980 3202 3035; x_wconf 90' lang='lat' dir='ltr'><strong>Tum</strong></span> <span class='ocrx_word' id='word_1_668' title='bbox 3240 2997 3364 3036; x_wconf 87' lang='lat' dir='ltr'><strong>vero</strong></span> <span class='ocrx_word' id='word_1_669' title='bbox 3411 2982 3593 3038; x_wconf 80' lang='lat' dir='ltr'><strong>clerici</strong></span> 
     </span>
    </p>
   </div>
   <div class='ocr_carea' id='block_1_90' title="bbox 1965 3067 3599 3139">
    <p class='ocr_par' dir='ltr' id='par_1_90' title="bbox 1965 3067 3599 3139">
     <span class='ocr_line' id='line_1_90' title="bbox 1965 3067 3599 3139; baseline 0.003 -18"><span class='ocrx_word' id='word_1_670' title='bbox 1965 3137 1968 3139; x_wconf 12' lang='grc' dir='ltr'><strong>Α</strong></span> <span class='ocrx_word' id='word_1_671' title='bbox 2018 3081 2225 3131; x_wconf 86' lang='lat' dir='ltr'><strong>omnes,</strong></span> <span class='ocrx_word' id='word_1_672' title='bbox 2260 3067 2523 3138; x_wconf 89' lang='lat' dir='ltr'><strong>populus,</strong></span> <span class='ocrx_word' id='word_1_673' title='bbox 2552 3068 2836 3129; x_wconf 90' lang='lat' dir='ltr'><strong>monachi,</strong></span> <span class='ocrx_word' id='word_1_674' title='bbox 2868 3069 3168 3136; x_wconf 59' lang='lat' dir='ltr'><strong>monachae,</strong></span> <span class='ocrx_word' id='word_1_675' title='bbox 3200 3070 3388 3125; x_wconf 89' lang='lat' dir='ltr'><strong>medici</strong></span> <span class='ocrx_word' id='word_1_676' title='bbox 3413 3070 3599 3126; x_wconf 83' lang='lat' dir='ltr'><strong>adfue-</strong></span> 
     </span>
    </p>
   </div>
   <div class='ocr_carea' id='block_1_91' title="bbox 2019 3156 3601 3229">
    <p class='ocr_par' dir='ltr' id='par_1_91' title="bbox 2019 3156 3601 3229">
     <span class='ocr_line' id='line_1_91' title="bbox 2019 3156 3601 3229; baseline 0.004 -19"><span class='ocrx_word' id='word_1_677' title='bbox 2019 3166 2164 3221; x_wconf 88' lang='lat' dir='ltr'><strong>runt,</strong></span> <span class='ocrx_word' id='word_1_678' title='bbox 2191 3172 2218 3209; x_wconf 89' lang='lat' dir='ltr'><strong>a</strong></span> <span class='ocrx_word' id='word_1_679' title='bbox 2247 3157 2439 3225; x_wconf 88' lang='lat' dir='ltr'><strong>quibus</strong></span> <span class='ocrx_word' id='word_1_680' title='bbox 2467 3171 2719 3226; x_wconf 89' lang='lat' dir='ltr'><strong>perquam</strong></span> <span class='ocrx_word' id='word_1_681' title='bbox 2746 3156 2986 3213; x_wconf 83' lang='lat' dir='ltr'><strong>officiose</strong></span> <span class='ocrx_word' id='word_1_682' title='bbox 3004 3169 3257 3229; x_wconf 87' lang='lat' dir='ltr'><strong>exceptus</strong></span> <span class='ocrx_word' id='word_1_683' title='bbox 3282 3160 3400 3225; x_wconf 88' lang='lat' dir='ltr'><strong>fuit,</strong></span> <span class='ocrx_word' id='word_1_684' title='bbox 3425 3163 3601 3216; x_wconf 85' lang='lat' dir='ltr'><strong>omni-</strong></span> 
     </span>
    </p>
   </div>
   <div class='ocr_carea' id='block_1_92' title="bbox 2018 3245 3602 3318">
    <p class='ocr_par' dir='ltr' id='par_1_92' title="bbox 2018 3245 3602 3318">
     <span class='ocr_line' id='line_1_92' title="bbox 2018 3245 3602 3318; baseline 0.003 -18"><span class='ocrx_word' id='word_1_685' title='bbox 2018 3245 2118 3300; x_wconf 87' lang='lat' dir='ltr'><strong>bus</strong></span> <span class='ocrx_word' id='word_1_686' title='bbox 2146 3245 2519 3301; x_wconf 88' lang='lat' dir='ltr'><strong>famulantibus</strong></span> <span class='ocrx_word' id='word_1_687' title='bbox 2541 3257 2602 3301; x_wconf 87' lang='lat' dir='ltr'><strong>et</strong></span> <span class='ocrx_word' id='word_1_688' title='bbox 2623 3248 2923 3301; x_wconf 86' lang='lat' dir='ltr'><strong>necessaria</strong></span> <span class='ocrx_word' id='word_1_689' title='bbox 2953 3263 3175 3318; x_wconf 65' lang='lat' dir='ltr'><strong>quaeque</strong></span> <span class='ocrx_word' id='word_1_690' title='bbox 3216 3249 3318 3318; x_wconf 82' lang='lat' dir='ltr'><strong>ipsi</strong></span> <span class='ocrx_word' id='word_1_691' title='bbox 3345 3251 3602 3305; x_wconf 52' lang='lat' dir='ltr'><strong>submittis</strong></span> 
     </span>
    </p>
   </div>
   <div class='ocr_carea' id='block_1_93' title="bbox 2025 3335 3599 3406">
    <p class='ocr_par' dir='ltr' id='par_1_93' title="bbox 2025 3335 3599 3406">
     <span class='ocr_line' id='line_1_93' title="bbox 2025 3335 3599 3406; baseline 0.003 -18"><span class='ocrx_word' id='word_1_692' title='bbox 2025 3335 2341 3391; x_wconf 88' lang='lat' dir='ltr'><strong>strantibus.</strong></span> <span class='ocrx_word' id='word_1_693' title='bbox 2368 3335 2515 3392; x_wconf 84' lang='lat' dir='ltr'><strong>Tunc</strong></span> <span class='ocrx_word' id='word_1_694' title='bbox 2544 3346 2721 3391; x_wconf 80' lang='lat' dir='ltr'><strong>autem</strong></span> <span class='ocrx_word' id='word_1_695' title='bbox 2751 3337 2948 3406; x_wconf 88' lang='lat' dir='ltr'><strong>ingenti</strong></span> <span class='ocrx_word' id='word_1_696' title='bbox 2978 3338 3205 3394; x_wconf 77' lang='lat' dir='ltr'><strong>ﬂammae</strong></span> <span class='ocrx_word' id='word_1_697' title='bbox 3229 3339 3419 3395; x_wconf 86' lang='lat' dir='ltr'><strong>ardore</strong></span> <span class='ocrx_word' id='word_1_698' title='bbox 3442 3340 3599 3395; x_wconf 80' lang='lat' dir='ltr'><strong>defla-</strong></span> 
     </span>
    </p>
   </div>
   <div class='ocr_carea' id='block_1_94' title="bbox 2023 3425 3602 3499">
    <p class='ocr_par' dir='ltr' id='par_1_94' title="bbox 2023 3425 3602 3499">
     <span class='ocr_line' id='line_1_94' title="bbox 2023 3425 3602 3499; baseline 0.005 -22"><span class='ocrx_word' id='word_1_699' title='bbox 2023 3439 2212 3493; x_wconf 81' lang='lat' dir='ltr'><strong>grans,</strong></span> <span class='ocrx_word' id='word_1_700' title='bbox 2246 3425 2298 3479; x_wconf 93' lang='lat' dir='ltr'><strong>in</strong></span> <span class='ocrx_word' id='word_1_701' title='bbox 2329 3436 2570 3480; x_wconf 86' lang='lat' dir='ltr'><strong>extremo</strong></span> <span class='ocrx_word' id='word_1_702' title='bbox 2599 3426 2833 3494; x_wconf 90' lang='lat' dir='ltr'><strong>periculo</strong></span> <span class='ocrx_word' id='word_1_703' title='bbox 2860 3427 3171 3482; x_wconf 89' lang='lat' dir='ltr'><strong>versabatur</strong></span> <span class='ocrx_word' id='word_1_704' title='bbox 3199 3446 3212 3481; x_wconf 91' lang='lat'>:</span> <span class='ocrx_word' id='word_1_705' title='bbox 3240 3429 3452 3484; x_wconf 88' lang='lat' dir='ltr'><strong>demum</strong></span> <span class='ocrx_word' id='word_1_706' title='bbox 3475 3445 3602 3499; x_wconf 81' lang='lat' dir='ltr'><strong>pau-</strong></span> 
     </span>
    </p>
   </div>
   <div class='ocr_carea' id='block_1_95' title="bbox 2022 3515 3602 3586">
    <p class='ocr_par' dir='ltr' id='par_1_95' title="bbox 2022 3515 3602 3586">
     <span class='ocr_line' id='line_1_95' title="bbox 2022 3515 3602 3586; baseline 0.003 -17"><span class='ocrx_word' id='word_1_707' title='bbox 2022 3515 2167 3569; x_wconf 85' lang='lat' dir='ltr'><strong>latim</strong></span> <span class='ocrx_word' id='word_1_708' title='bbox 2199 3515 2472 3570; x_wconf 85' lang='lat' dir='ltr'><strong>remittere</strong></span> <span class='ocrx_word' id='word_1_709' title='bbox 2501 3529 2564 3570; x_wconf 88' lang='lat' dir='ltr'><strong>ac</strong></span> <span class='ocrx_word' id='word_1_710' title='bbox 2597 3515 2772 3573; x_wconf 84' lang='lat' dir='ltr'><strong>sedari</strong></span> <span class='ocrx_word' id='word_1_711' title='bbox 2816 3516 3036 3572; x_wconf 86' lang='lat' dir='ltr'><strong>morbus</strong></span> <span class='ocrx_word' id='word_1_712' title='bbox 3076 3519 3255 3586; x_wconf 62' lang='lat' dir='ltr'><strong>capit.</strong></span> <span class='ocrx_word' id='word_1_713' title='bbox 3300 3519 3602 3575; x_wconf 79' lang='lat' dir='ltr'><strong>l&#39;harezrius</strong></span> 
     </span>
    </p>
   </div>
   <div class='ocr_carea' id='block_1_96' title="bbox 2021 3606 3600 3679">
    <p class='ocr_par' dir='ltr' id='par_1_96' title="bbox 2021 3606 3600 3679">
     <span class='ocr_line' id='line_1_96' title="bbox 2021 3606 3600 3679; baseline 0.003 -19"><span class='ocrx_word' id='word_1_714' title='bbox 2021 3621 2150 3662; x_wconf 85' lang='lat' dir='ltr'><strong>vero</strong></span> <span class='ocrx_word' id='word_1_715' title='bbox 2167 3649 2182 3672; x_wconf 88' lang='lat'><strong>,</strong></span> <span class='ocrx_word' id='word_1_716' title='bbox 2210 3607 2299 3676; x_wconf 90' lang='lat' dir='ltr'><strong>qui</strong></span> <span class='ocrx_word' id='word_1_717' title='bbox 2330 3615 2406 3660; x_wconf 90' lang='lat' dir='ltr'><strong>tot</strong></span> <span class='ocrx_word' id='word_1_718' title='bbox 2432 3607 2667 3662; x_wconf 83' lang='lat' dir='ltr'><strong>venienti</strong></span> <span class='ocrx_word' id='word_1_719' title='bbox 2694 3606 2916 3663; x_wconf 88' lang='lat' dir='ltr'><strong>ofﬁciosi</strong></span> <span class='ocrx_word' id='word_1_720' title='bbox 2941 3607 3105 3663; x_wconf 86' lang='lat' dir='ltr'><strong>animi</strong></span> <span class='ocrx_word' id='word_1_721' title='bbox 3129 3610 3277 3679; x_wconf 87' lang='lat' dir='ltr'><strong>signa</strong></span> <span class='ocrx_word' id='word_1_722' title='bbox 3303 3610 3417 3665; x_wconf 90' lang='lat' dir='ltr'><strong>dari</strong></span> <span class='ocrx_word' id='word_1_723' title='bbox 3443 3626 3600 3665; x_wconf 88' lang='lat' dir='ltr'><strong>cura-</strong></span> 
     </span>
    </p>
   </div>
   <div class='ocr_carea' id='block_1_97' title="bbox 2022 3699 3602 3768">
    <p class='ocr_par' dir='ltr' id='par_1_97' title="bbox 2022 3699 3602 3768">
     <span class='ocr_line' id='line_1_97' title="bbox 2022 3699 3602 3768; baseline 0.002 -16"><span class='ocrx_word' id='word_1_724' title='bbox 2022 3708 2189 3766; x_wconf 80' lang='lat' dir='ltr'><strong>verat,</strong></span> <span class='ocrx_word' id='word_1_725' title='bbox 2219 3713 2502 3768; x_wconf 90' lang='lat' dir='ltr'><strong>nnmquam</strong></span> <span class='ocrx_word' id='word_1_726' title='bbox 2532 3699 2847 3768; x_wconf 89' lang='lat' dir='ltr'><strong>comparuit,</strong></span> <span class='ocrx_word' id='word_1_727' title='bbox 2872 3699 2980 3754; x_wconf 92' lang='lat' dir='ltr'><strong>imo</strong></span> <span class='ocrx_word' id='word_1_728' title='bbox 3004 3699 3120 3754; x_wconf 86' lang='lat' dir='ltr'><strong>dira</strong></span> <span class='ocrx_word' id='word_1_729' title='bbox 3151 3700 3523 3767; x_wconf 86' lang='lat' dir='ltr'><strong>meditabatur,</strong></span> <span class='ocrx_word' id='word_1_730' title='bbox 3545 3710 3602 3755; x_wconf 88' lang='lat' dir='ltr'><strong>ut</strong></span> 
     </span>
    </p>
   </div>
   <div class='ocr_carea' id='block_1_98' title="bbox 2021 3790 3603 3847">
    <p class='ocr_par' dir='ltr' id='par_1_98' title="bbox 2021 3790 3603 3847">
     <span class='ocr_line' id='line_1_98' title="bbox 2021 3790 3603 3847; baseline 0.001 -2"><span class='ocrx_word' id='word_1_731' title='bbox 2021 3790 2337 3846; x_wconf 75' lang='lat' dir='ltr'><strong>videbimus.</strong></span> <span class='ocrx_word' id='word_1_732' title='bbox 2371 3790 2845 3846; x_wconf 76' lang='lat' dir='ltr'><strong>Praestantissimos</strong></span> <span class='ocrx_word' id='word_1_733' title='bbox 2870 3800 3047 3845; x_wconf 89' lang='lat' dir='ltr'><strong>autem</strong></span> <span class='ocrx_word' id='word_1_734' title='bbox 3077 3790 3151 3845; x_wconf 89' lang='lat' dir='ltr'><strong>ibi</strong></span> <span class='ocrx_word' id='word_1_735' title='bbox 3193 3791 3603 3847; x_wconf 71' lang='lat' dir='ltr'><strong>celeberrimos-</strong></span> 
     </span>
    </p>
   </div>
   <div class='ocr_carea' id='block_1_99' title="bbox 2021 3881 3602 3952">
    <p class='ocr_par' dir='ltr' id='par_1_99' title="bbox 2021 3881 3602 3952">
     <span class='ocr_line' id='line_1_99' title="bbox 2021 3881 3602 3952; baseline 0.001 -16"><span class='ocrx_word' id='word_1_736' title='bbox 2021 3897 2141 3952; x_wconf 44' lang='lat' dir='ltr'><strong>que.</strong></span> <span class='ocrx_word' id='word_1_737' title='bbox 2151 3882 2385 3937; x_wconf 83' lang='lat' dir='ltr'><strong>medicos</strong></span> <span class='ocrx_word' id='word_1_738' title='bbox 2405 3882 2587 3937; x_wconf 86' lang='lat' dir='ltr'><strong>habuit</strong></span> <span class='ocrx_word' id='word_1_739' title='bbox 2618 3881 2804 3951; x_wconf 75' lang='lat' dir='ltr'><strong>(Epist.</strong></span> <span class='ocrx_word' id='word_1_740' title='bbox 2826 3881 2939 3952; x_wconf 74' lang='grc'><strong>12),</strong></span> <span class='ocrx_word' id='word_1_741' title='bbox 2960 3896 2991 3936; x_wconf 89' lang='lat' dir='ltr'><strong>a</strong></span> <span class='ocrx_word' id='word_1_742' title='bbox 3009 3882 3201 3951; x_wconf 90' lang='lat' dir='ltr'><strong>quibus</strong></span> <span class='ocrx_word' id='word_1_743' title='bbox 3216 3897 3322 3937; x_wconf 89' lang='lat' dir='ltr'><strong>non</strong></span> <span class='ocrx_word' id='word_1_744' title='bbox 3346 3893 3451 3937; x_wconf 89' lang='lat' dir='ltr'><strong>tam</strong></span> <span class='ocrx_word' id='word_1_745' title='bbox 3473 3883 3602 3937; x_wconf 89' lang='lat' dir='ltr'><strong>artis</strong></span> 
     </span>
    </p>
   </div>
   <div class='ocr_carea' id='block_1_100' title="bbox 2022 3972 3603 4042">
    <p class='ocr_par' dir='ltr' id='par_1_100' title="bbox 2022 3972 3603 4042">
     <span class='ocr_line' id='line_1_100' title="bbox 2022 3972 3603 4042; baseline -0.001 -15"><span class='ocrx_word' id='word_1_746' title='bbox 2022 3972 2273 4028; x_wconf 83' lang='lat' dir='ltr'><strong>subsidiis</strong></span> <span class='ocrx_word' id='word_1_747' title='bbox 2295 4014 2309 4036; x_wconf 92' lang='lat'><strong>,</strong></span> <span class='ocrx_word' id='word_1_748' title='bbox 2332 3988 2490 4042; x_wconf 90' lang='lat' dir='ltr'><strong>quam</strong></span> <span class='ocrx_word' id='word_1_749' title='bbox 2528 3972 2994 4027; x_wconf 87' lang='lat' dir='ltr'><strong>commiseratione</strong></span> <span class='ocrx_word' id='word_1_750' title='bbox 3021 3981 3073 4027; x_wconf 89' lang='lat' dir='ltr'><strong>et</strong></span> <span class='ocrx_word' id='word_1_751' title='bbox 3110 3972 3342 4027; x_wconf 87' lang='lat' dir='ltr'><strong>amicitia</strong></span> <span class='ocrx_word' id='word_1_752' title='bbox 3384 3974 3603 4026; x_wconf 82' lang='lat' dir='ltr'><strong>curaha-</strong></span> 
     </span>
    </p>
   </div>
   <div class='ocr_carea' id='block_1_101' title="bbox 2025 4061 3605 4131">
    <p class='ocr_par' dir='ltr' id='par_1_101' title="bbox 2025 4061 3605 4131">
     <span class='ocr_line' id='line_1_101' title="bbox 2025 4061 3605 4131; baseline 0 -16"><span class='ocrx_word' id='word_1_753' title='bbox 2025 4070 2128 4115; x_wconf 91' lang='lat' dir='ltr'><strong>tur.</strong></span> <span class='ocrx_word' id='word_1_754' title='bbox 2151 4062 2388 4129; x_wconf 84' lang='lat' dir='ltr'><strong>Quorum</strong></span> <span class='ocrx_word' id='word_1_755' title='bbox 2418 4063 2578 4117; x_wconf 90' lang='lat' dir='ltr'><strong>etiam</strong></span> <span class='ocrx_word' id='word_1_756' title='bbox 2627 4076 2763 4116; x_wconf 89' lang='lat' dir='ltr'><strong>unus</strong></span> <span class='ocrx_word' id='word_1_757' title='bbox 2782 4102 2798 4128; x_wconf 93' lang='lat'><strong>,</strong></span> <span class='ocrx_word' id='word_1_758' title='bbox 2835 4076 2941 4131; x_wconf 87' lang='lat' dir='ltr'><strong>quo</strong></span> <span class='ocrx_word' id='word_1_759' title='bbox 2971 4061 3058 4116; x_wconf 89' lang='lat' dir='ltr'><strong>ille</strong></span> <span class='ocrx_word' id='word_1_760' title='bbox 3100 4071 3283 4129; x_wconf 86' lang='lat' dir='ltr'><strong>postea</strong></span> <span class='ocrx_word' id='word_1_761' title='bbox 3312 4076 3521 4129; x_wconf 85' lang='lat' dir='ltr'><strong>semper</strong></span> <span class='ocrx_word' id='word_1_762' title='bbox 3552 4076 3605 4117; x_wconf 85' lang='lat' dir='ltr'><strong>ut</strong></span> 
     </span>
    </p>
   </div>
   <div class='ocr_carea' id='block_1_102' title="bbox 2024 4151 3605 4221">
    <p class='ocr_par' dir='ltr' id='par_1_102' title="bbox 2024 4151 3605 4221">
     <span class='ocr_line' id='line_1_102' title="bbox 2024 4151 3605 4221; baseline 0.003 -16"><span class='ocrx_word' id='word_1_763' title='bbox 2024 4151 2231 4206; x_wconf 83' lang='lat' dir='ltr'><strong>medico</strong></span> <span class='ocrx_word' id='word_1_764' title='bbox 2272 4162 2326 4207; x_wconf 90' lang='lat' dir='ltr'><strong>et</strong></span> <span class='ocrx_word' id='word_1_765' title='bbox 2354 4152 2525 4208; x_wconf 89' lang='lat' dir='ltr'><strong>amico</strong></span> <span class='ocrx_word' id='word_1_766' title='bbox 2570 4167 2696 4206; x_wconf 89' lang='lat' dir='ltr'><strong>usus</strong></span> <span class='ocrx_word' id='word_1_767' title='bbox 2723 4161 2838 4215; x_wconf 89' lang='lat' dir='ltr'><strong>est,</strong></span> <span class='ocrx_word' id='word_1_768' title='bbox 2869 4167 3049 4207; x_wconf 88' lang='lat' dir='ltr'><strong>secum</strong></span> <span class='ocrx_word' id='word_1_769' title='bbox 3095 4152 3453 4221; x_wconf 83' lang='lat' dir='ltr'><strong>profecturum</strong></span> <span class='ocrx_word' id='word_1_770' title='bbox 3483 4168 3605 4209; x_wconf 78' lang='lat' dir='ltr'><strong>esse</strong></span> 
     </span>
    </p>
   </div>
   <div class='ocr_carea' id='block_1_103' title="bbox 2025 4241 3603 4313">
    <p class='ocr_par' dir='ltr' id='par_1_103' title="bbox 2025 4241 3603 4313">
     <span class='ocr_line' id='line_1_103' title="bbox 2025 4241 3603 4313; baseline 0.001 -19"><span class='ocrx_word' id='word_1_771' title='bbox 2025 4241 2327 4310; x_wconf 79' lang='lat' dir='ltr'><strong>spopondit,</strong></span> <span class='ocrx_word' id='word_1_772' title='bbox 2358 4241 2590 4310; x_wconf 85' lang='lat' dir='ltr'><strong>itemque</strong></span> <span class='ocrx_word' id='word_1_773' title='bbox 2642 4242 2729 4295; x_wconf 87' lang='lat' dir='ltr'><strong>alii</strong></span> <span class='ocrx_word' id='word_1_774' title='bbox 2769 4243 3070 4311; x_wconf 85' lang='lat' dir='ltr'><strong>complures</strong></span> <span class='ocrx_word' id='word_1_775' title='bbox 3099 4258 3282 4297; x_wconf 88' lang='lat' dir='ltr'><strong>eorum</strong></span> <span class='ocrx_word' id='word_1_776' title='bbox 3308 4243 3396 4313; x_wconf 92' lang='lat' dir='ltr'><strong>qui</strong></span> <span class='ocrx_word' id='word_1_777' title='bbox 3435 4242 3603 4311; x_wconf 75' lang='lat' dir='ltr'><strong>digni-</strong></span> 
     </span>
    </p>
   </div>
   <div class='ocr_carea' id='block_1_104' title="bbox 2028 4331 2445 4400">
    <p class='ocr_par' dir='ltr' id='par_1_104' title="bbox 2028 4331 2445 4400">
     <span class='ocr_line' id='line_1_104' title="bbox 2028 4331 2445 4400; baseline -0.005 -14"><span class='ocrx_word' id='word_1_778' title='bbox 2028 4340 2133 4386; x_wconf 89' lang='lat' dir='ltr'><strong>tate</strong></span> <span class='ocrx_word' id='word_1_779' title='bbox 2156 4331 2445 4400; x_wconf 82' lang='lat' dir='ltr'><strong>pollebant.</strong></span> 
     </span>
    </p>
   </div>
   <div class='ocr_carea' id='block_1_105' title="bbox 2097 4423 3604 4492">
    <p class='ocr_par' dir='ltr' id='par_1_105' title="bbox 2097 4423 3604 4492">
     <span class='ocr_line' id='line_1_105' title="bbox 2097 4423 3604 4492; baseline 0 -15"><span class='ocrx_word' id='word_1_780' title='bbox 2097 4423 2249 4480; x_wconf 89' lang='lat' dir='ltr'><strong>Illum</strong></span> <span class='ocrx_word' id='word_1_781' title='bbox 2275 4423 2540 4477; x_wconf 90' lang='lat' dir='ltr'><strong>visitatum</strong></span> <span class='ocrx_word' id='word_1_782' title='bbox 2571 4424 2716 4477; x_wconf 88' lang='lat' dir='ltr'><strong>venit</strong></span> <span class='ocrx_word' id='word_1_783' title='bbox 2735 4423 2898 4478; x_wconf 86' lang='lat' dir='ltr'><strong>frater</strong></span> <span class='ocrx_word' id='word_1_784' title='bbox 2927 4424 3138 4477; x_wconf 82' lang='lat' dir='ltr'><strong>Maximi</strong></span> <span class='ocrx_word' id='word_1_785' title='bbox 3159 4425 3418 4492; x_wconf 88' lang='lat' dir='ltr'><strong>episcopi,</strong></span> <span class='ocrx_word' id='word_1_786' title='bbox 3447 4439 3474 4476; x_wconf 90' lang='lat' dir='ltr'><strong>a</strong></span> <span class='ocrx_word' id='word_1_787' title='bbox 3500 4438 3604 4492; x_wconf 86' lang='lat' dir='ltr'><strong>quo</strong></span> 
     </span>
    </p>
   </div>
   <div class='ocr_carea' id='block_1_106' title="bbox 2027 4512 3604 4583">
    <p class='ocr_par' dir='ltr' id='par_1_106' title="bbox 2027 4512 3604 4583">
     <span class='ocr_line' id='line_1_106' title="bbox 2027 4512 3604 4583; baseline -0.002 -14"><span class='ocrx_word' id='word_1_788' title='bbox 2027 4530 2085 4569; x_wconf 86' lang='lat' dir='ltr'><strong>se</strong></span> <span class='ocrx_word' id='word_1_789' title='bbox 2125 4513 2373 4583; x_wconf 89' lang='lat' dir='ltr'><strong>sperabat</strong></span> <span class='ocrx_word' id='word_1_790' title='bbox 2413 4513 2596 4567; x_wconf 89' lang='lat' dir='ltr'><strong>literas</strong></span> <span class='ocrx_word' id='word_1_791' title='bbox 2638 4522 2979 4581; x_wconf 88' lang='lat' dir='ltr'><strong>accepturum</strong></span> <span class='ocrx_word' id='word_1_792' title='bbox 3009 4512 3335 4582; x_wconf 73' lang='lat' dir='ltr'><strong>Olympiadis</strong></span> <span class='ocrx_word' id='word_1_793' title='bbox 3360 4520 3413 4567; x_wconf 76' lang='lat' dir='ltr'><strong>et</strong></span> <span class='ocrx_word' id='word_1_794' title='bbox 3444 4512 3604 4580; x_wconf 81' lang='lat' dir='ltr'><strong>Tigrii</strong></span> 
     </span>
    </p>
   </div>
   <div class='ocr_carea' id='block_1_107' title="bbox 2029 4601 3596 4675">
    <p class='ocr_par' dir='ltr' id='par_1_107' title="bbox 2029 4601 3596 4675">
     <span class='ocr_line' id='line_1_107' title="bbox 2029 4601 3596 4675; baseline -0.003 -16"><span class='ocrx_word' id='word_1_795' title='bbox 2029 4603 2346 4675; x_wconf 85' lang='lat' dir='ltr'><strong>presbyteri.</strong></span> <span class='ocrx_word' id='word_1_796' title='bbox 2378 4603 2571 4657; x_wconf 80' lang='lat' dir='ltr'><strong>Verum</strong></span> <span class='ocrx_word' id='word_1_797' title='bbox 2597 4601 2869 4670; x_wconf 86' lang='lat' dir='ltr'><strong>respondit</strong></span> <span class='ocrx_word' id='word_1_798' title='bbox 2909 4602 2997 4655; x_wconf 91' lang='lat' dir='ltr'><strong>ille</strong></span> <span class='ocrx_word' id='word_1_799' title='bbox 3016 4642 3033 4665; x_wconf 96' lang='lat'><strong>,</strong></span> <span class='ocrx_word' id='word_1_800' title='bbox 3063 4616 3125 4656; x_wconf 88' lang='lat' dir='ltr'><strong>se</strong></span> <span class='ocrx_word' id='word_1_801' title='bbox 3159 4601 3340 4656; x_wconf 77' lang='lat' dir='ltr'><strong>literas</strong></span> <span class='ocrx_word' id='word_1_802' title='bbox 3369 4601 3596 4670; x_wconf 83' lang='lat' dir='ltr'><strong>postula-</strong></span> 
     </span>
    </p>
   </div>
   <div class='ocr_carea' id='block_1_108' title="bbox 2029 4691 3606 4761">
    <p class='ocr_par' dir='ltr' id='par_1_108' title="bbox 2029 4691 3606 4761">
     <span class='ocr_line' id='line_1_108' title="bbox 2029 4691 3606 4761; baseline 0.001 -14"><span class='ocrx_word' id='word_1_803' title='bbox 2029 4695 2188 4761; x_wconf 79' lang='lat' dir='ltr'><strong>visse,</strong></span> <span class='ocrx_word' id='word_1_804' title='bbox 2220 4693 2312 4749; x_wconf 90' lang='lat' dir='ltr'><strong>sed</strong></span> <span class='ocrx_word' id='word_1_805' title='bbox 2345 4691 2593 4747; x_wconf 89' lang='lat' dir='ltr'><strong>abnuisse</strong></span> <span class='ocrx_word' id='word_1_806' title='bbox 2631 4692 2769 4747; x_wconf 90' lang='lat' dir='ltr'><strong>illos.</strong></span> <span class='ocrx_word' id='word_1_807' title='bbox 2801 4691 2944 4745; x_wconf 89' lang='lat' dir='ltr'><strong>Binis</strong></span> <span class='ocrx_word' id='word_1_808' title='bbox 2988 4692 3312 4761; x_wconf 81' lang='lat' dir='ltr'><strong>interpositis</strong></span> <span class='ocrx_word' id='word_1_809' title='bbox 3352 4701 3470 4761; x_wconf 86' lang='lat' dir='ltr'><strong>post</strong></span> <span class='ocrx_word' id='word_1_810' title='bbox 3508 4692 3606 4749; x_wconf 85' lang='lat' dir='ltr'><strong>ad-</strong></span> 
     </span>
    </p>
   </div>
   <div class='ocr_carea' id='block_1_109' title="bbox 2029 4780 3598 4852">
    <p class='ocr_par' dir='ltr' id='par_1_109' title="bbox 2029 4780 3598 4852">
     <span class='ocr_line' id='line_1_109' title="bbox 2029 4780 3598 4852; baseline 0 -14"><span class='ocrx_word' id='word_1_811' title='bbox 2029 4793 2244 4840; x_wconf 87' lang='lat' dir='ltr'><strong>ventum</strong></span> <span class='ocrx_word' id='word_1_812' title='bbox 2272 4784 2417 4838; x_wconf 88' lang='lat' dir='ltr'><strong>illius</strong></span> <span class='ocrx_word' id='word_1_813' title='bbox 2440 4782 2626 4837; x_wconf 88' lang='lat' dir='ltr'><strong>diebus</strong></span> <span class='ocrx_word' id='word_1_814' title='bbox 2647 4782 2924 4849; x_wconf 85' lang='lat' dir='ltr'><strong>epistolam</strong></span> <span class='ocrx_word' id='word_1_815' title='bbox 2956 4781 3100 4836; x_wconf 89' lang='lat' dir='ltr'><strong>misit</strong></span> <span class='ocrx_word' id='word_1_816' title='bbox 3124 4781 3190 4837; x_wconf 89' lang='lat' dir='ltr'><strong>ad</strong></span> <span class='ocrx_word' id='word_1_817' title='bbox 3213 4780 3598 4852; x_wconf 88' lang='lat' dir='ltr'><strong>Olympiadem.</strong></span> 
     </span>
    </p>
   </div>
   <div class='ocr_carea' id='block_1_110' title="bbox 2028 4871 3605 4943">
    <p class='ocr_par' dir='ltr' id='par_1_110' title="bbox 2028 4871 3605 4943">
     <span class='ocr_line' id='line_1_110' title="bbox 2028 4871 3605 4943; baseline -0.002 -17"><span class='ocrx_word' id='word_1_818' title='bbox 2028 4889 2185 4943; x_wconf 91' lang='lat' dir='ltr'><strong>quam</strong></span> <span class='ocrx_word' id='word_1_819' title='bbox 2219 4873 2388 4942; x_wconf 89' lang='lat' dir='ltr'><strong>primo</strong></span> <span class='ocrx_word' id='word_1_820' title='bbox 2410 4871 2477 4925; x_wconf 91' lang='lat' dir='ltr'><strong>de</strong></span> <span class='ocrx_word' id='word_1_821' title='bbox 2504 4872 2743 4926; x_wconf 85' lang='lat' dir='ltr'><strong>restituta</strong></span> <span class='ocrx_word' id='word_1_822' title='bbox 2767 4871 3067 4926; x_wconf 87' lang='lat' dir='ltr'><strong>valetudine</strong></span> <span class='ocrx_word' id='word_1_823' title='bbox 3094 4886 3187 4925; x_wconf 89' lang='lat' dir='ltr'><strong>sua</strong></span> <span class='ocrx_word' id='word_1_824' title='bbox 3214 4871 3496 4927; x_wconf 88' lang='lat' dir='ltr'><strong>certiorem</strong></span> <span class='ocrx_word' id='word_1_825' title='bbox 3529 4871 3605 4925; x_wconf 70' lang='grc' dir='ltr'><strong>ι..-</strong></span> 
     </span>
    </p>
   </div>
   <div class='ocr_carea' id='block_1_111' title="bbox 2030 4962 3603 5033">
    <p class='ocr_par' dir='ltr' id='par_1_111' title="bbox 2030 4962 3603 5033">
     <span class='ocr_line' id='line_1_111' title="bbox 2030 4962 3603 5033; baseline 0.001 -16"><span class='ocrx_word' id='word_1_826' title='bbox 2030 4969 2122 5030; x_wconf 86' lang='lat' dir='ltr'><strong>cit,</strong></span> <span class='ocrx_word' id='word_1_827' title='bbox 2153 4964 2325 5033; x_wconf 88' lang='lat' dir='ltr'><strong>deque</strong></span> <span class='ocrx_word' id='word_1_828' title='bbox 2350 4962 2577 5019; x_wconf 88' lang='lat' dir='ltr'><strong>adventu</strong></span> <span class='ocrx_word' id='word_1_829' title='bbox 2604 4963 2779 5016; x_wconf 87' lang='lat' dir='ltr'><strong>fratris</strong></span> <span class='ocrx_word' id='word_1_830' title='bbox 2800 4963 2860 5018; x_wconf 87' lang='lat' dir='ltr'><strong>B.</strong></span> <span class='ocrx_word' id='word_1_831' title='bbox 2889 4964 3098 5016; x_wconf 83' lang='lat' dir='ltr'><strong>Maximi</strong></span> <span class='ocrx_word' id='word_1_832' title='bbox 3129 4964 3360 5033; x_wconf 87' lang='lat' dir='ltr'><strong>episc0pi</strong></span> <span class='ocrx_word' id='word_1_833' title='bbox 3381 5006 3397 5030; x_wconf 87' lang='lat'><strong>,</strong></span> <span class='ocrx_word' id='word_1_834' title='bbox 3424 4963 3603 5033; x_wconf 79' lang='lat' dir='ltr'><strong>objur-</strong></span> 
     </span>
    </p>
   </div>
   <div class='ocr_carea' id='block_1_112' title="bbox 2029 5053 3604 5125">
    <p class='ocr_par' dir='ltr' id='par_1_112' title="bbox 2029 5053 3604 5125">
     <span class='ocr_line' id='line_1_112' title="bbox 2029 5053 3604 5125; baseline 0.003 -19"><span class='ocrx_word' id='word_1_835' title='bbox 2029 5065 2220 5125; x_wconf 84' lang='lat' dir='ltr'><strong>gatque</strong></span> <span class='ocrx_word' id='word_1_836' title='bbox 2244 5054 2386 5108; x_wconf 90' lang='lat' dir='ltr'><strong>illam</strong></span> <span class='ocrx_word' id='word_1_837' title='bbox 2409 5053 2550 5124; x_wconf 90' lang='lat' dir='ltr'><strong>quod</strong></span> <span class='ocrx_word' id='word_1_838' title='bbox 2579 5054 2755 5108; x_wconf 89' lang='lat' dir='ltr'><strong>literas</strong></span> <span class='ocrx_word' id='word_1_839' title='bbox 2775 5054 2845 5108; x_wconf 88' lang='lat' dir='ltr'><strong>ad</strong></span> <span class='ocrx_word' id='word_1_840' title='bbox 2871 5069 2930 5109; x_wconf 91' lang='lat' dir='ltr'><strong>se</strong></span> <span class='ocrx_word' id='word_1_841' title='bbox 2954 5070 3058 5109; x_wconf 90' lang='lat' dir='ltr'><strong>non</strong></span> <span class='ocrx_word' id='word_1_842' title='bbox 3091 5054 3313 5121; x_wconf 89' lang='lat' dir='ltr'><strong>miserit,</strong></span> <span class='ocrx_word' id='word_1_843' title='bbox 3341 5065 3396 5111; x_wconf 89' lang='lat' dir='ltr'><strong>et</strong></span> <span class='ocrx_word' id='word_1_844' title='bbox 3422 5055 3490 5111; x_wconf 86' lang='lat' dir='ltr'><strong>de</strong></span> <span class='ocrx_word' id='word_1_845' title='bbox 3514 5056 3604 5110; x_wconf 86' lang='lat' dir='ltr'><strong>Ti-</strong></span> 
     </span>
    </p>
   </div>
   <div class='ocr_carea' id='block_1_113' title="bbox 2029 5143 3610 5215">
    <p class='ocr_par' dir='ltr' id='par_1_113' title="bbox 2029 5143 3610 5215">
     <span class='ocr_line' id='line_1_113' title="bbox 2029 5143 3610 5215; baseline 0.002 -17"><span class='ocrx_word' id='word_1_846' title='bbox 2029 5145 2147 5214; x_wconf 84' lang='lat' dir='ltr'><strong>grio</strong></span> <span class='ocrx_word' id='word_1_847' title='bbox 2186 5159 2395 5215; x_wconf 88' lang='lat' dir='ltr'><strong>quoque</strong></span> <span class='ocrx_word' id='word_1_848' title='bbox 2433 5143 2617 5200; x_wconf 86' lang='lat' dir='ltr'><strong>eadem</strong></span> <span class='ocrx_word' id='word_1_849' title='bbox 2669 5144 2735 5198; x_wconf 89' lang='lat' dir='ltr'><strong>de</strong></span> <span class='ocrx_word' id='word_1_850' title='bbox 2778 5159 2935 5199; x_wconf 88' lang='lat' dir='ltr'><strong>causa</strong></span> <span class='ocrx_word' id='word_1_851' title='bbox 2974 5146 3336 5215; x_wconf 90' lang='lat' dir='ltr'><strong>conqueritur.</strong></span> <span class='ocrx_word' id='word_1_852' title='bbox 3370 5146 3446 5203; x_wconf 90' lang='lat' dir='ltr'><strong>De</strong></span> <span class='ocrx_word' id='word_1_853' title='bbox 3491 5148 3610 5203; x_wconf 86' lang='lat' dir='ltr'><strong>loco</strong></span> 
     </span>
    </p>
   </div>
   <div class='ocr_carea' id='block_1_114' title="bbox 2034 5235 3611 5301">
    <p class='ocr_par' dir='ltr' id='par_1_114' title="bbox 2034 5235 3611 5301">
     <span class='ocr_line' id='line_1_114' title="bbox 2034 5235 3611 5301; baseline 0.003 -14"><span class='ocrx_word' id='word_1_854' title='bbox 2034 5235 2204 5289; x_wconf 90' lang='lat' dir='ltr'><strong>exsilii</strong></span> <span class='ocrx_word' id='word_1_855' title='bbox 2236 5235 2315 5288; x_wconf 92' lang='lat' dir='ltr'><strong>sui</strong></span> <span class='ocrx_word' id='word_1_856' title='bbox 2347 5236 2598 5288; x_wconf 91' lang='lat' dir='ltr'><strong>mutando</strong></span> <span class='ocrx_word' id='word_1_857' title='bbox 2626 5250 2693 5288; x_wconf 91' lang='lat' dir='ltr'><strong>ne</strong></span> <span class='ocrx_word' id='word_1_858' title='bbox 2720 5235 2856 5289; x_wconf 90' lang='lat' dir='ltr'><strong>ultra</strong></span> <span class='ocrx_word' id='word_1_859' title='bbox 2881 5246 3062 5301; x_wconf 90' lang='lat' dir='ltr'><strong>curet,</strong></span> <span class='ocrx_word' id='word_1_860' title='bbox 3094 5246 3150 5292; x_wconf 93' lang='lat' dir='ltr'><strong>et</strong></span> <span class='ocrx_word' id='word_1_861' title='bbox 3185 5253 3256 5292; x_wconf 90' lang='lat' dir='ltr'><strong>ne</strong></span> <span class='ocrx_word' id='word_1_862' title='bbox 3292 5239 3425 5294; x_wconf 89' lang='lat' dir='ltr'><strong>alios</strong></span> <span class='ocrx_word' id='word_1_863' title='bbox 3460 5239 3611 5297; x_wconf 78' lang='lat' dir='ltr'><strong>adid</strong></span> 
     </span>
    </p>
   </div>
   <div class='ocr_carea' id='block_1_115' title="bbox 2035 5323 3611 5397">
    <p class='ocr_par' dir='ltr' id='par_1_115' title="bbox 2035 5323 3611 5397">
     <span class='ocr_line' id='line_1_115' title="bbox 2035 5323 3611 5397; baseline 0.001 -19"><span class='ocrx_word' id='word_1_864' title='bbox 2035 5323 2405 5391; x_wconf 83' lang='lat' dir='ltr'><strong>postulandum</strong></span> <span class='ocrx_word' id='word_1_865' title='bbox 2435 5323 2683 5378; x_wconf 88' lang='lat' dir='ltr'><strong>adhibeat</strong></span> <span class='ocrx_word' id='word_1_866' title='bbox 2724 5323 2906 5387; x_wconf 83' lang='lat' dir='ltr'><strong>edicit,</strong></span> <span class='ocrx_word' id='word_1_867' title='bbox 2939 5326 3224 5395; x_wconf 83' lang='lat' dir='ltr'><strong>paucisque</strong></span> <span class='ocrx_word' id='word_1_868' title='bbox 3251 5327 3317 5381; x_wconf 90' lang='lat' dir='ltr'><strong>de</strong></span> <span class='ocrx_word' id='word_1_869' title='bbox 3354 5327 3611 5397; x_wconf 65' lang='lat' dir='ltr'><strong>Pergama</strong></span> 
     </span>
    </p>
   </div>
   <div class='ocr_carea' id='block_1_116' title="bbox 2032 5413 3611 5485">
    <p class='ocr_par' dir='ltr' id='par_1_116' title="bbox 2032 5413 3611 5485">
     <span class='ocr_line' id='line_1_116' title="bbox 2032 5413 3611 5485; baseline -0.001 -17"><span class='ocrx_word' id='word_1_870' title='bbox 2032 5414 2303 5468; x_wconf 89' lang='lat' dir='ltr'><strong>sororibus</strong></span> <span class='ocrx_word' id='word_1_871' title='bbox 2325 5454 2341 5479; x_wconf 94' lang='lat'><strong>,</strong></span> <span class='ocrx_word' id='word_1_872' title='bbox 2373 5423 2425 5469; x_wconf 85' lang='lat' dir='ltr'><strong>et</strong></span> <span class='ocrx_word' id='word_1_873' title='bbox 2454 5414 2522 5468; x_wconf 90' lang='lat' dir='ltr'><strong>de</strong></span> <span class='ocrx_word' id='word_1_874' title='bbox 2545 5413 2769 5484; x_wconf 78' lang='lat' dir='ltr'><strong>Cyriaeo</strong></span> <span class='ocrx_word' id='word_1_875' title='bbox 2792 5414 3042 5483; x_wconf 80' lang='lat' dir='ltr'><strong>episeOpo</strong></span> <span class='ocrx_word' id='word_1_876' title='bbox 3071 5415 3263 5470; x_wconf 88' lang='lat' dir='ltr'><strong>additis</strong></span> <span class='ocrx_word' id='word_1_877' title='bbox 3286 5458 3302 5483; x_wconf 96' lang='lat'><strong>,</strong></span> <span class='ocrx_word' id='word_1_878' title='bbox 3334 5418 3611 5485; x_wconf 85' lang='lat' dir='ltr'><strong>epistolam</strong></span> 
     </span>
    </p>
   </div>
   <div class='ocr_carea' id='block_1_117' title="bbox 2033 5504 3612 5575">
    <p class='ocr_par' dir='ltr' id='par_1_117' title="bbox 2033 5504 3612 5575">
     <span class='ocr_line' id='line_1_117' title="bbox 2033 5504 3612 5575; baseline -0.004 -14"><span class='ocrx_word' id='word_1_879' title='bbox 2033 5505 2253 5561; x_wconf 80' lang='lat' dir='ltr'><strong>claudit.</strong></span> <span class='ocrx_word' id='word_1_880' title='bbox 2278 5504 2536 5559; x_wconf 69' lang='lat' dir='ltr'><strong>Cmsarete</strong></span> <span class='ocrx_word' id='word_1_881' title='bbox 2575 5520 2695 5559; x_wconf 91' lang='lat' dir='ltr'><strong>cum</strong></span> <span class='ocrx_word' id='word_1_882' title='bbox 2725 5513 2905 5569; x_wconf 87' lang='lat' dir='ltr'><strong>esset,</strong></span> <span class='ocrx_word' id='word_1_883' title='bbox 2944 5506 3008 5558; x_wconf 87' lang='lat' dir='ltr'><strong>ad</strong></span> <span class='ocrx_word' id='word_1_884' title='bbox 3033 5505 3365 5560; x_wconf 85' lang='lat' dir='ltr'><strong>Theodoram</strong></span> <span class='ocrx_word' id='word_1_885' title='bbox 3404 5520 3612 5575; x_wconf 86' lang='lat' dir='ltr'><strong>quoque</strong></span> 
     </span>
    </p>
   </div>
   <div class='ocr_carea' id='block_1_118' title="bbox 2035 5592 3614 5666">
    <p class='ocr_par' dir='ltr' id='par_1_118' title="bbox 2035 5592 3614 5666">
     <span class='ocr_line' id='line_1_118' title="bbox 2035 5592 3614 5666; baseline -0.002 -17"><span class='ocrx_word' id='word_1_886' title='bbox 2035 5595 2248 5664; x_wconf 87' lang='lat' dir='ltr'><strong>scripsit</strong></span> <span class='ocrx_word' id='word_1_887' title='bbox 2275 5593 2465 5664; x_wconf 77' lang='lat' dir='ltr'><strong>(Epist.</strong></span> <span class='ocrx_word' id='word_1_888' title='bbox 2497 5592 2643 5666; x_wconf 77' lang='lat' dir='ltr'><strong>l20),</strong></span> <span class='ocrx_word' id='word_1_889' title='bbox 2676 5601 2730 5655; x_wconf 87' lang='lat' dir='ltr'><strong>et</strong></span> <span class='ocrx_word' id='word_1_890' title='bbox 2772 5609 2890 5664; x_wconf 69' lang='lat' dir='ltr'><strong>quae</strong></span> <span class='ocrx_word' id='word_1_891' title='bbox 2928 5595 3029 5649; x_wconf 87' lang='lat' dir='ltr'><strong>sibi</strong></span> <span class='ocrx_word' id='word_1_892' title='bbox 3075 5594 3131 5650; x_wconf 83' lang='lat' dir='ltr'><strong>in</strong></span> <span class='ocrx_word' id='word_1_893' title='bbox 3177 5595 3258 5650; x_wconf 89' lang='lat' dir='ltr'><strong>via</strong></span> <span class='ocrx_word' id='word_1_894' title='bbox 3314 5593 3614 5648; x_wconf 85' lang='lat' dir='ltr'><strong>acciderant</strong></span> 
     </span>
    </p>
   </div>
   <div class='ocr_carea' id='block_1_119' title="bbox 2035 5682 3610 5755">
    <p class='ocr_par' dir='ltr' id='par_1_119' title="bbox 2035 5682 3610 5755">
     <span class='ocr_line' id='line_1_119' title="bbox 2035 5682 3610 5755; baseline -0.001 -19"><span class='ocrx_word' id='word_1_895' title='bbox 2035 5686 2212 5753; x_wconf 87' lang='lat' dir='ltr'><strong>paucis</strong></span> <span class='ocrx_word' id='word_1_896' title='bbox 2242 5684 2486 5754; x_wconf 87' lang='lat' dir='ltr'><strong>patefecit</strong></span> <span class='ocrx_word' id='word_1_897' title='bbox 2510 5703 2521 5737; x_wconf 92' lang='lat'>:</span> <span class='ocrx_word' id='word_1_898' title='bbox 2553 5684 2621 5740; x_wconf 92' lang='lat' dir='ltr'><strong>de</strong></span> <span class='ocrx_word' id='word_1_899' title='bbox 2647 5684 2732 5739; x_wconf 89' lang='lat' dir='ltr'><strong>illa</strong></span> <span class='ocrx_word' id='word_1_900' title='bbox 2756 5686 2916 5739; x_wconf 87' lang='lat' dir='ltr'><strong>etiam</strong></span> <span class='ocrx_word' id='word_1_901' title='bbox 2944 5687 3287 5755; x_wconf 89' lang='lat' dir='ltr'><strong>conqueritur</strong></span> <span class='ocrx_word' id='word_1_902' title='bbox 3305 5682 3468 5752; x_wconf 89' lang='lat' dir='ltr'><strong>quod,</strong></span> <span class='ocrx_word' id='word_1_903' title='bbox 3491 5698 3610 5753; x_wconf 67' lang='lat' dir='ltr'><strong>eum</strong></span> 
     </span>
    </p>
   </div>
   <div class='ocr_carea' id='block_1_120' title="bbox 2032 5772 3682 5847">
    <p class='ocr_par' dir='ltr' id='par_1_120' title="bbox 2032 5772 3682 5847">
     <span class='ocr_line' id='line_1_120' title="bbox 2032 5772 3682 5847; baseline -0.001 -19"><span class='ocrx_word' id='word_1_904' title='bbox 2032 5776 2141 5844; x_wconf 83' lang='lat' dir='ltr'><strong>jam</strong></span> <span class='ocrx_word' id='word_1_905' title='bbox 2172 5788 2411 5844; x_wconf 84' lang='lat' dir='ltr'><strong>quartam</strong></span> <span class='ocrx_word' id='word_1_906' title='bbox 2440 5777 2520 5829; x_wconf 85' lang='lat' dir='ltr'><strong>vel</strong></span> <span class='ocrx_word' id='word_1_907' title='bbox 2550 5777 2783 5843; x_wconf 88' lang='lat' dir='ltr'><strong>quintam</strong></span> <span class='ocrx_word' id='word_1_908' title='bbox 2815 5777 3088 5847; x_wconf 79' lang='lat' dir='ltr'><strong>epistolam</strong></span> <span class='ocrx_word' id='word_1_909' title='bbox 3120 5776 3184 5828; x_wconf 90' lang='lat' dir='ltr'><strong>ad</strong></span> <span class='ocrx_word' id='word_1_910' title='bbox 3217 5775 3381 5842; x_wconf 81' lang='lat' dir='ltr'><strong>ipsam</strong></span> <span class='ocrx_word' id='word_1_911' title='bbox 3409 5772 3610 5833; x_wconf 75' lang='lat' dir='ltr'><strong>miserit</strong></span> <span class='ocrx_word' id='word_1_912' title='bbox 3678 5829 3682 5837; x_wconf 65' lang='grc'><strong>,</strong></span> 
     </span>
    </p>
   </div>
  </div>
