4088 6138
473 549 663 620 (Epist.
689 544 833 614 ﬁt),
853 555 1009 597 unam
1033 546 1236 592 tantum
1257 535 1324 588 ab
1345 534 1430 588 illa
1450 533 1716 601 acceperit
1730 530 2038 601 (EpisLlE).

539 641 794 694 Caesareae
831 633 989 687 etiam
1018 629 1256 698 recipere
1300 625 1468 695 potuit
1513 623 1788 693 epistolam
1827 621 2038 686 Arabii,

471 728 566 782 viri
593 726 694 781 sibi
724 719 1093 785 addictissimi,
1121 717 1272 786 cujus
1310 730 1443 770 uxor
1464 712 1763 784 Olympiadi
1798 710 1965 766 amica
1991 718 2044 764 et

469 815 750 872 familiaris
773 822 907 868 erat.
936 811 985 865 ls
1005 825 1125 865 cum
1153 815 1360 878 putaret
1385 806 1533 860 illum
1561 805 1612 856 in
1643 802 1884 856 exsilium
1907 801 2041 854 mitti

464 910 745 974 Sebasten,
769 904 1081 962 obsecrabat
1112 902 1261 956 illum
1310 909 1366 953 ut
1408 898 1687 952 insedibus
1737 896 1847 950 suis
1885 896 1936 949 in
1954 895 2040 948 illa

463 1001 596 1056 urbe
623 999 741 1054 sitis
771 997 925 1053 sedes
946 1001 1187 1064 poneret.
1216 991 1507 1060 Respondit
1535 989 1608 1043 illi
1629 989 2042 1058 Chrysostomus

463 1092 636 1145 exsilii
667 1090 746 1144 sui
795 1090 969 1144 locum
1010 1101 1112 1145 non
1156 1083 1411 1139 Scbasten
1437 1123 1450 1144 ,
1485 1081 1578 1134 sed
1619 1080 1883 1134 Cucusum
1924 1091 2042 1130 esse

466 1181 662 1252 (Epist.
690 1181 836 1250 121).

535 1272 668 1326 Cum
699 1284 827 1340 ergo
869 1268 1100 1322 Joannes
1141 1265 1385 1319 morbum
1423 1262 1621 1317 sensim
1673 1259 1951 1314 remissum
1990 1266 2044 1311 et

465 1362 704 1416 sedatum
746 1372 867 1414 esse
904 1359 1147 1421 videret,
1180 1355 1247 1408 de
1276 1354 1516 1407 discessu
1564 1350 1830 1420 cogitabat
1857 1356 1916 1401 ut
1939 1346 2042 1402 Cu.

465 1467 652 1507 cusum
699 1457 932 1520 peteret,
972 1456 1130 1518 atque
1173 1446 1240 1500 ab
1295 1445 1502 1499 itineris
1530 1442 1781 1496 aerumnis
1831 1439 2042 1494 tandem

465 1543 784 1614 quiesceret.
816 1539 1012 1595 Verum
1053 1538 1228 1593 subito
1268 1536 1542 1590 nuntiatur
1570 1534 1780 1588 Isauros
1810 1547 1931 1586 cum
1957 1530 2041 1585 in-

467 1647 685 1687 numera
713 1631 986 1695 hominum
1036 1642 1195 1682 manu
1221 1625 1605 1680 Caesariensem
1644 1637 1828 1693 agrum
1870 1635 2042 1689 popu-

466 1724 598 1788 lari,
640 1731 798 1791 atque
835 1733 1081 1790 magnum
1128 1716 1390 1787 quoddam
1437 1713 1687 1783 Oppidum
1745 1711 2044 1766 incendisse

464 1831 584 1869 cum
614 1814 808 1884 ingenti
835 1813 1002 1866 clade.
1034 1810 1145 1876 Qua
1173 1824 1233 1862 re
1260 1806 1436 1862 audita
1480 1806 1720 1859 tribunus
1747 1817 1868 1858 cum
1899 1802 2042 1855 utili-

466 1905 606 1959 tibus
631 1903 876 1960 omnibus
903 1901 1015 1954 suis
1057 1899 1186 1953 urbe
1223 1897 1452 1951 excessit
1477 1914 1488 1948 :
1520 1894 1777 1949 timebant
1801 1895 1945 1948 enim
1975 1907 2043 1946 ne

465 1993 651 2047 urbem
673 2005 884 2061 quoque
906 1989 1263 2044 adorirentur.
1295 1984 1493 2040 Omnes
1524 1985 1576 2037 in
1614 1993 1757 2038 metu
1786 1992 1840 2037 et
1882 1983 2044 2050 trepi-

464 2083 679 2137 datione
708 2089 896 2144 erant,
930 2079 996 2133 de
1037 2078 1154 2148 ipso
1197 2091 1405 2146 quoque
1449 2075 1618 2143 patrio
1657 2074 1773 2128 solo
1820 2072 2032 2141 pericli-

466 2182 678 2238 tantes;
710 2172 844 2228 adeo
874 2179 931 2225 ut
958 2185 1116 2224 senes
1136 2169 1293 2222 etiam
1326 2166 1422 2236 ipsi
1455 2180 1724 2220 murorum
1746 2163 2040 2219 custodiam

466 2265 814 2332 susciperent.

543 2353 836 2407 Pharetrins
861 2351 1110 2413 Joannem
1141 2367 1229 2418 per
1254 2349 1524 2402 monachos
1546 2345 1776 2404 Cmam:
1808 2346 1926 2414 pelli
1940 2347 2041 2414 ,ἰασ-

463 2445 562 2497 bet.
588 2473 660 2483 ——
687 2443 992 2498 Pharetrius
1019 2456 1168 2506 vero,
1199 2441 1285 2509 qui
1319 2438 1522 2507 pridem
1555 2437 1935 2491 benevolentia:
1964 2436 2040 2488 si.

463 2550 568 2604 gna
591 2535 780 2589 Joanni
805 2533 1026 2587 dederat
1048 2530 1240 2601 (Epist.
1267 2530 1389 2598 M),
1423 2543 1579 2596 quem
1622 2527 2042 2596 proﬁciscentem

467 2626 782 2689 invitaverat
806 2665 818 2687 ,
844 2624 953 2691 jam
993 2622 1138 2681 illum
1171 2621 1411 2674 Caesarea
1447 2617 1646 2686 pellere
1679 2616 2038 2681 moliebatur;

466 2714 655 2773 mutati
679 2720 854 2766 autem
881 2711 1042 2764 animi
1063 2725 1276 2765 causam
1300 2709 1461 2763 fuisse
1487 2709 1784 2776 suspicatur
1808 2708 2042 2763 Joannes

467 2802 716 2864 invidiam
769 2816 950 2856 unam.
993 2799 1127 2854 Cum
1182 2799 1382 2853 videret
1437 2813 1624 2852 omnes
1674 2797 1740 2852 ad
1785 2797 2044 2853 Joannem

467 2893 773 2957 confluere,
821 2891 1134 2960 Optimates,
1187 2888 1505 2952 monachos,
1567 2889 1801 2959 virgines
1830 2929 1845 2955 ,
1905 2905 2046 2959 pra:-

467 2987 667 3055 fectos,
715 2985 946 3050 milites,
999 2984 1234 3039 medicos
1291 2998 1583 3052 omnesque
1636 2985 1877 3038 certatim
1947 2985 2044 3052 ipsi

467 3076 670 3142 ofﬁcia,
699 3076 1010 3140 ministeria,
1037 3074 1314 3147 facultates
1338 3073 1552 3134 offerre.
1571 3082 1728 3144 atque
1760 3076 1810 3128 in
1841 3083 2044 3144 partem

468 3169 786 3232 calamitatis
821 3169 1035 3233 venire;
1069 3167 1182 3220 haec
1224 3179 1330 3219 non
1377 3167 1448 3219 ita
1497 3165 1726 3220 libenter
1758 3165 1920 3231 vidit,
1951 3166 2044 3220 sed

469 3261 635 3314 livore
660 3259 848 3314 ductus
875 3299 890 3324 ,
920 3258 1090 3328 ipsum
1117 3273 1147 3311 e
1170 3255 1362 3310 ﬁnibus
1397 3257 1508 3310 suis
1534 3257 1736 3325 pellere
1769 3255 2003 3311 decrevit
2028 3274 2044 3311 :

468 3351 535 3404 ad
557 3365 781 3419 eamque
806 3363 918 3404 rem
945 3347 1240 3411 ministerio
1262 3360 1389 3401 usus
1408 3354 1491 3402 est
1514 3347 1894 3403 monachorum
1915 3361 2048 3416 quo-

468 3441 744 3503 rumdam,
777 3439 867 3508 qui
915 3453 980 3492 ex
1025 3453 1084 3492 re
1107 3447 1256 3507 gesta
1305 3437 1371 3493 ad
1423 3438 1790 3506 expeditiones
1837 3439 2040 3493 similes

468 3530 742 3592 exercitati
775 3527 936 3583 fuisse
960 3528 1302 3583 videbantur.
1333 3529 1464 3582 Cum
1505 3542 1634 3594 ergo
1675 3541 1762 3581 res
1807 3542 1872 3581 eo
1896 3568 1910 3590 ,
1940 3542 2046 3596 quo

470 3623 721 3686 diximus,
757 3621 806 3676 in
835 3629 973 3675 statu
1003 3628 1181 3674 essent
1203 3619 1428 3689 quadam
1456 3618 1542 3672 die
1573 3619 1912 3672 illucescente
1949 3633 2045 3671 au-

471 3727 613 3778 rora,
637 3714 1017 3765 monachorum
1049 3724 1236 3778 agmen
1263 3749 1277 3773 ,
1309 3707 1545 3771 domum,
1569 3708 1622 3761 in
1667 3722 1770 3775 qua
1817 3706 2047 3762 Joannes

469 3803 628 3859 sedes
682 3802 908 3856 habebat
951 3802 1297 3864 invaserunt,
1345 3813 1405 3854 se
1451 3813 1570 3852 eam
1621 3799 1966 3862 incensuros,
1995 3807 2049 3852 et

471 3893 659 3949 Joanni
692 3904 928 3954 extrema
976 3906 1199 3962 quaeque
1253 3889 1390 3950 mala
1445 3888 1685 3942 illaturos
1731 3902 1850 3942 esse
1889 3888 2046 3942 mini-

473 3993 644 4040 tantes
663 4027 678 4052 ,
709 3983 809 4039 nisi
836 3982 1014 4038 statim
1035 3979 1363 4036 abscederet.
1391 3978 1498 4032 Nec
1525 3976 1825 4032 Isaurorum
1849 3987 2043 4044 metus,

473 4091 572 4131 nec
600 4077 816 4130 morbus
839 4089 946 4145 quo
975 4083 1101 4129 tunc
1128 4073 1360 4127 Joannes
1407 4070 1776 4140 premebatur,
1821 4071 1940 4124 illos
1963 4072 2046 4125 vel

474 4169 814 4224 humaniores
873 4167 957 4220 vel
1019 4163 1404 4219 moderatiores
1450 4161 1722 4218 reddebat.
1777 4163 2048 4217 lnstabant

474 4271 648 4316 autem
681 4261 1042 4330 urgebantque
1068 4272 1190 4311 cum
1222 4255 1403 4310 furore
1431 4263 1598 4321 tanto,
1625 4265 1682 4309 ut
1709 4255 1809 4324 ipsi
1837 4271 2048 4325 quoque

475 4349 715 4405 Praetorii
769 4347 962 4402 milites
996 4356 1139 4401 metu
1185 4345 1563 4400 afﬁcerentur:
1591 4361 1723 4415 quos
1761 4354 1819 4399 ut
1860 4346 2047 4414 majori

473 4439 664 4491 timore
687 4437 1060 4508 percellerent,
1080 4434 1451 4504 gloriabantur
1478 4449 1536 4489 se
1557 4435 1665 4504 jam
1694 4435 1888 4489 multos
1915 4451 2049 4504 prae-

473 4530 640 4585 torios
662 4530 854 4584 milites
880 4527 1020 4584 fmde
1049 4527 1381 4581 verberasse.

541 4621 636 4676 Bis
684 4621 878 4676 auditis
923 4619 1164 4674 Praetorii
1207 4619 1402 4672 milites
1435 4616 1500 4670 ad
1549 4616 1807 4671 Joannem
1859 4616 2049 4669 conm--

471 4717 652 4784 giunt,
688 4715 966 4782 ipsumque
1003 4720 1189 4780 rogant
1234 4720 1288 4765 et
1334 4711 1615 4764 obsecrant
1657 4719 1734 4776 ut,
1760 4710 1963 4763 etiamsi
1997 4711 2046 4762 in

476 4807 774 4860 Isaurorum
801 4815 988 4855 manus
1025 4799 1361 4854 incidendum
1387 4801 1492 4862 sit,
1525 4800 1606 4852 his
1648 4809 1822 4854 tamen
1859 4799 2050 4853 belluis

478 4897 621 4964 ipsos
645 4893 917 4947 liberaret.
950 4889 1054 4945 Res
1082 4888 1338 4942 Praefecto
1383 4889 1528 4942 urbis
1559 4891 1846 4955 nuntiatur,
1873 4891 1962 4958 qui
1995 4898 2051 4942 ut

475 4983 666 5038 Joanni
703 4980 1050 5050 opitularetur
1081 4979 1348 5043 occurrit,
1385 4978 1776 5048 monachosque
1807 4988 2050 5046 precatur

476 5073 734 5128 absistant
765 5088 778 5123 :
809 5071 901 5125 sed
935 5071 1124 5123 frustra
1173 5083 1385 5122 cessere
1411 5079 1634 5122 conatus
1673 5071 1789 5137 ejus
1819 5086 2004 5125 omnes
2030 5087 2046 5136 ;

477 5165 633 5218 itaut
678 5175 875 5230 anceps
903 5160 1064 5212 animi
1097 5162 1326 5213 nesciret
1372 5167 1545 5211 utrum
1591 5159 1780 5212 Joanni
1819 5162 2050 5228 optatius

476 5263 660 5319 esset,
691 5268 810 5308 cum
835 5253 996 5307 endis
1021 5252 1259 5322 periculo
1303 5267 1368 5306 ex
1413 5251 1543 5305 urbe
1573 5251 1868 5319 proﬁcisci,
1891 5268 2049 5321 quam

477 5342 786 5415 urgentibus
832 5343 1259 5414 pellentibusque
1305 5342 1518 5396 furiosis
1545 5341 1647 5396 illis
1677 5342 1952 5398 monachis
1997 5344 2048 5398 in

482 5436 612 5490 urbe
641 5449 878 5489 manere.
911 5433 1052 5488 Misit
1076 5435 1235 5504 igitur
1260 5435 1327 5487 ad
1358 5434 1691 5488 Pharetrium
1721 5435 2048 5505 episcopum,

479 5524 726 5597 precibus
751 5527 818 5581 ab
848 5527 936 5580 illo
963 5524 1288 5580 contendens
1312 5533 1371 5578 ut
1396 5523 1618 5590 Joanni,
1656 5534 1763 5580 tum
1805 5527 1872 5580 ob
1907 5543 2050 5582 mor-

485 5619 608 5672 bum
639 5630 746 5686 quo
771 5615 1126 5680 detinebatur,
1159 5624 1268 5670 tum
1295 5615 1364 5668 ob
1392 5616 1678 5671 imminens
1721 5618 2008 5685 periculum
2035 5659 2050 5684 ,

482 5721 680 5776 paucos
720 5706 895 5761 adhuc
927 5707 1041 5760 dies
1081 5705 1417 5762 concederet.
1474 5705 1581 5761 Nec
1620 5707 1904 5776 quidquam
1950 5709 2050 5762 im-

489 5805 695 5863 petrare
724 5799 888 5873 potuit
919 5815 928 5848 :
956 5797 1060 5848 imo
1081 5795 1333 5864 postridie
1361 5796 1602 5851 monachi
1628 5799 1830 5852 acriore
1853 5801 2049 5870 impetu

1557 420 1614 476 S.
1646 419 1924 476 JOANNIS
1959 419 2427 477 CHRYSOSTOMI
2454 422 2633 490 VITA,

3619 433 3720 491 22h
3754 438 3756 440 ⁷

2150 546 2272 589 sunt
2319 536 2418 590 usi.
2479 536 2660 605 Neque
2701 538 2997 610 presbyteri
3023 541 3134 606 illi,
3160 543 3249 611 qui
3291 543 3481 600 Joanni
3529 547 3722 606 addicti

2146 636 2332 690 erant,
2360 641 2513 694 opem
2558 627 2634 680 illi
2676 628 2811 684 ferre
2848 630 2961 684 ausi
2989 640 3134 699 sunt,
3160 631 3253 688 sed
3281 649 3400 689 eum
3431 636 3543 690 ba‘c
3583 638 3723 692 P'na-

2147 717 2293 769 retrii
2321 717 2472 784 jussu
2505 718 2615 772 ﬁeri
2647 733 2750 772 non
2783 719 3108 788 ignorarent,
3141 736 3239 777 nec
3275 739 3396 778 cum
3443 741 3475 779 a
3517 726 3725 782 Joanne

2147 817 2566 871 accerserentur,
2599 809 2852 864 accedere
2877 810 3161 866 audebant.

2215 895 2347 950 Cum
2387 897 2437 950 in
2488 899 2576 952 tali
2629 914 2803 954 rerum
2849 902 3152 958 conditione
3202 918 3309 958 non
3361 917 3539 972 posset
3584 908 3721 962 ultra

2145 986 2376 1043 Joannes
2405 989 2454 1041 in
2490 989 2620 1044 urbe
2643 991 2938 1047 consistere
2961 1034 2974 1055 ,
3001 994 3100 1048 etsi
3141 993 3274 1050 febri
3294 996 3595 1060 laborabat,
3622 1000 3721 1051 etsi

2148 1078 2447 1133 Isaurorum
2477 1081 2896 1135 instabatmetus
2920 1082 3050 1137 hora
3082 1084 3196 1153 ipsa
3237 1087 3548 1150 meridiana,
3571 1103 3629 1142 se
3669 1091 3720 1141 in

2057 1210 2062 1215 .
2148 1171 2386 1226 lecticam
2411 1173 2699 1239 conjiciens
2730 1173 2998 1242 profectus
3027 1184 3105 1229 est
3126 1217 3142 1242 ,
3170 1177 3420 1232 universa
3449 1179 3598 1246 plebe
3649 1185 3722 1235 Ia-

2146 1273 2420 1333 crymante
2441 1304 2456 1329 ,
2497 1264 2725 1332 ejulante
2747 1305 2763 1329 ,
2792 1273 2950 1333 atque
2985 1268 3060 1320 rei
3103 1277 3373 1322 auctorem
3412 1279 3722 1324 exsecrante

2147 1367 2210 1406 ac
2251 1353 2381 1407 diris
2405 1353 2716 1409 devovente.
2751 1355 3038 1426 Postquam
3067 1367 3243 1412 autem
3273 1358 3518 1414 Caesarea
3543 1375 3722 1430 egres-

2147 1457 2240 1496 sus
2267 1443 2388 1508 fuit,
2419 1444 2630 1512 quidam
2673 1444 2854 1499 clerici
2880 1456 3140 1501 venerunt
3162 1489 3177 1512 ,
3207 1462 3270 1502 ac
3296 1449 3536 1518 lugentes
3577 1449 3720 1504 lento

2146 1532 2310 1602 gradu
2335 1533 2506 1601 ipsum
2535 1535 2906 1602 sequebantur.
2942 1536 3018 1589 Ex
3051 1536 3154 1591 illis
3186 1552 3312 1590 vero
3339 1538 3550 1606 quidam
3580 1538 3722 1593 dice-

2146 1625 2274 1679 bant
2305 1644 2317 1679 :
2345 1623 2586 1689 Quonam
2640 1625 2785 1679 illiilli
2843 1625 2910 1680 ad
2967 1637 3189 1682 mortem
3231 1627 3528 1683 adducitis?
3572 1627 3722 1684 Unus

2146 1723 2352 1777 autem,
2382 1715 2472 1783 qui
2518 1714 2774 1768 Joannem
2824 1715 3106 1770 admodum
3159 1718 3405 1782 amabat,
3446 1720 3593 1787 quasi
3644 1720 3723 1773 ira

2148 1813 2451 1872 permotus,
2485 1804 2834 1865 Abi,obsecro
2857 1846 2871 1867 ,
2897 1807 3062 1874 inquit
3095 1825 3107 1859 :
3139 1808 3190 1862 in
3224 1808 3430 1863 Isauros
3455 1810 3614 1864 etiam
3646 1812 3726 1863 in-

2145 1893 2282 1958 cide,
2313 1894 2472 1948 modo
2501 1909 2531 1947 a
2563 1895 2714 1949 nobis
2747 1895 2997 1950 elabaris.
3045 1897 3176 1950 Nam
3212 1912 3549 1968 quocumque
3588 1901 3723 1954 inci-

2145 1983 2308 2047 deris,
2330 1993 2445 2038 tuto
2466 1984 2687 2052 incides,
2719 1985 3007 2041 dummodo
3031 2003 3218 2042 manus
3249 1999 3458 2045 nostras
3483 1990 3722 2058 ell'ugias.

2218 2075 2450 2128 Seleucia
2491 2086 2720 2128 matrona
2755 2078 2857 2146 pia.
2883 2107 2952 2116 —-
2978 2078 3102 2132 Haec
3146 2079 3368 2134 audiens
3411 2095 3473 2133 ac
3518 2083 3723 2149 perSpi-

2145 2166 2292 2220 ciens
2332 2168 2540 2236 egregia
2585 2177 2831 2224 matrona
2879 2168 3154 2231 Seleucia,
3183 2171 3360 2224 Ruﬁni
3411 2187 3574 2236 uxor,
3607 2188 3726 2242 qua:

2146 2258 2382 2315 ofﬁciose
2440 2259 2699 2316 Joannem
2754 2262 3040 2316 admodum
3088 2263 3332 2326 colebat,
3363 2264 3611 2333 precibus
3657 2266 3726 2318 ab

2148 2349 2240 2403 illo
2269 2351 2605 2421 impetravit,
2637 2362 2696 2406 ut
2721 2354 2771 2406 in
2797 2352 2959 2420 ipsius
2981 2354 3342 2409 suburbanam
3383 2357 3585 2420 villam,
3607 2371 3728 2425 qua:

2146 2439 2378 2508 quinque
2419 2454 2665 2508 passuum
2713 2442 2945 2496 millibus
2973 2444 3040 2497 ab
3081 2443 3210 2498 urbe
3237 2443 3481 2509 distabat,
3512 2446 3726 2514 hospitii

2147 2544 2304 2584 causa
2335 2545 2393 2584 se
2417 2530 2717 2596 conferret,
2745 2533 2992 2602 misitque
3019 2535 3107 2603 qui
3150 2543 3390 2589 sanctum
3424 2537 3590 2590 virum
3633 2539 3726 2594 illo

2147 2608 2420 2677 ducerent.
2466 2627 2534 2677 At
2577 2639 2749 2692 neque
2799 2625 2903 2678 illic
2951 2627 3002 2680 in
3044 2641 3170 2695 pace
3213 2628 3487 2696 quiescere
3534 2631 3726 2687 licuit:

2148 2725 2272 2765 nam
2305 2726 2363 2766 re
2381 2721 2655 2781 comperta
2686 2713 2994 2768 Pbaretrius
3033 2716 3226 2770 multas
3262 2718 3518 2772 Seleuciae
3556 2720 3729 2773 minas

2148 2801 2441 2856 intentavit.
2467 2803 2556 2858 llla
2578 2819 2702 2859 vero
2726 2821 2831 2858 non
2854 2806 3031 2859 minus
3052 2806 3283 2874 prudens
3309 2823 3466 2877 quam
3489 2808 3727 2864 ofﬁciosa

2148 2891 2374 2956 femina,
2402 2892 2658 2947 Joannem
2701 2895 2851 2960 adiit,
2897 2911 2960 2949 ac
2995 2896 3061 2950 de
3099 2897 3359 2952 Pharetrii
3405 2900 3563 2953 minis
3597 2901 3729 2953 nihil

2149 2981 2265 3047 ipse
2292 2982 2491 3048 retulit,
2515 2983 2608 3038 sed
2639 2984 2974 3038 Procuratori
3003 2999 3100 3040 suo
3127 2994 3292 3039 totam
3336 3002 3449 3041 rem
3480 2989 3720 3056 aperuit,

2149 3072 2354 3141 ipsique
2380 3073 2667 3135 mandavit.
2703 3083 2756 3128 ut
2785 3073 2976 3128 Joanni
3018 3090 3178 3130 omne
3222 3075 3380 3132 ofﬁcii
3419 3092 3586 3145 genus
3624 3078 3726 3129 im-

2151 3163 2404 3231 pertiret,
2438 3178 2500 3217 ac
2526 3164 2568 3217 si
2595 3163 2686 3232 qui
2711 3163 2954 3218 monachi
2987 3167 3264 3230 venirent,
3298 3176 3353 3219 ut
3394 3167 3564 3234 ipsum
3596 3182 3728 3220 con-

2151 3254 2384 3308 tumeliis
2405 3254 2729 3309 incesserent
2753 3263 2842 3308 aut
2866 3254 3003 3309 male
3023 3254 3294 3309 allicerent
3313 3297 3326 3320 ,
3355 3271 3420 3310 ex
3450 3255 3568 3310 aliis
3589 3255 3730 3309 villis

2149 3345 2260 3398 suis
2281 3345 2538 3414 agricolas
2570 3353 2805 3414 cogeret,
2834 3356 2993 3413 atque
3031 3346 3098 3399 ita
3137 3361 3257 3400 cum
3303 3348 3577 3401 monachis
3617 3363 3730 3399 ma-

2151 3450 2276 3488 num
2307 3445 2615 3489 consereret
2646 3454 2657 3486 :
2687 3434 2944 3488 Joannem
2978 3450 3104 3488 vero
3136 3434 3394 3504 rogabat,
3422 3435 3474 3488 in
3511 3436 3730 3490 domum

2150 3525 2306 3578 aliam
2349 3539 2500 3579 suam
2547 3540 2664 3592 quae
2713 3539 2888 3579 arcem
2948 3525 3196 3590 habebat,
3227 3539 3324 3578 nec
3367 3525 3486 3579 ullis
3527 3526 3730 3581 viribus

2151 3615 2439 3683 expugnari
2471 3623 2705 3680 poterat,
2737 3614 3042 3683 confugeret
3065 3656 3080 3680 ,
3111 3623 3166 3668 ut
3199 3624 3382 3669 contra
3411 3615 3645 3686 episcopi
3677 3627 3732 3670 et

2151 3705 2530 3759 monachorum
2580 3705 2810 3760 furorem
2858 3706 2908 3759 in
2959 3714 3070 3760 tuto
3100 3716 3285 3760 esset:
3316 3722 3497 3761 verum
3541 3708 3731 3761 abnuit

2152 3796 2405 3851 Joannes.
2447 3795 2649 3851 Interea
2701 3812 2829 3851 vero
2868 3799 3124 3852 acerrime
3173 3798 3464 3852 Seleuciam
3509 3799 3732 3869 urgebat

2153 3887 2482 3950 Pharetrius,
2513 3903 2624 3942 rem
2674 3903 2891 3955 prorsus
2939 3889 3214 3957 ignorante
3247 3889 3451 3944 Joanne
3481 3908 3492 3942 :
3519 3891 3731 3944 nolebat

2152 3978 2294 4034 enim
2319 3978 2617 4032 verecunda
2649 3978 2840 4032 mulier
2867 3979 3126 4033 Pharetrii
3151 3980 3375 4033 insnltus
3403 3989 3587 4034 sancto
3616 3981 3731 4034 viro

2153 4071 2470 4139 patefacere.
2503 4071 2738 4125 Instante
2772 4071 2984 4124 demum
3016 4071 3323 4137 Pharetrio,
3353 4073 3521 4126 minas
3558 4075 3734 4129 inten-

2152 4171 2298 4220 tante
2326 4174 2482 4234 atque
2501 4173 2741 4233 cogente,
2767 4173 2825 4218 ut
2851 4163 3105 4219 Joannem
3134 4181 3196 4219 ex
3217 4166 3470 4220 suburbio
3490 4167 3729 4236 ejiceret,

2153 4255 2382 4310 hominis
2434 4255 2882 4325 importunitatem
2935 4271 3038 4308 non
3086 4256 3260 4310 ferens
3298 4255 3562 4322 Seleucia,
3595 4258 3731 4312 dixit

2153 4347 2340 4401 Joanni
2391 4348 2589 4401 instare
2633 4347 2890 4401 barbaros
2931 4362 3024 4400 seu
3066 4349 3272 4400 Isauros
3298 4390 3312 4410 ,
3354 4347 3579 4417 ideoque
3625 4349 3732 4402 alio

2154 4439 2252 4505 ipsi
2308 4439 2407 4490 iter
2461 4437 2842 4505 capessemlum
2889 4451 3005 4490 esse
3047 4455 3060 4490 :
3101 4453 3163 4491 ex
3216 4439 3532 4491 verecundia
3588 4438 3733 4493 enim

2155 4527 2416 4582 Pharetrii
2450 4527 2754 4581 violentiam
2792 4529 3093 4596 exprimere
3135 4542 3237 4581 non
3285 4527 3532 4581 audebat.
3561 4526 3732 4582 Media

2154 4629 2328 4673 autem
2360 4629 2512 4672 nocte
2542 4619 2682 4672 venit
2709 4619 2962 4673 Evetliius
2983 4621 3260 4688 presbyter
3283 4636 3344 4672 ex
3382 4619 3734 4674 familiaribus

2154 4707 2377 4764 Joannis
2398 4751 2413 4775 ,
2445 4723 2740 4778 magnoque
2781 4710 3015 4763 clamore
3053 4709 3184 4765 dixit
3210 4727 3222 4762 :
3251 4710 3419 4779 Surge
3438 4751 3452 4773 ,
3481 4709 3728 4770 obsecro,

2154 4800 2438 4853 adventant
2461 4800 2670 4853 barbari
2693 4840 2706 4863 ,
2741 4815 2836 4853 nec
2859 4800 3015 4870 longe
3045 4801 3256 4852 absunt.
3287 4801 3419 4854 Tum
3450 4800 3570 4868 quid
3597 4815 3733 4853 con-

2155 4889 2255 4942 silii
2279 4898 2494 4956 caperet
2525 4889 2756 4943 Joannes
2785 4891 3071 4943 nesciebat.
3107 4889 3219 4944 Nox
3248 4891 3423 4944 illunis
3463 4903 3516 4946 et
3552 4892 3735 4960 caligi-

2157 4994 2286 5032 nosa
2306 4987 2438 5043 erat,
2462 4981 2516 5032 in
2540 4980 2720 5034 urbem
2748 4995 2804 5033 se
2835 4981 3067 5048 recipere
3091 4997 3194 5034 non
3219 4992 3442 5049 poterat,
3464 4997 3561 5035 nec
3585 4985 3735 5050 quis—

2157 5084 2312 5138 quam
2363 5077 2556 5137 praesto
2611 5080 2723 5124 erat
2770 5071 2856 5138 qui
2914 5087 3066 5141 «pem
3114 5071 3310 5126 ferret:
3355 5082 3494 5124 metu
3557 5082 3734 5128 tamen

2154 5160 2482 5229 compulsus,
2527 5164 2778 5216 aerumnis
2830 5165 3098 5218 confectus
3137 5174 3190 5219 et
3215 5165 3322 5234 jam
3375 5174 3600 5220 mortem
3645 5182 3737 5218 ex-

2157 5263 2402 5320 spectans
2429 5295 2443 5318 ,
2473 5255 2724 5308 surrexit.
2752 5254 2821 5310 Ut
2849 5265 3024 5310 autem
3059 5258 3159 5310 iter
3186 5258 3452 5312 conﬁcere
3497 5268 3732 5326 possunt,

2158 5344 2214 5396 ii.
2243 5343 2477 5397 lecticam
2505 5345 2780 5408 ascendit,
2816 5361 2878 5399 ac
2921 5346 3066 5401 faces
3109 5349 3372 5401 accendit.
3408 5349 3602 5402 Verum
3641 5348 3735 5402 has

2158 5433 2412 5488 Evethius
2436 5437 2610 5490 socius
2636 5437 2901 5504 exstingui
2928 5439 3151 5501 curavit,
3183 5454 3250 5492 ne
3272 5439 3508 5505 barbari,
3533 5442 3735 5508 inquie-

2157 5524 2265 5586 bat,
2309 5525 2438 5579 lucis
2483 5525 2766 5594 splendore
2794 5528 2950 5579 exciti
2988 5528 3038 5580 in
3072 5543 3171 5582 nos
3213 5529 3471 5598 impetum
3521 5529 3732 5584 faciant.

2228 5617 2566 5687 Chrysostomi
2622 5634 2862 5671 aerumna:
2916 5619 2969 5672 in
3006 5621 3105 5672 via.
3133 5651 3202 5663 --
3231 5621 3518 5674 Exstinclis
3558 5621 3738 5688 itaque

2159 5708 2380 5772 facibus,
2400 5723 2464 5763 ex
2492 5708 2648 5763 mulis
2676 5724 2810 5764 unus
2837 5710 2924 5780 qui
2955 5711 3194 5764 lecticam
3225 5712 3465 5780 gestabat
3489 5712 3539 5766 in
3568 5711 3734 5765 ardua

2160 5811 2210 5854 et
2255 5809 2466 5870 petrosa
2498 5798 2578 5851 via
2617 5799 2668 5852 in
2711 5815 2848 5868 genu
2893 5801 3101 5869 lapsus,
3137 5800 3394 5855 Joannem
3445 5803 3496 5853 in
3543 5801 3733 5856 lectica
