4088 6138
339 367 442 431 3‘25

352 481 616 538 inclusum
643 477 786 531 buuu
817 476 1142 546 prostravit,
1172 489 1466 546 parumque
1485 474 1653 530 abfuit
1681 475 1807 545 quin
1835 473 1926 528 ille

350 569 616 627 interiret.
646 569 882 638 Surgeus
905 567 1098 623 deinde
1124 569 1332 621 tractim
1358 566 1580 636 pedibus
1627 566 1922 632 incedebat,

347 663 609 727 Evethio,
661 662 752 732 qui
809 676 878 715 ex
923 676 1060 729 equo
1111 660 1406 724 desilierat,
1459 661 1702 714 manibus
1751 659 1925 726 ipsum

344 761 710 808 sustentante:
741 751 827 806 vix
864 751 1006 807 enim
1037 751 1144 815 ille,
1173 765 1236 805 ac
1271 766 1337 804 ne
1366 750 1450 802 vix
1481 749 1715 819 quidem,
1739 750 1791 802 in
1817 757 1924 802 tam

349 860 528 913 aspera
569 844 829 897 montium
869 843 952 897 via
1002 842 1106 898 iter
1154 857 1331 912 agere,
1363 842 1463 895 nisi
1509 849 1834 895 sustentatus
1873 849 1928 893 et

343 932 498 998 quasi
522 941 748 997 tractus,
780 941 1011 1002 poterat.
1042 933 1244 987 Praeter
1275 933 1374 986 has
1397 941 1573 986 autem
1602 931 1928 985 calamitates

345 1020 580 1074 instabat
609 1019 776 1075 febris
799 1060 815 1083 ,
850 1020 990 1075 haud
1019 1020 1183 1076 dubie
1230 1029 1381 1075 aucta
1427 1021 1657 1075 motibus
1691 1020 1928 1075 casibus-

342 1127 487 1181 que;
515 1113 742 1182 urgebat
771 1113 932 1167 etiam
961 1113 1308 1167 barbarorum
1338 1123 1510 1166 metus
1541 1129 1552 1163 :
1582 1127 1702 1165 nam
1733 1120 1926 1166 caetera

342 1202 544 1270 omnia,
572 1219 693 1272 qua:
741 1211 1012 1272 postremo
1058 1202 1367 1256 Pbaretrius
1403 1211 1588 1256 contra
1631 1201 1927 1258 Seleuciam

343 1291 732 1361 designaverat,
770 1293 1044 1362 ignorabat
1072 1293 1177 1347 ille.

411 1382 616 1437 Similia
645 1383 806 1437 multa
833 1384 1011 1453 gravia
1039 1392 1242 1438 tantum
1271 1384 1478 1440 itineris
1519 1399 1681 1454 agens
1712 1398 1929 1454 perpes-

341 1489 435 1528 sus
472 1485 591 1538 est,
625 1489 746 1544 qua:
785 1474 1083 1545 Olympiadi
1127 1489 1232 1528 non
1279 1475 1554 1544 speciatim
1576 1515 1592 1540 ,
1620 1483 1677 1528 ut
1708 1475 1881 1544 priora
1909 1514 1924 1540 ,

344 1565 508 1620 refert
535 1581 550 1618 :
575 1575 830 1621 caeterum
857 1566 1105 1620 obsecrat
1152 1566 1316 1630 illam,
1347 1577 1404 1620 ut
1430 1582 1492 1622 ea
1519 1581 1638 1636 quae.
1680 1566 1927 1634 superius

346 1665 635 1711 memorata
666 1666 790 1711 sunt
814 1657 1012 1710 nemini
1050 1658 1321 1720 enuntiet,
1348 1657 1443 1711 sed
1473 1656 1612 1726 apud
1635 1671 1694 1712 se
1724 1665 1924 1710 tantum

343 1748 632 1802 contineat.
663 1746 830 1801 Tanta
859 1760 989 1800 vero
1016 1755 1132 1800 erat
1163 1745 1529 1816 Cbrysostomi
1577 1745 1714 1800 fama
1735 1787 1750 1812 ,
1781 1755 1925 1799 tanta

340 1837 408 1890 de
433 1836 625 1891 exsilio
651 1846 706 1891 et
745 1837 998 1891 azrumnis
1044 1835 1141 1905 ipsi
1197 1837 1394 1905 injuste
1435 1837 1596 1890 illatis
1638 1836 1924 1890 commise-

343 1930 479 1982 ratio
501 1969 516 1993 ,
548 1938 604 1982 ut
631 1927 825 1997 ubique
855 1936 1030 1982 coetus
1073 1927 1347 1981 hominum
1378 1927 1610 1996 cujusvis
1651 1926 1926 1997 dignitatis

342 2019 393 2072 in
424 2031 705 2072 occursum
731 2018 848 2088 ejus
874 2019 1200 2073 venientium
1240 2018 1484 2074 vidisses.
1516 2018 1614 2074 Ubi
1645 2029 1822 2072 autem
1869 2019 1920 2072 in

337 2105 732 2177 Cappadociam
762 2104 884 2158 etin
915 2104 1340 2172 Taurociliciam,
1362 2117 1421 2162 ut
1438 2115 1591 2163 vocat
1618 2107 1732 2176 ipse
1758 2104 1844 2159 (Τ.
1865 2107 1917 2162 5.

338 2216 382 2250 «η.
413 2197 539 2252 685.
566 2196 603 2250 ι.
631 2194 746 2267 26),
778 2197 1044 2265 pervenit,
1074 2212 1268 2269 magno
1297 2200 1510 2268 agmine
1539 2200 1710 2252 sancti
1745 2207 1922 2267 patres

343 2292 399 2336 et
447 2283 728 2349 monachi,
759 2283 1095 2356 virginesque
1118 2287 1328 2341 obviam
1358 2287 1458 2356 ipsi
1485 2286 1734 2356 prodiere
1753 2329 1768 2354 ,
1799 2287 1920 2341 inli-

341 2376 506 2431 uitam
537 2376 896 2446 lacrymarum
927 2378 1034 2432 vim
1073 2376 1475 2446 profundentes.
1503 2377 1745 2448 Cumque
1776 2379 1918 2433 illum

341 2467 392 2520 in
421 2466 676 2521 exsilium
709 2478 926 2522 euntem
953 2477 1257 2535 cernerent,
1310 2469 1361 2522 in
1412 2467 1568 2522 ﬂetus
1611 2483 1922 2539 prorumpe-

339 2559 489 2621 bant,
511 2557 593 2612 his
617 2567 802 2613 mutuo
828 2558 1009 2613 verbis
1043 2567 1252 2614 utentes
1287 2578 1300 2613 :
1329 2559 1506 2614 Satius
1537 2559 1723 2617 fuisset
1749 2562 1918 2617 solem

337 2646 520 2702 radios
549 2662 678 2703 suos
705 2649 1027 2705 contrahere
1049 2691 1066 2716 ,
1096 2665 1252 2720 quam
1293 2649 1516 2706 Joannis
1547 2666 1608 2706 os
1629 2652 1917 2707 conticere.

336 2739 655 2810 llujusmodi
680 2757 809 2797 vero
839 2743 1139 2811 spectacula
1167 2744 1335 2813 magis
1363 2745 1532 2813 ipsum
1557 2745 1842 2800 turbabant
1865 2755 1921 2802 et

330 2833 669 2901 cruciabant,
703 2849 860 2905 quam
889 2837 1018 2905 ipsae
1042 2852 1297 2891 terumna:
1321 2847 1378 2892 et
1402 2838 1754 2906 calamitates,
1785 2853 1920 2908 quas

329 2925 600 2978 constanti
639 2938 853 2994 semper
891 2926 1070 2981 animo
1107 2928 1344 2997 pertulit.
1373 2928 1611 2985 Tandem
1641 2944 1770 2985 vero
1807 2930 1917 2985 Cu-

327 3029 554 3078 cusum,
600 3016 778 3070 exsilii
836 3017 1010 3072 locum
1034 3059 1048 3083 ,
1083 3017 1319 3073 advenit.
1351 3019 1478 3074 Erat
1510 3034 1638 3074 vero
1675 3020 1916 3075 Cucusus

329 3121 556 3173 parvum
603 3117 764 3177 atque
807 3108 1229 3164 desertissimum
1259 3110 1535 3180 oppidum,
1559 3120 1614 3165 ut
1644 3126 1786 3180 stepe
1811 3127 1915 3166 ste-

328 3197 452 3264 pius
489 3198 653 3252 refert
695 3198 806 3267 ipse
829 3199 1245 3271 Cbrysostomus
1271 3242 1284 3264 ,
1317 3203 1368 3254 in
1419 3203 1672 3256 Armenia
1718 3203 1912 3257 minori

325 3288 491 3340 situm
522 3305 536 3341 :
567 3287 780 3356 quidam
827 3305 956 3344 vero
995 3292 1045 3344 in
1086 3291 1456 3362 Cappadocia,
1499 3294 1586 3346 alii
1636 3294 1688 3346 in
1731 3293 1913 3348 Cilicia

327 3380 541 3443 locant,
575 3382 822 3450 quoniam
870 3385 922 3438 in
951 3383 1140 3439 barum
1167 3387 1445 3455 regionum
1476 3387 1724 3442 confiniis
1753 3388 1911 3441 sitttm

323 3480 464 3524 erat.
491 3470 620 3524 Tam
647 3471 916 3528 desertum
945 3485 1122 3528 autem
1153 3477 1461 3545 oppidulum
1484 3487 1621 3543 erat,
1657 3488 1712 3531 ut
1742 3494 1911 3547 neque

325 3563 503 3617 forum
537 3565 800 3619 venalium
834 3565 1074 3621 haberet.

399 3655 623 3721 Quidam
668 3672 824 3726 porro
863 3659 942 3712 vir
979 3673 1044 3712 ex
1089 3659 1353 3727 primariis
1390 3660 1590 3728 oppidi,
1624 3661 1910 3714 Dioscorus

323 3750 566 3813 nomine,
595 3749 684 3818 qui
714 3749 971 3804 Joannem
1002 3759 1240 3804 nostrum
1268 3752 1507 3820 apprime
1535 3753 1905 3815 venerabatur,

323 3839 414 3893 ubi
441 3839 642 3892 audivit
670 3839 819 3892 illum
848 3838 1112 3894 Cucusum
1144 3841 1279 3894 mitti
1318 3841 1370 3894 in
1400 3842 1665 3907 exsilium,
1693 3852 1747 3896 ct
1774 3841 1910 3896 istuc

322 3938 632 4000 pergentem
657 3943 833 3983 moras
861 3929 1114 4000 quasdam
1155 3930 1410 3985 Cmsareaa
1443 3931 1648 3997 facere,
1683 3932 1771 3985 illo
1811 3933 1911 3985 mi-

319 4024 394 4074 sit
434 4031 673 4091 rogatum
713 4031 765 4076 et
807 4021 1172 4088 obseCratum,
1205 4038 1272 4076 ne
1307 4023 1540 4078 Joannes
1581 4025 1760 4078 domui
1797 4040 1908 4078 sua:

322 4106 550 4159 alteram
580 4104 892 4160 anteferret.
943 4105 1048 4159 Alii
1100 4120 1312 4176 quoque
1360 4107 1593 4176 idipsum
1626 4107 1904 4164 fecerant:

325 4210 512 4249 verum
545 4195 782 4250 Dioscori
809 4194 1028 4248 domum
1055 4195 1175 4251 aliis
1222 4197 1604 4266 praeferendam
1637 4213 1756 4253 esse
1782 4214 1908 4254 cen-

323 4285 428 4340 suit
456 4285 894 4357 Cbrysostomus,
917 4295 1077 4356 atque
1095 4288 1233 4358 apud
1272 4290 1415 4343 illum
1438 4290 1594 4345 sedes
1615 4290 1791 4359 posuit
1813 4289 1902 4363 (Τ.

321 4381 377 4431 3.
399 4396 443 4430 ε.
461 4379 586 4433 612.
607 4379 645 4431 ι.
665 4379 780 4444 47).
798 4377 968 4434 Tanta
988 4396 1114 4434 vero
1129 4383 1370 4450 largitate
1387 4398 1448 4435 ac
1468 4383 1785 4438 liberalitate
1801 4394 1908 4441 ute-

323 4471 479 4524 batur
516 4471 824 4537 Dioscorus,
858 4481 915 4526 ut
952 4487 1014 4525 ea
1058 4472 1125 4528 de
1165 4489 1321 4528 causa
1361 4485 1617 4546 perpetuo
1653 4492 1774 4531 cum
1815 4477 1906 4531 illo

319 4570 541 4616 sanctus
582 4570 766 4616 noster
801 4563 1182 4631 expostularet.
1223 4564 1293 4619 Ut
1322 4581 1451 4620 vero
1491 4567 1646 4620 latius
1676 4568 1902 4636 Spatium

321 4653 710 4724 Cbrysostomo
754 4654 1082 4725 relinqueret
1123 4673 1187 4711 ex
1232 4658 1436 4712 aedibus
1475 4660 1586 4713 suis
1631 4660 1682 4712 in
1727 4660 1902 4714 villam

323 4747 566 4815 migravit
625 4765 637 4799 :
689 4751 816 4816 quin
859 4748 1018 4802 etiam
1063 4747 1278 4802 domum
1323 4749 1421 4817 ipsi
1465 4749 1530 4803 ad
1577 4751 1902 4805 tolerandam

323 4836 550 4893 hiemem
595 4838 840 4893 idoneam
867 4841 1168 4894 construxit
1195 4857 1206 4891 :
1236 4849 1396 4910 atque
1430 4841 1498 4895 ita
1530 4857 1775 4912 magnum
1808 4844 1901 4899 be-

287 4909 293 4919 .
323 4930 567 4984 nelicium
597 4944 790 5000 magno
810 4931 1024 4986 cumulo
1053 4933 1215 4986 auxit.

419 5022 805 5093 Chrysostomus
845 5023 1095 5078 Cucusum
1134 5026 1296 5079 exsilii
1338 5026 1501 5079 locum
1552 5029 1792 5096 pervenit.
1831 5057 1903 5068 --

322 5116 450 5169 Cum
477 5117 745 5172 Cucusum
767 5118 1001 5185 advenit,
1033 5121 1347 5189 gravissinto
1373 5121 1639 5175 laborarat
1669 5121 1854 5174 morbo
1885 5140 1898 5175 :

319 5223 346 5258 a
379 5208 566 5263 diebus
608 5210 749 5263 enim
781 5211 901 5280 plus
941 5226 1096 5281 quam
1131 5212 1340 5280 triginta
1371 5212 1738 5268 ardentissima
1770 5212 1899 5267 febri

320 5300 675 5367 cruciabatur,
693 5303 915 5372 aliisque
931 5303 1189 5358 stomachi
1212 5302 1608 5358 infirmitatibus
1626 5304 1868 5358 maximis
1887 5320 1897 5356 :

318 5405 434 5459 qua:
464 5393 601 5446 mala
625 5393 763 5447 haud
787 5394 948 5448 dubie
980 5395 1106 5448 tanti
1136 5395 1338 5449 itineris
1375 5396 1650 5459 molestiar,
1679 5396 1901 5466 alimque

318 5499 483 5553 curm,
514 5487 919 5551 sollicitudines,
955 5489 1253 5542 Isaurorum
1286 5497 1477 5551 metus,
1509 5498 1664 5556 atque
1698 5489 1900 5541 incom-

321 5579 474 5632 moda
497 5579 642 5633 varia
669 5589 999 5650 pepererant.
1033 5580 1314 5650 Postquam
1341 5594 1469 5634 vero
1495 5579 1758 5632 Cucusum
1783 5592 1902 5646 per-

321 5675 490 5732 venit,
521 5671 611 5726 ubi
640 5689 758 5726 eum
786 5682 928 5726 tanta
958 5671 1284 5726 humanitate
1310 5680 1564 5740 exceptus
1592 5670 1685 5723 fuit
1707 5710 1720 5730 ,
1754 5668 1900 5723 brevi

317 5775 366 5813 tu
392 5761 566 5817 'l-‘bllill
596 5780 806 5819 omnem
838 5763 1102 5832 deposuit,
1137 5765 1207 5818 ita
1237 5772 1293 5817 ut
1323 5764 1478 5817 etiam
1518 5763 1718 5832 integra
1747 5761 1893 5814 vale-

1513 361 1692 417 NUNC
1732 358 1992 416 PRIMUM
2032 359 2262 416 ADOR‘?!
2272 361 2435 417 AT‘A.’

3514 370 3615 427 226

2040 473 2222 528 tudine
2251 473 2532 530 frueretur.
2562 475 2677 533 Non
2716 477 2875 536 modo
2914 488 3092 535 autem
3126 478 3433 548 Dioscorus,
3477 489 3613 556 apud

2033 579 2190 634 quem
2221 564 2608 634 diversabatur,
2648 569 2875 626 ubertim
2918 572 2992 627 illi
3032 575 3208 627 omnia
3240 576 3612 636 subministra-

2034 655 2144 722 bat,
2188 658 2281 712 sed
2319 660 2478 716 etiam
2524 662 2763 732 plerique
2805 664 2891 718 alii
2930 677 3302 734 pre-curatores
3341 679 3396 724 et
3438 689 3612 728 rerum

2033 747 2517 817 administratores,
2557 751 2702 806 beris
2745 753 2795 808 id
2840 770 2933 824 per
2979 755 3158 810 literas
3204 757 3611 829 imperantibus,

2035 836 2261 893 subinde
2282 837 2428 894 illum
2452 839 2666 895 adibant
2685 843 2751 896 ad
2773 844 2942 898 officia
2970 849 3170 916 quaevis
3201 853 3497 918 praestanda
3526 870 3615 924 pa-

2037 931 2135 981 rati
2165 945 2177 980 :
2208 928 2351 998 quod
2377 930 2668 985 amicorum
2705 934 2996 989 subsidium
3026 953 3212 992 omnes
3241 956 3373 1009 pene
3411 943 3614 1000 abster-

2033 1020 2190 1089 gcbat
2216 1020 2386 1074 exsilii
2415 1023 2705 1078 molestias.

2103 1109 2339 1164 Cucusus
2367 1112 2467 1167 etsi
2493 1127 2596 1166 non
2617 1115 2849 1183 amplum
2871 1117 3122 1186 oppidum
3147 1132 3282 1188 erat,
3305 1125 3611 1196 episcopum

2035 1205 2211 1252 tamen
2250 1199 2502 1268 habebat,
2533 1203 2621 1272 qui
2647 1202 3082 1275 Cbrysostomum:
3122 1225 3242 1266 cum
3283 1215 3426 1268 onmi
3465 1217 3616 1273 beni-

2033 1287 2234 1357 gnitate
2259 1292 2484 1361 excepit,
2517 1308 2691 1363 exque
2724 1297 2852 1349 tanti
2885 1297 2982 1352 viri
3023 1301 3415 1360 existimatione
3441 1317 3492 1361 et
3532 1325 3618 1364 re-

2035 1381 2268 1435 verentia
2298 1395 2364 1436 eo
2385 1397 2551 1453 usque
2574 1387 2858 1454 processit,
2874 1396 2933 1443 ut
2956 1389 3312 1461 episcopalem
3338 1396 3410 1451 illi
3433 1400 3614 1454 sedem

2033 1471 2224 1527 cedere
2256 1473 2504 1529 voluerit.
2537 1474 2734 1531 Verum
2765 1477 3174 1551 Cbrysostomus
3215 1499 3244 1539 a
3275 1487 3364 1541 tali
3395 1504 3617 1546 munere

2032 1563 2372 1633 suscipiendo
2429 1566 2584 1635 longe
2635 1569 2840 1625 aberat.
2897 1572 3098 1628 Eodem
3150 1575 3266 1644 ipso
3327 1578 3413 1634 die
3443 1622 3455 1645 ,
3508 1597 3615 1650 quo

2032 1661 2246 1707 sanctus
2312 1654 2391 1706 vir
2448 1654 2710 1711 Cucusum
2773 1659 3030 1727 advenit,
3087 1664 3253 1720 adfuit
3310 1668 3407 1736 ipsi
3459 1669 3613 1726 Sabi-

2033 1745 2188 1797 niana
2214 1744 2512 1800 diaconissa
2536 1789 2548 1810 ,
2587 1761 2862 1808 senectute
2897 1756 3110 1824 quidem
3149 1769 3202 1812 et
3236 1763 3488 1817 terumnis
3519 1779 3613 1834 pe-

2032 1850 2098 1888 ne
2134 1835 2340 1900 obruta,
2383 1837 2477 1892 sed
2538 1849 2680 1894 tanta
2737 1844 2898 1897 animi
2938 1847 3211 1904 alacritate
3237 1891 3253 1916 ,
3293 1860 3439 1908 tanto
3486 1870 3612 1926 erga

2030 1924 2470 1996 Cbrysostomum
2504 1928 2697 1985 affectu
2738 1934 2956 2001 prazdita
2977 1978 2992 2001 ,
3021 1947 3080 1991 ut
3113 1953 3172 1994 se
3219 1951 3452 2010 paratam
3493 1924 3612 2000 esse

2029 2015 2231 2070 diceret
2272 2017 2432 2072 etiam
2470 2019 2522 2072 in
2559 2019 2827 2091 Scythiam
2874 2027 3138 2094 proficisci
3181 2048 3196 2084 :
3240 2047 3425 2087 rumor
3467 2035 3610 2090 enim

2029 2114 2144 2161 erat
2172 2107 2610 2179 Cbrysostomum
2641 2113 2730 2167 illo
2759 2118 3150 2175 amandandum
3187 2119 3333 2178 esse;
3361 2124 3449 2178 Illa
3485 2143 3612 2182 vero

2028 2199 2264 2267 cognatis
2289 2201 2536 2257 omnibus
2557 2203 2774 2272 relictis,
2797 2207 2966 2276 ipsum
2993 2209 3184 2280 ubique
3205 2215 3353 2283 sequi
3380 2215 3612 2274 destina-

2027 2299 2174 2342 verat
2197 2307 2209 2342 :
2227 2300 2550 2360 quapropter
2562 2293 2629 2348 ab
2645 2297 2891 2352 omnibus
2904 2299 3157 2356 Ecclesia:
3179 2303 3406 2359 alumnis
3424 2322 3612 2376 magno

2026 2393 2146 2432 cum
2182 2379 2375 2435 affectu
2402 2383 2784 2452 excipiebatur.
2827 2387 2982 2442 Putat
3020 2400 3200 2446 autem
3244 2393 3610 2452 Tillemontius

2025 2484 2141 2523 eam
2179 2471 2346 2541 ipsam
2377 2473 2718 2531 Sabiniauam
2748 2493 2868 2534 esse
2895 2480 3137 2536 fortassis
3159 2524 3173 2549 ,
3205 2499 3364 2552 quam
3391 2471 3634 2542 amitam“

2026 2559 2392 2632 Cbrysostomi
2423 2565 2586 2624 fuisse
2617 2577 2800 2625 narrat
2827 2571 3096 2628 Palladius
3123 2575 3174 2628 in
3219 2574 3440 2632 historia
3470 2578 3614 2641 Lall:

2023 2648 2190 2717 δίκας(
2207 2647 2266 2699 Τ.
2289 2650 2340 2705 '5.
2363 2653 2459 2706 col.
2485 2653 2606 2708 6H.
2634 2651 2670 2706 ι.
2700 2652 2768 2706 59
2787 2662 2830 2708 et
2851 2658 2982 2721 sqq.)

2095 2741 2414 2798 Constantius
2451 2747 2706 2818 presbyter
2751 2749 3165 2821 Cbrysostomum
3200 2756 3328 2809 adit.
3357 2785 3430 2797 -—
3463 2758 3599 2814 Cou-

2017 2838 2252 2890 stantlus
2277 2851 2406 2890 vero
2438 2839 2735 2909 presbyter,
2767 2843 2855 2910 qui
2886 2844 3253 2914 Cbrysostomi
3284 2848 3478 2919 ubique
3516 2867 3598 2907 se-

2020 2924 2216 2990 quendi
2254 2926 2542 2995 cupiditate
2583 2929 2862 2999 ﬂagrabat,
2901 2933 3009 3000 jam
3056 2937 3124 2991 ab
3165 2937 3254 2992 illo
3302 2939 3603 2998 facultatem

2024 3032 2117 3086 per
2153 3017 2332 3074 literas
2378 3021 2604 3088 petierat
2641 3023 2904 3078 Cucusum
2950 3029 3218 3094 veniendi,
3263 3041 3318 3085 ut
3357 3033 3502 3089 illum
3534 3036 3604 3092 ibi

2019 3117 2375 3175 exspectaret,
2399 3118 2452 3163 et
2487 3111 2634 3166 lateri
2672 3113 2786 3181 ejus
2811 3130 3026 3184 semper
3055 3120 3302 3175 haereret.
3336 3121 3443 3178 Sed
3482 3135 3606 3194 post

2018 3196 2383 3266 Cbrysostomi
2409 3200 2695 3255 adventura
2719 3203 2983 3260 Cucusum
3009 3223 3074 3262 eo
3102 3223 3162 3263 se
3191 3212 3482 3268 contulisse
3502 3230 3599 3284 pll-

2021 3295 2180 3340 tatur.
2210 3287 2397 3343 Omnia
2427 3300 2574 3346 certe
2603 3293 2668 3346 ad
2699 3303 2886 3348 nutum
2917 3296 3016 3364 ipsi
3047 3299 3441 3369 succedebant,
3472 3320 3595 3360 cum

2017 3391 2204 3432 omnes
2224 3377 2276 3432 in
2302 3386 2408 3434 tota
2437 3380 2635 3435 circum
2665 3383 2882 3451 regione
2901 3386 3086 3441 solatia
3113 3388 3327 3456 afferre,
3351 3400 3404 3445 et
3427 3391 3600 3448 officia

2017 3467 2324 3538 impendere
2367 3482 2636 3526 curarent.
2687 3473 3024 3545 Quapropter
3058 3479 3244 3534 amicis
3283 3482 3614 3550 quibusdam.

2017 3557 2206 3628 (Epist.
2229 3557 2351 3631 146)
2381 3575 2442 3615 ea
2465 3561 2532 3616 de
2556 3578 2616 3617 re
2640 3563 2718 3619 sic
2739 3565 3048 3634 loquebatur
3073 3586 3086 3621 :
3117 3566 3185 3623 Ut
3211 3586 3377 3626 rerum
3402 3583 3600 3627 nostra-

2014 3668 2128 3704 rum
2161 3661 2297 3706 statu
2339 3655 2537 3723 cognito
2580 3655 2843 3722 ltetemini,
2887 3658 3076 3728 ingenti
3117 3661 3279 3729 quiete
3315 3673 3463 3731 atque
3499 3665 3601 3720 otio

2014 3742 2233 3812 fruimur
2260 3762 2282 3796 :
2309 3760 2586 3815 corpusque
2610 3754 2856 3814 nostrum,
2884 3750 2977 3802 etsi
3012 3750 3172 3803 multa
3203 3761 3318 3805 sunt
3352 3769 3464 3821 quae
3489 3755 3600 3824 ejus

2014 3835 2348 3890 valetudinem
2369 3837 2694 3906 labefactent,
2717 3841 2839 3893 satis
2854 3843 3114 3894 commode
3133 3859 3186 3896 se
3211 3842 3376 3898 habet.
3397 3843 3598 3898 Etiam-

2012 3929 2058 3979 si
2095 3928 2226 3981 enim
2263 3929 2393 3982 nihil
2433 3930 2636 3996 venale,
2686 3939 2734 3983 et
2771 3931 3132 3986 medicamenta
3159 3934 3302 3988 nulla
3347 3935 3428 3988 hic
3463 3937 3601 4000 sint;

2013 4021 2208 4072 etiamsi
2238 4021 2351 4074 σιειὲ
2386 4021 2704 4089 intemperies
2730 4031 2955 4076 wstatem
2982 4038 3083 4076 non
3108 4024 3273 4077 minus
3309 4041 3462 4094 quam
3487 4027 3588 4079 Itie-

2012 4125 2141 4160 mem
2168 4109 2426 4163 molestam
2455 4110 2688 4174 reddant,
2713 4111 2824 4164 licet
2849 4111 3016 4181 gravis
3045 4120 3092 4165 et
3115 4121 3355 4182 perpetua
3379 4113 3592 4175 obsidio,

2012 4200 2294 4268 frequentes
2335 4217 2514 4270 nempe
2547 4200 2844 4256 Isaurorum
2881 4204 3211 4268 incursiones,
3243 4215 3430 4258 metum
3468 4206 3600 4276 infe-

2011 4299 2145 4354 rant,
2186 4291 2386 4361 aliaque
2421 4294 2596 4360 gravia
2635 4293 2890 4358 accidant,
2926 4310 3060 4348 nunc
3095 4305 3263 4348 tamen
3300 4311 3332 4346 α
3368 4295 3606 4364 grauiore.

2011 4383 2235 4450 periculo
2264 4394 2414 4451 atque
2431 4399 2462 4436 a
2486 4384 2656 4438 morbo
2682 4386 2875 4438 liberati
2903 4402 3097 4440 sumus.

2083 4472 2341 4544 Epistolas
2370 4473 2554 4527 multas
2582 4473 2751 4528 scribit
2782 4475 3170 4544 Cltrysostomus
3187 4517 3200 4538 ,
3228 4487 3288 4529 et.
3305 4479 3488 4532 multas
3517 4495 3599 4532 re-

2009 4567 2228 4634 cipit.——
2246 4565 2300 4619 In
2330 4565 2556 4634 epistola
2582 4580 2710 4620 vero
2731 4563 2934 4620 decima
2959 4566 3112 4619 tertia
3136 4566 3202 4620 ad
3223 4566 3594 4636 Olympiadem

2008 4657 2082 4711 ait
2115 4656 2200 4710 ille
2231 4671 2311 4720 se,
2343 4655 2504 4709 biduo
2535 4664 2812 4724 postquam
2838 4654 3104 4709 Cucusum
3136 4655 3449 4722 advenerat,
3481 4671 3594 4713 mo-

2009 4749 2216 4804 lestiam
2242 4762 2454 4804 omnem
2493 4763 2560 4802 ex
2592 4756 2737 4802 tanto
2767 4747 2956 4802 itinere
2994 4757 3201 4816 partam
3242 4747 3590 4817 deposuisse,

2009 4851 2065 4895 et
2089 4841 2197 4908 jam
2230 4839 2367 4894 bene
2406 4840 2602 4894 valere.
2633 4839 2765 4906 Quia
2796 4853 2925 4894 vero
2958 4854 3064 4893 non
3098 4841 3250 4908 pauci
3293 4848 3418 4892 tunc
3454 4839 3592 4893 Cou-

2009 4931 2352 5001 stautinopoli
2393 4939 2547 4986 erant
2591 4930 2959 5002 Cbrysostomi
3009 4931 3187 4997 amici,
3234 4931 3326 5001 qui
3377 4931 3429 4984 in
3466 4931 3592 4985 aula

2013 5023 2352 5095 Imperatoris
2375 5023 2665 5094 impetrare
2685 5022 2966 5086 curabant,
2996 5031 3053 5076 ut
3078 5021 3228 5077 locus
3251 5021 3421 5076 exsilii
3451 5023 3595 5076 assi-.

2008 5126 2261 5186 gnaretur
2297 5116 2380 5170 vel
2421 5117 2669 5180 vicinior,
2701 5115 2781 5170 vel
2819 5112 3186 5179 commodior;
3223 5112 3592 5182 Olympiadem

2009 5217 2190 5262 monet
2217 5217 2272 5262 ut
2301 5223 2420 5262 cum
2450 5208 2556 5262 illis
2584 5208 2653 5261 ita
2677 5222 2788 5262 rem
2810 5206 3098 5276 prudenter
3116 5213 3258 5276 agat,
3281 5212 3339 5259 ut
3365 5205 3410 5258 si
3439 5204 3589 5261 illum

2010 5304 2060 5356 in
2085 5304 2257 5357 locum
2278 5300 2739 5368 ConstantinOpoli
2771 5299 2856 5352 vel
2879 5297 3070 5353 eodem
3097 5297 3179 5351 vel
3205 5296 3396 5367 majori
3418 5297 3593 5366 spatia

2009 5395 2290 5448 distantem
2323 5391 2508 5448 adduci
2538 5391 2755 5455 vellent,
2786 5390 2931 5444 idne
2959 5388 3269 5444 admitteret
3293 5404 3308 5454 ;
3337 5389 3382 5443 si
3411 5397 3590 5443 autem

2009 5487 2090 5539 vel
2116 5485 2392 5556 Cyzicum,
2420 5483 2502 5539 vel
2535 5485 2756 5538 alteram
2789 5482 2976 5538 urbem
3009 5498 3114 5536 non
3152 5483 3337 5552 procul
3364 5498 3392 5536 a
3433 5481 3591 5536 Nico-

2010 5577 2181 5632 media
2205 5573 2489 5632 distantem
2518 5576 2801 5645 impetrare
2821 5583 3062 5645 possent,
3092 5589 3281 5629 manus
3308 5575 3396 5627 illa
3417 5573 3587 5626 daret.

2011 5668 2215 5722 Brisoni
2246 5682 2456 5737 quoque
2485 5667 2697 5734 scripsit
2725 5666 2897 5720 amico
2932 5665 3059 5735 (Ep.
3090 5665 3242 5734 254),
3270 5663 3505 5730 dicitque
3525 5674 3594 5717 se

2011 5771 2126 5816 oost
2158 5775 2429 5814 emensum
2463 5759 2793 5828 septuaginta
2826 5757 2995 5814 ferme
3024 5757 3230 5812 dierum
3261 5754 3380 5818 iter,
3408 5752 3594 5806 (lucu-
