4088 6138
509 386 614 447 227

511 525 628 563 sum
665 505 876 560 tandem
925 502 1222 567 advenisse,
1267 501 1649 569 innumeraque
1689 500 1824 553 mala
1867 513 2078 568 passum

510 613 651 662 esse,
683 607 791 649 tum
830 609 894 647 ex
927 592 1232 646 Isaurorum
1276 598 1420 645 metu
1442 631 1455 655 ,
1490 599 1600 642 tum
1629 603 1695 643 ex
1740 586 2086 641 intolerandis

513 687 763 740 febribus.
787 682 991 739 Obnixe
1023 692 1169 751 rogat
1191 691 1390 742 autem,
1416 689 1471 734 iit
1499 679 1596 734 sibi
1628 679 1838 732 assidue
1868 679 2083 742 scribat,

512 775 651 830 haud
692 775 808 829 leve
847 773 1092 826 solatium
1125 788 1187 826 ex
1220 772 1336 842 ejus
1379 771 1545 825 literis
1583 779 1917 840 percepturo.
1953 767 2085 834 Quia

510 882 638 921 vero
677 881 743 921 ex
769 881 992 920 numero
1022 880 1203 920 eorum
1236 877 1352 919 erat
1390 865 1571 925 Briso,
1605 862 1691 931 qui
1721 863 1881 915 alium
1912 861 2082 915 exsilii

510 957 683 1010 locum
708 957 1064 1026 postulabant,
1093 965 1237 1010 utne
1271 956 1320 1010 id
1350 953 1578 1024 amplius
1607 964 1775 1016 curet,
1800 951 2083 1006 admonet:

510 1064 632 1103 nam
658 1064 716 1103 se
743 1064 800 1102 re
829 1049 1064 1101 omnium
1091 1047 1422 1117 gravissima,
1453 1047 1553 1098 via:
1584 1060 1776 1112 nempe
1804 1044 2082 1105 molestiis,

505 1138 616 1204 jam
662 1137 991 1206 perfunctum
1043 1152 1180 1191 esse.
1233 1136 1344 1190 Non
1395 1135 1716 1189 scribentem
1762 1143 1936 1187 autem
1985 1131 2086 1185 sibi

510 1227 786 1282 Brisonem
820 1228 870 1279 in
899 1227 999 1280 alia
1022 1227 1246 1294 cpistola
1270 1224 1406 1279 haud
1440 1225 1626 1278 leviter
1646 1223 1908 1292 objurgat.

581 1318 728 1371 Alias
747 1332 956 1386 quoque
986 1325 1104 1384 post.
1129 1315 1411 1369 adventum
1434 1312 1697 1368 Cucnsum
1719 1313 1898 1367 literas
1920 1311 2084 1376 misit,

514 1409 728 1464 Pmanio
779 1424 970 1476 nempe
1009 1408 1109 1461 sibi
1157 1407 1502 1471 amicissimo,
1555 1406 1793 1460 Ccmcllo
1842 1404 1988 1474 (19.1)
2035 1415 2089 1458 et

518 1501 674 1554 Aetio
704 1499 849 1569 (196)
882 1518 894 1552 :
925 1499 1218 1554 Gemellum
1251 1514 1377 1553 vero
1407 1498 1586 1552 laudat
1624 1514 1651 1550 a
1695 1497 2028 1558 fortitudine,
2058 1511 2086 1548 a

515 1591 766 1661 loquendi
808 1592 1081 1652 libertate,
1125 1605 1153 1643 a
1209 1591 1412 1643 sincera
1459 1588 1846 1642 benevolentia.
1891 1587 1945 1639 In
1985 1583 2087 1639 alia

511 1697 640 1738 vero
669 1683 920 1751 epistola,
951 1697 1069 1736 cum
1098 1681 1369 1735 Gemellus
1405 1693 1433 1730 a
1465 1678 1776 1746 quibusdam
1818 1677 1929 1729 dira
1963 1691 2086 1743 per-

513 1785 700 1844 pessus
746 1786 897 1824 sacro
942 1786 999 1822 se
1054 1769 1262 1822 lavacro
1320 1768 1524 1835 tingere
1578 1766 1787 1827 vellet,
1848 1765 2088 1819 laudibus

513 1862 723 1916 extollit
761 1861 906 1914 illiiin
947 1859 1359 1930 Chrysostomus
1387 1858 1452 1910 ab
1486 1857 1648 1909 animi
1690 1856 2005 1919 constantia,
2036 1865 2090 1909 et

515 1961 573 2004 ut
609 1949 995 2018 quamprimum
1027 1962 1148 2000 sese
1187 1961 1337 1999 sacra
1373 1945 1703 2013 baptismatis
1745 1944 1882 1996 unda
1913 1945 2091 1997 abluat

515 2039 777 2093 hortatur.
810 2038 942 2090 Cum
975 2037 1072 2088 and
1098 2045 1208 2090 sset
1234 2045 1412 2088 autem
1449 2034 1742 2088 Gemellum
1769 2035 1833 2086 ad
1859 2035 2088 2102 aliquem

515 2129 877 2197 magistratum
907 2137 1146 2180 evectum
1177 2127 1368 2185 fuisse,
1403 2141 1462 2179 ea
1489 2125 1556 2179 dc
1586 2142 1643 2179 re
1674 2126 1770 2193 ipsi
1801 2127 2092 2194 gratulatur

513 2220 566 2274 in
595 2220 696 2272 alia
726 2219 951 2288 epistola
981 2218 1151 2288 (1‘24);
1171 2219 1410 2287 queritur
1442 2231 1569 2270 vero
1601 2225 1780 2285 postea
1813 2216 1935 2287 (Ep.
1973 2217 2087 2286 79),

512 2310 651 2381 quod
679 2309 745 2364 ad
773 2309 877 2364 taie
906 2323 1097 2362 munus
1117 2316 1441 2376 assumptus,
1461 2307 1562 2362 sibi
1594 2323 1697 2361 non
1729 2307 2083 2374 rescripserit.

512 2399 757 2456 Nescitur
780 2407 954 2453 autem
981 2410 1155 2453 utrum
1176 2397 1439 2452 Cucusnm
1463 2399 1570 2466 jam
1595 2397 1895 2466 pervenerit
1926 2395 2007 2467 (T.
2034 2398 2088 2450 ὅ.

515 2502 566 2542 c.
592 2489 716 2545 546.
755 2497 801 2542 et
826 2487 929 2556 Ep.
954 2489 1101 2557 118),
1125 2487 1336 2556 quando
1366 2487 1615 2555 epistolas
1635 2487 1766 2540 duas
1793 2487 2004 2554 scripsit
2025 2487 2090 2539 ad

512 2577 790 2646 episcopos
814 2586 867 2631 et
890 2578 1226 2645 presbyteros
1257 2578 1464 2644 pietatis
1491 2591 1648 2630 causa
1678 2577 1729 2629 in
1759 2592 1974 2631 carcere
2005 2579 2088 2630 in-

510 2668 706 2730 clusos,
733 2683 865 2735 quos
900 2667 964 2720 ail
1002 2669 1308 2735 patientiam
1337 2669 1595 2728 hortatur,
1628 2669 1912 2739 repositam
1948 2683 2088 2723 :rru-

512 2757 651 2810 mnis
693 2756 882 2809 talibus
915 2770 1166 2809 coronam
1205 2771 1648 2819 commemorans,
1687 2756 1844 2825 idque
1882 2757 2091 2826 egregie

513 2843 566 2898 in
615 2845 781 2911 prima
825 2845 1116 2912 praesertim
1165 2845 1404 2912 epistola.
1451 2845 1669 2915 Polybio
1714 2844 1838 2898 item
1881 2847 2092 2915 scripsit

513 2945 641 2990 tunc
679 2935 1136 3004 Constantinopoli
1168 2937 1420 3001 versanti,
1462 2951 1522 2989 ac
1567 2935 1632 2989 de
1672 2935 1970 2990 Isaurorum
2011 2938 2092 2990 iii-

513 3025 853 3080 cursionibns
879 3025 1037 3079 verba
1069 3025 1192 3080 facit
1222 3024 1348 3094 (Ep.
1377 3026 1520 3096 MS),
1550 3027 1635 3095 qui
1660 3025 1922 3080 Ciicusiim
1953 3042 2088 3097 pene

512 3115 789 3171 obsessum
827 3115 1098 3182 tenebant,
1125 3126 1179 3171 et
1207 3114 1396 3170 famem
1440 3119 1490 3170 in
1524 3118 1789 3186 regionem
1823 3118 1962 3171 illam
2006 3119 2087 3172 in-

507 3203 790 3261 duxerant.
809 3207 976 3260 Aliam
991 3221 1202 3276 quoque
1219 3206 1436 3277 Polybio
1453 3207 1731 3277 epistolam
1754 3208 1894 3262 misit
1914 3208 2086 3276 (1‘17),

507 3307 562 3353 et
584 3298 796 3368 quidem
832 3297 1024 3353 hiemis
1053 3305 1310 3367 tempore,
1339 3300 1404 3352 de
1433 3315 1533 3369 qua
1569 3298 1786 3353 inferius
1815 3312 2020 3370 agetur.

578 3388 648 3443 Iis
673 3391 854 3452 etiam,
881 3390 967 3459 qui
997 3404 1056 3443 se
1093 3387 1348 3444 Caesareae
1377 3389 1612 3444 ofliciosc
1645 3399 1983 3460 exceperant,
2019 3391 2084 3444 li-

508 3490 652 3536 teras
673 3482 818 3535 misit
844 3481 862 3547 (
895 3481 1057 3549 Epist.
1087 3481 1200 3551 8-I).
1241 3482 1379 3536 Inter
1409 3497 1500 3535 eos
1537 3482 1850 3551 Hymnetius
1877 3483 2081 3536 emine-

511 3571 620 3632 bat,
660 3586 816 3640 quem
857 3573 1182 3625 medicorum
1223 3574 1508 3641 principem
1550 3582 1733 3638 vocat;
1761 3588 1988 3643 eumque
2026 3584 2084 3628 ut

507 3658 608 3714 sibi
645 3661 871 3714 amicum
904 3702 919 3724 ,
954 3662 1104 3729 cujus
1145 3671 1199 3715 et
1237 3663 1481 3716 amicitia:
1523 3671 1576 3716 et
1618 3665 1815 3731 peritia:
1858 3678 2079 3716 summtc

507 3751 798 3822 periculum
845 3751 1074 3816 fecerat,
1126 3753 1306 3806 videre
1353 3752 1634 3805 admodum
1689 3761 1934 3820 exoptat;
1985 3753 2076 3807 sed

504 3844 624 3913 quia
648 3843 946 3897 Isanrorum
975 3845 1303 3898 incursiones
1323 3844 1513 3898 Cucusi
1539 3844 1736 3897 aditum
1759 3844 2079 3899 interclude-

504 3933 650 3996 bant,
681 3933 728 3986 id
751 3933 928 3986 damni
961 3941 1017 3986 ut
1063 3934 1334 3988 literarum
1365 3934 1659 4003 frequentia
1692 3935 1888 3988 sarciat
1908 3976 1920 3998 ,
1951 3950 2077 4003 pre-

500 4031 669 4077 catur.
704 4021 757 4077 ln
777 4023 885 4076 alia
912 4039 1037 4078 vero
1065 4024 1284 4092 epistola
1317 4024 1430 4092 (58)
1463 4023 1741 4077 Seleucum
1769 4025 2073 4094 episcopum

502 4113 601 4180 ipsi
629 4113 985 4177 commendat,
1018 4115 1324 4182 gravissima
1359 4113 1490 4167 tussi
1528 4113 1853 4168 laborantem
1881 4114 2071 4184 (Epist.

501 4203 596 4270 37)
625 4219 637 4254 :
661 4203 750 4272 qui
777 4204 1432 4274 Seleucus,Clirysostomi
1463 4203 1673 4259 videndi
1702 4205 1967 4260 desiderio
1994 4208 2071 4260 in-

499 4290 712 4357 ductus,
737 4291 1000 4346 Cucusum
1030 4295 1191 4357 venit,
1219 4302 1274 4348 et
1307 4295 1492 4348 tussim
1525 4304 1578 4348 et
1607 4295 1810 4349 itineris
1843 4295 2072 4352 difﬁcul-

501 4389 660 4434 tatem
705 4390 758 4435 ct
799 4380 1026 4436 hiemem
1087 4398 1205 4451 quae
1251 4385 1481 4438 instabat
1517 4385 1832 4452 despiciens.
1888 4386 2074 4441 Profe-

495 4478 676 4525 cturus
711 4480 885 4526 autein
932 4471 1249 4537 Cmsaream,
1284 4473 1703 4542 Tranquilliiium
1735 4477 2065 4544 episcopum,

493 4560 606 4632 qui,
635 4572 690 4616 ut
723 4579 787 4618 ex
814 4563 1176 4636 Chrysostomi
1216 4565 1371 4621 dictis
1401 4566 1656 4635 arguitur.
1696 4581 1861 4635 prepe
1893 4567 2072 4620 (Σακερ-

493 4662 639 4708 ream
667 4654 821 4709 sedes
843 4655 1086 4721 habebat,
1117 4657 1348 4711 invisere
1375 4657 1557 4710 voluit.
1595 4657 1725 4710 lluic
1749 4673 1872 4711 vero
1893 4658 2070 4713 literas

490 4743 559 4797 ad
590 4743 1006 4812 'I'ranquillinum
1035 4745 1180 4800 dedit
1206 4745 1437 4801 Joannes
1469 4756 1669 4813 noster,
1698 4763 1854 4816 quem
1885 4748 2066 4803 horta-

489 4845 577 4886 tur
602 4843 658 4885 iit
685 4833 960 4888 Seleucum
991 4835 1216 4904 benigne
1241 4838 1487 4905 excipiat.
1516 4839 1910 4909 Tranquillinus
1938 4857 2066 4896 vero

493 4922 846 4991 Eupsychium
876 4922 942 4974 ad
962 4922 1396 4994 Clirysostomum
1428 4928 1667 4990 miserat,
1697 4932 1786 4998 qni
1816 4931 1880 4984 de
1907 4932 2064 4986 rebus

493 5010 733 5079 plurimis
769 5010 913 5063 illum
946 5011 1142 5066 faceret
1171 5015 1474 5069 certiorem.
1512 5019 1580 5070 At
1610 5020 1938 5090 Eupsychins
1977 5024 2064 5077 ille

490 5099 722 5155 nondum
759 5101 1065 5156 advenerat.
1108 5103 1360 5158 Hortatur
1385 5121 1510 5160 vero
1547 5107 1966 5179 Tranqiiilliniini
2008 5124 2064 5166 iit

485 5207 549 5247 ea
571 5233 586 5257 ,
615 5207 734 5260 qua:
776 5193 874 5248 sibi
904 5195 1234 5266 Enpsychius
1263 5207 1570 5252 narraturus
1597 5212 1729 5263 erat,
1759 5219 1855 5272 per
1884 5207 2062 5259 literas

486 5283 710 5337 nunﬁeL

558 5374 722 5429 Paulo
741 5384 861 5445 post
890 5391 1041 5432 suum
1073 5380 1122 5432 in
1155 5381 1325 5436 exsilii
1348 5382 1521 5436 locum
1549 5383 1853 5451 adventum,
1880 5388 2059 5443 literas

483 5467 626 5522 misit
651 5467 716 5521 ad
737 5470 868 5522 alios
896 5487 998 5524 non
1028 5486 1243 5540 paucos,
1269 5474 1357 5543 qui
1380 5475 1479 5529 sibi
1505 5475 1762 5532 Ctesarezc
1784 5479 1865 5533 vel
1895 5480 2056 5534 bene-

483 5561 598 5614 lleia
627 5562 1017 5630 prmstiterant,
1049 5564 1131 5618 vel
1167 5567 1412 5620 amicitia:
1453 5569 1675 5624 sincera:
1718 5572 1860 5638 signa
1892 5573 2054 5629 dede-

481 5661 624 5717 rant,
667 5651 734 5708 ad
785 5652 1076 5708 Firininum
1123 5672 1331 5726 nempe,
1378 5657 1707 5730 Cytlicrium.
1751 5662 2048 5726 Leontium,

469 5737 813 5800 Faustinum.
843 5742 1134 5800 Helladinm
1165 5757 1216 5799 et
1256 5747 1564 5814 Evcthinm;
1597 5771 1726 5820 qttns
1748 5799 1760 5820 ,
1793 5766 1848 5808 ut
1887 5757 2046 5810 etiam

1561 383 1619 440 s.
1656 382 1930 441 JOANNIS
1965 379 2439 442 CHRYSOSTOMI
2482 382 2654 458 γει-Α,

2965 309 3090 332 vir-0'"

3670 391 3770 450 228

2195 513 2330 567 pene
2351 498 2481 554 alios
2506 514 2693 554 omnes
2712 500 2909 554 amicos
2939 509 2991 554 et
3012 510 3186 565 notos,
3214 501 3476 567 hortatur,
3499 515 3558 559 ut
3577 519 3638 561 se
3666 508 3770 565 fre-

2191 598 2416 657 quenter
2454 589 2620 644 literis
2660 589 2917 645 solentur.
2947 590 3184 645 Carterio
3212 607 3444 663 quoque,
3487 595 3768 665 Cappado-

2193 682 2287 734 ciae
2316 682 2548 752 pracsidi,
2586 683 2765 737 literas
2805 682 2951 754 (256)
2982 685 3123 736 misit
3156 683 3570 754 Clirysostomiis
3592 730 3606 752 ,
3647 705 3770 759 gra-

2193 772 2396 841 tiasque
2427 772 2496 826 illi
2536 773 2662 849 egit,
2690 773 2830 843 quod
2866 774 3116 827 tumultus
3157 774 3442 840 sedaverit,
3475 786 3529 831 et
3557 795 3770 832 omnem

2194 861 2422 931 lapidem
2453 865 2694 928 moverit,
2730 873 2788 917 ut
2810 865 2921 933 ipse
2951 865 2999 916 in
3023 869 3312 920 securitate
3335 881 3654 923 versaretur.
3685 870 3774 925 Ait

2192 967 2319 1005 vero
2366 968 2444 1018 se,
2488 953 2612 1008 licet
2657 955 2706 1006 in
2752 953 3116 1007 desertissima
3160 954 3295 1019 loco,
3330 956 3518 1010 Cucusi
3558 975 3770 1028 nempe,

2194 1041 2492 1110 degentem,
2518 1043 2568 1096 in
2589 1043 2673 1095 illa
2695 1043 2978 1097 solitudine
3003 1052 3264 1112 tamquam
3291 1046 3339 1098 in
3369 1057 3522 1115 portu
3548 1051 3771 1114 versari,

2193 1147 2254 1186 ac
2299 1133 2467 1186 morbi
2517 1134 2884 1202 malorumque
2935 1134 3186 1201 reliquias
3239 1140 3434 1188 sensim
3481 1137 3769 1206 depellere.

2194 1223 2497 1275 Amicorum
2546 1223 2802 1292 siquidem
2852 1238 2946 1291 per
2988 1224 3170 1278 literas
3209 1228 3533 1281 consortium
3586 1243 3775 1284 omnes

2193 1309 2494 1378 ahstergere
2523 1310 2796 1365 videbatur
2820 1312 2988 1365 exsilii
3020 1312 3305 1366 molestias.

2265 1402 2536 1470 Episc0pis
2563 1405 2719 1457 etiam
2743 1405 2951 1472 scripsit
2979 1404 3166 1474 (Epist.
3199 1407 3288 1461 85'.
3319 1407 3409 1462 86.
3440 1409 3530 1464 87.
3562 1409 3650 1464 88.
3679 1412 3773 1466 89.

2194 1493 2308 1561 90),
2341 1495 2426 1561 qui
2460 1510 2554 1560 pro
2577 1511 2670 1548 sua
2707 1507 2758 1548 et
2789 1496 3041 1549 Ecclesia:
3068 1512 3226 1551 causa
3263 1499 3491 1563 stabant,
3525 1501 3773 1555 niniirnm

2196 1583 2376 1648 Lucio,
2407 1584 2556 1649 Mari,
2589 1585 2810 1654 Enlogio
2851 1587 2900 1637 in
2941 1585 3218 1639 Palirstina
3259 1589 3509 1658 episcopo
3531 1632 3545 1653 ,
3577 1589 3770 1645 Joanni

2194 1673 2656 1744 Jerosolyniitano,
2687 1677 2988 1729 Theodosio
3015 1676 3465 1748 Scytlmpolitano,
3490 1690 3544 1734 et
3569 1681 3771 1752 Moysi;

2194 1778 2327 1832 quos
2357 1763 2598 1818 hortatur
2637 1776 2692 1818 ut
2734 1767 2784 1818 in
2827 1767 3014 1821 eadem
3053 1769 3211 1820 animi
3246 1769 3492 1826 firmitate
3521 1787 3775 1838 perseve-

2195 1863 2312 1907 rent
2345 1852 2587 1923 (Pallad.
2631 1855 3152 1926 Ditilog.)Equgium
3194 1873 3353 1923 vero,
3399 1861 3449 1913 in
3497 1860 3777 1918 Palaestina

2195 1945 2521 2014 episcopum,
2551 1960 2888 2016 summopere
2908 1948 3164 2013 celebrat,
3189 1950 3280 2017 qui
3302 1951 3487 2018 quavis
3517 1952 3639 2005 tuba
3667 1953 3778 2006 cla-

2195 2035 2302 2088 rius
2340 2037 2476 2103 apnd
2507 2051 2692 2090 omnes
2720 2037 3018 2092 Orientales
3048 2048 3100 2092 et
3139 2055 3294 2108 quain
3329 2041 3634 2110 longissime
3663 2043 3777 2097 dis-

2162 2147 2164 2150 ·
2196 2127 2328 2179 sitos
2366 2127 2605 2181 homines
2641 2129 2717 2182 rei
2757 2129 3028 2182 veritatem
3072 2133 3448 2202 promulgaret.
3497 2134 3778 2205 Eulogium

2198 2224 2404 2279 tamen,
2459 2217 2718 2272 Caesarem
2765 2219 2815 2272 in
2863 2219 3140 2275 Palarstina
3181 2223 3524 2293 episcopum,
3573 2226 3780 2282 inducit

2196 2305 2479 2371 Palladius,
2504 2309 2653 2375 quasi
2677 2309 2956 2377 Theophili
2988 2311 3329 2366 Alexandrini
3364 2323 3536 2381 partes
3564 2327 3780 2371 sectan-

2195 2401 2300 2445 tem
2331 2402 2383 2446 et
2407 2410 2592 2462 aspera
2631 2413 2853 2466 quasque
2897 2400 3222 2454 molientem.
3255 2401 3358 2456 Sed
3391 2404 3471 2459 vel
3509 2406 3646 2460 alius
3677 2407 3780 2461 Pa-

2197 2481 2705 2553 lzcstintcepiscopus
2733 2486 2815 2540 hic
2840 2489 3087 2556 Eulogius
3114 2489 3293 2556 fuerit,
3323 2493 3403 2547 vel
3428 2498 3468 2547 si
3492 2495 3629 2549 idem
3660 2496 3780 2565 ipse

2193 2570 2283 2636 sit,
2318 2571 2368 2624 in
2396 2572 2670 2627 adversam
2706 2587 2905 2643 partem
2938 2589 3116 2645 postea
3150 2582 3422 2636 transiisse
3451 2592 3680 2654 oportet.

2265 2660 2346 2712 Ad
2385 2659 2705 2716 Theodorum
2749 2664 3154 2736 Mapstiestemtm
3195 2671 3476 2723 scribit.--
3500 2675 3540 2727 Α
3577 2677 3775 2730 teneris

2194 2751 2346 2803 annis
2397 2753 2624 2806 amicum
2679 2755 2901 2808 habebat
2950 2757 3360 2828 Chrysostonius
3407 2763 3767 2831 Theodorum,

2193 2840 2280 2907 qui
2324 2849 2448 2894 tunc
2495 2843 2828 2911 Mopsocstia:
2875 2848 3154 2916 episcopus
3200 2860 3334 2915 erat,
3385 2853 3622 2922 nihilque
3663 2871 3770 2911 non

2193 2930 2399 2999 agebat,
2433 2942 2488 2986 ut
2516 2932 2879 3003 Chrysostomi
2909 2952 3120 2991 causam
3151 2939 3462 2996 defenderet
3489 2959 3549 2998 ae
3577 2961 3770 3014 propu-

2192 3029 2395 3088 gnaret.
2421 3023 2554 3078 Huic
2588 3025 2862 3094 epistolam
2892 3027 3037 3098 (H2)
3066 3031 3207 3084 misit
3241 3031 3672 3104 Clirysostoniiis,
3704 3039 3768 3092 il-

2193 3112 2333 3181 lique
2363 3123 2418 3166 ut
2439 3115 2547 3180 jam
2573 3117 2771 3184 pridem
2794 3127 2844 3170 et
2873 3119 2938 3170 ab
2970 3120 3120 3173 initio
3145 3122 3242 3174 sibi
3274 3133 3398 3175 noto
3419 3129 3617 3193 gratias
3637 3130 3766 3199 agit,

2194 3201 2537 3272 hortaturque
2562 3215 2614 3259 et
2643 3207 2886 3261 obsecrat
2909 3209 3056 3262 illum
3089 3220 3143 3263 ut
3169 3213 3410 3267 eamdem
3439 3230 3562 3286 erga
3590 3231 3650 3271 se
3675 3233 3766 3272 ca-

2192 3292 2397 3348 ritatem
2440 3305 2693 3364 perpetuo
2728 3298 2988 3368 vigentem
3026 3301 3268 3355 retineat.
3299 3302 3448 3357 Circa
3493 3305 3628 3360 hanc
3658 3309 3765 3376 epi-

2191 3384 2376 3437 stolam
2409 3385 2600 3455 aliqtiin
2642 3387 2984 3457 insurgebant
3010 3389 3382 3458 difﬁcultates,
3413 3410 3545 3465 quas
3577 3397 3769 3452 vidcsis

2191 3472 2241 3526 in
2271 3476 2407 3528 notis
2428 3477 2490 3529 ad
2520 3476 2672 3530 Tom.
2713 3479 2766 3542 5,
2784 3497 2832 3534 c.
2853 3481 2954 3536 668
2976 3489 3027 3532 et
3048 3479 3169 3541 669,
3190 3489 3245 3534 et
3261 3483 3309 3538 in
3324 3483 3474 3538 Tom.
3497 3484 3549 3545 6,
3571 3499 3619 3536 c.
3635 3485 3760 3539 5l5.

2229 3589 2232 3592 -
2261 3565 2522 3631 Epistolas
2544 3567 2700 3619 etiam
2723 3566 2786 3619 ad
2818 3567 2949 3620 alios
2977 3569 3120 3622 misit
3140 3569 3440 3638 episcOpos,
3463 3574 3766 3627 Anatolium

2188 3653 2406 3719 Atlante,
2455 3655 2698 3708 Rufinum
2741 3657 2863 3710 item
2907 3658 3247 3725 episcopum,
3296 3659 3447 3726 cujus
3489 3675 3616 3714 vero
3659 3661 3762 3715 loci

2187 3746 2436 3808 nescitur,
2461 3745 2525 3798 ad
2556 3745 2824 3800 Urbicium
2851 3757 2903 3801 et
2934 3749 3174 3810 Bassum,
3213 3749 3432 3816 perinde
3463 3750 3762 3818 ignotorum

2187 3833 2418 3886 locorum
2449 3836 2745 3904 episcopos,
2777 3835 2840 3888 ad
2866 3835 3217 3906 Porphyrium
3246 3838 3405 3890 ltbosi
3430 3841 3759 3908 eplSCOpIIttl.

2185 3924 2433 3977 Anatolio
2461 3925 2587 3978 dicit
2614 3927 2765 3994 (111)
2792 3941 2849 3980 se
2878 3928 3200 3994 comperisse
3232 3929 3402 3996 ipsum
3433 3945 3512 3994 sc,
3542 3930 3663 3984 licet
3691 3930 3761 3986 tle

2183 4015 2318 4068 facie
2345 4015 2442 4068 sibi
2474 4032 2577 4070 non
2610 4028 2812 4080 notum,
2849 4018 3054 4072 ardenti
3087 4034 3268 4074 amore
3301 4024 3578 4088 prosequi,
3609 4033 3758 4091 opta-

2182 4122 2344 4175 reque
2373 4122 2712 4176 congressum
2749 4124 2926 4161 secum
2961 4124 2975 4159 :
3004 4109 3124 4176 quia
3166 4124 3292 4162 vero
3324 4111 3459 4162 nulla
3489 4127 3613 4178 spes
3637 4120 3755 4166 erat

2183 4197 2232 4250 id
2258 4199 2370 4252 ﬁeri
2403 4215 2650 4268 umquam
2681 4213 2857 4267 posse,
2887 4199 3129 4252 hortatur
3159 4201 3303 4253 illum
3331 4213 3386 4254 ut
3411 4205 3757 4271 epi5tolariitn

2182 4287 2472 4358 frequentia
2495 4304 2834 4357 congressum
2862 4289 3158 4358 hiijnsmodi
3179 4304 3510 4360 compcnset.
3537 4293 3756 4350 Bassum

2179 4377 2352 4446 (310),
2394 4393 2552 4454 quem
2591 4379 3043 4446 Constantinopoli
3085 4379 3312 4433 amicum
3359 4381 3637 4448 habuerat,
3680 4386 3755 4441 le-

2177 4469 2317 4523 nitcr
2337 4469 2598 4539 objiirgat,
2622 4471 2758 4538 quod
2784 4487 2904 4524 cum
2931 4471 3064 4524 adeo
3081 4473 3286 4526 vii-inus
3307 4483 3470 4539 esset,
3490 4491 3556 4530 ne
3575 4478 3754 4533 literas

2175 4559 2389 4628 quidem
2436 4561 2533 4612 sibi
2588 4560 2796 4613 mittere
2839 4560 3166 4629 dignaretur.
3219 4562 3566 4634 Porphyrium
3604 4583 3749 4631 vero,

2174 4665 2332 4719 quem
2373 4650 2533 4703 Rhesi
2565 4650 2870 4718 episcopum
2909 4650 3069 4705 fuisse
3101 4653 3230 4704 nihil
3265 4653 3376 4720 jam
3415 4653 3745 4717 dubitamus,

2177 4756 2270 4809 pro
2301 4756 2449 4795 more
2476 4742 2539 4792 ad
2569 4743 2750 4795 literas
2775 4742 2874 4795 sibi
2905 4741 3210 4809 frequenter
3244 4744 3527 4796 mittendas
3557 4743 3748 4798 cohor-

2176 4842 2332 4886 tatur.
2367 4834 2456 4886 llis
2483 4834 2743 4903 jungenda
2769 4833 2992 4902 epistola
3019 4834 3132 4904 (50)
3159 4834 3223 4887 :id
3255 4835 3523 4889 lleortiiiin
3544 4838 3747 4906 episco-

2172 4941 2319 4995 pum,
2353 4925 2501 4992 cnjiis
2527 4925 2683 4978 sedes
2708 4941 2811 4978 non
2849 4925 3030 4992 procul
3060 4923 3267 4978 Cucuso
3292 4936 3423 4980 erat.
3453 4926 3501 4980 Is
3531 4928 3749 4982 inlirmi-

2174 5025 2280 5069 tate
2319 5017 2557 5084 corporis
2603 5017 2916 5070 laborabat:
2961 5026 3156 5086 atque,
3189 5028 3244 5071 nt
3272 5035 3334 5072 ex
3379 5020 3744 5088 Chrysosioini

2169 5107 2323 5161 dictis
2363 5108 2507 5176 argui
2554 5109 2779 5174 videtur,
2827 5109 3071 5162 lleortiiis
3117 5111 3318 5164 amicus
3364 5112 3604 5165 scribere
3649 5115 3744 5166 sibi

2169 5199 2390 5260 solebat,
2433 5200 2572 5269 quod
2621 5209 2796 5256 tamen
2839 5201 3060 5254 adversa
3106 5201 3406 5255 valetudine
3459 5202 3742 5267 laboraret,

2169 5309 2274 5346 non
2306 5293 2372 5344 ab
2401 5293 2490 5346 illo
2511 5293 2783 5346 ditiit'Ol‘ﬂl.
2825 5292 3007 5345 Vtrum
3030 5295 3168 5360 quia,
3202 5293 3370 5360 inquit
3393 5294 3502 5360 ille,
3535 5295 3740 5348 labella-

2166 5386 2352 5437 riornm
2386 5385 2596 5453 fortasse
2626 5387 2833 5452 penuria
2861 5403 2959 5437 non
2997 5386 3190 5447 scribis,
3221 5387 3334 5437 ideo
3373 5387 3629 5450 homines,
3661 5390 3742 5455 qui

2165 5477 2232 5529 ad
2257 5488 2302 5529 te
2328 5478 2708 5543 proﬁciscantur
2737 5487 2930 5538 nactus,
2963 5476 3116 5528 literis
3139 5486 3184 5528 te
3208 5478 3417 5539 lacesso,
3443 5494 3564 5547 rogo
3586 5488 3629 5530 et
3655 5479 3738 5530 eli-

2161 5585 2320 5633 sccro,
2346 5579 2398 5620 ut
2425 5570 2614 5638 quoties
2645 5569 2859 5639 facultas
2886 5569 3106 5630 dabitur,
3132 5568 3271 5620 nobis
3298 5586 3449 5636 quam
3471 5571 3742 5638 sa'pissinie

2163 5664 2375 5728 scribas,
2401 5673 2445 5715 et
2475 5679 2572 5731 qua
2597 5663 2878 5714 valetudine
2900 5663 2965 5716 sis
2996 5678 3239 5730 exponas.
3269 5662 3586 5731 Quamquam
3613 5667 3742 5716 t‘ttim

2161 5754 2212 5805 in
2262 5755 2594 5806 desertissima
2642 5753 2771 5805 orbis
2827 5755 2933 5806 loco
2985 5753 3287 5820 habitamus,
3327 5782 3390 5817 ο(
3420 5764 3724 5830 ργσοηνηρνη,
