4088 6138
324 363 430 420 229

224 472 229 477 ’
326 488 459 531 metu
477 473 782 538 obsidemur,
805 472 1081 542 multasque
1103 471 1155 524 in
1183 478 1284 523 tam
1313 476 1449 523 easta
1467 466 1737 521 solitudine
1755 469 1894 520 cala-

327 569 524 621 mitates
552 563 879 635 perpetimur,
903 571 1067 616 tamen
1094 560 1137 613 si
1158 560 1436 630 frequentes
1464 573 1496 609 a
1529 564 1595 619 te,
1632 557 1710 608 cui
1737 555 1900 608 caris-

325 658 440 713 simi
466 672 658 720 sumus,
691 655 862 708 literas
886 652 1193 720 accipiamus
1211 691 1226 715 ,
1248 665 1358 718 qut:
1390 664 1481 702 nos
1509 647 1571 700 de
1601 657 1687 700 tua
1716 648 1904 701 valetu-

328 750 445 802 dine
467 748 704 801 certiores
732 745 946 818 faciant,
980 744 1227 813 ingentem
1263 741 1398 803 hinc,
1429 749 1499 792 tot
1535 739 1648 793 licet
1668 738 1904 792 temmuis

329 831 575 907 oppressi,
604 834 995 888 consolatione»:
1023 830 1339 899 accipiemus.
1374 831 1575 893 Quanta
1603 829 1734 880 enim
1772 826 1901 879 cari-

330 929 448 981 tatis
477 927 548 981 nis
585 928 650 979 sit
675 926 993 993 exploratur):
1029 922 1199 985 habes,
1231 919 1459 989 quodque
1492 934 1593 971 non
1630 918 1903 970 amicorum

328 1017 593 1070 dumtaxat
634 1014 935 1083 praesentia,
970 1012 1059 1065 sed
1096 1011 1244 1063 etiant
1281 1009 1440 1062 litera:
1466 1007 1640 1077 ingens
1669 1006 1903 1060 solatium

329 1103 564 1172 aferant.

404 1192 724 1264 llcsychium
753 1205 963 1261 quoque
984 1190 1081 1244 sibi
1113 1187 1516 1251 amicissimum,
1545 1185 1773 1240 vicinum
1804 1185 1902 1238 ha-

330 1284 442 1341 buit
468 1302 483 1350 ;
505 1286 665 1345 itaut,
698 1284 742 1336 si
773 1282 969 1335 licitum
1006 1280 1100 1347 ipsi
1146 1277 1348 1342 fuisset,
1402 1276 1569 1345 inquit
1598 1276 1650 1332 in
1681 1274 1901 1343 epistola

330 1375 419 1441 74,
448 1389 621 1444 neque
646 1374 943 1427 Isaurorum
975 1378 1168 1433 metus,
1212 1384 1381 1437 neque
1406 1367 1642 1439 corporis
1669 1363 1904 1420 imbecil-

330 1466 452 1520 litas
498 1464 780 1533 prohibere
817 1461 1126 1530 potuissent.
1166 1457 1445 1527 quominus
1496 1456 1665 1525 ipsum
1690 1455 1900 1519 adiret;

331 1571 503 1626 neque
530 1565 703 1609 tamen
737 1554 804 1607 ob
851 1553 1148 1605 Isaurorum
1182 1557 1376 1603 metum
1422 1548 1489 1602 ab
1544 1546 1637 1601 illo
1659 1547 1790 1615 petit.
1842 1555 1901 1600 ut

331 1645 592 1701 Cucusum
611 1646 807 1707 veniat,
830 1642 922 1696 sed
940 1652 996 1695 ut
1015 1656 1171 1711 quam
1194 1638 1517 1708 frequentius
1534 1638 1726 1707 poterit
1754 1636 1817 1690 ad
1844 1649 1903 1690 se

344 1734 528 1790 literas
552 1734 743 1788 mittat.
759 1731 1050 1802 Hesychius
1071 1743 1199 1784 vero
1234 1727 1404 1782 literis
1420 1725 1485 1779 ab
1499 1725 1703 1780 Joanne
1730 1725 1900 1793 petiit,

333 1831 391 1878 ut
413 1813 511 1878 sibi
539 1824 851 1892 ignosceret,
874 1819 1014 1890 quod
1035 1834 1138 1873 non
1164 1818 1386 1880 venerit,
1409 1816 1528 1886 quia
1560 1832 1678 1870 nem
1687 1830 1749 1884 pe
1762 1830 1905 1868 mor—

333 1913 402 1967 bo
420 1912 714 1966 laborabat.
735 1910 1036 1979 neSpondet
1055 1908 1459 1979 Chrysostomus
1474 1904 1661 1971 (Epist.
1679 1905 1772 1973 24)
1784 1905 1902 1958 lau-

331 2002 526 2071 datque
552 2015 694 2066 eum,
718 1999 856 2068 quod
876 2013 937 2053 ea
959 1997 1025 2051 de
1041 2011 1197 2051 causa
1224 2010 1328 2049 non
1347 1994 1551 2049 venerit
1580 2011 1594 2048 :
1623 1993 1740 2047 licet
1761 1994 1900 2048 enim

332 2103 438 2147 tam
466 2107 647 2146 carum
677 2100 835 2158 caput
857 2087 1152 2145 exosculari
1180 2095 1353 2151 aveat,
1384 2086 1512 2140 satis
1536 2086 1635 2140 sibi
1675 2083 1789 2139 fore
1808 2086 1901 2149 ait,

331 2184 374 2237 si
403 2183 650 2251 quamdiu
677 2181 790 2237 sive
820 2197 912 2250 per
928 2180 1316 2251 aegritudinem,
1344 2179 1455 2232 sive
1481 2191 1578 2246 per
1612 2178 1734 2231 anni
1760 2186 1900 2231 tem-

332 2283 592 2341 pestatem
620 2272 670 2326 id
697 2288 801 2326 non
834 2271 1030 2334 licebit,
1064 2271 1230 2324 litera:
1251 2268 1387 2321 ultro
1418 2268 1659 2336 citroque
1691 2267 1906 2320 mittan-

332 2372 434 2417 tur.
458 2362 572 2417 lloe
596 2363 765 2431 ipsum
809 2360 918 2418 fere
952 2360 1027 2413 illi
1062 2360 1254 2428 repetit
1301 2359 1353 2412 in
1404 2357 1626 2425 epistola
1656 2356 1902 2411 l'lﬁzubi

334 2453 536 2507 itineris
571 2451 935 2505 difficultatem
972 2464 1091 2503 cum
1121 2447 1362 2516 corporis
1388 2446 1747 2500 imbecillitate
1772 2461 1903 2500 con-

333 2541 515 2611 iungit,
536 2555 601 2595 ae
625 2539 922 2610 signiﬁcare
956 2538 1164 2593 videtur
1196 2552 1254 2592 se
1280 2537 1363 2591 vel
1382 2535 1557 2591 hieme
1577 2535 1686 2605 jam
1707 2550 1903 2604 appro-

332 2630 638 2700 pinquante,
660 2629 743 2685 vel
770 2629 822 2683 in
845 2630 956 2699 ipsa
1003 2627 1209 2699 hyemis
1239 2632 1547 2698 tempestate
1573 2623 1670 2681 has
1691 2625 1907 2682 dedisse

332 2719 528 2776 literas.
1353 2734 1358 2738 ·

400 2809 535 2865 Cum
580 2810 915 2864 Tillemontio
954 2809 1229 2878 opinamur
1254 2808 1411 2862 alium
1440 2805 1761 2880 llesychium
1787 2817 1911 2859 esse

333 2903 501 2969 illum,
552 2916 708 2970 quem
755 2900 1113 2955 venerandum
1162 2907 1217 2953 et
1262 2897 1648 2952 nobilissimum
1675 2896 1823 2963 dicit,
1873 2909 1903 2949 a

334 3007 439 3062 quo
468 3007 527 3046 se
555 2991 777 3046 multum
798 2990 964 3044 amari
1011 3006 1075 3043 cx
1123 2989 1232 3043 sola
1263 2988 1399 3041 fama
1442 2987 1715 3050 didicerat,
1748 3002 1776 3039 a
1798 3001 1903 3056 quo

338 3083 567 3152 posutlat
591 3080 784 3150 (Epist.
806 3081 952 3149 l98),
974 3090 1031 3135 ttt
1052 3079 1350 3148 frequentes
1370 3079 1465 3132 sibi
1494 3078 1671 3132 literas
1692 3078 1863 3131 mittat
1885 3094 1900 3140 ;

336 3170 387 3227 id
401 3173 683 3242 ipsumque
702 3171 892 3239 repetit
910 3171 961 3223 in
988 3169 1203 3238 epistola
1225 3167 1349 3223 225.
1370 3167 1614 3238 Idemque
1636 3168 1901 3223 literarum

335 3264 660 3319 consortium
688 3261 917 3332 postulat
972 3277 1002 3315 a
1049 3260 1375 3314 Candidiano
1417 3259 1526 3328 jam
1569 3259 1697 3311 olim
1731 3259 1904 3312 amico

334 3368 451 3421 suo,
479 3355 568 3424 qui
593 3353 802 3409 Cucuso
830 3352 1008 3422 procul
1022 3351 1246 3422 degebat
1291 3351 1493 3421 (Epist.
1521 3350 1590 3405 l2
1614 3353 1655 3422 ).

404 3446 726 3500 Antiochiam
753 3446 938 3499 multas
959 3445 1129 3499 literas
1155 3443 1742 3497 ntitlit.—Antiochiam
1768 3456 1901 3511 quo-

334 3552 457 3607 que,
483 3537 571 3591 ubi
593 3537 643 3590 in
666 3551 852 3606 magna
874 3535 1263 3591 existimatione
1287 3542 1419 3597 erat,
1441 3535 1745 3587 innumeras
1771 3548 1904 3600 pene

333 3629 590 3699 epistolas
607 3627 905 3682 misitexsul
935 3644 949 3678 :
972 3641 1193 3695 quarum
1216 3625 1392 3677 multm
1409 3625 1635 3692 periere,
1651 3624 1905 3692 plurimas

335 3735 544 3790 quoque
572 3734 638 3773 ex
684 3719 748 3771 iis
782 3733 898 3787 qua:
954 3724 1235 3785 supersunt
1288 3729 1392 3769 non
1440 3714 1683 3767 novimus
1726 3724 1901 3768 utrum

335 3811 401 3866 ad
428 3809 791 3865 Antiochenos
815 3816 1075 3877 spectent,
1105 3807 1225 3874 quia
1257 3805 1550 3873 saepissime
1604 3819 1708 3857 non
1734 3813 1900 3865 notat,

336 3916 435 3955 nec
464 3900 556 3952 dat
595 3898 772 3952 locum
816 3895 1227 3957 internoscendi,
1246 3909 1351 3961 quo
1381 3894 1431 3946 in
1460 3893 1577 3946 loco
1602 3892 1841 3947 habitent
1869 3893 1904 3947 ii

335 3990 400 4045 ad
418 4004 552 4060 quos
565 3990 749 4044 literas
768 3988 978 4058 dirigit:
1020 3985 1308 4040 verisimile
1336 3993 1511 4039 autem
1541 3992 1625 4038 est
1653 3984 1906 4052 plurimas

335 4098 398 4136 ex
421 4082 546 4143 illis,
567 4095 685 4149 qua:
719 4077 1017 4147 hujusmodi
1048 4085 1224 4130 notam
1273 4090 1377 4128 non
1413 4074 1603 4139 ferunt,
1634 4073 1700 4127 ad
1725 4073 1906 4127 Antio.

335 4175 538 4226 chenos
563 4171 754 4224 missas
780 4168 960 4222 fuisse.
996 4168 1136 4221 Inter
1165 4180 1278 4227 eos,
1308 4165 1397 4235 qui
1430 4165 1724 4219 Antiochia:
1750 4164 1907 4219 sedes

338 4261 621 4321 habebant,
651 4259 878 4313 amicitia
900 4258 970 4311 illi
993 4255 1406 4324 conjunctissimi
1427 4261 1581 4309 erant
1611 4254 1906 4309 Marcianus

336 4360 385 4403 et
410 4350 742 4405 Marcellinus
775 4349 984 4411 fratres,
1008 4362 1230 4415 quorum
1284 4356 1580 4413 postremus
1620 4344 1671 4419 in
1702 4343 1907 4397 duobus

337 4441 461 4495 Mss.
492 4439 855 4495 Mareellianus
875 4445 1110 4491 vocatur.
1155 4436 1263 4490 llos
1289 4450 1414 4489 vero
1451 4435 1694 4490 obsecrat
1720 4437 1770 4489 in
1791 4437 1906 4504 epi-

335 4531 466 4586 stula
495 4531 615 4594 129,
648 4539 707 4584 ιιι
735 4545 792 4584 se
822 4529 1123 4597 frequenter
1149 4527 1215 4581 de
1240 4526 1539 4581 valetudine
1563 4542 1653 4579 sua
1710 4526 1905 4581 certio-

336 4638 447 4678 rem
502 4623 713 4676 faciant.
756 4620 1087 4674 Theodotum
1129 4631 1253 4671 vero
1302 4615 1580 4670 diaconum
1623 4625 1820 4681 monet,
1850 4624 1907 4670 ut

337 4711 728 4767 ltlareellianum
776 4718 830 4762 et
873 4707 1087 4763 fratrem
1124 4706 1421 4770 conveniat,
1454 4714 1506 4758 et
1549 4705 1686 4773 apud
1713 4720 1806 4759 eos
1852 4705 1904 4759 id

338 4809 475 4870 agat,
493 4808 550 4853 ut
578 4798 1008 4867 Chrysostomum
1035 4802 1257 4865 purgent
1282 4793 1421 4861 apud
1448 4794 1759 4858 Cat-teriam,
1790 4809 1907 4862 qua)

337 4889 405 4945 de
427 4889 806 4960 Chrysostomo
832 4888 1168 4953 querebatur,
1189 4885 1325 4954 quod
1356 4885 1420 4939 ad
1444 4900 1559 4939 eam
1586 4901 1689 4939 non
1708 4886 1908 4941 scribe-

339 4994 453 5037 ret:
480 4998 579 5053 qua
608 4981 677 5036 de
698 4995 756 5035 re
788 4979 1025 5033 inferius.
1055 4977 1444 5032 Marcellianum
1469 4991 1595 5031 vero
1613 4988 1667 5031 et
1692 4976 1906 5032 fratrem

342 5072 427 5125 hic
465 5071 823 5125 nobilissimos
862 5077 1033 5123 vocat.
1065 5068 1282 5136 Scripsit
1309 5068 1466 5120 etiam
1506 5067 1607 5120 illis
1631 5067 1906 5135 epistolam

340 5163 461 5226 22l,
492 5163 803 5232 etqueritur
819 5160 958 5230 quod
980 5160 1191 5225 sileant,
1229 5173 1323 5213 uec
1345 5159 1526 5212 literas
1548 5158 1646 5211 sibi
1674 5159 1904 5223 mittant,

343 5269 437 5309 nec
452 5264 723 5321 acceptam
750 5252 849 5306 sibi
878 5265 996 5305 esse
1020 5250 1146 5304 dicit
1165 5248 1579 5308 excusationem.
1628 5262 1786 5317 quam
1817 5262 1909 5317 per

338 5344 700 5400 Constantium
725 5342 1087 5411 presbyterum
1117 5338 1385 5392 miserant.
1412 5336 1605 5390 Verum
1631 5345 1909 5405 antequam

341 5433 410 5487 illi
439 5434 574 5487 hanc
592 5431 868 5501 epistolam
917 5430 1234 5496 acciperent.
1265 5440 1447 5480 eorum
1469 5425 1582 5495 ipse
1624 5426 1803 5480 literas
1824 5441 1912 5480 ac-

338 5526 494 5593 cepit,
523 5523 674 5594 queis
700 5523 845 5575 illnm
872 5520 1100 5574 vicissim
1149 5517 1478 5572 lacessebant
1502 5516 1641 5586 quod
1685 5515 1781 5570 sibi
1807 5533 1911 5571 non

340 5615 616 5670 scriberet.
643 5610 935 5682 Πεειιοιιιιιι
961 5612 1063 5664 illis
1110 5609 1520 5679 Chrysostomus
1541 5649 1554 5670 ,
1589 5620 1744 5676 atque
1772 5607 1913 5676 ipsos

306 5722 321 5733 ‘
345 5721 444 5761 nou
471 5706 590 5760 sine
609 5718 770 5759 causa
815 5717 992 5764 parem
1040 5699 1419 5765 querimoniam
1461 5698 1650 5752 aﬂ'erre
1692 5697 1910 5751 conﬁte-

1446 352 1625 410 NUNC
1665 353 1923 411 PRIMUM
1962 355 2232 412 ADORNA
2242 358 2351 416 ΤΑ.

3468 367 3571 424 πυ

2008 477 2110 522 tur.
2143 470 2216 523 Et
2249 471 2404 526 dictis
2447 488 2568 528 vero
2591 476 2705 544 ejus
2733 478 2934 530 eruitur
2972 478 3109 541 illos,
3142 480 3238 534 nisi
3259 484 3570 550 mgritutliue

2002 558 2385 627 detinerentur,
2415 564 2576 632 ipsius
2603 565 2811 620 videndi
2836 583 2993 622 causa
3037 569 3299 625 Cucusum
3324 584 3572 626 venturos

2006 646 2184 714 fuisse,
2218 649 2268 702 id
2295 651 2434 719 quod
2482 654 2570 708 ille
2610 654 2892 710 admodum
2933 666 3181 726 ereptare
3241 660 3569 714 testiﬁcatur.

2004 734 2149 789 Alias
2169 738 2325 792 etiam
2357 740 2484 808 ipsis
2512 743 2651 796 misit
2693 746 2962 812 epistolas,
2985 764 3174 816 nempe
3204 751 3288 814 l9,
3313 751 3401 815 63,
3446 751 3568 810 100.

2004 834 2056 879 et
2084 824 2184 880 129
2214 845 2226 879 :
2261 827 2311 880 in
2339 830 2489 897 queis
2507 832 2689 885 eadem
2719 834 2827 901 ipsa
2856 841 3062 905 repetit,
3082 840 3178 892 sibi
3203 840 3445 894 nimirum
3469 855 3572 894 Su!-

2007 915 2122 982 pius
2150 918 2411 972 scribendi
2444 920 2706 975 licentiam
2750 940 2778 976 a
2814 928 3144 993 praedonibus
3190 931 3380 985 lsauris
3416 933 3571 1000 eripi,

2006 1003 2385 1078 literarumque
2413 1009 2758 1079 frequentiam
2799 1027 3049 1083 exoptare
3078 1034 3136 1071 se
3178 1022 3498 1076 testificatur.

2076 1096 2336 1151 Marciano
2356 1101 2513 1154 etiam
2545 1103 2692 1156 alteri
2728 1105 2961 1158 Tribuno
2992 1109 3266 1177 epistolam
3298 1127 3356 1166 se
3383 1114 3558 1167 misis-

2004 1198 2063 1238 se
2095 1199 2475 1242 commemorat
2508 1190 2695 1259 (Epist.
2724 1192 2820 1247 2ll
2857 1195 2896 1263 ),
2930 1212 3045 1263 qua:
3066 1201 3173 1264 jam
3200 1190 3394 1253 amissa
3414 1210 3534 1269 puta
3561 1233 3565 1237 ι

2006 1280 2108 1360 tur.
2139 1273 2241 1327 Sed
2261 1276 2311 1327 in
2338 1278 2559 1345 epistola
2593 1280 2693 1334 122
2727 1282 2793 1336 ad
2838 1284 2984 1337 illum
3034 1289 3192 1341 missa
3234 1304 3570 1360 summopere

2006 1359 2181 1453 laudat
2211 1363 2377 1453 illum,
2400 1368 2537 1435 quod
2559 1371 2870 1437 pupillorum
2902 1377 3246 1442 patrocinium
3293 1359 3566 1452 suscipiat,

2005 1449 2283 1507 viduarum
2300 1470 2580 1512 ntmroretn
2605 1459 2780 1527 leniat,
2800 1476 3157 1534 paupertatem
3177 1468 3313 1525 levet
3336 1449 3571 1541 plebem-

2005 1555 2106 1609 que
2125 1544 2421 1599 universam
2442 1546 2723 1615 frumento,
2755 1555 2896 1617 vino,
2939 1558 3056 1612 oleo
3085 1559 3303 1630 aliisque
3329 1565 3572 1620 omnibus

2004 1632 2163 1686 rebus
2189 1635 2315 1701 alat,
2331 1653 2391 1692 ac
2420 1655 2512 1706 pro
2527 1657 2675 1698 more
2697 1654 2745 1700 ut
2770 1647 2869 1700 sibi
2901 1648 3201 1718 frequenter
3225 1655 3418 1709 scribat
3442 1655 3569 1711 bor-

2005 1729 2163 1815 tatur.
2181 1724 2495 1815 Marcellino
2519 1733 2676 1786 etiam
2709 1742 2763 1788 ut
2790 1738 2958 1792 amico
2974 1742 3135 1796 veteri
3165 1746 3346 1799 scribit
3373 1747 3571 1815 episto-

2006 1811 2083 1864 las
2109 1811 2252 1868 Siet
2275 1817 2393 1880 188,
2421 1820 2602 1874 eadem
2634 1821 2744 1879 fere
2773 1829 2881 1896 ipsa
2922 1845 3038 1899 quae
3071 1833 3119 1886 in
3168 1839 3374 1891 cgeteris
3399 1811 3569 1893 enun-

2007 1903 2144 1958 tians
2178 1922 2333 1960 :nam
2362 1908 2651 1967 innumera:
2689 1931 2825 1983 pene
2870 1931 2990 1974 sunt
3028 1921 3263 1990 ejusdem
3317 1927 3572 1987 formaset

2008 1994 2206 2086 tenoris
2230 1998 2486 2066 epis-tale.
2522 2002 2782 2057 Antiocho
2831 2006 2954 2061 item
2989 2012 3158 2065 amico
3187 2014 3370 2068 scribit
3414 2019 3572 2086 epist.

2007 2081 2127 2177 l89,
2160 2085 2518 2143 difﬁcultatem
2562 2093 2824 2150 scribendi
2873 2098 2942 2152 ob
2972 2101 3362 2160 tabellariorum
3405 2081 3568 2177 petiu-

2006 2173 2136 2264 riam
2156 2191 2473 2245 memorans,
2500 2180 2799 2251 frequentes
2835 2187 2902 2239 ab
2944 2204 3008 2243 eo
3036 2191 3214 2248 literas
3268 2173 3473 2264 petens,
3503 2199 3569 2253 il-

2007 2262 2221 2332 lumque
2239 2269 2574 2326 Artemidore
2592 2274 2799 2329 cuidam
2822 2283 3154 2337 commendat
3186 2286 3236 2337 in
3266 2262 3423 2355 epist.
3454 2290 3571 2346 ΓΠ.

2008 2354 2225 2425 Alypius
2252 2375 2374 2413 vero
2391 2363 2600 2430 quidam
2620 2363 2995 2436 Cltrysostomo
3024 2354 3571 2436 atltnodutnaddicttts

2008 2444 2103 2512 ipsi
2146 2447 2288 2513 prior
2307 2452 2591 2518 Scripserat
2642 2457 2799 2523 epist.
2836 2457 3005 2527 (186,
3040 2463 3200 2534 178).
3231 2467 3366 2520 haud
3416 2469 3574 2526 dubie

2006 2551 2124 2590 cum
2162 2541 2330 2607 primo
2356 2542 2615 2598 Cucusum
2631 2546 2947 2614 advenisset,
2963 2552 3054 2606 sed
3079 2570 3196 2608 cum
3213 2561 3574 2625 cxcosatione,

2007 2643 2074 2682 ne
2090 2644 2152 2683 ex
2186 2631 2270 2721 illa
2302 2634 2637 2691 festinatione
2659 2641 2805 2706 quasi
2830 2641 3111 2698 admodum
3133 2662 3572 2721 praecepsargne-

2006 2727 2171 2771 retur.
2201 2719 2503 2790 RespOntlet
2526 2726 2598 2779 illi
2634 2726 3063 2800 Chrysostomus,
3090 2748 3182 2801 se,
3214 2745 3269 2790 ut
3299 2719 3578 2807 prius—dili-

2006 2809 2233 2875 gentiam
2251 2821 2304 2864 et
2331 2812 2714 2870 festinationem
2738 2818 2850 2887 ejus
2878 2821 3202 2889 laudaverat,
3231 2826 3339 2895 jam
3362 2828 3575 2884 tardita-

2005 2904 2110 2953 tem
2133 2915 2375 2969 arguere.

2020 3002 2023 3007 '
2077 2991 2157 3044 Ad
2186 2993 2480 3047 Eutltaliam
2522 3012 2730 3066 quoque
2783 3001 2989 3067 pietatis
3027 3004 3306 3072 singularis
3330 3009 3578 3065 feminam

2007 3080 2187 3134 literas
2214 3083 2355 3136 misit.
2383 3083 2471 3147 52,
2505 3085 2623 3148 178,
2666 3090 3006 3157 queriturque
3040 3094 3179 3160 quod
3227 3097 3418 3151 multas
3442 3099 3577 3166 ipse.

2008 3184 2199 3238 paucas
2222 3170 2307 3224 illa
2337 3173 2435 3225 sibi
2488 3174 2665 3228 literas
2704 3177 2892 3242 mittat,
2937 3179 3167 3250 dicitque
3219 3193 3418 3239 tantum
3476 3188 3576 3242 sibi

2005 3261 2249 3330 gaudium
2272 3262 2558 3316 amicorum
2581 3264 2760 3318 literas
2783 3266 2991 3334 all‘erre,
3019 3280 3076 3323 ut
3104 3273 3400 3328 solitudinis
3423 3277 3579 3333 mole-

2006 3351 2371 3405 stiamnnllam
2394 3356 2604 3408 sentiat.
2651 3356 2783 3410 Cum
2836 3361 3115 3429 Amprucla
3164 3373 3217 3419 et
3263 3367 3574 3434 quibusdam

2006 3442 2143 3507 aliis,
2166 3458 2284 3513 quae
2304 3459 2424 3499 cum
2465 3446 2552 3500 illa
2574 3448 2937 3515 versabantur,
2976 3454 3163 3520 majori
3192 3457 3349 3510 etiam
3381 3457 3574 3513 carita-

2009 3532 2075 3585 tis
2104 3534 2315 3588 vinculo
2341 3550 2506 3588 nexus
2522 3534 2682 3591 fuisse
2712 3537 2939 3605 videtur,
2960 3550 3011 3594 ut
3033 3557 3096 3596 ex
3130 3553 3353 3613 quatuor
3372 3549 3570 3616 episto-

2010 3621 2074 3675 lis
2101 3621 2163 3675 ad
2197 3622 2336 3675 illam
2369 3624 2541 3678 missis
2569 3625 2734 3679 tribus
2761 3628 2778 3694 (
2806 3628 2927 3693 l9l,
2962 3631 3084 3695 l03,
3114 3631 3184 3689 96
3212 3633 3233 3706 )
3268 3637 3573 3705 percipitur.

2009 3709 2435 3780 EratAmpruela
2463 3712 2683 3769 fortasse
2708 3716 2862 3787 Syra,
2880 3720 2962 3774 vel
2989 3722 3204 3778 alterius
3228 3725 3449 3780 fortasse
3478 3742 3575 3781 na-

2010 3802 2360 3872 tiouis,neqne
2379 3803 2562 3859 Grazce
2582 3807 2814 3862 scribere
2827 3809 3045 3875 sciebat;
3064 3828 3128 3866 ex
3153 3814 3360 3870 sincero
3378 3826 3574 3881 autem,

2008 3906 2112 3959 quo
2134 3906 2255 3959 erga
2272 3890 2702 3964 Chrysostomum
2733 3897 3024 3964 tenebatur,
3040 3900 3226 3955 affectu
3253 3914 3434 3958 vexata
3460 3921 3575 3959 ma-

2011 3980 2181 4049 lisque
2210 3981 2387 4035 multis
2416 3992 2469 4037 et
2490 3983 2576 4037 illa
2614 3993 2668 4037 et
2693 3985 2851 4039 socia:
2880 4000 2988 4039 sua:
3013 4003 3146 4057 pene
3175 3990 3360 4045 obruta
3386 3992 3572 4047 fuerat.

2010 4068 2157 4122 Illam
2184 4085 2310 4125 vero
2336 4072 2537 4127 solatur
2582 4073 3010 4145 Cltrysostomus,
3070 4081 3346 4147 prtesentia
3400 4084 3577 4138 omnia

2010 4158 2148 4213 ﬂuxa
2178 4175 2293 4215 esse
2314 4162 2516 4224 dicens,
2543 4163 2714 4217 futura
2742 4174 2915 4219 autem
2945 4167 3079 4221 bona
3099 4169 3245 4222 ﬁrma
3267 4179 3318 4225 et
3346 4172 3395 4225 in
3415 4181 3575 4228 mter-

2010 4266 2136 4305 num
2181 4256 2467 4307 manentia.
2524 4254 2848 4311 Harmatium
2882 4274 3024 4324 vero,
3056 4261 3280 4330 probum
3329 4264 3498 4319 virum
3525 4274 3580 4320 et

2012 4342 2339 4411 opulentum,
2358 4344 2445 4412 qui
2466 4342 2764 4399 hominibus
2781 4347 2891 4400 suis
2921 4349 3290 4417 imperaverat,
3320 4364 3377 4406 ut
3400 4355 3576 4409 omnia

2011 4432 2201 4501 quibus
2226 4447 2381 4499 egere
2417 4443 2593 4501 posset
2611 4433 3024 4505 Chrysostomus
3041 4439 3140 4506 ipsi
3157 4443 3576 4510 suppeditarent,

2012 4522 2177 4577 literis
2200 4523 2350 4590 suis(
2377 4523 2443 4577 75
2465 4522 2484 4593 )
2503 4530 2680 4575 mouet
2699 4523 2799 4576 sibi
2821 4525 2998 4579 omnia
3038 4525 3276 4592 affluere,
3304 4538 3430 4583 etse
3455 4531 3578 4585 nul-

2014 4610 2065 4664 lo
2090 4626 2222 4681 opus
2247 4610 2461 4676 habere,
2490 4611 2582 4665 sed
2627 4612 2670 4665 si
2700 4612 2978 4682 gratiﬁcari
3009 4615 3106 4668 sibi
3154 4616 3299 4681 velit,
3329 4617 3494 4673 literis
3524 4634 3586 4674 se

2014 4700 2314 4770 frequenter
2341 4701 2407 4757 de
2432 4716 2525 4756 sua
2542 4708 2598 4756 et
2637 4700 2849 4756 familia:
2881 4703 3040 4758 totius
3062 4705 3358 4759 valetudine
3382 4707 3580 4762 certio-

2011 4807 2122 4846 rem
2153 4793 2325 4849 faciat.

2085 4885 2299 4955 llyemis
2330 4899 2453 4939 vero
2475 4894 2728 4953 tempore,
2746 4885 2858 4939 sive
2873 4885 3064 4957 hyeme
3093 4886 3324 4952 ineunte,
3347 4905 3456 4942 cum
3471 4891 3584 4960 jam

2015 4973 2204 5043 hyemis
2225 4984 2417 5047 tempus
2440 4974 2547 5030 uias
2574 4973 2945 5039 intercluderet,
2990 4974 3231 5031 Musonio
3262 4978 3473 5046 scrtpsit
3493 4994 3578 5047 ep.

2013 5065 2118 5120 2l6
2143 5084 2155 5117 :
2183 5080 2340 5134 quem
2391 5065 2569 5119 laudat
2606 5079 2635 5118 ιι
2666 5066 2967 5121 sinceritate
3004 5067 3259 5133 caritatis,
3290 5070 3356 5124 ab
3379 5070 3577 5125 amoris

2016 5155 2224 5219 ardore,
2258 5156 2323 5210 ab
2348 5156 2510 5209 animi
2557 5158 2871 5222 constantia,
2922 5156 2990 5209 ab
3017 5157 3337 5225 ingenuitate
3363 5159 3583 5213 simula-

2017 5248 2174 5300 tionis
2200 5254 2416 5316 experte
2441 5264 2455 5309 ;
2487 5247 2725 5315 queritur
2743 5255 2938 5306 autem,
2961 5247 3099 5315 quod
3123 5246 3366 5314 licetjam
3387 5263 3548 5303 secun
3564 5279 3582 5291 ο

2016 5337 2087 5391 do
2109 5337 2303 5391 scribat
2320 5337 2438 5404 ipsi,
2459 5336 2651 5389 nullam
2670 5335 2843 5389 adhuc
2858 5336 2974 5404 ejus
2993 5337 3257 5404 acceperit
3280 5337 3579 5406 epistolam,

2018 5426 2155 5496 quod
2184 5427 2447 5480 silentium
2493 5425 2694 5479 crebris
2742 5425 3007 5479 desiderat
3049 5426 3285 5494 epistolis
3327 5440 3574 5496 compen-

2020 5519 2143 5573 sari.

2090 5608 2258 5679 Magis
2287 5608 2566 5661 inclarescit
2595 5608 2645 5660 in
2675 5607 2847 5659 czrsilio
2870 5621 3017 5673 quam
3032 5605 3484 5673 Constantinopoli.
3520 5630 3587 5641 -λι

2021 5699 2249 5753 Joannes
2273 5711 2398 5751 vero
2424 5698 2473 5749 in
2518 5696 2702 5749 exsilio
2731 5696 2927 5764 degens
2982 5697 3148 5765 magis
3187 5689 3578 5756 inclarescehat,
