4088 6138
454 375 558 466 ssi

454 539 612 592 quam
639 536 758 576 eum
787 516 1078 573 Antiochiae
1100 515 1180 569 vel
1227 512 1683 578 Constantinopoli
1707 521 1848 566 esset
1875 513 1891 579 (
1926 510 2026 566 So-

454 631 584 668 zom.
615 613 650 666 ι.
691 611 744 666 8.
795 626 841 662 c.
891 606 1024 676 27).
1070 601 1200 659 Cum
1258 605 1399 658 enim
1433 601 1666 670 pecuniis
1718 602 2031 666 abundaret,

451 717 584 773 quas
605 711 713 755 tum
744 698 1015 769 Olympias
1031 695 1349 756 diaconissa,
1385 703 1491 747 tum
1522 692 1611 746 alii
1642 691 1789 745 multi
1837 691 2036 746 submi-

452 793 769 856 nistrabant,
794 792 1028 857 captivos
1043 787 1298 858 plurimos
1327 784 1393 838 ab
1416 785 1609 838 lsauris
1637 783 1880 847 redemit,
1902 782 2036 836 mul-

453 885 521 936 tis
547 882 704 938 etiam
731 879 910 950 egenis
948 877 1244 932 necessaria
1297 875 1515 943 largitus
1535 883 1650 935 est;
1683 888 1794 936 eos,
1823 872 1911 942 qui
1944 887 2034 941 pc—

460 974 631 1028 Cuniis
661 987 763 1025 non
797 969 1040 1040 egebant,
1071 966 1346 1035 colloquiis
1376 965 1473 1018 sibi
1522 964 1852 1018 conciliabat.
1882 963 2034 1017 Erat-

453 1080 556 1134 que
578 1062 860 1118 admodum
883 1075 1036 1115 carus
1068 1070 1174 1112 tum
1199 1056 1443 1112 Armenis
1474 1055 1612 1124 apud
1639 1069 1770 1124 quos
1790 1054 2031 1123 degebat,

457 1169 564 1210 tum
594 1154 828 1208 finitimis
843 1151 1106 1206 omnibus.
1128 1149 1276 1204 Multi
1303 1147 1537 1218 quotidie
1565 1146 1631 1201 ad
1649 1162 1769 1201 eum
1799 1144 2037 1201 conflue-

459 1247 586 1299 bant
610 1259 674 1298 ex
698 1243 825 1296 urbe
857 1240 1152 1305 Antiochia,
1181 1255 1247 1294 ex
1263 1238 1412 1309 Syria
1439 1248 1493 1292 et
1513 1253 1578 1292 ex
1599 1236 1801 1290 Cilicia.
1835 1237 2030 1306 Atque,

457 1344 514 1388 ut
543 1332 777 1404 pluribus
807 1332 938 1386 infra
961 1331 1185 1393 dicetur,
1227 1343 1319 1382 eos
1349 1329 1437 1396 qui
1489 1327 1822 1396 evangelium
1845 1326 2036 1394 prmdi-

455 1426 646 1478 t-abant
671 1424 721 1476 in
750 1419 1307 1490 Plicenieia,juvabat,
1341 1430 1393 1473 et
1414 1418 1629 1473 monitis
1649 1426 1703 1473 et
1730 1417 2031 1488 largitioni-

457 1515 573 1579 bus,
600 1513 732 1566 alios
757 1525 966 1582 quoque
993 1511 1226 1573 mittens,
1267 1508 1356 1579 qui
1387 1508 1558 1561 eidem
1589 1508 1738 1576 Operi
1764 1509 2036 1563 incumbe-

458 1612 570 1658 rent
597 1621 610 1658 :
634 1603 898 1672 etiamque
925 1599 1240 1656 Gottliorom
1277 1610 1328 1653 et
1357 1598 1634 1653 Persarum
1652 1597 1918 1652 Ecclesias
1947 1613 2037 1653 cu-

455 1694 624 1748 rabat.

529 1784 846 1856 Porphyrius
889 1785 941 1836 in
977 1783 1317 1853 episcopatum
1368 1780 1732 1833 Antiochenam
1779 1781 2023 1833 introsus.

455 1905 526 1914 —-—
550 1874 668 1929 lllos
698 1883 874 1929 autem
903 1874 990 1942 qui
1013 1873 1109 1926 sibi
1138 1870 1332 1925 addicti
1376 1878 1546 1936 erant,
1593 1879 1697 1922 tam
1741 1869 2038 1924 Constanti-

459 1953 655 2036 nopoli,
684 1982 840 2036 quam
866 1963 1181 2026 Antiochiae,
1213 1964 1264 2016 in
1310 1963 1560 2016 aerumnis
1591 1962 1710 2015 ideo
1737 1971 2032 2026 versantes,

461 2059 669 2113 fovebat
714 2057 1144 2126 sustentabatque
1201 2069 1298 2123 pro
1343 2055 1542 2108 viribus
1572 2052 1803 2124 (Pallad.
1829 2053 2036 2124 Dialog.

459 2147 664 2202 Sozam.
723 2147 759 2202 l.
792 2146 844 2201 8.
897 2163 944 2201 c.
979 2145 1048 2200 24
1074 2146 1113 2216 ).
1145 2144 1277 2201 Cum
1332 2160 1462 2198 vero
1502 2143 1786 2198 Flavianus
1835 2145 2041 2213 episco-

460 2254 555 2305 pus
572 2246 809 2292 mortuus
831 2245 973 2291 esset
1008 2250 1147 2289 anno
1166 2235 1290 2298 404,
1346 2233 1673 2304 Porphyrius
1701 2234 1780 2285 vir
1809 2249 1838 2286 a
1861 2232 2039 2301 probis

458 2327 694 2381 moribus
737 2326 1074 2390 abhorrens,
1119 2338 1240 2378 sese
1293 2321 1680 2377 Antiochenam
1730 2321 2036 2391 episcopum

457 2427 578 2488 post
600 2416 844 2471 Flaviani
874 2416 1074 2468 obitum
1103 2413 1330 2483 indignis
1371 2413 1541 2466 modis
1582 2413 1814 2466 ordinari
1838 2411 2040 2465 curavit

457 2505 524 2560 ab
575 2505 767 2560 Aeacio
806 2502 1064 2576 (Pallad.
1113 2502 1369 2573 Dialog.),
1415 2503 1700 2555 Severiano
1752 2510 1805 2555 et
1857 2502 2041 2555 Antio-

456 2598 581 2662 cho,
607 2598 888 2665 statimque
930 2595 1294 2664 Chrysostomi
1344 2593 1773 2647 condemuationi
1804 2593 2038 2647 subscri-

458 2689 950 2760 psit:quapropter
1001 2686 1150 2740 inulti
1183 2688 1233 2740 in
1288 2686 1438 2756 Syria
1472 2685 1537 2740 ab
1592 2686 1706 2754 ejus
1762 2684 2032 2738 consortio

454 2795 576 2835 sese
605 2784 1026 2848 sequestrarunt,
1073 2792 1134 2831 ac
1163 2776 1384 2830 seorsim
1415 2776 1664 2830 cnllectas
1687 2775 2036 2840 celebrantes,

457 2873 646 2927 multas
675 2885 938 2926 mrumnas
958 2880 1021 2924 ac
1043 2869 1312 2924 molestias
1334 2879 1455 2922 sunt
1479 2867 1735 2936 perpessi.
1757 2866 1886 2920 Nam
1915 2866 2037 2920 Cle-

461 2977 552 3017 rus
574 2959 936 3015 Antiochenus
985 2958 1240 3028 insignior
1280 2957 1414 3010 clam
1458 2955 1667 3025 plebem
1715 2955 2036 3024 colligebat,

458 3051 834 3106 accedentibus
863 3051 1021 3104 etiam
1053 3047 1360 3102 mulieribus
1381 3062 1498 3116 qua:
1538 3047 1727 3115 opibus
1750 3047 2036 3117 pollebant.

456 3143 584 3197 'fota
628 3140 737 3196 fere
766 3140 1095 3194 Antiocliena
1122 3137 1358 3193 Ecclesia
1385 3136 1604 3192 Joannis
1629 3136 1886 3191 invisendi
1909 3152 2039 3191 cau-

459 3253 513 3285 sa
546 3235 596 3287 iu
623 3233 928 3288 Armeniam
959 3231 1222 3302 migravit,
1267 3239 1320 3284 et
1372 3231 1422 3283 in
1471 3228 1643 3284 reditu
1703 3244 1887 3283 oniues
1927 3229 2041 3298 ejus

462 3323 850 3393 philosophiam
875 3323 1278 3393 praedicarunt:
1321 3336 1438 3389 qua:
1490 3336 1574 3374 res
1623 3318 1966 3375 Severianum
1988 3328 2042 3374 et

459 3415 805 3486 l‘urpbyrium
832 3415 900 3468 ita
921 3413 1212 3477 mordebat,
1235 3419 1293 3465 ut
1313 3413 1428 3480 ejus
1456 3411 1576 3465 ideo
1601 3421 1892 3466 extremam
1917 3426 2041 3479 per-

469 3510 658 3561 niciem
691 3509 1021 3562 molirentur.

531 3599 638 3652 lloc
665 3599 877 3652 circiter
898 3606 1107 3665 tempus
1144 3597 1408 3652 Cucusum
1437 3597 1580 3652 venit
1610 3598 1890 3668 presbyter
1916 3598 2035 3667 qui-

456 3691 576 3744 dam
604 3705 630 3740 a
663 3689 865 3743 Domuo
882 3689 1130 3756 episcopo
1157 3688 1223 3741 ad
1248 3687 1504 3742 Joannem
1533 3689 1747 3754 missus.
1779 3688 1904 3742 Erat
1933 3703 2031 3741 au-

459 3793 565 3834 tem
589 3780 822 3834 Domnus
853 3780 952 3848 ipsi
1001 3779 1487 3849 conjunctissimus,
1519 3795 1675 3848 quem
1729 3790 1877 3848 rogat
1928 3780 2041 3835 fre-

457 3879 683 3938 quenter
728 3870 908 3923 literas
935 3869 1107 3923 solatii
1163 3885 1320 3924 causa
1369 3869 1468 3923 sibi
1515 3869 1706 3922 mittat.
1758 3869 2043 3924 Accessere

456 3976 666 4030 quoque
691 3961 778 4014 alii
807 3961 1103 4031 presbyteri
1144 3960 1311 4028 ipsius
1343 3958 1601 4012 invisendi
1645 3959 1832 4028 gratia,
1860 3969 1914 4013 et
1941 3959 2042 4013 for-

459 4053 612 4106 tassis
640 4053 977 4116 Antiocheni,
1003 4051 1194 4120 quibus
1221 4051 1288 4105 ad
1332 4066 1428 4105 sua
1454 4050 1841 4106 revertentibus
1861 4052 2042 4109 literas

457 4142 604 4196 dedit
627 4143 690 4196 ad
721 4143 984 4210 Elpidium
1014 4143 1319 4210 episcopum
1365 4141 1699 4204 deferendas,
1731 4158 1817 4212 ep.
1846 4143 1916 4199 25
1946 4161 1958 4198 :
1989 4146 2039 4198 in

459 4247 679 4300 quarum
701 4232 964 4302 principio
985 4231 1132 4295 dicit,
1157 4245 1215 4286 se
1239 4231 1569 4300 frequentius
1589 4232 1686 4301 ipsi
1716 4235 2039 4302 scripturum

461 4321 641 4384 fuisse,
669 4323 768 4375 nisi
799 4322 1062 4376 latronum
1090 4331 1283 4388 metus,
1311 4322 1436 4376 anni
1464 4330 1770 4392 tempestas,
1796 4334 1850 4379 et
1874 4326 2040 4380 label-

460 4415 710 4473 lariorum
737 4416 933 4485 inopia,
961 4416 1260 4472 facultatem
1287 4416 1386 4470 sibi
1411 4415 1737 4481 adimerent;
1768 4429 2041 4486 precatur-

459 4520 563 4574 que
589 4513 648 4560 ut
675 4505 982 4576 frequenter
1034 4521 1092 4560 se
1148 4506 1313 4561 literis
1363 4506 1660 4575 compellet.
1717 4507 2039 4561 Eorumdem

460 4596 884 4668 presbyterorum
931 4598 1224 4653 ministerio
1247 4598 1431 4652 eadem
1459 4613 1593 4667 pene
1628 4599 1736 4665 ipsa
1770 4597 1953 4652 scribit
1975 4597 2040 4652 ad

457 4685 699 4756 Magnum
752 4688 1080 4756 episcopum.
1147 4689 1289 4741 Dona
1333 4696 1508 4741 autem
1561 4687 1790 4756 undique
1809 4688 2039 4757 accipie-

459 4775 542 4830 bat
565 4793 596 4830 a
643 4778 768 4831 Viris
800 4779 996 4846 probis,
1017 4779 1377 4848 etinsignibus
1422 4779 1630 4835 feminis
1651 4780 1785 4850 arqui
1813 4781 2041 4851 bonique

458 4867 775 4933 amantibus,
806 4867 875 4920 ita
902 4876 961 4920 ut
1007 4883 1187 4922 rerum
1232 4871 1468 4924 omnium
1507 4874 1658 4939 copia
1713 4873 2026 4927 abundaret.

460 4961 798 5023 Quapropter
825 4970 946 5010 cum
992 4956 1228 5024 quotidie
1283 4960 1592 5014 muneribus
1626 4976 1716 5016 res
1764 4960 2040 5018 familiaris

463 5045 595 5098 ultra
619 5044 833 5099 modum
859 5057 1160 5116 augeretur,
1180 5049 1344 5117 coepit
1371 5048 1459 5104 ille
1486 5051 1804 5107 donantibus
1819 5071 2037 5109 munera

464 5135 750 5200 remittere,
783 5145 916 5190 etut
955 5136 1209 5206 largiendi
1251 5138 1408 5195 finem
1461 5137 1700 5195 facerent
1751 5157 1956 5212 rogare,
1985 5154 2040 5200 ut

463 5223 641 5280 ridere
665 5234 744 5280 est
762 5226 816 5280 in
845 5226 1080 5296 epistolis
1106 5227 1176 5284 50
1199 5227 1267 5283 ad
1319 5229 1624 5300 Diogenem,
1671 5231 1731 5286 61
1768 5233 1832 5286 ad
1860 5233 2038 5288 Theo-

460 5317 726 5370 dotumex
761 5316 1159 5384 Consularibus,
1203 5330 1258 5374 et
1309 5321 1416 5376 252
1439 5321 1505 5376 ad
1550 5319 1862 5378 Carteriam.
1913 5325 2037 5380 Dio-

457 5419 621 5472 genes
651 5421 783 5462 vero
803 5407 943 5464 dona
990 5425 1083 5464 sua
1132 5412 1350 5468 miserat
1378 5427 1473 5483 per
1500 5413 1841 5482 Aphraatem,
1867 5415 2037 5470 virum

459 5497 939 5566 religiosissimum,
959 5518 1115 5573 quem
1160 5503 1395 5575 jusserat
1429 5505 1808 5578 Chrysostomo
1837 5507 2035 5562 nolenti

461 5606 676 5646 munera
707 5591 1025 5663 relinquere.
1064 5595 1361 5666 Aphraates
1392 5615 1458 5654 ne
1488 5599 1666 5654 literas
1713 5600 1924 5670 quidem
1971 5601 2037 5654 ab

460 5683 550 5736 illo
578 5700 636 5739 se
663 5695 1002 5754 accepturum
1043 5704 1163 5742 esse
1192 5691 1507 5754 minabatur,
1543 5694 1638 5746 nisi
1671 5692 1785 5760 ipse
1815 5707 2034 5748 munera

459 5772 739 5840 acciperet.
775 5776 1183 5846 (Ilirysostomus
1233 5795 1357 5833 vero
1399 5781 1776 5849 componendw
1812 5779 1883 5834 rei
1915 5797 2032 5835 mo-

1550 402 1606 456 S.
1646 399 1921 456 JOANNIS
1957 397 2436 454 CllllYSOSTOMI
2479 393 2662 462 νιτΑ,

3617 399 3723 454 232

2144 509 2267 563 dum
2318 509 2584 572 excitavit,
2635 508 3016 578 epistolamque
3067 509 3212 565 misit
3236 511 3296 564 51
3355 511 3596 580 Diogeni,
3620 528 3722 580 qua

2142 598 2384 651 hortatur
2413 598 2580 660 illum,
2601 607 2658 650 ut
2686 597 3003 666 Aphraatem
3027 599 3208 667 jubeat
3257 615 3477 653 munera
3505 600 3593 653 illa
3624 601 3715 654 de-

2141 689 2278 743 ferre
2306 690 2357 743 in
2407 687 2752 754 Phteniciam,
2773 690 2978 759 illisque
3007 691 3198 745 offerre
3225 691 3556 762 quiregionis
3575 693 3723 746 istius

2141 780 2364 849 gentiles
2413 779 2478 832 ad
2526 779 2877 833 Christianam
2922 780 3078 834 fidem
3131 780 3395 836 adducere
3433 783 3711 844 curabant,

2143 871 2280 925 unde
2309 871 2473 940 major
2496 873 2692 925 utilitas
2709 871 2880 925 futura
2919 882 3053 928 erat.
3092 873 3217 928 lude
3258 890 3381 929 vero
3410 876 3724 944 conjicimus

2145 957 2428 1030 Diogenem
2461 961 2608 1015 illum
2652 962 2948 1016 Antiochia:
2973 963 3154 1028 fuisse,
3199 973 3357 1034 atque
3400 967 3722 1035 Apbraatem

2143 1053 2193 1106 in
2227 1052 2395 1107 reditu
2430 1068 2526 1107 suo
2543 1068 2637 1122 per
2657 1052 2981 1108 thniciam
3013 1053 3174 1109 fuisse
3215 1057 3582 1115 transiturum.

2212 1143 2444 1198 Carteria
2475 1158 2601 1198 vero
2623 1152 2768 1198 tanto
2792 1159 2918 1214 erga
2949 1143 3387 1215 Chrysostomum
3417 1145 3608 1201 affectu
3641 1147 3724 1204 fe-

2142 1232 2379 1300 rebatur,
2405 1244 2462 1286 ut
2484 1234 2581 1288 nisi
2608 1235 2757 1304 gravi
2782 1235 2968 1289 morbo
2993 1236 3205 1290 detenta
3227 1235 3432 1304 fuisset,
3453 1238 3722 1292 Cucusum

2142 1323 2256 1393 ejus
2277 1323 2481 1377 visendi
2502 1339 2659 1377 causa
2683 1323 2980 1393 profectura
3001 1324 3205 1390 fuisset,
3226 1335 3283 1379 ut
3299 1326 3460 1394 liquet
3481 1343 3543 1380 ex
3563 1330 3719 1396 epist.

2140 1413 2245 1467 227
2272 1414 2292 1486 (
2313 1412 2478 1485 Epist.
2503 1414 2629 1487 18).
2656 1414 2839 1469 Morbo
2865 1424 3039 1470 autem
3070 1424 3438 1484 perseverante
3461 1417 3571 1485 ipsa
3599 1433 3723 1471 sua-

2142 1515 2233 1576 pte
2253 1522 2411 1561 manu
2433 1517 2699 1575 unguenta
2726 1508 2964 1576 quzedam
2989 1506 3238 1572 confecit,
3263 1523 3380 1577 qua:
3407 1507 3724 1578 Chrysosto-

2142 1613 2231 1652 mo
2259 1599 2432 1662 misit,
2469 1607 2525 1652 ut
2565 1598 2727 1668 liquet
2761 1614 2827 1652 ex
2856 1599 3079 1667 epistola
3115 1599 3203 1652 54.
3237 1599 3328 1652 Illa
3357 1614 3481 1653 vero
3509 1601 3726 1670 longam

2146 1690 2619 1759 peregrinationem
2649 1689 2784 1754 iniit,
2812 1699 2869 1742 ut
2894 1687 3064 1744 fertur
3092 1690 3141 1743 in
3168 1690 3324 1758 epist.
3354 1691 3422 1745 44
3449 1690 3512 1744 ad
3540 1691 3721 1745 Theo-

2142 1781 2323 1834 dotum
2345 1779 2648 1833 diaconum.
2673 1779 2782 1834 Sub
2805 1779 2917 1832 haec
2941 1789 3116 1834 autem
3141 1779 3382 1846 Libanio,
3407 1782 3519 1834 viro
3538 1780 3724 1837 claris-

2143 1874 2308 1937 simo,
2338 1872 2534 1937 suasit,
2567 1881 2624 1925 ut
2648 1871 2910 1926 Cucusum
2939 1870 3306 1940 Chrysostomi
3334 1872 3538 1926 visendi
3567 1888 3722 1928 causa

2146 1961 2572 2031 proficisceretur
2592 1979 2604 2014 :
2626 1962 2764 2030 quod
2794 1962 2892 2030 ipsi
2912 1960 3196 2014 admodum
3221 1961 3433 2032 placuit,
3465 1972 3521 2015 ut
3545 1963 3725 2018 videre

2144 2062 2225 2106 est
2245 2053 2296 2106 in
2324 2053 2712 2122 elegantissima
2735 2053 2958 2122 epistola
2973 2051 3099 2107 232.
3122 2050 3281 2106 Venit
3303 2068 3430 2122 ergo
3449 2052 3726 2120 Libanius,

2143 2151 2197 2198 et
2226 2143 2509 2212 perexiguo
2535 2152 2774 2212 tempore
2797 2158 2916 2197 cum
2943 2142 3326 2214 Clirysostomo
3355 2153 3595 2198 versatus
3620 2155 3722 2209 est,

2145 2245 2201 2288 ut
2244 2236 2294 2289 in
2336 2236 2557 2306 epistola
2587 2236 2691 2290 250
2721 2235 2786 2290 ad
2830 2235 3090 2303 Elpidium
3119 2236 3425 2304 episcopum
3459 2247 3721 2292 narratur.

2146 2324 2194 2378 Is
2229 2325 2297 2380 de
2332 2327 2491 2380 rebus
2515 2368 2530 2393 ,
2557 2343 2676 2396 quae
2700 2326 2994 2384 Antiochia:
3030 2339 3137 2384 tum
3177 2327 3528 2396 gerebantur,
3563 2331 3726 2397 probe

2145 2417 2435 2472 instructus
2470 2428 2617 2482 erat,
2650 2428 2707 2473 et
2740 2420 2806 2475 de
2845 2421 3040 2477 Severa
3078 2422 3238 2476 nobili
3279 2423 3466 2491 piaque
3502 2421 3729 2474 muliere

2144 2507 2305 2560 multa
2337 2508 2534 2574 retulit,
2563 2524 2719 2577 quam
2753 2527 3040 2581 numquam
3065 2513 3266 2567 viderat
3294 2511 3724 2583 Chrysostomus.

2143 2596 2250 2652 Sed
2275 2613 2340 2653 ex
2369 2609 2585 2654 narratu
2615 2600 2817 2655 Libanii
2851 2611 3026 2656 motus
3050 2603 3280 2657 Joannes
3311 2612 3489 2656 noster
3523 2601 3728 2670 episto-

2144 2687 2249 2740 lam
2285 2687 2360 2740 illi
2396 2688 2539 2741 misit
2575 2689 2699 2744 229.
2731 2689 2864 2744 Cum
2898 2707 3056 2760 porro
3098 2691 3350 2747 Libanius
3378 2693 3554 2756 venit,
3582 2691 3727 2747 Con-

2144 2777 2367 2830 stantius
2408 2778 2496 2831 ille
2539 2779 2816 2850 presbyter
2841 2781 3222 2852 Chrysostomo
3261 2781 3564 2835 carissimus
3606 2795 3737 2834 cum.

2145 2869 2236 2920 illo
2261 2878 2412 2933 erat;
2453 2868 2632 2924 literas
2659 2886 2818 2939 porro
2845 2873 2916 2924 illi
2944 2872 3091 2926 dedit
3112 2873 3346 2926 Joannes
3373 2872 3438 2926 ad
3465 2870 3730 2926 Constan-

2147 2962 2274 3016 tium
2305 2963 2528 3017 alterum
2560 2965 2928 3035 presbyterum
2960 2965 3298 3020 adferendas.

2215 3052 2398 3106 Adolia
2430 3065 2658 3107 matrona
2688 3055 2996 3108 Antiocliena
3012 3056 3234 3108 caritatis
3246 3055 3728 3124 vinculojuncla.——

2147 3143 2221 3196 Ex
2250 3143 2350 3213 piis
2378 3152 2552 3197 autem
2581 3152 2636 3198 et
2663 3144 2924 3198 nobilibus
2952 3144 3184 3210 feminis,
3213 3160 3333 3214 qua:
3358 3145 3726 3214 Chrysostomi

2145 3233 2306 3287 ductu
2329 3234 2465 3288 viam
2489 3235 2673 3290 salutis
2691 3238 3058 3305 capessebant,
3079 3237 3274 3291 nullam
3296 3238 3463 3307 magis
3483 3235 3727 3304 curabat,

2147 3325 2398 3394 nullaque
2425 3325 2522 3395 ipsi
2552 3327 2716 3395 magis
2736 3327 2881 3381 cordi
2904 3336 3038 3393 erat,
3058 3343 3214 3396 quam
3238 3327 3443 3390 Adolia,
3464 3338 3728 3392 matrona,

2147 3423 2204 3468 ut
2233 3415 2471 3479 videtur,
2500 3416 2847 3470 Antiochena.
2882 3417 3003 3472 llaec
3049 3433 3174 3472 vero
3198 3417 3419 3472 Libanio
3450 3417 3728 3471 Antiochia

2145 3505 2212 3559 ad
2241 3505 2679 3576 Chrysostomum
2709 3507 3060 3576 proﬁciscenti
3084 3509 3255 3563 nullas
3282 3508 3500 3570 dederat
3526 3509 3727 3569 literas,

2147 3611 2263 3665 qua:
2292 3611 2450 3650 causa
2478 3612 2582 3651 non
2618 3597 2903 3652 mediocris
2925 3598 3124 3652 doloris
3149 3599 3247 3667 ipsi
3285 3598 3414 3662 fuit,
3447 3607 3502 3652 ut
3530 3599 3581 3652 in
3613 3599 3727 3666 epi-

2148 3686 2282 3741 stola
2311 3685 2410 3741 251
2443 3687 2771 3744 testificatur.
2803 3688 2890 3742 llla
2921 3705 3044 3744 vero
3066 3704 3123 3743 se
3151 3704 3182 3744 a
3211 3689 3520 3758 propinquis
3548 3688 3730 3756 prodi-

2149 3787 2254 3831 tam
2286 3779 2466 3845 fuisse,
2499 3795 2791 3850 gravesque
2819 3781 3102 3851 tragoedias
3129 3781 3409 3850 pertulisse
3431 3820 3446 3844 ,
3478 3781 3624 3848 prius
3646 3779 3730 3831 di-

2146 3879 2316 3924 xerat.
2348 3870 2417 3924 At
2444 3870 2854 3942 Chrysostomus
2881 3872 3022 3926 illam
3049 3913 3064 3938 ,
3099 3883 3155 3925 ut
3187 3882 3519 3926 terrenarum
3552 3885 3731 3923 rerum

2146 3976 2300 4016 curas
2327 3962 2518 4016 missas
2544 3960 2738 4025 faciat,
2770 3973 2825 4017 et
2858 3963 2921 4017 ad
2950 3978 3007 4017 se
3033 3961 3296 4018 Cucusum
3327 3964 3505 4016 veniat
3533 3961 3724 4016 cohor-

2149 4061 2288 4106 tatur
2317 4051 2476 4121 epist.
2511 4053 2614 4107 155
2637 4094 2651 4119 ,
2685 4052 2826 4106 illam
2855 4053 3094 4106 aditurus
3121 4055 3231 4122 ipse
3255 4095 3272 4116 ,
3309 4054 3352 4108 si
3384 4053 3639 4106 licuisset.
3675 4050 3732 4105 In

2149 4141 2390 4197 morbum
2433 4151 2613 4197 autem
2652 4143 2739 4197 illa
2768 4143 2981 4206 incidit,
3011 4153 3068 4198 ut
3101 4144 3149 4196 in
3177 4144 3396 4212 epistola
3425 4143 3494 4200 52
3521 4143 3684 4197 fertur
3713 4159 3729 4194 :

2146 4233 2487 4288 nihilominus
2509 4242 2686 4288 tamen
2713 4233 2879 4299 illam,
2904 4245 2962 4288 ut
2984 4235 3195 4305 quando
3217 4251 3307 4304 per
3329 4235 3571 4304 corporis
3595 4235 3728 4289 vale-

2149 4322 2384 4376 tudinem
2410 4323 2607 4378 licebit.
2636 4323 2901 4378 Cucusum
2930 4325 3108 4379 veniat
3135 4324 3397 4380 hortatur.
3427 4326 3480 4378 ln
3505 4325 3728 4394 epistola

2147 4427 2273 4467 vero
2293 4414 2360 4467 57
2382 4414 2544 4478 illam,
2563 4415 2990 4485 quandoquidem
3013 4417 3081 4471 oh
3099 4418 3340 4487 corporis
3364 4417 3730 4472 infirmitatem

2145 4505 2248 4559 iter
2273 4504 2535 4559 Cucusum
2567 4507 2837 4576 suscipere
2863 4522 2969 4561 non
3001 4515 3225 4576 poterat,
3256 4519 3505 4578 precatur
3534 4518 3588 4562 ut
3617 4507 3726 4562 fre-

2147 4597 2494 4666 quentissime
2509 4598 2689 4652 literas
2707 4599 2804 4652 sibi
2824 4599 3017 4666 mittat,
3036 4614 3200 4668 seque
3221 4599 3287 4654 de
3310 4598 3610 4654 valetudine
3630 4613 3732 4652 sua

2145 4690 2423 4744 certiorem
2455 4688 2632 4744 faciat.
2666 4689 3072 4761 Ingravescente
3100 4699 3278 4746 autem
3310 4689 3492 4744 morbo
3533 4689 3726 4743 Adolia

2149 4790 2322 4836 tamen
2345 4780 2726 4852 Chrysostomo
2752 4782 2995 4850 scripsit;
3026 4797 3126 4851 qua
3153 4781 3220 4836 de
3247 4797 3306 4835 re
3333 4780 3384 4834 in
3411 4779 3629 4849 epistola
3655 4779 3730 4833 3'5

2145 4873 2336 4941 agitur,
2367 4873 2454 4925 ubi
2480 4871 2547 4926 de
2578 4871 2880 4927 valetudine
2904 4872 3020 4941 ejus
3044 4886 3104 4927 se
3123 4871 3414 4926 admodum
3440 4869 3733 4924 sollicitum

2145 4981 2263 5021 esse
2291 4966 2619 5020 testiﬁcatur.

2217 5060 2466 5111 Autumui
2495 5068 2766 5128 tempore,
2797 5071 2982 5112 mense
3010 5055 3220 5112 circiter
3247 5052 3581 5123 Septembri,
3612 5053 3726 5107 edi-

2144 5147 2272 5201 dicit
2293 5147 2707 5218 Chrysostomus
2731 5147 3093 5217 presbyteros,
3117 5147 3352 5214 aliosque
3375 5143 3467 5214 qui
3500 5144 3726 5197 incendii

2144 5237 2383 5293 ecclesia:
2407 5236 3008 5306 Constantinopolitanie
3033 5250 3192 5289 causa
3219 5237 3270 5290 in
3297 5250 3570 5289 carcerem
3599 5234 3736 5287 trusi

2144 5325 2374 5394 fuerant,
2396 5328 2622 5382 emissos
2641 5326 3000 5396 liberatosque
3018 5326 3179 5381 fuisse
3199 5341 3261 5382 ex
3286 5327 3402 5394 lege
3416 5325 3485 5381 29
3508 5326 3727 5394 Augusti

2146 5416 2212 5471 ad
2251 5416 2492 5473 Studium
2523 5417 2837 5472 Prmfectum
2879 5418 3522 5487 Constantinopolitanum
3555 5418 3572 5486 (
3606 5412 3729 5467 Vide

2143 5508 2258 5563 cod.
2305 5509 2554 5564 ’I'Iieodos.
2581 5508 2702 5564 161.
2752 5518 2790 5562 t.
2813 5508 2877 5573 2,
2900 5508 2939 5561 l.
2971 5509 3060 5563 57.
3087 5526 3140 5578 ρ.
3171 5509 3260 5574 75)
3283 5525 3295 5560 :
3320 5523 3440 5576 quae
3489 5506 3731 5560 fortassis

2144 5607 2259 5668 Ipso
2304 5599 2528 5655 sollicite
2577 5599 2875 5668 postulante
2915 5598 3033 5652 data
3085 5599 3254 5653 fuerat
3303 5617 3318 5653 :
3362 5597 3727 5666 Chrysostomi

2143 5708 2282 5744 enim
2310 5695 2512 5747 amicus
2537 5705 2650 5748 erat
2683 5694 2786 5748 ille.
2817 5694 2928 5748 lloc
2964 5703 3202 5762 tempore
3233 5694 3392 5746 frater
3417 5690 3532 5760 ejus
3560 5689 3726 5751 obiit,

2147 5792 2197 5835 et
2237 5781 2644 5852 Chrysostomus
2689 5786 2860 5854 ipsum
2899 5785 3210 5840 consolandi
3250 5799 3407 5838 causa
3445 5780 3725 5850 epistolam
