4088 6138
343 371 448 428 953
461 408 464 410 η

343 483 571 552 scripsit,
601 481 784 536 Studia
805 481 1056 551 Prcfecto
1079 482 1216 536 urbis
1239 482 1542 550 inscriptam
1569 500 1580 536 :
1605 483 1794 550 scripta
1823 481 1905 535 ni-

343 577 534 631 mirum
563 573 656 626 tuit
681 581 920 626 vertente
946 585 1086 624 anno
1116 570 1218 625 404
1241 610 1256 636 ,
1284 586 1404 624 eum
1433 570 1604 624 adhuc
1628 569 1910 624 Praefectus

340 667 487 722 urbis
525 675 667 719 esset
696 680 710 715 :
743 677 864 716 nam
897 663 948 716 in
989 663 1091 714 fine
1120 662 1271 716 istius
1299 662 1422 715 anni
1462 661 1681 730 Optatus
1712 662 1765 716 in
1796 661 1910 730 ejus

343 758 512 810 locum
539 752 856 807 substitutus
874 791 890 816 ,
921 749 1205 804 Praefectus
1231 750 1373 804 urbis
1401 759 1607 804 creatus
1630 758 1730 804 est.

408 844 540 899 Cum
587 851 762 895 autem
810 840 1147 909 presbyteros
1200 839 1319 892 illos
1371 853 1400 891 a
1448 853 1660 892 carcere
1705 839 1909 891 solutos

343 933 696 995 exspectaret,
725 923 1001 991 epistolam
1031 921 1134 974 ιιι
1161 921 1373 988 scripsit
1400 920 1608 989 Elpidio
1635 920 1908 975 Laodicea:

343 1016 608 1083 episcopo,
633 1005 1057 1066 veneraﬁlTEEni
1077 1020 1131 1064 et
1150 1011 1481 1065 sanctissimo
1505 1010 1730 1080 praesuli,
1750 1025 1905 1078 quem

342 1116 680 1170 summopere
711 1099 887 1154 laudat
912 1114 939 1152 a
970 1099 1180 1167 pietate,
1208 1115 1240 1153 a
1270 1098 1542 1168 prudentia
1574 1109 1627 1152 et
1651 1114 1680 1152 a
1710 1097 1907 1152 sollici-

344 1193 521 1247 tudine
545 1232 560 1255 ,
589 1206 691 1259 qua
731 1190 891 1242 totius
919 1188 1062 1243 orbis
1095 1196 1148 1241 et
1177 1188 1254 1242 sui
1287 1189 1444 1242 etiam
1479 1186 1696 1242 Joannis
1724 1202 1904 1240 curam

342 1283 577 1351 suscipit.
600 1281 732 1334 Cum
759 1289 975 1348 cuperet
994 1287 1168 1332 autem
1194 1277 1278 1332 ille
1301 1280 1437 1333 scire
1461 1294 1566 1346 quo
1590 1281 1642 1332 in
1664 1288 1801 1332 statu
1823 1291 1906 1331 res

341 1369 705 1442 Chrysostomi
735 1379 858 1422 tunc
885 1376 1094 1430 essent;
1127 1378 1302 1421 narrat
1325 1367 1411 1421 ille
1439 1382 1498 1422 se
1523 1369 1574 1420 in
1608 1367 1905 1421 desertissi-

342 1474 482 1510 mum
518 1459 687 1510 locum
714 1497 729 1520 ,
758 1470 948 1524 nempe
984 1456 1246 1510 Cucusum
1271 1498 1283 1518 ,
1314 1457 1597 1525 relegatum
1629 1473 1747 1512 esse
1767 1498 1779 1518 .
1812 1457 1904 1511 sed

343 1549 394 1602 in
434 1548 610 1616 quiete
652 1555 705 1600 et.
749 1546 1124 1614 tranquillitate
1167 1547 1398 1610 versari,
1440 1547 1676 1599 omnium
1717 1545 1906 1599 officiis

341 1639 568 1706 gaudere
586 1677 598 1700 ,
627 1645 783 1704 atque
809 1635 976 1689 morbi
1003 1635 1236 1704 reliquiis
1265 1636 1497 1704 depulsis
1518 1678 1532 1701 ,
1557 1637 1666 1706 jam
1697 1637 1903 1690 lsauro-

343 1743 458 1780 rum
501 1736 641 1781 metu
687 1728 963 1780 liberatum
1005 1742 1123 1781 esse
1157 1745 1169 1781 :
1199 1727 1385 1782 adesse
1432 1729 1529 1782 sibi
1571 1729 1905 1798 presbyteros

339 1818 701 1872 Constantium
725 1827 777 1871 et
804 1817 1100 1880 Evethium,
1125 1833 1440 1887 spcrareque
1465 1833 1523 1872 se
1545 1818 1678 1872 alios
1702 1833 1766 1872 ex
1790 1834 1906 1872 car-

339 1924 460 1962 cere
502 1910 703 1962 solutos
748 1909 812 1961 ad
862 1923 919 1962 se
961 1911 1346 1978 quamprimum
1391 1910 1726 1964 advolaturos
1764 1924 1900 1964 esse.

339 1995 594 2050 Obsecrat
618 1995 844 2064 denique
880 1997 1026 2050 illum
1052 2038 1065 2060 ,
1097 2006 1151 2050 ut
1177 2011 1270 2065 pro
1302 2012 1363 2049 se
1391 2012 1574 2066 preces
1604 1998 1821 2063 fundat,
1852 2007 1906 2051 et

339 2083 519 2137 literas
545 2084 642 2136 sibi
664 2083 871 2137 mittere
903 2100 968 2136 ne
987 2085 1218 2148 desinat;
1238 2087 1530 2154 salutatque
1548 2087 1903 2156 Asyncritium

344 2174 792 2242 religiosissimum
814 2175 1194 2245 presbyterum,
1213 2185 1481 2244 totumque
1492 2177 1700 2231 (Iterum
1719 2177 1900 2246 ipsius.

339 2262 484 2317 Alias
521 2277 730 2330 quoque
760 2263 1007 2332 epistolas
1037 2267 1246 2334 scripsit
1283 2266 1348 2319 ad
1389 2266 1681 2335 lilpidinm,
1715 2283 1904 2336 nempe

341 2352 462 2415 151,
494 2352 617 2416 158,
646 2353 768 2413 142,
800 2353 902 2407 2'50
927 2364 977 2407 et
1003 2354 1093 2420 95,
1121 2371 1433 2424 semperque
1458 2371 1576 2410 cum
1600 2372 1787 2427 magna
1814 2373 1901 2411 re-

341 2443 592 2498 verentia:
620 2444 1021 2514 significatione.
1052 2446 1182 2514 Quia
1213 2462 1338 2502 vero
1377 2448 1614 2516 Elpidius
1638 2449 1774 2517 atqui
1805 2449 1898 2502 bo-

341 2533 496 2603 nique
511 2548 715 2600 amans,
730 2550 900 2603 neque
918 2536 1144 2590 Atticum
1172 2537 1222 2590 in
1240 2536 1898 2606 Constantinopolitanum,

339 2638 512 2692 neque
531 2623 881 2694 Porphyrium
905 2626 953 2677 in
977 2624 1359 2679 Antiochenum
1385 2627 1688 2696 episc0pum
1713 2627 1902 2681 admit-

340 2721 450 2766 tere
471 2711 653 2778 voluit,
675 2713 978 2782 episcopatu
997 2713 1247 2783 depulsus
1265 2714 1380 2769 fuit.
1401 2715 1594 2770 Verum
1616 2732 1756 2770 anno
1775 2717 1896 2781 408,

331 2813 553 2857 curante
578 2804 879 2858 Alexandro
900 2845 916 2869 ,
951 2805 1224 2877 Porphyrii
1259 2820 1564 2862 successore
1585 2847 1601 2874 ,
1635 2809 1687 2861 in
1719 2808 1900 2863 sedem

329 2909 482 2948 suam
515 2895 789 2948 restitutus
817 2892 932 2948 fuit.

402 2983 655 3054 Cyriacus
681 2999 890 3054 quoque
915 2983 1274 3056 Synnadensis
1299 2987 1602 3057 episcopus,
1625 2987 1692 3042 ob
1723 2988 1902 3043 incen-

327 3073 476 3129 dium
506 3089 664 3144 supra
695 3085 1040 3129 memoratum
1069 3076 1118 3129 in
1147 3091 1414 3132 carcerem
1439 3079 1710 3147 conjectus
1733 3119 1747 3142 ,
1778 3093 1897 3132 cum

328 3163 656 3234 presbyteris
675 3174 728 3217 et
749 3165 866 3219 aliis
885 3166 1088 3220 solutus
1108 3176 1157 3220 et
1182 3167 1434 3222 liberatus
1458 3167 1631 3224 fuerat
1653 3169 1898 3236 Septem-

327 3253 414 3307 bri
447 3267 630 3308 mense
657 3253 903 3318 circiter;
936 3256 1028 3309 sed
1057 3255 1126 3309 ita
1157 3265 1211 3309 ut
1234 3256 1382 3310 exsul
1409 3266 1579 3322 esset,
1607 3266 1664 3310 ut
1701 3257 1801 3311 fert
1831 3257 1896 3310 ti-

331 3345 493 3408 tulus,
520 3344 570 3398 id
594 3353 694 3409 est,
719 3343 1170 3414 ConstantinOpoli
1192 3357 1242 3402 et
1263 3347 1501 3402 fortassis
1521 3349 1632 3417 ipsa
1652 3349 1895 3418 Synnada

325 3434 595 3487 exclusus.
628 3433 760 3487 Cum
801 3449 956 3503 porro
989 3444 1066 3488 tot
1089 3437 1337 3490 aerumnis
1369 3435 1561 3491 fractus
1587 3439 1638 3491 in
1669 3453 1898 3494 maerore

324 3534 653 3590 versaretur,
683 3525 959 3594 epistolam
989 3526 1091 3580 125
1114 3526 1185 3579 illi
1212 3526 1418 3581 czcteris
1445 3527 1732 3596 longiorem
1758 3529 1898 3583 misit

323 3612 739 3684 Chrysostomus
768 3633 780 3666 :
812 3631 914 3685 qua
943 3625 1001 3670 ut
1027 3617 1350 3673 calamitates
1384 3619 1499 3672 illas
1528 3620 1734 3674 fortiter
1763 3622 1897 3675 ferat

328 3706 572 3758 hortatur
592 3747 606 3772 ,
636 3708 982 3775 exemploque
1010 3717 1310 3763 sanctorum
1343 3711 1545 3764 Veteris
1571 3711 1895 3765 Testamenti

325 3795 395 3847 ad
425 3795 675 3863 quaelibet
702 3796 842 3849 illata
872 3797 1007 3850 mala
1036 3799 1342 3852 sustinenda
1369 3802 1708 3866 corroborat;
1735 3818 1894 3871 seque

325 3887 498 3955 ipsum
524 3887 574 3938 in
601 3887 898 3954 exemplum
923 3886 1095 3953 affert,
1119 3897 1172 3942 et
1191 3898 1317 3957 quot
1339 3891 1488 3942 malis
1507 3890 1745 3957 affectus,
1769 3901 1896 3961 quot

323 3977 606 4032 calumniis
635 3979 901 4047 impetitus
925 3978 1080 4033 fuerit
1107 3991 1346 4034 recenset
1371 3998 1384 4032 :
1411 3981 1534 4036 hinc
1559 3983 1624 4037 ad
1653 3985 1894 4052 exempla

323 4079 630 4122 sanctorum
669 4068 802 4122 Novi
827 4069 1148 4124 Testamenti
1174 4084 1229 4126 et
1255 4073 1612 4140 apostolorum
1639 4075 1891 4140 vertitur,

327 4170 385 4215 ut
415 4161 529 4228 ejus
558 4161 789 4215 animum
816 4161 1002 4228 erigat,
1033 4161 1350 4230 demumque
1378 4162 1459 4217 his
1484 4164 1657 4217 verbis
1684 4164 1892 4232 longam

324 4252 604 4318 epistolam
632 4251 743 4304 sive
769 4251 1061 4306 orationem
1086 4252 1279 4306 claudit
1303 4271 1316 4305 :
1345 4253 1674 4320 Quamobrem
1703 4263 1748 4306 te
1772 4271 1892 4324 rogo

324 4358 384 4393 ac
424 4341 576 4396 veluti
621 4341 826 4411 genibus
853 4342 949 4394 tuis
977 4342 1244 4396 advolutus
1271 4343 1483 4398 obtestor
1505 4387 1520 4410 ,
1550 4355 1604 4398 ut
1633 4362 1892 4400 maerorem

323 4444 371 4491 et
396 4434 584 4486 luctum
608 4433 836 4504 abjicias,
864 4451 924 4487 ac
952 4451 1042 4502 pro
1071 4435 1209 4488 nobis
1237 4437 1373 4505 apud
1403 4435 1562 4489 Deum
1588 4454 1775 4491 memor
1798 4438 1888 4505 sis,

324 4523 559 4594 uobisque
578 4523 836 4576 rescribas.

394 4615 657 4670 Chalcidia
685 4625 730 4668 et
747 4617 1030 4685 Asyncritia
1059 4617 1411 4686 Cltrysostomo
1431 4619 1533 4671 add
1549 4621 1668 4671 τίω.
1689 4649 1759 4658 -
1779 4619 1890 4674 Duo

322 4717 473 4766 erant
498 4721 616 4777 quae
648 4707 745 4759 iter
773 4707 1192 4761 intercludehant
1223 4709 1312 4771 iis,
1345 4710 1435 4778 qui
1462 4710 1527 4763 ad
1558 4710 1886 4764 invisendum

323 4795 578 4852 Joannem
602 4797 862 4850 Cucusum
887 4799 1068 4852 venire
1096 4799 1459 4866 peroptabant,
1492 4800 1735 4854 nimirum
1762 4801 1888 4874 hye-

324 4886 424 4940 mis
453 4894 738 4956 tempestas
765 4895 818 4940 et
849 4886 1144 4941 lsaurorum
1185 4888 1532 4943 incursiones.
1565 4891 1638 4944 Ea
1667 4905 1793 4945 vero
1822 4893 1889 4946 de

323 4989 478 5029 causa
519 4974 659 5028 haud
689 4974 846 5028 dubie
875 4974 1143 5030 Cbalcidia
1169 4987 1222 5030 et
1246 4978 1542 5049 Asyncritia
1573 4979 1777 5034 nobiles
1809 4981 1885 5034 fe-

324 5064 478 5120 mina:
498 5107 513 5128 ,
549 5065 652 5137 ipsi
672 5067 906 5120 caritatis
931 5066 1142 5122 vinculo
1162 5067 1357 5137 juncta:
1377 5111 1391 5133 ,
1422 5086 1540 5139 qua:
1565 5071 1882 5142 Chrysosto-

315 5171 460 5210 mum
505 5156 733 5212 invisere
766 5171 1103 5226 summopere
1130 5159 1413 5227 cupiebant
1435 5201 1449 5224 ,
1478 5177 1536 5214 se
1563 5177 1592 5215 a
1622 5164 1883 5231 carpenda

313 5249 387 5302 via
421 5246 502 5299 his
522 5246 587 5300 de
606 5247 782 5300 causis
806 5246 1063 5302 deterreri
1089 5248 1462 5320 Chrysostomo
1488 5253 1765 5322 scripsere.
1791 5255 1884 5310 Ille

307 5345 439 5389 vero
465 5335 746 5404 epistolam
772 5335 877 5390 242
901 5338 1112 5408 scripsit
1141 5355 1153 5390 :
1184 5339 1326 5392 nulla
1350 5338 1474 5393 dicit
1500 5340 1628 5408 ipsis
1652 5357 1770 5396 esse
1792 5359 1884 5396 ex-

297 5428 596 5492 rtusatione
625 5441 756 5494 opus
781 5467 797 5492 ,
837 5427 1041 5497 sibique
1084 5428 1350 5482 sincerum
1391 5429 1595 5483 illarum
1635 5432 1878 5486 affectum

316 5524 415 5564 non
463 5514 762 5584 ignoranti,
799 5518 1015 5586 perinde
1058 5533 1168 5574 rem
1210 5533 1268 5572 se
1308 5517 1501 5574 habere
1537 5534 1598 5575 ac
1623 5520 1668 5575 si
1697 5537 1880 5578 revera

318 5609 576 5662 venerint.
621 5605 763 5661 Idem
802 5609 973 5677 ipsum
1002 5609 1317 5680 Asyncritiae
1358 5612 1549 5680 repetit
1576 5612 1628 5666 in
1659 5613 1878 5682 epistola

321 5693 405 5778 77,ζ
427 5706 480 5752 et
510 5711 606 5780 pro
635 5712 782 5751 more
808 5714 924 5765 suo,
949 5707 1004 5754 ut
1033 5697 1334 5775 frequenter
1359 5701 1455 5755 sibi
1482 5701 1658 5764 literas
1681 5703 1871 5768 mittat,

1573 369 1750 424 NUNC
1788 368 2049 425 PRIMUM
2087 371 2477 430 ADORNATA.

3481 389 3585 446 236

2018 482 2274 538 hortatur.
2311 487 2604 555 Asyncritia
2635 498 2686 542 et
2716 489 2982 547 Chalcidis
3011 493 3110 562 pia:
3140 495 3384 552 mulieres
3426 500 3580 555 simul

2015 571 2175 624 vitam
2215 573 2471 641 agebant,
2514 591 2633 628 cum
2665 577 2782 632 aliis
2816 595 2994 635 secum
3032 581 3225 651 pietate
3265 586 3580 654 conjunctis.

2011 661 2390 730 Chrysostomo
2411 666 2690 721 admodum
2712 669 2932 725 addicta}
2955 671 3253 742 frequenter
3278 675 3373 746 ipsi
3400 677 3579 734 literas

2013 750 2310 816 mittebant,
2343 762 2400 806 ut
2425 769 2486 808 ex
2515 756 2629 823 ejus
2658 757 2723 810 ad
2747 759 2860 812 illas
2889 761 3145 828 epistolis,
3176 778 3393 832 quarum
3421 766 3574 834 pluri.

2014 856 2112 893 mae
2159 854 2459 910 supersunt,
2507 845 2779 914 liquidum.
2825 849 2880 901 ln
2926 849 3087 904 titulis
3134 868 3260 906 vero
3301 855 3578 924 aliquando

2012 930 2328 1000 Asyncritia,
2360 933 2620 987 interdum
2649 933 2938 1001 Chalcidia,
2967 939 3134 1008 prima
3165 942 3408 1007 ponitur;
3437 958 3578 1012 smpe

2012 1021 2168 1072 etiam
2189 1024 2468 1090 separatim
2491 1025 2722 1094 singulas
2745 1027 2909 1081 literis
2927 1030 3224 1096 compellat.
3251 1030 3342 1085 lla:
3367 1034 3417 1085 in
3439 1049 3575 1088 teru-
3599 1089 3604 1094 _

2012 1111 2152 1165 mnis
2181 1120 2234 1165 et
2260 1113 2514 1167 molestiis
2544 1117 2907 1183 versabantur,
2935 1126 2992 1171 ut
3013 1133 3077 1171 ex
3103 1119 3321 1176 Joannis
3343 1124 3580 1190 epistolis

2011 1201 2274 1267 arguitur;
2296 1210 2350 1254 et
2367 1201 2610 1270 fortasse,
2633 1205 2753 1274 quia
2773 1205 3150 1276 Chrysostomo
3164 1208 3386 1263 addicta:
3405 1226 3575 1274 erant.

2012 1290 2063 1343 in
2080 1290 2378 1363 Porphyrii,
2397 1295 2484 1361 qui
2503 1297 2882 1350 Antiochenam
2899 1298 3076 1352 sedem
3099 1299 3377 1365 invaserat,
3398 1303 3577 1357 odium

2013 1381 2358 1435 incuri-erant.
2394 1382 2662 1438 Chalcidia
2697 1402 2724 1437 a
2759 1387 2912 1456 longo
2937 1387 3046 1456 jam
3079 1397 3316 1458 tempore
3345 1394 3578 1448 caritatis

2011 1472 2110 1526 sibi
2139 1473 2349 1528 vinculo
2373 1475 2550 1542 juncta
2576 1487 2709 1543 erat,
2734 1488 2790 1532 ut
2825 1478 2992 1534 fertur
3017 1483 3066 1534 in
3093 1483 3314 1550 epistola
3335 1487 3424 1539 59.
3460 1486 3576 1555 Ipsa

2009 1575 2138 1614 vero
2161 1561 2212 1614 in
2245 1577 2455 1631 gravem
2495 1567 2734 1620 morbum
2771 1569 2971 1635 incidit,
2998 1581 3052 1624 ut
3072 1587 3136 1625 ex
3158 1574 3374 1641 epistola
3403 1575 3471 1630 98
3492 1577 3573 1630 di—

2010 1650 2205 1704 scimus
2233 1669 2244 1704 :
2277 1668 2394 1721 qua:
2432 1669 2517 1708 res
2552 1655 2983 1727 Chrysostomum
3025 1677 3130 1716 non
3155 1664 3354 1733 vulgari
3393 1665 3574 1721 dolore

2010 1741 2203 1794 affecit.

2079 1830 2276 1885 Fronto
2306 1833 2530 1889 Dircaeus
2555 1838 2828 1904 epistolam
2855 1840 2956 1894 192
2984 1841 3220 1897 inscribit
3243 1847 3574 1914 Asyncritiw,

2009 1937 2165 1990 quam
2202 1923 2480 1979 lectionem
2520 1937 2772 1997 sequutus
2797 1940 2876 1984 cst
2903 1933 3058 1986 etiam
3087 1935 3165 1986 vir
3189 1936 3258 1989 cl.
3288 1937 3574 1992 Tillemon-

2011 2011 2133 2064 tius.
2179 2010 2284 2065 Sed
2327 2023 2510 2068 contra
2555 2017 2689 2070 hanc
2733 2017 3012 2074 lectionem
3060 2023 3349 2078 reclamant
3390 2042 3575 2081 omnes

2011 2099 2346 2170 Manuscripti
2377 2103 2535 2156 etiant
2565 2106 2937 2175 antiquissimi,
2969 2111 3056 2180 qui
3085 2111 3281 2166 habent
3311 2113 3574 2168 Onesicra-

2008 2190 2107 2244 tiaz.
2124 2189 2211 2245 Sic
2225 2191 2380 2245 etiam
2399 2193 2523 2262 legit
2539 2194 2786 2262 Savilius,
2805 2213 2974 2267 neque
2989 2200 3144 2254 aliam
3166 2202 3442 2257 lectionem
3463 2221 3574 2258 me-

2008 2288 2198 2333 morat.
2227 2279 2606 2336 Onesicratiam
2636 2284 2790 2353 igitur
2821 2295 2929 2339 tmn
2957 2287 3025 2342 ob
3055 2287 3172 2343 filiae
3198 2304 3307 2344 suae
3337 2292 3589 2358 obitum,

2010 2380 2118 2424 tum
2134 2370 2274 2427 auod
2302 2371 2404 2424 alia
2431 2375 2790 2441 praecessisset
2815 2376 2981 2447 plaga,
2997 2377 3241 2433 afflictam
3259 2389 3312 2434 et
3332 2392 3573 2437 mmstatn

2005 2461 2310 2515 consolatur
2336 2461 2763 2532 Chrysostomus.
2795 2465 2908 2520 Non
2941 2481 3095 2536 posse
3127 2469 3336 2538 quidem
3377 2480 3588 2526 tantam.

2007 2552 2251 2605 maeroris
2279 2552 2475 2607 nubem
2503 2553 2695 2608 auferri
2726 2555 2949 2621 fatetur,
2979 2557 3069 2612 sed
3101 2574 3211 2611 rem
3242 2560 3424 2614 saltem
3455 2577 3572 2614 mo—

2007 2640 2240 2696 deratius
2267 2658 2385 2698 esse
2414 2643 2684 2698 ferendam
2709 2663 2722 2698 :
2752 2645 2953 2700 obitum
2978 2649 3116 2701 enim
3146 2664 3248 2702 non
3281 2665 3407 2704 vere
3436 2667 3568 2706 mor-

2007 2740 2113 2785 tem
2152 2747 2291 2798 esse,
2321 2733 2414 2787 sed
2452 2736 2926 2804 peregrinationem
2967 2747 3123 2806 atque
3159 2755 3188 2790 a
3228 2740 3576 2796 deterioribus

2005 2822 2070 2876 ad
2101 2823 2316 2878 meliora
2347 2826 2853 2895 commigrationem.
2885 2829 3201 2897 Asyncritite
3235 2841 3410 2886 autem
3451 2832 3574 2887 licet

2005 2911 2184 2966 literas
2213 2915 2404 2967 multas
2432 2915 2704 2982 scripserit
2731 2915 3160 2987 Chrysostomus,
3193 2935 3474 2989 numquam
3505 2921 3573 2976 de

2004 3002 2108 3056 ﬁlia
2136 3003 2299 3072 ipsius
2327 3004 2576 3072 loquitur.
2602 3005 2734 3059 Cum
2759 3017 2934 3060 autem
2958 3008 3270 3078 Asyncritia-
3301 3011 3572 3078 plurimas.

2004 3093 2344 3148 Onesicratize
2371 3093 2507 3147 hanc
2530 3110 2686 3148 unatn
2719 3105 2920 3150 tantum
2947 3099 3196 3166 scriptam
3225 3103 3570 3172 reperiamus.

2004 3195 2196 3236 nomen
2217 3183 2330 3249 ejus
2351 3183 2401 3234 in
2427 3183 2776 3250 Asyncritiam
2798 3195 3002 3241 mutare
3017 3188 3273 3256 quiSpiam
3291 3205 3450 3244 ausus
3468 3202 3570 3246 est.

2071 3269 2280 3324 Namma
2307 3270 2545 3339 qumdam
2575 3281 2811 3327 matrona
2831 3314 2848 3340 ,
2873 3284 2928 3328 ut
2956 3276 3176 3341 videtur,
3206 3279 3532 3334 Antiochena
3553 3323 3568 3346 ,

2003 3373 2125 3428 erga
2150 3357 2583 3430 Chrysostomum
2613 3364 2812 3431 optime
2835 3364 3042 3428 affecta,
3075 3367 3274 3421 tardius
3298 3377 3472 3424 tamen
3499 3374 3566 3425 ad

2003 3449 2146 3503 illum
2174 3451 2495 3517 scripserat,
2523 3460 2684 3520 atque
2725 3454 2793 3507 ita
2822 3463 2878 3508 ut
2915 3455 3072 3509 etiam
3101 3457 3332 3513 audacia:
3363 3462 3568 3516 veniam

2002 3548 2221 3609 peteret.
2250 3543 2466 3600 Dicebat
2492 3560 2649 3614 porro
2677 3563 2734 3600 se
2764 3548 2906 3600 illum
2940 3558 3044 3603 tam
3088 3550 3308 3606 ferventi
3351 3555 3570 3610 caritate

1999 3629 2241 3700 diligere,
2260 3641 2336 3699 ut,
2358 3634 2458 3688 nisi
2479 3637 2664 3690 morbo
2681 3636 2964 3703 laboraret,
2985 3639 3084 3692 iter
3104 3640 3237 3693 adeo
3261 3642 3566 3710 molestum,

2001 3729 2180 3791 totque
2208 3724 2512 3792 praedonum
2542 3727 2929 3783 incursionibus
2956 3731 3230 3786 obsessum
3259 3745 3566 3804 susceptura

1999 3808 2204 3877 fuisset,
2237 3814 2374 3868 illius
2403 3816 2604 3870 visendi
2634 3832 2812 3870 causa.
2846 3819 3136 3888 Respondit
3163 3822 3577 3892 Chrysostomus

1999 3903 2154 3970 epist.
2181 3903 2270 3968 47,
2299 3903 2460 3968 illam,
2483 3905 2674 3960 nedum
2703 3907 2960 3975 culpanda
2986 3919 3145 3974 esset,
3169 3913 3308 3980 quod
3334 3914 3568 3970 scribere

1998 4007 2122 4046 ausa
2151 3993 2324 4061 fuerit,
2350 3997 2669 4066 arguendam
2696 4000 2868 4068 potius
2891 4001 3028 4069 quod
3059 4004 3254 4056 tardius
3278 4005 3328 4058 id
3357 4005 3564 4072 fecerit,

1999 4097 2262 4152 unamque
2289 4085 2528 4141 delendae
2555 4088 2724 4157 culpa:
2753 4105 3030 4159 superesse
3057 4092 3216 4160 viam,
3243 4095 3285 4148 si
3316 4095 3562 4151 nimirum

1999 4184 2273 4227 sexcentos
2315 4175 2515 4241 literas,
2560 4193 2735 4248 graece
2778 4181 2975 4235 niveum
3021 4183 3226 4237 imbrem
3279 4186 3559 4252 literarum,

1996 4261 2062 4314 ad
2102 4276 2160 4315 se
2198 4264 2444 4318 mitteret.

2071 4353 2285 4424 llyemis
2314 4365 2550 4425 tempore
2584 4359 2763 4415 literas
2789 4363 2994 4430 accepit
3026 4365 3326 4432 Callistrati,
3352 4369 3561 4422 Isnuria:

1996 4443 2249 4513 episcOpi,
2269 4452 2426 4513 atque
2448 4455 2503 4498 ut
2522 4462 2587 4499 ex
2607 4445 2968 4516 Cbrysostmni
2990 4467 3245 4518 responso
3262 4457 3409 4524 argui
3436 4473 3558 4523 pos-

1996 4546 2053 4586 se
2074 4531 2298 4598 vidctur,
2322 4547 2381 4587 se
2407 4533 2548 4586 illum
2573 4535 2860 4588 invisurum
2884 4536 3043 4590 fuisse
3062 4537 3290 4599 dicebat,
3317 4543 3414 4596 nisi
3435 4546 3559 4598 anni

1996 4626 2281 4690 tempestas
2310 4629 2364 4675 et
2388 4622 2589 4676 itineris
2614 4622 2886 4691 longitudo
2912 4623 3221 4681 obfuissent.
3254 4628 3308 4682 ln
3339 4630 3554 4697 epistola

1997 4727 2120 4765 vero
2146 4727 2239 4765 sua
2268 4710 2682 4783 Chrysostomus
2719 4715 2793 4767 ait
2836 4730 2991 4784 posse
3019 4716 3144 4771 illud
3189 4719 3270 4772 sui
3303 4721 3557 4777 invisendi

1994 4801 2312 4856 desidcrium
2336 4803 2674 4871 epistularum
2699 4804 2988 4872 frequentia
3010 4811 3363 4876 compensari,
3385 4822 3439 4864 ut
3465 4828 3558 4880 po-

1991 4899 2102 4945 stea
2125 4931 2138 4954 ,
2166 4906 2284 4944 cum
2316 4901 2599 4960 tempestas
2625 4895 2953 4950 commodior
2978 4907 3152 4964 esset,
3179 4898 3246 4953 de
3271 4914 3558 4972 congressu

1990 4983 2267 5051 cogitetur.

2060 5074 2296 5142 Agapeto
2317 5074 2474 5127 etiam
2497 5089 2636 5128 anno
2656 5075 2760 5129 404
2782 5085 3018 5131 vertente
3038 5078 3267 5147 scripsit,
3290 5079 3404 5135 viro
3425 5085 3556 5136 ami-
3595 5111 3608 5160 ί

1989 5163 2127 5216 citiac
2154 5163 2374 5216 vinculis
2404 5163 2501 5217 sibi
2531 5163 2966 5231 conjunctissimo
2985 5203 3001 5228 ,
3031 5175 3382 5238 precaturque
3408 5171 3554 5225 illum
3585 5168 3596 5201 -‘

1991 5260 2046 5304 ιιι
2074 5266 2231 5320 quam
2263 5250 2585 5320 frequentius
2613 5254 2803 5320 poterit
2827 5252 2894 5307 de
2922 5266 3015 5306 sua
3045 5255 3339 5311 valetudine
3363 5261 3557 5314 certio-

1987 5356 2100 5396 rem
2137 5357 2196 5396 se
2233 5341 2408 5396 faciat.
2436 5343 2670 5396 Alteram
2697 5357 2827 5396 vero
2855 5343 2954 5411 ipsi
2984 5344 3196 5412 scripsit
3234 5347 3510 5414 epistolam
3537 5391 3552 5413 ,

1989 5441 2209 5500 rogante
2252 5432 2646 5501 religiosissime
2691 5431 2804 5485 viro
2846 5431 3054 5501 Elpidio
3093 5432 3433 5504 presbytero,
3465 5439 3554 5507 qui

1989 5529 2183 5575 montis
2205 5522 2391 5574 Amani
2417 5521 2615 5577 incolas
2636 5521 3009 5590 prmdicationc
3026 5537 3119 5576 sua
3134 5522 3200 5576 ad
3222 5523 3378 5578 fidem
3395 5523 3551 5578 Citri-

1985 5612 2053 5666 sti
2076 5611 2412 5681 perduxerat,
2433 5613 2608 5683 ibique
2628 5613 2880 5669 ecclesias
2899 5624 2951 5669 et
2973 5616 3288 5670 monasteria
3305 5624 3548 5669 constru-

1985 5713 2134 5760 xerat
2155 5744 2170 5770 ,
2199 5716 2250 5760 et
2280 5706 2495 5774 Agapcti
2525 5705 2840 5760 sanctissimi
2872 5707 2970 5760 viri
3001 5705 3419 5762 benevolentiam
3448 5705 3566 5768 sibi
