4088 6138
445 418 551 476 255

449 529 732 585 conciliare
757 523 1015 581 studebat.
1051 523 1197 577 Illum
1226 535 1350 575 vero
1381 530 1484 573 tam
1512 521 1733 585 obnixe,
1768 529 1872 574 tam
1903 517 2008 574 fer-

451 627 637 675 venter
667 620 899 685 Agapeto
937 611 1274 666 commendat
1313 610 1757 679 Chrysostomus.
1801 618 1856 663 ut
1886 608 2012 662 nihil

450 711 665 764 dubium
692 721 809 760 esse
838 703 1078 758 videatur
1101 744 1116 767 ,
1147 702 1272 770 quin
1303 701 1565 770 Agapctus
1593 709 1830 753 sanctum
1870 699 2011 752 illum

452 797 700 853 Ecclesiae
723 808 1014 864 prarconem
1034 802 1087 845 et
1102 791 1285 844 officiis
1310 799 1363 844 et
1381 789 1708 844 facultatibus
1726 789 1834 842 suis
1851 802 2014 858 quan-

453 899 562 940 tum
595 885 762 954 potuit
790 893 969 950 postea
991 881 1204 950 juverit.

520 976 575 1029 In
612 974 850 1043 epistolis
878 972 941 1025 ad
969 970 1326 1041 Olympiadem
1357 970 1528 1023 nullus
1559 967 1688 1021 ordo
1716 967 1973 1035 reperitur
1997 1009 2011 1031 ,

450 1065 668 1138 perinde
689 1073 844 1131 atque
868 1064 918 1114 in
939 1062 1145 1115 cmteris
1169 1062 1411 1114 omnibus
1433 1060 1793 1130 Chrysostomi
1823 1059 2018 1125 episto-

450 1160 533 1221 lis,
566 1157 650 1210 ubi
685 1157 821 1208 nulla
851 1155 1104 1222 temporis
1130 1153 1263 1205 ratio
1285 1161 1543 1216 servatur,
1574 1151 1664 1204 sed
1691 1165 1875 1202 omnes
1897 1165 2017 1218 per-

450 1249 653 1302 mixtim
699 1247 880 1316 positze
922 1255 1063 1298 sunt.
1095 1244 1151 1296 ln
1188 1244 1407 1311 epistola
1435 1251 1607 1295 autem
1642 1243 1706 1293 Μ
1736 1240 1798 1294 ad
1831 1241 2014 1310 Olym-

451 1335 676 1406 piadcm,
725 1335 851 1388 dicit
895 1349 952 1386 se
977 1333 1086 1400 jam
1131 1342 1240 1385 tres
1293 1332 1540 1399 epistolas
1569 1329 1864 1399 Olympiadi
1914 1329 2014 1381 mi-

450 1428 604 1487 sisse,
634 1438 792 1478 unam
845 1436 940 1489 per
990 1421 1263 1489 praetorios
1292 1421 1507 1485 milites,
1532 1420 1748 1471 alteram
1792 1431 1885 1486 per
1906 1419 2016 1469 An-

452 1516 677 1577 tonium,
707 1512 912 1566 tertiam
941 1526 1034 1580 per
1059 1509 1309 1563 famulum
1338 1509 1500 1577 ipsius
1528 1509 1826 1561 Anatolium
1859 1524 1870 1558 :
1901 1506 2018 1559 dua:

451 1621 576 1659 vero
603 1612 884 1672 postrema:
912 1603 1172 1672 longiores
1198 1609 1366 1653 erant.
1396 1599 1562 1663 lllam,
1585 1614 1739 1667 quam
1769 1613 1861 1666 per
1886 1611 2021 1665 prat-

452 1697 618 1749 torios
645 1695 837 1748 milites
863 1694 1096 1754 miserat,
1126 1708 1244 1745 cum
1269 1691 1607 1744 Tillemontio
1637 1698 1878 1757 putamus
1902 1702 2018 1742 esse

451 1787 710 1840 decimam
754 1785 960 1838 tertiam
987 1825 1001 1848 ,
1046 1797 1200 1850 quam
1242 1782 1399 1834 biduo
1442 1791 1717 1850 postquam
1757 1779 2017 1833 Cucusum

452 1877 751 1939 advenerat,
783 1891 875 1944 per
916 1875 1190 1945 prretorios
1235 1874 1425 1926 milites
1466 1873 1638 1934 misit,
1671 1871 1736 1925 de
1771 1885 1872 1939 qua
1909 1870 2018 1938 jam

453 1965 697 2034 superius
725 1974 897 2017 actum
927 1981 940 2015 :
973 1965 1088 2017 illas
1128 1977 1252 2016 vero
1281 1963 1410 2016 duas
1435 2001 1449 2025 ,
1480 1976 1698 2030 quarum
1729 1960 1894 2012 altera
1927 1973 2022 2026 per

456 2053 763 2118 Antonium,
786 2053 947 2106 altera
975 2068 1069 2122 per
1095 2053 1392 2107 Anatolium
1420 2051 1744 2121 Olympiadis
1770 2049 2019 2102 famulum

454 2142 612 2195 missa
644 2142 772 2205 fuit,
801 2157 876 2195 ea:
907 2149 1064 2206 sunt,
1095 2156 1211 2210 qua:
1257 2141 1422 2209 prima
1467 2149 1520 2193 et
1559 2137 1786 2192 secunda
1819 2139 1925 2205 jam
1968 2137 2020 2190 in

455 2230 613 2285 editis
640 2241 1002 2294 numerantur,
1026 2239 1078 2284 et
1105 2231 1385 2284 conciones
1405 2228 1900 2295 adhortationesque
1919 2225 2020 2279 dici

456 2328 674 2388 possunt
700 2320 874 2387 potius
897 2334 1049 2388 quam
1081 2318 1337 2387 epistolae.

528 2407 582 2461 In
611 2409 777 2476 prima
805 2423 928 2463 vero
951 2407 1311 2479 Olympiadem
1341 2405 1406 2460 de
1434 2404 1777 2459 diuturnitate
1809 2404 2020 2458 calami-

456 2501 580 2554 tatis
622 2515 738 2568 qua:
783 2499 1074 2553 Ecelesiam
1133 2499 1222 2552 Dei
1276 2497 1617 2552 conturbabat
1667 2505 1974 2550 maerentem
2003 2537 2016 2557 ,

456 2590 711 2656 exemplis
763 2589 966 2642 Veteris
1019 2597 1072 2642 et
1123 2588 1254 2641 Novi
1301 2587 1622 2640 Testamenti
1676 2587 2019 2650 consolatur,

455 2677 786 2744 ostenditque
829 2676 990 2730 Deum
1033 2690 1173 2743 saepe
1217 2675 1281 2728 ad
1321 2675 1581 2742 justorum
1625 2676 1930 2729 exercitium
1971 2683 2024 2729 et

462 2767 825 2836 probationem
857 2767 1246 2818 diuturnitatem
1287 2780 1638 2818 :erumnarum
1680 2767 1983 2834 permittere
2005 2806 2020 2829 ,

458 2867 517 2912 ut
563 2859 685 2912 hinc
718 2865 772 2912 et
800 2857 1012 2926 praemia
1056 2865 1361 2924 augeantur.
1388 2857 1441 2909 In
1477 2856 1722 2920 secunda,
1756 2872 1872 2925 quae
1898 2871 2022 2924 pro-

459 2949 616 3002 lixior
654 2955 755 3010 cst,
799 2956 853 3000 et
905 2947 1056 3015 paulo
1097 2954 1214 3014 post
1253 2947 1472 3014 primam
1522 2947 1678 2999 missa
1722 2945 1851 3010 fuit,
1883 2945 2022 3000 idem

459 3047 826 3108 argumentum
867 3037 1214 3105 persequitur,
1256 3037 1539 3106 multisque
1580 3037 1903 3101 rationibus,
1935 3051 2022 3089 ar-

457 3128 758 3198 gumentis,
808 3127 1100 3196 exemplis,
1141 3142 1259 3194 qua)
1318 3128 1523 3194 longius
1585 3137 1724 3181 esset
1788 3127 2021 3189 referre,

461 3218 757 3291 Olympiadi
798 3226 854 3270 ut
882 3233 1092 3271 omnem
1125 3216 1351 3285 deponat
1381 3233 1662 3271 mterorem
1692 3215 1915 3270 suadere
1943 3216 2025 3267 ni—

463 3309 613 3363 titur.
646 3308 776 3372 Quia
804 3323 932 3362 vero
970 3305 1093 3360 illud
1125 3306 1352 3359 maxime
1389 3305 1745 3376 Olympiadem
1775 3306 2022 3374 angebat,

459 3399 599 3471 quod
629 3415 659 3452 a
687 3398 1067 3470 Cbrysostomo
1101 3403 1334 3466 sejuncta
1379 3408 1551 3461 esset,
1583 3397 1722 3466 quod
1754 3397 1896 3449 illum
1928 3396 2025 3448 do-

457 3501 666 3546 centem
712 3498 766 3542 et
811 3490 1207 3543 wncionantem
1256 3503 1359 3541 non
1401 3489 1536 3542 ultra
1586 3488 1790 3541 audiret
1824 3505 1837 3541 :
1869 3487 2026 3540 licere

459 3581 588 3635 dicit
615 3579 905 3650 Olympiadi
931 3621 943 3643 ,
971 3580 1188 3634 absente
1215 3595 1271 3633 se
1293 3620 1306 3642 ,
1339 3579 1502 3633 libros
1527 3593 1651 3633 suos
1675 3580 1851 3648 legere
1875 3595 1888 3640 ;
1922 3578 2026 3630 imo

462 3670 789 3738 provisurum
830 3684 920 3733 se,
965 3671 1007 3722 si
1041 3670 1196 3722 modo
1235 3670 1532 3722 tabellarios
1568 3670 1932 3730 nanciscatur,
1973 3677 2028 3722 ut

461 3760 675 3815 crebras
710 3767 761 3814 ct
788 3760 1020 3829 prolixas
1056 3761 1236 3813 literas
1262 3774 1382 3812 suas
1408 3759 1648 3827 accipiat.
1685 3759 1832 3824 Quod
1859 3760 1902 3811 si
1930 3759 2025 3832 do-

461 3851 672 3902 ctrinam
699 3860 938 3913 nostram,
963 3849 1151 3918 inquit,
1175 3851 1281 3902 viva
1305 3865 1419 3902 voce
1439 3850 1613 3902 audire
1631 3850 1793 3916 cupis,
1817 3853 2028 3918 fortasse

463 3940 556 3992 hoc
581 3955 772 4007 quoque
798 3939 1074 4008 continget;
1105 3941 1203 3992 imo
1230 3953 1326 3992 non
1354 3943 1582 4008 fortasse,
1609 3939 1695 3993 sed
1721 3950 1888 4004 certe;
1914 3956 2029 3994 cave

462 4031 676 4084 dubites.
709 4031 797 4084 Sic
824 4029 910 4084 ille
937 4031 1146 4098 putabat
1174 4047 1187 4094 ;
1219 4031 1309 4084 sed
1335 4032 1437 4083 alio
1465 4030 1620 4082 modo
1649 4045 1733 4083 res
1756 4031 1934 4095 cessit,
1959 4032 2027 4084 ita

461 4119 772 4189 providente
797 4119 1040 4173 Numine.
1074 4120 1196 4172 Plus
1225 4121 1365 4187 enim
1399 4119 1646 4187 proderat
1670 4121 1815 4173 exsul
1847 4119 2029 4174 Eccle-

463 4211 556 4262 sia:
589 4209 679 4263 Dei
716 4218 770 4263 et
811 4209 1166 4277 przedicationi
1195 4211 1472 4278 evangelii,
1504 4226 1658 4278 quam
1690 4226 1808 4264 cum
1837 4211 1888 4264 in
1920 4212 2030 4281 epi-

464 4299 662 4366 scopali
694 4299 883 4351 throno
907 4298 1135 4364 sederet,
1167 4307 1222 4352 ut
1250 4315 1370 4353 mox
1400 4300 1677 4354 videbitur.

534 4389 588 4442 In
639 4390 791 4442 tertia
843 4388 908 4441 ad
954 4388 1313 4460 Olympiadem
1365 4391 1620 4458 epistola,
1664 4390 1801 4446 idem
1859 4392 2028 4459 ipsum

460 4488 825 4551 argumentum
873 4481 1222 4549 persequitur,
1281 4480 1636 4549 exemplisque
1699 4480 1936 4548 plurimis
1977 4488 2031 4533 et

459 4571 781 4642 argumentis
806 4570 993 4640 probat
1021 4573 1069 4624 in
1099 4572 1484 4626 calamitatibus
1510 4587 1611 4624 non
1640 4571 1796 4624 modo
1825 4570 2027 4624 mmsti-

461 4666 584 4718 tiam
610 4679 820 4719 omnem
851 4678 969 4718 esse
990 4663 1378 4732 deponendam,
1410 4662 1504 4716 sed
1529 4663 1687 4716 etiam
1710 4663 1761 4714 in
1782 4661 2031 4729 tranquil-

459 4755 604 4808 litate
638 4763 690 4808 et
717 4753 874 4806 animi
903 4753 1170 4806 alacritate
1199 4753 1512 4806 versandum
1550 4767 1687 4806 esse.
1728 4753 1870 4806 Hanc
1903 4768 2031 4806 vero

460 4845 665 4900 tertiam
707 4843 982 4912 epistolam
1021 4859 1139 4896 eum
1170 4846 1483 4912 scripsisset,
1517 4845 1736 4899 necdum
1767 4846 1831 4899 ad
1854 4846 2031 4916 Olym-

458 4936 665 5004 piadem
712 4934 962 4997 misisset,
1010 4949 1104 5000 per
1132 4934 1490 4988 honorabilem
1519 4938 1796 5005 quemdam
1837 4939 2025 5000 virum,

458 5021 740 5076 Patricium
769 5020 1000 5085 nomine,
1030 5020 1193 5088 ipsius
1221 5020 1542 5090 Olympiadis
1575 5024 1848 5090 epistolam
1875 5041 2029 5078 accc-

461 5113 535 5180 pit
565 5128 578 5161 :
615 5125 714 5178 qua
740 5124 797 5164 se
825 5110 1037 5162 omnino
1059 5117 1297 5162 mmstam
1318 5151 1330 5171 ,
1368 5120 1419 5162 et
1445 5113 1591 5177 quasi
1619 5112 1758 5164 luctu
1789 5114 2026 5167 obrutam

459 5200 776 5264 declarabat,
831 5200 1055 5252 maxime
1092 5214 1218 5252 vero
1250 5201 1386 5269 quod
1430 5215 1532 5254 ron
1575 5202 1828 5269 potuisset
1871 5205 2026 5256 alium

456 5290 631 5345 exsilii
659 5291 850 5355 locum,
891 5289 1096 5344 Cucuso
1123 5292 1551 5354 commodiorem,
1583 5291 1768 5345 Joanni
1795 5291 2028 5363 Chryso-

456 5388 633 5435 stomo
663 5380 965 5447 impetrare.
1019 5380 1106 5433 lllc
1134 5396 1256 5433 vero
1283 5381 1379 5435 hac
1412 5392 1620 5450 accepta
1645 5383 1882 5449 epistola,
1921 5395 2026 5437 ter-

459 5470 607 5534 tiam,
635 5468 700 5521 dc
726 5485 822 5537 qua
849 5469 1006 5522 modo
1023 5469 1345 5530 dicebamus,
1365 5473 1499 5540 apud
1529 5488 1586 5526 se
1607 5474 1840 5539 retinuit,
1861 5491 2027 5544 neque

459 5559 599 5612 illam
627 5558 920 5630 Olympiadi
963 5560 1122 5614 misit.
1159 5562 1248 5614 sed
1288 5562 1441 5614 aliam
1473 5565 1859 5633 egregiamque.
1910 5583 2026 5635 qua:

458 5663 598 5704 nunc
626 5651 762 5704 inter
783 5655 1030 5720 epistolas
1058 5653 1169 5722 ejus
1191 5663 1371 5718 quarta
1399 5653 1598 5706 decima
1631 5669 1950 5709 muneratur.

533 5736 706 5792 Primo
732 5742 868 5793 illam
900 5750 979 5792 sat
1005 5755 1188 5806 aspere
1223 5742 1505 5810 redarguit,
1546 5745 1680 5810 quod
1707 5755 1860 5797 tant:e
1890 5763 2018 5802 uim—

1498 409 1550 464 S.
1593 408 1865 462 JOANNIS
1902 407 2364 466 CIIRYSOSTOMI
2402 409 2576 476 VITA,

3589 413 3692 469 αδδ

2121 519 2278 572 stitia:
2307 533 2363 573 se
2387 518 2610 586 dederit,
2641 527 2886 588 quantam
2934 519 3015 573 illa
3059 520 3108 573 in
3145 521 3365 588 epistola
3411 537 3502 575 sua
3543 525 3695 576 exhi-

2121 609 2322 662 buerat.
2376 609 2504 676 Quia
2543 624 2667 663 vero
2705 609 2822 663 ideo
2861 610 3090 663 maxime
3133 609 3363 672 dolebat,
3405 611 3547 679 quod
3590 628 3696 666 non

2121 701 2374 768 potuisset
2397 701 2556 753 alium
2583 699 2941 754 commodiore
2960 699 3166 755 Cucuso
3187 701 3357 754 locum
3378 700 3568 756 Joanni
3597 704 3689 757 im-

2119 798 2355 857 petrare;
2386 789 2504 842 hinc
2531 790 2805 843 occasione
2824 799 3031 860 sumpta
3053 798 3229 843 narrat
3250 790 3321 843 illi
3347 791 3542 853 omnia.
3575 808 3695 860 qua:

2119 878 2216 932 sibi
2254 878 2304 930 in
2345 887 2487 930 tanto
2515 879 2700 932 itinere
2731 879 3059 948 maximeque
3085 878 3341 933 C:esarea:
3372 881 3694 946 acciderant,

2119 985 2235 1038 qum
2261 985 2357 1023 nos
2385 971 2433 1022 in
2464 969 2688 1024 decursu
2722 983 2877 1037 supra
2907 970 3199 1022 attulimus.
3242 971 3375 1037 Quia
3401 987 3522 1025 vero
3553 975 3693 1026 mala

2119 1061 2292 1112 omnia
2321 1069 2575 1123 recenset,
2605 1074 2722 1128 quae
2743 1059 2840 1112 sibi
2871 1059 3175 1113 Pharetrius
3199 1058 3455 1114 Caesarea:
3489 1061 3696 1129 episco-

2122 1163 2238 1215 pus,
2268 1148 2532 1212 intulerat,
2564 1147 2858 1218 Olympiadi
2895 1147 3056 1202 cdicit
3079 1155 3132 1200 ut
3165 1148 3246 1200 illa
3277 1149 3454 1203 omnia
3481 1150 3694 1204 silentio

2121 1244 2279 1306 tegat.
2307 1237 2568 1290 Caeterum
2596 1247 2651 1290 ut
2673 1235 3034 1307 Olympiadem
3063 1235 3144 1290 sui
3173 1251 3330 1290 causa
3359 1238 3698 1308 plangentem

2121 1328 2335 1392 soletur,
2369 1342 2425 1381 se
2444 1329 2516 1380 ait
2539 1327 2680 1380 omni
2709 1327 2942 1380 molestia
2965 1326 3241 1380 liberatum
3269 1341 3408 1392 esse,
3439 1327 3696 1381 firmiore.

2120 1432 2222 1485 quc
2250 1417 2545 1470 valetudine
2568 1415 2688 1482 frui,
2713 1432 2866 1483 quam
2897 1431 3016 1469 cum
3041 1416 3494 1485 Constantinopoli
3530 1417 3692 1487 dege-

2122 1515 2222 1570 ret,
2255 1522 2426 1573 neque
2466 1507 2588 1570 ullo,
2629 1507 2767 1575 quod
2796 1507 2879 1559 illa
2905 1506 3138 1571 timebat,
3183 1507 3373 1577 frigore
3417 1510 3646 1578 torqueri
3679 1527 3692 1561 :

2123 1595 2309 1648 omium
2338 1595 2486 1660 illud,
2523 1610 2628 1664 quo
2655 1595 2942 1660 fruebatur,
2987 1596 3317 1649 Autiocheno
3357 1599 3523 1666 magis
3549 1599 3695 1650 simi-

2125 1685 2226 1737 lem
2252 1685 2350 1738 sibi
2388 1685 2590 1749 videri;
2623 1685 2688 1738 de
2720 1685 2914 1739 lsauris
2939 1695 3112 1739 autem
3145 1687 3272 1740 nihil
3308 1687 3416 1756 jam
3449 1688 3544 1742 sibi
3577 1706 3693 1743 me-

2125 1775 2373 1828 tuendum
2400 1789 2516 1829 esse
2541 1792 2553 1826 :
2593 1790 2711 1828 nam
2735 1776 2784 1828 in
2809 1776 3074 1844 regionem
3100 1790 3248 1828 suam
3276 1791 3333 1830 se
3361 1787 3690 1846 receperant,

2124 1863 2278 1932 idque
2319 1880 2382 1918 ex
2412 1864 2652 1919 Praifecti
2698 1881 2823 1919 cura
2866 1875 2919 1919 et
2965 1865 3138 1919 studio
3182 1866 3372 1920 factum
3410 1883 3547 1923 esse.
3602 1869 3696 1923 llic

2123 1967 2249 2006 vero
2277 1953 2562 2008 Przefeetus
2581 1954 2803 2024 Sepater
2820 1963 2953 2020 erat,
2981 1955 3068 2024 qui
3102 1956 3216 2024 plus
3236 1956 3393 2010 officii
3421 1958 3518 2010 sibi
3545 1957 3698 2012 exhi.

2124 2045 2328 2112 buerat,
2385 2063 2541 2114 quam
2595 2062 2622 2100 a
2666 2058 2811 2116 patre
2859 2049 3225 2117 pestulandum
3273 2049 3579 2104 videretur:
3617 2051 3701 2104 vir

2125 2138 2345 2206 probus,
2393 2140 2670 2208 benignus,
2715 2142 3112 2208 communisque
3160 2153 3446 2208 pauperum
3494 2149 3697 2209 portus.

2125 2226 2215 2282 Sic
2238 2227 2382 2280 illum
2413 2228 2588 2282 laudat
2623 2228 3028 2299 Clirysostomus
3072 2229 3122 2281 in
3153 2228 3370 2298 epistola
3402 2230 3469 2283 61
3497 2230 3563 2283 ad
3591 2229 3701 2300 Cy-

2123 2317 2322 2371 riacum
2352 2319 2654 2388 episc0pum
2685 2336 2697 2370 :
2739 2334 2895 2388 quem
2923 2327 3165 2388 precatur
3185 2327 3242 2372 ut
3273 2321 3358 2372 filii
3392 2322 3572 2387 ipsius,
3606 2323 3697 2390 qui

2125 2404 2176 2458 in
2209 2406 2320 2459 istis
2354 2407 2586 2474 partibus
2627 2407 2896 2460 literarum
2921 2407 3111 2462 studiis
3139 2423 3348 2477 operam
3386 2409 3561 2474 dabat,
3609 2425 3698 2464 cu.

2124 2508 2235 2546 ram
2261 2503 2490 2563 gereret,
2518 2496 2720 2564 ipsique
2752 2495 2923 2550 officia
2949 2497 3294 2565 impenderet.

2197 2586 2406 2640 Dixerat
2426 2587 2694 2656 Olympias
2721 2590 2771 2641 in
2799 2589 3018 2657 epistola
3045 2603 3138 2642 sua
3165 2589 3493 2656 Heracliden,
3517 2589 3670 2658 Ephe

2126 2679 2296 2732 sinum
2334 2681 2636 2748 episcopum
2668 2696 2696 2733 a
2735 2680 3114 2750 Chrysostomo
3143 2681 3504 2748 censtitutum,
3541 2692 3593 2735 et
3633 2683 3702 2735 ab

2126 2767 2242 2834 ejus
2268 2757 2583 2821 adversariis
2613 2769 2915 2837 episcopatu
2939 2769 3167 2837 pulsum,
3211 2779 3267 2823 ut
3300 2772 3540 2838 superius
3561 2770 3702 2823 dixi-

2127 2872 2262 2918 mus,
2293 2866 2418 2911 tunc
2438 2858 2488 2910 in
2509 2872 2719 2912 carcere
2749 2867 2799 2911 et
2826 2859 2875 2911 in
2899 2860 3121 2913 vinculis
3143 2859 3414 2914 detentum
3439 2861 3548 2914 dira
3571 2861 3702 2929 pati.

2125 2945 2240 2999 Jam
2270 2946 2384 3015 ejus
2408 2962 2564 3002 causa
2588 2949 2762 3002 literas
2788 2950 3002 3002 miserat
3026 2949 3437 3021 Cbrysostomus
3466 2951 3530 3005 ad
3561 2952 3698 3006 Pen-

2129 3035 2318 3088 tadiam
2350 3045 2662 3102 matronam,
2689 3053 2906 3093 monens
2937 3048 2992 3092 ut
3021 3054 3230 3093 onmem
3261 3040 3582 3109 diligentiam
3603 3043 3700 3096 ad-

2128 3125 2355 3191 hiberet,
2404 3127 2470 3180 ad
2517 3128 2866 3183 calamitatem
2919 3139 3112 3184 tantam
3162 3133 3245 3185 vel
3295 3133 3575 3186 tollendam
3620 3135 3702 3188 vel

2135 3216 2428 3270 leniendam
2458 3234 2472 3271 τ
2503 3217 2797 3289 Olympiadi
2830 3235 2954 3274 vero
2982 3220 3128 3286 dicit,
3159 3221 3304 3275 Licet
3331 3222 3589 3276 Heraclidi
3613 3267 3627 3288 ,
3657 3225 3703 3276 si

2131 3308 2277 3373 velit,
2325 3309 2632 3376 instantiam,
2677 3311 2824 3374 dare,
2865 3321 3021 3380 atque
3067 3313 3137 3366 ita
3179 3314 3432 3367 molestiis
3459 3314 3704 3368 omnibus

2127 3399 2366 3466 liberari;
2395 3401 2522 3454 nihil
2549 3403 2688 3455 enim
2709 3401 2851 3456 aliud
2871 3413 3126 3470 superest.
3161 3403 3289 3470 Qute
3310 3413 3454 3459 certe
3478 3419 3700 3474 quomo-

2127 3489 2196 3544 do
2219 3492 2476 3559 quadrare
2507 3494 2708 3560 possint
2754 3509 2855 3545 non
2887 3493 3138 3562 intelligo.
3170 3495 3534 3550 Tillemontius
3571 3512 3714 3551 vero-

2128 3587 2274 3647 putat
2295 3579 2571 3648 legendum
2597 3597 2714 3635 esse
2739 3584 2983 3647 ecstasim,
3015 3583 3397 3638 abdicationem
3426 3586 3702 3655 episcopa-

2129 3677 2232 3734 tus,
2256 3685 2372 3738 quae
2401 3671 2606 3725 videtur
2643 3687 2765 3725 vera
2791 3673 2965 3725 lectio.
2993 3673 3095 3727 Sed
3130 3689 3247 3726 cum
3277 3689 3461 3730 omnes
3489 3677 3707 3731 omnino

2133 3757 2258 3812 Mss.
2290 3769 2343 3813 et
2366 3759 2504 3814 Editi
2535 3763 2822 3815 instantiam
2853 3763 3092 3826 habeant,
3120 3762 3253 3816 hanc
3282 3763 3558 3819 lcetiouem
3588 3781 3703 3819 mtt-

2125 3855 2242 3901 tare
2263 3864 2366 3902 non
2392 3864 2553 3904 ausus
2583 3863 2721 3904 sum.

2201 3937 2278 3991 De
2305 3938 2542 3992 Marutlta
2567 3941 2966 4010 episc0p0.—De
2982 3939 3216 3993 Martttha
3241 3941 3488 4010 episcopo
3507 3943 3706 4011 majore

2130 4039 2248 4079 cum
2275 4026 2463 4081 aﬂ‘ectu
2488 4037 2540 4082 et
2563 4028 2806 4082 instantia
2830 4029 3056 4097 loquitur
3080 4029 3493 4098 Chrysosmmus
3527 4031 3577 4083 in
3616 4045 3706 4084 ea-

2129 4117 2248 4172 dem
2289 4120 2506 4186 epistola
2535 4120 2736 4174 decima
2779 4129 2962 4189 quarta
3001 4120 3067 4172 ad
3097 4120 3481 4190 Olympiadem.
3526 4121 3703 4175 Maru-

2133 4209 2248 4265 tbas
2297 4213 2449 4281 igitur
2492 4213 2576 4267 ille
2619 4214 2897 4282 episcopus
2932 4213 3315 4280 sanctissimus,
3351 4228 3378 4265 a
3410 4212 3711 4282 Theophilo

2130 4303 2438 4371 caeterisque
2459 4302 2817 4374 Chrysostomi
2841 4303 3065 4357 inimicis
3093 4304 3501 4371 circumventus,
3537 4306 3587 4359 in
3613 4321 3706 4360 eo-

2132 4408 2246 4446 rum
2271 4394 2616 4447 conventibus
2657 4393 2842 4460 adfuit,
2873 4395 3134 4464 etiamque
3163 4396 3214 4448 in
3255 4394 3604 4448 conciliabulo
3636 4395 3706 4446 ad

2131 4483 2390 4548 Quercum
2431 4502 2444 4538 :
2492 4500 2610 4538 cum
2653 4486 2790 4539 enim
2835 4501 2898 4539 ex
2936 4484 3151 4539 Perside
3189 4493 3299 4538 tum
3341 4485 3563 4548 veniret,
3599 4500 3704 4537 non

2133 4583 2336 4642 poterat
2383 4583 2678 4629 accuratam
2733 4589 2905 4628 rerum
2949 4584 3070 4627 tunc
3107 4574 3558 4642 Constantinopoli
3604 4587 3700 4643 ge-

2132 4674 2328 4720 starum
2382 4667 2616 4719 notitiam
2680 4665 2893 4719 habere.
2961 4664 3203 4733 Alioquin
3273 4679 3399 4718 vero
3460 4664 3702 4716 audierat.

2134 4755 2372 4818 fortasse,
2395 4755 2740 4825 Epiphaniam
2772 4767 2997 4822 quoque,
3026 4752 3183 4822 Cypri
3213 4754 3532 4821 episcopum,
3565 4767 3696 4805 san-

2132 4851 2273 4896 ctum
2318 4845 2483 4896 virum
2533 4843 2787 4897 adversus
2834 4841 3271 4912 Chrysostomum
3332 4841 3702 4894 insurrexisse.

2134 4932 2326 4986 Verum
2355 4942 2412 4986 ut
2448 4949 2551 4986 non
2588 4943 2670 4988 sat
2708 4943 2979 5001 perspecta
3011 4947 3184 4986 rerum
3224 4930 3706 4999 Constantinopoli-

2135 5033 2370 5074 tanarum
2394 5023 2712 5088 conditione,
2741 5021 3101 5092 Chrysostomi
3141 5023 3386 5087 inimicis,
3421 5023 3707 5092 multisque

2133 5113 2288 5165 etiam
2320 5113 2694 5166 consceleratis
2719 5128 2838 5168 sese
2883 5113 3122 5182 adjunxit
3157 5132 3167 5166 :
3213 5114 3281 5168 ita
3325 5113 3482 5167 etiam
3513 5114 3708 5170 divina:

2135 5207 2346 5261 ultionis
2377 5209 2612 5262 minister
2638 5208 2753 5262 fuit.
2771 5207 2900 5262 Ctun
2925 5209 3064 5262 enim
3087 5208 3286 5277 Cyrini,
3307 5208 3709 5262 Chalcedonen-

2132 5299 2204 5352 sis
2229 5299 2478 5367 episcopi,
2526 5299 2662 5352 inter
2687 5299 3040 5367 primipilares
3069 5297 3429 5368 Chrysostomi
3467 5301 3709 5352 inimicos

2131 5389 2394 5450 acerrimi.
2442 5389 2626 5457 pedem
2659 5389 2961 5456 imprudens
3007 5389 3282 5451 calcasset,
3329 5388 3451 5442 hinc
3493 5388 3707 5442 dolores

2133 5476 2344 5530 maximi
2379 5476 2546 5529 exorti
2582 5488 2724 5540 sunt,
2764 5479 3026 5531 scctiones
3053 5477 3242 5546 pedum
3270 5485 3324 5530 et
3361 5493 3574 5530 crurum
3601 5477 3704 5530 fre-

2131 5577 2351 5635 quentes
2376 5583 2403 5617 a
2433 5567 2650 5620 medicis
2676 5567 2940 5626 adbibitre,
2990 5582 3051 5621 ac
3083 5568 3237 5636 paulo
3264 5576 3380 5635 post
3410 5582 3460 5618 in
3499 5582 3702 5617 crueia—

2133 5662 2269 5712 tibus
2293 5660 2429 5713 diem
2457 5659 2644 5713 clausit
2667 5669 2981 5720 extremum,
3016 5669 3072 5711 ut
3097 5672 3250 5724 supra
3280 5655 3523 5710 dixinius.

2205 5749 2432 5800 Necdum
2465 5759 2636 5800 tamen
2665 5749 2891 5816 iniquam
2916 5751 3052 5801 illam
3085 5748 3413 5800 inimicorum
3435 5746 3708 5812 Chrysos-
