4088 6138
235 256 329 312 tm
1417 249 1596 304 NUNC
1637 250 1895 303 Ptnnun
1923 247 2314 302 meum“.
3390 257 3494 314 πε

237 367 365 422 torni
401 364 846 433 conspirationem
892 363 1175 430 agnovisse
1198 361 1472 416 videbatur
1503 362 1766 416 lilaruthas
1793 381 1804 414 :

238 457 285 510 id
315 456 456 509 enim
506 453 738 506 insinuat
762 451 1174 521 Chrysostomus
1201 465 1318 503 cum
1346 451 1635 520 Olympiadi
1661 451 1807 515 dicit,

241 543 482 596 Omnibus
509 542 680 609 oﬁ‘iciis
708 556 821 593 eum
845 541 1103 608 complecti
1127 555 1188 592 ne
1213 541 1428 604 desinas,
1453 550 1506 592 ut
1530 557 1640 592 eum
1669 557 1695 593 e
1721 542 1808 592 ba-

240 635 407 687 ratltro
436 632 671 684 extrahas
701 645 718 682 :
757 630 1002 682 nimirum
1029 644 1093 682 ex
1120 628 1372 682 societate
1408 645 1527 682 cum
1561 629 1812 697 improbis

242 725 342 781 illis
368 723 610 787 Arsacia,
633 720 946 790 Porphyrio,
980 721 1285 784 Severiano,
1311 721 1592 773 Antiocho.
1627 721 1693 775 Ut
1715 737 1810 773 au—

243 825 344 869 tem
386 814 564 868 videas
603 822 800 882 quanto
836 811 1032 875 studio,
1082 810 1438 879 praedicationi
1477 813 1732 880 evangelii
1761 813 1810 865 in

242 905 505 966 onmibus,
551 912 608 958 ut
649 904 718 958 ita
770 903 964 968 dicam,
1013 902 1157 957 orbis
1202 901 1434 970 partibus
1480 902 1807 970 advigilaret,

243 992 555 1064 posthabitis
579 1007 790 1061 semper
813 991 900 1054 iis,
953 1007 1068 1060 quae
1093 991 1158 1046 ad
1184 1006 1241 1045 se
1265 991 1536 1058 speciatim
1573 1003 1813 1059 spectare

244 1084 695 1151 videbantur,qu:e
715 1089 1008 1150 sequuntur
1025 1081 1090 1135 ad
1115 1081 1332 1135 verbum
1363 1090 1485 1136 sunt
1507 1080 1810 1134 referenda:

245 1175 380 1229 Nam
403 1173 511 1241 ejus
532 1188 686 1240 opera
709 1171 770 1224 ob
801 1170 1023 1224 Persidis
1049 1172 1243 1241 negotia
1267 1187 1402 1241 egeo.
1433 1172 1610 1240 Atque,
1639 1173 1683 1224 si
1707 1172 1761 1222 id
1785 1188 1815 1222 a

243 1273 290 1318 te
310 1263 422 1331 fieri
444 1270 622 1331 potest,
650 1278 712 1315 ea:
734 1278 790 1314 eo
819 1263 1058 1332 intellige,
1083 1261 1318 1330 quidnam
1348 1263 1450 1315 illic
1470 1263 1625 1332 ipsius
1650 1263 1815 1316 studio

244 1363 388 1422 atque
413 1369 566 1421 opera
606 1337 878 1421 perfectum
902 1354 986 1418 sit,
1031 1362 1075 1404 et
1100 1369 1190 1406 cur
1213 1354 1336 1406 istuc
1361 1355 1614 1423 profectus
1647 1353 1709 1407 sit
1735 1357 1816 1423 [ac

243 1444 412 1506 sciant,
442 1459 502 1495 ac
531 1458 649 1494 num
674 1442 718 1495 ei
737 1441 863 1495 duas
889 1442 1142 1510 epistolas,
1165 1458 1290 1512 quas
1315 1445 1382 1494 ad
1403 1459 1514 1496 eum
1543 1443 1674 1507 misi,
1703 1445 1817 1496 red-

243 1533 449 1586 dideris.
501 1534 563 1588 Si
601 1534 726 1586 milii
765 1535 978 1587 scribere
1023 1535 1160 1600 velit,
1202 1551 1401 1588 rursum
1447 1535 1697 1598 scribam;
1738 1537 1816 1589 sin

245 1622 510 1676 rescribere
548 1635 798 1693 gravetur,
852 1625 1026 1677 saltem
1067 1624 1188 1694 quid
1223 1625 1325 1678 illic
1357 1629 1628 1694 perfectum
1670 1625 1817 1692 fuerit

244 1711 334 1764 tibi
381 1722 616 1779 exponat,
670 1721 717 1766 et
761 1729 880 1766 nunt
920 1714 1041 1781 quid
1085 1730 1259 1767 rursus
1286 1715 1456 1767 eodem
1499 1717 1819 1783 proﬁciscens

244 1801 556 1867 prastiturus
580 1800 641 1852 sit
667 1817 686 1854 :
713 1817 828 1854 nam
850 1817 938 1870 ego
964 1803 1058 1854 hac
1095 1802 1156 1855 de
1197 1819 1349 1856 causa
1372 1804 1536 1872 ipsum
1563 1805 1821 1858 convenire

244 1888 521 1942 studebam.
571 1890 846 1960 Utcumque
873 1893 958 1958 sit,
1003 1892 1242 1961 quidquid
1272 1902 1469 1947 tuarum
1505 1896 1723 1964 partium
1748 1906 1819 1950 est

247 1988 450 2046 praua,
483 1995 755 2048 munusque
779 1990 915 2035 tuum
944 1984 1108 2050 exple,
1139 1983 1332 2037 etiamsi
1357 2000 1526 2037 omnes
1555 2001 1713 2054 prono
1737 2003 1820 2039 ca-

248 2067 349 2133 pite
389 2069 442 2122 in
493 2086 714 2141 praeceps
750 2076 974 2141 ferantur
1014 2088 1034 2127 :
1073 2088 1259 2127 merces
1303 2075 1433 2128 enim
1476 2084 1562 2128 tua
1603 2079 1821 2132 numeris

246 2159 475 2214 omnibus
499 2160 725 2214 absoluta
753 2163 863 2216 erit.

317 2248 416 2302 llic
432 2249 580 2304 vides
606 2266 796 2304 novum
819 2251 1035 2307 Paulum
1062 2267 1155 2308 sua
1177 2255 1352 2308 omnia
1379 2255 1508 2310 nihil
1527 2267 1817 2323 curantem,

247 2337 537 2392 dummodo
560 2341 884 2408 evangelium
912 2343 1005 2396 Dei
1047 2344 1359 2411 praedicetur
1400 2355 1456 2401 et
1482 2359 1818 2416 propagetur.

250 2431 436 2487 Utrum
465 2449 592 2487 vero
614 2434 880 2490 Maruthas
908 2437 1286 2506 Chrysostomo
1308 2439 1514 2494 tandem
1539 2443 1824 2510 rescripse-

248 2521 340 2583 rit,
365 2522 443 2575 vel
467 2524 772 2578 societatem
795 2526 1023 2595 aliquam
1065 2543 1183 2582 cmn
1213 2529 1302 2583 illo
1327 2530 1501 2583 inierit
1532 2545 1628 2598 pro
1655 2545 1820 2584 evan-

242 2611 372 2680 gelii
401 2611 697 2668 in”Perside
719 2616 1112 2682 praedicatione,
1132 2634 1232 2686 qua
1259 2619 1327 2672 de
1351 2635 1408 2672 re
1431 2619 1520 2674 ille
1552 2628 1823 2689 tantopere

244 2703 510 2758 sollicitus
533 2713 665 2766 erat,
692 2721 904 2774 prorsus
927 2708 1247 2777 ignoramus.
1285 2710 1423 2763 Nihil
1451 2712 1643 2779 quippe
1669 2726 1728 2786 ea
1757 2711 1825 2766 de

245 2808 308 2848 re
331 2796 474 2862 apud
501 2795 796 2864 historicos,
832 2800 913 2852 vel
947 2801 996 2853 in
1025 2800 1138 2867 ejus
1183 2803 1449 2869 operibus,
1492 2805 1574 2857 vel
1612 2805 1661 2856 in
1711 2804 1822 2873 epi-

245 2887 423 2950 stolis,
456 2887 596 2955 quod
637 2904 794 2957 grave
824 2891 962 2944 dictu
988 2901 1087 2954 est,
1137 2894 1448 2961 reperimus.
1490 2893 1702 2949 Certum
1729 2913 1823 2948 au-

247 2985 357 3034 tem
388 2985 472 3034 est
508 2977 800 3036 llaruthatn
835 2981 884 3038 in
912 2980 1283 3055 Mesopotamia
1308 2985 1608 3056 epircotiuni
1641 2986 1825 3057 fusse,

245 3078 336 3122 aut
368 3067 820 3138 Supharenorum,
851 3084 942 3128 aut
965 3074 1237 3144 Sophenes
1264 3079 1568 3145 provinciae,
1615 3090 1721 3144 aut,
1772 3092 1827 3133 ut

244 3159 336 3213 alii
382 3160 602 3228 volunt,
647 3163 1090 3234 Martyropoleos,
1135 3183 1313 3236 quam,
1352 3168 1654 3223 Theodosio
1683 3171 1721 3235 Ι,
1773 3181 1828 3225 ιιι

246 3261 490 3316 narrant,
515 3255 760 3322 pecunias
783 3257 1235 3325 subministrante,
1267 3262 1380 3329 ipse
1405 3261 1673 3316 Maruthas
1701 3278 1828 3316 con-

240 3350 538 3397 struxerat.
577 3344 792 3400 Certum
827 3349 949 3402 item
981 3361 1062 3403 est
1088 3350 1243 3418 hujus
1283 3353 1511 3406 nominis
1555 3353 1736 3407 urbem
1775 3354 1826 3408 in

242 3431 632 3502 Mesopotamia
661 3437 713 3489 in
742 3439 968 3493 conﬁnio
996 3441 1222 3496 Persidis
1250 3441 1430 3498 fuisse.
1461 3443 1828 3514 Martyropolis

241 3528 434 3576 autem
462 3526 766 3592 vocabatur,
806 3529 926 3597 quia
954 3530 1022 3584 ibi
1055 3532 1338 3586 multorum
1363 3544 1650 3604 martyrum
1682 3537 1827 3591 Reli-

241 3612 394 3682 quiae
417 3613 669 3684 deposita:
701 3616 923 3674 fuerant.
956 3621 1186 3676 Aitvero
1211 3622 1618 3694 Chrysostomus
1643 3627 1695 3680 in
1733 3628 1829 3681 ho-

243 3703 422 3762 tnilia.
450 3705 558 3758 imo
582 3708 756 3775 potius
782 3709 833 3762 in
862 3710 995 3763 libro
1021 3711 1134 3778 illo,
1161 3714 1245 3766 cui
1276 3715 1475 3781 titulus,
1511 3714 1654 3779 Quod
1682 3717 1829 3771 Clui-

241 3804 360 3846 stus
405 3794 470 3846 sit
513 3794 652 3849 Deus
691 3796 1038 3854 :Praedicatio
1094 3819 1194 3855 non
1231 3804 1312 3856 hic
1364 3815 1590 3870 tantum,
1644 3809 1734 3861 sed
1781 3819 1828 3862 et

240 3882 397 3950 apud
422 3881 609 3938 Persas
637 3888 813 3953 ﬂoret,
844 3889 1036 3943 etiamsi
1065 3894 1126 3944 ab
1149 3893 1248 3946 illis
1275 3906 1621 3964 oppugnetur:
1649 3901 1826 3951 etenim

239 3972 397 4039 apud
445 3974 560 4026 illos
599 3991 791 4044 quoque
838 3990 1113 4049 martyrum
1144 3983 1374 4035 examina
1421 3986 1597 4038 multa.
1649 3985 1826 4040 Maru-

244 4061 376 4116 tltas
401 4078 530 4132 ergo
560 4065 610 4117 in
642 4065 859 4121 Perside
888 4071 1212 4136 evangelium
1243 4070 1437 4126 Christi
1463 4075 1680 4128 mirilice
1704 4091 1825 4144 pro-

243 4153 463 4221 pagavit
488 4193 502 4216 ,
534 4169 808 4223 magorum
845 4168 898 4211 et
923 4157 1287 4214 Chaldmorum
1317 4162 1698 4218 incantationes
1736 4165 1827 4219 de-

224 4245 400 4307 .vicit,
433 4243 764 4313 lsdegerdem
809 4264 982 4317 regem
1028 4251 1212 4305 morbo
1245 4253 1536 4318 detentum,
1564 4255 1648 4308 coi
1687 4257 1824 4324 magi

245 4335 556 4387 remedium
589 4335 777 4389 all‘erre
809 4347 1153 4404 tentavcrant,
1184 4341 1398 4410 integrte
1425 4343 1706 4397 valetudini
1737 4360 1826 4398 re-

240 4424 450 4487 stituit,
478 4424 728 4479 miracula
759 4428 856 4479 alia
887 4428 1043 4482 multa
1079 4431 1321 4497 patravit.

346 4511 648 4566 Gott/torum
711 4515 1080 4570 Cat/«olivarum
1163 4537 1392 4589 magnam
1463 4540 1632 4576 curam
1704 4527 1876 4596 gerit

239 4603 663 4671 Cltrysostomus.
689 4634 761 4643 —
782 4606 1041 4670 Quantum
1088 4607 1398 4661 Gotthorum
1437 4609 1826 4666 Catholicm'tun

240 4695 712 4764 Coitstantinopoli
749 4697 1050 4766 degentium
1078 4715 1255 4752 curam
1283 4713 1487 4770 gereret
1511 4700 1828 4772 Chrysosto—

240 4800 409 4848 Inus,
468 4786 696 4840 vidimus
753 4804 909 4855 supra
966 4791 1028 4842 ad
1080 4807 1274 4844 annum
1322 4792 1427 4847 599
1465 4792 1662 4862 (Epist.
1713 4797 1822 4864 Μ).

236 4872 481 4928 Catthos
520 4876 660 4928 enim
713 4877 1036 4946 Scripturam
1088 4895 1292 4933 sacram
1337 4881 1578 4937 Gotthice
1630 4885 1824 4953 legere,

231 4964 616 5034 Gotthumque
640 4969 996 5038 presbyterum
1028 4987 1084 5026 se
1108 4983 1366 5040 prtescnte
1390 4973 1633 5028 Gotthica
1652 4977 1824 5045 lingua

233 5054 558 5106 eottcionari
584 5055 760 5123 jussit,
805 5066 858 5110 et
893 5069 1012 5126 post
1037 5060 1178 5112 illum
1209 5062 1318 5129 ipse
1345 5061 1528 5116 Grtnce
1555 5067 1827 5119 conciona-

233 5153 340 5194 tus
366 5153 468 5195 est.
513 5145 622 5200 Nec
661 5147 919 5203 minorem
960 5165 1138 5204 curam
1176 5154 1392 5220 gerebat
1432 5153 1748 5209 Gotthorum
1775 5159 1825 5210 in

231 5231 469 5290 Gotthia
529 5234 850 5303 degentium.
914 5236 1028 5291 Non
1089 5241 1156 5292 ila
1201 5241 1400 5310 pridem
1463 5244 1550 5296 illo
1612 5246 1828 5299 miserat

227 5323 298 5374 in
361 5323 667 5391 episeopum
732 5326 973 5390 Unilam,
1034 5331 1200 5384 virum
1259 5332 1663 5400 admirandum;
1733 5337 1826 5390 sed

224 5410 476 5477 Marses,
501 5411 684 5467 Gotthi
713 5418 978 5483 monachi,
1007 5418 1144 5485 apud
1170 5435 1302 5488 quos
1327 5421 1604 5490 Serapion,
1631 5425 1828 5494 episco-

225 5515 355 5569 ptts
385 5501 673 5567 Heraclea,
704 5517 956 5573 perpetuo
975 5509 1336 5574 delitescebat,
1370 5515 1823 5581 nuntiaveruntei,

225 5591 461 5647 Umlam
491 5595 708 5658 abiisse,
739 5609 1013 5666 postquam
1054 5610 1194 5654 tanto
1223 5603 1470 5672 episcopo
1501 5604 1651 5673 digna
1680 5617 1824 5674 gesta

1922 365 2146 430 plurima
2189 364 2447 417 ediderat.
2487 363 2917 434 Moduariumque
2951 367 3230 423 diaconum
3261 374 3492 437 venisse,

1916 453 2003 520 qui
2028 452 2077 506 id
2101 462 2424 516 narraverat,
2445 468 2506 506 ac
2527 455 2664 521 regis
2685 455 2998 510 Gotthorum
3021 457 3197 513 literas
3213 462 3491 529 all'erebat,

1919 540 2148 609 petentis
2178 551 2232 593 ut
2258 543 2537 610 episcopus
2556 542 2606 595 in
2629 541 2895 597 Gotthiam
2915 546 3230 601 mitteretur.
3257 550 3493 607 Metuens

1919 630 2093 698 itaque
2138 627 2548 698 Chrysostomus
2592 647 2659 684 ne
2695 633 2941 688 Arsacius
2987 645 3040 689 et
3077 638 3158 692 sui
3201 639 3291 693 illo
3317 643 3493 696 statim

1918 719 2227 787 episcopum
2255 721 2545 783 mitterent,
2575 720 2939 792 Olympiadem
2966 742 3026 781 ea
3053 728 3119 783 de
3152 746 3214 783 re
3237 742 3414 787 monet
3441 733 3492 787 in

1919 809 2108 862 eadem
2152 809 2375 876 epistola
2402 809 2610 864 decima
2652 820 2857 879 quarta,
2899 822 2956 867 ut
2996 815 3112 869 illos
3144 820 3398 888 tantisper
3424 822 3494 875 ob

1919 899 2149 952 hiemem
2195 908 2529 953 remoretur:
2561 915 2731 968 neque
2767 903 2906 956 enim
2936 904 3022 958 illa
3063 914 3372 974 tempestate
3402 923 3496 965 aut

1919 988 1970 1041 in
2002 989 2321 1058 Bosporum,
2368 1001 2458 1043 aut
2493 991 2544 1044 in
2577 991 2691 1044 illas
2721 1003 2898 1060 partes
2940 996 3188 1064 navigare
3230 1009 3490 1066 poterant.

1920 1077 2032 1129 Duo
2066 1077 2211 1130 enim
2239 1077 2359 1132 inde
2386 1079 2522 1131 mala
2556 1091 2942 1148 consequutura
2971 1094 3140 1147 erant,
3181 1095 3235 1140 et
3257 1090 3396 1156 quod
3427 1091 3495 1142 ab

1921 1165 2022 1218 illis
2053 1167 2317 1222 creandus
2351 1170 2629 1236 episcopus
2662 1171 2751 1225 ille
2774 1183 2940 1238 esset,
2970 1176 3056 1242 qui
3089 1185 3164 1229 tot
3201 1179 3340 1232 mala
3371 1197 3492 1248 pet--

1921 1267 2278 1324 petraverant,
2309 1266 2362 1310 et
2399 1275 2426 1310 a
2457 1259 2647 1327 quibus
2674 1263 2840 1315 creari
2871 1264 3018 1318 nefas
3046 1277 3216 1330 esset;
3267 1277 3320 1320 et
3355 1268 3494 1337 quod

1921 1347 1988 1400 ab
2019 1347 2118 1400 illis
2145 1359 2438 1413 crearetur,
2470 1352 2559 1420 qui
2584 1353 2856 1421 probitatis
2882 1358 3137 1411 rationem
3169 1359 3362 1412 nullam
3398 1361 3492 1415 ha-

1921 1437 2124 1492 berent.
2148 1439 2338 1508 Opera:
2365 1443 2589 1509 pretium
2617 1455 2790 1499 autem
2817 1444 2930 1501 fore
2956 1447 3099 1515 dicit,
3130 1451 3175 1504 si
3198 1450 3496 1508 Moduarius

1920 1529 2053 1583 clam
2083 1539 2137 1583 et
2165 1533 2283 1586 sine
2321 1534 2542 1600 strepitu
2569 1548 2628 1588 se
2656 1538 2938 1592 convenire
2961 1541 3144 1606 possit.

1991 1618 2120 1682 Quis
2158 1619 2376 1689 hujusce
2419 1622 2611 1690 negotii
2648 1625 2818 1678 exitus
2851 1625 3005 1681 fuerit
3039 1643 3253 1697 prorsus
3283 1632 3494 1699 ignora-

1923 1722 2082 1760 mus:
2126 1723 2248 1762 nam
2301 1710 2358 1763 in
2404 1710 2620 1778 epistola
2673 1728 2882 1780 quoque
2918 1716 3022 1770 206
3061 1717 3125 1770 ad
3166 1718 3494 1773 Theodnlum

1923 1797 2204 1852 diaconum
2227 1800 2389 1853 missa
2413 1799 2598 1854 media:
2616 1810 2669 1855 et
2689 1803 2994 1870 asperrima:
3030 1805 3215 1861 hiemis
3239 1818 3338 1861 tem
3348 1825 3493 1877 pore,

1925 1889 2069 1942 illum
2097 1889 2218 1944 huic
2243 1891 2458 1959 negotio
2483 1891 2855 1958 advigilantem
2893 1892 3131 1948 hortatur
3159 1906 3214 1950 ut
3244 1899 3403 1951 Deum
3433 1914 3497 1952 ea

1924 1981 1991 2036 de
2010 1994 2163 2034 causa
2182 1991 2446 2049 precetur,
2476 1989 2529 2034 et
2555 1996 2729 2035 moras
2761 1983 2894 2035 trahi
2921 1995 3086 2038 curet.
3111 1985 3189 2039 Ad
3213 1989 3496 2041 monachos

1925 2070 2149 2126 Gotthos
2194 2073 2247 2125 in
2285 2088 2410 2141 agro
2458 2070 2695 2125 Promoti
2736 2071 2988 2141 degentes
3029 2076 3215 2129 eodem
3263 2088 3499 2145 tempore

1822 2199 1832 2208 .
1925 2161 2203 2230 epistolam
2249 2162 2393 2214 misit
2433 2163 2558 2223 107,
2605 2163 2839 2229 illosque
2894 2163 3076 2218 beatos
3125 2165 3376 2233 pnedicat
3430 2167 3498 2220 ob

1927 2267 2192 2306 aerumnas
2220 2263 2270 2306 et
2293 2254 2568 2307 molestias
2593 2254 2690 2308 sibi
2715 2255 2908 2318 illatas,
2936 2256 3183 2326 additque
3212 2259 3424 2326 praemia
3446 2269 3501 2311 et

1926 2357 2150 2397 coronas
2182 2345 2302 2397 talia
2333 2346 2652 2411 patientibus
2669 2347 2930 2415 apparari.
2958 2347 3034 2401 llli
3064 2363 3188 2402 vero
3206 2364 3364 2402 on‘me
3391 2360 3503 2402 stu-

1925 2433 2070 2487 dium
2118 2435 2454 2501 exhibehant,
2498 2445 2554 2489 ut
2601 2437 2777 2490 nullus
2823 2437 2874 2490 in
2923 2436 3144 2490 ecclesia
3186 2438 3499 2491 Gotthorum

1929 2523 2187 2578 tumultus
2207 2525 2452 2578 oriretur.
2479 2525 2801 2578 llortahatur
2821 2535 2995 2578 autem
3014 2527 3130 2579 illos
3161 2536 3217 2579 ut
3238 2527 3498 2594 negotium

1928 2624 2178 2684 quantum
2208 2624 2451 2684 poterunt
2480 2615 2776 2670 extrahant.
2805 2615 2900 2670 Hic
2925 2617 3064 2672 enim
3099 2631 3309 2690 semper
3333 2617 3505 2690 agitur

1928 2704 1995 2758 de
2018 2705 2138 2757 novi
2165 2704 2397 2773 episcopi
2425 2706 2713 2760 creatione.

2002 2794 2056 2848 ln
2095 2795 2279 2850 eadem
2322 2797 2544 2865 epistola
2573 2798 2777 2850 decima
2823 2811 3008 2870 quarta
3047 2801 3116 2855 de
3142 2801 3340 2856 Hilario
3367 2819 3500 2871 quo-

1929 2885 2048 2940 dam
2075 2891 2326 2962 episcopo
2348 2889 2454 2962 agit
2480 2886 2890 2963 Chrysestomus
2913 2933 2928 2957 ,
2952 2893 3040 2962 qui
3066 2906 3095 2944 a
3120 2907 3179 2946 se
3205 2909 3299 2960 per
3319 2893 3500 2948 literas

1933 2978 2154 3050 petierat
2171 2985 2475 3040 lacultatem
2503 2985 2727 3038 abeundi
2760 2985 2810 3037 in
2832 2985 3096 3038 civitatem
3121 3000 3268 3038 suam
3295 3027 3310 3050 ,
3342 2985 3498 3054 polli-

1932 3073 2067 3125 citus
2087 3114 2101 3136 ,
2133 3074 2440 3142 compositis
2469 3074 2624 3127 rebus
2647 3113 2662 3139 ,
2697 3089 2754 3127 se
2773 3073 2840 3127 ad
2865 3075 3033 3141 ipsum
3065 3074 3498 3144 Chrysostonmm

1933 3177 2268 3216 reversurum
2299 3178 2435 3216 esse.
2487 3163 2616 3229 Quia
2659 3178 2784 3216 vero
2825 3163 2938 3230 ejus
2969 3164 3246 3230 praesentia
3277 3179 3378 3216 non
3405 3180 3500 3232 pa-

1934 3270 2048 3307 rum
2081 3255 2180 3324 ipsi
2207 3255 2351 3308 utilis
2379 3263 2511 3319 erat,
2539 3268 2660 3308 cum
2691 3254 2770 3306 vir
2791 3253 2907 3322 pius
2929 3262 3106 3318 esset,
3135 3255 3501 3322 constantique

1931 3359 1995 3398 ac
2021 3343 2224 3398 fervido
2247 3344 2443 3409 animo,
2473 3359 2592 3397 eum
2613 3341 3020 3412 Chrysostomus
3046 3343 3280 3396 hortatus
3308 3343 3497 3406 fuerat,

1934 3445 1987 3487 ut
2015 3445 2288 3503 postquam
2323 3434 2413 3486 illo
2438 3431 2703 3502 profectus
2739 3431 2955 3496 fuisset,
2986 3432 3160 3485 statim
3191 3432 3257 3486 ad
3283 3447 3341 3487 se
3368 3433 3506 3486 tedi-

1934 3535 2047 3592 ret;
2075 3535 2234 3594 atque
2256 3524 2616 3595 Olympiadem
2644 3533 2794 3594 rogat
2812 3525 2900 3578 det
2927 3539 3165 3593 operam,
3199 3533 3256 3578 ut
3278 3526 3501 3594 epistola

1933 3635 2027 3672 sua
2056 3627 2108 3672 et
2134 3618 2380 3672 celeriter
2400 3625 2453 3671 et
2479 3626 2590 3671 tuto
2621 3617 2716 3685 ipsi
2746 3616 3030 3682 reddatur,
3066 3616 3204 3685 quod
3233 3618 3344 3685 ipse
3369 3633 3498 3688 quo-

1932 3724 2035 3776 que
2063 3708 2288 3770 Hilarius
2313 3708 2657 3776 pet-optabat:
2688 3708 2734 3761 si
2763 3723 2889 3762 vero
2910 3723 3013 3761 non
3045 3708 3176 3762 adsit
3206 3707 3500 3779 Olympiadi

1935 3799 2201 3852 Helladius
2229 3800 2519 3870 presbyter,
2553 3799 2639 3867 qui
2665 3798 2916 3866 epistolas
2937 3814 3058 3852 snas
3087 3798 3289 3863 reddat,
3323 3806 3503 3854 monet

1933 3889 2075 3941 illam
2099 3898 2154 3941 ut
2181 3904 2274 3957 per
2289 3889 2516 3955 aliquem
2538 3888 2850 3958 prudentem
2875 3890 3041 3941 virum
3069 3889 3168 3942 illa:
3192 3889 3496 3943 reddantur.

1931 3980 2062 4032 Cum
2102 3980 2436 4034 'l‘illetnontio
2489 3990 2766 4048 putamus,
2819 3978 2957 4031 hunc
3004 3978 3256 4031 Hilarium
3290 3994 3407 4031 esse
3433 3979 3500 4032 de

1933 4085 2035 4136 quo
2078 4070 2192 4122 haec
2228 4070 2384 4123 verba
2428 4070 2625 4137 profert
2659 4069 2921 4123 Palladius
2952 4067 3194 4138 (Pallad.
3219 4067 3447 4136 Dialog)
3484 4086 3498 4120 :

1933 4159 2198 4223 Hilarius,
2243 4163 2318 4212 vir
2359 4171 2562 4213 sanctus
2595 4170 2642 4213 et
2681 4177 2869 4225 senex,
2918 4161 2968 4212 in
3012 4161 3239 4212 intimum
3283 4160 3499 4212 l’ontum

1932 4248 2107 4320 pulsus
2132 4257 2201 4300 est
2224 4291 2237 4311 ,
2273 4249 2432 4318 plagis
2461 4251 2687 4302 concisus
2707 4291 2719 4311 ,
2754 4267 2851 4303 non
2878 4268 2907 4301 a
2923 4251 3114 4318 judice,
3147 4251 3234 4302 sed
3256 4267 3287 4301 a
3317 4249 3461 4304 Clero
3482 4265 3501 4301 :

1931 4343 2015 4412 qui
2035 4343 2203 4394 decent
2224 4353 2267 4394 et
2294 4351 2403 4392 octo
2421 4342 2600 4393 abhinc
2619 4342 2765 4393 annis
2791 4358 2969 4408 panem
2992 4358 3088 4393 non
3108 4343 3341 4410 gustavit,
3364 4342 3499 4393 olera

1931 4434 2040 4486 sola
2070 4443 2114 4486 et
2139 4436 2446 4501 frumentum
2474 4440 2666 4483 coctum
2685 4430 2853 4481 edens.

2001 4523 2197 4576 Pwanii
2239 4521 2427 4574 laudes.
2456 4547 2529 4560 —-
2571 4517 2856 4587 Epistulam
2901 4518 3022 4570 item
3054 4518 3264 4584 scripsit
3289 4518 3393 4571 204
3432 4517 3496 4572 ad

1933 4615 2198 4668 Patauium
2224 4653 2239 4678 ,
2288 4613 2460 4664 virum
2503 4611 2678 4679 pium,
2726 4609 2824 4662 sibi
2858 4607 3274 4661 addictissimum
3301 4648 3316 4672 ,
3360 4605 3496 4674 atqui

1935 4706 2148 4773 verique
2173 4713 2458 4766 amantem,
2489 4700 2744 4768 dignitate
2775 4706 3134 4767 praestantem,
3157 4697 3246 4766 qui
3278 4697 3498 4750 multum

1933 4792 2390 4859 Constantinopoli
2424 4799 2478 4844 et
2507 4792 2558 4842 in
2588 4789 2813 4857 Imperio
2843 4797 2951 4842 toto
2977 4796 3203 4856 poterat,
3234 4797 3288 4841 et
3316 4797 3498 4855 poten-

1935 4887 2001 4939 tia
2027 4899 2120 4939 sua
2148 4891 2204 4936 ut
2230 4883 2584 4936 Christianum
2611 4880 2833 4934 decebat
2859 4879 3118 4932 utebatur.
3149 4877 3347 4932 Laudat
3375 4893 3500 4930 vero

1933 4975 2078 5028 illum
2103 4991 2132 5026 a
2162 4973 2296 5038 zelo,
2325 4987 2352 5026 a
2377 4972 2638 5041 vigilantia
2663 5012 2678 5036 ,
2717 4970 2786 5023 ab
2811 4970 2972 5022 animi
2999 4968 3286 5032 laboribus,
3315 4985 3343 5021 a
3371 4967 3501 5022 lldu-

1931 5065 2009 5117 cia
2031 5065 2340 5116 etlibertate
2365 5079 2464 5132 qua
2486 5061 2746 5130 epise0pis
2770 5062 3052 5125 restiterat,
3076 5074 3194 5112 cum
3217 5059 3266 5112 id
3293 5069 3498 5127 tempus

1933 5157 2262 5224 requireret,
2296 5154 2501 5207 tametsi
2530 5168 2650 5206 cum
2686 5151 2862 5205 debita
2892 5151 3288 5212 moderatione;
3328 5149 3499 5218 quod-

1931 5260 2032 5312 que
2053 5285 2068 5310 ,
2109 5260 2227 5297 eum
2268 5243 2352 5297 alii
2381 5242 2606 5310 fugerint
2627 5282 2643 5306 ,
2685 5240 2772 5292 alii
2800 5240 3014 5308 relegati
3040 5239 3182 5303 sint,
3223 5239 3331 5306 ipse
3357 5239 3499 5292 solus

1933 5346 2058 5401 stet,
2083 5336 2386 5404 nullumque
2411 5333 2612 5388 ordinis
2632 5333 2955 5386 desertorem
2985 5331 3095 5384 fieri
3117 5331 3272 5395 sinat,
3304 5345 3501 5399 eosque

1933 5427 2130 5491 etiam,
2175 5426 2261 5494 qui
2310 5423 2727 5478 adversariorum
2777 5430 2953 5489 partes
2989 5419 3383 5488 sequebantur,
3429 5420 3494 5470 ad

1934 5531 2055 5570 suas
2084 5517 2212 5569 mira
2242 5515 2500 5568 suavitate
2523 5513 2777 5566 traducat.
2807 5508 2954 5563 lllutn
2979 5523 3108 5563 vero
3136 5509 3254 5562 ideo
3273 5508 3499 5560 maxime

1937 5607 2165 5661 celebrat
2191 5648 2204 5671 ,
2237 5604 2375 5675 quod
2405 5605 2456 5657 in
2488 5617 2593 5658 uno
2629 5599 2945 5655 constitutus
2969 5597 3084 5652 loco
3111 5597 3340 5651 universi
3366 5606 3497 5662 pene

4050 3537 4088 3564 σε

4051 3573 4088 3596 Ἰ

4050 3607 4088 3645 ’ἓ

4052 3635 4088 3674 ς.

4051 3687 4088 3708 σε

4053 3730 4088 3753 li

4057 3969 4088 3994 σε

4039 1795 4088 1958 Ξ

4043 1967 4088 2092 ξ

4044 2107 4088 2272 ἒ

4043 2308 4088 2460 Ξ

4043 2466 4088 2565 τε

4042 2575 4088 2727 ἓ

4042 2755 4088 2905 Ξ

4043 2965 4088 3042 ,ξ

4045 3157 4088 3248 ε

4047 3271 4088 3360 5

4047 3371 4088 3432 :i

4049 3448 4088 3528 τε
