4088 6138
553 241 659 300 259

553 365 816 407 terrarum
837 353 978 406 orbis
998 367 1176 405 curam
1201 361 1364 419 gerat,
1394 350 1688 403 Palaesﬁnac
1714 365 1839 404 vero
1870 365 2114 411 maxime,

553 443 837 498 l’hmniciae
865 451 916 494 et
943 439 1158 494 Ciliciae.
1211 438 1471 506 Additque
1501 439 1806 494 Palaestinos
1831 447 1886 494 et
1911 440 2122 494 Phaeni-

550 547 640 589 ces
661 533 828 587 virum
857 531 924 584 ab
951 530 1268 584 adversariis
1307 532 1527 584 missum
1555 571 1569 596 ,
1600 545 1788 599 nempe
1825 531 2118 596 Arsacium,

553 639 657 677 non
698 622 1012 686 admisisse;
1056 621 1106 674 in
1136 621 1318 675 Cilicia
1349 636 1476 675 vero
1499 622 1776 691 episcopos
1803 622 2118 674 Tarsensem

551 723 604 770 et
634 715 914 785 Egensem
945 729 974 768 a
1020 714 1256 782 partibus
1291 712 1499 767 illorum
1545 723 1686 766 stare
1709 753 1724 777 ,
1760 721 1917 780 atque
1943 720 1998 765 ut
2022 726 2119 764 au-

550 807 718 862 dierat
757 807 872 877 ipse
909 806 977 860 ab
1017 806 1186 859 amico
1230 820 1326 859 suo
1349 846 1363 866 .
1405 806 1654 874 episc0po
1701 805 2116 869 Castabalorum,

551 898 694 968 ipsos
715 913 742 951 a
768 896 1359 964 Constantinopolitanis
1378 896 1492 964 cogi
1523 907 1577 948 ut
1614 897 1818 949 illorum
1861 893 2119 962 iniquitati

555 989 937 1042 assentirentur
961 1025 976 1051 ,
1014 986 1107 1041 sed
1136 986 1344 1038 interim
1375 994 1550 1038 tamen
1577 985 1843 1038 resistere.
1873 983 2122 1036 Hortatur

551 1095 712 1146 porro
751 1079 836 1131 ille
865 1079 1160 1140 Pa-anium,
1189 1085 1244 1128 ttt
1268 1075 1483 1128 multum
1512 1074 1878 1128 sollicitudinis
1907 1085 1957 1127 et
1983 1073 2119 1140 vigi-

554 1168 729 1220 lantia:
767 1167 1045 1230 adhibeat,
1077 1180 1181 1235 quo
1210 1164 1330 1218 huic
1361 1165 1517 1218 etiam
1547 1164 1680 1232 parti
1720 1164 2008 1216 remedium
2038 1163 2117 1214 af-

554 1256 709 1321 ferat,
733 1270 785 1312 et
806 1259 870 1311 ad
890 1257 1262 1310 consobrinum
1284 1269 1433 1308 suum
1456 1253 1792 1307 Theodorum
1813 1254 2117 1322 episc0pum

554 1347 752 1400 scribat
783 1365 795 1400 :
823 1348 912 1416 qui
953 1346 1162 1400 videtur
1206 1359 1325 1399 esse
1367 1343 1677 1398 Theodorus
1723 1344 2119 1412 Mopsucstenus

552 1435 770 1490 Joannis
815 1437 976 1490 nostri
1007 1451 1034 1488 a
1067 1449 1228 1504 puero
1266 1435 1485 1489 amicus.
1530 1433 1859 1488 Pharetrium
1908 1433 2116 1498 deinde,

553 1525 931 1579 Cmsariensem
954 1524 1278 1593 episcopum,
1308 1532 1520 1577 revocat
1540 1523 1591 1576 in
1619 1523 1946 1586 memoriam,
1969 1524 2118 1591 cujus

557 1614 730 1682 iniqua
789 1614 838 1667 in
885 1612 1315 1682 Chrysostomum
1359 1619 1504 1680 gesta
1553 1613 1794 1681 superius
1846 1612 2115 1666 vidimus:

554 1718 671 1772 qua:
699 1714 842 1758 certe
884 1703 1080 1756 nullam
1121 1703 1322 1755 veniam
1354 1701 1708 1754 merebantur.
1739 1702 1808 1755 At
1845 1715 1963 1754 cum
2001 1715 2121 1769 prc-

554 1795 752 1864 shyteri
773 1797 885 1861 ejus
914 1802 966 1846 et
993 1792 1176 1846 Clerus
1192 1791 1363 1845 omnis
1388 1806 1483 1860 pro
1500 1790 1880 1862 Chrysostomo
1895 1799 2115 1854 starent,

554 1900 619 1937 ne
659 1899 758 1951 qua
807 1883 927 1936 hinc
955 1882 1218 1936 dissensio
1245 1882 1508 1944 oriretur,
1554 1881 1820 1935 Patauium
1857 1881 2114 1945 hortatur,

553 1983 609 2024 ut
639 1971 924 2039 prudenter
945 1985 1039 2039 pro
1068 1985 1216 2025 more
1236 1985 1331 2024 suo
1347 1985 1466 2024 cum
1486 1969 1588 2024 illis
1611 1978 1750 2039 agat,
1769 1978 1823 2025 et
1847 1970 2120 2025 Pharetrio

553 2061 712 2122 dicat,
741 2061 998 2116 Joannem
1018 2061 1283 2114 audivisse
1317 2060 1454 2129 quod
1484 2061 1595 2127 ipse
1623 2061 1928 2114 Pharetrius
1954 2062 2118 2114 multo

553 2150 620 2204 de
647 2152 708 2203 iis
733 2166 848 2220 quae
877 2151 1176 2204 acciderant
1199 2150 1380 2203 dolore
1406 2149 1707 2204 afficeretur
1728 2192 1741 2215 ,
1773 2166 1836 2204 ac
1865 2167 1922 2204 se
1967 2166 2117 2218 para-

555 2250 663 2291 tnnt
692 2254 807 2293 esse
830 2239 969 2292 dicat
994 2239 1058 2292 ad
1093 2239 1298 2308 quidvis
1329 2239 1630 2308 patiendum
1656 2280 1670 2300 ,
1713 2249 1768 2293 ut
1797 2255 1856 2294 ea
1887 2256 2002 2308 qua:
2031 2255 2119 2294 ue-

555 2327 686 2382 farie
705 2337 818 2381 acta
845 2327 1050 2382 fuerant
1071 2327 1438 2382 emendentur.
1477 2329 1564 2382 Ait
1591 2328 1816 2398 denique
1841 2344 1899 2383 se
1923 2331 2121 2397 optime

553 2417 730 2470 valere
756 2457 769 2481 ,
817 2432 878 2469 ac
908 2418 1250 2472 vehementer
1270 2427 1452 2487 optare
1477 2427 1533 2472 ut
1553 2419 1667 2487 ejus
1695 2434 1982 2488 congressu
2023 2420 2121 2474 frui

557 2504 742 2572 possit.

623 2593 756 2647 Cum
804 2593 1072 2649 didicisset
1113 2595 1259 2647 illum
1307 2592 1799 2666 Constantinopolin
1852 2615 2119 2654 reversum

555 2700 692 2750 esse,
719 2686 1010 2755 gratulandi
1040 2701 1194 2740 causa
1216 2689 1487 2755 epistolam
1515 2689 1612 2758 ipsi
1636 2690 1776 2744 misit
1797 2691 1930 2756 2'20;
1961 2707 2122 2760 seque

555 2777 682 2831 dicit
718 2777 827 2846 jam
869 2791 970 2831 non
1020 2777 1071 2831 in
1119 2779 1393 2846 peregrina
1437 2781 1650 2850 regione
1678 2783 1877 2835 versari
1915 2790 2119 2850 putare,

557 2869 928 2937 voluptateque
954 2867 1194 2936 perfundi
1219 2910 1234 2935 ,
1281 2885 1385 2923 non
1415 2871 1554 2939 quod
1584 2872 1810 2940 dignitas
1842 2875 1918 2926 illi
1957 2874 2125 2943 major

555 2959 799 3028 obtigerit
830 2977 843 3011 :
871 2957 1174 3028 dignitatem
1195 2959 1336 3013 enim
1363 2960 1477 3030 ejus
1503 2977 1622 3017 esse
1641 2965 1829 3016 animae
1853 2964 2120 3029 virtutem,

555 3065 675 3118 qua:
700 3064 984 3119 numquam
1013 3050 1109 3120 ipsi
1139 3050 1332 3104 auferri
1371 3053 1572 3120 possit;
1605 3068 1765 3122 seque
1803 3054 1922 3109 ideo
1947 3057 2125 3109 exsul-

559 3152 672 3196 tare
699 3141 838 3212 quod
859 3142 975 3212 ejus
1002 3143 1200 3197 reditus
1227 3158 1468 3212 magnam
1503 3144 1689 3199 afferat
1709 3147 2123 3202 consolationem

558 3233 623 3286 iis
649 3233 738 3304 qui
765 3235 1110 3300 vexabantur,
1141 3233 1534 3303 torquebantur,
1555 3234 1605 3288 in
1633 3237 1837 3290 vincula
1879 3238 2126 3305 conjicie-

560 3324 749 3378 bantur
770 3365 784 3387 ,
812 3323 900 3392 qui
920 3322 987 3377 ad
1015 3323 1160 3377 illum
1191 3330 1451 3392 tamquam
1481 3324 1546 3378 ad
1575 3324 1884 3380 latissimum
1919 3337 2126 3394 portum

559 3413 884 3482 confugient.
926 3413 1097 3465 Aliam
1125 3428 1334 3482 quoque
1361 3413 1570 3468 Pteanio
1593 3415 1868 3483 epistolam
1895 3415 1965 3469 93
1989 3416 2124 3470 scri-

559 3504 706 3573 psit,
752 3502 902 3572 cujus
949 3511 1157 3572 tempus
1201 3519 1267 3556 ne
1290 3504 1593 3572 conjectura
1620 3506 1832 3573 quidem
1871 3505 2127 3574 assignari

559 3600 753 3664 potest.
787 3593 918 3646 Cum
945 3601 1118 3646 autem
1148 3591 1433 3646 adversarii
1458 3592 1573 3660 ejus
1602 3595 1829 3647 maxime
1852 3596 2123 3659 saevirent,

558 3687 798 3753 aliosque
824 3683 936 3737 dire
957 3691 1240 3748 vexarent,
1271 3684 1436 3752 magis
1457 3683 1714 3754 lugendus
1741 3700 1858 3738 esse
1878 3685 2007 3739 dicit
2034 3700 2126 3740 eos

558 3778 648 3846 qui
670 3777 802 3829 mala
831 3774 1128 3844 hujusmodi
1161 3774 1443 3840 inferrent,
1473 3790 1628 3844 quam
1659 3777 1746 3845 qui
1775 3785 2082 3844 paterentur
2111 3794 2124 3830 :

565 3868 644 3921 his
669 3867 808 3921 enim
830 3879 1056 3920 coronas
1079 3907 1094 3931 ,
1125 3865 1224 3918 illis
1253 3864 1509 3933 supplicia
1537 3867 1731 3934 parari.
1757 3866 1954 3920 Deinde
1981 3876 2128 3936 rogat

560 3957 627 4012 de
657 3957 954 4011 valetudine
979 3971 1072 4010 sua
1099 3956 1378 4010 certiorem
1409 3972 1466 4009 se
1495 3957 1669 4009 faciat.

632 4048 1014 4118 Chrysostomus
1052 4047 1195 4100 exsul
1215 4048 1377 4117 gregis
1421 4047 1502 4101 sui
1536 4063 1708 4100 curam
1737 4050 1957 4118 gerit.—
1985 4050 2131 4104 Licet

561 4148 734 4193 autem
777 4139 926 4192 exsul
969 4146 1023 4192 et
1064 4136 1516 4206 Constantinopoli
1569 4140 1748 4206 procul
1794 4149 1970 4205 esset,
2024 4157 2126 4194 non

563 4229 821 4283 minorem
852 4236 1024 4282 tamen
1053 4227 1150 4281 sibi
1181 4227 1452 4282 commissi
1477 4230 1648 4297 gregis
1675 4245 1855 4283 curam
1885 4231 2122 4299 gerebat,

563 4316 980 4386 advigilabatque
1025 4325 1080 4371 ut
1123 4317 1413 4388 presbyteri
1458 4327 1512 4371 et
1550 4318 1734 4374 Clerus
1763 4320 1862 4374 sibi
1888 4320 2129 4376 addictus

560 4425 659 4464 suo
689 4410 1030 4480 fungerentur
1065 4410 1259 4466 officio.
1309 4411 1389 4465 Ad
1427 4411 1761 4466 Theodorum
1800 4412 2039 4467 scribens
2064 4413 2130 4466 de

561 4501 874 4573 negligentia
903 4500 1117 4557 Salustii
1155 4502 1447 4573 presbyteri
1485 4504 1726 4572 queritur
1753 4502 1944 4573 (Epist.
1976 4502 2126 4574 2w),

541 4608 717 4664 quem
751 4594 1042 4648 nuntiatum
1074 4593 1172 4647 sibi
1206 4592 1375 4647 fuerat
1401 4595 1483 4647 vix
1523 4595 1754 4664 quinque
1797 4594 2038 4648 homilias
2063 4595 2130 4648 ad

563 4683 804 4739 Octobris
851 4699 1016 4753 usque
1059 4699 1296 4738 mensem
1347 4684 1634 4738 habuisse:
1663 4692 1819 4752 atque
1859 4683 2032 4752 ipsum
2077 4692 2134 4738 et

564 4775 908 4842 TlteOphilum
938 4775 1300 4842 presbyterum
1325 4814 1338 4835 ,
1367 4774 1591 4828 alterum
1617 4791 1680 4828 ex
1711 4767 1917 4844 pigritia
1938 4816 1953 4839 ,
1994 4774 2129 4827 alte-

565 4879 679 4916 rum
721 4877 829 4930 prae
868 4871 1007 4916 metu
1037 4863 1102 4914 ad
1129 4863 1413 4916 Collectam
1453 4879 1556 4916 non
1594 4865 1796 4918 venire.
1847 4865 2130 4919 Salustium

563 4965 692 5004 vero
731 4950 964 5004 maxime
1004 4950 1234 5002 amicum
1278 4963 1428 5002 suum
1477 4961 1534 5004 ut
1573 4953 1915 5007 vehementer
1939 4954 2132 5007 excitet

565 5047 808 5107 precatur
847 5056 860 5091 :
899 5039 950 5090 in
977 5047 1118 5091 tanta
1161 5037 1301 5091 enim
1333 5053 1508 5092 rerum
1550 5049 1861 5109 tempestate
1884 5057 2130 5110 magnam

561 5130 815 5184 exhibere
860 5129 1218 5184 fortitudinem
1245 5139 1300 5184 et
1337 5131 1654 5199 vigilantiam
1696 5143 1941 5201 Oportere
1985 5134 2128 5186 dicit.

567 5220 764 5273 Eadem
791 5219 856 5274 de
879 5234 1036 5275 causa
1062 5219 1128 5274 ad
1155 5219 1504 5289 Theophilum
1532 5221 1896 5291 presbyterum
1929 5223 2130 5290 episto-

569 5311 672 5363 lam
701 5308 806 5364 212
831 5311 1010 5376 misit,
1055 5325 1116 5366 se
1149 5325 1486 5381 summepere
1527 5311 1760 5367 doluisse
1801 5313 2124 5382 significans,

563 5400 702 5471 quod
747 5400 834 5454 ille
861 5409 914 5454 et
941 5401 1202 5455 Salustius
1227 5417 1348 5456 raro
1375 5402 1438 5456 ad
1467 5401 1753 5458 Collectam
1793 5403 2128 5470 accederent,

565 5501 620 5545 ut
643 5490 742 5546 sibi
769 5490 965 5545 dictum
987 5491 1157 5550 fuerat
1185 5509 1198 5544 :
1226 5491 1271 5545 si
1292 5505 1380 5546 res
1402 5508 1555 5548 secus
1576 5509 1634 5547 se
1660 5493 1915 5559 haberet,
1951 5495 2001 5547 id
2031 5494 2129 5549 sibi

565 5585 872 5643 nuntiaret;
915 5583 995 5635 sin
1045 5597 1224 5636 verum
1267 5595 1444 5648 esset,
1478 5583 1845 5654 negligentiam
1871 5585 2128 5640 emenda-

1609 242 1664 296 S.
1705 237 1981 295 JOANNIS
2018 237 2491 295 (.llRYSOSTOMl
2530 239 2709 303 VITA,

3692 242 3784 299 ut)

2232 361 2334 403 ret.
2383 350 2462 403 Ad
2509 350 2791 404 Salustium
2831 351 3021 404 deinde
3059 351 3332 418 epistolam
3363 352 3501 406 misit
3527 353 3669 418 203,
3703 362 3782 414 ubi

2227 442 2409 495 eadem
2442 441 2551 496 fere
2572 443 2781 510 repetit,
2817 442 2984 510 ipsum
3013 457 3204 511 nempe
3232 442 3296 495 ad
3323 442 3607 496 Octobrem
3629 462 3779 516 usque

2227 545 2461 584 mensem
2515 531 2754 584 homilias
2794 532 3022 600 quinque
3067 539 3266 584 tantum
3302 529 3548 586 habuisse
3571 571 3587 597 ,
3617 534 3777 591 Theo-

2229 621 2426 690 philum
2459 637 2584 676 vero
2633 623 2827 675 nullam
2861 639 2873 674 :
2903 635 2970 673 an
2999 622 3048 674 id
3085 637 3266 675 verum
3314 623 3420 685 sit,
3469 622 3571 677 sibi
3603 626 3780 680 indicet

2224 723 2404 781 rogat;
2449 721 2503 765 et
2544 713 2586 766 si
2630 728 2716 766 res
2762 714 2830 764 ita
2875 727 2932 765 se
2973 712 3197 778 habeat,
3245 721 3465 781 uterque
3489 714 3779 782 diligentius

2225 816 2336 854 rem
2367 809 2525 869 agat:
2557 801 2681 863 Quis
2707 801 2835 854 enim
2855 842 2870 866 ,
2901 801 3101 869 inquit,
3133 802 3252 854 illos
3279 803 3420 854 venia
3451 803 3625 871 dignos
3664 821 3776 858 cen-

2224 899 2365 954 seat,
2405 890 2492 959 qui
2524 890 2644 942 dum
2678 891 2767 942 alii
2802 900 3044 943 vexantur
3071 898 3117 943 et
3143 891 3195 942 in
3233 892 3464 944 exsilium
3505 893 3779 958 mittuntur,

2224 995 2378 1048 neque
2399 979 2663 1048 prwsentt'n
2705 995 2859 1047 neque
2898 980 3128 1032 doctrina
3155 996 3248 1032 sua
3291 981 3473 1048 populo
3503 990 3786 1048 tempestate

2214 1069 2408 1136 jactato
2434 1083 2525 1134 pro
2551 1067 2681 1118 virili
2709 1083 2997 1120 succurrere
3013 1067 3256 1121 student?

2293 1157 2371 1210 Ad
2416 1157 2720 1212 Severinam
2766 1166 2821 1212 et
2861 1159 3138 1212 Romulam
3176 1156 3632 1225 Constantinopoli
3673 1173 3784 1214 ver-

2223 1257 2399 1302 santes
2422 1287 2438 1313 ,
2466 1248 2742 1315 epistolam
2780 1247 2922 1301 misit
2945 1247 3052 1302 2-l9
3082 1266 3095 1300 :
3118 1262 3246 1316 quas
3271 1263 3336 1301 ex
3356 1247 3604 1301 diuturno
3631 1248 3786 1300 silen-

2225 1337 2296 1388 tio
2321 1350 2540 1404 carpere
2567 1350 2670 1389 non
2710 1336 2901 1400 audet,
2935 1337 3027 1390 sed
3057 1337 3177 1405 quia
3205 1336 3447 1390 fortassis
3471 1350 3536 1389 ex
3563 1337 3783 1389 tabella-

2223 1427 2418 1478 riorum
2444 1425 2660 1494 penuria
2678 1439 2738 1480 se
2763 1426 3009 1494 epistolas
3031 1427 3238 1479 mittere
3259 1440 3362 1480 non
3389 1440 3546 1494 posse
3574 1425 3789 1479 dictum

2223 1525 2394 1579 erant,
2421 1513 2705 1568 SaluStium
2732 1516 2830 1568 sibi
2860 1515 3142 1568 admodum
3172 1515 3423 1569 dilectum
3451 1513 3668 1580 indicat,
3700 1516 3788 1582 qui

2223 1606 2287 1658 ad
2305 1621 2420 1659 eam
2453 1621 2563 1659 rem
2593 1607 2718 1673 ipsis
2746 1620 2901 1674 opem
2925 1605 3066 1659 ferre
3089 1604 3556 1671 possit.Valentino
3576 1620 3788 1674 quoque

2221 1696 2432 1764 scripsit
2450 1696 2726 1764 epistolam
2751 1696 2856 1749 217
2883 1713 2896 1748 :
2925 1711 3080 1764 quem
3102 1697 3297 1760 laudat,
3317 1697 3454 1764 quod
3479 1696 3542 1748 ad
3576 1696 3790 1750 ferenda

2221 1787 2539 1854 pauperibus
2583 1785 2814 1840 subsidia
2868 1787 2936 1839 sit
2980 1801 3191 1854 semper
3228 1796 3456 1856 paratus.
3502 1787 3638 1854 Quia
3668 1802 3793 1840 vero

2224 1875 2552 1932 Domitianus
2597 1875 2908 1945 presbyter,
2936 1875 3020 1929 cui
3049 1879 3386 1928 commiserat
3420 1875 3658 1929 Joannes
3699 1890 3792 1929 no-

2223 1974 2331 2019 stcr
2353 1975 2409 2017 ut
2435 1965 2707 2018 viduarum
2737 1975 2789 2019 et
2833 1965 3092 2032 virginum
3127 1981 3305 2020 curam
3339 1977 3586 2036 gereret,
3633 1969 3796 2035 signi-

2226 2055 2471 2109 ficaverat
2501 2055 2634 2124 ipsi,
2665 2055 2778 2108 illas
2801 2054 2938 2108 fame
2963 2056 3163 2116 vexari,
3195 2054 3260 2107 ad
3295 2054 3633 2110 Valentinum
3664 2071 3795 2109 con-

2225 2145 2352 2214 fugit
2380 2146 2782 2214 Cltrysostomus
2807 2187 2822 2211 ,
2871 2146 3120 2213 illumque
3164 2147 3409 2199 obsecrat
3434 2157 3486 2200 et
3527 2155 3692 2211 orat,
3743 2156 3801 2200 ut

2227 2235 2520 2288 Domitiano
2540 2235 2728 2288 auxilia
2755 2233 2994 2288 conferat
3019 2276 3034 2300 ,
3064 2234 3316 2304 additque
3342 2251 3425 2300 ea,
3454 2251 3579 2304 quas
3609 2236 3662 2288 in
3695 2246 3799 2288 tant

2223 2325 2366 2394 gravi
2399 2334 2706 2393 tempestate
2729 2340 2790 2380 ac
2818 2326 3044 2394 procella
3072 2338 3357 2395 erogantur
3375 2366 3390 2389 ,
3439 2325 3632 2394 majori
3662 2339 3804 2378 mer-

2224 2415 2355 2470 cede
2379 2415 2584 2469 donari.
2627 2416 2877 2470 Pret-atur
2922 2417 3080 2470 etiam
3119 2425 3176 2469 ut
3201 2416 3265 2469 ad
3291 2431 3350 2470 se
3377 2415 3575 2469 scribat
3601 2455 3616 2478 ,
3662 2413 3804 2483 quod

2227 2506 2350 2560 huic
2395 2505 2636 2574 petitioni
2677 2508 2939 2561 annuerit.
2986 2506 3348 2577 Chrysostomi
3399 2505 3653 2574 precibus
3703 2519 3802 2557 an-

2225 2598 2402 2652 nuisse
2431 2596 2637 2652 videtur
2663 2597 2967 2652 Valentinus
2996 2614 3011 2652 :
3041 2613 3158 2651 nam
3182 2598 3232 2650 in
3257 2597 3476 2666 epistola
3506 2597 3576 2650 41
3609 2637 3623 2658 ,
3659 2604 3810 2665 post-

2225 2703 2381 2757 quam
2411 2689 2614 2743 dixerat
2639 2705 2697 2743 se
2720 2688 2857 2744 hanc
2885 2690 3090 2744 tertiam
3108 2690 3383 2758 epistolam
3405 2689 3645 2752 misisse,
3679 2701 3802 2741 cum

2228 2780 2341 2848 ipse
2370 2780 2564 2833 nullam
2607 2795 2637 2834 a
2659 2779 2940 2835 Valentino
2963 2781 3259 2849 acceperit,
3298 2779 3510 2848 adjicit,
3545 2793 3611 2834 se
3641 2776 3811 2847 probe

2225 2872 2361 2924 scire
2385 2885 2540 2937 eum,
2573 2871 2663 2940 qui
2705 2870 2886 2925 literas
2923 2885 3048 2925 suas
3075 2870 3276 2935 attulit,
3322 2885 3442 2924 cum
3487 2869 3706 2923 honore
3742 2867 3812 2920 ab

2227 2964 2316 3017 illo
2344 2972 2620 3031 exceptum
2649 2963 2830 3025 fuisse,
2855 2973 2908 3017 et
2933 2964 2984 3016 in
3013 2962 3078 3016 iis
3103 2962 3279 3025 rebus,
3305 2976 3423 3030 quae
3449 2974 3618 3028 opem
3645 2961 3816 3028 ipsius

2228 3055 2604 3126 requirebant,
2636 3071 2752 3124 qua:
2777 3069 2992 3109 suarum
3016 3055 3242 3122 partium
3267 3062 3418 3106 erant
3443 3049 3772 3119 prmstitisse
3797 3066 3814 3102 :

2227 3145 2295 3199 de
2322 3153 2517 3199 caetero
2545 3145 2787 3200 obsecrat
2810 3155 2861 3198 et
2890 3145 3123 3212 pluribus
3146 3151 3388 3212 precatur
3416 3149 3474 3193 ut
3494 3140 3693 3195 literas
3713 3138 3819 3193 sibi

2228 3235 2438 3289 mittere
2463 3249 2566 3288 non
2587 3234 2814 3288 desinat.
2857 3233 2988 3287 Cum
3019 3247 3176 3301 porro
3211 3231 3520 3286 Valentinus
3550 3230 3606 3284 in
3637 3229 3817 3283 hono—

2230 3325 2304 3380 ris
2351 3325 2569 3394 gradum
2617 3325 2920 3394 quempiam
2966 3332 3182 3378 evectus
3227 3322 3449 3386 fuisset,
3499 3335 3694 3390 neque
3764 3318 3819 3373 id

2228 3416 2609 3483 (Ihrysostomo
2651 3430 2744 3484 per
2783 3415 2964 3468 literas
3009 3415 3335 3476 nuntiasset,
3377 3412 3672 3481 epistolam
3716 3411 3822 3478 ipsi

2231 3511 2334 3565 H6
2366 3507 2596 3576 scripsit,
2636 3517 2792 3576 atque
2817 3506 3082 3575 redarguit
3105 3505 3283 3569 illum,
3317 3502 3454 3572 quod
3483 3517 3607 3557 rem
3641 3511 3826 3556 tanto-

2230 3618 2357 3672 pere
2384 3601 2484 3655 sibi
2516 3609 2718 3670 gratam
2762 3598 2829 3651 ab
2856 3598 2974 3651 aliis
3007 3597 3214 3651 discere
3253 3610 3438 3664 passus
3481 3595 3597 3660 sit,
3641 3607 3827 3662 neque

2230 3692 2329 3747 sibi
2379 3691 2670 3760 scripserit.
2722 3688 2912 3742 Veram
2953 3685 3166 3756 quidem
3192 3685 3500 3753 dignitatem
3535 3697 3669 3738 esse
3691 3681 3831 3735 dicit

2230 3785 2418 3838 anima:
2453 3783 2698 3836 virtutem
2721 3821 2734 3846 ,
2767 3779 2860 3833 sed
2887 3779 3007 3848 quia
3042 3778 3155 3847 ipse
3185 3775 3363 3829 mundi
3406 3773 3724 3827 honoribus
3758 3771 3828 3824 ad

2231 3874 2504 3927 utilitatem
2533 3871 2673 3924 illius
2712 3870 2786 3922 uti
2831 3868 3126 3932 didicerat,
3171 3880 3274 3934 quo
3315 3863 3592 3933 potentior
3618 3861 3826 3926 evasit,

2232 3980 2294 4020 eo
2319 3965 2472 4018 latior
2495 3972 2678 4032 portus
2702 3961 2977 4031 egentibus
2999 3958 3278 4012 efficietur.

2303 4055 2572 4125 Philippus
2612 4063 2665 4107 et
2709 4051 3025 4120 Eutltymius
3071 4047 3364 4116 presbyteri
3409 4045 3619 4100 scholis
3668 4045 3827 4099 Conv

2231 4145 2564 4214 stantinopoli
2595 4152 2887 4212 prmerant;
2914 4155 3139 4209 cumque
3167 4155 3226 4194 ea
3251 4180 3266 4203 ,
3303 4153 3404 4207 qua
3432 4137 3678 4192 decebat
3703 4175 3720 4200 ,
3750 4137 3839 4190 di-

2230 4238 2384 4292 cendi
2413 4237 2656 4289 libertate
2684 4233 2762 4287 usi
2795 4233 3048 4296 fuissent,
3092 4244 3160 4284 ex
3207 4227 3402 4282 scholis
3438 4227 3606 4295 ejecti
3643 4225 3833 4280 fuere.

2231 4328 2636 4398 Chrysostomus
2677 4340 2802 4379 vero
2844 4322 3092 4392 epistolas
3135 4321 3346 4389 scripsit
3381 4318 3490 4372 215
3533 4319 3840 4387 Philippo,

2230 4417 2335 4470 218
2380 4416 2682 4485 Euthymio.
2738 4414 3034 4481 Philippum
3079 4425 3207 4464 vero
3252 4408 3457 4477 arguit,
3507 4407 3671 4476 quod
3726 4407 3840 4460 sibi

2234 4508 2410 4561 literas
2445 4521 2549 4558 non
2593 4505 2826 4568 miserit;
2871 4512 3146 4570 utrumque
3173 4502 3476 4554 consolatur
3497 4540 3511 4562 ,
3567 4497 3728 4552 hanc
3752 4498 3846 4567 ja-

2231 4604 2433 4650 cturam
2486 4594 2666 4648 dicens
2711 4595 2760 4645 iu
2813 4592 3073 4646 mercedis
3117 4591 3291 4644 locum
3342 4588 3516 4641 haberi
3581 4587 3846 4642 debere.

2234 4685 2492 4738 Plurimas
2520 4697 2648 4737 vero
2675 4681 2808 4734 alias
2832 4679 3046 4746 scripsit
3073 4678 3324 4746 epistolas
3351 4676 3414 4728 ad
3457 4675 3852 4745 presbyteros

2232 4779 2484 4834 Severum
2514 4775 2638 4834 10!,
2672 4774 2919 4827 Acacium
2945 4771 3071 4834 208,
3098 4769 3461 4825 Sebastianum
3485 4763 3636 4828 214,
3668 4765 3856 4820 Pela-

2232 4873 2373 4938 gium
2407 4869 2512 4922 215
2531 4907 2547 4932 ,
2575 4865 2907 4919 salutationis
2936 4871 3136 4916 tantum
3166 4870 3220 4914 et
3242 4859 3485 4912 amicitia:
3507 4857 3690 4924 signa
3725 4873 3857 4928 pra:

2234 4975 2291 5012 se
2334 4958 2600 5020 ferentes;
2653 4970 2824 5022 neque
2881 4953 3076 5021 percipi
3127 4956 3300 5016 potest
3350 4948 3498 5011 cuius
3553 4945 3857 5000 Ecclesia:

2235 5048 2523 5116 presbyteri
2541 5055 2733 5098 essent.
2755 5040 3072 5112 Symmacho
3089 5047 3264 5093 autem
3283 5036 3614 5105 presbytero
3631 5035 3854 5104 tEpt'sl.

2233 5136 2324 5205 45)
2349 5175 2364 5200 ,
2389 5135 2476 5203 qui
2507 5135 2662 5203 longo
2691 5131 2968 5185 intervallo
2994 5145 3025 5183 a
3053 5144 3112 5183 se
3145 5128 3410 5192 distabat,
3456 5132 3508 5178 et
3559 5126 3862 5178 aerumnis

2235 5226 2636 5297 Opprimebalur
2660 5265 2672 5288 ,
2718 5223 2832 5278 haec
2875 5221 3251 5276 consolationis
3289 5219 3449 5272 verba
3486 5213 3644 5268 dicit
3681 5234 3697 5270 :
3727 5215 3863 5270 Non

2236 5332 2426 5370 novum
2449 5326 2503 5370 et
2529 5322 2912 5384 praeposterum
2939 5326 3058 5366 esse
3081 5351 3094 5372 ,
3133 5310 3177 5362 si
3214 5310 3258 5361 is
3279 5309 3368 5375 qui
3399 5315 3719 5373 angustum
3753 5305 3869 5360 iter

2237 5415 2379 5459 tenet
2409 5413 2694 5472 prematur,
2721 5403 2812 5456 sed
2843 5403 2943 5455 iter
2973 5399 3272 5467 hujusmodi
3301 5395 3368 5450 ad
3392 5407 3673 5456 coronas,
3709 5409 3870 5463 prc-

2236 5497 2338 5549 mia
2363 5504 2414 5549 et
2439 5504 2636 5548 aeterna
2659 5492 2794 5546 bona
2821 5491 3036 5545 ducere.

2309 5583 2625 5654 Olympiadis
2668 5582 2824 5634 animi
2866 5580 3095 5648 ﬁrmitas.
3123 5607 3192 5616 —
3235 5575 3506 5645 Olympias
3535 5612 3554 5634 ,
3625 5594 3777 5648 qua
3808 5583 3890 5636 de
