4088 6138
350 211 447 266 9M

350 320 616 385 inccndio,
644 328 700 373 ut
722 320 830 390 jam
859 319 1052 373 dictum
1086 319 1213 385 fuit,
1247 317 1621 383 accusabatur,
1650 316 1717 370 ab
1744 316 1919 369 inimi-

351 412 428 464 cis
469 408 834 479 Chrysostomi
877 408 1008 462 diris
1050 408 1398 463 exercebatur
1445 407 1720 464 molestiis.
1767 405 1922 459 Minas

352 513 490 566 stupe
539 498 936 551 intentabantur
967 514 980 549 :
1008 497 1074 550 de
1116 512 1274 565 opum
1309 497 1512 566 jactura
1543 538 1558 562 ,
1606 495 1674 550 de
1715 495 1917 559 exsilio,

355 591 459 640 imo
486 587 554 641 de
587 596 757 641 morte
785 587 1054 654 agebatur.
1084 587 1276 641 Verum
1307 587 1394 640 illa
1417 585 1782 656 Chrysostomi
1810 600 1925 638 mo-

355 677 476 730 nitis
503 685 557 731 et
586 677 756 731 literis
785 678 1028 731 roborata
1048 718 1062 742 ,
1089 676 1204 730 haec
1230 677 1407 730 omnia
1439 676 1720 748 tranquillo
1745 675 1923 729 animo

353 765 586 829 ferebat,
619 775 672 820 et
701 766 955 834 majorem
982 767 1035 820 in
1061 766 1173 821 dies
1209 766 1372 820 animi
1406 765 1707 820 firmitatem
1733 780 1916 820 conse-

351 855 628 926 quebatur.
647 855 815 923 Quam
839 872 952 910 rem
977 873 1096 911 cum
1118 858 1465 934 comperisset
1487 855 1919 928 Chrysostomus,

353 945 633 1014 epistolam
662 945 732 998 illi
755 945 898 998 misit
929 945 1185 1000 decimam
1217 946 1492 1016 septimam
1515 986 1529 1010 ,
1561 946 1647 1000 ubi
1681 945 1922 1000 luculen-

356 1047 434 1092 ter
472 1046 670 1091 tantam
715 1037 876 1091 animi
922 1038 1271 1091 constantiam
1297 1079 1311 1101 ,
1363 1037 1417 1090 in
1450 1037 1690 1091 adversis
1732 1036 1921 1090 alacri-

357 1134 516 1182 tatem
541 1169 557 1192 ,
599 1127 666 1180 ad
709 1127 886 1181 omnia
922 1126 1036 1181 dira
1062 1127 1390 1197 adversaque
1419 1136 1654 1196 paratam
1681 1126 1924 1181 laudibus

353 1219 608 1274 celebrat.

424 1308 675 1364 Pentadia
704 1323 914 1378 quoque
943 1308 1127 1364 iisdem
1153 1309 1302 1379 queis
1331 1309 1599 1382 Olympias
1625 1353 1639 1377 ,
1680 1311 1787 1366 imo
1815 1311 1926 1365 for-

356 1407 494 1452 tasse
538 1397 828 1466 majoribus
866 1399 1103 1468 exposita
1146 1402 1396 1454 aerumnis
1419 1442 1433 1464 ,
1478 1401 1688 1457 fortiter
1725 1402 1842 1456 illas
1871 1411 1924 1456 et

355 1490 739 1557 imperturbalo
786 1490 964 1543 animo
1002 1490 1240 1558 ferebat,
1290 1500 1346 1546 ut
1387 1493 1578 1562 legitur
1606 1494 1656 1547 in
1695 1493 1922 1562 epistola

353 1576 420 1631 94
450 1595 464 1630 :
490 1580 642 1646 einjus
684 1577 770 1633 hic
807 1580 1045 1647 quaedam
1083 1580 1349 1636 afferenda
1388 1582 1633 1638 videntur
1668 1583 1922 1647 :Ecquod

355 1666 650 1720 insidiarum
677 1678 724 1721 et
762 1669 1106 1723 machinarum
1144 1687 1300 1740 genus
1342 1674 1762 1741 prater-miserunt

354 1758 420 1812 In
445 1761 610 1827 forum
639 1769 712 1824 te,
760 1775 874 1829 qua;
911 1771 1092 1829 praeter
1119 1763 1376 1817 ecclesiam
1400 1773 1444 1817 et
1472 1764 1753 1819 cubiculum
1795 1766 1924 1820 nihil

355 1865 524 1910 noras,
558 1858 943 1920 pertraxerunt;
970 1868 1001 1904 a
1027 1853 1141 1921 fora
1166 1853 1233 1905 ad
1257 1853 1528 1907 tribunalia
1548 1896 1563 1920 ,
1597 1871 1627 1907 a
1657 1842 1924 1909 tribunali-

355 1942 443 1994 bus
472 1941 540 1992 ad
566 1957 836 1996 carcerem.
885 1940 1154 1996 Falsorum
1191 1945 1386 1998 testium
1417 1946 1614 2016 linguas
1656 1957 1917 2013 acuerunt,

352 2031 690 2098 impudentem
715 2033 1019 2086 calumniam
1054 2036 1414 2088 concinnarunt
1434 2078 1449 2102 ,
1481 2039 1640 2090 cardes
1667 2047 1923 2107 perpetra-

349 2131 489 2185 runt,
522 2122 714 2175 cruoris
741 2132 979 2177 torrentes
1011 2125 1339 2193 profuderunt
1363 2168 1377 2191 ,
1406 2127 1508 2196 igni
1529 2143 1586 2179 ac
1615 2128 1748 2195 ferro
1767 2129 1920 2198 juve-

353 2226 469 2263 num
503 2227 717 2278 corpora
741 2223 1153 2284 consumpserunt
1176 2255 1189 2278 ,
1220 2217 1391 2270 multis
1427 2233 1488 2269 ac
1518 2217 1774 2288 prteclaris
1803 2218 1920 2270 viris

351 2303 637 2356 innumeras
666 2303 842 2374 plagas
867 2313 912 2357 et
937 2307 1185 2359 cruciatus
1211 2307 1522 2374 intulerunt,
1555 2309 1750 2362 nullum
1779 2309 1921 2362 deni-

351 2407 442 2459 que
468 2391 686 2460 lapidem
711 2409 809 2446 non
835 2404 1110 2460 moverunt,
1140 2413 1236 2464 quo
1262 2405 1308 2449 te
1333 2407 1462 2450 metu
1488 2399 1800 2468 perterritam
1825 2399 1922 2452 huc

351 2481 625 2551 adigerent,
648 2492 702 2536 ut
722 2484 783 2536 iis
803 2501 912 2553 quae
929 2485 1125 2540 videras
1145 2489 1399 2542 contraria
1425 2489 1634 2542 diceres.
1675 2490 1738 2541 At
1760 2499 1812 2542 tu
1841 2491 1920 2543 in-

350 2581 454 2624 star
477 2572 658 2641 aquin
695 2572 906 2627 sublime
939 2575 1168 2642 volantis,
1215 2594 1384 2631 eorum
1420 2579 1603 2633 retibus
1623 2580 1818 2649 fractis,
1851 2580 1918 2632 ad

350 2661 589 2713 libertatis
610 2663 868 2732 fastigium
891 2664 1058 2717 virtuti
1081 2674 1180 2720 tuae
1195 2676 1582 2720 consentaneum
1608 2667 1879 2721 ascendisti
1897 2683 1916 2722 .'

347 2751 418 2805 sic
441 2760 488 2805 te
505 2768 806 2822 comparans
833 2795 846 2818 ,
878 2764 932 2810 ut
952 2755 1014 2808 ab
1037 2757 1160 2824 ipsis
1189 2757 1392 2810 minime
1413 2758 1918 2822 circumscribereris;

346 2842 446 2895 imo
489 2843 638 2894 etiam
663 2883 677 2907 ,
721 2848 966 2911 quantum
992 2846 1060 2898 ad
1085 2846 1237 2916 hujus
1264 2848 1482 2900 incendii
1511 2848 1697 2902 crimen
1734 2849 1918 2902 attine-

346 2930 450 2998 bat,
473 2932 622 3000 cujus
647 2934 847 2986 nomine
866 2936 1032 2988 miseri
1051 2946 1196 3006 atque
1218 2937 1438 3007 infelices
1458 2938 1681 2992 homines
1700 2940 1919 2992 maxime

347 3020 725 3090 gloriabantur,
773 3038 856 3076 eos
889 3024 1154 3080 calumnia:
1195 3027 1527 3081 convinceres.
1573 3028 1662 3083 Sic
1690 3027 1833 3082 iliam
1862 3030 1914 3082 in

349 3117 452 3162 tota
484 3110 707 3178 epistola
737 3111 976 3167 laudibus
1005 3113 1256 3169 celebrat.

416 3199 472 3253 In
516 3201 680 3255 altera
718 3218 961 3273 quoque,
993 3221 1149 3274 quam
1178 3207 1242 3260 ad
1274 3208 1437 3276 ipsam
1463 3207 1643 3273 misit,
1693 3209 1913 3276 epistola

349 3287 450 3342 104
480 3289 624 3343 illam
666 3291 885 3358 perinde
913 3295 1170 3348 encomiis
1203 3304 1442 3350 exornat.
1488 3295 1747 3361 Quoniam
1788 3312 1914 3352 vero

346 3381 584 3436 audierat
615 3382 757 3436 illam
782 3383 849 3438 de
871 3383 1110 3440 discessu
1134 3387 1202 3440 ab
1226 3387 1356 3442 urbe
1394 3388 1628 3458 cogitare
1652 3429 1667 3454 ,
1705 3388 1772 3441 ab
1803 3388 1912 3457 ipsa

347 3473 474 3543 petit
517 3488 586 3528 ne
629 3473 697 3529 de
731 3490 790 3530 re
835 3476 1137 3546 huiusmodi
1180 3477 1411 3547 cogitare
1458 3487 1686 3549 pergat:
1717 3480 1910 3549 primo,

345 3564 484 3632 quod
515 3565 820 3621 concivibus
845 3567 1134 3621 subsidium
1169 3577 1388 3625 essetet
1420 3570 1795 3625 adminiculum
1827 3571 1911 3635 iis,

345 3656 430 3724 qui
471 3655 523 3708 in
562 3656 834 3711 laboribus
873 3659 1254 3724 versabantur;
1300 3660 1567 3727 secundo,
1618 3661 1758 3731 quod
1788 3661 1912 3715 anni

348 3753 558 3814 tempus
590 3746 643 3800 id
684 3746 858 3802 facere
887 3763 991 3802 non
1019 3751 1383 3818 permitteret:
1415 3767 1534 3807 cum
1564 3754 1704 3808 enim
1740 3752 1907 3809 imbe-

346 3835 561 3890 cillitate
608 3839 852 3907 corporis
915 3840 1218 3908 laboraret,
1261 3841 1450 3897 hiemis
1493 3851 1732 3912 tempore
1768 3853 1821 3899 et
1859 3845 1910 3898 in

347 3933 486 3980 tanta
516 3929 565 3980 vi
594 3929 801 3998 frigoris
834 3930 1020 3999 pedem
1051 3947 1264 3986 movere
1294 3949 1396 3986 non
1417 3933 1664 3988 debebat.

415 4016 800 4088 Chrysostomus
845 4021 898 4073 in
937 4021 1161 4074 morbum
1203 4021 1400 4078 incidit.
1527 4023 1704 4079 Hiems
1734 4033 1908 4078 autem

346 4107 436 4162 illa
466 4110 678 4178 gravior
705 4109 871 4181 (Anno
894 4111 1019 4181 405)
1039 4153 1054 4176 ,
1083 4127 1240 4181 quam
1270 4113 1473 4167 solebat
1511 4112 1607 4167 fuit
1629 4154 1643 4179 ,
1691 4125 1747 4168 ut
1785 4114 1915 4169 dicit

347 4197 457 4267 ipse
501 4198 912 4270 Chrysostomus
949 4216 1034 4270 ep.
1069 4201 1103 4256 6
1128 4203 1193 4256 ad
1227 4201 1612 4274 Clympiadem.
1666 4204 1914 4274 Ingrave-

345 4299 526 4343 scente
570 4299 744 4344 autem
785 4291 976 4361 frigore
1015 4293 1066 4346 in
1111 4294 1354 4348 morbum
1385 4294 1474 4349 ille
1503 4292 1716 4362 incidit,
1762 4296 1831 4351 ita
1859 4306 1915 4351 ut

345 4379 408 4431 ad
441 4392 619 4448 portas
657 4397 822 4450 usque
863 4384 1048 4436 mortis
1073 4425 1086 4449 ,
1124 4385 1325 4454 inquit,
1368 4387 1688 4452 accesserit,
1732 4402 1793 4441 ac
1821 4401 1916 4456 per

347 4471 478 4526 duos
504 4487 714 4526 menses
744 4475 794 4526 in
822 4475 960 4528 lecto
981 4475 1290 4530 decubuerit
1313 4519 1329 4544 ,
1359 4479 1619 4533 stomachi
1650 4486 1704 4533 et
1727 4479 1913 4548 capitis

347 4561 617 4618 doloribus
636 4606 651 4630 ,
680 4564 982 4632 vomitibus,
1017 4567 1292 4620 insomniis
1317 4569 1647 4621 excruciatus
1681 4587 1692 4622 :
1721 4577 1913 4623 cartcra

348 4663 521 4706 autem
551 4653 876 4722 a-gritudinis
903 4655 1236 4709 incommoda
1263 4656 1500 4724 pluribus
1527 4656 1615 4710 ille
1642 4657 1910 4712 describit.

350 4741 443 4798 Ubi
487 4754 665 4799 autem
707 4760 804 4799 ver
843 4745 1095 4812 advenit,
1146 4747 1472 4815 mutatioque
1514 4747 1654 4801 aeris
1679 4787 1692 4808 ,
1738 4748 1915 4800 omnia

350 4845 534 4902 sponte
560 4834 766 4903 dilapsa
797 4845 918 4890 sunt
943 4852 958 4900 ;
990 4836 1061 4890 ita
1091 4847 1264 4890 tamen
1305 4844 1362 4890 ut
1399 4849 1586 4906 magna
1615 4836 1711 4905 ipsi
1741 4835 1915 4891 adhuc

351 4925 398 4977 in
427 4926 594 4979 victus
618 4926 821 4981 ratione
839 4940 964 4980 cura
989 4942 1122 4996 opus
1142 4936 1302 4983 esset.
1329 4927 1612 4997 Postquam
1634 4926 1748 4981 haec
1762 4926 1912 4992 dixit,

350 5013 412 5067 ad
439 5015 800 5085 Olympiadem
832 5031 1130 5071 sermonem
1174 5018 1470 5082 convertit,
1511 5032 1668 5087 quam
1718 5017 1915 5085 ingenti

349 5108 541 5161 amoris
568 5117 622 5162 et
664 5108 899 5162 caritatis
941 5107 1131 5163 affectu
1159 5124 1219 5164 se
1245 5110 1490 5178 prosequi
1520 5108 1774 5163 declarat.
1827 5107 1914 5161 Illa

351 5211 473 5251 vero
493 5213 704 5269 quoque
719 5200 863 5268 gravi
889 5201 1076 5255 morbo
1094 5215 1366 5270 oppressa,
1392 5201 1444 5254 in
1469 5209 1761 5255 extremum
1790 5199 1914 5254 vita:

353 5289 638 5354 periculum
696 5299 948 5354 venerat;
1001 5289 1098 5344 sed
1146 5305 1265 5345 eum
1319 5289 1732 5359 Chrysostomns
1778 5289 1916 5342 hanc

351 5376 422 5430 illi
453 5378 728 5448 epistolam
765 5379 1016 5448 scripsit,
1061 5379 1340 5435 commoda
1380 5379 1680 5434 valetudine
1707 5377 1915 5433 frueba-

350 5472 453 5520 tur.
483 5466 653 5536 Ipsam
681 5482 839 5536 porro
863 5469 1084 5523 summis
1113 5469 1356 5523 laudibus
1381 5467 1606 5532 extollit,
1638 5466 1777 5537 quod
1809 5481 1912 5520 non

351 5553 512 5608 modo
538 5571 625 5611 res
657 5567 760 5613 tam
793 5559 1042 5614 adversas
1075 5558 1193 5615 forti
1219 5569 1271 5616 et
1296 5559 1558 5615 constanti
1601 5558 1779 5614 animo
1809 5557 1910 5612 fer-

1530 205 1616 262 ]
1625 205 1707 260 NC
1749 201 2006 258 PRIMUM
2047 201 2431 257 ADORNATA.

3489 203 3594 258 2.52

2028 323 2107 368 ret
2130 355 2143 377 ,
2175 314 2268 367 sed
2303 330 2393 368 cas
2439 316 2596 369 etiam
2637 329 2734 383 pro
2772 315 2938 372 nihilo
2977 325 3220 385 putaret,
3267 315 3499 384 aliosque
3527 319 3593 373 ad

2027 404 2170 473 paria
2196 405 2482 458 certamina
2517 414 2766 470 acueret,
2795 414 2848 459 et
2872 404 3262 474 philosophiam
3289 407 3432 460 omni
3463 417 3594 462 tem-

2027 499 2232 559 pestate
2253 493 2581 562 superiorem
2601 493 2792 564 adepta
2821 502 2980 549 esset.

2099 580 2415 652 Olympiadis
2433 585 2586 638 virtus
2609 595 2657 638 et
2682 585 2834 638 animi
2860 584 3092 653 rmitas.
3109 585 3326 640 HuIc
3351 587 3594 655 epistolas

2027 672 2424 738 responsionem
2469 674 2724 728 modestia
2775 675 2981 742 plenam
3031 675 3176 729 misit
3207 676 3499 747 Olympias,
3532 693 3596 733 se

2026 777 2131 817 non
2182 773 2437 832 troptenm
2481 766 2717 820 erexisse
2765 767 2985 832 dicens,
3027 782 3134 820 non
3186 767 3458 822 victoriam
3512 786 3598 825 re-

2027 853 2248 918 tulisse?
2277 871 2374 910 nec
2421 871 2669 911 coronam
2714 859 2956 928 adeptam
3005 874 3142 914 esse.
3172 860 3400 928 Reponit
3436 861 3597 932 Chry-

2025 956 2293 998 sostomus
2360 946 2411 999 in
2475 947 2699 1014 epistola
2751 948 3012 1016 septima,
3067 957 3235 1002 totum
3291 949 3472 1003 orbem
3543 950 3597 1002 id

2026 1034 2325 1100 affirmare,
2371 1037 2510 1106 quod
2536 1038 2662 1106 ,ipse
2703 1039 2755 1091 in
2797 1038 3017 1106 epistola
3057 1039 3331 1107 superiore
3368 1039 3594 1102 dixerat,

2026 1135 2080 1180 et
2125 1125 2320 1196 ubique
2371 1136 2628 1182 terrarum
2685 1130 2933 1198 prreclara
2963 1127 3290 1199 Olympiadis
3327 1140 3473 1199 gesta
3503 1131 3598 1185 de-

2025 1217 2257 1281 cantari;
2289 1217 2410 1271 licet
2439 1218 2580 1272 enim
2610 1233 2716 1271 uno
2747 1219 2796 1272 in
2841 1217 2958 1273 loco
2987 1232 3075 1271 res
3101 1227 3217 1272 acta
3250 1218 3438 1284 fuerit,
3477 1235 3593 1274 eam

2027 1313 2203 1360 tamen
2261 1307 2326 1360 ad
2382 1307 2636 1361 terminos
2688 1307 2832 1362 orbis
2883 1310 3200 1377 pervasisse.
3244 1308 3412 1378 Ipsam
3468 1323 3598 1363 vero

2025 1399 2209 1453 merita
2265 1409 2318 1453 et
2376 1401 2576 1469 palmas
2623 1402 2888 1455 auctiores
2942 1400 3236 1454 reddidisse
3293 1416 3356 1455 ex
3411 1401 3594 1456 mode-

2024 1489 2124 1545 stia
2150 1504 2243 1543 sua
2273 1498 2326 1543 et
2349 1490 2508 1544 animi
2535 1490 2878 1546 demissione.
2902 1491 3092 1546 Narrat
3119 1491 3310 1546 deinde
3333 1492 3598 1560 quomodo

2025 1579 2192 1646 patria
2223 1580 2462 1649 expulsa,
2491 1582 2670 1646 domo,
2702 1583 2887 1636 amicis
2915 1591 2967 1636 et
2991 1583 3228 1653 cognatis
3255 1584 3468 1646 relictis,
3497 1585 3595 1636 alia

2023 1670 2199 1736 gravia
2231 1681 2582 1738 exspectaret,
2608 1673 2701 1727 Dei
2724 1682 2899 1727 tamen
2922 1689 3132 1742 semper
3155 1674 3377 1743 gloriam
3410 1675 3599 1742 praedi-

2024 1760 2244 1814 caverit.
2275 1761 2496 1815 Demum
2522 1762 2650 1818 dicit
2687 1764 2866 1833 pejore
2893 1764 2947 1818 in
2978 1764 3279 1818 conditione
3321 1779 3415 1819 eos
3446 1780 3597 1830 esse,

2024 1853 2112 1923 qui
2156 1861 2298 1908 tanta
2328 1856 2465 1908 mala
2497 1855 2766 1919 inferunt,
2799 1871 2954 1926 quam
2979 1871 3072 1911 eos
3101 1858 3187 1926 qui
3220 1857 3305 1910 illa
3333 1873 3450 1911 cum
3480 1873 3598 1927 gra-

2024 1943 2216 1998 tiarum
2260 1946 2468 2000 actione
2495 1947 2795 2016 patiuntur;
2829 1947 2939 2001 imo
2967 1962 3093 2002 vero
3123 1948 3174 2000 hi
3201 1948 3410 2002 coronis
3435 1948 3596 2002 desti-

2025 2043 2237 2098 nantur,
2263 2035 2472 2104 illisque
2498 2037 2755 2105 supplicia
2786 2045 3038 2106 parantur
3063 2055 3076 2091 :
3109 2036 3266 2105 idque
3293 2046 3600 2092 sanctorum

2024 2123 2268 2192 exemplo
2317 2125 2486 2192 palam
2536 2124 2714 2180 facere
2756 2126 2964 2194 satagit.
2997 2126 3136 2180 Inter
3178 2126 3314 2179 mala
3341 2126 3422 2180 illa
3450 2127 3599 2194 ponit

2023 2213 2340 2267 calumniam
2364 2255 2378 2279 ,
2421 2213 2488 2268 de
2516 2230 2616 2285 qua
2650 2215 2856 2269 beatam
2884 2216 3247 2285 Olympiadem
3275 2216 3340 2270 ad
3371 2216 3595 2271 tribunal

2023 2301 2301 2356 adductam
2334 2305 2719 2369 incursaverant,
2747 2303 2888 2373 quod
2921 2304 3160 2358 videlicet
3181 2304 3295 2373 ejus
3319 2319 3480 2375 opera
3505 2320 3600 2359 ecv

2021 2391 2181 2445 clesia
2207 2392 2418 2446 incensa
2451 2391 2650 2447 fuisset.

2097 2480 2357 2551 Olympias
2383 2480 2817 2554 Constantinapoli
2860 2484 3007 2553 pulsa
3054 2483 3406 2556 fuit.-Hinc
3431 2484 3595 2555 liquet

2023 2573 2159 2626 hanc
2183 2573 2457 2642 epistolam
2481 2575 2735 2640 scriptam
2767 2575 2928 2628 fuisse
2950 2617 2966 2640 ,
3005 2587 3282 2644 postquam
3323 2573 3596 2645 Olympias

2019 2662 2473 2732 Constantinopoli
2503 2664 2650 2733 pulsa
2678 2673 2732 2718 et
2757 2665 2807 2718 in
2836 2665 3076 2718 exsilium
3106 2663 3264 2719 missa
3291 2664 3476 2718 fuerat.
3497 2663 3596 2720 So-

2020 2768 2273 2809 zomenus
2317 2769 2445 2809 vero
2485 2754 2614 2809 dicit
2661 2753 2908 2828 (Sozam.
2941 2755 2976 2807 .
3007 2755 3059 2808 8.
3117 2772 3162 2808 c.
3193 2754 3284 2827 24)
3339 2754 3593 2824 Optatum

2019 2841 2331 2898 Praefectum
2359 2845 2473 2898 auri
2503 2859 2705 2898 summa
2744 2844 2885 2897 illam
2917 2845 3280 2908 mulctavisse,
3321 2845 3593 2914 ipsamque

2021 2929 2478 3002 Constantinopoli
2511 2935 2689 2987 relicta
2720 2932 2966 3004 Cyzicum
2997 2933 3408 3002 commigrasse;
3437 2935 3588 3003 quasi

2021 3022 2107 3076 illa
2127 3032 2316 3090 sponte
2337 3037 2429 3076 sua
2451 3021 2941 3091 Constantinopolin
2964 3022 3250 3091 reliquerit.
3270 3021 3467 3076 Verum
3489 3023 3592 3077 fide

2018 3110 2229 3180 dignior
2251 3109 2664 3182 Chrysostomus
2691 3120 2773 3166 est
2792 3153 2807 3177 ,
2836 3112 2925 3180 qui
2951 3110 3078 3164 dicit
3109 3111 3274 3179 ipsam
3301 3112 3507 3180 pulsam
3537 3122 3589 3167 et

2019 3203 2071 3257 in
2097 3203 2336 3257 exsilium
2370 3203 2582 3257 missam
2611 3201 2802 3266 fuisse,
2844 3201 3003 3271 idque
3045 3201 3237 3271 repetit
3279 3202 3331 3255 in
3370 3202 3588 3268 epistola

2017 3292 2221 3348 decima
2247 3301 2394 3347 sexta
2419 3311 2432 3347 :
2459 3293 2597 3359 Quid
2621 3293 2750 3347 enim
2779 3302 2880 3357 est,
2913 3291 3107 3362 inquit,
3138 3292 3334 3344 civitate
3366 3291 3513 3360 pelli,
3541 3304 3590 3346 et

2017 3397 2080 3435 ea:
2119 3382 2233 3436 aliis
2278 3383 2400 3436 locis
2439 3383 2489 3435 in
2531 3383 2635 3436 alia
2674 3382 2883 3437 subinde
2922 3383 3172 3452 migrare,
3201 3391 3346 3450 atque
3373 3383 3592 3449 undique

2017 3472 2260 3541 exagitari
2289 3483 2334 3525 et
2363 3471 2602 3542 proscribi
2622 3481 2668 3525 et
2697 3471 2764 3524 ad
2793 3470 3061 3524 tribunalia
3101 3471 3229 3524 trahi
3263 3480 3308 3523 et
3345 3487 3376 3524 a
3410 3471 3588 3524 militi-

2017 3561 2106 3616 bus
2131 3565 2343 3632 raptari,
2371 3573 2517 3633 atque
2543 3562 2604 3616 ab
2631 3565 2692 3616 iis
2710 3605 2725 3626 ,
2753 3564 2840 3632 qui
2868 3563 3110 3617 sexcentis
3136 3563 3387 3629 beneciis
3423 3563 3589 3632 affecti

2017 3653 2235 3721 fuerant,
2266 3654 2517 3717 contraria
2546 3669 2676 3706 nunc
2702 3654 2912 3723 perpeti,
2937 3669 2996 3705 ac
3021 3662 3124 3706 tum
3154 3670 3184 3705 a
3211 3653 3415 3724 famulis
3435 3695 3449 3720 ,
3480 3663 3586 3707 tum

2016 3757 2048 3794 a
2075 3741 2240 3795 liberis
2263 3742 2450 3807 vexari,
2478 3759 2590 3795 cum
2615 3743 2792 3795 horum
2821 3743 3079 3812 prtemium
3109 3743 3286 3796 calum
3311 3743 3396 3808 sit,
3428 3754 3473 3796 et
3494 3760 3590 3813 pu-

2016 3833 2218 3888 rissima
2243 3833 2333 3887 illa
2358 3835 2506 3900 bona,
2538 3850 2650 3905 qua
2675 3851 2765 3888 nec
2786 3835 2945 3889 verbis
2969 3836 3084 3889 ullis
3113 3837 3354 3903 explicari
3378 3847 3585 3908 queunt,

2017 3940 2105 3979 nec
2147 3925 2299 3994 nem
2340 3928 2554 3994 habent,
2598 3942 2768 3980 verunt
2813 3926 3143 3979 immortalem
3186 3926 3402 3994 fructum
3441 3935 3591 3995 atque

2017 4015 2389 4070 oblectationem
2427 4016 2685 4086 praebent?
2721 4015 2810 4070 Sic
2839 4016 3018 4085 paucis
3061 4015 3151 4070 ille
3188 4015 3364 4070 verbis
3408 4025 3587 4069 narrat

2017 4113 2210 4174 quanta
2240 4114 2292 4159 et
2319 4122 2474 4175 quam
2501 4107 2611 4160 dira
2641 4121 2793 4176 passa
2827 4108 2895 4160 sit
2919 4106 3187 4177 Olympias
3207 4147 3222 4170 ,
3251 4106 3408 4160 etiam
3438 4116 3587 4174 post-

2017 4210 2174 4266 quam
2198 4196 2654 4265 Constantinopoli
2700 4197 2846 4265 pulsa
2885 4196 3076 4251 fuerat.
3108 4195 3232 4250 Haec
3268 4195 3367 4250 sibi
3397 4209 3584 4252 succe-

2016 4285 2194 4341 dentia
2220 4285 2356 4339 mala
2380 4284 2742 4355 Olympiadem
2782 4286 2834 4339 in
2871 4287 3174 4340 maestitiam
3204 4286 3542 4355 conjecerant
3567 4302 3582 4339 :

2018 4384 2338 4444 quapropter
2363 4374 2493 4428 nihil
2518 4390 2623 4428 non
2651 4376 2756 4444 agit
2783 4375 3214 4444 Chrysostomus,
3245 4385 3303 4428 ut
3327 4377 3469 4430 illam
3491 4393 3586 4445 spe

2017 4464 2307 4518 futurorum
2329 4463 2609 4528 bonorum,
2632 4479 2749 4532 quae
2770 4463 3030 4531 ejusmodi
3051 4464 3316 4519 continuis
3335 4468 3588 4524 arumnis

2017 4556 2236 4610 mirifice
2256 4554 2493 4624 augenda
2517 4562 2688 4619 erant,
2717 4552 2783 4608 ad
2803 4554 2980 4608 omnia
3001 4554 3281 4623 patienter,
3312 4555 3416 4609 imo
3443 4562 3588 4609 tran-

2018 4647 2176 4718 quille
2204 4646 2420 4702 ferenda
2449 4646 2679 4701 inducat.

2091 4737 2390 4802 Anthemio,
2423 4737 2511 4806 qui
2539 4735 2726 4791 consul
2757 4734 2861 4791 hoc
2883 4749 3022 4790 anno
3045 4734 3149 4790 405
3171 4734 3269 4790 elei.
3285 4743 3370 4789 tus
3391 4732 3584 4800 fuerat,

2018 4845 2079 4884 ac
2105 4840 2357 4899 praeterea
2386 4828 2670 4882 Prii-fectus
2704 4827 2946 4882 Prmtorii
2982 4836 3125 4892 erat,
3167 4827 3443 4897 epistolam
3480 4827 3586 4882 H7

2019 4920 2221 4982 scribit,
2252 4935 2351 4988 qua
2381 4919 2478 4987 ipsi
2513 4927 2570 4972 ut
2599 4919 2770 4972 amico
2793 4916 3102 4988 gratulatur,
3133 4916 3298 4988 magis
3322 4917 3391 4971 ob
3417 4917 3584 4972 virtu-

2021 5023 2148 5076 tem,
2167 5024 2322 5078 quam
2341 5008 2408 5063 ob
2424 5023 2613 5062 novam
2632 5007 2963 5079 dignitatem.
2980 5009 3312 5085 Quapropter
3337 5006 3402 5062 iis
3425 5009 3584 5065 etiam

2017 5103 2328 5172 gratulatur,
2369 5101 2457 5170 qui
2501 5101 2692 5170 injuste
2736 5100 3086 5167 laedebantur;
3119 5101 3398 5169 imperium
3441 5102 3585 5156 enim

2019 5194 2132 5261 ejus
2156 5206 2490 5246 communem
2519 5206 2702 5245 eorum
2729 5192 2820 5260 qui
2848 5191 3037 5260 injuria
3064 5190 3431 5246 efficiebantur
3458 5206 3582 5260 por-

2021 5295 2127 5336 tum
2157 5283 2266 5337 fore
2293 5281 2527 5351 putabat.

2087 5373 2265 5426 Primo
2289 5387 2414 5427 vere
2436 5371 2853 5442 Chrysostomus
2887 5370 3238 5426 valetudinem
3276 5387 3412 5441 pene
3451 5374 3586 5428 inte

2018 5480 2163 5534 grain
2194 5464 2542 5534 recuperavit.
2571 5462 2764 5518 Verum
2787 5462 2968 5526 Isauri,
2994 5463 3084 5532 qui
3102 5466 3330 5523 hiberno
3349 5478 3593 5535 tempore

2019 5555 2084 5610 ad
2112 5554 2226 5614 loca
2251 5569 2346 5610 sua
2368 5554 2590 5613 reversi.
2613 5553 2679 5610 ab
2705 5553 3101 5610 incursionibus
3126 5555 3464 5611 destiterant,
3495 5551 3576 5603 in-
