4088 6138
397 264 503 321 243

366 397 555 440 ‘eunte
605 401 747 448 vere,
795 402 884 455 per
923 400 1109 439 omnes
1148 385 1256 437 vias
1274 383 1424 438 effusi
1454 393 1608 446 sunt;
1633 382 1701 435 ita
1724 391 1780 434 ut
1799 381 1959 434 etiam

398 477 651 546 ingenuas
677 484 941 531 matronas
967 484 1248 544 caperent,
1288 484 1343 528 et
1378 473 1519 528 viros
1538 514 1553 538 ,
1584 474 1668 542 qui
1701 474 1754 527 in
1779 487 1964 527 eorum

398 584 585 625 manus
639 565 968 631 inciderant,
1022 564 1416 619 obtruncarent.
1457 565 1792 632 Quapmpter
1842 576 1963 614 cum

395 658 569 715 aditus
609 670 795 710 omnes
835 655 1103 709 interclusi
1143 663 1355 719 essent,
1390 654 1664 709 Theodoto
1707 652 1961 718 diacono,

395 749 477 802 cui
504 746 779 817 epistolam
807 745 907 801 MO
933 746 1150 809 scribit,
1180 753 1237 799 et
1264 761 1423 814 supra
1458 752 1745 799 memorata
1776 759 1965 798 recen-

393 847 494 902 set,
523 847 580 890 ut
604 837 702 890 sibi
732 837 965 906 ignoscat
991 837 1138 904 petit,
1170 835 1308 906 quod
1340 851 1402 891 ea
1431 836 1498 890 de
1524 850 1682 889 causa
1720 849 1823 886 non
1853 833 1963 887 fre-

395 936 618 996 quenter
660 926 737 981 illi
786 927 1077 996 scripserit.
1133 928 1263 980 Cum
1310 940 1435 980 vero
1481 927 1642 979 sciret
1696 924 1838 977 illum
1896 922 1963 977 de

394 1017 693 1073 valetudine
735 1032 827 1071 sua
871 1018 1152 1073 certiorem
1200 1017 1312 1073 fieri
1360 1032 1583 1085 cupere.
1623 1016 1750 1070 dicit
1790 1016 1866 1069 illi
1906 1030 1964 1070 se

392 1106 664 1178 superiore
690 1106 878 1178 hyeme
903 1108 1045 1177 gravi
1087 1108 1272 1162 morbo
1299 1115 1584 1176 aegrotasse
1603 1146 1619 1171 ,
1665 1119 1804 1158 nunc
1836 1120 1963 1158 vero

394 1200 659 1270 paululum
691 1209 987 1254 recreatum
1018 1215 1170 1265 esse;
1199 1199 1294 1254 sed
1323 1215 1384 1253 ex
1426 1200 1565 1254 aeris
1610 1198 1959 1252 inconstantia

395 1305 535 1344 nunc
573 1304 783 1359 quoque
829 1290 1153 1358 perturbari,
1180 1290 1447 1359 etiamque
1477 1298 1603 1343 tunc
1626 1288 1802 1342 denuo
1831 1286 1962 1357 bye-

393 1392 531 1433 mem
558 1379 770 1446 vigere;
802 1393 1018 1446 sperare
1049 1388 1245 1445 tamen,
1273 1393 1393 1434 cum
1423 1386 1580 1431 aestas
1605 1375 1877 1437 effulserit,
1904 1390 1963 1429 se

393 1468 562 1523 morbi
589 1467 840 1537 reliquias
864 1468 1224 1538 depositurum
1245 1482 1383 1523 esse.
1414 1467 1575 1521 Addit
1597 1480 1790 1534 corpus
1806 1479 1958 1519 suum

394 1560 535 1614 nulla
566 1575 624 1615 re
651 1574 802 1627 aeque
833 1559 1158 1625 labefactari,
1191 1571 1248 1612 ut
1273 1558 1489 1628 frigore,
1522 1572 1620 1612 nec
1646 1571 1826 1609 rursus
1857 1555 1959 1608 ulla

391 1663 450 1704 re
474 1664 623 1718 aeque
644 1648 839 1718 juvari,
869 1659 924 1702 ut
954 1657 1138 1704 testate
1166 1658 1221 1704 et
1248 1648 1443 1703 caloris
1467 1647 1677 1701 solatio.

460 1738 685 1805 Eodem,
714 1751 771 1792 ut
793 1748 1023 1807 putatur,
1051 1754 1191 1792 anno
1225 1739 1426 1792 aestatis
1454 1745 1693 1805 tempore
1714 1734 1960 1788 Theodo-

391 1822 475 1882 tus
497 1828 748 1899 diaconus
767 1828 1202 1897 Chrysostomum
1227 1829 1491 1883 invisurus
1506 1827 1767 1881 Cucusum
1785 1827 1955 1881 venit:

389 1932 452 1972 ac
499 1927 617 1986 post
657 1916 945 1972 discessum
992 1918 1115 1972 inde
1159 1933 1335 1982 suum,
1381 1932 1537 1988 quem
1579 1917 1802 1971 moleste
1844 1916 1962 1970 tulit

388 2008 619 2062 Joannes
646 2016 849 2073 noster,
880 2008 970 2062 diu
1000 2008 1164 2064 tacuit
1204 2009 1322 2072 ille,
1357 2023 1455 2063 nec
1481 2007 1862 2077 Cltrysostomo
1893 2007 1959 2059 li-

391 2110 532 2153 teras
563 2098 727 2152 misit.
760 2098 873 2167 Qua
903 2098 971 2153 de
998 2115 1156 2154 causa
1188 2100 1278 2153 ille
1305 2099 1581 2168 epistolam
1616 2098 1685 2154 59
1713 2097 1954 2167 scripsit,

386 2204 486 2259 qua
509 2198 709 2243 tantum
737 2189 851 2259 ejus
880 2190 1147 2244 silentium
1171 2191 1342 2244 amico
1371 2190 1549 2243 animo
1573 2189 1765 2257 carpit,
1788 2202 1959 2257 neque

386 2293 544 2349 posse
584 2280 729 2333 illum
770 2280 851 2333 sui
888 2280 1173 2334 excusandi
1217 2295 1372 2335 causa
1415 2279 1714 2333 Isaurorum
1757 2287 1956 2332 metum

385 2372 676 2427 obtendere
700 2413 714 2436 ,
744 2371 1167 2441 quandoquidem
1195 2371 1344 2425 multi
1377 2379 1551 2436 erant,
1579 2370 1669 2439 qui
1700 2377 1824 2438 post
1850 2369 1958 2421 dis-

385 2477 595 2517 cessum
622 2463 740 2530 ejus
764 2463 1027 2518 Cucusum
1058 2469 1332 2518 venerant.

454 2552 746 2621 Epistolam
781 2552 881 2608 158
919 2554 984 2606 ad
1030 2553 1315 2621 Elpidium,
1345 2552 1652 2621 episcopum
1695 2549 1953 2604 Laodice-

385 2659 534 2707 num,
561 2645 747 2698 eodem
774 2644 989 2698 circiter
1011 2652 1247 2710 tempore
1272 2642 1550 2710 scripsisse
1576 2640 1804 2696 videtur.
1828 2641 1956 2694 Erat

385 2733 473 2788 ille
498 2734 737 2787 sincerus
777 2734 1014 2794 amicus,
1046 2741 1100 2786 et
1136 2740 1311 2787 tamen
1340 2746 1398 2787 se
1427 2747 1548 2786 raro
1579 2732 1651 2785 illi
1679 2731 1955 2799 scripsisse

384 2825 576 2878 fatetur
605 2842 617 2876 :
647 2838 832 2878 verum
862 2832 916 2877 et
941 2824 1064 2877 anni
1095 2831 1380 2891 tempestas
1405 2832 1458 2876 et
1482 2820 1714 2876 solitudo
1743 2821 1865 2884 loci,
1900 2821 1950 2874 in

381 2932 486 2985 quo
529 2916 725 2970 arctius
768 2931 922 2984 quam
967 2915 1018 2968 in
1061 2931 1273 2970 carcere
1312 2917 1544 2971 inclusus
1575 2916 1869 2979 tenebatur,
1897 2924 1953 2969 et

379 3022 563 3060 eorum
593 3012 679 3074 qui
710 3021 768 3059 se
792 3005 1000 3059 adirent
1044 3006 1390 3075 infrequentia
1413 3049 1426 3070 ,
1467 3024 1601 3078 quos
1628 3020 1801 3066 tamen
1843 3030 1948 3067 non

378 3111 565 3151 omnes
592 3097 691 3151 sibi
721 3096 853 3150 fidos
877 3111 996 3151 esse
1026 3097 1270 3165 putabat,
1320 3113 1384 3153 ac
1420 3098 1652 3169 denique
1694 3103 1910 3158 morbus
1930 3145 1946 3168 ,

378 3185 465 3253 qui
507 3185 653 3240 illum
699 3201 792 3255 per
837 3195 999 3240 totam
1043 3185 1153 3242 fere
1193 3187 1438 3259 hyemem
1486 3190 1623 3244 lecto
1665 3191 1944 3247 aftixerat:

379 3279 492 3332 haec
518 3278 716 3341 omnia,
748 3278 950 3349 inquit,
979 3294 1037 3334 se
1063 3296 1129 3334 ne
1157 3280 1332 3348 plures
1360 3282 1618 3337 scriberet
1647 3283 1826 3339 literas
1851 3302 1946 3339 co-

379 3369 676 3434 bibuerant,
698 3383 860 3439 seque
890 3379 1062 3425 tamen
1086 3371 1511 3439 frequentissime
1535 3374 1682 3428 illum
1700 3387 1758 3429 ut
1783 3376 1944 3431 fidum

378 3459 605 3512 amicum
627 3459 676 3511 in
703 3460 883 3513 animo
908 3474 1140 3515 versare.

451 3547 643 3602 Eadem
670 3548 882 3602 circiter
911 3557 1223 3618 tempestate
1247 3550 1492 3607 Anatolio
1519 3556 1731 3622 scripsit
1749 3556 1946 3623 episto-

379 3637 481 3690 lam
513 3635 639 3692 205.
665 3628 799 3691 Erat
820 3636 908 3691 ille
936 3639 1211 3692 Anatolius
1252 3643 1542 3705 eparchicus
1565 3683 1579 3702 .
1627 3644 1675 3697 id
1724 3654 1842 3708 est,
1888 3655 1946 3699 ut

377 3738 525 3798 puto,
557 3727 937 3797 Exprterectus‘;
966 3729 1055 3797 qui
1084 3740 1358 3799 postquam
1395 3731 1626 3787 Joannes
1669 3745 1851 3789 noster
1890 3739 1942 3791 in

374 3817 619 3870 exsilium
647 3817 831 3885 pulsus
852 3816 1040 3881 fuerat,
1074 3819 1233 3873 multa
1267 3820 1317 3872 in
1346 3821 1459 3891 ejus
1482 3825 1704 3891 gratiam
1739 3825 1944 3882 dixerat

376 3908 693 3979 feceratque.
721 3910 807 3963 Ait
836 3924 965 3964 vero
991 3928 1071 3977 se,
1096 3927 1163 3967 ne
1191 3912 1287 3981 ipsi
1318 3912 1607 3979 scriberet,
1638 3916 1789 3984 longa
1818 3932 1941 3970 cor-

374 4000 516 4068 poris
530 4000 838 4069 tegritudine
858 4000 1127 4055 detentum
1151 4001 1331 4062 fuisse,
1350 4003 1416 4055 ab
1437 4001 1633 4071 illoque
1654 4005 1782 4072 petit
1799 4016 1853 4058 ut
1874 4007 1941 4062 de

371 4104 465 4143 sua
495 4105 815 4160 suorumque
843 4092 1142 4146 valetudine
1169 4107 1227 4146 se
1256 4093 1424 4146 literis
1450 4096 1728 4147 certiorem
1763 4097 1936 4151 faciat.

438 4177 816 4248 Cltrysostomus
840 4181 1158 4236 Amice/teni;
1188 4184 1376 4236 scribit.
1394 4184 1612 4238 —-Cum
1649 4187 1933 4241 Antioche.

370 4272 450 4324 nis
499 4270 726 4324 maxime
772 4270 1037 4325 literarum
1087 4288 1301 4342 semper
1344 4278 1664 4330 consortium
1722 4277 1933 4343 habuit,

367 4372 424 4415 et
466 4376 584 4414 cum
625 4359 780 4415 Clero
820 4361 1054 4431 ejusdem
1096 4364 1338 4420 civitatis.
1384 4364 1549 4421 Erant
1594 4378 1769 4422 autem
1820 4371 1937 4425 istic

365 4460 591 4519 quatuor
621 4436 926 4522 presbyteri
974 4453 1074 4506 sibi
1123 4454 1466 4510 addictissimi
1504 4466 1662 4525 atque
1705 4458 1934 4512 amicitia

365 4551 541 4595 nmtua
571 4543 1009 4612 conjunctissimi,
1043 4562 1231 4616 nempe
1261 4548 1475 4610 Castus,
1511 4547 1743 4601 Valerius
1764 4591 1779 4614 ,
1811 4549 1934 4602 Dio.

364 4632 589 4700 phantns
632 4645 685 4688 et
727 4634 979 4705 Cyriacus
1006 4654 1016 4688 :
1048 4636 1131 4690 his
1158 4653 1285 4692 vero
1313 4638 1414 4693 hoc
1438 4641 1651 4693 circiter
1698 4650 1935 4709 tempore.

360 4724 637 4793 epistolam
670 4727 883 4793 scripsit
910 4728 1031 4782 150.
1055 4728 1275 4783 Orditur
1300 4738 1475 4786 autem
1505 4731 1706 4791 dicens,
1738 4732 1931 4786 carita-

366 4816 430 4871 tis
457 4814 664 4869 vincula
689 4816 952 4870 creditore
989 4819 1175 4884 quovis
1204 4818 1604 4875 vehementiora
1643 4810 1932 4875 esse.'(2re-

358 4906 498 4960 ditor
537 4907 678 4959 enim
723 4916 996 4974 postquam
1042 4905 1247 4962 debitas
1280 4909 1379 4962 sibi
1422 4911 1671 4977 pecunias
1710 4913 1928 4980 recepit,

362 4993 489 5049 nihil
520 4994 654 5047 ultra
687 4994 1056 5062 requirendum
1089 4994 1320 5061 habere,
1348 4999 1439 5051 sed
1478 4998 1649 5054 debita
1695 5001 1930 5055 caritatis

358 5093 635 5155 postquam
677 5085 847 5137 soluta
896 5093 1050 5148 sunt,
1089 5085 1272 5139 eadem
1305 5102 1552 5153 manere,
1586 5090 1692 5143 imo
1719 5105 1930 5160 semper

356 5189 680 5230 accrescere.
712 5175 844 5240 Quia
870 5190 999 5230 vero
1027 5176 1100 5229 illi
1128 5175 1194 5230 de
1220 5176 1382 5245 ipsius
1408 5179 1708 5234 valetudine
1730 5183 1927 5234 certio-

358 5283 440 5321 res
462 5266 573 5322 fieri
604 5269 973 5338 peroptabant,
996 5270 1067 5323 ait
1090 5270 1177 5324 ille
1198 5284 1257 5325 se
1281 5270 1538 5325 stomachi
1569 5272 1925 5328 imbecillitate

356 5360 630 5413 tiberatum
658 5374 806 5426 esse,
838 5371 997 5432 atque
1025 5362 1231 5425 valere,
1263 5377 1362 5417 nec
1384 5362 1679 5425 obsidione,
1719 5378 1815 5418 nec
1851 5365 1925 5418 la-

358 5462 566 5505 tronutn
597 5452 1002 5517 incursionibus,
1031 5468 1128 5508 nec
1157 5453 1257 5507 loci
1283 5454 1587 5517 solitudine,
1614 5468 1711 5509 nec
1730 5453 1920 5509 adver-

354 5542 431 5597 sis
451 5541 662 5598 casibus
686 5542 988 5599 conturbari
1008 5586 1024 5608 .
1051 5544 1143 5600 sed
1171 5545 1280 5600 otio
1298 5586 1313 5607 ,
1344 5547 1626 5601 securitate
1655 5560 1717 5601 ac
1745 5547 1921 5617 quiete

354 5636 482 5700 frui,
508 5648 572 5689 ac
594 5634 822 5707 singulis
842 5636 1029 5693 diebus
1052 5638 1118 5696 de
1144 5638 1350 5695 illorum
1379 5650 1518 5695 statu
1543 5655 1722 5696 curam
1755 5640 1917 5695 habe-

1452 267 1508 321 S.
1549 263 1825 320 JOANNIS
1850 262 2315 321 CHRYSOSTOMI
2355 266 2529 333 VITA,

3544 278 3646 334 1“

2076 394 2151 437 re.
2180 396 2244 435 ac
2270 397 2389 463 cum
2420 383 2482 437 iis
2505 384 2592 452 qui
2623 385 2940 439 accedebant
2979 387 3045 440 de
3083 388 3240 443 rebus
3267 389 3331 443 ad
3360 391 3502 461 ipsos
3527 410 3646 463 spe~

2070 469 2334 548 ctantibus
2356 472 2615 541 colloquia
2643 475 2884 528 miseere.

2140 559 2266 615 Hmc
2292 563 2512 630 epistola
2541 565 2657 618 aliis
2688 565 3077 635 circumpositis
3099 567 3305 637 longior
3326 581 3425 625 est.
3450 572 3645 628 \‘ernm

2069 651 2226 705 aliam
2246 653 2380 707 hanc
2395 653 2687 723 lengiorem
2710 656 2836 724 ipsis
2854 657 3016 722 misit,
3042 657 3129 711 ubi
3156 659 3320 713 multa
3342 672 3557 716 enarrat
3574 663 3644 719 dc

2072 744 2417 798 tentationum
2446 754 2499 799 et
2522 744 2901 802 adversitatum
2931 748 3099 803 fructu
3125 767 3139 801 :
3167 752 3242 804 ait
3269 767 3397 806 vero
3418 768 3497 819 se,
3525 754 3647 810 licet

2070 832 2305 899 epistola:
2335 833 2529 890 limites
2571 838 2864 891 excessisse
2905 838 3166 902 videatur,
3207 853 3424 911 sperare
3464 852 3643 898 tamen

2071 920 2213 989 ipsos
2240 922 2460 978 vinculis
2481 927 2677 981 amoris
2700 927 3004 993 obstrictos,
3032 929 3327 985 breviorem
3360 931 3498 985 illam
3524 948 3643 993 esse

2070 1020 2340 1077 putaturos
2370 1028 2505 1068 esse.
2535 1014 2641 1068 Res
2666 1029 2731 1069 ex
2752 1024 2874 1069 voto
2894 1015 3276 1087 Chrysostomo
3294 1021 3453 1074 cessit
3480 1038 3494 1073 :
3526 1022 3644 1077 lono

2067 1114 2185 1167 gam
2216 1101 2356 1156 enim
2397 1103 2536 1157 illam
2565 1105 2841 1172 epistolam
2871 1106 3085 1161 brevem
3130 1108 3230 1163 sibi
3270 1110 3436 1163 visam
3480 1112 3644 1168 fuisse

2067 1190 2345 1257 dixerunt,
2377 1202 2432 1247 ut
2455 1195 2505 1248 in
2535 1196 2755 1263 epistola
2794 1196 2866 1250 22
2901 1197 2966 1250 ad
3011 1199 3153 1264 ipsos
3180 1200 3340 1253 missa
3375 1211 3638 1256 narratur.

2070 1280 2141 1333 Ea
2166 1282 2308 1334 enim
2338 1293 2420 1337 est
2447 1284 2527 1337 vis
2553 1285 2816 1351 caritatis,
2856 1286 3023 1355 inquit
3052 1288 3139 1342 ille
3158 1330 3172 1353 ,
3207 1304 3325 1357 quae
3350 1305 3637 1360 numquam

2065 1371 2265 1438 expleri
2295 1374 2483 1441 possit,
2511 1375 2579 1428 ita
2611 1385 2666 1428 ut
2690 1377 2734 1429 si
2764 1376 2989 1445 decuplo
3013 1377 3221 1447 longior
3248 1379 3473 1448 epistola
3502 1379 3639 1435 fuis-

2066 1472 2144 1517 set
2167 1505 2182 1528 ,
2207 1464 2384 1519 brevis
2412 1473 2586 1521 tanten
2615 1469 2724 1521 visa
2755 1466 2941 1522 fuisset
2969 1469 3288 1524 amantibus.
3312 1471 3437 1525 Ha‘c
3460 1482 3637 1527 autem

2066 1551 2156 1607 ille
2197 1554 2436 1624 pluribus
2469 1559 2824 1626 persequitur.
2856 1558 3116 1625 Quoniam
3161 1574 3286 1614 vero
3313 1560 3410 1628 ipsi
3441 1560 3639 1615 hortati

2067 1644 2207 1697 illum
2237 1645 2444 1701 fuerant
2491 1657 2550 1702 ut
2598 1649 2867 1709 Romano,
2912 1650 3220 1720 presbytero
3266 1653 3635 1720 Antiocheno,

2064 1735 2409 1788 sanctimonia
2439 1745 2493 1789 et
2520 1751 2724 1791 morum
2754 1737 3012 1792 suavitate
3051 1738 3273 1807 insigni,
3303 1739 3481 1795 literas
3507 1742 3637 1795 mit-

2066 1831 2199 1878 teret
2223 1842 2235 1876 :
2260 1839 2463 1880 morem
2487 1826 2615 1896 ipsis
2628 1842 2837 1896 gerens,
2857 1829 3133 1897 epistolam
3157 1830 3226 1883 23
3243 1830 3307 1884 ad
3335 1830 3634 1886 Romanum

2065 1918 2432 1989 presbyterum
2463 1919 2636 1983 misit,
2665 1933 2821 1989 quem
2862 1930 2920 1973 ut
2955 1920 3190 1976 caritatis
3220 1921 3333 1991 lege
3363 1922 3461 1976 sibi
3489 1938 3637 1978 sem-

2064 2023 2160 2078 per
2184 2009 2496 2064 adstrictum
2527 2010 2703 2065 laudat
2730 2024 2762 2065 a
2792 2025 2997 2066 morum
3022 2012 3333 2082 virtutisque
3352 2014 3636 2083 suavitate,

2062 2112 2166 2166 qua
2195 2114 2380 2153 omnes
2405 2101 2495 2169 qui
2527 2100 2591 2153 ad
2622 2100 2793 2168 ipsum
2835 2101 3159 2155 accedebant
3198 2116 3322 2157 suos
3364 2102 3633 2159 redderet.

2064 2188 2232 2258 ltogat
2251 2198 2426 2243 autem
2457 2190 2636 2244 literas
2656 2190 2756 2251 sibi
2780 2192 2972 2254 mittat,
2999 2200 3053 2245 et
3080 2205 3138 2243 sc
3169 2206 3385 2259 precum
3411 2207 3633 2249 suarum

2060 2277 2296 2331 subsidio
2313 2277 2482 2347 jnvct.
2508 2278 2778 2333 Romanus
2800 2295 2926 2334 vero
2953 2279 3050 2334 hac
3070 2281 3289 2349 epistola
3313 2286 3632 2351 concitatus,

2062 2384 2164 2421 non
2193 2368 2350 2422 modo
2375 2368 2567 2425 Joanni
2595 2372 2898 2442 rescripsit,
2930 2372 3023 2426 sed
3062 2373 3218 2426 etiam
3254 2371 3305 2425 id
3332 2372 3542 2440 effecit,
3574 2384 3632 2431 ut

2058 2459 2293 2514 caritatis
2340 2471 2392 2515 et
2441 2461 2824 2517 benevolentiae
2871 2477 2991 2532 erga
3037 2462 3471 2535 Chrysostomum
3518 2480 3634 2520 sua:

2061 2549 2196 2602 fama
2229 2565 2332 2604 non
2371 2550 2422 2603 in
2450 2551 2755 2606 Armeniam
2798 2561 3000 2606 tantum
3021 2595 3035 2617 ,
3069 2552 3163 2606 sed
3190 2563 3241 2606 et
3272 2552 3323 2606 in
3347 2552 3631 2622 Cappadoo

2057 2640 2212 2705 ciam,
2239 2642 2412 2709 quavis
2437 2642 2553 2694 tuba
2579 2641 2875 2696 luculentius
2904 2642 3232 2712 pervaderet.
3260 2642 3507 2697 Hortatur
3530 2659 3629 2698 au-

2059 2739 2163 2785 tem
2182 2733 2326 2785 illum
2345 2732 2483 2787 utde
2507 2733 2810 2788 valetudine
2835 2749 2929 2788 sua
2960 2735 3059 2789 sibi
3094 2733 3416 2804 frequentius
3447 2735 3630 2791 literas

2055 2822 2249 2887 mittat,
2278 2829 2332 2876 et
2367 2823 2419 2875 in
2450 2822 2692 2892 precibus
2721 2824 2801 2878 sui
2825 2825 3134 2879 memoriam
3163 2840 3267 2879 non
3290 2825 3628 2881 intermittat.

2055 2911 2224 2965 Aliam
2249 2926 2459 2980 quoque
2480 2913 2757 2982 epistolam
2782 2913 2888 2967 2‘22
2907 2915 3051 2968 misit
3072 2915 3255 2969 iisdem
3279 2915 3625 2987 presbyteris,

2052 3000 2213 3056 Casto
2238 3044 2252 3065 ,
2285 3002 2529 3068 Valerio,
2577 3004 2872 3072 Diophanto
2892 3012 2947 3059 et
2967 3002 3218 3075 Cyriaco,
3248 3005 3335 3074 qui
3367 3006 3535 3074 ipsum
3567 3015 3631 3060 ut

2053 3092 2255 3161 prolixa
2284 3093 2382 3147 sibi
2409 3093 2631 3161 epistola
2663 3094 3009 3163 responderet
3038 3096 3233 3163 precati
3260 3094 3482 3150 fuerant.
3506 3095 3627 3151 Meo

2054 3190 2144 3234 tuo
2167 3191 2342 3235 autem
2366 3182 2486 3237 illos
2507 3183 2702 3237 amoris
2717 3184 2927 3238 vinculo
2947 3186 3262 3240 constrictos
3282 3185 3624 3254 deprtcdicat,

2052 3281 2340 3343 optareque
2365 3287 2423 3329 se
2443 3274 2571 3329 dicit
2597 3284 2654 3329 ut
2672 3289 2957 3345 congressu
2982 3274 3080 3329 frui
3102 3276 3279 3343 liceat,
3301 3277 3394 3331 sed
3421 3277 3541 3347 quia
3570 3277 3624 3332 id

2006 3392 2009 3395 ‹
2051 3378 2265 3432 sperare
2295 3379 2397 3417 non
2436 3374 2660 3433 poterat,
2690 3365 2955 3434 ingentem
2998 3365 3183 3420 saltem
3216 3364 3486 3420 literarum
3530 3381 3626 3421 co-

2052 3454 2189 3519 piam
2215 3453 2279 3505 ad
2304 3468 2365 3508 se
2394 3454 2623 3508 mittant.

2119 3544 2353 3611 Epistola
2379 3544 2449 3599 95
2474 3545 2665 3613 scripta
2687 3543 2781 3599 fuit
2803 3544 3125 3614 Aphthonio,
3145 3544 3437 3611 Theodoto,
3464 3542 3624 3599 Clue-

2047 3650 2154 3690 rece
2195 3635 2519 3706 presbyteris
2560 3646 2615 3691 et
2659 3638 2970 3701 monachis,
3012 3637 3233 3706 aliisque
3278 3636 3329 3690 in
3373 3636 3623 3691 sodalitio
3709 3633 3714 3637 ’

2047 3725 2346 3795 Zeugmatis
2373 3725 2703 3780 versantibus
2728 3743 2741 3779 :
2765 3741 3055 3793 eorumque
3076 3727 3317 3794 precibus
3338 3740 3458 3781 sese
3478 3741 3622 3780 come

2048 3816 2279 3881 tnendat,
2314 3825 2369 3870 ιιι
2394 3818 2504 3885 qui,
2530 3831 2648 3870 cum
2682 3816 2878 3869 mundo
2905 3815 3279 3870 valedixissent
3320 3825 3373 3870 et
3407 3816 3515 3885 jam
3562 3817 3619 3870 in

2047 3908 2327 3978 tranquillo
2356 3918 2508 3976 portu
2537 3917 2896 3974 versarentur,
2929 3917 3111 3961 noctes
3162 3909 3212 3960 in
3257 3907 3370 3961 dies
3398 3907 3461 3960 ad
3495 3923 3619 3975 pre-

2044 4000 2268 4054 candum
2298 3999 2773 4063 conimutaverint;
2806 3998 3122 4067 insnperquc
3145 4008 3199 4050 nt
3225 3998 3290 4052 de
3312 3996 3617 4052 valetudine

2043 4108 2135 4146 sua
2165 4107 2223 4146 se
2253 4092 2419 4146 literis
2459 4092 2737 4145 certiorem
2771 4089 2968 4142 faciant
3007 4099 3242 4158 exoptat.
3270 4088 3464 4142 Eadem
3503 4088 3619 4142 fere

2044 4185 2153 4252 ipsa
2182 4185 2374 4254 repetit
2401 4183 2452 4236 in
2481 4183 2702 4251 epistola
2725 4181 2793 4236 70
2813 4182 2880 4235 ad
2905 4181 3119 4235 eosdem
3158 4181 3316 4234 missa
3347 4197 3362 4235 :
3387 4182 3435 4233 in
3463 4179 3618 4249 cujus

2045 4277 2148 4329 line
2175 4276 2299 4329 dicit
2323 4315 2334 4337 ,
2365 4290 2423 4329 se
2449 4274 2661 4343 quidem
2705 4283 2886 4328 exacta
2919 4272 3092 4326 hieme
3137 4281 3190 4326 et
3218 4281 3403 4324 exorto
3431 4285 3556 4324 vere
3582 4286 3615 4326 a

2039 4369 2183 4436 gravi
2227 4366 2414 4420 morbo
2457 4367 2736 4419 liberatum
2789 4365 2984 4430 fuisse,
3024 4364 3119 4418 sed
3170 4364 3332 4431 ipsius
3365 4363 3615 4431 reliquias

2047 4458 2219 4512 adhuc
2272 4456 2637 4520 circumferre,
2690 4472 2823 4525 quas
2873 4456 3131 4524 augebant
3182 4454 3341 4509 etiam
3397 4453 3613 4508 lsaurici

2042 4548 2531 4616 tumultuszquare
2591 4547 2643 4600 in
2706 4561 3058 4600 au'umnartttn
3124 4544 3367 4598 solatium
3430 4543 3615 4598 literas

2037 4638 2138 4693 sibi
2170 4639 2471 4708 frequenter
2498 4638 2708 4692 mittant
2749 4645 2981 4705 exoptat.
3010 4636 3121 4690 Sub
3157 4636 3270 4689 haec
3294 4636 3471 4687 literas
3500 4634 3607 4701 ipsi

2038 4730 2295 4784 miserunt
2322 4729 2653 4791 Theodorus,
2685 4727 2933 4783 Nicolaus
2960 4738 3011 4781 et
3036 4726 3279 4781 Chzercas
3300 4767 3315 4787 ,
3343 4725 3492 4792 queis
3524 4732 3611 4777 te-

2036 4824 2399 4879 stilicabantur
2425 4839 2483 4877 se
2511 4823 2774 4877 Cucusum
2819 4822 2982 4891 ipsius
3010 4819 3210 4875 visendi
3241 4833 3395 4873 causa
3420 4826 3613 4872 ventu-

2036 4930 2124 4969 ros
2155 4914 2314 4968 fuisse
2337 4954 2352 4976 ,
2396 4914 2494 4967 nisi
2528 4913 2827 4966 Isaurorum
2861 4912 3194 4965 incursiones
3226 4909 3611 4977 impedimento

2035 5004 2133 5056 sibi
2186 5003 2426 5056 fuissent.
2470 5001 2561 5055 llis
2605 5000 2879 5070 respondit
2926 4996 3339 5071 Chrysostomus
3386 4998 3611 5065 epistola

2036 5091 2170 5158 NG,
2204 5106 2262 5145 sc
2288 5103 2461 5145 tamen
2491 5094 2634 5160 ipsos
2673 5107 2734 5144 ex
2777 5090 2964 5144 aﬂ'cctu
3007 5092 3095 5143 tali
3126 5089 3273 5159 quasi
3317 5100 3612 5157 praesentes

2032 5200 2242 5255 semper
2272 5185 2490 5250 habere,
2522 5199 2619 5239 nec
2643 5184 2887 5239 dubitare
2922 5200 2979 5237 se
3008 5183 3134 5251 quin
3172 5179 3459 5251 aliquando
3494 5196 3614 5233 ntu~

2033 5284 2137 5330 tata
2185 5290 2361 5330 rerum
2403 5276 2705 5331 conditione
2744 5276 2810 5330 ad
2836 5290 2894 5330 se
2932 5276 3164 5329 veniant.
3200 5273 3269 5328 Se
3312 5281 3487 5325 autem
3536 5273 3614 5326 ait

2032 5366 2209 5434 quiete
2234 5375 2291 5421 et
2313 5366 2420 5420 otio
2449 5364 2585 5432 frui,
2612 5381 2912 5436 corpusque
2936 5380 3088 5419 suum
3114 5365 3241 5419 licet
3264 5379 3371 5417 non
3402 5362 3611 5429 integra

2032 5458 2332 5514 valetudine
2358 5459 2582 5525 fruatur,
2613 5468 2695 5513 sat
2722 5457 3001 5513 commode
3026 5471 3086 5512 se
3116 5455 3349 5514 habere.
3380 5462 3431 5507 et
3460 5453 3604 5506 Isau-

2029 5565 2207 5604 rorum
2234 5550 2561 5606 incursiones
2585 5550 2870 5606 valetudini
2898 5564 3007 5605 sua:
3026 5547 3261 5604 officere.

2100 5645 2484 5709 Chrusostomus
2508 5646 2570 5700 de
2595 5645 2949 5717 prapagationc
2965 5647 3088 5714 ﬁdei
3102 5660 3299 5711 semper
3314 5642 3590 5696 sollicitus.
