4088 6138
328 278 439 334 245

330 387 718 460 -—-Numquam
761 405 1040 455 utrumme,
1087 390 1256 446 morbi
1302 393 1484 446 aliaeve
1528 391 1912 447 sollicitudines

330 479 592 534 Joannem
634 491 874 536 nostrum
920 490 1227 536 averterunt
1264 497 1293 535 a
1339 481 1696 537 sollicitudine
1727 497 1913 552 propa-

329 570 518 640 gauth
560 570 703 624 fidei.
739 570 854 625 Jam
886 571 1112 626 vidimus
1145 571 1337 642 ipsum,
1367 587 1468 641 qua
1495 572 1582 627 die
1622 572 1790 626 exsilii
1832 571 1914 624 lo-

330 677 455 715 cum
485 669 671 730 petens
696 658 926 716 Niczeam
970 662 1239 732 pergebat,
1287 661 1565 731 scripsisse
1606 661 1915 716 Constantio

332 755 665 824 presbytero,
698 763 846 807 utne
873 769 934 806 ex
961 763 1218 822 praesente
1247 761 1556 822 tempestate
1579 760 1915 807 amoveretur

332 843 400 896 ab
443 841 618 898 olﬁcio
645 851 702 898 et
726 859 756 898 a
785 859 841 898 re
872 853 1138 913 suscepta,
1169 843 1260 898 sed
1290 859 1384 913 pro
1409 858 1558 897 more
1584 856 1681 897 suo
1705 843 1912 912 eos,qui

332 934 507 988 adhuc
537 932 843 989 Grzecorum
872 935 1251 1004 superstitioni,
1283 950 1377 989 seu
1418 934 1726 988 idololatria:
1752 934 1914 987 dediti

332 1035 504 1086 erant,
533 1027 596 1079 ad
630 1025 982 1081 Christianam
1016 1026 1171 1080 fidem
1209 1034 1520 1080 convertere
1562 1034 1823 1095 pergeret,
1862 1033 1916 1078 et

335 1117 548 1187 impiam
596 1118 905 1187 religionem
951 1119 1350 1184 exterminaret,
1398 1128 1555 1186 atque
1602 1115 1909 1181 thuieize,

333 1207 542 1262 Arabia:
558 1217 612 1262 et
627 1207 860 1262 Orientis
882 1209 1236 1264 Ecclesiarum
1259 1224 1436 1262 curam
1458 1215 1688 1277 gereret.
1715 1206 1912 1261 Eadem

335 1311 548 1368 semper
574 1298 770 1353 ardens
803 1299 1048 1368 cupidine
1090 1297 1501 1370 Chrysostomus
1541 1298 1606 1352 ad
1636 1297 1911 1351 Nicolaum

335 1391 702 1461 presbyterum
732 1391 944 1460 scripsit
969 1391 1247 1460 epistolam
1275 1391 1344 1446 5'5
1387 1409 1400 1442 :
1450 1405 1606 1460 quem
1639 1389 1912 1444 Nicolaum

335 1481 585 1550 Opinatur
631 1499 680 1535 v.
713 1483 782 1536 cl.
829 1483 1202 1536 Tillemontius
1228 1500 1346 1537 eum
1385 1499 1504 1538 csse
1531 1484 1642 1552 qui,
1678 1491 1733 1536 ut
1758 1483 1914 1536 modo

335 1572 660 1636 dicebamus,
702 1591 821 1628 eum
863 1576 980 1629 aliis
1015 1576 1329 1646 quibusdam
1378 1575 1759 1646 Chrysostomo
1786 1576 1918 1630 scri-

335 1664 444 1732 psit
467 1681 481 1718 :
508 1665 648 1733 quod
672 1665 716 1719 si
749 1681 852 1720 non
879 1677 1103 1729 certum,
1143 1667 1428 1723 verisimile
1451 1668 1734 1722 admodum
1765 1669 1914 1723 vide-

335 1762 438 1810 tur.
468 1756 742 1812 Nicolaum
769 1758 915 1813 illum
941 1775 1280 1829 summopere
1304 1760 1502 1825 laudat,
1531 1761 1670 1830 quod
1700 1778 1917 1831 evange-

333 1845 449 1900 liea:
487 1847 848 1915 pru‘dicationi
878 1849 928 1902 in
958 1849 1227 1906 Phtnnieia
1256 1865 1468 1919 semper
1497 1850 1826 1920 advigilaret,
1854 1866 1917 1906 ac

333 1939 629 1993 monachos
654 1938 743 1992 illo
770 1941 1022 2006 misisset,
1045 1950 1204 2010 atque
1232 1941 1284 1994 in
1321 1949 1465 1994 tanta
1492 1956 1669 1995 rerum
1694 1940 1918 1996 difficul-

336 2035 440 2079 tate
471 2027 590 2081 illos
635 2028 754 2082 istic
796 2044 1013 2084 manere
1052 2032 1332 2099 coegisset.
1365 2029 1723 2100 Iiortaturque
1767 2031 1912 2084 illum

333 2125 390 2169 ut
419 2116 736 2172 Gerontium
769 2119 1158 2191 presbyterum,
1191 2137 1348 2191 quem
1375 2137 1530 2176 suum
1560 2122 1708 2188 dicit,
1737 2123 1914 2177 statim

334 2217 489 2276 atque
513 2223 543 2261 a
571 2209 760 2264 morbo
779 2211 1130 2276 convaluerit,
1162 2219 1346 2281 urgeat
1379 2221 1436 2266 ut
1463 2212 1565 2266 iter
1592 2213 1714 2265 illuc
1747 2213 1914 2266 susci-

335 2298 462 2366 piat,
491 2306 746 2369 curetque
776 2309 834 2354 ut
851 2299 1084 2355 Joannes
1113 2317 1324 2372 quoque
1355 2303 1635 2374 presbyter
1658 2319 1785 2358 suus
1812 2319 1912 2356 una

331 2401 454 2441 cum
479 2386 736 2444 Gerontio
757 2388 946 2446 eodem
973 2401 1176 2462 pergat.
1197 2391 1266 2446 Se
1287 2391 1454 2462 ipsius
1477 2392 1677 2448 Nicolai
1701 2393 1912 2448 videndi

332 2486 388 2533 et
424 2479 785 2549 amplectendi
809 2496 1002 2553 magno
1033 2483 1200 2538 teneri
1225 2483 1492 2540 desiderio
1519 2485 1670 2550 dicit,
1697 2485 1790 2540 sed
1830 2495 1910 2539 ta-

332 2582 454 2623 men
479 2568 627 2623 illum
649 2586 790 2626 nunc
816 2571 937 2628 istic
961 2588 1178 2629 manere
1202 2588 1424 2629 necesse
1451 2574 1672 2630 omnino
1697 2589 1836 2631 esse.

401 2659 485 2713 Ad
526 2658 841 2716 Gerontium
882 2677 1042 2732 porro
1081 2664 1231 2718 illum
1260 2679 1418 2734 supra
1451 2675 1824 2732 memoratum,
1857 2667 1909 2721 in

330 2749 661 2815 leiciam
689 2754 1004 2824 profectum,
1051 2755 1202 2810 binas
1245 2757 1458 2828 scripsit
1486 2756 1756 2826 epistolas,
1782 2773 1912 2828 qua-

330 2855 447 2895 rum
476 2841 644 2911 prima
683 2843 870 2913 periit;
902 2844 954 2898 in
980 2844 1212 2900 secunda
1237 2860 1368 2902 vero
1386 2846 1458 2902 54
1483 2846 1627 2902 illum
1665 2847 1913 2904 cohorta-

330 2938 415 2986 tur
431 2941 488 2988 et
511 2932 774 2998 obsecrat,
797 2944 875 3002 ut,
892 2945 1090 3006 quanto
1117 2936 1286 3006 major
1300 2947 1381 2991 est
1401 2944 1911 3009 tempestas,quanto

330 3025 534 3095 majora
565 3026 858 3097 ingruentia
894 3027 1050 3094 mala,
1082 3037 1227 3083 tanto
1255 3028 1456 3098 majore
1479 3029 1654 3085 studio
1689 3041 1744 3086 et
1768 3046 1826 3086 se
1855 3039 1912 3088 et

330 3118 463 3172 alios
489 3116 559 3172 ad
603 3116 731 3173 illud
769 3120 950 3189 operis
997 3120 1388 3190 suscipiendum
1436 3121 1653 3187 excitet,
1706 3137 1826 3178 cum
1877 3137 1908 3178 a

337 3207 527 3262 morbo
563 3208 914 3267 convaluerit.
945 3209 1078 3264 Dicit
1110 3219 1288 3266 autem
1327 3223 1388 3267 se
1439 3210 1752 3268 Constantio
1783 3229 1905 3284 prc-

327 3296 547 3367 sbytero
586 3297 638 3352 id
665 3299 860 3369 negotii
882 3301 1234 3367 commisisse,
1264 3308 1321 3354 ut
1347 3301 1459 3356 sive
1487 3302 1552 3356 ad
1593 3302 1784 3357 mdium
1809 3317 1907 3359 ex-

325 3391 670 3455 stmctiones,
712 3392 828 3448 sive
874 3391 940 3446 ad
983 3392 1360 3448 sublevandam
1409 3392 1632 3449 fratrum
1676 3394 1906 3466 inopiam

327 3480 472 3551 large
498 3481 600 3536 illis
629 3490 871 3551 sumptus
893 3491 946 3538 et
970 3483 1222 3553 pecunias
1236 3483 1558 3555 suppeditet,
1587 3484 1694 3540 imo
1710 3485 1906 3560 largius

324 3584 486 3637 quam
510 3579 690 3627 antea.

395 3658 514 3714 Jam
564 3660 796 3717 vidimus
823 3661 1082 3719 Joannem
1114 3675 1352 3721 nostrum
1384 3681 1574 3722 munus
1620 3683 1714 3724 seu
1757 3684 1903 3725 sum-

239 3789 242 3792 ι
324 3765 468 3804 mam
510 3753 768 3821 pecuniae,
798 3769 954 3824 quam
985 3754 1246 3826 Diogenes
1276 3757 1376 3827 ipsi
1407 3759 1644 3823 miserat,
1680 3775 1899 3817 recusa-

321 3839 482 3907 visse,
500 3851 558 3897 et
583 3842 655 3896 illi
681 3845 958 3914 scripsisse
986 3854 1044 3900 ut
1070 3861 1187 3900 eam
1207 3863 1470 3903 summam
1503 3851 1553 3904 in
1576 3851 1900 3908 thniciam

321 3931 388 3986 ad
411 3935 670 4003 evangelii
693 3951 968 4005 prtecones
1003 3939 1260 4004 mitteret,
1287 3948 1342 3994 et
1373 3940 1716 4012 Apbraatem,
1743 3960 1898 4014 quem

321 4022 424 4078 sibi
454 4023 676 4080 miserat
698 4026 764 4081 ad
805 4041 924 4082 eam
949 4044 1063 4084 rem
1091 4030 1362 4099 expediret
1389 4050 1407 4087 :
1439 4033 1528 4102 qui
1566 4034 1646 4087 vir
1680 4044 1793 4089 erat
1833 4036 1896 4090 ad

319 4115 401 4169 eis
425 4115 673 4171 solatium
699 4120 1024 4176 afferendum
1053 4121 1295 4178 idoneus.
1325 4121 1558 4180 Joannes
1588 4141 1715 4180 vero
1747 4141 1898 4197 pres-

319 4205 476 4276 byter
499 4207 689 4263 eadem
729 4208 797 4264 de
821 4225 980 4266 causa
1010 4213 1064 4267 in
1094 4212 1422 4269 thuiciam
1465 4229 1525 4270 se
1560 4217 1856 4272 contulerat
1881 4235 1896 4272 :

317 4305 648 4365 quapropter
689 4296 1101 4370 Chrysostomus
1144 4301 1292 4357 illum
1335 4304 1674 4360 commendat
1701 4307 1754 4360 in
1780 4307 1896 4377 epi-

318 4386 454 4440 stola
481 4386 555 4442 55
579 4384 816 4443 Simeoni
845 4399 900 4445 et
925 4389 1054 4448 Mari
1096 4393 1419 4465 presbyteris
1447 4404 1504 4450 et
1540 4397 1814 4453 monachis
1842 4399 1894 4454 in

319 4477 637 4546 Apameensi
661 4481 878 4550 regione
904 4484 1235 4540 versantibus
1259 4502 1274 4538 :
1302 4485 1527 4556 illosque
1557 4486 1797 4544 hortatur
1817 4496 1892 4556 ut,

319 4569 365 4620 si
403 4585 536 4640 quos
570 4586 860 4642 generosos
897 4584 952 4630 et
981 4585 1292 4645 prazstantes
1321 4578 1462 4634 viros
1500 4581 1892 4648 nanciscantur,

317 4661 404 4740 qui
431 4661 498 4716 ad
527 4675 644 4717 eam
687 4678 801 4720 rem
841 4665 1154 4723 auxiliarcm
1206 4684 1420 4724 manum
1445 4669 1637 4726 afferre
1669 4673 1890 4741 possint,

318 4764 414 4807 eos
437 4753 530 4809 illo
545 4755 775 4812 mittant.
796 4757 928 4813 Cum
952 4758 1226 4814 didicisset
1241 4769 1417 4815 autem
1446 4761 1696 4831 Alpinium
1716 4778 1894 4833 quem-

314 4842 460 4909 dam,
489 4861 648 4915 quem
691 4846 923 4904 Joannes
955 4850 1234 4921 presbyter
1258 4850 1481 4916 adierat,
1523 4852 1666 4908 illum
1695 4854 1893 4909 excita-

312 4936 474 5001 visse,
495 4940 732 5007 atquein
757 4938 1083 4996 Phamiciam
1111 4941 1339 5006 misisse,
1368 4942 1477 4998 imo
1493 4943 1608 4997 auri
1629 4959 1889 5000 summam

313 5027 415 5094 ipsi
442 5027 656 5085 dedisse
693 5045 706 5082 :
737 5029 985 5100 Alpbium
1024 5031 1145 5086 ideo
1168 5032 1403 5089 celebrat
1426 5031 1658 5090 Joannes
1684 5045 1886 5101 noster,

308 5128 369 5170 et
393 5127 452 5173 ut
475 5117 575 5174 sibi
599 5119 908 5190 frequenter
933 5121 1114 5178 literas
1144 5125 1318 5178 mittat
1346 5123 1607 5179 hortatur.

381 5207 656 5266 Tumultus
678 5212 734 5266 in
762 5211 1024 5268 Phcnicia
1052 5224 1229 5268 contra
1251 5214 1516 5286 Evangelii
1541 5232 1889 5286 precatus.—

307 5297 510 5354 anrto
555 5315 752 5372 magno
793 5302 846 5356 in
887 5302 1160 5360 Pbamicia
1189 5305 1436 5369 tumultu,
1481 5319 1602 5360 cum
1630 5306 1886 5375 evangelii

306 5403 585 5460 praecones
631 5391 684 5446 in
711 5394 982 5460 aerumnis,
1009 5404 1067 5450 et
1100 5394 1319 5450 forsitan
1351 5397 1400 5451 in
1447 5395 1683 5466 periculo
1709 5410 1887 5451 versa—

304 5489 532 5548 rentur;
577 5493 846 5540 metuensr
866 5483 1102 5541 Joannes
1130 5497 1312 5541 noster
1359 5502 1428 5542 ne
1469 5501 1498 5541 a
1547 5486 1886 5557 prmdicando

302 5574 594 5643 evangelio
612 5573 950 5642 desisterent,
989 5575 1398 5647 epistolamlﬁii
1427 5577 1638 5646 scripsit
1667 5576 1885 5649 presby-

301 5665 430 5722 teris
458 5674 510 5722 et
539 5667 818 5722 monachis
835 5668 1057 5736 gentila
1084 5668 1134 5723 in
1175 5667 1442 5742 Pbcnicia
1468 5669 1874 5724 instituentibus.

610 5776 881 5837 ΡΑτῐιοῐ..
917 5776 1034 5837 Gn.
1079 5779 1136 5838 Χ
1153 5779 1332 5843 [νη.

1484 279 1664 337 NUNC
1706 279 1965 337 PRIMUM
2007 281 2399 340 ADORNATA.

3492 267 3596 321 24o

2031 392 2280 448 llortatur
2323 403 2496 449 autem
2527 404 2746 448 cunctos
2775 402 2829 447 et
2855 391 3110 464 singulos,
3165 408 3232 448 ne
3259 395 3385 462 quis
3405 406 3501 448 eos
3536 389 3606 442 ob

2024 493 2266 537 exortum
2307 486 2583 537 tumultum
2627 485 2676 536 in
2709 482 2946 536 fraudem
2989 482 3226 552 impellat
3255 483 3336 536 vel
3367 486 3598 536 ahdueat

2017 571 2086 625 ad
2116 572 2441 627 thniciam
2470 571 2872 642 relinquendam
2897 590 2910 624 :
2939 587 3043 642 quo
3071 573 3300 640 majores
3327 573 3468 626 enim
3497 569 3597 623 dif-

2023 661 2281 717 ﬁcultates
2310 671 2364 716 et
2390 679 2640 716 :erumna:
2661 663 3002 731 objiciuntur,
3035 679 3098 716 eo
3121 663 3318 732 majora
3343 662 3439 715 sibi
3465 676 3596 730 pra:-

2022 753 2123 805 mia
2155 754 2434 807 reservari.
2465 753 2593 806 Cum
2624 754 2767 807 enim
2803 753 3087 821 impietatis
3125 763 3324 821 partem
3355 754 3404 805 in
3437 750 3595 804 Phaes-

2021 845 2154 897 uicia
2175 843 2285 912 jam
2315 843 2646 908 sustulerint,
2673 844 2965 897 curandum
2997 859 3115 898 esse
3146 859 3212 898 uc
3244 854 3418 896 tantus
3449 842 3596 896 labor

2021 935 2190 989 fructu
2219 925 2415 990 careat.
2441 935 2511 990 Se
2533 937 2600 988 ita
2635 935 2929 1004 providisse
2953 937 3047 1000 ait,
3095 946 3151 989 ut
3179 936 3306 988 nihil
3346 949 3592 1004 umquam

2019 1029 2206 1084 deesse
2235 1028 2418 1098 possit,
2451 1038 2614 1098 utque
2640 1029 2814 1081 omnia
2858 1029 2986 1096 ipsis
3017 1027 3298 1080 afﬂuenter
3343 1025 3597 1096 suppedi-

2021 1129 2215 1174 tentur.
2246 1121 2398 1187 Quod
2425 1123 2468 1174 si
2498 1121 2584 1175 ille
2619 1121 2670 1174 in
2694 1119 2886 1174 Cucusi
2927 1119 3210 1173 solitudine
3239 1133 3454 1172 versans
3483 1127 3595 1171 tan-

2022 1220 2124 1264 tam
2172 1211 2380 1265 illorum
2408 1227 2594 1265 curam
2622 1219 2791 1281 gerat,
2821 1211 2988 1264 multo
3014 1210 3182 1280 magis
3212 1209 3372 1278 ipsos,
3406 1207 3597 1276 quibus

2019 1301 2193 1355 omnia
2221 1302 2429 1356 abunde
2463 1311 2770 1371 suppetunt,
2799 1318 2916 1370 qua:
2943 1317 3156 1355 suarum
3199 1304 3423 1369 partium
3452 1307 3593 1361 sunt,

2019 1392 2225 1446 abunde
2247 1402 2501 1462 pra'starc
2534 1392 2750 1446 debere.
2787 1393 2872 1446 Ait
2899 1407 3024 1446 vero
3053 1406 3110 1444 se
3143 1388 3594 1458 religiosissimum

2018 1483 2276 1539 Joannem
2332 1485 2695 1554 presbyterum
2740 1484 2950 1538 misisse
2996 1485 3082 1553 qui
3117 1484 3236 1537 illos
3264 1482 3594 1536 cohortetur.

2022 1575 2091 1628 Se
2133 1575 2347 1630 demum
2379 1577 2555 1629 omnia
2597 1575 2808 1630 abunde
2839 1576 3146 1643 prmstitisse
3195 1592 3208 1626 :
3250 1573 3386 1641 quod
3432 1573 3475 1626 si
3523 1571 3594 1625 illi

2020 1665 2154 1718 aiios
2181 1679 2238 1720 se
2260 1666 2327 1719 ah
2353 1665 2531 1719 ofﬁcio
2550 1675 2854 1720 avertentes
2874 1667 3111 1732 audiant,
3137 1666 3348 1719 videant
3376 1665 3426 1716 iu
3447 1663 3596 1732 cujus

2020 1766 2177 1825 caput
2204 1765 2345 1810 tanta
2383 1758 2584 1824 jactura
2612 1757 2784 1812 cadat.

2090 1846 2198 1902 Suh
2228 1847 2340 1900 hinc
2369 1857 2542 1900 autem
2577 1861 2675 1901 nec
2703 1846 2868 1900 multo
2901 1855 3103 1914 postea,
3127 1831 3350 1913 gentiles
3380 1844 3594 1898 Phtnni-

2019 1938 2114 1992 cite
2140 1938 2190 1991 in
2219 1937 2449 1991 furorem
2480 1937 2604 2004 acti,
2633 1937 2684 1990 in
2717 1937 3006 1990 monachos
3033 1934 3290 2004 evangelii
3323 1949 3596 2002 prmcoues

2022 2029 2439 2092 insurrexerunt,
2468 2043 2532 2083 ac
2577 2029 2877 2098 complures
2928 2028 3230 2081 vulneribus
3275 2026 3584 2088 affecerunt,

2018 2119 2278 2188 quosdam
2317 2118 2476 2179 etiam
2525 2118 2850 2174 occiderunt.
2884 2119 3013 2184 Qua:
3059 2133 3144 2172 res
3188 2117 3446 2173 Joannem
3496 2132 3594 2170 uo-

2017 2219 2187 2266 strum
2229 2211 2513 2266 admodum
2539 2212 2861 2266 commovit:
2892 2212 3174 2280 statimque
3203 2211 3370 2264 virum
3401 2210 3595 2279 (ιιιωεί-

2019 2302 2113 2368 vit,
2143 2303 2230 2370 qui
2263 2311 2408 2355 tanto
2430 2303 2569 2356 malo
2590 2303 2881 2356 remedium
2910 2301 3100 2356 afferre
3127 2309 3324 2370 posset.
3357 2301 3465 2356 Nec
3485 2316 3594 2353 ma-

2017 2390 2095 2460 gis
2137 2391 2358 2446 idoneus
2410 2406 2529 2447 sese
2561 2393 2723 2448 menti
2752 2393 2963 2456 obtulit,
3012 2407 3172 2463 quam
3217 2391 3437 2446 liuilnus
3477 2405 3588 2460 pre-

2017 2483 2218 2554 sbyter,
2236 2484 2320 2538 cui
2351 2482 2630 2553 epistolam
2660 2483 2749 2539 ille
2772 2483 2916 2538 misit
2942 2483 3058 2549 126,
3093 2483 3345 2553 illumque
3371 2480 3591 2552 rogavit,

2016 2573 2125 2629 imo
2151 2574 2305 2637 ursit,
2347 2583 2404 2628 ut
2431 2588 2591 2644 quam
2621 2573 2902 2628 celerrime
2932 2583 3112 2643 posset
3148 2588 3206 2627 se
3237 2573 3302 2626 ad
3330 2573 3429 2626 iter
3468 2569 3590 2626 illud

2016 2664 2318 2734 accingeret
2348 2681 2362 2718 :
2389 2673 2595 2718 eertum
2622 2663 2763 2719 enim
2790 2664 2891 2718 sibi
2921 2678 3062 2728 esse,
3095 2663 3140 2718 si
3171 2678 3376 2732 preces,
3410 2660 3578 2716 lenita

2017 2766 2146 2816 tem.
2175 2754 2660 2821 mansuetudinem,
2704 2753 3035 2824 patientiam,
3066 2764 3116 2808 ct
3143 2769 3260 2809 eam
3291 2768 3393 2823 qua
3433 2751 3595 2821 polle-

2017 2845 2107 2901 bat
2132 2845 2295 2900 animi
2325 2844 2692 2900 fortitudinem
2731 2844 3032 2906 adhiberet,
3063 2844 3234 2910 ipsum
3265 2843 3348 2898 vel
3376 2850 3593 2912 aspectu

2014 2937 2130 2993 solo
2155 2936 2495 2992 adversarios
2517 2935 2568 2990 in
2596 2935 2771 3005 fugam
2793 2945 3038 2989 acturum
3066 2947 3204 2989 esse.
3244 2935 3332 2988 Ait
3357 2949 3483 2988 vero
3508 2947 3588 3000 se,

2013 3043 2136 3085 cum
2163 3029 2390 3100 primum
2421 3029 2537 3098 ejus
2575 3028 2627 3082 in
2665 3027 2994 3083 thniciam
3020 3028 3306 3082 adventum
3336 3027 3588 3094 audierit,

2015 3133 2142 3177 tunc
2180 3121 2297 3178 sine
2323 3135 2447 3175 cura
2488 3127 2544 3175 et
2581 3119 2633 3173 in
2665 3120 2950 3174 securitate
2979 3118 3214 3174 futurum
3245 3133 3384 3174 esse.
3416 3119 3589 3174 Mirari

2012 3225 2142 3266 vero
2179 3224 2239 3266 se
2275 3209 2426 3272 dicit,
2466 3209 2605 3280 quod
2633 3224 2754 3264 cum
2796 3207 3111 3264 Theodorus
3137 3207 3416 3279 presbyter
3439 3209 3502 3262 ad
3534 3224 3590 3265 se

2012 3305 2268 3368 venisset,
2312 3301 2484 3356 nullas
2516 3301 2684 3370 ipsius
2714 3300 2891 3356 Ruﬁni
2922 3300 3102 3355 literas
3145 3301 3246 3354 sibi
3286 3301 3588 3357 attulisset:

2011 3405 2334 3464 quapropter
2360 3393 2600 3448 hortatur
2624 3393 2767 3447 illum
2792 3403 2872 3460 ut,
2897 3407 3016 3448 cum
3041 3394 3090 3446 in
3117 3392 3442 3448 Plimniciam
3470 3406 3589 3462 pro-

2009 3486 2300 3554 ficiscetur,
2331 3491 2382 3541 in
2410 3486 2630 3554 singulis
2656 3485 3021 3540 mansionibus
3047 3485 3147 3540 sibi
3173 3485 3350 3540 literas
3374 3485 3547 3540 mittat
3571 3506 3586 3541 :

2008 3577 2150 3648 quod
2179 3577 2222 3630 si
2253 3576 2442 3653 fratres
2472 3575 2645 3630 adlmc
2689 3575 2782 3629 illo
2828 3575 3040 3630 mittere
3077 3583 3341 3645 oporteat,
3388 3573 3437 3629 id
3486 3575 3584 3628 sibi

2007 3677 2191 3724 notum
2217 3667 2394 3722 faciat.
2418 3667 2490 3721 De
2519 3676 2820 3721 sanctorum
2844 3680 2972 3720 vero
2989 3675 3280 3736 martyrum
3303 3665 3582 3736 Reliqniis.

2006 3777 2139 3832 quas
2167 3767 2504 3831 poposcerat,
2538 3775 2604 3814 ne
2630 3759 2765 3812 ultra
2809 3766 2962 3812 curet
2992 3757 3234 3812 hortatur
3275 3775 3289 3810 :
3336 3773 3396 3812 se
3440 3756 3582 3810 enim

2007 3851 2315 3908 Terentium
2337 3850 2703 3922 presbyterum
2724 3849 2932 3904 misisse
2951 3849 3017 3903 ad
3036 3849 3297 3913 Otreium,
3317 3851 3356 3903 Α
3366 3849 3582 3903 rabissa:

2004 3944 2336 4015 episcopum,
2390 3941 2480 4011 qui
2510 3940 2705 3995 multas
2742 3955 2807 3994 ac
2845 3940 3062 3994 minimc
3086 3939 3273 3994 dubias
3312 3938 3591 4009 Reliquias.

2005 4033 2254 4102 habebat,
2295 4049 2428 4104 quas
2470 4034 2653 4105 paucis
2702 4041 2883 4103 postea
2932 4031 3118 4086 diebus
3158 4032 3210 4085 in
3253 4030 3578 4087 thniciam

2002 4125 2104 4194 ipsi
2130 4125 2389 4179 missurus
2411 4133 2546 4180 erat.

2074 4216 2131 4270 ln
2149 4213 2370 4286 epistola
2387 4227 2596 4283 quoque
2609 4213 2681 4268 28
2696 4213 2760 4266 ad
2780 4211 3028 4268 Basilium
3051 4211 3579 4284 pretliyterumaiicit

2002 4306 2172 4371 illum,
2191 4317 2346 4374 quem
2367 4302 2433 4357 de
2459 4301 2592 4356 facie
2618 4316 2904 4371 numquam
2922 4301 3146 4365 viderat,
3175 4303 3429 4356 adversus
3453 4317 3581 4372 gen-

2002 4396 2122 4451 tiles
2141 4395 2435 4458 decertare,
2454 4401 2512 4446 ut
2538 4405 2631 4447 eos
2646 4391 2711 4446 ad
2729 4393 2864 4445 viam
2888 4392 3121 4445 veritatis
3146 4391 3432 4446 deduceret
3454 4409 3470 4446 :
3499 4401 3580 4445 ut-

2000 4502 2118 4542 rum
2143 4494 2320 4541 autem
2347 4481 2400 4537 in
2427 4481 2697 4537 Phrenicia
2726 4479 2774 4534 id
2801 4489 3002 4550 ageret,
3025 4480 3308 4534 incertum.
3332 4481 3484 4535 Prior
3503 4479 3576 4533 illi

2002 4578 2182 4634 literas
2198 4577 2340 4632 misit
2356 4573 3004 4646 Chrysostomus,pietatis
3021 4572 3185 4642 ipsius
3200 4571 3335 4625 fama
3349 4583 3577 4626 commo-

2003 4679 2107 4735 tus,
2141 4669 2490 4736 hortaturque
2527 4664 2674 4718 illum
2710 4674 2765 4717 ut
2791 4662 3016 4718 subinde
3043 4661 3146 4717 sibi
3175 4660 3358 4716 literas
3382 4661 3549 4716 mittat

2069 4759 2390 4815 Constmttius
2416 4757 2670 4827 presbyter
2687 4773 2719 4808 α
2747 4754 3102 4827 Chrysostomo
3136 4758 3320 4810 missus
3346 4762 3568 4809 vexatur.

1995 4880 2065 4892 —
2089 4849 2231 4904 Dixit
2253 4863 2412 4918 supra
2442 4847 2680 4902 Joannes
2701 4856 2886 4902 noster
2911 4845 2963 4900 in
2983 4845 3143 4916 epist.
3169 4843 3235 4899 ad
3261 4844 3576 4900 Gerontium

1998 4941 2086 5000 δι.
2116 4955 2174 4996 se
2200 4939 2514 4995 Constantio
2545 4939 2858 5010 presbytero
2896 4937 3248 5001 commisisse,
3279 4945 3336 4991 ut
3364 4936 3447 5002 iis,
3487 4939 3574 5008 qui

2001 5033 2051 5088 in
2091 5032 2359 5088 Phanieia
2409 5031 2682 5102 gentilium
2713 5028 3052 5084 conversioni
3101 5027 3301 5082 dabant
3333 5041 3573 5096 operam,

1998 5126 2252 5194 pecunias
2298 5122 2506 5178 abunde
2554 5121 2938 5191 suppeditaret.
2992 5117 3174 5191 Neque
3218 5118 3448 5186 explicat
3505 5117 3573 5171 ihi

1995 5231 2096 5282 qua
2141 5215 2210 5270 de
2252 5229 2411 5269 causa
2458 5213 2798 5269 Constantius
2831 5252 2845 5274 .
2883 5213 2972 5283 qui
3013 5210 3377 5282 Chrysostomi
3423 5209 3575 5264 lateri

1998 5308 2251 5372 luerebat,
2298 5309 2350 5362 in
2396 5307 2514 5362 illas
2544 5315 2724 5376 partes
2764 5305 2865 5359 iter
2893 5304 3188 5375 susceperit
3227 5319 3243 5356 :
3289 5317 3474 5356 verum
3521 5301 3574 5355 in

1996 5401 2152 5467 epist.
2187 5397 2257 5454 62
2297 5398 2480 5463 Casto,
2510 5396 2744 5461 Valerio,
2776 5395 3096 5464 Diaphanto,
3119 5405 3172 5449 et
3193 5393 3436 5466 Cyriaco,
3463 5407 3575 5462 pre-

1994 5488 2221 5561 sbyteris
2249 5487 2632 5552 Antiocbcnis,
2677 5500 2848 5556 ipsum
2903 5483 3244 5538 commendat
3294 5491 3350 5536 ut
3397 5481 3572 5548 inique

1993 5589 2236 5636 vexatum
2270 5581 2337 5636 ob
2366 5578 2626 5652 quoddam
2657 5578 2888 5648 ignotum
2928 5575 3082 5629 nobis
3123 5575 3408 5645 negotium,
3443 5582 3565 5637 pre-

1998 5677 2251 5742 Caturque
2271 5682 2325 5726 ut
2346 5679 2550 5734 curent,
2595 5683 2659 5723 ne
2699 5669 2799 5722 huc
2825 5677 2981 5738 atque
3012 5667 3131 5720 illuc
3161 5669 3564 5728 circunmgutnr,

3147 5773 3215 5830 iis
