4088 6138
496 317 600 370 ἩΊ

498 445 630 485 neve
654 446 744 499 per
763 429 996 498 jndicum
1028 428 1303 483 tribunalia
1327 443 1441 481 eam
1465 428 1531 483 ob
1560 443 1772 482 causam
1802 428 2061 483 distraha-

499 531 581 575 tur
610 526 765 591 atque
795 523 1071 584 laceretur,
1103 520 1170 574 ob
1199 535 1354 589 quam
1386 536 1503 574 eum
1530 521 1727 583 ornari,
1764 534 1827 574 ac
1855 520 2064 589 publico

499 614 761 679 ριἀιοοιίο
806 611 1061 666 celebrari
1092 626 1187 680 par
1223 622 1357 666 erat.
1403 611 1552 666 Illum
1593 627 1720 668 vero
1761 613 1970 667 Cucuso
1999 611 2065 667 ad

496 704 620 757 Illud
647 702 838 773 negotii
861 704 1119 773 proficisci
1150 719 1254 758 non
1286 704 1354 758 ita
1378 705 1735 759 necessarium
1769 713 2062 773 putaverat,

495 802 553 845 ιιι
580 793 630 847 iu
660 796 813 862 epist.
849 793 915 848 76
944 792 1010 849 ad
1036 788 1358 849 Chalcidiam
1403 794 1563 861 dicit;
1603 805 1657 850 et
1682 796 1913 866 alioquin
1952 811 2064 851 me-

497 885 675 939 luebat
719 899 785 939 ne
825 885 876 938 in
920 885 1218 940 lsaurorum
1261 900 1446 940 manus
1475 886 1750 942 incideret.
1798 886 2065 941 Chalcidia

496 988 622 1026 vero
647 982 700 1027 et
731 975 1023 1044 Asyncritia
1056 975 1105 1027 in
1136 983 1338 1043 partem
1364 990 1742 1043 mrumnarum,
1777 990 1895 1045 qua:
1924 976 2066 1031 Con-

496 1066 691 1118 smutio
722 1064 1102 1130 inferebantur,
1144 1065 1445 1133 veniebant,
1489 1065 1741 1136 illumque
1769 1065 1882 1120 dire
1909 1079 2072 1119 vexa.

500 1165 607 1207 tnnt
632 1156 870 1209 videntes
888 1155 1169 1209 admodum
1191 1155 1461 1211 dolebant.
1484 1155 1814 1226 Quapropter
1834 1156 1886 1210 in
1910 1155 2067 1226 epist.

496 1244 566 1298 '30
593 1245 730 1312 ipsas
758 1244 1083 1299 consolatur.

569 1335 729 1386 lsauri
752 1349 962 1404 semper
982 1335 1095 1390 vias
1118 1335 1468 1406 regionesque
1488 1335 1693 1390 vicinas
1712 1334 2064 1401 infestabant;

499 1423 590 1475 sed
624 1423 812 1477 hiemis
842 1433 1079 1493 tempore
1118 1424 1398 1494 aliquando
1425 1425 1612 1481 saltem
1648 1434 1925 1495 receptum
1971 1424 2065 1477 ha-

497 1513 675 1567 buisse
701 1514 966 1569 dicuntur.
1000 1515 1195 1571 Verum
1241 1517 1293 1569 in
1320 1515 1494 1572 hieme
1535 1531 1745 1587 quoque
1786 1515 2069 1586 aliquando

497 1608 736 1675 erupisse
766 1608 935 1676 palam
965 1622 1085 1663 esse
1107 1608 1318 1663 videtur
1340 1623 1403 1663 ex
1437 1608 1518 1678 iis,
1552 1624 1669 1677 quae
1714 1609 1767 1663 in
1808 1623 1930 1662 mox
1960 1622 2070 1662 me-

498 1698 766 1753 morandis
792 1700 1029 1769 epistolis
1052 1707 1231 1754 narrat
1248 1699 1478 1754 Joannes
1498 1708 1697 1754 noster.
1721 1698 1799 1753 Ad
1823 1698 2068 1768 Alphium

499 1789 734 1843 scribens
765 1791 919 1858 epist.
952 1790 1042 1855 55,
1076 1790 1222 1855 dicit,
1274 1805 1334 1845 se
1387 1790 1461 1844 illi
1507 1791 1703 1860 smpius
1741 1790 2060 1859 scripturum
2094 1840 2099 1845 .

500 1878 679 1942 fuisse,
714 1880 811 1932 nisi
840 1879 1008 1933 hiems
1034 1887 1087 1933 et
1110 1879 1415 1949 prmdonum
1457 1880 1687 1949 impetus
1712 1879 1825 1935 vias
1852 1879 2070 1935 infestas

500 1970 760 2024 redderet.
790 1969 979 2025 Narrat
1013 1986 1142 2027 vero
1167 1972 1416 2042 Alphium
1444 1972 1672 2027 amicitia
1701 1970 2071 2040 coniunctissi—

500 2075 642 2113 mum
673 2061 771 2114 sibi
802 2060 940 2116 dona
981 2061 1208 2128 misisse,
1242 2062 1334 2118 sed
1363 2062 1496 2117 nihil
1534 2076 1593 2117 se
1622 2061 1923 2132 recepisse;
1950 2074 2071 2116 eum

500 2152 639 2205 enim
665 2152 751 2222 qui
779 2152 1034 2208 afferebat
1062 2162 1204 2211 metu
1231 2153 1540 2224 prtedonum
1568 2154 1757 2224 pedem
1786 2153 2029 2209 retulisse
2054 2170 2068 2207 :

501 2250 786 2312 monetque
813 2243 957 2298 illum
999 2254 1056 2299 ut
1098 2260 1128 2299 a
1178 2244 1449 2300 mittendis
1478 2244 1633 2300 donis
1677 2244 1982 2308 abstineat;
2014 2257 2072 2298 se

502 2333 644 2387 enim
691 2334 978 2403 ingentium
1017 2335 1278 2391 donorum
1324 2336 1444 2391 loco
1469 2336 1584 2405 ejus
1621 2338 1883 2391 sinceram
1910 2345 1964 2391 et
1987 2350 2073 2390 ar-

501 2421 712 2477 dentem
744 2423 1162 2481 benevolentiam
1191 2426 1406 2481 habere.
1435 2426 1631 2481 Eadem
1658 2425 1768 2481 fere
1799 2426 1908 2496 ipsa
1938 2426 2076 2481 dixit

504 2514 559 2567 in
587 2529 676 2584 ep.
716 2515 785 2569 49
826 2516 893 2571 ad
919 2517 1165 2573 eumdem
1204 2519 1476 2587 Alphium,
1522 2533 1678 2587 quem
1706 2518 1904 2581 laudat,
1933 2517 2072 2586 quod

503 2620 617 2670 eos,
647 2607 733 2675 qui
763 2622 884 2662 eum
930 2610 1125 2678 pietate
1150 2608 1406 2673 viverent,
1449 2624 1696 2665 recreare
1736 2610 1993 2675 studeret,
2023 2610 2073 2664 id

505 2707 604 2761 est,
635 2699 943 2755 muneribus
971 2699 1080 2753 suis
1103 2700 1332 2770 quietem
1363 2700 1467 2755 illis
1495 2700 1798 2755 conciliare.

575 2789 813 2843 Monachi
838 2788 945 2844 duo
969 2789 1224 2846 Romulus
1252 2802 1306 2844 et
1327 2790 1499 2861 llyzus
1530 2790 1582 2844 in
1608 2788 1890 2844 solitudine
1916 2789 2075 2859 dege-

507 2879 652 2947 bant,
677 2887 729 2934 et
749 2879 959 2950 pietatis
994 2880 1127 2935 fama
1156 2879 1577 2936 celebrabantur.
1618 2879 1709 2935 llis
1738 2880 1883 2934 misit
1905 2880 2078 2950 Chry-

504 2979 772 3023 sostomus
823 2970 1101 3040 epistolam
1130 2970 1198 3027 56
1213 2985 1349 3040 ,qua
1400 2985 1459 3025 se
1488 2984 1824 3039 summopere
1872 2969 2073 3039 efflagi-

504 3066 621 3113 tare
643 3058 790 3124 dicit,
823 3068 880 3113 ut
910 3060 1006 3127 ipsi
1026 3058 1295 3114 Cucusum
1324 3059 1556 3124 veniant,
1586 3068 1640 3112 ut
1666 3069 1772 3112 tam
1802 3058 2077 3128 religiosos

507 3152 650 3207 viros
672 3152 801 3221 ipsis
823 3151 992 3207 oculis
1017 3152 1326 3221 conspicere
1350 3153 1537 3221 possit.
1567 3151 1701 3218 Quia
1726 3164 1857 3205 vero
1879 3156 1989 3205 tum
2009 3148 2078 3204 ob

507 3242 711 3296 itineris
739 3242 1137 3312 longitudinem,
1175 3251 1283 3296 tum
1311 3243 1380 3297 ob
1406 3241 1595 3298 hiemis
1626 3250 1853 3311 tempus,
1880 3250 1990 3295 tum
2010 3238 2079 3294 ob

509 3333 807 3387 Isaurorum
854 3343 1051 3389 metum
1095 3334 1146 3388 id
1190 3334 1407 3388 minime
1455 3333 1665 3399 licebat,
1714 3332 1887 3388 literis
1930 3345 2078 3386 suam

509 3439 632 3495 erga
679 3439 773 3479 eos
803 3424 1225 3480 benevolentiam
1271 3425 1436 3480 voluit
1464 3425 1755 3490 testiﬁcari,
1807 3425 2077 3479 hortatur—

505 3531 612 3585 que
638 3516 759 3569 illos
788 3525 842 3570 ut
862 3516 961 3570 sibi
989 3516 1283 3570 rescribam
1304 3524 1357 3569 et
1382 3516 1449 3570 de
1472 3516 1646 3570 salute
1674 3531 1767 3570 sua
1796 3516 2077 3569 certiorem

502 3623 569 3661 se
600 3606 813 3661 faciant.
842 3606 1068 3678 Hypatio
1090 3606 1250 3660 etiam
1280 3606 1591 3676 presbytero
1612 3605 1925 3660 veneranda:
1955 3612 2084 3658 mta-

511 3697 579 3752 tis
607 3697 721 3752 viro
746 3698 954 3766 scripsit
982 3697 1143 3765 epist.
1174 3695 1264 3761 97,
1283 3709 1385 3764 qua
1416 3695 1563 3748 illum
1592 3694 1643 3748 in
1673 3694 1926 3748 arrumnis
1949 3708 2081 3748 con-

505 3788 731 3843 solatur.
777 3786 884 3843 Sed
931 3787 1221 3856 longiorem
1261 3786 1432 3840 eidem
1483 3786 1626 3841 misit
1660 3785 1815 3855 epist.
1861 3786 1982 3851 180,
2023 3773 2085 3841 'et

512 3896 669 3951 quem
694 3881 802 3951 jam
817 3881 876 3935 in
901 3880 1019 3936 aliis
1046 3878 1216 3935 literis
1237 3879 1561 3942 laudaverat,
1590 3878 1674 3931 bie
1699 3892 1911 3947 quoque
1941 3879 2083 3934 cele-

514 3971 651 4040 brat,
670 3972 808 4043 quod
836 3972 887 4027 in
907 3980 1054 4026 tanta
1072 3979 1344 4026 senectute
1365 3969 1615 4039 populum
1636 3969 1909 4039 religionis
1925 3983 2084 4024 causa

514 4072 759 4119 vexatum
806 4062 1007 4116 foveret
1031 4070 1086 4115 et
1112 4060 1489 4116 conﬁrmaret:
1521 4074 1684 4130 seque
1723 4058 1850 4114 dicit
1889 4060 2084 4128 saepius

516 4154 617 4221 ipsi
659 4154 974 4221 scripturum
1023 4152 1206 4215 fuisse,
1250 4151 1349 4204 nisi
1382 4160 1488 4205 tum
1536 4150 1816 4208 hibernum
1856 4158 2083 4220 tempus,

476 4256 627 4315 ,tum
672 4245 981 4314 praedonum
1013 4253 1186 4300 metus
1213 4244 1498 4300 obessent:
1543 4245 1885 4300 diaeonorum
1924 4244 2085 4299 etiam

508 4337 731 4394 Eusebii
761 4345 815 4393 et
831 4336 1186 4408 ‘Lamprotati,
1215 4336 1304 4408 qui
1332 4351 1689 4392 aerumnarum
1723 4336 1929 4408 llypatii
1958 4350 2089 4389 con-

518 4439 689 4487 sortes
742 4438 913 4498 erant,
944 4429 1264 4485 mentionem
1311 4429 1451 4484 facit.
1483 4428 1682 4484 Danieii
1724 4442 1934 4498 quoque
1962 4442 2087 4497 pre-

516 4524 734 4595 shytero
749 4520 960 4591 scripsit
983 4520 1140 4591 epist.
1174 4519 1309 4587 199;
1332 4535 1487 4590 quem
1519 4518 1699 4574 laudat
1722 4526 1774 4574 et
1803 4517 2087 4572 admodum

517 4617 748 4671 celebrat
790 4630 817 4669 a
848 4614 1118 4685 patientia,
1171 4613 1497 4679 fortitudine,
1544 4609 1791 4682 loquendi
1822 4610 2087 4671 libertate,

518 4722 673 4776 quam
698 4720 819 4760 cum
861 4706 1020 4761 sociis
1065 4704 1174 4759 suis
1215 4703 1469 4758 exhibere
1521 4718 1625 4757 non
1654 4699 1946 4767 desinebat,
1965 4700 2092 4755 sibi-

519 4812 622 4866 que
645 4796 720 4850 ait
748 4795 799 4847 in
828 4794 1004 4850 hieme
1043 4794 1276 4848 versanti
1301 4809 1366 4850 ac
1390 4793 1727 4864 prmdonibus
1748 4799 1944 4848 vexato
1961 4791 2093 4846 scri-

516 4887 648 4942 bere
674 4900 778 4939 non
803 4884 1030 4939 desinat.

591 4977 705 5031 llac
751 4977 884 5044 ipsa,
927 4984 992 5030 ut
1043 4982 1291 5045 putatur,
1342 4974 1519 5030 hieme
1566 4976 1841 5045 epistolam
1890 4975 2094 5044 accepit

524 5065 785 5123 Theodoti
837 5067 1066 5133 diaconi,
1107 5065 1196 5136 qui
1218 5079 1560 5135 summopere
1590 5067 1735 5121 illum
1785 5066 2013 5121 invisere
2041 5074 2094 5121 et

523 5160 788 5215 Cucusum
833 5157 1093 5228 proﬁcisci
1123 5157 1389 5227 cupiebat,
1437 5155 1531 5211 sed
1584 5153 1861 5211 hibernum
1890 5165 2095 5223 tempus

526 5259 579 5304 et
605 5249 935 5319 negotiorum
965 5246 1248 5303 difficultas
1276 5246 1654 5316 impedimento
1695 5245 1921 5300 fuerant.
1968 5245 2098 5300 iluic

528 5340 806 5410 epistolam
832 5340 916 5395 ille
937 5340 1080 5395 misit
1101 5340 1186 5405 M,
1207 5347 1371 5409 utque
1390 5347 1628 5394 suaserat
1648 5338 1747 5408 ipsi
1768 5330 2093 5399 Theodotus,

529 5431 593 5488 ad
622 5433 877 5503 plurimos
898 5434 1030 5489 alios
1058 5433 1308 5503 scripsit;
1351 5448 1457 5487 non
1484 5440 1659 5486 autem
1687 5431 1750 5486 ad
1781 5429 2094 5494 Carterimn,

530 5541 685 5593 quam
713 5526 918 5581 ereteris
956 5526 1268 5595 adjunxcrat
1294 5524 1616 5589 Theodotus,
1647 5524 1768 5595 quia
1797 5539 1967 5595 nuper
2002 5526 2098 5596 ipsi

532 5622 711 5677 literas
733 5623 965 5685 miserat,
997 5631 1049 5675 et
1075 5619 1195 5691 quia
1223 5618 1479 5675 didicerat
1506 5616 1646 5672 illam
1672 5617 1883 5689 longam
1921 5620 2101 5675 iniisse

536 5713 1011 5785 peregrinationem
1038 5727 1054 5778 ;
1083 5719 1425 5782 precaturque
1450 5709 1778 5766 Theodotum
1809 5717 1865 5765 ut
1887 5709 2100 5766 Marcel-

1549 314 1602 366 S.
1645 312 1922 367 JOANNIS
1960 306 2426 366 CHRYSOSTOMI
2469 307 2647 379 VITA,

3638 297 3738 354 2i8

2177 427 2376 481 lianum
2403 437 2454 483 et
2481 427 2695 483 fratrem
2725 426 3022 493 conveniat,
3048 434 3101 482 et
3129 438 3249 480 cum
3279 422 3383 480 illis
3405 428 3546 494 agat,
3584 428 3661 484 ut,
3698 421 3739 477 sl

2174 519 2383 588 quando
2403 518 2651 574 Carteriaz
2675 520 2928 587 scribant,
2961 534 3020 573 se
3054 518 3191 589 apud
3222 517 3364 572 illam
3407 525 3648 586 purgent,
3690 526 3743 570 ut

2174 611 2259 681 qui
2287 626 2389 666 non
2421 628 2513 682 per
2542 612 2907 683 negligentiam
2938 611 3179 667 tacuerit.
3217 607 3389 677 Epist.
3421 618 3550 661 vero
3574 604 3644 662 43
3681 606 3742 658 ad

2172 702 2473 758 Bassianam
2493 704 2811 773 misit,quam
2832 703 3002 773 arguit
3020 702 3159 770 quod
3180 700 3278 756 sibi
3295 700 3477 754 literas
3503 712 3609 752 non
3631 696 3743 750 mit.

2172 800 2266 860 tat,
2290 793 2429 863 quod
2455 803 2628 848 tamen
2647 792 2798 848 facile
2822 793 3129 863 possit,eum
3149 801 3345 862 praesto
3363 787 3555 844 habeat
3569 786 3743 841 Theo.

2171 880 2351 937 dotum
2379 883 2675 949 diaconum,
2693 883 2779 953 qui
2812 882 3053 937 mittendi
3082 881 3380 937 facultatem
3402 880 3527 934 dare
3550 878 3739 947 possit.

2243 981 2352 1036 lloc
2375 981 2488 1051 ipso
2515 996 2656 1036 anno
2679 982 2834 1051 epist.
2858 980 2959 1035 148
2986 977 3127 1033 misit
3153 975 3219 1030 ad
3241 973 3533 1043 episcopos,
3548 969 3738 1040 Cyria-

2171 1084 2313 1137 cum,
2355 1070 2702 1137 Demetrium,
2741 1070 3052 1130 Palladium.
3076 1065 3372 1136 Eulysium,
3402 1061 3489 1131 qui
3515 1058 3741 1113 Romam

2170 1159 2539 1230 confugerant,
2565 1170 2618 1216 et
2641 1160 2709 1216 de
2735 1160 2923 1230 quibus
2953 1174 3073 1213 mox
3096 1154 3295 1210 mentio
3319 1151 3616 1206 habebitur.
3634 1148 3744 1202 llos

2172 1267 2301 1306 vero
2328 1253 2513 1308 beatos
2537 1262 2591 1308 et
2611 1263 2692 1307 ter
2716 1253 2900 1308 beatos
2924 1251 3068 1314 dicit,
3091 1249 3162 1304 ob
3187 1245 3431 1310 sudores,
3455 1255 3740 1303 arrumnas,

2171 1342 2380 1399 labores
2409 1353 2463 1399 et
2488 1345 2739 1414 pericula,
2768 1359 2887 1412 qua:
2918 1358 3013 1413 pro
3038 1339 3283 1396 omnibus
3305 1336 3453 1391 orbis
3492 1332 3745 1388 Eeclesiis

2172 1434 2441 1489 subierunt
2482 1453 2494 1488 :
2536 1449 2637 1503 qua
2685 1435 2751 1489 de
2778 1447 2935 1488 causa
2974 1431 3134 1486 etiam
3181 1427 3249 1483 ab
3288 1424 3551 1480 universis
3596 1435 3744 1475 sana:

2172 1528 2367 1582 mentis
2409 1527 2708 1581 hominibus
2753 1524 3179 1587 celebrabantur,
3221 1528 3274 1575 et
3314 1515 3542 1585 amplam
3571 1529 3601 1567 a
3633 1512 3742 1566 Deo

2172 1619 2470 1674 mercedem
2495 1628 2648 1671 erant
2669 1617 2953 1685 accepturi.
2981 1613 3115 1668 Dicit
3138 1618 3312 1666 autem
3332 1607 3608 1680 Cyriacum
3627 1603 3742 1658 dia-

2173 1724 2384 1772 conum,
2414 1711 2499 1777 qui
2530 1709 2750 1762 Romam
2785 1706 3121 1774 navigaturus
3146 1708 3281 1767 erat,
3311 1711 3452 1753 nunc
3479 1694 3740 1766 proﬁcisci

2176 1817 2278 1855 non
2302 1800 2559 1872 potuisse,
2582 1798 2721 1869 quod
2748 1797 2915 1851 multo
2940 1795 3123 1849 labore
3142 1790 3416 1847 confectus
3437 1793 3604 1842 esset.
3632 1782 3741 1838 Sed

2175 1890 2430 1946 Joannem
2453 1889 2819 1958 presbyterum
2849 1893 2903 1941 et
2928 1885 3143 1940 Paulum
3169 1882 3472 1944 diaconum,
3498 1889 3619 1930 eum
3646 1888 3742 1927 un-

2176 1981 2334 2050 dique
2377 1988 2718 2044 vexarentur,
2746 1986 2801 2032 et
2828 1989 3083 2044 nusquam
3111 1970 3403 2027 consistere
3445 1965 3526 2020 vel
3550 1962 3741 2018 delite-

2175 2083 2327 2124 scere
2354 2076 2591 2139 possent,
2621 2067 2843 2121 Romam
2870 2066 3013 2134 ipsos
3038 2062 3185 2117 adire
3212 2066 3425 2115 coactos
3449 2055 3628 2121 fuisse,
3651 2066 3746 2106 ro-

2175 2167 2366 2229 gatque
2384 2172 2510 2213 cum
2535 2158 2755 2211 caritate
2781 2155 2924 2225 ipsos
2948 2152 3232 2220 excipiant.

2245 2248 2480 2302 Arsacias
2499 2248 2727 2312 moritur,
2750 2254 2795 2299 et
2812 2244 3004 2298 Atticus
3023 2242 3074 2296 in
3099 2239 3264 2295 sedem
3279 2236 3339 2292 C.
3357 2235 3426 2291 P.
3446 2233 3746 2289 inluditur.

2178 2340 2380 2394 —Jam
2425 2337 2489 2392 ad
2531 2337 2632 2391 alia
2672 2348 2992 2396 cvocamur,
3022 2347 3141 2402 qua:
3180 2329 3279 2386 etsi
3307 2341 3525 2398 prorsus
3567 2339 3751 2379 rerum

2177 2432 2363 2487 faciem
2391 2446 2493 2484 non
2536 2438 2824 2493 mutavere,
2873 2425 3035 2480 multa
3077 2422 3330 2478 induxere
3376 2432 3531 2474 nova.
3564 2415 3756 2471 Tertio

2178 2537 2405 2592 namque
2441 2521 2560 2574 idus
2587 2517 2899 2574 Novembris
2944 2513 3215 2578 Arsacius,
3245 2511 3333 2580 qui
3366 2505 3756 2563 Constantino-

2177 2613 2461 2683 politanam
2506 2608 2685 2664 sedem
2727 2609 3024 2669 invaserat,
3066 2618 3162 2659 seu
3202 2601 3380 2672 potius
3422 2598 3475 2652 in
3502 2610 3620 2651 eam
3665 2593 3757 2647 in-

2178 2703 2365 2757 ductus
2408 2700 2596 2764 fuerat,
2627 2699 2792 2753 obiit:
2827 2696 2906 2751 vir
2930 2709 3085 2765 quem
3130 2691 3372 2748 laudibus
3409 2687 3611 2743 extollit
3642 2682 3757 2739 So—

2177 2800 2349 2847 crates
2369 2790 2539 2862 (Socr.
2564 2789 2602 2843 ι.
2627 2788 2680 2843 6.
2708 2804 2754 2841 c.
2775 2785 2869 2856 9.0)
2889 2803 2904 2851 ;
2928 2784 3259 2839 Sozomenus
3294 2792 3423 2834 vero
3442 2776 3569 2832 dicit
3584 2773 3762 2829 fuisse

2180 2882 2327 2941 illum
2376 2889 2707 2934 mansuetum
2748 2883 2805 2931 et
2844 2874 3183 2943 religiosum,
3222 2868 3317 2924 sed
3354 2865 3561 2921 laudem
3605 2863 3762 2919 illam

2179 2973 2436 3028 minuisse
2474 2971 2698 3026 clericos
2747 2966 3037 3038 quosdam,
3081 2963 3172 3034 qui
3215 2962 3396 3017 omnia
3436 2972 3535 3028 pro
3585 2954 3765 3010 lubito

2179 3064 2405 3134 agebant
2427 3061 2660 3132 (Sozam.
2692 3060 2730 3114 ι.
2749 3057 2804 3112 8.
2827 3073 2876 3111 c.
2900 3053 2993 3128 27)
3017 3071 3031 3108 :
3055 3067 3239 3108 verum
3267 3049 3482 3105 infamia
3522 3043 3762 3117 quadam

2180 3163 2395 3210 notasse
2435 3152 2578 3206 illum
2622 3165 2708 3219 ea,
2737 3164 2855 3220 qua:
2892 3155 3078 3202 contra
3120 3139 3484 3214 Chrysostomi
3520 3136 3766 3192 fautores

2179 3257 2326 3319 gesta
2339 3252 2481 3302 sunt.
2509 3245 2576 3299 At
2593 3243 2763 3297 deliro
2784 3240 2895 3296 seni
2910 3253 3016 3294 non
3035 3251 3129 3292 sua
3150 3235 3395 3298 fortasse,
3414 3230 3507 3286 sed
3529 3229 3764 3319 aliorum

2182 3317 2414 3394 facinora
2435 3376 2450 3401 ,
2498 3335 2632 3389 hanc
2659 3342 2835 3386 notam
2866 3331 3133 3384 invexere.
3178 3325 3308 3381 Utut
3332 3336 3420 3378 res
3444 3328 3546 3386 est,
3580 3317 3764 3374 Gnaei

2186 3432 2329 3486 illum
2365 3430 2417 3483 in
2453 3426 2668 3483 lleuaris
2691 3424 2800 3478 suis
2825 3429 3125 3476 sanctorum
3154 3426 3374 3472 numero
3398 3410 3761 3478 adscripsere.

2186 3521 2369 3575 Tanta:
2396 3518 2538 3573 sedis
2564 3531 2627 3570 ac
2665 3511 2935 3583 dignitatis
2977 3506 3300 3578 occupanda:
3327 3502 3575 3572 cupidine
3609 3497 3763 3553 ducti

2185 3610 2414 3683 plurimi,
2447 3606 2716 3662 machinas
2741 3618 2927 3659 omnes
2967 3598 3242 3656 intendere
3270 3614 3284 3650 :
3315 3595 3634 3662 demumque
3659 3592 3765 3677 ᾼι-

2187 3686 2322 3758 licus
2372 3699 2676 3770 presbyter,
2720 3711 2784 3751 ex
2835 3689 3190 3750 ambientibus
3232 3701 3390 3749 unus,
3438 3683 3531 3753 qui
3572 3688 3764 3737 contra

2186 3795 2443 3851 Joannem
2486 3792 2925 3862 Chrysostomum
2968 3783 3274 3853 episcopum
3316 3790 3492 3840 suum,
3540 3786 3664 3828 cum
3704 3772 3765 3825 iu

2186 3886 2429 3941 exsilium
2472 3882 2774 3950 pelleretur,
2816 3877 2981 3931 multa
3007 3881 3269 3936 moverat,
3298 3868 3499 3923 electus
3540 3862 3765 3918 ordina-

2189 3987 2378 4047 tusque
2417 3974 2554 4029 fuit:
2599 3972 2682 4026 vir
2733 3967 3042 4030 industrius,
3089 3960 3430 4019 mediocriter
3466 3956 3656 4012 doctus
3706 3958 3768 4008 et

2189 4071 2467 4139 eloquens,
2498 4078 2621 4135 erga
2646 4078 2740 4118 eos
2768 4071 2966 4125 autem,
2994 4056 3083 4127 qui
3114 4062 3291 4125 partes
3316 4062 3439 4106 suas
3464 4061 3572 4103 non
3588 4051 3769 4101 secta-

2189 4163 2400 4223 bantur,
2430 4159 2621 4213 ardens
2642 4163 2697 4210 et
2717 4151 2985 4208 terribilis.

2261 4250 2503 4321 Episcopi
2534 4244 2743 4316 plurimi
2768 4242 2985 4297 Romam
3008 4235 3325 4308 confugiunt.
3545 4226 3769 4284 Oriente

2192 4319 2417 4398 Romam
2440 4336 2591 4391 multi
2614 4334 2937 4389 advenerant
2956 4325 3191 4400 (Pallad.
3222 4341 3275 4394 p.
3300 4319 3393 4386 26,
3422 4319 3541 4389 27),
3570 4324 3681 4371 tum
3703 4324 3770 4368 ut

2191 4432 2311 4502 fuga
2343 4426 2608 4484 securitati
2637 4439 2749 4480 sua:
2773 4420 3142 4482 consulerent,
3171 4424 3281 4469 tum
3305 4419 3367 4467 ut
3392 4406 3765 4502 Innocenti-um

2192 4496 2387 4593 Papam
2416 4519 2484 4574 de
2510 4513 2900 4573 calamitatibus
2919 4552 2933 4575 ,
2963 4524 3082 4580 qua:
3104 4503 3429 4562 Orientalem
3469 4496 3769 4593 Ecclesiam

2192 4584 2534 4676 divexabant,
2578 4607 2943 4665 informarent,
2981 4608 3139 4667 atque
3163 4608 3284 4650 eum
3313 4601 3371 4647 ut
3411 4587 3644 4646 remedia
3671 4584 3773 4639 ad.

2196 4707 2401 4761 biberet
2419 4701 2749 4756 inducerent.
2777 4694 3052 4765 Cyriacus,
3070 4684 3433 4758 Synnadorum
3457 4676 3769 4748 episcopus,

2195 4798 2353 4854 nullis
2372 4798 2659 4851 instructus
2683 4786 2944 4859 epistolis,
2966 4782 3062 4839 sed
3088 4781 3153 4836 ad
3167 4793 3288 4835 eam
3306 4787 3418 4831 rem
3436 4765 3771 4859 tractandam

2196 4889 2437 4949 idoneus,
2469 4884 2697 4940 edictum
2721 4857 3026 4948 imperiale
3058 4867 3392 4932 ostendebat,
3435 4875 3542 4932 quo
3583 4857 3773 4914 edice-

2198 4982 2370 5045 batur,
2401 4987 2459 5032 ut
2497 4973 2736 5046 quisquis
2773 4986 2893 5026 eum
2932 4963 3231 5034 Theophilo
3250 5002 3266 5029 ,
3297 4956 3519 5014 Arsacia
3550 4960 3608 5007 et
3634 4950 3769 5005 Ροτο

2198 5071 2386 5143 phyrio
2424 5082 2528 5122 non
2562 5062 2998 5124 communicaret,
3030 5057 3097 5110 ab
3126 5053 3434 5123 episcopatu
3461 5050 3767 5143 arceretur.

2198 5133 2251 5220 et
2272 5133 2527 5232 quidquid
2569 5171 2727 5227 opum
2756 5153 2839 5209 vel
2877 5150 3184 5207 facultatum
3218 5141 3443 5232 haberet
3481 5133 3773 5232 amitteret.

2200 5227 2327 5308 Post
2361 5227 2480 5307 eum
2509 5248 2775 5318 Eulysius,
2810 5245 3056 5312 Apamea
3101 5238 3154 5292 in
3182 5231 3427 5303 Bithynia
3465 5227 3773 5297 episcopis.

2200 5345 2344 5400 venit
2371 5360 2385 5397 :
2410 5343 2496 5410 qui
2527 5339 2706 5393 literas
2734 5332 2987 5389 afferebat
3012 5325 3313 5399 quindecim
3341 5320 3710 5410 episcoporum
3744 5327 3781 5364 e

2202 5434 2413 5509 Synodo
2429 5406 2675 5496 .loannis,
2694 5436 2749 5482 et
2764 5424 2946 5496 optimi
2974 5418 3119 5477 senis
3141 5415 3344 5487 Anysii,
3364 5406 3783 5509 Thessalonice!

2204 5501 2459 5599 episcopi,
2487 5530 2543 5578 et
2566 5527 2881 5591 prmsentem
2920 5523 2973 5569 et
3013 5511 3243 5582 priorem
3280 5505 3446 5560 tutius
3468 5501 3786 5599 Constanti.

2207 5588 2415 5689 nopolis
2443 5588 2791 5682 direptionem
2820 5607 3181 5663 testificantes.
3216 5596 3444 5668 Anysius
3472 5605 3605 5648 vero
3622 5588 3783 5645 dice-

2209 5712 2298 5766 bat
2319 5723 2376 5763 se
2396 5704 2591 5776 judicio
2620 5694 3157 5757 RonianmEcclesiae
3180 5689 3538 5760 acquiescere.
3583 5701 3605 5725 ·ι
3676 5698 3695 5720 ο·
