4088 6138
315 272 418 328 249

379 383 574 458 Elapso
625 401 810 442 mense
860 387 1084 443 accessit
1134 384 1431 453 Palladius,
1491 380 1882 456 llelenOpoleos

314 491 596 547 episcopus
617 517 631 540 ,
661 491 721 531 se
763 475 993 532 furorem
1022 478 1360 547 magistratus
1384 476 1685 532 declinandi
1722 489 1880 530 causa

311 568 508 637 fugisse
535 581 782 632 narrans,
804 575 860 620 et
878 582 995 637 quae
1018 575 1145 621 tunc
1166 567 1281 624 dira
1306 567 1692 622 exercebantur
1715 566 1883 635 signi-

310 660 491 715 ﬁcans.
516 659 645 714 Post
673 660 964 714 Palladium
997 662 1141 715 venit
1173 660 1475 716 Germanus
1503 659 1806 730 presbyter,
1828 667 1882 714 et

309 763 428 804 cum
461 749 550 803 illo
572 747 861 804 Cassianus
883 749 1169 814 diaconus,
1199 750 1250 803 iu
1291 759 1401 804 toto
1426 750 1555 804 orbe
1583 749 1882 804 Christiano

309 839 688 895 celeberrimus
719 857 731 892 :
757 841 847 910 qui
868 841 1047 894 literas
1067 839 1355 894 all'erebaut
1381 839 1544 892 totius
1560 838 1697 893 Cleri
1720 837 1884 892 Joan-

311 931 394 986 ais
422 929 813 999 Chrysostomi,
863 929 1204 985 testiﬁcantes
1245 931 1550 998 episcopum
1595 943 1746 982 suum
1798 937 1880 999 ty‘

312 1021 528 1074 raunice
557 1019 607 1073 in
644 1020 889 1074 exsilium
927 1029 1101 1074 actum
1135 1034 1254 1074 esse
1279 1033 1373 1088 per
1393 1017 1676 1072 factionem
1704 1016 1881 1071 Acacii

311 1112 940 1182 Berceensis,'l‘beophili
995 1111 1368 1174 Alexandrini,
1417 1108 1660 1163 Antiochi
1709 1107 1883 1162 Ptole—

310 1203 534 1266 maidos,
563 1213 617 1256 et
636 1201 907 1258 Severiaui
931 1200 1273 1256 Cabalorum.
1302 1198 1384 1254 Ad
1413 1198 1529 1252 hmc
1557 1197 1880 1251 breviculum

309 1293 678 1357 ostenderunt,
701 1306 806 1360 quo
833 1291 1060 1359 pretiosa
1086 1305 1207 1344 vasa
1235 1289 1560 1344 tradiderant
1585 1302 1763 1342 coram
1790 1287 1880 1356 ju-

309 1382 538 1445 dieibus,
559 1381 747 1434 Studio
777 1378 1034 1434 Praefecto
1075 1379 1244 1446 urbis,
1275 1377 1605 1449 Eutycbiauo
1628 1375 1881 1430 Praefecto

309 1472 587 1535 Pr:etorii,
635 1470 840 1525 Joanne
891 1469 1096 1523 Comite
1143 1469 1512 1522 thesaurorum
1538 1505 1554 1532 ,
1609 1465 1881 1519 Eustatbio

306 1563 586 1631 Quaastore
615 1569 669 1616 et
693 1560 1011 1626 Tabulariis,
1040 1559 1094 1613 in
1120 1574 1272 1624 auro,
1304 1566 1524 1627 argento
1542 1564 1597 1611 et
1624 1555 1877 1620 vestibus,

305 1653 626 1708 calumniam
652 1651 842 1706 Joanni
880 1651 1132 1720 episcopo
1166 1647 1443 1704 conﬁctam
1488 1645 1874 1717 propulsantes.

305 1744 422 1809 Qua
449 1743 518 1798 de
551 1757 608 1797 re
637 1752 811 1796 actum
836 1749 938 1806 est,
965 1754 1083 1795 cum
1113 1738 1182 1794 de
1209 1738 1516 1808 expulsioue
1533 1735 1874 1808 Cbryostomi

303 1836 469 1890 verba
499 1834 739 1889 fecimus.

377 1927 505 1982 Post
534 1926 653 1980 illos
682 1924 860 1992 rediit,
896 1924 985 1995 qui
1007 1924 1114 1994 jam
1154 1931 1277 1978 ante
1313 1930 1528 1976 venerat
1561 1918 1878 1983 Demetrius,

304 2015 640 2071 l’essinuntis
683 2014 996 2085 episcopus,
1042 2013 1132 2082 qui
1187 2012 1456 2067 Orientem
1506 2017 1878 2080 pcreurrerat,

305 2106 607 2177 prmdicans
644 2104 1006 2159 Romanorum
1045 2103 1472 2158 communionem
1515 2116 1634 2154 cum
1677 2099 1882 2154 Joanne

299 2199 577 2267 episcopo,
607 2195 835 2250 ostensis
853 2194 1142 2249 Innocentii
1161 2193 1315 2262 Papae
1334 2191 1534 2254 literis;
1559 2200 1682 2245 tunc
1702 2199 1880 2244 autem

300 2289 534 2342 all'erens
564 2288 742 2341 literas
764 2286 1130 2356 episcoporum
1156 2281 1346 2349 Cariae,
1378 2283 1466 2352 qui
1491 2281 1710 2336 Joannis
1732 2295 1878 2334 como

302 2380 619 2434 munionem
655 2377 1140 2447 amplectebantur,
1171 2375 1406 2443 aliasque
1450 2373 1879 2443 presbyterorum

302 2472 638 2537 Antiochiae,
680 2471 771 2541 qui
801 2470 1090 2524 Romanam
1132 2468 1464 2537 disciplinam
1506 2466 1878 2536 sequebantur,

302 2563 764 2633 deplorabantque
814 2559 1092 2630 Porphyrii
1141 2559 1524 2614 ordinationem
1571 2566 1753 2612 contra
1793 2556 1882 2626 jus

301 2653 492 2722 fasque
519 2652 737 2706 inducti.

376 2746 507 2800 Post
531 2745 648 2799 illos
676 2759 862 2800 omnes
881 2743 1028 2799 venit
1055 2742 1383 2797 Domitianus
1405 2741 1702 2812 presbyter,
1735 2755 1883 2794 oeco-

301 2851 500 2893 nemus
546 2836 800 2892 Ecclesiae
849 2835 1480 2905 Constantinopolitanae,
1535 2841 1592 2887 ct
1643 2832 1884 2902 Vallagas

297 2928 544 2998 quidam,
572 2925 850 2997 presbyter
873 2925 1176 2990 Nisibenus,
1194 2938 1417 2978 narrans
1443 2923 1880 2976 monasteriorum

299 3019 699 3088 Mesopotamia:
727 3015 1086 3071 afﬂictionem.
1118 3015 1180 3069 Ili
1209 3015 1366 3070 etiam
1403 3013 1733 3082 protulerunt
1759 3019 1878 3066 aeta

297 3109 483 3180 Optati
513 3107 785 3171 Praefecti,
815 3107 869 3160 in
894 3107 1044 3177 queis
1065 3105 1332 3160 ferebatur
1360 3103 1608 3158 honestas
1635 3102 1884 3156 mulieres

299 3215 375 3254 ex
398 3213 597 3269 genere
625 3196 904 3252 consulum
942 3195 1270 3250 diaconissas
1299 3192 1553 3248 Ecclesiae
1576 3190 1882 3246 Constanti-

298 3291 650 3359 nopolitanar,
678 3287 732 3341 in
754 3287 923 3342 oculis
943 3286 1120 3356 pepuli
1141 3283 1208 3340 ad
1233 3300 1354 3339 eum
1378 3283 1652 3346 adductas,
1675 3291 1885 3338 coactas

297 3382 473 3436 fuisse
499 3390 590 3450 aut
619 3394 740 3434 cum
769 3379 988 3434 Arsacio
1015 3375 1440 3442 communicare,
1473 3383 1564 3429 aut
1591 3375 1721 3429 ﬁsco
1757 3374 1885 3428 dare

298 3476 566 3529 ducentas
614 3473 728 3527 auri
770 3473 948 3527 libras.
980 3471 1186 3525 Ascette
1209 3483 1419 3540 quoque
1443 3477 1500 3522 et
1537 3467 1766 3536 virgines
1792 3465 1886 3520 ad-

297 3575 478 3630 erant,
497 3564 838 3619 ostendentes
853 3563 1049 3618 sulcata
1067 3561 1233 3617 latera
1251 3560 1306 3615 in
1321 3559 1568 3630 equuleo,
1589 3568 1643 3614 et
1663 3558 1716 3612 in
1739 3566 1885 3629 tergo

299 3658 589 3712 verberum
623 3666 794 3711 notas.

381 3749 668 3804 Innocentii
710 3747 869 3819 Papia
898 3748 1076 3807 (item.
1097 3778 1169 3789 —
1193 3747 1286 3803 llis
1306 3747 1606 3817 conspectis
1639 3745 1885 3800 omnibus

304 3842 652 3897 Innocentius
669 3841 809 3910 Papa
849 3840 1252 3911 Chrysostomo,
1275 3855 1303 3892 a
1329 3855 1434 3910 quo
1461 3839 1642 3892 literas
1666 3852 1885 3905 accepe-

306 3941 412 3993 rat,
433 3932 728 3999 rescﬁpsit,
746 3939 798 3982 et
814 3929 876 3983 ad
901 3931 1204 3998 patientiam
1223 3930 1274 3983 in
1293 3938 1434 3982 tanta
1453 3927 1724 3982 subeunda
1740 3927 1884 3979 cala-

305 4028 491 4078 ruitatc
516 4025 822 4077 cohortatus
850 4035 931 4077 est
959 4022 1191 4090 (Sozam.
1220 4023 1258 4075 ι.
1299 4022 1353 4076 8.
1393 4036 1439 4074 c.
1466 4019 1582 4090 26).
1612 4019 1885 4088 Episcopis

305 4115 492 4177 etiam,
534 4112 885 4183 presbyteris,
925 4111 1164 4167 diaeonis
1195 4119 1250 4165 et
1289 4111 1542 4166 universo
1584 4109 1739 4164 Clero
1781 4109 1884 4163 Ec-

301 4205 484 4258 clcsim
513 4203 1132 4273 Coustantinopolitanm,
1161 4202 1250 4272 qui
1276 4200 1376 4256 sibi
1401 4201 1580 4256 literas
1610 4200 1882 4262 miserant,

304 4311 404 4365 per
427 4293 752 4348 Germanum
797 4294 1161 4365 presbyterum
1186 4301 1241 4348 et
1265 4293 1570 4348 Cassianum
1605 4292 1884 4345 diaconum

307 4383 608 4452 respondit,
641 4391 844 4436 tantum
879 4384 1076 4437 malum
1129 4384 1227 4437 sibi
1259 4383 1548 4436 renuntiari
1587 4383 1801 4446 dicens,
1831 4389 1888 4434 ut

307 4478 421 4530 sola
451 4475 721 4545 patientiae
758 4474 1120 4530 consolatione
1155 4476 1329 4528 sanari
1363 4489 1517 4544 posse
1558 4481 1720 4543 putet.
1749 4472 1883 4526 Tum

307 4582 425 4631 eos,
463 4567 553 4635 qui
581 4581 685 4619 non
715 4565 949 4619 auditum
992 4565 1248 4620 Joannem
1287 4565 1694 4627 damnaverunt,
1726 4575 1785 4617 ut
1810 4564 1886 4617 fa-

308 4657 591 4711 cinorosos
621 4657 885 4725 improbat
915 4673 930 4710 :
964 4658 1425 4725 necessariumque
1455 4670 1575 4710 esse
1603 4657 1676 4708 ait
1716 4655 1888 4725 Syno.

306 4747 433 4800 dum
455 4763 669 4817 cogere,
691 4764 809 4818 qua:
826 4748 891 4802 de
909 4755 1052 4802 tanta
1076 4763 1137 4802 re
1159 4747 1324 4815 possit
1338 4746 1647 4800 decernere.
1671 4746 1740 4801 Se
1755 4760 1884 4800 vero

307 4840 510 4904 omnia,
555 4853 674 4907 qua:
707 4838 805 4908 ipsi
833 4837 1140 4903 narrabant,
1168 4836 1434 4890 audivisse
1470 4837 1601 4891 dicit
1642 4853 1670 4890 a
1701 4838 1883 4907 coepi-

305 4930 485 4998 scopis
505 4930 617 4983 suis
639 4931 926 4997 Demetrio,
949 4929 1190 5002 Cyriaco,
1212 4927 1427 5000 Eulysio
1450 4936 1504 4983 et
1519 4929 1772 4995 Palladio,
1791 4930 1884 4999 qui

301 5030 432 5078 tunc.
452 5022 636 5077 Roma:
659 5029 833 5077 erant.

376 5113 705 5169 Innocentius
739 5113 887 5183 Papa
918 5123 966 5168 et
996 5112 1255 5168 Honorius
1284 5113 1424 5184 Imp.
1464 5115 1729 5186 Synodttm
1753 5132 1886 5169 uacu-

303 5209 552 5260 metricam
568 5206 809 5260 celebrari
834 5208 1064 5276 cupiunt.
1083 5236 1153 5246 —
1178 5207 1250 5260 De
1269 5207 1506 5262 Concilio
1525 5208 1683 5276 igitur
1704 5207 1884 5263 (Ecu-

303 5299 516 5352 menico
541 5298 784 5368 cogendo
805 5298 870 5352 ad
901 5299 1190 5353 Honorium
1216 5301 1590 5368 Imperatorem
1620 5309 1747 5355 tunc
1776 5303 1883 5355 Ila-

302 5405 494 5444 vennae
533 5399 837 5443 versantem
863 5391 1093 5460 scripsit.
1124 5391 1223 5460 Qui
1253 5405 1363 5445 rem
1393 5406 1731 5460 summopere
1761 5407 1885 5460 pro-

305 5477 610 5548 hausjussit
627 5477 1042 5534 Occidentalium
1063 5480 1333 5551 Synodum
1364 5481 1501 5550 cogi.
1521 5479 1699 5535 Coacti
1727 5481 1886 5550 igitur

302 5570 540 5638 episcopi
570 5569 752 5633 Italia-,
784 5581 840 5625 ut
868 5573 940 5625 ait
969 5572 1228 5627 Palladius
1259 5574 1490 5643 (ctetcrte
1529 5588 1759 5642 namque
1785 5557 1887 5629 Oc-

300 5661 531 5715 cidentis
575 5661 860 5730 provinciae
888 5672 940 5717 et
980 5664 1220 5735 regiones
1250 5666 1741 5736 septentrionalium
1784 5681 1881 5721 na-

1465 273 1643 331 NUNC
1683 272 1945 330 PRIMUM
1977 272 2366 330 ADORNATA.

3449 270 3554 328 250

1995 393 2195 441 bonum
2225 381 2586 440 invasionibus
2615 384 2943 454 laborantes,
2979 383 3063 438 vix
3090 390 3335 453 poterant
3361 381 3416 438 in
3453 381 3556 438 Ita-

1990 476 2114 530 liam
2139 477 2417 546 episcopos
2439 490 2567 530 suos
2592 476 2826 545 mittere)
2854 491 2870 532 :
2901 489 3005 528 una
3036 473 3134 528 fuit
3150 481 3328 528 autem
3358 474 3558 544 episco-

1990 579 2176 634 porum
2202 566 2501 630 sententia;
2532 566 2780 619 nimirum
2809 573 2870 619 ut
2898 571 3046 618 tanto
3090 563 3233 618 malo
3261 564 3555 620 remedium

1987 653 2287 719 afferretur,
2318 654 2678 710 necessarium
2704 668 2823 708 esse
2847 653 3139 708 Concilium
3168 654 3554 712 meumenicum

1988 743 2405 800 Occidentalium
2433 744 2588 798 simul
2613 753 2668 800 et
2694 745 3060 808 Orientalium,
3085 753 3140 799 et
3161 745 3556 804 Thessalonicae

1989 833 2326 889 indicendum
2372 849 2512 898 esse,
2553 843 2610 889 ut
2649 833 2854 889 facilius
2890 835 3120 891 Orientis
3161 845 3218 890 et
3255 835 3558 893 Occidentis

1989 925 2245 993 praesules
2267 926 2358 980 illo
2395 939 2678 980 accurrere
2707 933 2943 995 possent.
2986 926 3083 990 llis
3113 929 3408 984 assentiens
3448 929 3557 984 llo-

1988 1018 2191 1082 norius,
2219 1017 2460 1072 Romano
2487 1017 2729 1074 Pontiﬁci
2758 1017 3068 1073 Innocentio
3093 1019 3326 1088 scripsit,
3359 1029 3417 1075 ut
3442 1021 3556 1090 epi-

1988 1121 2176 1176 scopos
2191 1107 2424 1176 quinque
2435 1107 2927 1178 Constantinopolin
2943 1108 3196 1176 mitteret,
3217 1109 3557 1180 presbyteros

1986 1203 2140 1270 duos,
2170 1214 2225 1259 et
2262 1205 2562 1271 diaconum,
2590 1204 2680 1274 qui
2727 1218 2874 1259 suam
2914 1203 2979 1258 ad
3010 1203 3228 1259 fratrem
3271 1203 3556 1258 Arcadium

1987 1294 2264 1363 epistolam
2289 1294 2561 1348 afferrent.

2059 1384 2349 1453 Epistolam
2377 1385 2535 1454 igitur
2558 1384 2785 1439 Arcadio
2824 1384 2971 1440 fratri
2999 1384 3242 1454 scripsit,
3269 1398 3426 1454 quam
3456 1384 3553 1452 ipsi

1989 1477 2198 1530 tertiam
2229 1493 2290 1530 ea
2326 1478 2394 1532 de
2421 1492 2481 1532 re
2522 1477 2737 1532 mittere
2779 1477 2938 1544 dicit,
2983 1487 3239 1548 rogatque
3275 1478 3558 1548 episcopos

1985 1566 2281 1622 Orientales
2313 1575 2464 1622 curet
2497 1567 2888 1623 Thessalonicae
2924 1567 3232 1638 congregari
3253 1603 3270 1634 ,
3294 1577 3558 1638 cogatque

1987 1656 2369 1727 Theophilum,
2397 1659 2486 1726 qui
2527 1659 2764 1712 omnium
2808 1659 3068 1712 malorum
3110 1672 3268 1712 causa
3313 1673 3435 1713 esse
3477 1658 3554 1712 fe-

1985 1747 2232 1810 rebatur,
2285 1746 2523 1802 Concilio
2570 1747 2780 1803 adesse.
2831 1747 2903 1802 Se
2948 1749 3148 1817 legatos
3199 1747 3296 1817 ipsi
3346 1748 3558 1802 mittere

1986 1836 2181 1905 probos
2209 1845 2263 1891 et
2288 1837 2399 1892 veri
2445 1845 2688 1891 amantes
2706 1878 2722 1899 ,
2747 1851 2884 1905 quos
2919 1845 2979 1890 ut
3005 1837 3140 1892 bene
3179 1837 3405 1908 excipiat
3432 1837 3556 1892 bor-

1987 1934 2147 1980 tatur.
2194 1926 2297 1994 Qui
2343 1941 2470 1981 vero
2515 1926 2662 1980 missi
2705 1926 2852 1982 fuere
2891 1926 3072 1995 legati,
3121 1935 3276 1981 erant
3319 1925 3555 1995 episcopi

1985 2014 2256 2082 rEmiiiua,
2277 2017 2586 2088 Cytbegius,
2609 2016 2937 2072 Gaudentius
2949 2027 3004 2071 et
3023 2016 3319 2081 Mai-ianus;
3339 2016 3555 2086 quintus

1986 2117 2160 2162 autem
2187 2123 2217 2162 a
2259 2109 2495 2163 Palladio
2533 2124 2642 2164 non
2667 2108 3013 2164 nominatur:
3040 2108 3337 2178 presbyteri
3374 2116 3555 2164 autem

1985 2198 2092 2252 duo
2114 2209 2264 2253 erant
2290 2196 2690 2254 Valentinianus
2717 2211 2770 2255 et
2797 2199 3120 2255 Bonifacius.

2055 2290 2288 2358 Anysius
2314 2290 2393 2342 vir
2410 2290 2520 2358 jam
2547 2303 2708 2344 senex
2732 2298 2786 2344 et
2813 2291 3029 2360 probus,
3064 2289 3344 2359 episc0ptts
3379 2289 3554 2344 Thes-

1986 2379 2363 2446 salonicensis,
2383 2380 2563 2434 literas
2593 2380 2811 2451 Eulysio
2844 2379 3085 2446 dederat,
3116 2389 3172 2434 ut
3201 2380 3444 2446 vidimus,
3474 2381 3558 2435 In-

1986 2469 2234 2524 nocentio
2265 2469 2419 2538 Papa:
2447 2469 2766 2535 afferendas,
2795 2471 2948 2540 queis
2975 2485 3033 2526 se
3059 2485 3156 2540 pro
3174 2469 3558 2542 (lhrysostomo

1986 2573 2128 2618 stare
2153 2563 2552 2617 testiﬁcabatur.
2595 2562 2730 2617 Huic
2756 2576 2992 2618 summas
3015 2564 3210 2632 gratias
3246 2563 3353 2632 egit
3381 2561 3558 2632 Chry-

1985 2663 2253 2710 sostomus
2298 2653 2351 2708 in
2401 2654 2627 2722 cpistola
2668 2653 2791 2708 162.
2838 2652 2969 2707 Eam
3020 2652 3220 2707 tardius
3261 2666 3418 2722 quam
3465 2665 3561 2720 par

1984 2745 2174 2801 fuisset
2216 2761 2275 2800 se
2309 2746 2519 2800 misisse
2563 2743 2907 2810 testiﬁcatur,
2935 2743 3005 2798 ob
3050 2743 3152 2797 loci
3198 2741 3556 2796 solitudinem.

1987 2836 2277 2907 Virumque
2324 2835 2503 2891 laudat
2529 2850 2558 2888 a
2586 2833 2892 2890 fortitudine
2926 2841 2985 2887 et
3023 2832 3340 2895 constantia,
3376 2830 3557 2886 horta-

1987 2937 2178 2997 turque
2217 2935 2275 2981 ut
2319 2928 2434 2996 pari
2478 2927 2672 2981 virtute
2711 2933 2896 2995 pergat
2924 2924 3213 2980 Ecclesium
3252 2923 3555 2979 defendere.

1987 3019 2277 3088 Epistolam
2303 3033 2515 3088 quoque
2543 3018 2646 3072 I63
2675 3017 2818 3071 misit
2844 3016 2912 3071 ad
2940 3017 3218 3086 episcopos
3243 3030 3429 3070 omnes
3446 3013 3559 3069 lla-

1985 3112 2245 3176 eedonite,
2277 3110 2460 3165 eadem
2489 3109 2654 3163 ferme
2696 3109 2808 3176 ipsa
2833 3106 3109 3162 ferentem.
3141 3106 3355 3160 Illorum
3383 3113 3560 3160 autem

1989 3203 2234 3258 undecim
2263 3203 2313 3255 in
2360 3200 2512 3254 titulo
2561 3199 2776 3253 nomina
2814 3197 3034 3267 profert,
3076 3212 3371 3266 agmenque
3417 3196 3564 3250 ducit

1988 3295 2220 3367 Anysius
2272 3292 2802 3355 Thessalonicensis;
2858 3289 2924 3343 ad
2991 3296 3320 3357 crateresque
3373 3301 3562 3342 omnes

1987 3387 2146 3440 etiam
2193 3399 2298 3436 non
2347 3382 2645 3436 nominatos
2693 3380 2960 3450 dirigitur.
3009 3377 3301 3448 Epistolam
3350 3391 3562 3447 quoque

1991 3475 2091 3530 164
2119 3474 2261 3529 misit
2291 3472 2357 3526 ad
2385 3470 2741 3526 Alexandrum
2763 3512 2777 3535 ,
2808 3468 3046 3524 Corinthi
3076 3468 3406 3538 episcOpum,
3431 3467 3564 3520 ami-

1989 3567 2114 3621 citia
2150 3565 2254 3620 sibi
2291 3563 2632 3631 conjunctum
2653 3601 2668 3628 ,
2713 3559 2782 3616 de
2809 3574 2919 3631 quo
2954 3568 3130 3615 tamen
3156 3557 3395 3628 queritur
3421 3557 3565 3628 quod

1987 3658 2170 3712 literas
2201 3655 2372 3709 nullas
2402 3653 2469 3709 ad
2497 3666 2556 3708 sc
2587 3653 2783 3706 mittat.

2057 3751 2442 3821 Cltrysostomus
2465 3747 2764 3803 Isaurorum
2797 3735 3168 3800 incursionibus
3204 3743 3399 3814 cogitur
3420 3741 3562 3797 sedes

1987 3853 2182 3895 mutare
2209 3851 2256 3894 et
2283 3841 2572 3894 Arabissum
2593 3843 2882 3910 confugere.
2907 3866 2980 3878 -—
3001 3837 3118 3892 Jam
3145 3836 3237 3891 diu
3263 3837 3563 3890 Isaurorum

1989 3932 2320 3987 incursiones
2346 3933 2618 4002 regionem
2648 3932 2791 3983 illam
2821 3937 2875 3983 et
2895 3928 3074 3984 omnia
3099 3927 3302 3981 circum
3332 3926 3445 3980 loca
3477 3926 3562 3978 in-

1989 4022 2119 4078 festa
2156 4023 2465 4077 habuerant.
2497 4021 2693 4076 Verum
2735 4033 2874 4074 anno
2909 4017 3016 4073 405
3046 4024 3304 4082 vertente,
3330 4022 3386 4070 et
3415 4013 3565 4068 initio

1989 4113 2264 4183 sequentis
2303 4112 2425 4177 406,
2459 4112 2614 4181 longe
2649 4110 2824 4164 acrius
2875 4106 3152 4172 institere;
3191 4114 3246 4161 et
3269 4119 3390 4160 eum
3421 4103 3563 4172 peri-

1988 4203 2164 4259 culum
2206 4210 2445 4256 essetne
2479 4201 2763 4265 Cucusum,
2813 4213 2918 4254 non
2962 4199 3032 4252 ita
3072 4197 3333 4252 munitum
3363 4195 3558 4256 locum,

1990 4293 2299 4349 invaderent
2344 4299 2721 4359 caperentque,
2765 4289 2997 4344 Joannes
3041 4296 3226 4344 noster
3271 4285 3338 4340 ad
3389 4285 3562 4355 fugam

1995 4384 2377 4456 capessendam
2419 4391 2634 4436 coactus
2679 4389 2803 4435 est:
2849 4395 2912 4434 ac
2958 4379 3258 4434 securitatis
3297 4391 3456 4432 causa
3511 4378 3562 4429 in

1990 4480 2279 4550 asperrima
2323 4479 2500 4532 hieme
2538 4477 2653 4530 loca
2708 4475 2932 4529 subinde
2977 4475 3350 4535 commutavit,
3391 4474 3461 4526 ita
3507 4483 3565 4524 ut

1979 4571 2150 4650 .modo
2175 4571 2228 4625 in
2256 4569 2498 4632 urbibus,
2530 4567 2690 4621 modo
2719 4567 2770 4620 in
2804 4574 2960 4620 terrm
2989 4564 3223 4618 faucibus
3244 4571 3299 4617 et
3319 4562 3560 4626 saltibus,

1991 4663 2192 4719 versari
2249 4661 2677 4730 compelleretur.
2732 4657 3075 4726 Tandemque
3134 4656 3433 4708 Isaurorum
3481 4665 3562 4707 tu-

1987 4753 2156 4807 multu
2184 4753 2440 4820 tantisper
2464 4749 2665 4813 sedato,
2698 4748 2810 4802 loca
2837 4747 3046 4802 deserta
3069 4745 3398 4814 relinquens,
3430 4744 3563 4797 Ara-

1990 4843 2188 4898 bissum
2211 4841 2463 4911 confugit,
2489 4841 2541 4894 iu
2576 4853 2682 4910 quo
2705 4837 2900 4910 oppido
2939 4852 3036 4891 arx
3061 4844 3177 4892 crat
3204 4835 3419 4905 reliquis
3443 4849 3560 4888 orn-

1989 4935 2146 4989 ni’bus
2170 4935 2359 4989 vicinis
2384 4933 2518 4988 locis
2543 4932 2722 4996 tutior,
2749 4931 2801 4985 in
2823 4945 2946 4984 arce
2971 4937 3150 4983 autem
3175 4927 3331 4984 sedes
3356 4927 3556 4992 habuit,

1991 5029 2042 5082 in
2069 5027 2264 5098 oppido
2288 5027 2427 5082 enim
2457 5035 2570 5081 tuto
2599 5023 2799 5080 versari
2823 5037 2927 5078 non
2953 5030 3178 5093 poterat.

2061 5118 2187 5174 Haec
2217 5113 3217 5188 porronarratipseJoannesnosterin
3239 5112 3458 5182 epistola
3493 5112 3563 5166 69

1990 5210 2055 5263 ad
2105 5209 2376 5264 Nicolaum
2419 5209 2809 5278 presbyterum.
2865 5203 3028 5258 Addit
3077 5211 3254 5256 autem
3297 5217 3418 5257 esse
3461 5203 3560 5255 sibi

1992 5300 2128 5355 hanc
2157 5299 2336 5353 sedem
2385 5298 2528 5351 omni
2565 5310 2779 5350 carcere
2822 5295 3166 5348 deteriorem.
3205 5292 3560 5362 Praeterquam

1989 5395 2128 5465 quod
2160 5393 2301 5446 enim
2349 5391 2513 5445 Isauri
2551 5388 2784 5460 quotidie
2803 5387 2979 5442 omnia
3021 5384 3363 5451 invadebant,
3402 5393 3563 5453 atque

1989 5485 2096 5556 igni
2144 5495 2196 5538 et
2238 5485 2380 5540 ferro
2427 5491 2537 5536 tum
2587 5479 2828 5545 :rdiﬁcia,
2870 5487 2979 5531 tutn
3027 5490 3247 5547 corpora
3290 5475 3558 5536 delebant,

1990 5578 2181 5633 famem
2224 5579 2414 5641 etiam,
2459 5589 2616 5645 quam
2658 5583 2713 5626 et
2755 5572 2855 5626 loci
2898 5571 3138 5640 angustia
3179 5577 3234 5623 et
3276 5563 3560 5622 multitudo

1993 5684 2179 5724 eormn
2220 5669 2307 5741 qui
2353 5669 2444 5722 illo
2503 5662 2895 5732 confugiebant,
2947 5660 3268 5721 minabatur,
3305 5653 3554 5726 pertime-
