  <div class='ocr_page' id='page_1' title='image "/cluster/home/n/w/nwhite01/storage/ocr_20150623/47/mdp.39015012902212/223.png"; bbox 0 0 4088 6138; ppageno 0'>
   <div class='ocr_carea' id='block_1_1' title="bbox 503 347 600 402">
    <p class='ocr_par' dir='ltr' id='par_1_1' title="bbox 503 347 600 402">
     <span class='ocr_line' id='line_1_1' title="bbox 503 347 600 402; baseline 0.021 -2"><span class='ocrx_word' id='word_1_1' title='bbox 503 347 600 402; x_wconf 67' lang='grc'><strong>251</strong></span> 
     </span>
    </p>
   </div>
   <div class='ocr_carea' id='block_1_2' title="bbox 499 458 2068 528">
    <p class='ocr_par' dir='ltr' id='par_1_2' title="bbox 499 458 2068 528">
     <span class='ocr_line' id='line_1_2' title="bbox 499 458 2068 528; baseline -0.001 -14"><span class='ocrx_word' id='word_1_2' title='bbox 499 463 681 516; x_wconf 83' lang='lat' dir='ltr'><strong>scebat</strong></span> <span class='ocrx_word' id='word_1_3' title='bbox 729 461 835 514; x_wconf 87' lang='lat' dir='ltr'><strong>ille.</strong></span> <span class='ocrx_word' id='word_1_4' title='bbox 878 460 956 514; x_wconf 81' lang='lat' dir='ltr'><strong>Ad</strong></span> <span class='ocrx_word' id='word_1_5' title='bbox 1003 460 1115 513; x_wconf 73' lang='lat' dir='ltr'><strong>haec</strong></span> <span class='ocrx_word' id='word_1_6' title='bbox 1161 473 1286 513; x_wconf 89' lang='lat' dir='ltr'><strong>vero</strong></span> <span class='ocrx_word' id='word_1_7' title='bbox 1333 458 1566 513; x_wconf 75' lang='lat' dir='ltr'><strong>diuturni</strong></span> <span class='ocrx_word' id='word_1_8' title='bbox 1597 458 1764 513; x_wconf 84' lang='lat' dir='ltr'><strong>morbi</strong></span> <span class='ocrx_word' id='word_1_9' title='bbox 1812 473 1970 528; x_wconf 83' lang='lat' dir='ltr'><strong>quem</strong></span> <span class='ocrx_word' id='word_1_10' title='bbox 2012 462 2068 512; x_wconf 90' lang='lat' dir='ltr'><strong>et</strong></span> 
     </span>
    </p>
   </div>
   <div class='ocr_carea' id='block_1_3' title="bbox 503 549 2067 619">
    <p class='ocr_par' dir='ltr' id='par_1_3' title="bbox 503 549 2067 619">
     <span class='ocr_line' id='line_1_3' title="bbox 503 549 2067 619; baseline -0.003 -14"><span class='ocrx_word' id='word_1_11' title='bbox 503 553 670 606; x_wconf 85' lang='lat' dir='ltr'><strong>hiems</strong></span> <span class='ocrx_word' id='word_1_12' title='bbox 708 560 763 605; x_wconf 91' lang='lat' dir='ltr'><strong>et</strong></span> <span class='ocrx_word' id='word_1_13' title='bbox 804 560 1056 619; x_wconf 86' lang='lat' dir='ltr'><strong>perpetua</strong></span> <span class='ocrx_word' id='word_1_14' title='bbox 1088 550 1203 619; x_wconf 83' lang='lat' dir='ltr'><strong>fuga</strong></span> <span class='ocrx_word' id='word_1_15' title='bbox 1252 559 1563 618; x_wconf 87' lang='lat' dir='ltr'><strong>pepererat,</strong></span> <span class='ocrx_word' id='word_1_16' title='bbox 1591 550 1688 604; x_wconf 90' lang='lat' dir='ltr'><strong>etsi</strong></span> <span class='ocrx_word' id='word_1_17' title='bbox 1721 550 1828 617; x_wconf 89' lang='lat' dir='ltr'><strong>jam</strong></span> <span class='ocrx_word' id='word_1_18' title='bbox 1855 549 2067 603; x_wconf 90' lang='lat' dir='ltr'><strong>sedatus</strong></span> 
     </span>
    </p>
   </div>
   <div class='ocr_carea' id='block_1_4' title="bbox 498 637 2065 709">
    <p class='ocr_par' dir='ltr' id='par_1_4' title="bbox 498 637 2065 709">
     <span class='ocr_line' id='line_1_4' title="bbox 498 637 2065 709; baseline -0.002 -16"><span class='ocrx_word' id='word_1_19' title='bbox 498 648 632 704; x_wconf 90' lang='lat' dir='ltr'><strong>erat,</strong></span> <span class='ocrx_word' id='word_1_20' title='bbox 663 647 836 693; x_wconf 89' lang='lat' dir='ltr'><strong>tamen</strong></span> <span class='ocrx_word' id='word_1_21' title='bbox 881 639 1132 709; x_wconf 82' lang='lat' dir='ltr'><strong>reliquias</strong></span> <span class='ocrx_word' id='word_1_22' title='bbox 1172 639 1346 693; x_wconf 89' lang='lat' dir='ltr'><strong>adhuc</strong></span> <span class='ocrx_word' id='word_1_23' title='bbox 1381 640 1471 693; x_wconf 90' lang='lat' dir='ltr'><strong>ille</strong></span> <span class='ocrx_word' id='word_1_24' title='bbox 1508 638 1932 693; x_wconf 78' lang='lat' dir='ltr'><strong>circumferebat.</strong></span> <span class='ocrx_word' id='word_1_25' title='bbox 1962 637 2065 691; x_wconf 80' lang='lat' dir='ltr'><strong>Vix</strong></span> 
     </span>
    </p>
   </div>
   <div class='ocr_carea' id='block_1_5' title="bbox 497 729 2063 802">
    <p class='ocr_par' dir='ltr' id='par_1_5' title="bbox 497 729 2063 802">
     <span class='ocr_line' id='line_1_5' title="bbox 497 729 2063 802; baseline -0.001 -19"><span class='ocrx_word' id='word_1_26' title='bbox 497 737 671 786; x_wconf 81' lang='lat' dir='ltr'><strong>autem</strong></span> <span class='ocrx_word' id='word_1_27' title='bbox 699 733 978 802; x_wconf 83' lang='lat' dir='ltr'><strong>quisquam</strong></span> <span class='ocrx_word' id='word_1_28' title='bbox 1005 732 1070 785; x_wconf 92' lang='lat' dir='ltr'><strong>ad</strong></span> <span class='ocrx_word' id='word_1_29' title='bbox 1103 732 1246 785; x_wconf 91' lang='lat' dir='ltr'><strong>illum</strong></span> <span class='ocrx_word' id='word_1_30' title='bbox 1277 746 1578 786; x_wconf 89' lang='lat' dir='ltr'><strong>commeare</strong></span> <span class='ocrx_word' id='word_1_31' title='bbox 1619 731 1880 795; x_wconf 90' lang='lat' dir='ltr'><strong>audebat,</strong></span> <span class='ocrx_word' id='word_1_32' title='bbox 1925 729 2063 798; x_wconf 91' lang='lat' dir='ltr'><strong>quod</strong></span> 
     </span>
    </p>
   </div>
   <div class='ocr_carea' id='block_1_6' title="bbox 455 821 2064 893">
    <p class='ocr_par' dir='ltr' id='par_1_6' title="bbox 455 821 2064 893">
     <span class='ocr_line' id='line_1_6' title="bbox 455 821 2064 893; baseline -0.001 -18"><span class='ocrx_word' id='word_1_33' title='bbox 455 831 459 841; x_wconf 96' lang='lat'>&#39;</span> <span class='ocrx_word' id='word_1_34' title='bbox 496 823 592 875; x_wconf 79' lang='lat' dir='ltr'><strong>viae</strong></span> <span class='ocrx_word' id='word_1_35' title='bbox 644 822 874 893; x_wconf 88' lang='lat' dir='ltr'><strong>undique</strong></span> <span class='ocrx_word' id='word_1_36' title='bbox 918 823 1215 877; x_wconf 75' lang='lat' dir='ltr'><strong>interclusa:</strong></span> <span class='ocrx_word' id='word_1_37' title='bbox 1252 833 1448 878; x_wconf 88' lang='lat' dir='ltr'><strong>essent.</strong></span> <span class='ocrx_word' id='word_1_38' title='bbox 1500 822 1697 877; x_wconf 86' lang='lat' dir='ltr'><strong>Eadem</strong></span> <span class='ocrx_word' id='word_1_39' title='bbox 1741 823 1911 876; x_wconf 83' lang='lat' dir='ltr'><strong>ferme</strong></span> <span class='ocrx_word' id='word_1_40' title='bbox 1953 821 2064 890; x_wconf 92' lang='lat' dir='ltr'><strong>ipsa</strong></span> 
     </span>
    </p>
   </div>
   <div class='ocr_carea' id='block_1_7' title="bbox 495 911 2064 982">
    <p class='ocr_par' dir='ltr' id='par_1_7' title="bbox 495 911 2064 982">
     <span class='ocr_line' id='line_1_7' title="bbox 495 911 2064 982; baseline 0 -18"><span class='ocrx_word' id='word_1_41' title='bbox 495 912 688 981; x_wconf 87' lang='lat' dir='ltr'><strong>repetit</strong></span> <span class='ocrx_word' id='word_1_42' title='bbox 718 913 769 966; x_wconf 94' lang='lat' dir='ltr'><strong>in</strong></span> <span class='ocrx_word' id='word_1_43' title='bbox 800 913 1019 982; x_wconf 87' lang='lat' dir='ltr'><strong>epistola</strong></span> <span class='ocrx_word' id='word_1_44' title='bbox 1050 912 1119 967; x_wconf 86' lang='lat'><strong>70</strong></span> <span class='ocrx_word' id='word_1_45' title='bbox 1143 913 1208 966; x_wconf 90' lang='lat' dir='ltr'><strong>ad</strong></span> <span class='ocrx_word' id='word_1_46' title='bbox 1238 912 1619 982; x_wconf 85' lang='lat' dir='ltr'><strong>Aphthonium,</strong></span> <span class='ocrx_word' id='word_1_47' title='bbox 1649 911 1979 966; x_wconf 75' lang='lat' dir='ltr'><strong>Theodotum</strong></span> <span class='ocrx_word' id='word_1_48' title='bbox 2010 918 2064 964; x_wconf 86' lang='lat' dir='ltr'><strong>et</strong></span> 
     </span>
    </p>
   </div>
   <div class='ocr_carea' id='block_1_8' title="bbox 494 999 2064 1073">
    <p class='ocr_par' dir='ltr' id='par_1_8' title="bbox 494 999 2064 1073">
     <span class='ocr_line' id='line_1_8' title="bbox 494 999 2064 1073; baseline 0 -21"><span class='ocrx_word' id='word_1_49' title='bbox 494 999 766 1056; x_wconf 59' lang='lat' dir='ltr'><strong>Chaeream</strong></span> <span class='ocrx_word' id='word_1_50' title='bbox 814 1003 1150 1073; x_wconf 83' lang='lat' dir='ltr'><strong>presbyteros</strong></span> <span class='ocrx_word' id='word_1_51' title='bbox 1196 1011 1250 1057; x_wconf 92' lang='lat' dir='ltr'><strong>et</strong></span> <span class='ocrx_word' id='word_1_52' title='bbox 1293 1001 1601 1067; x_wconf 85' lang='lat' dir='ltr'><strong>monachos,</strong></span> <span class='ocrx_word' id='word_1_53' title='bbox 1641 1001 1763 1069; x_wconf 89' lang='lat' dir='ltr'><strong>quid</strong></span> <span class='ocrx_word' id='word_1_54' title='bbox 1811 999 1874 1053; x_wconf 88' lang='lat' dir='ltr'><strong>ad</strong></span> <span class='ocrx_word' id='word_1_55' title='bbox 1917 999 2064 1053; x_wconf 90' lang='lat' dir='ltr'><strong>illum</strong></span> 
     </span>
    </p>
   </div>
   <div class='ocr_carea' id='block_1_9' title="bbox 495 1092 2062 1164">
    <p class='ocr_par' dir='ltr' id='par_1_9' title="bbox 495 1092 2062 1164">
     <span class='ocr_line' id='line_1_9' title="bbox 495 1092 2062 1164; baseline -0.002 -18"><span class='ocrx_word' id='word_1_56' title='bbox 495 1092 756 1162; x_wconf 88' lang='lat' dir='ltr'><strong>proﬁcisci</strong></span> <span class='ocrx_word' id='word_1_57' title='bbox 801 1094 1178 1163; x_wconf 81' lang='lat' dir='ltr'><strong>peroptabant;</strong></span> <span class='ocrx_word' id='word_1_58' title='bbox 1211 1094 1302 1148; x_wconf 88' lang='lat' dir='ltr'><strong>sed</strong></span> <span class='ocrx_word' id='word_1_59' title='bbox 1341 1094 1461 1164; x_wconf 86' lang='lat' dir='ltr'><strong>quia</strong></span> <span class='ocrx_word' id='word_1_60' title='bbox 1507 1095 1558 1146; x_wconf 92' lang='lat' dir='ltr'><strong>in</strong></span> <span class='ocrx_word' id='word_1_61' title='bbox 1590 1093 1678 1146; x_wconf 88' lang='lat' dir='ltr'><strong>tali</strong></span> <span class='ocrx_word' id='word_1_62' title='bbox 1721 1107 1900 1146; x_wconf 90' lang='lat' dir='ltr'><strong>rerum</strong></span> <span class='ocrx_word' id='word_1_63' title='bbox 1929 1105 2062 1144; x_wconf 88' lang='lat' dir='ltr'><strong>con-</strong></span> 
     </span>
    </p>
   </div>
   <div class='ocr_carea' id='block_1_10' title="bbox 495 1182 2063 1253">
    <p class='ocr_par' dir='ltr' id='par_1_10' title="bbox 495 1182 2063 1253">
     <span class='ocr_line' id='line_1_10' title="bbox 495 1182 2063 1253; baseline 0 -19"><span class='ocrx_word' id='word_1_64' title='bbox 495 1182 695 1236; x_wconf 87' lang='lat' dir='ltr'><strong>ditione</strong></span> <span class='ocrx_word' id='word_1_65' title='bbox 723 1182 848 1237; x_wconf 87' lang='lat' dir='ltr'><strong>illud</strong></span> <span class='ocrx_word' id='word_1_66' title='bbox 881 1185 978 1238; x_wconf 87' lang='lat' dir='ltr'><strong>iter</strong></span> <span class='ocrx_word' id='word_1_67' title='bbox 1002 1184 1195 1253; x_wconf 90' lang='lat' dir='ltr'><strong>suscipi</strong></span> <span class='ocrx_word' id='word_1_68' title='bbox 1223 1184 1430 1238; x_wconf 80' lang='lat' dir='ltr'><strong>nonnisi</strong></span> <span class='ocrx_word' id='word_1_69' title='bbox 1457 1198 1578 1236; x_wconf 92' lang='lat' dir='ltr'><strong>cum</strong></span> <span class='ocrx_word' id='word_1_70' title='bbox 1616 1182 1800 1253; x_wconf 84' lang='lat' dir='ltr'><strong>grandi</strong></span> <span class='ocrx_word' id='word_1_71' title='bbox 1830 1182 2063 1250; x_wconf 89' lang='lat' dir='ltr'><strong>periculo</strong></span> 
     </span>
    </p>
   </div>
   <div class='ocr_carea' id='block_1_11' title="bbox 498 1274 2062 1346">
    <p class='ocr_par' dir='ltr' id='par_1_11' title="bbox 498 1274 2062 1346">
     <span class='ocr_line' id='line_1_11' title="bbox 498 1274 2062 1346; baseline -0.002 -19"><span class='ocrx_word' id='word_1_72' title='bbox 498 1283 724 1343; x_wconf 83' lang='lat' dir='ltr'><strong>poterat,</strong></span> <span class='ocrx_word' id='word_1_73' title='bbox 749 1274 990 1329; x_wconf 85' lang='lat' dir='ltr'><strong>hortatur</strong></span> <span class='ocrx_word' id='word_1_74' title='bbox 1019 1277 1139 1332; x_wconf 90' lang='lat' dir='ltr'><strong>illos</strong></span> <span class='ocrx_word' id='word_1_75' title='bbox 1162 1287 1218 1330; x_wconf 89' lang='lat' dir='ltr'><strong>ttt</strong></span> <span class='ocrx_word' id='word_1_76' title='bbox 1245 1277 1343 1331; x_wconf 90' lang='lat' dir='ltr'><strong>sibi</strong></span> <span class='ocrx_word' id='word_1_77' title='bbox 1375 1291 1467 1346; x_wconf 88' lang='lat' dir='ltr'><strong>per</strong></span> <span class='ocrx_word' id='word_1_78' title='bbox 1491 1275 1706 1330; x_wconf 88' lang='lat' dir='ltr'><strong>crebras</strong></span> <span class='ocrx_word' id='word_1_79' title='bbox 1735 1274 1916 1327; x_wconf 88' lang='lat' dir='ltr'><strong>literas</strong></span> <span class='ocrx_word' id='word_1_80' title='bbox 1937 1287 2062 1325; x_wconf 87' lang='lat' dir='ltr'><strong>con-</strong></span> 
     </span>
    </p>
   </div>
   <div class='ocr_carea' id='block_1_12' title="bbox 496 1363 1057 1433">
    <p class='ocr_par' dir='ltr' id='par_1_12' title="bbox 496 1363 1057 1433">
     <span class='ocr_line' id='line_1_12' title="bbox 496 1363 1057 1433; baseline 0.004 -18"><span class='ocrx_word' id='word_1_81' title='bbox 496 1363 805 1418; x_wconf 87' lang='lat' dir='ltr'><strong>solationem</strong></span> <span class='ocrx_word' id='word_1_82' title='bbox 835 1367 1057 1433; x_wconf 90' lang='lat' dir='ltr'><strong>pariant.</strong></span> 
     </span>
    </p>
   </div>
   <div class='ocr_carea' id='block_1_13' title="bbox 565 1454 2061 1526">
    <p class='ocr_par' dir='ltr' id='par_1_13' title="bbox 565 1454 2061 1526">
     <span class='ocr_line' id='line_1_13' title="bbox 565 1454 2061 1526; baseline -0.001 -18"><span class='ocrx_word' id='word_1_83' title='bbox 565 1454 624 1508; x_wconf 91' lang='lat' dir='ltr'><strong>In</strong></span> <span class='ocrx_word' id='word_1_84' title='bbox 661 1455 882 1526; x_wconf 78' lang='lat' dir='ltr'><strong>epistola</strong></span> <span class='ocrx_word' id='word_1_85' title='bbox 927 1472 1053 1512; x_wconf 86' lang='lat' dir='ltr'><strong>vero</strong></span> <span class='ocrx_word' id='word_1_86' title='bbox 1099 1458 1197 1512; x_wconf 75' lang='grc'><strong>127</strong></span> <span class='ocrx_word' id='word_1_87' title='bbox 1234 1456 1300 1512; x_wconf 88' lang='lat' dir='ltr'><strong>ad</strong></span> <span class='ocrx_word' id='word_1_88' title='bbox 1341 1456 1618 1526; x_wconf 84' lang='lat' dir='ltr'><strong>Polybium</strong></span> <span class='ocrx_word' id='word_1_89' title='bbox 1666 1455 1756 1520; x_wconf 87' lang='lat' dir='ltr'><strong>ait,</strong></span> <span class='ocrx_word' id='word_1_90' title='bbox 1812 1455 1912 1510; x_wconf 90' lang='lat' dir='ltr'><strong>sibi</strong></span> <span class='ocrx_word' id='word_1_91' title='bbox 1951 1454 2061 1522; x_wconf 87' lang='lat' dir='ltr'><strong>jam</strong></span> 
     </span>
    </p>
   </div>
   <div class='ocr_carea' id='block_1_14' title="bbox 497 1544 2057 1618">
    <p class='ocr_par' dir='ltr' id='par_1_14' title="bbox 497 1544 2057 1618">
     <span class='ocr_line' id='line_1_14' title="bbox 497 1544 2057 1618; baseline -0.001 -20"><span class='ocrx_word' id='word_1_92' title='bbox 497 1544 657 1600; x_wconf 83' lang='lat' dir='ltr'><strong>adimi</strong></span> <span class='ocrx_word' id='word_1_93' title='bbox 711 1547 980 1601; x_wconf 83' lang='lat' dir='ltr'><strong>literarum</strong></span> <span class='ocrx_word' id='word_1_94' title='bbox 1028 1551 1272 1605; x_wconf 86' lang='lat' dir='ltr'><strong>solatium</strong></span> <span class='ocrx_word' id='word_1_95' title='bbox 1309 1563 1404 1618; x_wconf 89' lang='lat' dir='ltr'><strong>per</strong></span> <span class='ocrx_word' id='word_1_96' title='bbox 1447 1548 1582 1601; x_wconf 84' lang='lat' dir='ltr'><strong>nivis</strong></span> <span class='ocrx_word' id='word_1_97' title='bbox 1625 1548 1892 1615; x_wconf 76' lang='lat' dir='ltr'><strong>ingentem</strong></span> <span class='ocrx_word' id='word_1_98' title='bbox 1922 1545 2057 1609; x_wconf 90' lang='lat' dir='ltr'><strong>vim,</strong></span> 
     </span>
    </p>
   </div>
   <div class='ocr_carea' id='block_1_15' title="bbox 498 1635 2059 1706">
    <p class='ocr_par' dir='ltr' id='par_1_15' title="bbox 498 1635 2059 1706">
     <span class='ocr_line' id='line_1_15' title="bbox 498 1635 2059 1706; baseline -0.001 -18"><span class='ocrx_word' id='word_1_99' title='bbox 498 1649 617 1706; x_wconf 70' lang='lat' dir='ltr'><strong>qua:</strong></span> <span class='ocrx_word' id='word_1_100' title='bbox 661 1636 774 1690; x_wconf 82' lang='lat' dir='ltr'><strong>vias</strong></span> <span class='ocrx_word' id='word_1_101' title='bbox 818 1651 1013 1691; x_wconf 82' lang='lat' dir='ltr'><strong>omnes</strong></span> <span class='ocrx_word' id='word_1_102' title='bbox 1059 1639 1452 1701; x_wconf 80' lang='lat' dir='ltr'><strong>intercluserat;</strong></span> <span class='ocrx_word' id='word_1_103' title='bbox 1500 1635 1594 1691; x_wconf 91' lang='lat' dir='ltr'><strong>scd</strong></span> <span class='ocrx_word' id='word_1_104' title='bbox 1647 1637 1814 1705; x_wconf 86' lang='lat' dir='ltr'><strong>magis</strong></span> <span class='ocrx_word' id='word_1_105' title='bbox 1862 1635 2059 1688; x_wconf 87' lang='lat' dir='ltr'><strong>invium</strong></span> 
     </span>
    </p>
   </div>
   <div class='ocr_carea' id='block_1_16' title="bbox 499 1722 2057 1796">
    <p class='ocr_par' dir='ltr' id='par_1_16' title="bbox 499 1722 2057 1796">
     <span class='ocr_line' id='line_1_16' title="bbox 499 1722 2057 1796; baseline 0.001 -22"><span class='ocrx_word' id='word_1_106' title='bbox 499 1723 1028 1796; x_wconf 88' lang='lat' dir='ltr'><strong>inaccessibilemque</strong></span> <span class='ocrx_word' id='word_1_107' title='bbox 1044 1729 1192 1782; x_wconf 90' lang='lat' dir='ltr'><strong>reddi</strong></span> <span class='ocrx_word' id='word_1_108' title='bbox 1209 1729 1384 1782; x_wconf 91' lang='lat' dir='ltr'><strong>locum</strong></span> <span class='ocrx_word' id='word_1_109' title='bbox 1399 1727 1468 1783; x_wconf 90' lang='lat' dir='ltr'><strong>ab</strong></span> <span class='ocrx_word' id='word_1_110' title='bbox 1488 1722 1782 1778; x_wconf 91' lang='lat' dir='ltr'><strong>Isaurorum</strong></span> <span class='ocrx_word' id='word_1_111' title='bbox 1824 1733 2057 1788; x_wconf 87' lang='lat' dir='ltr'><strong>terrore;</strong></span> 
     </span>
    </p>
   </div>
   <div class='ocr_carea' id='block_1_17' title="bbox 493 1814 2058 1880">
    <p class='ocr_par' dir='ltr' id='par_1_17' title="bbox 493 1814 2058 1880">
     <span class='ocr_line' id='line_1_17' title="bbox 493 1814 2058 1880; baseline 0.001 -15"><span class='ocrx_word' id='word_1_112' title='bbox 493 1819 583 1880; x_wconf 84' lang='lat' dir='ltr'><strong>qui</strong></span> <span class='ocrx_word' id='word_1_113' title='bbox 608 1824 786 1868; x_wconf 85' lang='lat' dir='ltr'><strong>tantus</strong></span> <span class='ocrx_word' id='word_1_114' title='bbox 812 1825 944 1876; x_wconf 89' lang='lat' dir='ltr'><strong>erat,</strong></span> <span class='ocrx_word' id='word_1_115' title='bbox 981 1823 1036 1867; x_wconf 89' lang='lat' dir='ltr'><strong>ut</strong></span> <span class='ocrx_word' id='word_1_116' title='bbox 1059 1830 1216 1869; x_wconf 85' lang='lat' dir='ltr'><strong>nemo</strong></span> <span class='ocrx_word' id='word_1_117' title='bbox 1236 1815 1380 1868; x_wconf 88' lang='lat' dir='ltr'><strong>domi</strong></span> <span class='ocrx_word' id='word_1_118' title='bbox 1409 1829 1625 1869; x_wconf 88' lang='lat' dir='ltr'><strong>manere</strong></span> <span class='ocrx_word' id='word_1_119' title='bbox 1653 1814 1904 1877; x_wconf 81' lang='lat' dir='ltr'><strong>auderet,</strong></span> <span class='ocrx_word' id='word_1_120' title='bbox 1940 1827 2058 1867; x_wconf 83' lang='lat' dir='ltr'><strong>om-</strong></span> 
     </span>
    </p>
   </div>
   <div class='ocr_carea' id='block_1_18' title="bbox 493 1904 2058 1973">
    <p class='ocr_par' dir='ltr' id='par_1_18' title="bbox 493 1904 2058 1973">
     <span class='ocr_line' id='line_1_18' title="bbox 493 1904 2058 1973; baseline 0.003 -19"><span class='ocrx_word' id='word_1_121' title='bbox 493 1914 692 1970; x_wconf 87' lang='lat' dir='ltr'><strong>nesque</strong></span> <span class='ocrx_word' id='word_1_122' title='bbox 719 1904 1052 1973; x_wconf 85' lang='lat' dir='ltr'><strong>aufugerent,</strong></span> <span class='ocrx_word' id='word_1_123' title='bbox 1079 1904 1150 1958; x_wconf 87' lang='lat' dir='ltr'><strong>ita</strong></span> <span class='ocrx_word' id='word_1_124' title='bbox 1179 1913 1234 1958; x_wconf 91' lang='lat' dir='ltr'><strong>ut</strong></span> <span class='ocrx_word' id='word_1_125' title='bbox 1260 1905 1419 1958; x_wconf 87' lang='lat' dir='ltr'><strong>urbes</strong></span> <span class='ocrx_word' id='word_1_126' title='bbox 1448 1914 1572 1958; x_wconf 90' lang='lat' dir='ltr'><strong>tunc</strong></span> <span class='ocrx_word' id='word_1_127' title='bbox 1599 1905 1826 1973; x_wconf 84' lang='lat' dir='ltr'><strong>parietes</strong></span> <span class='ocrx_word' id='word_1_128' title='bbox 1857 1914 2058 1959; x_wconf 88' lang='lat' dir='ltr'><strong>tantum</strong></span> 
     </span>
    </p>
   </div>
   <div class='ocr_carea' id='block_1_19' title="bbox 490 1993 2058 2063">
    <p class='ocr_par' dir='ltr' id='par_1_19' title="bbox 490 1993 2058 2063">
     <span class='ocr_line' id='line_1_19' title="bbox 490 1993 2058 2063; baseline 0.004 -21"><span class='ocrx_word' id='word_1_129' title='bbox 490 1999 544 2043; x_wconf 92' lang='lat' dir='ltr'><strong>et</strong></span> <span class='ocrx_word' id='word_1_130' title='bbox 569 1998 704 2045; x_wconf 90' lang='lat' dir='ltr'><strong>tecta</strong></span> <span class='ocrx_word' id='word_1_131' title='bbox 749 2004 947 2056; x_wconf 80' lang='lat' dir='ltr'><strong>essent,</strong></span> <span class='ocrx_word' id='word_1_132' title='bbox 989 2002 1252 2063; x_wconf 72' lang='lat' dir='ltr'><strong>prmrupta</strong></span> <span class='ocrx_word' id='word_1_133' title='bbox 1289 2003 1468 2049; x_wconf 88' lang='lat' dir='ltr'><strong>autem</strong></span> <span class='ocrx_word' id='word_1_134' title='bbox 1509 2003 1563 2048; x_wconf 90' lang='lat' dir='ltr'><strong>et</strong></span> <span class='ocrx_word' id='word_1_135' title='bbox 1607 1993 1774 2048; x_wconf 91' lang='lat' dir='ltr'><strong>saltus</strong></span> <span class='ocrx_word' id='word_1_136' title='bbox 1813 1994 1866 2047; x_wconf 90' lang='lat' dir='ltr'><strong>in</strong></span> <span class='ocrx_word' id='word_1_137' title='bbox 1902 1993 2058 2048; x_wconf 85' lang='lat' dir='ltr'><strong>urbes</strong></span> 
     </span>
    </p>
   </div>
   <div class='ocr_carea' id='block_1_20' title="bbox 491 2083 2052 2140">
    <p class='ocr_par' dir='ltr' id='par_1_20' title="bbox 491 2083 2052 2140">
     <span class='ocr_line' id='line_1_20' title="bbox 491 2083 2052 2140; baseline 0.003 -9"><span class='ocrx_word' id='word_1_138' title='bbox 491 2089 842 2136; x_wconf 88' lang='lat' dir='ltr'><strong>tnutarentur.</strong></span> <span class='ocrx_word' id='word_1_139' title='bbox 889 2083 1090 2138; x_wconf 88' lang='lat' dir='ltr'><strong>Tantus</strong></span> <span class='ocrx_word' id='word_1_140' title='bbox 1130 2085 1331 2140; x_wconf 86' lang='lat' dir='ltr'><strong>scilicet</strong></span> <span class='ocrx_word' id='word_1_141' title='bbox 1373 2093 1488 2139; x_wconf 89' lang='lat' dir='ltr'><strong>erat</strong></span> <span class='ocrx_word' id='word_1_142' title='bbox 1525 2084 1824 2138; x_wconf 87' lang='lat' dir='ltr'><strong>Isaurorum</strong></span> <span class='ocrx_word' id='word_1_143' title='bbox 1868 2084 2052 2139; x_wconf 89' lang='lat' dir='ltr'><strong>furor:</strong></span> 
     </span>
    </p>
   </div>
   <div class='ocr_carea' id='block_1_21' title="bbox 489 2170 2057 2243">
    <p class='ocr_par' dir='ltr' id='par_1_21' title="bbox 489 2170 2057 2243">
     <span class='ocr_line' id='line_1_21' title="bbox 489 2170 2057 2243; baseline 0.005 -23"><span class='ocrx_word' id='word_1_144' title='bbox 489 2170 620 2225; x_wconf 87' lang='lat' dir='ltr'><strong>alios</strong></span> <span class='ocrx_word' id='word_1_145' title='bbox 651 2171 962 2240; x_wconf 83' lang='lat' dir='ltr'><strong>jngulabant</strong></span> <span class='ocrx_word' id='word_1_146' title='bbox 999 2174 1079 2228; x_wconf 86' lang='lat' dir='ltr'><strong>vel</strong></span> <span class='ocrx_word' id='word_1_147' title='bbox 1123 2174 1524 2238; x_wconf 88' lang='lat' dir='ltr'><strong>comburebant,</strong></span> <span class='ocrx_word' id='word_1_148' title='bbox 1566 2174 1700 2228; x_wconf 88' lang='lat' dir='ltr'><strong>alios</strong></span> <span class='ocrx_word' id='word_1_149' title='bbox 1744 2188 1812 2228; x_wconf 79' lang='lat' dir='ltr'><strong>ex</strong></span> <span class='ocrx_word' id='word_1_150' title='bbox 1836 2173 2057 2243; x_wconf 85' lang='lat' dir='ltr'><strong>captivis</strong></span> 
     </span>
    </p>
   </div>
   <div class='ocr_carea' id='block_1_22' title="bbox 488 2263 2056 2336">
    <p class='ocr_par' dir='ltr' id='par_1_22' title="bbox 488 2263 2056 2336">
     <span class='ocr_line' id='line_1_22' title="bbox 488 2263 2056 2336; baseline 0.002 -21"><span class='ocrx_word' id='word_1_151' title='bbox 488 2276 669 2316; x_wconf 83' lang='lat' dir='ltr'><strong>servos</strong></span> <span class='ocrx_word' id='word_1_152' title='bbox 713 2263 1032 2320; x_wconf 88' lang='lat' dir='ltr'><strong>efﬁciebant.</strong></span> <span class='ocrx_word' id='word_1_153' title='bbox 1081 2265 1462 2321; x_wconf 84' lang='lat' dir='ltr'><strong>Adolescentes</strong></span> <span class='ocrx_word' id='word_1_154' title='bbox 1512 2279 1722 2336; x_wconf 86' lang='lat' dir='ltr'><strong>quoque</strong></span> <span class='ocrx_word' id='word_1_155' title='bbox 1763 2265 1814 2319; x_wconf 90' lang='lat' dir='ltr'><strong>in</strong></span> <span class='ocrx_word' id='word_1_156' title='bbox 1870 2264 2056 2319; x_wconf 90' lang='lat' dir='ltr'><strong>mediis</strong></span> 
     </span>
    </p>
   </div>
   <div class='ocr_carea' id='block_1_23' title="bbox 484 2355 2056 2428">
    <p class='ocr_par' dir='ltr' id='par_1_23' title="bbox 484 2355 2056 2428">
     <span class='ocr_line' id='line_1_23' title="bbox 484 2355 2056 2428; baseline 0.003 -22"><span class='ocrx_word' id='word_1_157' title='bbox 484 2355 732 2409; x_wconf 86' lang='lat' dir='ltr'><strong>noctibus</strong></span> <span class='ocrx_word' id='word_1_158' title='bbox 771 2357 1018 2427; x_wconf 83' lang='lat' dir='ltr'><strong>aufugere</strong></span> <span class='ocrx_word' id='word_1_159' title='bbox 1056 2359 1225 2413; x_wconf 84' lang='lat' dir='ltr'><strong>coacti</strong></span> <span class='ocrx_word' id='word_1_160' title='bbox 1265 2358 1316 2412; x_wconf 90' lang='lat' dir='ltr'><strong>in</strong></span> <span class='ocrx_word' id='word_1_161' title='bbox 1365 2357 1560 2412; x_wconf 88' lang='lat' dir='ltr'><strong>nivium</strong></span> <span class='ocrx_word' id='word_1_162' title='bbox 1589 2356 1836 2428; x_wconf 75' lang='lat' dir='ltr'><strong>congerie</strong></span> <span class='ocrx_word' id='word_1_163' title='bbox 1862 2357 2056 2427; x_wconf 77' lang='lat' dir='ltr'><strong>frigore</strong></span> 
     </span>
    </p>
   </div>
   <div class='ocr_carea' id='block_1_24' title="bbox 483 2442 2056 2516">
    <p class='ocr_par' dir='ltr' id='par_1_24' title="bbox 483 2442 2056 2516">
     <span class='ocr_line' id='line_1_24' title="bbox 483 2442 2056 2516; baseline 0.003 -20"><span class='ocrx_word' id='word_1_164' title='bbox 483 2442 880 2514; x_wconf 86' lang='lat' dir='ltr'><strong>obrigescentes</strong></span> <span class='ocrx_word' id='word_1_165' title='bbox 929 2448 1311 2502; x_wconf 87' lang='lat' dir='ltr'><strong>moriebantur.</strong></span> <span class='ocrx_word' id='word_1_166' title='bbox 1368 2447 1652 2516; x_wconf 88' lang='lat' dir='ltr'><strong>Superiora</strong></span> <span class='ocrx_word' id='word_1_167' title='bbox 1705 2447 1916 2502; x_wconf 83' lang='lat' dir='ltr'><strong>brevius</strong></span> <span class='ocrx_word' id='word_1_168' title='bbox 1972 2463 2056 2501; x_wconf 81' lang='lat' dir='ltr'><strong>rc-</strong></span> 
     </span>
    </p>
   </div>
   <div class='ocr_carea' id='block_1_25' title="bbox 483 2536 2053 2606">
    <p class='ocr_par' dir='ltr' id='par_1_25' title="bbox 483 2536 2053 2606">
     <span class='ocr_line' id='line_1_25' title="bbox 483 2536 2053 2606; baseline 0.001 -18"><span class='ocrx_word' id='word_1_169' title='bbox 483 2544 668 2589; x_wconf 85' lang='lat' dir='ltr'><strong>censet</strong></span> <span class='ocrx_word' id='word_1_170' title='bbox 693 2536 745 2589; x_wconf 87' lang='lat' dir='ltr'><strong>in</strong></span> <span class='ocrx_word' id='word_1_171' title='bbox 789 2537 1012 2605; x_wconf 87' lang='lat' dir='ltr'><strong>epistola</strong></span> <span class='ocrx_word' id='word_1_172' title='bbox 1053 2538 1152 2590; x_wconf 79' lang='grc'><strong>151</strong></span> <span class='ocrx_word' id='word_1_173' title='bbox 1197 2536 1265 2590; x_wconf 88' lang='lat' dir='ltr'><strong>ad</strong></span> <span class='ocrx_word' id='word_1_174' title='bbox 1297 2536 1557 2606; x_wconf 86' lang='lat' dir='ltr'><strong>Elpidium</strong></span> <span class='ocrx_word' id='word_1_175' title='bbox 1593 2536 1920 2606; x_wconf 87' lang='lat' dir='ltr'><strong>episcopum,</strong></span> <span class='ocrx_word' id='word_1_176' title='bbox 1953 2537 2053 2590; x_wconf 86' lang='lat' dir='ltr'><strong>ait-</strong></span> 
     </span>
    </p>
   </div>
   <div class='ocr_carea' id='block_1_26' title="bbox 482 2624 2052 2696">
    <p class='ocr_par' dir='ltr' id='par_1_26' title="bbox 482 2624 2052 2696">
     <span class='ocr_line' id='line_1_26' title="bbox 482 2624 2052 2696; baseline 0.003 -21"><span class='ocrx_word' id='word_1_177' title='bbox 482 2635 586 2690; x_wconf 84' lang='lat' dir='ltr'><strong>que</strong></span> <span class='ocrx_word' id='word_1_178' title='bbox 620 2638 679 2677; x_wconf 88' lang='lat' dir='ltr'><strong>se</strong></span> <span class='ocrx_word' id='word_1_179' title='bbox 711 2624 864 2678; x_wconf 84' lang='lat' dir='ltr'><strong>sedes</strong></span> <span class='ocrx_word' id='word_1_180' title='bbox 895 2625 1090 2694; x_wconf 70' lang='lat' dir='ltr'><strong>srcpius</strong></span> <span class='ocrx_word' id='word_1_181' title='bbox 1117 2626 1424 2692; x_wconf 83' lang='lat' dir='ltr'><strong>mutavisse,</strong></span> <span class='ocrx_word' id='word_1_182' title='bbox 1454 2640 1627 2696; x_wconf 88' lang='lat' dir='ltr'><strong>neque</strong></span> <span class='ocrx_word' id='word_1_183' title='bbox 1653 2627 1703 2680; x_wconf 93' lang='lat' dir='ltr'><strong>in</strong></span> <span class='ocrx_word' id='word_1_184' title='bbox 1729 2626 1970 2692; x_wconf 88' lang='lat' dir='ltr'><strong>castello,</strong></span> <span class='ocrx_word' id='word_1_185' title='bbox 2001 2626 2052 2680; x_wconf 91' lang='lat' dir='ltr'><strong>in</strong></span> 
     </span>
    </p>
   </div>
   <div class='ocr_carea' id='block_1_27' title="bbox 481 2713 2051 2783">
    <p class='ocr_par' dir='ltr' id='par_1_27' title="bbox 481 2713 2051 2783">
     <span class='ocr_line' id='line_1_27' title="bbox 481 2713 2051 2783; baseline 0.002 -18"><span class='ocrx_word' id='word_1_186' title='bbox 481 2724 588 2780; x_wconf 84' lang='lat' dir='ltr'><strong>quo</strong></span> <span class='ocrx_word' id='word_1_187' title='bbox 612 2720 735 2766; x_wconf 92' lang='lat' dir='ltr'><strong>tunc</strong></span> <span class='ocrx_word' id='word_1_188' title='bbox 760 2713 910 2783; x_wconf 89' lang='lat' dir='ltr'><strong>quasi</strong></span> <span class='ocrx_word' id='word_1_189' title='bbox 940 2713 992 2767; x_wconf 90' lang='lat' dir='ltr'><strong>in</strong></span> <span class='ocrx_word' id='word_1_190' title='bbox 1023 2727 1240 2769; x_wconf 87' lang='lat' dir='ltr'><strong>carcere</strong></span> <span class='ocrx_word' id='word_1_191' title='bbox 1265 2714 1499 2770; x_wconf 89' lang='lat' dir='ltr'><strong>inclusus</strong></span> <span class='ocrx_word' id='word_1_192' title='bbox 1519 2715 1785 2780; x_wconf 89' lang='lat' dir='ltr'><strong>manebat,</strong></span> <span class='ocrx_word' id='word_1_193' title='bbox 1813 2715 1941 2769; x_wconf 90' lang='lat' dir='ltr'><strong>satis</strong></span> <span class='ocrx_word' id='word_1_194' title='bbox 1970 2723 2051 2768; x_wconf 84' lang='lat' dir='ltr'><strong>tu-</strong></span> 
     </span>
    </p>
   </div>
   <div class='ocr_carea' id='block_1_28' title="bbox 482 2804 2051 2877">
    <p class='ocr_par' dir='ltr' id='par_1_28' title="bbox 482 2804 2051 2877">
     <span class='ocr_line' id='line_1_28' title="bbox 482 2804 2051 2877; baseline 0.004 -22"><span class='ocrx_word' id='word_1_195' title='bbox 482 2812 592 2857; x_wconf 89' lang='lat' dir='ltr'><strong>tum</strong></span> <span class='ocrx_word' id='word_1_196' title='bbox 615 2817 736 2860; x_wconf 80' lang='lat' dir='ltr'><strong>esse</strong></span> <span class='ocrx_word' id='word_1_197' title='bbox 765 2821 779 2860; x_wconf 90' lang='lat'><strong>:</strong></span> <span class='ocrx_word' id='word_1_198' title='bbox 824 2804 988 2860; x_wconf 90' lang='lat' dir='ltr'><strong>Isauri</strong></span> <span class='ocrx_word' id='word_1_199' title='bbox 1030 2821 1256 2877; x_wconf 87' lang='lat' dir='ltr'><strong>namque</strong></span> <span class='ocrx_word' id='word_1_200' title='bbox 1287 2806 1585 2877; x_wconf 74' lang='lat' dir='ltr'><strong>huiusmodi</strong></span> <span class='ocrx_word' id='word_1_201' title='bbox 1624 2821 1774 2862; x_wconf 89' lang='lat' dir='ltr'><strong>arces</strong></span> <span class='ocrx_word' id='word_1_202' title='bbox 1806 2806 2051 2862; x_wconf 88' lang='lat' dir='ltr'><strong>obsidere</strong></span> 
     </span>
    </p>
   </div>
   <div class='ocr_carea' id='block_1_29' title="bbox 469 2895 2048 2970">
    <p class='ocr_par' dir='ltr' id='par_1_29' title="bbox 469 2895 2048 2970">
     <span class='ocr_line' id='line_1_29' title="bbox 469 2895 2048 2970; baseline 0.004 -23"><span class='ocrx_word' id='word_1_203' title='bbox 469 2909 586 2950; x_wconf 20' lang='lat' dir='ltr'><strong>anon</strong></span> <span class='ocrx_word' id='word_1_204' title='bbox 609 2895 940 2952; x_wconf 86' lang='lat' dir='ltr'><strong>dubitabant.</strong></span> <span class='ocrx_word' id='word_1_205' title='bbox 973 2896 1306 2970; x_wconf 84' lang='lat' dir='ltr'><strong>Quapropter</strong></span> <span class='ocrx_word' id='word_1_206' title='bbox 1333 2899 1467 2968; x_wconf 92' lang='lat' dir='ltr'><strong>petit</strong></span> <span class='ocrx_word' id='word_1_207' title='bbox 1491 2908 1547 2953; x_wconf 93' lang='lat' dir='ltr'><strong>ut</strong></span> <span class='ocrx_word' id='word_1_208' title='bbox 1576 2899 1815 2969; x_wconf 83' lang='lat' dir='ltr'><strong>ignoscat</strong></span> <span class='ocrx_word' id='word_1_209' title='bbox 1840 2898 1938 2953; x_wconf 87' lang='lat' dir='ltr'><strong>sibi</strong></span> <span class='ocrx_word' id='word_1_210' title='bbox 1959 2939 1975 2966; x_wconf 95' lang='lat'><strong>,</strong></span> <span class='ocrx_word' id='word_1_211' title='bbox 2005 2899 2048 2954; x_wconf 87' lang='lat' dir='ltr'><strong>si</strong></span> 
     </span>
    </p>
   </div>
   <div class='ocr_carea' id='block_1_30' title="bbox 459 2988 2048 3059">
    <p class='ocr_par' dir='ltr' id='par_1_30' title="bbox 459 2988 2048 3059">
     <span class='ocr_line' id='line_1_30' title="bbox 459 2988 2048 3059; baseline 0.002 -20"><span class='ocrx_word' id='word_1_212' title='bbox 459 3000 601 3040; x_wconf 73' lang='lat' dir='ltr'><strong>raro</strong></span> <span class='ocrx_word' id='word_1_213' title='bbox 630 2988 728 3059; x_wconf 76' lang='lat' dir='ltr'><strong>ipsi</strong></span> <span class='ocrx_word' id='word_1_214' title='bbox 755 2988 934 3043; x_wconf 85' lang='lat' dir='ltr'><strong>literas</strong></span> <span class='ocrx_word' id='word_1_215' title='bbox 967 2991 1160 3054; x_wconf 85' lang='lat' dir='ltr'><strong>mittat,</strong></span> <span class='ocrx_word' id='word_1_216' title='bbox 1191 2999 1447 3058; x_wconf 75' lang='lat' dir='ltr'><strong>rogatque</strong></span> <span class='ocrx_word' id='word_1_217' title='bbox 1483 2988 1789 3059; x_wconf 89' lang='lat' dir='ltr'><strong>frequenter</strong></span> <span class='ocrx_word' id='word_1_218' title='bbox 1815 2989 1902 3051; x_wconf 91' lang='lat' dir='ltr'><strong>ille</strong></span> <span class='ocrx_word' id='word_1_219' title='bbox 1921 3029 1936 3056; x_wconf 94' lang='lat'><strong>,</strong></span> <span class='ocrx_word' id='word_1_220' title='bbox 1965 2989 2048 3044; x_wconf 73' lang='lat' dir='ltr'><strong>cui</strong></span> 
     </span>
    </p>
   </div>
   <div class='ocr_carea' id='block_1_31' title="bbox 475 3077 1389 3152">
    <p class='ocr_par' dir='ltr' id='par_1_31' title="bbox 475 3077 1389 3152">
     <span class='ocr_line' id='line_1_31' title="bbox 475 3077 1389 3152; baseline 0.001 -21"><span class='ocrx_word' id='word_1_221' title='bbox 475 3077 690 3146; x_wconf 75' lang='lat' dir='ltr'><strong>licebat,</strong></span> <span class='ocrx_word' id='word_1_222' title='bbox 719 3079 770 3134; x_wconf 83' lang='lat' dir='ltr'><strong>id</strong></span> <span class='ocrx_word' id='word_1_223' title='bbox 797 3079 1032 3136; x_wconf 85' lang='lat' dir='ltr'><strong>muneris</strong></span> <span class='ocrx_word' id='word_1_224' title='bbox 1052 3089 1389 3152; x_wconf 80' lang='lat' dir='ltr'><strong>exsequatur.</strong></span> 
     </span>
    </p>
   </div>
   <div class='ocr_carea' id='block_1_32' title="bbox 547 3169 2045 3241">
    <p class='ocr_par' dir='ltr' id='par_1_32' title="bbox 547 3169 2045 3241">
     <span class='ocr_line' id='line_1_32' title="bbox 547 3169 2045 3241; baseline -0.002 -17"><span class='ocrx_word' id='word_1_225' title='bbox 547 3170 811 3238; x_wconf 86' lang='lat' dir='ltr'><strong>Epistolas</strong></span> <span class='ocrx_word' id='word_1_226' title='bbox 833 3171 958 3227; x_wconf 88' lang='lat' dir='ltr'><strong>item</strong></span> <span class='ocrx_word' id='word_1_227' title='bbox 981 3171 1112 3226; x_wconf 87' lang='lat' dir='ltr'><strong>duas</strong></span> <span class='ocrx_word' id='word_1_228' title='bbox 1131 3171 1344 3241; x_wconf 86' lang='lat' dir='ltr'><strong>scripsit</strong></span> <span class='ocrx_word' id='word_1_229' title='bbox 1363 3172 1430 3226; x_wconf 88' lang='grc'><strong>67</strong></span> <span class='ocrx_word' id='word_1_230' title='bbox 1459 3181 1513 3224; x_wconf 91' lang='lat' dir='ltr'><strong>ct</strong></span> <span class='ocrx_word' id='word_1_231' title='bbox 1540 3171 1608 3226; x_wconf 83' lang='lat'><strong>68</strong></span> <span class='ocrx_word' id='word_1_232' title='bbox 1630 3170 1695 3224; x_wconf 90' lang='lat' dir='ltr'><strong>ad</strong></span> <span class='ocrx_word' id='word_1_233' title='bbox 1718 3169 2045 3224; x_wconf 86' lang='lat' dir='ltr'><strong>Theodotum</strong></span> 
     </span>
    </p>
   </div>
   <div class='ocr_carea' id='block_1_33' title="bbox 474 3261 2042 3334">
    <p class='ocr_par' dir='ltr' id='par_1_33' title="bbox 474 3261 2042 3334">
     <span class='ocr_line' id='line_1_33' title="bbox 474 3261 2042 3334; baseline 0 -19"><span class='ocrx_word' id='word_1_234' title='bbox 474 3261 756 3318; x_wconf 82' lang='lat' dir='ltr'><strong>diaconum</strong></span> <span class='ocrx_word' id='word_1_235' title='bbox 781 3264 880 3320; x_wconf 88' lang='lat' dir='ltr'><strong>sibi</strong></span> <span class='ocrx_word' id='word_1_236' title='bbox 905 3263 1346 3328; x_wconf 88' lang='lat' dir='ltr'><strong>addictissimum,</strong></span> <span class='ocrx_word' id='word_1_237' title='bbox 1378 3264 1429 3318; x_wconf 91' lang='lat' dir='ltr'><strong>in</strong></span> <span class='ocrx_word' id='word_1_238' title='bbox 1454 3277 1676 3334; x_wconf 87' lang='lat' dir='ltr'><strong>quarum</strong></span> <span class='ocrx_word' id='word_1_239' title='bbox 1695 3263 1857 3317; x_wconf 87' lang='lat' dir='ltr'><strong>altera</strong></span> <span class='ocrx_word' id='word_1_240' title='bbox 1879 3262 2005 3318; x_wconf 91' lang='lat' dir='ltr'><strong>dicit</strong></span> <span class='ocrx_word' id='word_1_241' title='bbox 2029 3278 2042 3315; x_wconf 93' lang='lat'>:</span> 
     </span>
    </p>
   </div>
   <div class='ocr_carea' id='block_1_34' title="bbox 477 3351 2047 3425">
    <p class='ocr_par' dir='ltr' id='par_1_34' title="bbox 477 3351 2047 3425">
     <span class='ocr_line' id='line_1_34' title="bbox 477 3351 2047 3425; baseline 0.001 -21"><span class='ocrx_word' id='word_1_242' title='bbox 477 3351 572 3407; x_wconf 79' lang='lat' dir='ltr'><strong>Tot</strong></span> <span class='ocrx_word' id='word_1_243' title='bbox 611 3355 860 3408; x_wconf 70' lang='lat' dir='ltr'><strong>Armenia:</strong></span> <span class='ocrx_word' id='word_1_244' title='bbox 905 3354 1043 3409; x_wconf 81' lang='lat' dir='ltr'><strong>mala</strong></span> <span class='ocrx_word' id='word_1_245' title='bbox 1081 3365 1237 3422; x_wconf 82' lang='lat' dir='ltr'><strong>sunt,</strong></span> <span class='ocrx_word' id='word_1_246' title='bbox 1275 3371 1333 3408; x_wconf 86' lang='lat' dir='ltr'><strong>ac</strong></span> <span class='ocrx_word' id='word_1_247' title='bbox 1364 3364 1626 3425; x_wconf 75' lang='lat' dir='ltr'><strong>tempestas</strong></span> <span class='ocrx_word' id='word_1_248' title='bbox 1671 3355 1831 3412; x_wconf 77' lang='lat' dir='ltr'><strong>altera</strong></span> <span class='ocrx_word' id='word_1_249' title='bbox 1881 3354 2047 3407; x_wconf 85' lang='lat' dir='ltr'><strong>omnia</strong></span> 
     </span>
    </p>
   </div>
   <div class='ocr_carea' id='block_1_35' title="bbox 458 3443 2042 3515">
    <p class='ocr_par' dir='ltr' id='par_1_35' title="bbox 458 3443 2042 3515">
     <span class='ocr_line' id='line_1_35' title="bbox 458 3443 2042 3515; baseline 0.001 -22"><span class='ocrx_word' id='word_1_250' title='bbox 458 3445 666 3510; x_wconf 72' lang='lat' dir='ltr'><strong>excepit</strong></span> <span class='ocrx_word' id='word_1_251' title='bbox 711 3457 729 3496; x_wconf 90' lang='lat'><strong><em>:</em></strong></span> <span class='ocrx_word' id='word_1_252' title='bbox 770 3459 889 3496; x_wconf 89' lang='lat' dir='ltr'><strong>nam</strong></span> <span class='ocrx_word' id='word_1_253' title='bbox 930 3461 1240 3515; x_wconf 84' lang='lat' dir='ltr'><strong>quocumque</strong></span> <span class='ocrx_word' id='word_1_254' title='bbox 1282 3445 1484 3498; x_wconf 80' lang='lat' dir='ltr'><strong>tandem</strong></span> <span class='ocrx_word' id='word_1_255' title='bbox 1528 3444 1790 3515; x_wconf 83' lang='lat' dir='ltr'><strong>quisquam</strong></span> <span class='ocrx_word' id='word_1_256' title='bbox 1838 3443 2042 3502; x_wconf 83' lang='lat' dir='ltr'><strong>venerit,</strong></span> 
     </span>
    </p>
   </div>
   <div class='ocr_carea' id='block_1_36' title="bbox 448 3535 2044 3604">
    <p class='ocr_par' dir='ltr' id='par_1_36' title="bbox 448 3535 2044 3604">
     <span class='ocr_line' id='line_1_36' title="bbox 448 3535 2044 3604; baseline 0.002 -20"><span class='ocrx_word' id='word_1_257' title='bbox 448 3541 704 3587; x_wconf 47' lang='lat' dir='ltr'><strong>cruentos</strong></span> <span class='ocrx_word' id='word_1_258' title='bbox 751 3543 996 3589; x_wconf 75' lang='lat' dir='ltr'><strong>torrentes</strong></span> <span class='ocrx_word' id='word_1_259' title='bbox 1016 3575 1030 3601; x_wconf 93' lang='lat'><strong>,</strong></span> <span class='ocrx_word' id='word_1_260' title='bbox 1083 3536 1380 3589; x_wconf 84' lang='lat' dir='ltr'><strong>cadaverum</strong></span> <span class='ocrx_word' id='word_1_261' title='bbox 1434 3536 1664 3604; x_wconf 80' lang='lat' dir='ltr'><strong>agmina,</strong></span> <span class='ocrx_word' id='word_1_262' title='bbox 1713 3535 1887 3586; x_wconf 81' lang='lat' dir='ltr'><strong>domos</strong></span> <span class='ocrx_word' id='word_1_263' title='bbox 1937 3537 2044 3587; x_wconf 82' lang='lat' dir='ltr'><strong>solo</strong></span> 
     </span>
    </p>
   </div>
   <div class='ocr_carea' id='block_1_37' title="bbox 471 3623 2041 3696">
    <p class='ocr_par' dir='ltr' id='par_1_37' title="bbox 471 3623 2041 3696">
     <span class='ocr_line' id='line_1_37' title="bbox 471 3623 2041 3696; baseline 0.001 -21"><span class='ocrx_word' id='word_1_264' title='bbox 471 3633 712 3692; x_wconf 75' lang='lat' dir='ltr'><strong>cequatas,</strong></span> <span class='ocrx_word' id='word_1_265' title='bbox 738 3624 883 3678; x_wconf 75' lang='lat' dir='ltr'><strong>urbe:</strong></span> <span class='ocrx_word' id='word_1_266' title='bbox 933 3641 1125 3679; x_wconf 79' lang='lat' dir='ltr'><strong>eversas</strong></span> <span class='ocrx_word' id='word_1_267' title='bbox 1171 3626 1450 3696; x_wconf 78' lang='lat' dir='ltr'><strong>perspiciet.</strong></span> <span class='ocrx_word' id='word_1_268' title='bbox 1493 3623 1683 3694; x_wconf 87' lang='lat' dir='ltr'><strong>Oppidi</strong></span> <span class='ocrx_word' id='word_1_269' title='bbox 1708 3631 1882 3678; x_wconf 89' lang='lat' dir='ltr'><strong>autem</strong></span> <span class='ocrx_word' id='word_1_270' title='bbox 1908 3624 2041 3677; x_wconf 82' lang='lat' dir='ltr'><strong>Ara-</strong></span> 
     </span>
    </p>
   </div>
   <div class='ocr_carea' id='block_1_38' title="bbox 459 3713 2042 3787">
    <p class='ocr_par' dir='ltr' id='par_1_38' title="bbox 459 3713 2042 3787">
     <span class='ocr_line' id='line_1_38' title="bbox 459 3713 2042 3787; baseline 0.001 -19"><span class='ocrx_word' id='word_1_271' title='bbox 459 3713 600 3768; x_wconf 51' lang='lat' dir='ltr'><strong>‘bissi</strong></span> <span class='ocrx_word' id='word_1_272' title='bbox 639 3715 920 3784; x_wconf 86' lang='lat' dir='ltr'><strong>episcopus</strong></span> <span class='ocrx_word' id='word_1_273' title='bbox 967 3725 1084 3771; x_wconf 83' lang='lat' dir='ltr'><strong>erat</strong></span> <span class='ocrx_word' id='word_1_274' title='bbox 1131 3717 1343 3772; x_wconf 88' lang='lat' dir='ltr'><strong>Otreins</strong></span> <span class='ocrx_word' id='word_1_275' title='bbox 1381 3716 1762 3787; x_wconf 82' lang='lat' dir='ltr'><strong>Chrysostomo</strong></span> <span class='ocrx_word' id='word_1_276' title='bbox 1813 3716 2042 3771; x_wconf 88' lang='lat' dir='ltr'><strong>amicitia</strong></span> 
     </span>
    </p>
   </div>
   <div class='ocr_carea' id='block_1_39' title="bbox 467 3803 2040 3876">
    <p class='ocr_par' dir='ltr' id='par_1_39' title="bbox 467 3803 2040 3876">
     <span class='ocr_line' id='line_1_39' title="bbox 467 3803 2040 3876; baseline 0.003 -20"><span class='ocrx_word' id='word_1_277' title='bbox 467 3803 803 3872; x_wconf 83' lang='lat' dir='ltr'><strong>eoujunctus,</strong></span> <span class='ocrx_word' id='word_1_278' title='bbox 847 3813 904 3860; x_wconf 90' lang='lat' dir='ltr'><strong>ut</strong></span> <span class='ocrx_word' id='word_1_279' title='bbox 930 3805 1177 3875; x_wconf 85' lang='lat' dir='ltr'><strong>liquetex</strong></span> <span class='ocrx_word' id='word_1_280' title='bbox 1209 3806 1431 3876; x_wconf 89' lang='lat' dir='ltr'><strong>epistola</strong></span> <span class='ocrx_word' id='word_1_281' title='bbox 1475 3806 1577 3861; x_wconf 72' lang='grc'><strong>126</strong></span> <span class='ocrx_word' id='word_1_282' title='bbox 1599 3805 1666 3860; x_wconf 89' lang='lat' dir='ltr'><strong>ad</strong></span> <span class='ocrx_word' id='word_1_283' title='bbox 1691 3805 1958 3860; x_wconf 81' lang='lat' dir='ltr'><strong>Ruﬁnum.</strong></span> <span class='ocrx_word' id='word_1_284' title='bbox 1987 3806 2040 3862; x_wconf 90' lang='lat' dir='ltr'><strong>In</strong></span> 
     </span>
    </p>
   </div>
   <div class='ocr_carea' id='block_1_40' title="bbox 469 3894 2040 3968">
    <p class='ocr_par' dir='ltr' id='par_1_40' title="bbox 469 3894 2040 3968">
     <span class='ocr_line' id='line_1_40' title="bbox 469 3894 2040 3968; baseline 0.004 -21"><span class='ocrx_word' id='word_1_285' title='bbox 469 3894 688 3963; x_wconf 83' lang='lat' dir='ltr'><strong>epistola</strong></span> <span class='ocrx_word' id='word_1_286' title='bbox 710 3897 810 3952; x_wconf 78' lang='grc'><strong>1⁸55</strong></span> <span class='ocrx_word' id='word_1_287' title='bbox 839 3896 1114 3953; x_wconf 88' lang='lat' dir='ltr'><strong>Theodoto</strong></span> <span class='ocrx_word' id='word_1_288' title='bbox 1134 3898 1356 3953; x_wconf 91' lang='lat' dir='ltr'><strong>diacono</strong></span> <span class='ocrx_word' id='word_1_289' title='bbox 1371 3899 1565 3968; x_wconf 80' lang='lat' dir='ltr'><strong>gratias</strong></span> <span class='ocrx_word' id='word_1_290' title='bbox 1587 3913 1769 3968; x_wconf 87' lang='lat' dir='ltr'><strong>agens,</strong></span> <span class='ocrx_word' id='word_1_291' title='bbox 1791 3897 1932 3968; x_wconf 87' lang='lat' dir='ltr'><strong>quod</strong></span> <span class='ocrx_word' id='word_1_292' title='bbox 1959 3899 2040 3954; x_wconf 88' lang='lat' dir='ltr'><strong>sui</strong></span> 
     </span>
    </p>
   </div>
   <div class='ocr_carea' id='block_1_41' title="bbox 469 3987 2041 4061">
    <p class='ocr_par' dir='ltr' id='par_1_41' title="bbox 469 3987 2041 4061">
     <span class='ocr_line' id='line_1_41' title="bbox 469 3987 2041 4061; baseline 0.005 -22"><span class='ocrx_word' id='word_1_293' title='bbox 469 3987 729 4043; x_wconf 86' lang='lat' dir='ltr'><strong>invisendi</strong></span> <span class='ocrx_word' id='word_1_294' title='bbox 757 4003 915 4044; x_wconf 87' lang='lat' dir='ltr'><strong>causa</strong></span> <span class='ocrx_word' id='word_1_295' title='bbox 937 3989 1046 4060; x_wconf 87' lang='lat' dir='ltr'><strong>jam</strong></span> <span class='ocrx_word' id='word_1_296' title='bbox 1077 3990 1127 4044; x_wconf 88' lang='lat' dir='ltr'><strong>in</strong></span> <span class='ocrx_word' id='word_1_297' title='bbox 1151 3991 1443 4061; x_wconf 87' lang='lat' dir='ltr'><strong>asperrima</strong></span> <span class='ocrx_word' id='word_1_298' title='bbox 1481 3990 1655 4046; x_wconf 90' lang='lat' dir='ltr'><strong>hieme</strong></span> <span class='ocrx_word' id='word_1_299' title='bbox 1689 3992 1954 4055; x_wconf 90' lang='lat' dir='ltr'><strong>venisset,</strong></span> <span class='ocrx_word' id='word_1_300' title='bbox 1988 4001 2041 4048; x_wconf 91' lang='lat' dir='ltr'><strong>et</strong></span> 
     </span>
    </p>
   </div>
   <div class='ocr_carea' id='block_1_42' title="bbox 467 4079 2038 4147">
    <p class='ocr_par' dir='ltr' id='par_1_42' title="bbox 467 4079 2038 4147">
     <span class='ocr_line' id='line_1_42' title="bbox 467 4079 2038 4147; baseline 0.004 -18"><span class='ocrx_word' id='word_1_301' title='bbox 467 4079 605 4144; x_wconf 79' lang='lat' dir='ltr'><strong>quod</strong></span> <span class='ocrx_word' id='word_1_302' title='bbox 633 4079 869 4135; x_wconf 90' lang='lat' dir='ltr'><strong>secundo</strong></span> <span class='ocrx_word' id='word_1_303' title='bbox 899 4082 1206 4136; x_wconf 84' lang='lat' dir='ltr'><strong>Arabissum</strong></span> <span class='ocrx_word' id='word_1_304' title='bbox 1236 4090 1489 4136; x_wconf 88' lang='lat' dir='ltr'><strong>venturus</strong></span> <span class='ocrx_word' id='word_1_305' title='bbox 1518 4082 1720 4147; x_wconf 90' lang='lat' dir='ltr'><strong>fuisset,</strong></span> <span class='ocrx_word' id='word_1_306' title='bbox 1753 4083 1852 4137; x_wconf 91' lang='lat' dir='ltr'><strong>uisi</strong></span> <span class='ocrx_word' id='word_1_307' title='bbox 1874 4081 2038 4137; x_wconf 88' lang='lat' dir='ltr'><strong>Isauri</strong></span> 
     </span>
    </p>
   </div>
   <div class='ocr_carea' id='block_1_43' title="bbox 468 4166 2039 4242">
    <p class='ocr_par' dir='ltr' id='par_1_43' title="bbox 468 4166 2039 4242">
     <span class='ocr_line' id='line_1_43' title="bbox 468 4166 2039 4242; baseline 0.007 -26"><span class='ocrx_word' id='word_1_308' title='bbox 468 4166 580 4219; x_wconf 78' lang='lat' dir='ltr'><strong>vias</strong></span> <span class='ocrx_word' id='word_1_309' title='bbox 611 4167 1024 4235; x_wconf 64' lang='lat' dir='ltr'><strong>praeclusissem,</strong></span> <span class='ocrx_word' id='word_1_310' title='bbox 1071 4185 1129 4224; x_wconf 90' lang='lat' dir='ltr'><strong>sc</strong></span> <span class='ocrx_word' id='word_1_311' title='bbox 1155 4170 1368 4241; x_wconf 89' lang='lat' dir='ltr'><strong>quidem</strong></span> <span class='ocrx_word' id='word_1_312' title='bbox 1407 4186 1595 4241; x_wconf 86' lang='lat' dir='ltr'><strong>magna</strong></span> <span class='ocrx_word' id='word_1_313' title='bbox 1624 4177 1801 4242; x_wconf 88' lang='lat' dir='ltr'><strong>quiete</strong></span> <span class='ocrx_word' id='word_1_314' title='bbox 1839 4183 1893 4228; x_wconf 91' lang='lat' dir='ltr'><strong>et</strong></span> <span class='ocrx_word' id='word_1_315' title='bbox 1930 4173 2039 4227; x_wconf 91' lang='lat' dir='ltr'><strong>otio</strong></span> 
     </span>
    </p>
   </div>
   <div class='ocr_carea' id='block_1_44' title="bbox 465 4251 2032 4333">
    <p class='ocr_par' dir='ltr' id='par_1_44' title="bbox 465 4251 2032 4333">
     <span class='ocr_line' id='line_1_44' title="bbox 465 4251 2032 4333; baseline 0.006 -27"><span class='ocrx_word' id='word_1_316' title='bbox 465 4251 570 4309; x_wconf 86' lang='lat' dir='ltr'><strong>frui</strong></span> <span class='ocrx_word' id='word_1_317' title='bbox 602 4255 696 4323; x_wconf 87' lang='lat' dir='ltr'><strong>ait,</strong></span> <span class='ocrx_word' id='word_1_318' title='bbox 729 4263 1011 4328; x_wconf 87' lang='lat' dir='ltr'><strong>tamenque</strong></span> <span class='ocrx_word' id='word_1_319' title='bbox 1047 4260 1377 4317; x_wconf 89' lang='lat' dir='ltr'><strong>obsidionem</strong></span> <span class='ocrx_word' id='word_1_320' title='bbox 1417 4262 1468 4316; x_wconf 92' lang='lat' dir='ltr'><strong>in</strong></span> <span class='ocrx_word' id='word_1_321' title='bbox 1502 4261 1619 4317; x_wconf 89' lang='lat' dir='ltr'><strong>dies</strong></span> <span class='ocrx_word' id='word_1_322' title='bbox 1647 4263 2032 4333; x_wconf 89' lang='lat' dir='ltr'><strong>ingravescere.</strong></span> 
     </span>
    </p>
   </div>
   <div class='ocr_carea' id='block_1_45' title="bbox 461 4343 2037 4425">
    <p class='ocr_par' dir='ltr' id='par_1_45' title="bbox 461 4343 2037 4425">
     <span class='ocr_line' id='line_1_45' title="bbox 461 4343 2037 4425; baseline 0.008 -29"><span class='ocrx_word' id='word_1_323' title='bbox 461 4343 586 4400; x_wconf 80' lang='lat' dir='ltr'><strong>lam</strong></span> <span class='ocrx_word' id='word_1_324' title='bbox 613 4387 628 4414; x_wconf 93' lang='lat'><strong>,</strong></span> <span class='ocrx_word' id='word_1_325' title='bbox 696 4346 899 4418; x_wconf 87' lang='lat' dir='ltr'><strong>inquit,</strong></span> <span class='ocrx_word' id='word_1_326' title='bbox 941 4351 1104 4405; x_wconf 85' lang='lat' dir='ltr'><strong>media</strong></span> <span class='ocrx_word' id='word_1_327' title='bbox 1143 4362 1283 4408; x_wconf 77' lang='lat' dir='ltr'><strong>nocte</strong></span> <span class='ocrx_word' id='word_1_328' title='bbox 1332 4363 1513 4425; x_wconf 69' lang='lat' dir='ltr'><strong>praeter</strong></span> <span class='ocrx_word' id='word_1_329' title='bbox 1546 4370 1741 4409; x_wconf 84' lang='lat' dir='ltr'><strong>onmem</strong></span> <span class='ocrx_word' id='word_1_330' title='bbox 1781 4365 2037 4424; x_wconf 71' lang='lat' dir='ltr'><strong>exspecta-</strong></span> 
     </span>
    </p>
   </div>
   <div class='ocr_carea' id='block_1_46' title="bbox 463 4437 2035 4514">
    <p class='ocr_par' dir='ltr' id='par_1_46' title="bbox 463 4437 2035 4514">
     <span class='ocr_line' id='line_1_46' title="bbox 463 4437 2035 4514; baseline 0.005 -25"><span class='ocrx_word' id='word_1_331' title='bbox 463 4437 648 4492; x_wconf 81' lang='lat' dir='ltr'><strong>tionem</strong></span> <span class='ocrx_word' id='word_1_332' title='bbox 697 4449 1026 4496; x_wconf 81' lang='lat' dir='ltr'><strong>trecentorum</strong></span> <span class='ocrx_word' id='word_1_333' title='bbox 1073 4441 1372 4498; x_wconf 80' lang='lat' dir='ltr'><strong>Isaurorum</strong></span> <span class='ocrx_word' id='word_1_334' title='bbox 1407 4460 1584 4514; x_wconf 83' lang='lat' dir='ltr'><strong>agmen</strong></span> <span class='ocrx_word' id='word_1_335' title='bbox 1623 4444 1866 4513; x_wconf 85' lang='lat' dir='ltr'><strong>oppidum</strong></span> <span class='ocrx_word' id='word_1_336' title='bbox 1919 4461 2035 4514; x_wconf 84' lang='lat' dir='ltr'><strong>per-</strong></span> 
     </span>
    </p>
   </div>
   <div class='ocr_carea' id='block_1_47' title="bbox 457 4530 2037 4604">
    <p class='ocr_par' dir='ltr' id='par_1_47' title="bbox 457 4530 2037 4604">
     <span class='ocr_line' id='line_1_47' title="bbox 457 4530 2037 4604; baseline 0.005 -24"><span class='ocrx_word' id='word_1_337' title='bbox 457 4530 697 4597; x_wconf 80' lang='lat' dir='ltr'><strong>cursatn&#39;t,</strong></span> <span class='ocrx_word' id='word_1_338' title='bbox 728 4548 948 4603; x_wconf 82' lang='lat' dir='ltr'><strong>peneque</strong></span> <span class='ocrx_word' id='word_1_339' title='bbox 988 4549 1081 4587; x_wconf 78' lang='lat' dir='ltr'><strong>nos</strong></span> <span class='ocrx_word' id='word_1_340' title='bbox 1115 4535 1263 4604; x_wconf 84' lang='lat' dir='ltr'><strong>cepit.</strong></span> <span class='ocrx_word' id='word_1_341' title='bbox 1289 4533 1445 4588; x_wconf 86' lang='lat' dir='ltr'><strong>Putat</strong></span> <span class='ocrx_word' id='word_1_342' title='bbox 1495 4548 1547 4585; x_wconf 89' lang='lat' dir='ltr'><strong>v.</strong></span> <span class='ocrx_word' id='word_1_343' title='bbox 1570 4533 1641 4588; x_wconf 92' lang='lat' dir='ltr'><strong>cl.</strong></span> <span class='ocrx_word' id='word_1_344' title='bbox 1671 4533 2037 4588; x_wconf 86' lang='lat' dir='ltr'><strong>Tillemontius</strong></span> 
     </span>
    </p>
   </div>
   <div class='ocr_carea' id='block_1_48' title="bbox 457 4622 2037 4694">
    <p class='ocr_par' dir='ltr' id='par_1_48' title="bbox 457 4622 2037 4694">
     <span class='ocr_line' id='line_1_48' title="bbox 457 4622 2037 4694; baseline 0.001 -19"><span class='ocrx_word' id='word_1_345' title='bbox 457 4622 547 4677; x_wconf 70' lang='lat' dir='ltr'><strong>itis</strong></span> <span class='ocrx_word' id='word_1_346' title='bbox 573 4624 855 4692; x_wconf 87' lang='lat' dir='ltr'><strong>signiﬁcari</strong></span> <span class='ocrx_word' id='word_1_347' title='bbox 886 4625 1188 4680; x_wconf 89' lang='lat' dir='ltr'><strong>Isaurorum</strong></span> <span class='ocrx_word' id='word_1_348' title='bbox 1218 4623 1347 4679; x_wconf 91' lang='lat' dir='ltr'><strong>illud</strong></span> <span class='ocrx_word' id='word_1_349' title='bbox 1373 4639 1562 4694; x_wconf 88' lang='lat' dir='ltr'><strong>agmen</strong></span> <span class='ocrx_word' id='word_1_350' title='bbox 1596 4625 1648 4678; x_wconf 91' lang='lat' dir='ltr'><strong>in</strong></span> <span class='ocrx_word' id='word_1_351' title='bbox 1675 4623 1925 4692; x_wconf 86' lang='lat' dir='ltr'><strong>oppidum</strong></span> <span class='ocrx_word' id='word_1_352' title='bbox 1957 4623 2037 4677; x_wconf 48' lang='lat' dir='ltr'><strong>in;</strong></span> 
     </span>
    </p>
   </div>
   <div class='ocr_carea' id='block_1_49' title="bbox 455 4712 2036 4784">
    <p class='ocr_par' dir='ltr' id='par_1_49' title="bbox 455 4712 2036 4784">
     <span class='ocr_line' id='line_1_49' title="bbox 455 4712 2036 4784; baseline 0 -17"><span class='ocrx_word' id='word_1_353' title='bbox 455 4728 705 4781; x_wconf 79' lang='lat' dir='ltr'><strong>gressum</strong></span> <span class='ocrx_word' id='word_1_354' title='bbox 736 4713 932 4780; x_wconf 85' lang='lat' dir='ltr'><strong>fuisse;</strong></span> <span class='ocrx_word' id='word_1_355' title='bbox 960 4714 1100 4784; x_wconf 90' lang='lat' dir='ltr'><strong>quod</strong></span> <span class='ocrx_word' id='word_1_356' title='bbox 1129 4725 1302 4770; x_wconf 91' lang='lat' dir='ltr'><strong>tamen</strong></span> <span class='ocrx_word' id='word_1_357' title='bbox 1329 4729 1434 4770; x_wconf 90' lang='lat' dir='ltr'><strong>non</strong></span> <span class='ocrx_word' id='word_1_358' title='bbox 1463 4713 1672 4770; x_wconf 89' lang='lat' dir='ltr'><strong>videtur</strong></span> <span class='ocrx_word' id='word_1_359' title='bbox 1695 4712 1924 4769; x_wconf 82' lang='lat' dir='ltr'><strong>Joannes</strong></span> <span class='ocrx_word' id='word_1_360' title='bbox 1952 4713 2036 4767; x_wconf 86' lang='lat' dir='ltr'><strong>his</strong></span> 
     </span>
    </p>
   </div>
   <div class='ocr_carea' id='block_1_50' title="bbox 457 4804 2034 4878">
    <p class='ocr_par' dir='ltr' id='par_1_50' title="bbox 457 4804 2034 4878">
     <span class='ocr_line' id='line_1_50' title="bbox 457 4804 2034 4878; baseline 0.003 -22"><span class='ocrx_word' id='word_1_361' title='bbox 457 4805 642 4860; x_wconf 69' lang='lat' dir='ltr'><strong>verbis</strong></span> <span class='ocrx_word' id='word_1_362' title='bbox 665 4804 987 4874; x_wconf 87' lang='lat' dir='ltr'><strong>signiﬁcare.</strong></span> <span class='ocrx_word' id='word_1_363' title='bbox 1018 4804 1149 4873; x_wconf 88' lang='lat' dir='ltr'><strong>Imo,</strong></span> <span class='ocrx_word' id='word_1_364' title='bbox 1180 4807 1224 4860; x_wconf 89' lang='lat' dir='ltr'><strong>si</strong></span> <span class='ocrx_word' id='word_1_365' title='bbox 1269 4807 1322 4860; x_wconf 89' lang='lat' dir='ltr'><strong>iu</strong></span> <span class='ocrx_word' id='word_1_366' title='bbox 1364 4808 1613 4878; x_wconf 84' lang='lat' dir='ltr'><strong>oppidum</strong></span> <span class='ocrx_word' id='word_1_367' title='bbox 1656 4807 1880 4877; x_wconf 80' lang='lat' dir='ltr'><strong>ingressi</strong></span> <span class='ocrx_word' id='word_1_368' title='bbox 1906 4806 2034 4862; x_wconf 87' lang='lat' dir='ltr'><strong>fuis-</strong></span> 
     </span>
    </p>
   </div>
   <div class='ocr_carea' id='block_1_51' title="bbox 456 4893 2032 4968">
    <p class='ocr_par' dir='ltr' id='par_1_51' title="bbox 456 4893 2032 4968">
     <span class='ocr_line' id='line_1_51' title="bbox 456 4893 2032 4968; baseline 0.004 -22"><span class='ocrx_word' id='word_1_369' title='bbox 456 4903 612 4956; x_wconf 80' lang='lat' dir='ltr'><strong>sent,</strong></span> <span class='ocrx_word' id='word_1_370' title='bbox 643 4893 819 4948; x_wconf 64' lang='lat' dir='ltr'><strong>ctedes</strong></span> <span class='ocrx_word' id='word_1_371' title='bbox 855 4893 995 4948; x_wconf 89' lang='lat' dir='ltr'><strong>haud</strong></span> <span class='ocrx_word' id='word_1_372' title='bbox 1029 4894 1219 4962; x_wconf 89' lang='lat' dir='ltr'><strong>dubie,</strong></span> <span class='ocrx_word' id='word_1_373' title='bbox 1241 4894 1600 4965; x_wconf 78' lang='lat' dir='ltr'><strong>direptiones,</strong></span> <span class='ocrx_word' id='word_1_374' title='bbox 1646 4899 1851 4968; x_wconf 89' lang='lat' dir='ltr'><strong>aliaque</strong></span> <span class='ocrx_word' id='word_1_375' title='bbox 1898 4899 2032 4952; x_wconf 88' lang='lat' dir='ltr'><strong>mala</strong></span> 
     </span>
    </p>
   </div>
   <div class='ocr_carea' id='block_1_52' title="bbox 463 4982 2033 5057">
    <p class='ocr_par' dir='ltr' id='par_1_52' title="bbox 463 4982 2033 5057">
     <span class='ocr_line' id='line_1_52' title="bbox 463 4982 2033 5057; baseline 0.006 -23"><span class='ocrx_word' id='word_1_376' title='bbox 463 4982 803 5052; x_wconf 76' lang='lat' dir='ltr'><strong>intulissent,</strong></span> <span class='ocrx_word' id='word_1_377' title='bbox 847 4999 966 5053; x_wconf 67' lang='lat' dir='ltr'><strong>quae</strong></span> <span class='ocrx_word' id='word_1_378' title='bbox 999 4984 1410 5057; x_wconf 78' lang='lat' dir='ltr'><strong>Chrysostomus</strong></span> <span class='ocrx_word' id='word_1_379' title='bbox 1459 4987 1760 5046; x_wconf 84' lang='lat' dir='ltr'><strong>describere</strong></span> <span class='ocrx_word' id='word_1_380' title='bbox 1800 5004 1904 5045; x_wconf 91' lang='lat' dir='ltr'><strong>non</strong></span> <span class='ocrx_word' id='word_1_381' title='bbox 1943 5004 2033 5044; x_wconf 83' lang='lat' dir='ltr'><strong>ne-</strong></span> 
     </span>
    </p>
   </div>
   <div class='ocr_carea' id='block_1_53' title="bbox 465 5073 737 5142">
    <p class='ocr_par' dir='ltr' id='par_1_53' title="bbox 465 5073 737 5142">
     <span class='ocr_line' id='line_1_53' title="bbox 465 5073 737 5142; baseline 0.004 -15"><span class='ocrx_word' id='word_1_382' title='bbox 465 5073 737 5142; x_wconf 78' lang='lat' dir='ltr'><strong>glexisset.</strong></span> 
     </span>
    </p>
   </div>
   <div class='ocr_carea' id='block_1_54' title="bbox 537 5165 2032 5238">
    <p class='ocr_par' dir='ltr' id='par_1_54' title="bbox 537 5165 2032 5238">
     <span class='ocr_line' id='line_1_54' title="bbox 537 5165 2032 5238; baseline 0.003 -20"><span class='ocrx_word' id='word_1_383' title='bbox 537 5165 594 5218; x_wconf 88' lang='lat' dir='ltr'><strong>In</strong></span> <span class='ocrx_word' id='word_1_384' title='bbox 614 5165 834 5234; x_wconf 87' lang='lat' dir='ltr'><strong>epistola</strong></span> <span class='ocrx_word' id='word_1_385' title='bbox 864 5179 990 5221; x_wconf 92' lang='lat' dir='ltr'><strong>vero</strong></span> <span class='ocrx_word' id='word_1_386' title='bbox 1018 5166 1086 5222; x_wconf 83' lang='lat'><strong>70</strong></span> <span class='ocrx_word' id='word_1_387' title='bbox 1109 5169 1183 5221; x_wconf 89' lang='lat' dir='ltr'><strong>ait</strong></span> <span class='ocrx_word' id='word_1_388' title='bbox 1209 5182 1268 5223; x_wconf 90' lang='lat' dir='ltr'><strong>se</strong></span> <span class='ocrx_word' id='word_1_389' title='bbox 1285 5181 1405 5222; x_wconf 91' lang='lat' dir='ltr'><strong>cum</strong></span> <span class='ocrx_word' id='word_1_390' title='bbox 1441 5170 1587 5237; x_wconf 84' lang='lat' dir='ltr'><strong>gravi</strong></span> <span class='ocrx_word' id='word_1_391' title='bbox 1612 5169 1852 5237; x_wconf 85' lang='lat' dir='ltr'><strong>corporis</strong></span> <span class='ocrx_word' id='word_1_392' title='bbox 1876 5168 2032 5238; x_wconf 65' lang='lat' dir='ltr'><strong>aegri-</strong></span> 
     </span>
    </p>
   </div>
   <div class='ocr_carea' id='block_1_55' title="bbox 462 5256 2032 5330">
    <p class='ocr_par' dir='ltr' id='par_1_55' title="bbox 462 5256 2032 5330">
     <span class='ocr_line' id='line_1_55' title="bbox 462 5256 2032 5330; baseline 0.003 -18"><span class='ocrx_word' id='word_1_393' title='bbox 462 5256 648 5314; x_wconf 81' lang='lat' dir='ltr'><strong>tudine</strong></span> <span class='ocrx_word' id='word_1_394' title='bbox 672 5256 984 5314; x_wconf 79' lang='lat' dir='ltr'><strong>conflictari.</strong></span> <span class='ocrx_word' id='word_1_395' title='bbox 1031 5261 1098 5314; x_wconf 81' lang='lat' dir='ltr'><strong>At</strong></span> <span class='ocrx_word' id='word_1_396' title='bbox 1145 5260 1197 5314; x_wconf 92' lang='lat' dir='ltr'><strong>in</strong></span> <span class='ocrx_word' id='word_1_397' title='bbox 1241 5259 1462 5330; x_wconf 83' lang='lat' dir='ltr'><strong>epistola</strong></span> <span class='ocrx_word' id='word_1_398' title='bbox 1511 5259 1605 5316; x_wconf 77' lang='lat' dir='ltr'><strong>I5!</strong></span> <span class='ocrx_word' id='word_1_399' title='bbox 1663 5260 1728 5317; x_wconf 77' lang='lat' dir='ltr'><strong>ad</strong></span> <span class='ocrx_word' id='word_1_400' title='bbox 1772 5259 2032 5330; x_wconf 88' lang='lat' dir='ltr'><strong>Elpidium</strong></span> 
     </span>
    </p>
   </div>
   <div class='ocr_carea' id='block_1_56' title="bbox 459 5347 2034 5422">
    <p class='ocr_par' dir='ltr' id='par_1_56' title="bbox 459 5347 2034 5422">
     <span class='ocr_line' id='line_1_56' title="bbox 459 5347 2034 5422; baseline 0.004 -22"><span class='ocrx_word' id='word_1_401' title='bbox 459 5361 675 5416; x_wconf 83' lang='lat' dir='ltr'><strong>gravem</strong></span> <span class='ocrx_word' id='word_1_402' title='bbox 699 5347 827 5405; x_wconf 89' lang='lat' dir='ltr'><strong>dicit</strong></span> <span class='ocrx_word' id='word_1_403' title='bbox 845 5350 1132 5407; x_wconf 85' lang='lat' dir='ltr'><strong>accessisse</strong></span> <span class='ocrx_word' id='word_1_404' title='bbox 1151 5351 1414 5418; x_wconf 91' lang='lat' dir='ltr'><strong>morbum,</strong></span> <span class='ocrx_word' id='word_1_405' title='bbox 1435 5352 1585 5422; x_wconf 89' lang='lat' dir='ltr'><strong>cujus</strong></span> <span class='ocrx_word' id='word_1_406' title='bbox 1598 5349 1772 5408; x_wconf 90' lang='lat' dir='ltr'><strong>adhuc</strong></span> <span class='ocrx_word' id='word_1_407' title='bbox 1787 5352 2034 5422; x_wconf 87' lang='lat' dir='ltr'><strong>reliquias</strong></span> 
     </span>
    </p>
   </div>
   <div class='ocr_carea' id='block_1_57' title="bbox 461 5436 2033 5512">
    <p class='ocr_par' dir='ltr' id='par_1_57' title="bbox 461 5436 2033 5512">
     <span class='ocr_line' id='line_1_57' title="bbox 461 5436 2033 5512; baseline 0.005 -22"><span class='ocrx_word' id='word_1_408' title='bbox 461 5436 868 5494; x_wconf 86' lang='lat' dir='ltr'><strong>circumferebat</strong></span> <span class='ocrx_word' id='word_1_409' title='bbox 892 5457 906 5494; x_wconf 92' lang='lat'><strong>:</strong></span> <span class='ocrx_word' id='word_1_410' title='bbox 937 5441 1077 5512; x_wconf 87' lang='lat' dir='ltr'><strong>quod</strong></span> <span class='ocrx_word' id='word_1_411' title='bbox 1123 5441 1292 5511; x_wconf 89' lang='lat' dir='ltr'><strong>ipsum</strong></span> <span class='ocrx_word' id='word_1_412' title='bbox 1317 5440 1445 5496; x_wconf 90' lang='lat' dir='ltr'><strong>dicit</strong></span> <span class='ocrx_word' id='word_1_413' title='bbox 1471 5442 1527 5496; x_wconf 85' lang='lat' dir='ltr'><strong>in</strong></span> <span class='ocrx_word' id='word_1_414' title='bbox 1549 5441 1769 5510; x_wconf 86' lang='lat' dir='ltr'><strong>epistola</strong></span> <span class='ocrx_word' id='word_1_415' title='bbox 1809 5443 1930 5498; x_wconf 74' lang='grc'><strong>158.</strong></span> <span class='ocrx_word' id='word_1_416' title='bbox 1954 5444 2033 5498; x_wconf 83' lang='lat' dir='ltr'><strong>Ad</strong></span> 
     </span>
    </p>
   </div>
   <div class='ocr_carea' id='block_1_58' title="bbox 461 5525 2033 5602">
    <p class='ocr_par' dir='ltr' id='par_1_58' title="bbox 461 5525 2033 5602">
     <span class='ocr_line' id='line_1_58' title="bbox 461 5525 2033 5602; baseline 0.003 -20"><span class='ocrx_word' id='word_1_417' title='bbox 461 5525 825 5597; x_wconf 78' lang='lat' dir='ltr'><strong>Olympiadem</strong></span> <span class='ocrx_word' id='word_1_418' title='bbox 854 5545 981 5586; x_wconf 87' lang='lat' dir='ltr'><strong>vero</strong></span> <span class='ocrx_word' id='word_1_419' title='bbox 1009 5532 1246 5588; x_wconf 89' lang='lat' dir='ltr'><strong>scribens</strong></span> <span class='ocrx_word' id='word_1_420' title='bbox 1270 5531 1544 5600; x_wconf 86' lang='lat' dir='ltr'><strong>epistolam</strong></span> <span class='ocrx_word' id='word_1_421' title='bbox 1574 5531 1638 5586; x_wconf 82' lang='lat' dir='ltr'><strong>l5</strong></span> <span class='ocrx_word' id='word_1_422' title='bbox 1662 5533 1754 5595; x_wconf 88' lang='lat' dir='ltr'><strong>ait,</strong></span> <span class='ocrx_word' id='word_1_423' title='bbox 1776 5547 1836 5587; x_wconf 89' lang='lat' dir='ltr'><strong>se</strong></span> <span class='ocrx_word' id='word_1_424' title='bbox 1861 5548 1892 5588; x_wconf 93' lang='lat' dir='ltr'><strong>e</strong></span> <span class='ocrx_word' id='word_1_425' title='bbox 1911 5548 2033 5602; x_wconf 83' lang='lat' dir='ltr'><strong>gra-</strong></span> 
     </span>
    </p>
   </div>
   <div class='ocr_carea' id='block_1_59' title="bbox 467 5619 2034 5691">
    <p class='ocr_par' dir='ltr' id='par_1_59' title="bbox 467 5619 2034 5691">
     <span class='ocr_line' id='line_1_59' title="bbox 467 5619 2034 5691; baseline 0.004 -20"><span class='ocrx_word' id='word_1_426' title='bbox 467 5619 683 5677; x_wconf 81' lang='lat' dir='ltr'><strong>vissimo</strong></span> <span class='ocrx_word' id='word_1_427' title='bbox 703 5623 983 5678; x_wconf 84' lang='lat' dir='ltr'><strong>emersisse</strong></span> <span class='ocrx_word' id='word_1_428' title='bbox 1011 5623 1219 5690; x_wconf 89' lang='lat' dir='ltr'><strong>morbo,</strong></span> <span class='ocrx_word' id='word_1_429' title='bbox 1250 5623 1344 5678; x_wconf 87' lang='lat' dir='ltr'><strong>sed</strong></span> <span class='ocrx_word' id='word_1_430' title='bbox 1388 5622 1557 5678; x_wconf 89' lang='lat' dir='ltr'><strong>morbi</strong></span> <span class='ocrx_word' id='word_1_431' title='bbox 1587 5621 1834 5691; x_wconf 88' lang='lat' dir='ltr'><strong>reliquias</strong></span> <span class='ocrx_word' id='word_1_432' title='bbox 1861 5621 2034 5678; x_wconf 88' lang='lat' dir='ltr'><strong>adhuc</strong></span> 
     </span>
    </p>
   </div>
   <div class='ocr_carea' id='block_1_60' title="bbox 463 5709 2030 5789">
    <p class='ocr_par' dir='ltr' id='par_1_60' title="bbox 463 5709 2030 5789">
     <span class='ocr_line' id='line_1_60' title="bbox 463 5709 2030 5789; baseline 0.004 -27"><span class='ocrx_word' id='word_1_433' title='bbox 463 5709 800 5767; x_wconf 74' lang='lat' dir='ltr'><strong>circumferre</strong></span> <span class='ocrx_word' id='word_1_434' title='bbox 825 5729 838 5767; x_wconf 90' lang='lat'><strong>:</strong></span> <span class='ocrx_word' id='word_1_435' title='bbox 869 5721 922 5766; x_wconf 88' lang='lat' dir='ltr'><strong>et</strong></span> <span class='ocrx_word' id='word_1_436' title='bbox 950 5711 1133 5768; x_wconf 88' lang='lat' dir='ltr'><strong>adesse</strong></span> <span class='ocrx_word' id='word_1_437' title='bbox 1162 5713 1260 5768; x_wconf 90' lang='lat' dir='ltr'><strong>sibi</strong></span> <span class='ocrx_word' id='word_1_438' title='bbox 1287 5713 1496 5789; x_wconf 86' lang='lat' dir='ltr'><strong>quidem</strong></span> <span class='ocrx_word' id='word_1_439' title='bbox 1525 5712 1756 5768; x_wconf 88' lang='lat' dir='ltr'><strong>medicos</strong></span> <span class='ocrx_word' id='word_1_440' title='bbox 1783 5711 2030 5782; x_wconf 89' lang='lat' dir='ltr'><strong>optimos,</strong></span> 
     </span>
    </p>
   </div>
   <div class='ocr_carea' id='block_1_61' title="bbox 1513 343 2605 410">
    <p class='ocr_par' dir='ltr' id='par_1_61' title="bbox 1513 343 2605 410">
     <span class='ocr_line' id='line_1_61' title="bbox 1513 343 2605 410; baseline -0.004 -10"><span class='ocrx_word' id='word_1_441' title='bbox 1513 348 1568 400; x_wconf 82' lang='lat'><strong>5.</strong></span> <span class='ocrx_word' id='word_1_442' title='bbox 1602 344 1881 401; x_wconf 77' lang='lat' dir='ltr'><strong>JOANNIS</strong></span> <span class='ocrx_word' id='word_1_443' title='bbox 1919 343 2389 401; x_wconf 73' lang='lat' dir='ltr'><strong>CHRYSOSTOMI</strong></span> <span class='ocrx_word' id='word_1_444' title='bbox 2431 344 2605 410; x_wconf 72' lang='lat' dir='ltr'><strong>V&#39;ITA,</strong></span> 
     </span>
    </p>
   </div>
   <div class='ocr_carea' id='block_1_62' title="bbox 3639 347 3742 403">
    <p class='ocr_par' dir='ltr' id='par_1_62' title="bbox 3639 347 3742 403">
     <span class='ocr_line' id='line_1_62' title="bbox 3639 347 3742 403; baseline -0.039 0"><span class='ocrx_word' id='word_1_445' title='bbox 3639 347 3742 403; x_wconf 69' lang='lat' dir='ltr'><strong>sse</strong></span> 
     </span>
    </p>
   </div>
   <div class='ocr_carea' id='block_1_63' title="bbox 2175 455 3742 525">
    <p class='ocr_par' dir='ltr' id='par_1_63' title="bbox 2175 455 3742 525">
     <span class='ocr_line' id='line_1_63' title="bbox 2175 455 3742 525; baseline 0.002 -15"><span class='ocrx_word' id='word_1_446' title='bbox 2175 457 2268 510; x_wconf 81' lang='lat' dir='ltr'><strong>sed</strong></span> <span class='ocrx_word' id='word_1_447' title='bbox 2285 455 2699 509; x_wconf 67' lang='lat' dir='ltr'><strong>necessariarum</strong></span> <span class='ocrx_word' id='word_1_448' title='bbox 2720 470 2894 510; x_wconf 90' lang='lat' dir='ltr'><strong>rerum</strong></span> <span class='ocrx_word' id='word_1_449' title='bbox 2908 457 3157 525; x_wconf 87' lang='lat' dir='ltr'><strong>inopiam,</strong></span> <span class='ocrx_word' id='word_1_450' title='bbox 3177 456 3450 510; x_wconf 78' lang='lat' dir='ltr'><strong>medicina:</strong></span> <span class='ocrx_word' id='word_1_451' title='bbox 3467 457 3742 513; x_wconf 89' lang='lat' dir='ltr'><strong>utilitatem</strong></span> 
     </span>
    </p>
   </div>
   <div class='ocr_carea' id='block_1_64' title="bbox 2175 547 3737 611">
    <p class='ocr_par' dir='ltr' id='par_1_64' title="bbox 2175 547 3737 611">
     <span class='ocr_line' id='line_1_64' title="bbox 2175 547 3737 611; baseline 0.003 -11"><span class='ocrx_word' id='word_1_452' title='bbox 2175 547 2521 611; x_wconf 69' lang='lat' dir='ltr'><strong>labefactare;</strong></span> <span class='ocrx_word' id='word_1_453' title='bbox 2554 563 2650 603; x_wconf 86' lang='lat' dir='ltr'><strong>nec</strong></span> <span class='ocrx_word' id='word_1_454' title='bbox 2677 548 2834 602; x_wconf 90' lang='lat' dir='ltr'><strong>modo</strong></span> <span class='ocrx_word' id='word_1_455' title='bbox 2863 549 3047 604; x_wconf 83' lang='lat' dir='ltr'><strong>abesse</strong></span> <span class='ocrx_word' id='word_1_456' title='bbox 3079 549 3464 603; x_wconf 88' lang='lat' dir='ltr'><strong>medicamenta</strong></span> <span class='ocrx_word' id='word_1_457' title='bbox 3494 560 3737 605; x_wconf 82' lang='lat' dir='ltr'><strong>caeteras-</strong></span> 
     </span>
    </p>
   </div>
   <div class='ocr_carea' id='block_1_65' title="bbox 2175 625 3738 707">
    <p class='ocr_par' dir='ltr' id='par_1_65' title="bbox 2175 625 3738 707">
     <span class='ocr_line' id='line_1_65' title="bbox 2175 625 3738 707; baseline 0.004 -17"><span class='ocrx_word' id='word_1_458' title='bbox 2175 625 2279 706; x_wconf 23' lang='lat' dir='ltr'><strong>qu&#39;e</strong></span> <span class='ocrx_word' id='word_1_459' title='bbox 2318 654 2422 701; x_wconf 88' lang='lat' dir='ltr'><strong>res,</strong></span> <span class='ocrx_word' id='word_1_460' title='bbox 2453 653 2634 693; x_wconf 91' lang='lat' dir='ltr'><strong>verum</strong></span> <span class='ocrx_word' id='word_1_461' title='bbox 2664 639 2822 692; x_wconf 89' lang='lat' dir='ltr'><strong>etiam</strong></span> <span class='ocrx_word' id='word_1_462' title='bbox 2869 637 3058 693; x_wconf 83' lang='lat' dir='ltr'><strong>famem</strong></span> <span class='ocrx_word' id='word_1_463' title='bbox 3098 648 3152 694; x_wconf 91' lang='lat' dir='ltr'><strong>et</strong></span> <span class='ocrx_word' id='word_1_464' title='bbox 3198 650 3394 707; x_wconf 79' lang='lat' dir='ltr'><strong>pestem</strong></span> <span class='ocrx_word' id='word_1_465' title='bbox 3427 641 3738 706; x_wconf 84' lang='lat' dir='ltr'><strong>imminere;</strong></span> 
     </span>
    </p>
   </div>
   <div class='ocr_carea' id='block_1_66' title="bbox 2175 727 3742 803">
    <p class='ocr_par' dir='ltr' id='par_1_66' title="bbox 2175 727 3742 803">
     <span class='ocr_line' id='line_1_66' title="bbox 2175 727 3742 803; baseline 0.006 -25"><span class='ocrx_word' id='word_1_466' title='bbox 2175 727 2391 796; x_wconf 60' lang='lat' dir='ltr'><strong>haecque</strong></span> <span class='ocrx_word' id='word_1_467' title='bbox 2438 727 2573 781; x_wconf 89' lang='lat' dir='ltr'><strong>mala</strong></span> <span class='ocrx_word' id='word_1_468' title='bbox 2602 728 2900 782; x_wconf 78' lang='lat' dir='ltr'><strong>Isaurorum</strong></span> <span class='ocrx_word' id='word_1_469' title='bbox 2950 730 3276 784; x_wconf 89' lang='lat' dir='ltr'><strong>incursiones</strong></span> <span class='ocrx_word' id='word_1_470' title='bbox 3316 733 3611 798; x_wconf 88' lang='lat' dir='ltr'><strong>parturire,</strong></span> <span class='ocrx_word' id='word_1_471' title='bbox 3651 737 3742 803; x_wconf 86' lang='lat' dir='ltr'><strong>qui</strong></span> 
     </span>
    </p>
   </div>
   <div class='ocr_carea' id='block_1_67' title="bbox 2171 817 3743 889">
    <p class='ocr_par' dir='ltr' id='par_1_67' title="bbox 2171 817 3743 889">
     <span class='ocr_line' id='line_1_67' title="bbox 2171 817 3743 889; baseline 0.005 -19"><span class='ocrx_word' id='word_1_472' title='bbox 2171 831 2354 871; x_wconf 91' lang='lat' dir='ltr'><strong>omnes</strong></span> <span class='ocrx_word' id='word_1_473' title='bbox 2380 818 2488 871; x_wconf 84' lang='lat' dir='ltr'><strong>vias</strong></span> <span class='ocrx_word' id='word_1_474' title='bbox 2513 817 2938 884; x_wconf 88' lang='lat' dir='ltr'><strong>intercluderent,</strong></span> <span class='ocrx_word' id='word_1_475' title='bbox 2971 819 3196 889; x_wconf 86' lang='lat' dir='ltr'><strong>hincque</strong></span> <span class='ocrx_word' id='word_1_476' title='bbox 3245 821 3527 889; x_wconf 78' lang='lat' dir='ltr'><strong>periculum</strong></span> <span class='ocrx_word' id='word_1_477' title='bbox 3568 825 3743 878; x_wconf 85' lang='lat' dir='ltr'><strong>creari</strong></span> 
     </span>
    </p>
   </div>
   <div class='ocr_carea' id='block_1_68' title="bbox 2172 906 3742 980">
    <p class='ocr_par' dir='ltr' id='par_1_68' title="bbox 2172 906 3742 980">
     <span class='ocr_line' id='line_1_68' title="bbox 2172 906 3742 980; baseline 0.005 -22"><span class='ocrx_word' id='word_1_478' title='bbox 2172 906 2236 959; x_wconf 89' lang='lat' dir='ltr'><strong>iis</strong></span> <span class='ocrx_word' id='word_1_479' title='bbox 2261 907 2348 974; x_wconf 93' lang='lat' dir='ltr'><strong>qui</strong></span> <span class='ocrx_word' id='word_1_480' title='bbox 2389 908 2485 962; x_wconf 91' lang='lat' dir='ltr'><strong>iter</strong></span> <span class='ocrx_word' id='word_1_481' title='bbox 2527 908 2774 963; x_wconf 88' lang='lat' dir='ltr'><strong>facerent.</strong></span> <span class='ocrx_word' id='word_1_482' title='bbox 2807 909 3161 964; x_wconf 86' lang='lat' dir='ltr'><strong>Andronicum</strong></span> <span class='ocrx_word' id='word_1_483' title='bbox 3187 913 3328 964; x_wconf 88' lang='lat' dir='ltr'><strong>enim</strong></span> <span class='ocrx_word' id='word_1_484' title='bbox 3357 912 3632 980; x_wconf 89' lang='lat' dir='ltr'><strong>quemdam</strong></span> <span class='ocrx_word' id='word_1_485' title='bbox 3663 914 3742 966; x_wconf 86' lang='lat' dir='ltr'><strong>ait</strong></span> 
     </span>
    </p>
   </div>
   <div class='ocr_carea' id='block_1_69' title="bbox 2170 987 3739 1071">
    <p class='ocr_par' dir='ltr' id='par_1_69' title="bbox 2170 987 3739 1071">
     <span class='ocr_line' id='line_1_69' title="bbox 2170 987 3739 1071; baseline 0.004 -21"><span class='ocrx_word' id='word_1_486' title='bbox 2170 996 2220 1050; x_wconf 93' lang='lat' dir='ltr'><strong>in</strong></span> <span class='ocrx_word' id='word_1_487' title='bbox 2249 997 2454 1051; x_wconf 93' lang='lat' dir='ltr'><strong>illorum</strong></span> <span class='ocrx_word' id='word_1_488' title='bbox 2483 1013 2666 1054; x_wconf 69' lang='lat' dir='ltr'><strong>manus</strong></span> <span class='ocrx_word' id='word_1_489' title='bbox 2688 1000 2954 1067; x_wconf 87' lang='lat' dir='ltr'><strong>incidisse,</strong></span> <span class='ocrx_word' id='word_1_490' title='bbox 2977 1009 3132 1069; x_wconf 88' lang='lat' dir='ltr'><strong>atque</strong></span> <span class='ocrx_word' id='word_1_491' title='bbox 3160 987 3312 1054; x_wconf 81' lang='lat' dir='ltr'><strong>abiis</strong></span> <span class='ocrx_word' id='word_1_492' title='bbox 3337 1002 3635 1071; x_wconf 88' lang='lat' dir='ltr'><strong>spoliatum,</strong></span> <span class='ocrx_word' id='word_1_493' title='bbox 3660 1010 3739 1058; x_wconf 89' lang='lat' dir='ltr'><strong>sia</strong></span> 
     </span>
    </p>
   </div>
   <div class='ocr_carea' id='block_1_70' title="bbox 2171 1090 2846 1146">
    <p class='ocr_par' dir='ltr' id='par_1_70' title="bbox 2171 1090 2846 1146">
     <span class='ocr_line' id='line_1_70' title="bbox 2171 1090 2846 1146; baseline 0.004 -5"><span class='ocrx_word' id='word_1_494' title='bbox 2171 1090 2370 1142; x_wconf 87' lang='lat' dir='ltr'><strong>salvum</strong></span> <span class='ocrx_word' id='word_1_495' title='bbox 2400 1101 2571 1144; x_wconf 91' lang='lat' dir='ltr'><strong>tamen</strong></span> <span class='ocrx_word' id='word_1_496' title='bbox 2597 1093 2846 1146; x_wconf 87' lang='lat' dir='ltr'><strong>evasisse.</strong></span> 
     </span>
    </p>
   </div>
   <div class='ocr_carea' id='block_1_71' title="bbox 2242 1177 3820 1254">
    <p class='ocr_par' dir='ltr' id='par_1_71' title="bbox 2242 1177 3820 1254">
     <span class='ocr_line' id='line_1_71' title="bbox 2242 1177 3820 1254; baseline 0.007 -24"><span class='ocrx_word' id='word_1_497' title='bbox 2242 1177 2559 1233; x_wconf 76' lang='lat' dir='ltr'><strong>Constantius</strong></span> <span class='ocrx_word' id='word_1_498' title='bbox 2615 1183 2866 1251; x_wconf 82' lang='lat' dir='ltr'><strong>presbyter</strong></span> <span class='ocrx_word' id='word_1_499' title='bbox 2915 1183 2967 1236; x_wconf 86' lang='lat' dir='ltr'><strong>in</strong></span> <span class='ocrx_word' id='word_1_500' title='bbox 3029 1179 3248 1252; x_wconf 85' lang='lat' dir='ltr'><strong>Cyprum</strong></span> <span class='ocrx_word' id='word_1_501' title='bbox 3296 1183 3445 1254; x_wconf 79' lang='lat' dir='ltr'><strong>fugit.</strong></span> <span class='ocrx_word' id='word_1_502' title='bbox 3496 1214 3566 1224; x_wconf 89' lang='lat'><strong>——</strong></span> <span class='ocrx_word' id='word_1_503' title='bbox 3617 1185 3734 1240; x_wconf 81' lang='lat' dir='ltr'><strong>Non</strong></span> <span class='ocrx_word' id='word_1_504' title='bbox 3817 1182 3820 1184; x_wconf 38' lang='grc'>⁷</span> 
     </span>
    </p>
   </div>
   <div class='ocr_carea' id='block_1_72' title="bbox 2169 1266 3734 1342">
    <p class='ocr_par' dir='ltr' id='par_1_72' title="bbox 2169 1266 3734 1342">
     <span class='ocr_line' id='line_1_72' title="bbox 2169 1266 3734 1342; baseline 0.006 -23"><span class='ocrx_word' id='word_1_505' title='bbox 2169 1266 2270 1336; x_wconf 87' lang='lat' dir='ltr'><strong>ipsi</strong></span> <span class='ocrx_word' id='word_1_506' title='bbox 2315 1283 2525 1338; x_wconf 81' lang='lat' dir='ltr'><strong>semper</strong></span> <span class='ocrx_word' id='word_1_507' title='bbox 2574 1280 2770 1338; x_wconf 77' lang='lat' dir='ltr'><strong>prmsto</strong></span> <span class='ocrx_word' id='word_1_508' title='bbox 2800 1273 2942 1326; x_wconf 88' lang='lat' dir='ltr'><strong>fuere</strong></span> <span class='ocrx_word' id='word_1_509' title='bbox 2987 1273 3174 1326; x_wconf 90' lang='lat' dir='ltr'><strong>medici</strong></span> <span class='ocrx_word' id='word_1_510' title='bbox 3208 1289 3221 1324; x_wconf 89' lang='lat'>:</span> <span class='ocrx_word' id='word_1_511' title='bbox 3253 1288 3374 1326; x_wconf 88' lang='lat' dir='ltr'><strong>nam</strong></span> <span class='ocrx_word' id='word_1_512' title='bbox 3419 1275 3471 1327; x_wconf 92' lang='lat' dir='ltr'><strong>in</strong></span> <span class='ocrx_word' id='word_1_513' title='bbox 3515 1275 3734 1342; x_wconf 82' lang='lat' dir='ltr'><strong>epistola</strong></span> 
     </span>
    </p>
   </div>
   <div class='ocr_carea' id='block_1_73' title="bbox 2168 1357 3735 1430">
    <p class='ocr_par' dir='ltr' id='par_1_73' title="bbox 2168 1357 3735 1430">
     <span class='ocr_line' id='line_1_73' title="bbox 2168 1357 3735 1430; baseline 0.004 -19"><span class='ocrx_word' id='word_1_514' title='bbox 2168 1357 2270 1411; x_wconf 84' lang='grc' dir='ltr'><strong>1Οὸ</strong></span> <span class='ocrx_word' id='word_1_515' title='bbox 2321 1358 2386 1410; x_wconf 92' lang='lat' dir='ltr'><strong>ad</strong></span> <span class='ocrx_word' id='word_1_516' title='bbox 2433 1357 2754 1413; x_wconf 86' lang='lat' dir='ltr'><strong>C&#39;ualcidiam</strong></span> <span class='ocrx_word' id='word_1_517' title='bbox 2800 1361 2873 1414; x_wconf 88' lang='lat' dir='ltr'><strong>ait</strong></span> <span class='ocrx_word' id='word_1_518' title='bbox 2911 1376 2970 1416; x_wconf 88' lang='lat' dir='ltr'><strong>se</strong></span> <span class='ocrx_word' id='word_1_519' title='bbox 3019 1361 3339 1416; x_wconf 87' lang='lat' dir='ltr'><strong>medicorum</strong></span> <span class='ocrx_word' id='word_1_520' title='bbox 3387 1363 3601 1430; x_wconf 85' lang='lat' dir='ltr'><strong>penuria</strong></span> <span class='ocrx_word' id='word_1_521' title='bbox 3651 1365 3735 1417; x_wconf 79' lang='lat' dir='ltr'><strong>la-</strong></span> 
     </span>
    </p>
   </div>
   <div class='ocr_carea' id='block_1_74' title="bbox 2169 1450 3732 1522">
    <p class='ocr_par' dir='ltr' id='par_1_74' title="bbox 2169 1450 3732 1522">
     <span class='ocr_line' id='line_1_74' title="bbox 2169 1450 3732 1522; baseline 0.003 -19"><span class='ocrx_word' id='word_1_522' title='bbox 2169 1450 2377 1504; x_wconf 85' lang='lat' dir='ltr'><strong>borare.</strong></span> <span class='ocrx_word' id='word_1_523' title='bbox 2409 1450 2531 1504; x_wconf 63' lang='lat' dir='ltr'><strong>Ilaec</strong></span> <span class='ocrx_word' id='word_1_524' title='bbox 2559 1466 2685 1506; x_wconf 88' lang='lat' dir='ltr'><strong>vero</strong></span> <span class='ocrx_word' id='word_1_525' title='bbox 2712 1452 2977 1506; x_wconf 79' lang='lat' dir='ltr'><strong>Chalcidis</strong></span> <span class='ocrx_word' id='word_1_526' title='bbox 2998 1453 3189 1506; x_wconf 86' lang='lat' dir='ltr'><strong>virtute</strong></span> <span class='ocrx_word' id='word_1_527' title='bbox 3213 1453 3466 1522; x_wconf 86' lang='lat' dir='ltr'><strong>singulari</strong></span> <span class='ocrx_word' id='word_1_528' title='bbox 3495 1455 3732 1522; x_wconf 76' lang='lat' dir='ltr'><strong>praedita,</strong></span> 
     </span>
    </p>
   </div>
   <div class='ocr_carea' id='block_1_75' title="bbox 2167 1544 3728 1613">
    <p class='ocr_par' dir='ltr' id='par_1_75' title="bbox 2167 1544 3728 1613">
     <span class='ocr_line' id='line_1_75' title="bbox 2167 1544 3728 1613; baseline 0.004 -20"><span class='ocrx_word' id='word_1_529' title='bbox 2167 1555 2285 1609; x_wconf 74' lang='lat' dir='ltr'><strong>qua:</strong></span> <span class='ocrx_word' id='word_1_530' title='bbox 2315 1556 2528 1610; x_wconf 86' lang='lat' dir='ltr'><strong>magnas</strong></span> <span class='ocrx_word' id='word_1_531' title='bbox 2567 1557 2659 1611; x_wconf 89' lang='lat' dir='ltr'><strong>per</strong></span> <span class='ocrx_word' id='word_1_532' title='bbox 2685 1544 2842 1596; x_wconf 82' lang='lat' dir='ltr'><strong>vitam</strong></span> <span class='ocrx_word' id='word_1_533' title='bbox 2869 1557 3014 1597; x_wconf 88' lang='lat' dir='ltr'><strong>suam</strong></span> <span class='ocrx_word' id='word_1_534' title='bbox 3042 1559 3304 1597; x_wconf 63' lang='lat' dir='ltr'><strong>aerumnas</strong></span> <span class='ocrx_word' id='word_1_535' title='bbox 3331 1560 3479 1613; x_wconf 87' lang='lat' dir='ltr'><strong>passa</strong></span> <span class='ocrx_word' id='word_1_536' title='bbox 3528 1546 3728 1610; x_wconf 84' lang='lat' dir='ltr'><strong>fuerat.</strong></span> 
     </span>
    </p>
   </div>
   <div class='ocr_carea' id='block_1_76' title="bbox 2167 1631 3731 1701">
    <p class='ocr_par' dir='ltr' id='par_1_76' title="bbox 2167 1631 3731 1701">
     <span class='ocr_line' id='line_1_76' title="bbox 2167 1631 3731 1701; baseline 0.003 -18"><span class='ocrx_word' id='word_1_537' title='bbox 2167 1631 2218 1684; x_wconf 91' lang='lat' dir='ltr'><strong>in</strong></span> <span class='ocrx_word' id='word_1_538' title='bbox 2248 1632 2480 1684; x_wconf 91' lang='lat' dir='ltr'><strong>omnium</strong></span> <span class='ocrx_word' id='word_1_539' title='bbox 2501 1633 2862 1701; x_wconf 89' lang='lat' dir='ltr'><strong>gravissimam</strong></span> <span class='ocrx_word' id='word_1_540' title='bbox 2887 1643 3008 1688; x_wconf 88' lang='lat' dir='ltr'><strong>tunc</strong></span> <span class='ocrx_word' id='word_1_541' title='bbox 3035 1633 3309 1689; x_wconf 85' lang='lat' dir='ltr'><strong>inciderat.</strong></span> <span class='ocrx_word' id='word_1_542' title='bbox 3334 1635 3473 1688; x_wconf 88' lang='lat' dir='ltr'><strong>Illam</strong></span> <span class='ocrx_word' id='word_1_543' title='bbox 3501 1651 3625 1690; x_wconf 87' lang='lat' dir='ltr'><strong>vero</strong></span> <span class='ocrx_word' id='word_1_544' title='bbox 3645 1651 3731 1689; x_wconf 64' lang='lat' dir='ltr'><strong>so.</strong></span> 
     </span>
    </p>
   </div>
   <div class='ocr_carea' id='block_1_77' title="bbox 2165 1720 3728 1792">
    <p class='ocr_par' dir='ltr' id='par_1_77' title="bbox 2165 1720 3728 1792">
     <span class='ocr_line' id='line_1_77' title="bbox 2165 1720 3728 1792; baseline 0.006 -20"><span class='ocrx_word' id='word_1_545' title='bbox 2165 1720 2303 1774; x_wconf 76' lang='lat' dir='ltr'><strong>latur</strong></span> <span class='ocrx_word' id='word_1_546' title='bbox 2325 1721 2754 1790; x_wconf 86' lang='lat' dir='ltr'><strong>Chrysostomus,</strong></span> <span class='ocrx_word' id='word_1_547' title='bbox 2794 1722 2932 1777; x_wconf 86' lang='lat' dir='ltr'><strong>ﬂuxa</strong></span> <span class='ocrx_word' id='word_1_548' title='bbox 2957 1738 3076 1779; x_wconf 89' lang='lat' dir='ltr'><strong>esse</strong></span> <span class='ocrx_word' id='word_1_549' title='bbox 3127 1727 3405 1792; x_wconf 75' lang='lat' dir='ltr'><strong>prccsentia</strong></span> <span class='ocrx_word' id='word_1_550' title='bbox 3451 1735 3559 1779; x_wconf 90' lang='lat' dir='ltr'><strong>tum</strong></span> <span class='ocrx_word' id='word_1_551' title='bbox 3593 1727 3728 1781; x_wconf 84' lang='lat' dir='ltr'><strong>bona</strong></span> 
     </span>
    </p>
   </div>
   <div class='ocr_carea' id='block_1_78' title="bbox 2166 1811 3728 1884">
    <p class='ocr_par' dir='ltr' id='par_1_78' title="bbox 2166 1811 3728 1884">
     <span class='ocr_line' id='line_1_78' title="bbox 2166 1811 3728 1884; baseline 0.005 -22"><span class='ocrx_word' id='word_1_552' title='bbox 2166 1819 2273 1863; x_wconf 91' lang='lat' dir='ltr'><strong>tum</strong></span> <span class='ocrx_word' id='word_1_553' title='bbox 2301 1811 2437 1865; x_wconf 89' lang='lat' dir='ltr'><strong>mala</strong></span> <span class='ocrx_word' id='word_1_554' title='bbox 2467 1812 2666 1876; x_wconf 92' lang='lat' dir='ltr'><strong>dicens,</strong></span> <span class='ocrx_word' id='word_1_555' title='bbox 2690 1822 2742 1866; x_wconf 90' lang='lat' dir='ltr'><strong>et</strong></span> <span class='ocrx_word' id='word_1_556' title='bbox 2770 1828 3030 1867; x_wconf 72' lang='lat' dir='ltr'><strong>aerumnas</strong></span> <span class='ocrx_word' id='word_1_557' title='bbox 3053 1823 3249 1882; x_wconf 89' lang='lat' dir='ltr'><strong>quanto</strong></span> <span class='ocrx_word' id='word_1_558' title='bbox 3277 1815 3543 1883; x_wconf 84' lang='lat' dir='ltr'><strong>graviores</strong></span> <span class='ocrx_word' id='word_1_559' title='bbox 3569 1827 3728 1884; x_wconf 89' lang='lat' dir='ltr'><strong>sunt,</strong></span> 
     </span>
    </p>
   </div>
   <div class='ocr_carea' id='block_1_79' title="bbox 2166 1901 3729 1970">
    <p class='ocr_par' dir='ltr' id='par_1_79' title="bbox 2166 1901 3729 1970">
     <span class='ocr_line' id='line_1_79' title="bbox 2166 1901 3729 1970; baseline 0.007 -19"><span class='ocrx_word' id='word_1_560' title='bbox 2166 1907 2310 1953; x_wconf 88' lang='lat' dir='ltr'><strong>tanto</strong></span> <span class='ocrx_word' id='word_1_561' title='bbox 2336 1901 2534 1967; x_wconf 87' lang='lat' dir='ltr'><strong>majora</strong></span> <span class='ocrx_word' id='word_1_562' title='bbox 2563 1903 2774 1970; x_wconf 74' lang='lat' dir='ltr'><strong>prmmia</strong></span> <span class='ocrx_word' id='word_1_563' title='bbox 2791 1909 2845 1955; x_wconf 90' lang='lat' dir='ltr'><strong>et</strong></span> <span class='ocrx_word' id='word_1_564' title='bbox 2863 1917 3084 1957; x_wconf 89' lang='lat' dir='ltr'><strong>coronas</strong></span> <span class='ocrx_word' id='word_1_565' title='bbox 3108 1904 3409 1957; x_wconf 84' lang='lat' dir='ltr'><strong>conciliare.</strong></span> <span class='ocrx_word' id='word_1_566' title='bbox 3442 1906 3584 1961; x_wconf 84' lang='lat' dir='ltr'><strong>lianc</strong></span> <span class='ocrx_word' id='word_1_567' title='bbox 3605 1923 3729 1962; x_wconf 73' lang='lat' dir='ltr'><strong>Vt-I‘O</strong></span> 
     </span>
    </p>
   </div>
   <div class='ocr_carea' id='block_1_80' title="bbox 2165 1990 3729 2063">
    <p class='ocr_par' dir='ltr' id='par_1_80' title="bbox 2165 1990 3729 2063">
     <span class='ocr_line' id='line_1_80' title="bbox 2165 1990 3729 2063; baseline 0.005 -21"><span class='ocrx_word' id='word_1_568' title='bbox 2165 2005 2352 2044; x_wconf 89' lang='lat' dir='ltr'><strong>novam</strong></span> <span class='ocrx_word' id='word_1_569' title='bbox 2381 1990 2670 2046; x_wconf 62' lang='lat' dir='ltr'><strong>Chalcidice</strong></span> <span class='ocrx_word' id='word_1_570' title='bbox 2694 2007 2984 2046; x_wconf 73' lang='lat' dir='ltr'><strong>mrumnam</strong></span> <span class='ocrx_word' id='word_1_571' title='bbox 3016 2007 3133 2048; x_wconf 87' lang='lat' dir='ltr'><strong>esse</strong></span> <span class='ocrx_word' id='word_1_572' title='bbox 3167 2009 3323 2062; x_wconf 89' lang='lat' dir='ltr'><strong>posse</strong></span> <span class='ocrx_word' id='word_1_573' title='bbox 3352 1996 3588 2063; x_wconf 83' lang='lat' dir='ltr'><strong>opinatur</strong></span> <span class='ocrx_word' id='word_1_574' title='bbox 3621 1995 3729 2050; x_wconf 84' lang='lat' dir='ltr'><strong>Til-</strong></span> 
     </span>
    </p>
   </div>
   <div class='ocr_carea' id='block_1_81' title="bbox 2163 2081 3731 2156">
    <p class='ocr_par' dir='ltr' id='par_1_81' title="bbox 2163 2081 3731 2156">
     <span class='ocr_line' id='line_1_81' title="bbox 2163 2081 3731 2156; baseline 0.005 -21"><span class='ocrx_word' id='word_1_575' title='bbox 2163 2081 2446 2137; x_wconf 90' lang='lat' dir='ltr'><strong>lcmontius</strong></span> <span class='ocrx_word' id='word_1_576' title='bbox 2468 2083 2759 2138; x_wconf 87' lang='lat' dir='ltr'><strong>Constantii</strong></span> <span class='ocrx_word' id='word_1_577' title='bbox 2785 2085 3078 2156; x_wconf 70' lang='lat' dir='ltr'><strong>presbyteri</strong></span> <span class='ocrx_word' id='word_1_578' title='bbox 3108 2085 3207 2140; x_wconf 80' lang='lat' dir='ltr'><strong>sibi</strong></span> <span class='ocrx_word' id='word_1_579' title='bbox 3233 2085 3648 2154; x_wconf 89' lang='lat' dir='ltr'><strong>conjunctissimi</strong></span> <span class='ocrx_word' id='word_1_580' title='bbox 3677 2099 3731 2143; x_wconf 78' lang='lat' dir='ltr'><strong>et</strong></span> 
     </span>
    </p>
   </div>
   <div class='ocr_carea' id='block_1_82' title="bbox 2159 2170 3731 2246">
    <p class='ocr_par' dir='ltr' id='par_1_82' title="bbox 2159 2170 3731 2246">
     <span class='ocr_line' id='line_1_82' title="bbox 2159 2170 3731 2246; baseline 0.004 -22"><span class='ocrx_word' id='word_1_581' title='bbox 2159 2170 2442 2227; x_wconf 70' lang='lat' dir='ltr'><strong>Chalcidis:</strong></span> <span class='ocrx_word' id='word_1_582' title='bbox 2465 2173 2658 2228; x_wconf 90' lang='lat' dir='ltr'><strong>addicti</strong></span> <span class='ocrx_word' id='word_1_583' title='bbox 2692 2189 2872 2230; x_wconf 90' lang='lat' dir='ltr'><strong>casum</strong></span> <span class='ocrx_word' id='word_1_584' title='bbox 2903 2176 3067 2241; x_wconf 90' lang='lat' dir='ltr'><strong>illum,</strong></span> <span class='ocrx_word' id='word_1_585' title='bbox 3098 2177 3186 2246; x_wconf 93' lang='lat' dir='ltr'><strong>qui</strong></span> <span class='ocrx_word' id='word_1_586' title='bbox 3223 2191 3251 2228; x_wconf 89' lang='lat' dir='ltr'><strong>a</strong></span> <span class='ocrx_word' id='word_1_587' title='bbox 3279 2175 3513 2232; x_wconf 87' lang='lat' dir='ltr'><strong>Palladio</strong></span> <span class='ocrx_word' id='word_1_588' title='bbox 3543 2195 3731 2232; x_wconf 63' lang='lat' dir='ltr'><strong>narra-</strong></span> 
     </span>
    </p>
   </div>
   <div class='ocr_carea' id='block_1_83' title="bbox 2163 2261 3731 2338">
    <p class='ocr_par' dir='ltr' id='par_1_83' title="bbox 2163 2261 3731 2338">
     <span class='ocr_line' id='line_1_83' title="bbox 2163 2261 3731 2338; baseline 0.006 -24"><span class='ocrx_word' id='word_1_589' title='bbox 2163 2270 2247 2314; x_wconf 87' lang='lat' dir='ltr'><strong>tur</strong></span> <span class='ocrx_word' id='word_1_590' title='bbox 2274 2263 2291 2331; x_wconf 90' lang='lat'>(</span> <span class='ocrx_word' id='word_1_591' title='bbox 2314 2261 2519 2318; x_wconf 81' lang='lat' dir='ltr'><strong>Pallad.</strong></span> <span class='ocrx_word' id='word_1_592' title='bbox 2553 2263 2779 2335; x_wconf 84' lang='lat' dir='ltr'><strong>Dialog.)</strong></span> <span class='ocrx_word' id='word_1_593' title='bbox 2816 2284 2829 2318; x_wconf 93' lang='lat'>:</span> <span class='ocrx_word' id='word_1_594' title='bbox 2855 2280 2976 2320; x_wconf 86' lang='lat' dir='ltr'><strong>cum</strong></span> <span class='ocrx_word' id='word_1_595' title='bbox 3006 2265 3248 2321; x_wconf 87' lang='lat' dir='ltr'><strong>videlicet</strong></span> <span class='ocrx_word' id='word_1_596' title='bbox 3271 2267 3594 2338; x_wconf 83' lang='lat' dir='ltr'><strong>Porphyrius</strong></span> <span class='ocrx_word' id='word_1_597' title='bbox 3621 2271 3731 2323; x_wconf 84' lang='lat' dir='ltr'><strong>An-</strong></span> 
     </span>
    </p>
   </div>
   <div class='ocr_carea' id='block_1_84' title="bbox 2161 2353 3729 2430">
    <p class='ocr_par' dir='ltr' id='par_1_84' title="bbox 2161 2353 3729 2430">
     <span class='ocr_line' id='line_1_84' title="bbox 2161 2353 3729 2430; baseline 0.006 -25"><span class='ocrx_word' id='word_1_598' title='bbox 2161 2353 2454 2421; x_wconf 90' lang='lat' dir='ltr'><strong>tiochenus,</strong></span> <span class='ocrx_word' id='word_1_599' title='bbox 2483 2369 2621 2425; x_wconf 65' lang='lat' dir='ltr'><strong>mgre</strong></span> <span class='ocrx_word' id='word_1_600' title='bbox 2663 2356 2846 2410; x_wconf 89' lang='lat' dir='ltr'><strong>videns</strong></span> <span class='ocrx_word' id='word_1_601' title='bbox 2892 2357 3037 2411; x_wconf 91' lang='lat' dir='ltr'><strong>illum</strong></span> <span class='ocrx_word' id='word_1_602' title='bbox 3081 2358 3151 2412; x_wconf 91' lang='lat' dir='ltr'><strong>ob</strong></span> <span class='ocrx_word' id='word_1_603' title='bbox 3201 2358 3516 2428; x_wconf 84' lang='lat' dir='ltr'><strong>singularem</strong></span> <span class='ocrx_word' id='word_1_604' title='bbox 3558 2363 3729 2430; x_wconf 87' lang='lat' dir='ltr'><strong>pieta-</strong></span> 
     </span>
    </p>
   </div>
   <div class='ocr_carea' id='block_1_85' title="bbox 2161 2443 3730 2520">
    <p class='ocr_par' dir='ltr' id='par_1_85' title="bbox 2161 2443 3730 2520">
     <span class='ocr_line' id='line_1_85' title="bbox 2161 2443 3730 2520; baseline 0.006 -24"><span class='ocrx_word' id='word_1_605' title='bbox 2161 2451 2264 2496; x_wconf 90' lang='lat' dir='ltr'><strong>tem</strong></span> <span class='ocrx_word' id='word_1_606' title='bbox 2291 2443 2342 2497; x_wconf 92' lang='lat' dir='ltr'><strong>in</strong></span> <span class='ocrx_word' id='word_1_607' title='bbox 2384 2445 2551 2512; x_wconf 88' lang='lat' dir='ltr'><strong>pretio</strong></span> <span class='ocrx_word' id='word_1_608' title='bbox 2600 2445 2809 2512; x_wconf 89' lang='lat' dir='ltr'><strong>haberi,</strong></span> <span class='ocrx_word' id='word_1_609' title='bbox 2852 2447 3086 2514; x_wconf 89' lang='lat' dir='ltr'><strong>pecuniis</strong></span> <span class='ocrx_word' id='word_1_610' title='bbox 3113 2447 3409 2517; x_wconf 88' lang='lat' dir='ltr'><strong>impetravit</strong></span> <span class='ocrx_word' id='word_1_611' title='bbox 3438 2448 3730 2520; x_wconf 88' lang='lat' dir='ltr'><strong>Imperato-</strong></span> 
     </span>
    </p>
   </div>
   <div class='ocr_carea' id='block_1_86' title="bbox 2159 2534 3727 2608">
    <p class='ocr_par' dir='ltr' id='par_1_86' title="bbox 2159 2534 3727 2608">
     <span class='ocr_line' id='line_1_86' title="bbox 2159 2534 3727 2608; baseline 0.008 -22"><span class='ocrx_word' id='word_1_612' title='bbox 2159 2534 2263 2587; x_wconf 89' lang='lat' dir='ltr'><strong>rias</strong></span> <span class='ocrx_word' id='word_1_613' title='bbox 2293 2535 2490 2600; x_wconf 89' lang='lat' dir='ltr'><strong>literas,</strong></span> <span class='ocrx_word' id='word_1_614' title='bbox 2521 2538 2670 2605; x_wconf 88' lang='lat' dir='ltr'><strong>queis</strong></span> <span class='ocrx_word' id='word_1_615' title='bbox 2697 2537 2785 2592; x_wconf 90' lang='lat' dir='ltr'><strong>ille</strong></span> <span class='ocrx_word' id='word_1_616' title='bbox 2809 2546 2869 2591; x_wconf 93' lang='lat' dir='ltr'><strong>ut</strong></span> <span class='ocrx_word' id='word_1_617' title='bbox 2898 2538 3072 2608; x_wconf 88' lang='lat' dir='ltr'><strong>p0puli</strong></span> <span class='ocrx_word' id='word_1_618' title='bbox 3103 2540 3434 2606; x_wconf 84' lang='lat' dir='ltr'><strong>perturbator</strong></span> <span class='ocrx_word' id='word_1_619' title='bbox 3462 2541 3515 2595; x_wconf 91' lang='lat' dir='ltr'><strong>in</strong></span> <span class='ocrx_word' id='word_1_620' title='bbox 3547 2543 3727 2598; x_wconf 83' lang='lat' dir='ltr'><strong>Oasitn</strong></span> 
     </span>
    </p>
   </div>
   <div class='ocr_carea' id='block_1_87' title="bbox 2158 2624 3728 2695">
    <p class='ocr_par' dir='ltr' id='par_1_87' title="bbox 2158 2624 3728 2695">
     <span class='ocr_line' id='line_1_87' title="bbox 2158 2624 3728 2695; baseline 0.006 -18"><span class='ocrx_word' id='word_1_621' title='bbox 2158 2624 2503 2693; x_wconf 89' lang='lat' dir='ltr'><strong>relegabatur.</strong></span> <span class='ocrx_word' id='word_1_622' title='bbox 2535 2625 2686 2693; x_wconf 84' lang='lat' dir='ltr'><strong>Quod</strong></span> <span class='ocrx_word' id='word_1_623' title='bbox 2715 2636 2770 2680; x_wconf 93' lang='lat' dir='ltr'><strong>ut</strong></span> <span class='ocrx_word' id='word_1_624' title='bbox 2812 2628 3022 2682; x_wconf 88' lang='lat' dir='ltr'><strong>rescivit</strong></span> <span class='ocrx_word' id='word_1_625' title='bbox 3049 2627 3404 2695; x_wconf 87' lang='lat' dir='ltr'><strong>Constantius,</strong></span> <span class='ocrx_word' id='word_1_626' title='bbox 3435 2633 3728 2687; x_wconf 88' lang='lat' dir='ltr'><strong>amicorum</strong></span> 
     </span>
    </p>
   </div>
   <div class='ocr_carea' id='block_1_88' title="bbox 2157 2715 2970 2787">
    <p class='ocr_par' dir='ltr' id='par_1_88' title="bbox 2157 2715 2970 2787">
     <span class='ocr_line' id='line_1_88' title="bbox 2157 2715 2970 2787; baseline 0 -17"><span class='ocrx_word' id='word_1_627' title='bbox 2157 2715 2394 2770; x_wconf 88' lang='lat' dir='ltr'><strong>subsidio</strong></span> <span class='ocrx_word' id='word_1_628' title='bbox 2417 2716 2466 2770; x_wconf 90' lang='lat' dir='ltr'><strong>in</strong></span> <span class='ocrx_word' id='word_1_629' title='bbox 2497 2717 2731 2787; x_wconf 82' lang='lat' dir='ltr'><strong>Cyprum</strong></span> <span class='ocrx_word' id='word_1_630' title='bbox 2754 2717 2970 2787; x_wconf 81' lang='lat' dir='ltr'><strong>aufugit.</strong></span> 
     </span>
    </p>
   </div>
   <div class='ocr_carea' id='block_1_89' title="bbox 2193 2807 3725 2882">
    <p class='ocr_par' dir='ltr' id='par_1_89' title="bbox 2193 2807 3725 2882">
     <span class='ocr_line' id='line_1_89' title="bbox 2193 2807 3725 2882; baseline 0.007 -23"><span class='ocrx_word' id='word_1_631' title='bbox 2193 2855 2195 2859; x_wconf 86' lang='lat'><strong>.</strong></span> <span class='ocrx_word' id='word_1_632' title='bbox 2229 2807 2533 2862; x_wconf 82' lang='lat' dir='ltr'><strong>Theodotus</strong></span> <span class='ocrx_word' id='word_1_633' title='bbox 2558 2822 2682 2863; x_wconf 86' lang='lat' dir='ltr'><strong>vero</strong></span> <span class='ocrx_word' id='word_1_634' title='bbox 2721 2808 2975 2864; x_wconf 86' lang='lat' dir='ltr'><strong>diaconus</strong></span> <span class='ocrx_word' id='word_1_635' title='bbox 3013 2807 3393 2882; x_wconf 84' lang='lat' dir='ltr'><strong>Chrysostomo</strong></span> <span class='ocrx_word' id='word_1_636' title='bbox 3427 2813 3725 2871; x_wconf 79' lang='lat' dir='ltr'><strong>addictissi-</strong></span> 
     </span>
    </p>
   </div>
   <div class='ocr_carea' id='block_1_90' title="bbox 2156 2896 3725 2970">
    <p class='ocr_par' dir='ltr' id='par_1_90' title="bbox 2156 2896 3725 2970">
     <span class='ocr_line' id='line_1_90' title="bbox 2156 2896 3725 2970; baseline 0.008 -21"><span class='ocrx_word' id='word_1_637' title='bbox 2156 2911 2292 2961; x_wconf 91' lang='lat' dir='ltr'><strong>mus,</strong></span> <span class='ocrx_word' id='word_1_638' title='bbox 2323 2896 2390 2951; x_wconf 92' lang='lat' dir='ltr'><strong>de</strong></span> <span class='ocrx_word' id='word_1_639' title='bbox 2417 2911 2522 2966; x_wconf 83' lang='lat' dir='ltr'><strong>quo</strong></span> <span class='ocrx_word' id='word_1_640' title='bbox 2543 2912 2699 2966; x_wconf 91' lang='lat' dir='ltr'><strong>supra</strong></span> <span class='ocrx_word' id='word_1_641' title='bbox 2726 2898 3070 2968; x_wconf 89' lang='lat' dir='ltr'><strong>loquebamur</strong></span> <span class='ocrx_word' id='word_1_642' title='bbox 3089 2940 3103 2963; x_wconf 89' lang='lat'><strong>,</strong></span> <span class='ocrx_word' id='word_1_643' title='bbox 3131 2900 3181 2954; x_wconf 90' lang='lat' dir='ltr'><strong>in</strong></span> <span class='ocrx_word' id='word_1_644' title='bbox 3211 2903 3501 2970; x_wconf 77' lang='lat' dir='ltr'><strong>aSperritna</strong></span> <span class='ocrx_word' id='word_1_645' title='bbox 3552 2905 3725 2962; x_wconf 83' lang='lat' dir='ltr'><strong>hieme</strong></span> 
     </span>
    </p>
   </div>
   <div class='ocr_carea' id='block_1_91' title="bbox 2156 2987 3723 3061">
    <p class='ocr_par' dir='ltr' id='par_1_91' title="bbox 2156 2987 3723 3061">
     <span class='ocr_line' id='line_1_91' title="bbox 2156 2987 3723 3061; baseline 0.006 -22"><span class='ocrx_word' id='word_1_646' title='bbox 2156 2987 2325 3054; x_wconf 91' lang='lat' dir='ltr'><strong>ipsum</strong></span> <span class='ocrx_word' id='word_1_647' title='bbox 2378 2987 2640 3042; x_wconf 90' lang='lat' dir='ltr'><strong>invisurus</strong></span> <span class='ocrx_word' id='word_1_648' title='bbox 2683 2988 2986 3043; x_wconf 82' lang='lat' dir='ltr'><strong>Arabissum</strong></span> <span class='ocrx_word' id='word_1_649' title='bbox 3033 2999 3281 3054; x_wconf 81' lang='lat' dir='ltr'><strong>venerat,</strong></span> <span class='ocrx_word' id='word_1_650' title='bbox 3325 3001 3482 3061; x_wconf 90' lang='lat' dir='ltr'><strong>atque</strong></span> <span class='ocrx_word' id='word_1_651' title='bbox 3533 2993 3723 3048; x_wconf 88' lang='lat' dir='ltr'><strong>iterum</strong></span> 
     </span>
    </p>
   </div>
   <div class='ocr_carea' id='block_1_92' title="bbox 2153 3078 3722 3149">
    <p class='ocr_par' dir='ltr' id='par_1_92' title="bbox 2153 3078 3722 3149">
     <span class='ocr_line' id='line_1_92' title="bbox 2153 3078 3722 3149; baseline 0.007 -20"><span class='ocrx_word' id='word_1_652' title='bbox 2153 3086 2405 3132; x_wconf 90' lang='lat' dir='ltr'><strong>venturus</strong></span> <span class='ocrx_word' id='word_1_653' title='bbox 2431 3087 2544 3132; x_wconf 86' lang='lat' dir='ltr'><strong>erat</strong></span> <span class='ocrx_word' id='word_1_654' title='bbox 2563 3119 2577 3142; x_wconf 95' lang='lat'><strong>,</strong></span> <span class='ocrx_word' id='word_1_655' title='bbox 2616 3078 2715 3132; x_wconf 91' lang='lat' dir='ltr'><strong>nisi</strong></span> <span class='ocrx_word' id='word_1_656' title='bbox 2758 3079 2920 3134; x_wconf 85' lang='lat' dir='ltr'><strong>Isauri</strong></span> <span class='ocrx_word' id='word_1_657' title='bbox 2948 3080 3060 3134; x_wconf 90' lang='lat' dir='ltr'><strong>vias</strong></span> <span class='ocrx_word' id='word_1_658' title='bbox 3088 3081 3496 3149; x_wconf 65' lang='lat' dir='ltr'><strong>praeclusissem.</strong></span> <span class='ocrx_word' id='word_1_659' title='bbox 3521 3083 3722 3140; x_wconf 85' lang='lat' dir='ltr'><strong>Eodem</strong></span> 
     </span>
    </p>
   </div>
   <div class='ocr_carea' id='block_1_93' title="bbox 2151 3167 3720 3239">
    <p class='ocr_par' dir='ltr' id='par_1_93' title="bbox 2151 3167 3720 3239">
     <span class='ocr_line' id='line_1_93' title="bbox 2151 3167 3720 3239; baseline 0.005 -17"><span class='ocrx_word' id='word_1_660' title='bbox 2151 3167 2361 3224; x_wconf 90' lang='lat' dir='ltr'><strong>circiter</strong></span> <span class='ocrx_word' id='word_1_661' title='bbox 2401 3179 2637 3238; x_wconf 89' lang='lat' dir='ltr'><strong>tempore</strong></span> <span class='ocrx_word' id='word_1_662' title='bbox 2661 3178 2715 3224; x_wconf 91' lang='lat' dir='ltr'><strong>et</strong></span> <span class='ocrx_word' id='word_1_663' title='bbox 2746 3167 2969 3225; x_wconf 89' lang='lat' dir='ltr'><strong>fortasse</strong></span> <span class='ocrx_word' id='word_1_664' title='bbox 2997 3184 3116 3226; x_wconf 92' lang='lat' dir='ltr'><strong>cum</strong></span> <span class='ocrx_word' id='word_1_665' title='bbox 3156 3170 3432 3226; x_wconf 79' lang='lat' dir='ltr'><strong>Theodoto</strong></span> <span class='ocrx_word' id='word_1_666' title='bbox 3458 3172 3720 3239; x_wconf 84' lang='lat' dir='ltr'><strong>diacono,</strong></span> 
     </span>
    </p>
   </div>
   <div class='ocr_carea' id='block_1_94' title="bbox 2149 3259 3719 3336">
    <p class='ocr_par' dir='ltr' id='par_1_94' title="bbox 2149 3259 3719 3336">
     <span class='ocr_line' id='line_1_94' title="bbox 2149 3259 3719 3336; baseline 0.003 -22"><span class='ocrx_word' id='word_1_667' title='bbox 2149 3259 2216 3314; x_wconf 90' lang='lat' dir='ltr'><strong>ad</strong></span> <span class='ocrx_word' id='word_1_668' title='bbox 2243 3259 2678 3330; x_wconf 87' lang='lat' dir='ltr'><strong>Chrysostomum</strong></span> <span class='ocrx_word' id='word_1_669' title='bbox 2703 3260 2844 3317; x_wconf 83' lang='lat' dir='ltr'><strong>venit</strong></span> <span class='ocrx_word' id='word_1_670' title='bbox 2865 3261 3169 3317; x_wconf 89' lang='lat' dir='ltr'><strong>Theodotus</strong></span> <span class='ocrx_word' id='word_1_671' title='bbox 3191 3262 3325 3318; x_wconf 89' lang='lat' dir='ltr'><strong>alter</strong></span> <span class='ocrx_word' id='word_1_672' title='bbox 3339 3264 3506 3318; x_wconf 91' lang='lat' dir='ltr'><strong>lector</strong></span> <span class='ocrx_word' id='word_1_673' title='bbox 3527 3263 3719 3336; x_wconf 75' lang='lat' dir='ltr'><strong>(Epist.</strong></span> 
     </span>
    </p>
   </div>
   <div class='ocr_carea' id='block_1_95' title="bbox 2150 3349 3720 3426">
    <p class='ocr_par' dir='ltr' id='par_1_95' title="bbox 2150 3349 3720 3426">
     <span class='ocr_line' id='line_1_95' title="bbox 2150 3349 3720 3426; baseline 0.003 -22"><span class='ocrx_word' id='word_1_674' title='bbox 2150 3349 2266 3422; x_wconf 85' lang='lat'><strong>6|),</strong></span> <span class='ocrx_word' id='word_1_675' title='bbox 2299 3350 2439 3407; x_wconf 91' lang='lat' dir='ltr'><strong>ﬁlius</strong></span> <span class='ocrx_word' id='word_1_676' title='bbox 2466 3351 2723 3408; x_wconf 89' lang='lat' dir='ltr'><strong>Theodoti</strong></span> <span class='ocrx_word' id='word_1_677' title='bbox 2751 3368 2817 3408; x_wconf 76' lang='lat' dir='ltr'><strong>ex</strong></span> <span class='ocrx_word' id='word_1_678' title='bbox 2844 3353 3226 3417; x_wconf 88' lang='lat' dir='ltr'><strong>consularibus,</strong></span> <span class='ocrx_word' id='word_1_679' title='bbox 3258 3369 3414 3425; x_wconf 91' lang='lat' dir='ltr'><strong>quem</strong></span> <span class='ocrx_word' id='word_1_680' title='bbox 3444 3365 3594 3426; x_wconf 77' lang='lat' dir='ltr'><strong>pater</strong></span> <span class='ocrx_word' id='word_1_681' title='bbox 3619 3357 3720 3409; x_wconf 84' lang='lat' dir='ltr'><strong>mi-</strong></span> 
     </span>
    </p>
   </div>
   <div class='ocr_carea' id='block_1_96' title="bbox 2148 3443 3721 3515">
    <p class='ocr_par' dir='ltr' id='par_1_96' title="bbox 2148 3443 3721 3515">
     <span class='ocr_line' id='line_1_96' title="bbox 2148 3443 3721 3515; baseline 0.001 -17"><span class='ocrx_word' id='word_1_682' title='bbox 2148 3451 2290 3499; x_wconf 87' lang='lat' dir='ltr'><strong>serat</strong></span> <span class='ocrx_word' id='word_1_683' title='bbox 2307 3443 2374 3498; x_wconf 90' lang='lat' dir='ltr'><strong>ad</strong></span> <span class='ocrx_word' id='word_1_684' title='bbox 2399 3443 2857 3514; x_wconf 87' lang='lat' dir='ltr'><strong>Chrysostomum,</strong></span> <span class='ocrx_word' id='word_1_685' title='bbox 2882 3453 2939 3498; x_wconf 90' lang='lat' dir='ltr'><strong>ut</strong></span> <span class='ocrx_word' id='word_1_686' title='bbox 2966 3445 3131 3515; x_wconf 88' lang='lat' dir='ltr'><strong>ipsius</strong></span> <span class='ocrx_word' id='word_1_687' title='bbox 3149 3444 3387 3500; x_wconf 89' lang='lat' dir='ltr'><strong>doctrina</strong></span> <span class='ocrx_word' id='word_1_688' title='bbox 3403 3454 3457 3499; x_wconf 91' lang='lat' dir='ltr'><strong>et</strong></span> <span class='ocrx_word' id='word_1_689' title='bbox 3476 3446 3721 3514; x_wconf 83' lang='lat' dir='ltr'><strong>exemplo</strong></span> 
     </span>
    </p>
   </div>
   <div class='ocr_carea' id='block_1_97' title="bbox 2149 3533 3717 3604">
    <p class='ocr_par' dir='ltr' id='par_1_97' title="bbox 2149 3533 3717 3604">
     <span class='ocr_line' id='line_1_97' title="bbox 2149 3533 3717 3604; baseline 0.001 -18"><span class='ocrx_word' id='word_1_690' title='bbox 2149 3533 2202 3587; x_wconf 90' lang='lat' dir='ltr'><strong>in</strong></span> <span class='ocrx_word' id='word_1_691' title='bbox 2230 3547 2354 3588; x_wconf 81' lang='lat' dir='ltr'><strong>vera</strong></span> <span class='ocrx_word' id='word_1_692' title='bbox 2380 3533 2740 3602; x_wconf 89' lang='lat' dir='ltr'><strong>philosophia,</strong></span> <span class='ocrx_word' id='word_1_693' title='bbox 2770 3549 2926 3603; x_wconf 85' lang='lat' dir='ltr'><strong>quant</strong></span> <span class='ocrx_word' id='word_1_694' title='bbox 2974 3533 3350 3603; x_wconf 85' lang='lat' dir='ltr'><strong>proﬁtebatur,</strong></span> <span class='ocrx_word' id='word_1_695' title='bbox 3380 3534 3590 3589; x_wconf 85' lang='lat' dir='ltr'><strong>radices</strong></span> <span class='ocrx_word' id='word_1_696' title='bbox 3621 3551 3717 3604; x_wconf 86' lang='lat' dir='ltr'><strong>po-</strong></span> 
     </span>
    </p>
   </div>
   <div class='ocr_carea' id='block_1_98' title="bbox 2148 3623 3719 3693">
    <p class='ocr_par' dir='ltr' id='par_1_98' title="bbox 2148 3623 3719 3693">
     <span class='ocr_line' id='line_1_98' title="bbox 2148 3623 3719 3693; baseline 0.002 -16"><span class='ocrx_word' id='word_1_697' title='bbox 2148 3637 2276 3677; x_wconf 92' lang='lat' dir='ltr'><strong>nere</strong></span> <span class='ocrx_word' id='word_1_698' title='bbox 2317 3623 2551 3688; x_wconf 88' lang='lat' dir='ltr'><strong>valeret;</strong></span> <span class='ocrx_word' id='word_1_699' title='bbox 2597 3623 2888 3692; x_wconf 87' lang='lat' dir='ltr'><strong>eodemquc</strong></span> <span class='ocrx_word' id='word_1_700' title='bbox 2935 3632 3172 3692; x_wconf 90' lang='lat' dir='ltr'><strong>tempore</strong></span> <span class='ocrx_word' id='word_1_701' title='bbox 3212 3623 3517 3678; x_wconf 89' lang='lat' dir='ltr'><strong>Theodotus</strong></span> <span class='ocrx_word' id='word_1_702' title='bbox 3572 3633 3719 3693; x_wconf 86' lang='lat' dir='ltr'><strong>pater</strong></span> 
     </span>
    </p>
   </div>
   <div class='ocr_carea' id='block_1_99' title="bbox 2147 3711 3718 3783">
    <p class='ocr_par' dir='ltr' id='par_1_99' title="bbox 2147 3711 3718 3783">
     <span class='ocr_line' id='line_1_99' title="bbox 2147 3711 3718 3783; baseline -0.001 -15"><span class='ocrx_word' id='word_1_703' title='bbox 2147 3727 2364 3768; x_wconf 88' lang='lat' dir='ltr'><strong>munera</strong></span> <span class='ocrx_word' id='word_1_704' title='bbox 2384 3711 2765 3783; x_wconf 84' lang='lat' dir='ltr'><strong>Chrysostonto</strong></span> <span class='ocrx_word' id='word_1_705' title='bbox 2794 3712 2967 3778; x_wconf 91' lang='lat' dir='ltr'><strong>misit,</strong></span> <span class='ocrx_word' id='word_1_706' title='bbox 3007 3711 3421 3782; x_wconf 87' lang='lat' dir='ltr'><strong>precabaturque</strong></span> <span class='ocrx_word' id='word_1_707' title='bbox 3451 3712 3596 3766; x_wconf 91' lang='lat' dir='ltr'><strong>illum</strong></span> <span class='ocrx_word' id='word_1_708' title='bbox 3616 3751 3633 3778; x_wconf 94' lang='lat'><strong>,</strong></span> <span class='ocrx_word' id='word_1_709' title='bbox 3661 3722 3718 3767; x_wconf 92' lang='lat' dir='ltr'><strong>ut</strong></span> 
     </span>
    </p>
   </div>
   <div class='ocr_carea' id='block_1_100' title="bbox 2147 3802 3713 3871">
    <p class='ocr_par' dir='ltr' id='par_1_100' title="bbox 2147 3802 3713 3871">
     <span class='ocr_line' id='line_1_100' title="bbox 2147 3802 3713 3871; baseline 0.001 -15"><span class='ocrx_word' id='word_1_710' title='bbox 2147 3803 2310 3856; x_wconf 89' lang='lat' dir='ltr'><strong>ﬁlium</strong></span> <span class='ocrx_word' id='word_1_711' title='bbox 2341 3817 2496 3857; x_wconf 89' lang='lat' dir='ltr'><strong>suum</strong></span> <span class='ocrx_word' id='word_1_712' title='bbox 2520 3802 2658 3871; x_wconf 90' lang='lat' dir='ltr'><strong>apud</strong></span> <span class='ocrx_word' id='word_1_713' title='bbox 2688 3816 2747 3857; x_wconf 90' lang='lat' dir='ltr'><strong>se</strong></span> <span class='ocrx_word' id='word_1_714' title='bbox 2775 3804 3044 3858; x_wconf 90' lang='lat' dir='ltr'><strong>retineret.</strong></span> <span class='ocrx_word' id='word_1_715' title='bbox 3075 3802 3365 3871; x_wconf 84' lang='lat' dir='ltr'><strong>Respondit</strong></span> <span class='ocrx_word' id='word_1_716' title='bbox 3393 3817 3522 3857; x_wconf 89' lang='lat' dir='ltr'><strong>vero</strong></span> <span class='ocrx_word' id='word_1_717' title='bbox 3550 3803 3713 3858; x_wconf 80' lang='lat' dir='ltr'><strong>Joan-</strong></span> 
     </span>
    </p>
   </div>
   <div class='ocr_carea' id='block_1_101' title="bbox 2148 3893 3714 3963">
    <p class='ocr_par' dir='ltr' id='par_1_101' title="bbox 2148 3893 3714 3963">
     <span class='ocr_line' id='line_1_101' title="bbox 2148 3893 3714 3963; baseline 0.003 -17"><span class='ocrx_word' id='word_1_718' title='bbox 2148 3909 2242 3948; x_wconf 91' lang='lat' dir='ltr'><strong>nes</strong></span> <span class='ocrx_word' id='word_1_719' title='bbox 2270 3902 2449 3948; x_wconf 88' lang='lat' dir='ltr'><strong>noster</strong></span> <span class='ocrx_word' id='word_1_720' title='bbox 2485 3908 2543 3948; x_wconf 89' lang='lat' dir='ltr'><strong>se</strong></span> <span class='ocrx_word' id='word_1_721' title='bbox 2574 3894 2683 3963; x_wconf 89' lang='lat' dir='ltr'><strong>jam</strong></span> <span class='ocrx_word' id='word_1_722' title='bbox 2727 3908 2756 3948; x_wconf 88' lang='lat' dir='ltr'><strong>a</strong></span> <span class='ocrx_word' id='word_1_723' title='bbox 2785 3893 3058 3949; x_wconf 89' lang='lat' dir='ltr'><strong>Theodoto</strong></span> <span class='ocrx_word' id='word_1_724' title='bbox 3085 3903 3284 3948; x_wconf 90' lang='lat' dir='ltr'><strong>tantum</strong></span> <span class='ocrx_word' id='word_1_725' title='bbox 3325 3909 3514 3948; x_wconf 89' lang='lat' dir='ltr'><strong>munus</strong></span> <span class='ocrx_word' id='word_1_726' title='bbox 3556 3909 3714 3951; x_wconf 87' lang='lat' dir='ltr'><strong>acce-</strong></span> 
     </span>
    </p>
   </div>
   <div class='ocr_carea' id='block_1_102' title="bbox 2145 3984 3710 4056">
    <p class='ocr_par' dir='ltr' id='par_1_102' title="bbox 2145 3984 3710 4056">
     <span class='ocr_line' id='line_1_102' title="bbox 2145 3984 3710 4056; baseline 0.002 -16"><span class='ocrx_word' id='word_1_727' title='bbox 2145 3985 2316 4056; x_wconf 86' lang='lat' dir='ltr'><strong>pisse,</strong></span> <span class='ocrx_word' id='word_1_728' title='bbox 2347 4000 2467 4040; x_wconf 92' lang='lat' dir='ltr'><strong>cunt</strong></span> <span class='ocrx_word' id='word_1_729' title='bbox 2508 3984 2669 4039; x_wconf 89' lang='lat' dir='ltr'><strong>ﬁlium</strong></span> <span class='ocrx_word' id='word_1_730' title='bbox 2703 4000 2856 4041; x_wconf 88' lang='lat' dir='ltr'><strong>suum</strong></span> <span class='ocrx_word' id='word_1_731' title='bbox 2898 3994 3036 4039; x_wconf 88' lang='lat' dir='ltr'><strong>tanta</strong></span> <span class='ocrx_word' id='word_1_732' title='bbox 3072 3985 3266 4040; x_wconf 90' lang='lat' dir='ltr'><strong>virtute</strong></span> <span class='ocrx_word' id='word_1_733' title='bbox 3309 3986 3586 4055; x_wconf 73' lang='lat' dir='ltr'><strong>prceditutn</strong></span> <span class='ocrx_word' id='word_1_734' title='bbox 3613 3988 3710 4044; x_wconf 91' lang='lat' dir='ltr'><strong>sibi</strong></span> 
     </span>
    </p>
   </div>
   <div class='ocr_carea' id='block_1_103' title="bbox 2144 4076 3714 4150">
    <p class='ocr_par' dir='ltr' id='par_1_103' title="bbox 2144 4076 3714 4150">
     <span class='ocr_line' id='line_1_103' title="bbox 2144 4076 3714 4150; baseline 0.001 -16"><span class='ocrx_word' id='word_1_735' title='bbox 2144 4080 2321 4144; x_wconf 88' lang='lat' dir='ltr'><strong>misit,</strong></span> <span class='ocrx_word' id='word_1_736' title='bbox 2354 4087 2409 4133; x_wconf 93' lang='lat' dir='ltr'><strong>ut</strong></span> <span class='ocrx_word' id='word_1_737' title='bbox 2435 4093 2768 4147; x_wconf 90' lang='lat' dir='ltr'><strong>summopere</strong></span> <span class='ocrx_word' id='word_1_738' title='bbox 2812 4076 3068 4145; x_wconf 88' lang='lat' dir='ltr'><strong>miretur,</strong></span> <span class='ocrx_word' id='word_1_739' title='bbox 3109 4077 3249 4146; x_wconf 86' lang='lat' dir='ltr'><strong>quod</strong></span> <span class='ocrx_word' id='word_1_740' title='bbox 3279 4078 3397 4132; x_wconf 90' lang='lat' dir='ltr'><strong>aliis</strong></span> <span class='ocrx_word' id='word_1_741' title='bbox 3420 4093 3628 4150; x_wconf 88' lang='lat' dir='ltr'><strong>quoque</strong></span> <span class='ocrx_word' id='word_1_742' title='bbox 3655 4094 3714 4136; x_wconf 83' lang='lat' dir='ltr'><strong>se</strong></span> 
     </span>
    </p>
   </div>
   <div class='ocr_carea' id='block_1_104' title="bbox 2145 4168 3709 4238">
    <p class='ocr_par' dir='ltr' id='par_1_104' title="bbox 2145 4168 3709 4238">
     <span class='ocr_line' id='line_1_104' title="bbox 2145 4168 3709 4238; baseline -0.003 -14"><span class='ocrx_word' id='word_1_743' title='bbox 2145 4170 2450 4224; x_wconf 89' lang='lat' dir='ltr'><strong>muneribus</strong></span> <span class='ocrx_word' id='word_1_744' title='bbox 2494 4169 2764 4224; x_wconf 90' lang='lat' dir='ltr'><strong>cumulare</strong></span> <span class='ocrx_word' id='word_1_745' title='bbox 2809 4168 3078 4222; x_wconf 90' lang='lat' dir='ltr'><strong>voluerit:</strong></span> <span class='ocrx_word' id='word_1_746' title='bbox 3121 4178 3445 4238; x_wconf 89' lang='lat' dir='ltr'><strong>quapropter</strong></span> <span class='ocrx_word' id='word_1_747' title='bbox 3491 4184 3709 4224; x_wconf 88' lang='lat' dir='ltr'><strong>munera</strong></span> 
     </span>
    </p>
   </div>
   <div class='ocr_carea' id='block_1_105' title="bbox 2143 4259 3712 4330">
    <p class='ocr_par' dir='ltr' id='par_1_105' title="bbox 2143 4259 3712 4330">
     <span class='ocr_line' id='line_1_105' title="bbox 2143 4259 3712 4330; baseline 0.001 -15"><span class='ocrx_word' id='word_1_748' title='bbox 2143 4260 2330 4316; x_wconf 80' lang='lat' dir='ltr'><strong>isthacc</strong></span> <span class='ocrx_word' id='word_1_749' title='bbox 2368 4261 2462 4330; x_wconf 91' lang='lat' dir='ltr'><strong>ipsi</strong></span> <span class='ocrx_word' id='word_1_750' title='bbox 2504 4260 2738 4324; x_wconf 84' lang='lat' dir='ltr'><strong>remisit;</strong></span> <span class='ocrx_word' id='word_1_751' title='bbox 2779 4259 2941 4314; x_wconf 88' lang='lat' dir='ltr'><strong>ﬁlium</strong></span> <span class='ocrx_word' id='word_1_752' title='bbox 2972 4274 3096 4315; x_wconf 85' lang='lat' dir='ltr'><strong>vero</strong></span> <span class='ocrx_word' id='word_1_753' title='bbox 3129 4262 3244 4328; x_wconf 86' lang='lat' dir='ltr'><strong>ejus</strong></span> <span class='ocrx_word' id='word_1_754' title='bbox 3282 4275 3341 4315; x_wconf 90' lang='lat' dir='ltr'><strong>se</strong></span> <span class='ocrx_word' id='word_1_755' title='bbox 3365 4259 3712 4316; x_wconf 87' lang='lat' dir='ltr'><strong>libentissime</strong></span> 
     </span>
    </p>
   </div>
   <div class='ocr_carea' id='block_1_106' title="bbox 2143 4337 3710 4420">
    <p class='ocr_par' dir='ltr' id='par_1_106' title="bbox 2143 4337 3710 4420">
     <span class='ocr_line' id='line_1_106' title="bbox 2143 4337 3710 4420; baseline 0 -16"><span class='ocrx_word' id='word_1_756' title='bbox 2143 4360 2468 4406; x_wconf 90' lang='lat' dir='ltr'><strong>retenturum</strong></span> <span class='ocrx_word' id='word_1_757' title='bbox 2497 4349 2656 4405; x_wconf 90' lang='lat' dir='ltr'><strong>fuisse</strong></span> <span class='ocrx_word' id='word_1_758' title='bbox 2675 4350 2827 4416; x_wconf 82' lang='lat' dir='ltr'><strong>dixit,</strong></span> <span class='ocrx_word' id='word_1_759' title='bbox 2854 4350 2946 4404; x_wconf 88' lang='lat' dir='ltr'><strong>sed</strong></span> <span class='ocrx_word' id='word_1_760' title='bbox 2977 4337 3096 4420; x_wconf 83' lang='lat' dir='ltr'><strong>quia</strong></span> <span class='ocrx_word' id='word_1_761' title='bbox 3123 4349 3286 4404; x_wconf 88' lang='lat' dir='ltr'><strong>Isauri</strong></span> <span class='ocrx_word' id='word_1_762' title='bbox 3309 4351 3486 4405; x_wconf 89' lang='lat' dir='ltr'><strong>omnia</strong></span> <span class='ocrx_word' id='word_1_763' title='bbox 3513 4351 3710 4405; x_wconf 89' lang='lat' dir='ltr'><strong>circum</strong></span> 
     </span>
    </p>
   </div>
   <div class='ocr_carea' id='block_1_107' title="bbox 2142 4440 3710 4512">
    <p class='ocr_par' dir='ltr' id='par_1_107' title="bbox 2142 4440 3710 4512">
     <span class='ocr_line' id='line_1_107' title="bbox 2142 4440 3710 4512; baseline -0.001 -17"><span class='ocrx_word' id='word_1_764' title='bbox 2142 4440 2284 4496; x_wconf 89' lang='lat' dir='ltr'><strong>ferro</strong></span> <span class='ocrx_word' id='word_1_765' title='bbox 2327 4442 2550 4510; x_wconf 86' lang='lat' dir='ltr'><strong>igneque</strong></span> <span class='ocrx_word' id='word_1_766' title='bbox 2587 4441 2972 4512; x_wconf 87' lang='lat' dir='ltr'><strong>populabantur</strong></span> <span class='ocrx_word' id='word_1_767' title='bbox 2993 4481 3010 4508; x_wconf 92' lang='lat'><strong>,</strong></span> <span class='ocrx_word' id='word_1_768' title='bbox 3045 4440 3262 4512; x_wconf 89' lang='lat' dir='ltr'><strong>ipseque</strong></span> <span class='ocrx_word' id='word_1_769' title='bbox 3299 4440 3533 4510; x_wconf 84' lang='lat' dir='ltr'><strong>quotidie</strong></span> <span class='ocrx_word' id='word_1_770' title='bbox 3557 4441 3710 4496; x_wconf 80' lang='lat' dir='ltr'><strong>sedes</strong></span> 
     </span>
    </p>
   </div>
   <div class='ocr_carea' id='block_1_108' title="bbox 2142 4531 3712 4603">
    <p class='ocr_par' dir='ltr' id='par_1_108' title="bbox 2142 4531 3712 4603">
     <span class='ocr_line' id='line_1_108' title="bbox 2142 4531 3712 4603; baseline -0.001 -17"><span class='ocrx_word' id='word_1_771' title='bbox 2142 4542 2346 4586; x_wconf 90' lang='lat' dir='ltr'><strong>mutare</strong></span> <span class='ocrx_word' id='word_1_772' title='bbox 2382 4532 2702 4603; x_wconf 87' lang='lat' dir='ltr'><strong>cogebatur,</strong></span> <span class='ocrx_word' id='word_1_773' title='bbox 2747 4532 2864 4587; x_wconf 88' lang='lat' dir='ltr'><strong>ideo</strong></span> <span class='ocrx_word' id='word_1_774' title='bbox 2891 4547 2950 4587; x_wconf 90' lang='lat' dir='ltr'><strong>se</strong></span> <span class='ocrx_word' id='word_1_775' title='bbox 2987 4532 3130 4586; x_wconf 92' lang='lat' dir='ltr'><strong>illum</strong></span> <span class='ocrx_word' id='word_1_776' title='bbox 3170 4531 3446 4587; x_wconf 87' lang='lat' dir='ltr'><strong>Theodoto</strong></span> <span class='ocrx_word' id='word_1_777' title='bbox 3488 4532 3712 4585; x_wconf 90' lang='lat' dir='ltr'><strong>diacono</strong></span> 
     </span>
    </p>
   </div>
   <div class='ocr_carea' id='block_1_109' title="bbox 2140 4620 3712 4691">
    <p class='ocr_par' dir='ltr' id='par_1_109' title="bbox 2140 4620 3712 4691">
     <span class='ocr_line' id='line_1_109' title="bbox 2140 4620 3712 4691; baseline 0 -15"><span class='ocrx_word' id='word_1_778' title='bbox 2140 4623 2367 4686; x_wconf 90' lang='lat' dir='ltr'><strong>misisse,</strong></span> <span class='ocrx_word' id='word_1_779' title='bbox 2392 4621 2773 4691; x_wconf 86' lang='lat' dir='ltr'><strong>mandasseque</strong></span> <span class='ocrx_word' id='word_1_780' title='bbox 2803 4622 2876 4674; x_wconf 92' lang='lat' dir='ltr'><strong>illi</strong></span> <span class='ocrx_word' id='word_1_781' title='bbox 2895 4632 2951 4675; x_wconf 95' lang='lat' dir='ltr'><strong>ut</strong></span> <span class='ocrx_word' id='word_1_782' title='bbox 2973 4620 3232 4676; x_wconf 85' lang='lat' dir='ltr'><strong>Theodoti</strong></span> <span class='ocrx_word' id='word_1_783' title='bbox 3263 4621 3472 4675; x_wconf 88' lang='lat' dir='ltr'><strong>lectoris</strong></span> <span class='ocrx_word' id='word_1_784' title='bbox 3495 4622 3712 4676; x_wconf 86' lang='lat' dir='ltr'><strong>assidue</strong></span> 
     </span>
    </p>
   </div>
   <div class='ocr_carea' id='block_1_110' title="bbox 2139 4710 3712 4784">
    <p class='ocr_par' dir='ltr' id='par_1_110' title="bbox 2139 4710 3712 4784">
     <span class='ocr_line' id='line_1_110' title="bbox 2139 4710 3712 4784; baseline -0.001 -16"><span class='ocrx_word' id='word_1_785' title='bbox 2139 4727 2318 4768; x_wconf 81' lang='lat' dir='ltr'><strong>curam</strong></span> <span class='ocrx_word' id='word_1_786' title='bbox 2341 4723 2580 4783; x_wconf 86' lang='lat' dir='ltr'><strong>gereret,</strong></span> <span class='ocrx_word' id='word_1_787' title='bbox 2626 4713 2679 4768; x_wconf 92' lang='lat' dir='ltr'><strong>in</strong></span> <span class='ocrx_word' id='word_1_788' title='bbox 2722 4712 2877 4784; x_wconf 91' lang='lat' dir='ltr'><strong>idque</strong></span> <span class='ocrx_word' id='word_1_789' title='bbox 2916 4727 3105 4783; x_wconf 82' lang='lat' dir='ltr'><strong>magno</strong></span> <span class='ocrx_word' id='word_1_790' title='bbox 3129 4712 3303 4767; x_wconf 86' lang='lat' dir='ltr'><strong>studio</strong></span> <span class='ocrx_word' id='word_1_791' title='bbox 3343 4721 3400 4765; x_wconf 91' lang='lat' dir='ltr'><strong>et</strong></span> <span class='ocrx_word' id='word_1_792' title='bbox 3432 4710 3712 4781; x_wconf 76' lang='lat' dir='ltr'><strong>diligentia</strong></span> 
     </span>
    </p>
   </div>
   <div class='ocr_carea' id='block_1_111' title="bbox 2141 4805 2484 4861">
    <p class='ocr_par' dir='ltr' id='par_1_111' title="bbox 2141 4805 2484 4861">
     <span class='ocr_line' id='line_1_111' title="bbox 2141 4805 2484 4861; baseline 0.006 -2"><span class='ocrx_word' id='word_1_793' title='bbox 2141 4805 2484 4861; x_wconf 85' lang='lat' dir='ltr'><strong>incumberet.</strong></span> 
     </span>
    </p>
   </div>
   <div class='ocr_carea' id='block_1_112' title="bbox 2209 4893 3711 4950">
    <p class='ocr_par' dir='ltr' id='par_1_112' title="bbox 2209 4893 3711 4950">
     <span class='ocr_line' id='line_1_112' title="bbox 2209 4893 3711 4950; baseline 0 -2"><span class='ocrx_word' id='word_1_794' title='bbox 2209 4895 2455 4950; x_wconf 83' lang='lat' dir='ltr'><strong>Theodoti</strong></span> <span class='ocrx_word' id='word_1_795' title='bbox 2483 4897 2679 4950; x_wconf 77' lang='lat' dir='ltr'><strong>lectoris</strong></span> <span class='ocrx_word' id='word_1_796' title='bbox 2704 4897 2928 4949; x_wconf 80' lang='lat' dir='ltr'><strong>historia.</strong></span> <span class='ocrx_word' id='word_1_797' title='bbox 2957 4922 3028 4936; x_wconf 79' lang='lat'><strong>—-</strong></span> <span class='ocrx_word' id='word_1_798' title='bbox 3054 4895 3358 4949; x_wconf 86' lang='lat' dir='ltr'><strong>Theodotus</strong></span> <span class='ocrx_word' id='word_1_799' title='bbox 3405 4903 3583 4948; x_wconf 87' lang='lat' dir='ltr'><strong>autem</strong></span> <span class='ocrx_word' id='word_1_800' title='bbox 3631 4893 3711 4949; x_wconf 87' lang='lat' dir='ltr'><strong>le-</strong></span> 
     </span>
    </p>
   </div>
   <div class='ocr_carea' id='block_1_113' title="bbox 2139 4980 3711 5056">
    <p class='ocr_par' dir='ltr' id='par_1_113' title="bbox 2139 4980 3711 5056">
     <span class='ocr_line' id='line_1_113' title="bbox 2139 4980 3711 5056; baseline -0.003 -17"><span class='ocrx_word' id='word_1_801' title='bbox 2139 4995 2255 5040; x_wconf 91' lang='lat' dir='ltr'><strong>ctor</strong></span> <span class='ocrx_word' id='word_1_802' title='bbox 2282 4997 2460 5054; x_wconf 89' lang='lat' dir='ltr'><strong>postea</strong></span> <span class='ocrx_word' id='word_1_803' title='bbox 2490 4985 2628 5054; x_wconf 90' lang='lat' dir='ltr'><strong>apud</strong></span> <span class='ocrx_word' id='word_1_804' title='bbox 2658 4985 3093 5056; x_wconf 83' lang='lat' dir='ltr'><strong>Chrysostomum</strong></span> <span class='ocrx_word' id='word_1_805' title='bbox 3117 4999 3235 5038; x_wconf 88' lang='lat' dir='ltr'><strong>sese</strong></span> <span class='ocrx_word' id='word_1_806' title='bbox 3269 4983 3544 5037; x_wconf 83' lang='lat' dir='ltr'><strong>excusavit</strong></span> <span class='ocrx_word' id='word_1_807' title='bbox 3570 4980 3711 5051; x_wconf 85' lang='lat' dir='ltr'><strong>quod</strong></span> 
     </span>
    </p>
   </div>
   <div class='ocr_carea' id='block_1_114' title="bbox 2138 5071 3710 5130">
    <p class='ocr_par' dir='ltr' id='par_1_114' title="bbox 2138 5071 3710 5130">
     <span class='ocr_line' id='line_1_114' title="bbox 2138 5071 3710 5130; baseline -0.003 -1"><span class='ocrx_word' id='word_1_808' title='bbox 2138 5077 2207 5130; x_wconf 91' lang='lat' dir='ltr'><strong>ab</strong></span> <span class='ocrx_word' id='word_1_809' title='bbox 2236 5076 2325 5129; x_wconf 91' lang='lat' dir='ltr'><strong>illo</strong></span> <span class='ocrx_word' id='word_1_810' title='bbox 2350 5078 2658 5130; x_wconf 89' lang='lat' dir='ltr'><strong>secessisset</strong></span> <span class='ocrx_word' id='word_1_811' title='bbox 2686 5093 2698 5128; x_wconf 90' lang='lat'><strong>:</strong></span> <span class='ocrx_word' id='word_1_812' title='bbox 2731 5076 2998 5130; x_wconf 87' lang='lat' dir='ltr'><strong>discessus</strong></span> <span class='ocrx_word' id='word_1_813' title='bbox 3025 5088 3152 5129; x_wconf 88' lang='lat' dir='ltr'><strong>vero</strong></span> <span class='ocrx_word' id='word_1_814' title='bbox 3179 5087 3392 5128; x_wconf 88' lang='lat' dir='ltr'><strong>causam</strong></span> <span class='ocrx_word' id='word_1_815' title='bbox 3443 5071 3605 5126; x_wconf 91' lang='lat' dir='ltr'><strong>fuisse</strong></span> <span class='ocrx_word' id='word_1_816' title='bbox 3628 5071 3710 5126; x_wconf 88' lang='lat' dir='ltr'><strong>di-</strong></span> 
     </span>
    </p>
   </div>
   <div class='ocr_carea' id='block_1_115' title="bbox 2137 5163 3709 5236">
    <p class='ocr_par' dir='ltr' id='par_1_115' title="bbox 2137 5163 3709 5236">
     <span class='ocr_line' id='line_1_115' title="bbox 2137 5163 3709 5236; baseline -0.005 -14"><span class='ocrx_word' id='word_1_817' title='bbox 2137 5168 2308 5231; x_wconf 88' lang='lat' dir='ltr'><strong>cebat,</strong></span> <span class='ocrx_word' id='word_1_818' title='bbox 2343 5177 2450 5221; x_wconf 91' lang='lat' dir='ltr'><strong>tum</strong></span> <span class='ocrx_word' id='word_1_819' title='bbox 2472 5165 2610 5236; x_wconf 87' lang='lat' dir='ltr'><strong>quod</strong></span> <span class='ocrx_word' id='word_1_820' title='bbox 2630 5166 2901 5220; x_wconf 89' lang='lat' dir='ltr'><strong>oculorum</strong></span> <span class='ocrx_word' id='word_1_821' title='bbox 2933 5165 3234 5218; x_wconf 86' lang='lat' dir='ltr'><strong>inﬁrmitate</strong></span> <span class='ocrx_word' id='word_1_822' title='bbox 3272 5163 3568 5229; x_wconf 87' lang='lat' dir='ltr'><strong>laboraret,</strong></span> <span class='ocrx_word' id='word_1_823' title='bbox 3599 5171 3709 5214; x_wconf 86' lang='lat' dir='ltr'><strong>tum</strong></span> 
     </span>
    </p>
   </div>
   <div class='ocr_carea' id='block_1_116' title="bbox 2131 5251 3709 5329">
    <p class='ocr_par' dir='ltr' id='par_1_116' title="bbox 2131 5251 3709 5329">
     <span class='ocr_line' id='line_1_116' title="bbox 2131 5251 3709 5329; baseline -0.01 -11"><span class='ocrx_word' id='word_1_824' title='bbox 2131 5256 2279 5329; x_wconf 85' lang='lat' dir='ltr'><strong>quod</strong></span> <span class='ocrx_word' id='word_1_825' title='bbox 2309 5258 2526 5314; x_wconf 89' lang='lat' dir='ltr'><strong>nimium</strong></span> <span class='ocrx_word' id='word_1_826' title='bbox 2553 5257 2717 5328; x_wconf 86' lang='lat' dir='ltr'><strong>frigus</strong></span> <span class='ocrx_word' id='word_1_827' title='bbox 2743 5257 3114 5312; x_wconf 78' lang='lat' dir='ltr'><strong>extimescerct</strong></span> <span class='ocrx_word' id='word_1_828' title='bbox 3139 5271 3154 5308; x_wconf 90' lang='lat'><strong>:</strong></span> <span class='ocrx_word' id='word_1_829' title='bbox 3182 5253 3392 5309; x_wconf 87' lang='lat' dir='ltr'><strong>dicebat</strong></span> <span class='ocrx_word' id='word_1_830' title='bbox 3418 5253 3578 5306; x_wconf 87' lang='lat' dir='ltr'><strong>etiam</strong></span> <span class='ocrx_word' id='word_1_831' title='bbox 3609 5251 3709 5304; x_wconf 84' lang='lat' dir='ltr'><strong>ali-</strong></span> 
     </span>
    </p>
   </div>
   <div class='ocr_carea' id='block_1_117' title="bbox 2138 5341 3711 5420">
    <p class='ocr_par' dir='ltr' id='par_1_117' title="bbox 2138 5341 3711 5420">
     <span class='ocr_line' id='line_1_117' title="bbox 2138 5341 3711 5420; baseline -0.006 -17"><span class='ocrx_word' id='word_1_832' title='bbox 2138 5363 2271 5420; x_wconf 89' lang='lat' dir='ltr'><strong>quos</strong></span> <span class='ocrx_word' id='word_1_833' title='bbox 2295 5362 2414 5404; x_wconf 90' lang='lat' dir='ltr'><strong>esse</strong></span> <span class='ocrx_word' id='word_1_834' title='bbox 2442 5348 2531 5419; x_wconf 92' lang='lat' dir='ltr'><strong>qui</strong></span> <span class='ocrx_word' id='word_1_835' title='bbox 2559 5348 2658 5403; x_wconf 93' lang='lat' dir='ltr'><strong>sibi</strong></span> <span class='ocrx_word' id='word_1_836' title='bbox 2689 5346 2903 5401; x_wconf 88' lang='lat' dir='ltr'><strong>insidias</strong></span> <span class='ocrx_word' id='word_1_837' title='bbox 2929 5352 3214 5408; x_wconf 88' lang='lat' dir='ltr'><strong>struercnt,</strong></span> <span class='ocrx_word' id='word_1_838' title='bbox 3244 5341 3294 5396; x_wconf 93' lang='lat' dir='ltr'><strong>id</strong></span> <span class='ocrx_word' id='word_1_839' title='bbox 3317 5351 3418 5407; x_wconf 89' lang='lat' dir='ltr'><strong>est,</strong></span> <span class='ocrx_word' id='word_1_840' title='bbox 3448 5349 3506 5394; x_wconf 92' lang='lat' dir='ltr'><strong>ut</strong></span> <span class='ocrx_word' id='word_1_841' title='bbox 3529 5355 3593 5394; x_wconf 80' lang='lat' dir='ltr'><strong>es</strong></span> <span class='ocrx_word' id='word_1_842' title='bbox 3621 5353 3711 5393; x_wconf 84' lang='lat' dir='ltr'><strong>se-</strong></span> 
     </span>
    </p>
   </div>
   <div class='ocr_carea' id='block_1_118' title="bbox 2139 5431 3712 5510">
    <p class='ocr_par' dir='ltr' id='par_1_118' title="bbox 2139 5431 3712 5510">
     <span class='ocr_line' id='line_1_118' title="bbox 2139 5431 3712 5510; baseline -0.008 -16"><span class='ocrx_word' id='word_1_843' title='bbox 2139 5439 2418 5510; x_wconf 88' lang='lat' dir='ltr'><strong>quentibus</strong></span> <span class='ocrx_word' id='word_1_844' title='bbox 2440 5439 2624 5508; x_wconf 83' lang='lat' dir='ltr'><strong>liquct,</strong></span> <span class='ocrx_word' id='word_1_845' title='bbox 2651 5439 2738 5510; x_wconf 90' lang='lat' dir='ltr'><strong>qui</strong></span> <span class='ocrx_word' id='word_1_846' title='bbox 2766 5446 2968 5508; x_wconf 87' lang='lat' dir='ltr'><strong>patrem</strong></span> <span class='ocrx_word' id='word_1_847' title='bbox 2999 5450 3151 5489; x_wconf 90' lang='lat' dir='ltr'><strong>suum</strong></span> <span class='ocrx_word' id='word_1_848' title='bbox 3187 5431 3468 5487; x_wconf 82' lang='lat' dir='ltr'><strong>adversum</strong></span> <span class='ocrx_word' id='word_1_849' title='bbox 3494 5445 3553 5485; x_wconf 90' lang='lat' dir='ltr'><strong>se</strong></span> <span class='ocrx_word' id='word_1_850' title='bbox 3582 5444 3712 5484; x_wconf 78' lang='lat' dir='ltr'><strong>con-</strong></span> 
     </span>
    </p>
   </div>
   <div class='ocr_carea' id='block_1_119' title="bbox 2137 5523 3714 5601">
    <p class='ocr_par' dir='ltr' id='par_1_119' title="bbox 2137 5523 3714 5601">
     <span class='ocr_line' id='line_1_119' title="bbox 2137 5523 3714 5601; baseline -0.008 -13"><span class='ocrx_word' id='word_1_851' title='bbox 2137 5533 2378 5590; x_wconf 88' lang='lat' dir='ltr'><strong>citarent.</strong></span> <span class='ocrx_word' id='word_1_852' title='bbox 2422 5531 2649 5601; x_wconf 86' lang='lat' dir='ltr'><strong>chonit</strong></span> <span class='ocrx_word' id='word_1_853' title='bbox 2683 5529 3092 5601; x_wconf 85' lang='lat' dir='ltr'><strong>Chrysostomus</strong></span> <span class='ocrx_word' id='word_1_854' title='bbox 3127 5527 3180 5581; x_wconf 90' lang='lat' dir='ltr'><strong>in</strong></span> <span class='ocrx_word' id='word_1_855' title='bbox 3227 5523 3447 5594; x_wconf 84' lang='lat' dir='ltr'><strong>epistola</strong></span> <span class='ocrx_word' id='word_1_856' title='bbox 3487 5523 3625 5587; x_wconf 72' lang='lat'><strong>156,</strong></span> <span class='ocrx_word' id='word_1_857' title='bbox 3653 5537 3714 5576; x_wconf 82' lang='lat' dir='ltr'><strong>se</strong></span> 
     </span>
    </p>
   </div>
   <div class='ocr_carea' id='block_1_120' title="bbox 2127 5613 3712 5690">
    <p class='ocr_par' dir='ltr' id='par_1_120' title="bbox 2127 5613 3712 5690">
     <span class='ocr_line' id='line_1_120' title="bbox 2127 5613 3712 5690; baseline -0.009 -12"><span class='ocrx_word' id='word_1_858' title='bbox 2127 5621 2468 5685; x_wconf 81' lang='lat' dir='ltr'><strong>Theodotum</strong></span> <span class='ocrx_word' id='word_1_859' title='bbox 2509 5621 2656 5690; x_wconf 87' lang='lat' dir='ltr'><strong>quasi</strong></span> <span class='ocrx_word' id='word_1_860' title='bbox 2707 5629 3020 5690; x_wconf 72' lang='lat' dir='ltr'><strong>prmscntcm</strong></span> <span class='ocrx_word' id='word_1_861' title='bbox 3051 5631 3262 5686; x_wconf 87' lang='lat' dir='ltr'><strong>semper</strong></span> <span class='ocrx_word' id='word_1_862' title='bbox 3291 5613 3520 5678; x_wconf 86' lang='lat' dir='ltr'><strong>habere,</strong></span> <span class='ocrx_word' id='word_1_863' title='bbox 3550 5621 3712 5681; x_wconf 89' lang='lat' dir='ltr'><strong>atque</strong></span> 
     </span>
    </p>
   </div>
   <div class='ocr_carea' id='block_1_121' title="bbox 2140 5700 3710 5781">
    <p class='ocr_par' dir='ltr' id='par_1_121' title="bbox 2140 5700 3710 5781">
     <span class='ocr_line' id='line_1_121' title="bbox 2140 5700 3710 5781; baseline -0.007 -16"><span class='ocrx_word' id='word_1_864' title='bbox 2140 5712 2315 5766; x_wconf 89' lang='lat' dir='ltr'><strong>animo</strong></span> <span class='ocrx_word' id='word_1_865' title='bbox 2344 5711 2656 5781; x_wconf 84' lang='lat' dir='ltr'><strong>complecti;</strong></span> <span class='ocrx_word' id='word_1_866' title='bbox 2687 5700 3032 5780; x_wconf 75' lang='lat' dir='ltr'><strong>ltortaturqua</strong></span> <span class='ocrx_word' id='word_1_867' title='bbox 3063 5708 3209 5763; x_wconf 90' lang='lat' dir='ltr'><strong>illum</strong></span> <span class='ocrx_word' id='word_1_868' title='bbox 3239 5715 3295 5760; x_wconf 91' lang='lat' dir='ltr'><strong>ut</strong></span> <span class='ocrx_word' id='word_1_869' title='bbox 3325 5703 3459 5759; x_wconf 86' lang='lat' dir='ltr'><strong>mala</strong></span> <span class='ocrx_word' id='word_1_870' title='bbox 3484 5715 3710 5774; x_wconf 69' lang='lat' dir='ltr'><strong>qumque</strong></span> 
     </span>
    </p>
   </div>
  </div>
