4088 6138
296 404 398 462 255

298 515 577 590 prmseutia
593 518 1012 585 spernat,utpote
1024 510 1303 576 ﬁuxa,qu:e
1315 519 1524 575 semper
1540 500 1871 560 manentibus

300 605 530 677 prmmiis
559 610 968 672 compenseutur
989 639 1004 664 ,
1033 609 1190 667 atque
1217 606 1271 650 ut
1299 595 1512 650 assidue
1540 595 1870 662 Seripturam

297 711 499 752 sacram
541 696 716 764 legat,
744 699 994 761 quantum
1023 703 1114 758 per
1141 687 1412 741 oculorum
1458 683 1870 738 imbecillitatem

297 787 491 842 licebit.
533 784 665 839 Cum
708 797 870 850 porro
899 778 1142 834 maeroris
1171 791 1345 831 causae
1383 774 1658 829 Theodoto
1687 773 1869 827 lectori

297 893 507 946 semper
538 877 927 937 increscereut,
974 870 1136 940 patris
1179 877 1236 922 ut
1283 867 1485 921 videtur
1529 873 1870 934 exasperatus

299 969 504 1022 animus
544 975 599 1020 et
634 964 906 1019 oculorum
953 960 1318 1024 imbecillitas;
1365 959 1447 1012 his
1486 957 1554 1014 de
1589 957 1762 1010 causis
1805 955 1868 1009 ad

295 1059 748 1128 Chrysostomum
767 1049 1130 1122 scripsit:qui
1171 1065 1232 1104 ea
1263 1064 1362 1118 qua
1393 1063 1487 1118 par
1525 1054 1638 1101 erat
1680 1060 1870 1100 conso-

298 1149 491 1203 latione
517 1146 666 1200 illum
695 1143 950 1198 recreavit
975 1143 1027 1196 in
1068 1141 1288 1210 epistola
1319 1138 1422 1193 102
1452 1157 1464 1192 :
1504 1140 1642 1192 circa
1684 1138 1870 1191 oculo-

296 1256 412 1294 rum
445 1235 857 1290 invaletudinem
886 1234 1126 1287 hortatur
1152 1233 1299 1286 illum
1329 1242 1384 1286 ut
1413 1232 1647 1285 medicos
1672 1245 1869 1284 consu-

297 1334 390 1399 lat,
418 1339 471 1384 et
497 1329 564 1383 ad
587 1344 698 1383 rem
729 1337 925 1381 tantam
949 1324 1213 1395 advigilet.
1238 1324 1377 1378 Patri
1406 1323 1542 1377 haud
1565 1323 1721 1376 dubie
1742 1321 1871 1376 scri-

296 1425 401 1492 psit
426 1419 858 1492 Chrysostomus,
893 1427 948 1472 ut
977 1418 1122 1471 illum
1153 1433 1271 1472 cum
1305 1417 1410 1470 ﬁlio
1454 1416 1688 1486 pacatius
1714 1430 1871 1485 agere

293 1523 526 1568 curaret.
551 1513 680 1579 Qua:
701 1525 786 1566 res
816 1527 882 1564 ex
912 1518 1032 1563 voto
1056 1509 1215 1563 cessit
1245 1509 1341 1575 illi,
1375 1517 1430 1562 ut
1475 1509 1639 1577 liquet
1667 1523 1730 1562 ex
1761 1509 1871 1576 cpi-

293 1603 430 1656 stola
471 1602 591 1656 1M.
637 1599 765 1653 Nam
811 1615 932 1654 eum
963 1598 1266 1652 Theodotus
1308 1598 1473 1652 lector
1491 1598 1871 1668 Chrysostomo

292 1693 599 1762 scripsisset
617 1707 674 1746 se
697 1707 726 1745 a
753 1700 902 1760 patre
932 1690 1223 1744 honoriﬁce
1253 1698 1528 1760 exceptum
1557 1689 1746 1756 fuisse;
1783 1689 1872 1745 ille

291 1781 571 1837 Theodoto
611 1780 940 1836 exconsulari
986 1779 1116 1848 patri
1164 1779 1454 1848 rescripsit,
1483 1780 1678 1847 gratias
1711 1794 1870 1849 agens

290 1872 436 1944 quod
465 1888 576 1927 rem
608 1872 678 1925 ita
704 1871 1095 1940 composuerit,
1125 1869 1464 1941 hortaturque
1495 1871 1641 1925 illum
1670 1880 1726 1926 ut
1750 1886 1870 1926 cum

293 1964 409 2033 pari
439 1962 628 2018 all'eetu
654 1961 907 2031 deinceps
934 1962 1201 2031 procedat.

367 2054 618 2107 Armeniae
645 2053 779 2106 mala
806 2061 1014 2121 quanta.
1035 2082 1107 2093 —
1129 2051 1402 2106 Theodoto
1440 2052 1597 2108 etiam
1647 2053 1871 2108 diacono

293 2141 606 2197 ﬁdelissimo
635 2155 731 2195 suo
759 2140 987 2210 scripsit,
1017 2151 1289 2211 postquam
1331 2143 1375 2195 is
1399 2142 1649 2196 Arabisso
1667 2142 1870 2197 disces-

290 2239 459 2299 serat,
489 2247 548 2287 se
573 2232 809 2287 absentia
837 2231 1000 2300 ipsius
1045 2233 1273 2287 maxime
1303 2233 1532 2303 torqueri
1564 2234 1866 2298 declarans,

290 2332 373 2378 tot
399 2337 590 2394 nempe
609 2323 762 2376 malis
792 2321 1195 2389 circumseptum
1229 2321 1425 2393 (Epist.
1459 2324 1525 2377 67
1550 2324 1587 2391 ).
1622 2323 1871 2391 Quen-itur

291 2413 456 2467 etiam
478 2427 537 2467 se
555 2411 938 2482 infrequentius
964 2412 1144 2467 literas
1168 2413 1234 2466 ab
1254 2413 1341 2466 illo
1361 2413 1588 2468 directas
1605 2416 1865 2485 accipere;

287 2505 488 2561 fatetur
515 2516 690 2559 tamen
723 2505 1013 2558 tabellariis
1041 2505 1351 2559 interclusas
1377 2521 1497 2561 esse
1536 2507 1648 2561 vias
1677 2524 1690 2560 :
1723 2517 1870 2579 rogat

288 2613 444 2668 ergo,
475 2597 519 2650 si
548 2597 844 2666 pauciores,
877 2596 1137 2665 longiores
1177 2597 1363 2650 saltem
1393 2598 1644 2666 epiStolas
1672 2600 1866 2656 mittat.

291 2686 352 2741 In
384 2688 624 2756 sequenti
656 2696 830 2740 autem
862 2687 929 2741 68
955 2701 1012 2740 se
1036 2685 1167 2740 duas
1192 2687 1306 2756 ejus
1330 2688 1578 2757 epistolas
1600 2690 1868 2759 accepisse

286 2777 364 2830 alt
389 2792 512 2832 cum
537 2773 732 2846 in'genti
774 2776 982 2841 lmtitia,
1013 2786 1065 2830 et
1087 2785 1142 2829 ut
1175 2762 1481 2847 frequenter
1514 2779 1564 2833 id
1590 2778 1745 2834 faciat
1772 2797 1865 2835 eo-

286 2868 553 2922 hortatur.
580 2867 712 2921 IIinc
733 2876 922 2936 quanta
951 2875 1130 2921 essent
1150 2868 1413 2922 Armenim
1439 2869 1572 2922 mala
1596 2869 1864 2924 describit.

288 2957 368 3012 Ibi
405 2967 531 3012 tunc
559 2958 741 3012 videre
784 2966 898 3012 erat
939 2967 1185 3011 cruentos
1211 2965 1504 3025 torrentes,
1551 2959 1863 3015 cadaverum

284 3048 520 3118 agmina,
543 3047 729 3102 domos
759 3047 872 3102 solo
897 3056 1150 3116 mquatas,
1179 3047 1336 3101 urbes
1365 3063 1597 3104 eversas.
1622 3049 1732 3104 Sub
1755 3051 1868 3106 lucc

283 3149 469 3195 autem
515 3138 816 3193 Theodotus
843 3153 1050 3207 quoque
1085 3148 1406 3208 conquestus
1431 3147 1539 3204 est,
1571 3141 1709 3208 quod
1741 3157 1868 3211 pau-

284 3229 468 3284 ciores
497 3244 610 3300 ipse
645 3228 1006 3299 Chrysostomi
1041 3229 1218 3282 literas
1261 3229 1541 3296 acciperet.
1575 3229 1867 3299 Respondit

284 3321 381 3375 ille
425 3323 477 3374 in
515 3321 670 3390 epist.
699 3321 828 3384 157,
869 3320 1196 3374 Theodotum
1238 3320 1453 3374 totidem
1502 3321 1715 3388 literas,
1762 3339 1863 3377 una

280 3413 463 3467 minus
497 3427 526 3465 a
553 3427 610 3465 se
637 3412 925 3480 accepisse,
949 3420 1074 3480 quot
1104 3410 1216 3478 ipse
1251 3421 1543 3479 acceperat.
1576 3411 1651 3466 De
1671 3421 1864 3468 cmtero

283 3505 534 3559 hortatur
563 3515 619 3557 ut
641 3519 796 3572 quam
828 3502 1118 3572 saepissime
1153 3502 1346 3570 poterit
1369 3502 1434 3556 ad
1474 3516 1532 3557 se
1554 3503 1774 3569 scribat;
1817 3505 1862 3557 si

280 3605 464 3649 autem
499 3595 580 3649 vel
611 3594 733 3647 anni
775 3601 1062 3662 tempestas
1099 3593 1181 3647 vel
1211 3593 1506 3647 Isaurorum
1539 3594 1781 3651 incursus
1811 3595 1862 3650 id

284 3685 627 3754 prohibeant,
660 3699 778 3738 cum
799 3683 912 3752 ejus
941 3684 1148 3736 animus
1163 3683 1260 3737 sibi
1289 3684 1596 3752 exploratus
1620 3686 1706 3748 sit,
1740 3685 1863 3740 hinc

281 3793 345 3829 se
362 3775 591 3846 amplam
614 3774 846 3828 diuturni
863 3773 1059 3828 silentii
1081 3773 1495 3828 consolationem
1521 3785 1860 3845 accepturum

280 3881 423 3920 CSSC.

357 3954 618 4008 I’lurimas
647 3968 856 4024 quoque
881 3953 1031 4020 alias,
1064 3952 1294 4007 Arabissi
1326 3953 1580 4020 inclusus,
1613 3955 1862 4026 epistolas

283 4046 534 4115 scripsit,
561 4046 612 4099 in
645 4045 794 4114 queis
823 4045 885 4098 ad
915 4045 1152 4098 diversos
1184 4045 1367 4098 eadem
1395 4043 1562 4100 ferme
1590 4056 1856 4112 recenset,

284 4152 342 4191 se
387 4151 580 4206 nempe
609 4135 868 4190 inclusum
919 4134 990 4188 ibi
1038 4149 1275 4200 manere,
1303 4150 1420 4188 cum
1467 4136 1863 4205 (egritudinibus

284 4228 600 4292 conflictari,
628 4226 836 4282 Isauros
857 4227 1031 4281 omnia
1061 4229 1257 4281 circum
1285 4228 1614 4298 depopulari,
1645 4229 1856 4298 oppida,

285 4319 431 4373 vicos
456 4327 510 4373 et
528 4333 746 4387 campos
768 4318 996 4371 humano
1022 4318 1275 4388 sanguine
1303 4328 1581 4373 cruentare
1602 4360 1615 4384 ,
1646 4320 1757 4373 vias
1784 4319 1864 4373 in-

287 4410 546 4464 terclusas
571 4422 710 4472 esse,
740 4407 810 4460 ita
850 4415 906 4460 ut
947 4406 1126 4460 literas
1153 4407 1239 4461 vel
1278 4408 1486 4462 mittere
1515 4408 1597 4462 vel
1626 4409 1862 4477 recipere

287 4501 558 4556 rarissime
586 4499 774 4569 possit.
795 4497 894 4552 Ubi
920 4497 1222 4552 consideres
1243 4497 1420 4564 velim,
1448 4513 1605 4568 quam
1634 4497 1861 4552 nefando

287 4589 410 4645 odio
433 4598 491 4645 et
516 4589 687 4642 livore
726 4587 925 4642 inimici
949 4589 1063 4657 ejus
1088 4587 1228 4641 ducti
1255 4588 1444 4641 fuerint
1481 4605 1493 4639 :
1527 4603 1694 4657 neque
1719 4588 1858 4641 enim

288 4682 415 4734 satis
441 4679 680 4734 habuere
700 4678 845 4732 illum
877 4694 941 4732 ex
975 4678 1101 4733 sede
1129 4694 1219 4732 sua
1243 4679 1524 4747 depulisse,
1555 4677 1648 4732 sed
1674 4679 1727 4731 in
1749 4679 1859 4731 loca

291 4769 377 4823 illa
403 4769 638 4832 deserta,
669 4768 1057 4822 incursionibus
1080 4767 1420 4821 barbarorum
1443 4765 1700 4821 funestata
1722 4807 1738 4833 ,
1769 4769 1862 4822 ab-

289 4858 408 4911 duci
435 4870 707 4911 curavorc.
732 4856 842 4910 Imo
870 4871 1016 4921 vero,
1049 4856 1169 4924 quia
1193 4856 1321 4909 tanti
1339 4856 1436 4908 viri
1465 4855 1600 4909 fama
1629 4864 1682 4909 et
1711 4869 1863 4910 saue-

290 4947 507 5002 timonia
529 4949 832 5002 innumeros
859 4947 908 5000 in
936 4947 1050 5001 loca
1072 4946 1158 5000 illa
1181 4955 1284 5001 tam
1311 4946 1490 5017 procul
1515 4947 1678 5015 posita
1696 4955 1860 5001 attra-

290 5041 450 5096 bebat
469 5083 485 5107 ,
533 5040 586 5094 in
614 5048 898 5104 extremos,
923 5049 978 5092 ut
1007 5054 1129 5092 mox
1157 5039 1469 5102 videbimus,
1498 5038 1706 5108 imperii
1729 5039 1861 5093 ﬁnes

292 5134 436 5186 illum
466 5141 651 5204 postea
677 5129 946 5185 amandari
977 5145 1248 5184 curavere.
1278 5130 1526 5185 Arabisso
1555 5140 1728 5185 autem
1759 5131 1862 5185 Cu-

289 5238 475 5278 cusum
513 5223 736 5276 rediisse
763 5229 975 5290 putatur
998 5235 1137 5273 anno
1163 5219 1285 5274 406.

360 5312 746 5384 Chrysostomus
773 5313 840 5366 ad
868 5313 1215 5366 Occidentales
1242 5311 1518 5381 EpiscOpos
1548 5312 1715 5367 literas
1744 5313 1860 5366 mit-

293 5403 367 5455 tit.
392 5431 465 5442 -
487 5401 620 5456 Cum
649 5416 810 5474 porro
849 5401 1010 5455 sciret
1056 5399 1465 5470 Chrysostomus
1500 5400 1864 5455 Occidentales

291 5493 571 5562 episcopos
592 5507 620 5544 a
654 5493 893 5561 partibus
921 5491 1033 5546 suis
1052 5500 1214 5555 stare,
1247 5499 1302 5546 et
1323 5505 1384 5546 ea
1412 5506 1528 5560 qua:
1564 5490 1865 5546 Constanti-

293 5585 468 5657 n0poli
490 5593 546 5640 et
571 5584 622 5638 in
647 5583 960 5654 expulsione
983 5597 1078 5637 sua
1105 5591 1160 5638 et
1178 5591 1357 5652 postea
1385 5594 1528 5653 gesta
1549 5581 1755 5637 fuerant
1775 5598 1867 5637 ve—

297 5675 572 5730 hementer
597 5674 929 5744 improbare,
960 5673 1210 5744 epistolas
1235 5672 1370 5729 bene
1399 5673 1589 5728 multas
1627 5673 1693 5727 ad
1740 5687 1862 5727 eos-

297 5765 412 5821 dem
441 5767 722 5837 episcotios
749 5765 910 5832 misit,
942 5774 993 5820 et
1022 5763 1232 5835 quidem
1272 5777 1366 5836 per
1405 5763 1682 5821 Evetbium
1740 5779 1860 5834 pre-

1419 388 1595 447 NUNC
1630 384 1892 446 PRIMUM
1922 384 2308 444 ADORNATA.

3441 397 3544 454 25.1

1980 502 2272 572 sbyterum,
2300 519 2457 574 quem
2502 507 2554 560 in
2598 508 2962 565 Occidentales
3006 521 3180 580 partes
3221 512 3381 569 misit.
3413 517 3543 584 Qua:

1978 592 2082 648 152
2108 593 2411 649 inscribitur
2429 636 2443 661 ,
2467 595 2532 650 ad
2559 599 2835 670 episcopos
2865 599 3022 655 missa
3049 601 3374 671 signiﬁcatur
3397 647 3411 672 ,
3445 622 3544 662 nec

1977 681 2026 735 in
2053 683 2204 736 titulo
2241 683 2602 740 Occidentales
2649 699 3032 745 memorantur.
3063 689 3169 746 Sed
3213 709 3241 748 a
3286 696 3543 764 principio

1975 771 2040 825 ad
2062 771 2424 828 Occidentales
2452 774 2605 846 dirigi
2627 777 2888 833 indicatur
2915 779 2998 836 his
3023 783 3196 838 verbis
3228 801 3244 840 :
3275 784 3343 838 Et
3373 789 3542 853 priva--

1976 861 2064 913 tim
2100 862 2311 931 singulis
2335 872 2382 918 et
2406 867 2672 920 universim
2701 871 2927 925 omnibus
2951 875 3138 942 gratias
3182 876 3316 931 vobis
3348 879 3544 950 deferre

1975 950 2228 1018 debemus,
2258 971 2357 1008 non
2387 973 2476 1010 nos
2505 957 2769 1027 duntaxat,
2796 963 2883 1018 sed
2899 965 3048 1018 etiam
3072 983 3240 1021 omnes
3265 968 3543 1027 Orientales

1973 1042 2208 1112 episcopi,
2235 1044 2542 1100 diversarum
2565 1050 2764 1103 urbium
2792 1054 2979 1118 clerici,
3003 1071 3063 1108 ac
3090 1056 3208 1110 laici
3235 1060 3372 1113 vario
3394 1063 3544 1117 modo

1974 1134 2139 1200 pulsi,
2166 1135 2298 1204 quod
2325 1145 2534 1206 paterna
2571 1141 2759 1194 viscera
2787 1143 3097 1212 exhibentes,
3139 1149 3292 1201 vicem
3322 1161 3542 1205 nostram

1974 1220 2233 1288 doluistis,
2263 1227 2554 1298 fortiterque
2577 1232 2802 1285 stetistis.
2832 1235 3192 1304 Hortaturque
3235 1239 3355 1293 illos
3397 1250 3452 1295 ut
3490 1243 3542 1296 in

1973 1315 2160 1384 emptis
2190 1317 2492 1384 persistaut.
2521 1320 2576 1375 In
2603 1325 2944 1393 sequentibus
2982 1343 3190 1400 quoque
3220 1331 3458 1401 epistolis
3477 1333 3542 1389 ad

1974 1406 2188 1460 eosdem
2221 1409 2397 1463 missis
2422 1412 2522 1465 155
2547 1421 2600 1467 et
2629 1415 2750 1480 154,
2784 1426 2842 1471 ιιι
2868 1420 3107 1474 ear-idem
3138 1437 3348 1492 semper
3394 1425 3445 1479 in
3487 1443 3544 1480 re

1975 1508 2216 1566 suscepta
2264 1501 2617 1558 fortitudinem
2644 1506 2929 1563 exhibeant.
2970 1510 3228 1578 obsecrat,
3252 1523 3302 1569 et
3339 1527 3545 1586 pertur-

1973 1585 2238 1642 bationem
2267 1589 2430 1657 illam,
2462 1608 2579 1662 qua:
2603 1594 2898 1653 Orientales
2945 1599 3205 1656 Ecclesias
3250 1585 3537 1670 invaserat,

1973 1677 2162 1734 sedare
2188 1690 2480 1736 conentur.‘

2044 1767 2186 1821 Inter
2204 1771 2480 1842 episcopos
2500 1783 2674 1828 autem
2703 1777 2841 1844 illos,
2867 1780 2954 1849 qui
2975 1780 3337 1854 Chrysostomi
3367 1797 3544 1856 partes

1972 1856 2198 1924 amplexi
2249 1858 2489 1928 fuerant,
2536 1864 2798 1920 eminebat
2851 1867 3219 1940 Chromatius,
3265 1876 3544 1946 episcopus

1975 1944 2352 2014 Aquileiensis,
2386 1952 2473 2019 qui
2505 1953 2627 2006 tuba
2654 1956 2864 2021 clarius,
2899 1957 3315 2028 inquitJoannes
3338 1944 3538 2034 noster,

1976 2048 2075 2102 pro
2099 2050 2256 2091 causa
2276 2039 2440 2108 ipsius
2469 2051 2522 2095 et
2547 2053 2730 2098 contra
2757 2048 3088 2105 adversarios
3129 2066 3252 2109 suos
3281 2054 3541 2110 declama-

1972 2125 2079 2180 bat.
2113 2127 2279 2198 Hujus
2306 2143 2592 2202 eonspectu
2613 2145 2771 2204 atque
2798 2153 3086 2209 congressu
3109 2142 3206 2196 frui
3231 2147 3541 2216 peroptabat

1973 2215 2420 2289 Chrysostomus;
2449 2225 2542 2279 sed
2577 2228 2696 2296 quia
2727 2229 2850 2283 illud
2882 2234 3136 2302 temporis
3176 2215 3410 2292 conditio
3439 2256 3540 2296 non

1972 2306 2194 2376 ferebat,
2221 2311 2496 2367 Evethium
2519 2317 2913 2388 presbyterum,
2941 2321 3028 2389 qui
3050 2323 3148 2377 sibi
3169 2339 3198 2377 a
3222 2324 3383 2381 latere
3403 2343 3540 2382 sem-

1973 2416 2068 2467 per
2092 2402 2284 2468 stabat,
2315 2405 2382 2458 ad
2424 2405 2570 2460 illum
2602 2409 2772 2476 misit,
2816 2427 3036 2477 preeans
3064 2424 3120 2468 ut
3148 2415 3374 2487 benigne
3401 2421 3539 2473 exci-

1973 2500 2144 2560 peret,
2177 2507 2239 2547 ac
2269 2494 2509 2549 redeunti
2542 2497 2721 2553 literas
2740 2499 2891 2556 daret
2925 2502 3023 2557 sibi
3047 2504 3383 2576 afferendas;
3431 2519 3540 2564 tum

1970 2583 2127 2636 etiam
2152 2625 2165 2648 ,
2196 2585 2241 2638 si
2282 2586 2584 2643 tabellarios
2625 2591 2854 2645 nancisci
2899 2602 3107 2661 posset,
3154 2595 3220 2650 de
3250 2598 3418 2652 salute
3444 2615 3537 2652 sua

1970 2675 2249 2730 certiorem
2292 2691 2350 2731 se
2377 2677 2588 2733 faceret.
2620 2679 2718 2734 Hic
2755 2697 2880 2737 vero
2913 2682 3248 2739 Chromatius
3273 2688 3338 2741 ad
3381 2688 3542 2742 .Ioau.

1971 2781 2093 2821 uem
2131 2777 2370 2822 nostrum
2411 2773 2656 2839 scripsit,
2689 2782 2742 2828 ut
2771 2785 3028 2830 memorat
3069 2776 3334 2834 Palladius
3378 2780 3428 2834 in
3452 2780 3538 2834 Vi-

1971 2866 2020 2909 ta
2081 2857 2460 2928 Chrysostomi.
2524 2861 2690 2930 Hujus
2745 2865 2904 2918 etiam
2963 2868 3162 2920 mentio
3215 2868 3440 2924 habetur
3485 2871 3548 2924 in-

1967 2947 2122 3014 epist.
2174 2947 2462 3003 Innocentii
2505 2951 2568 3004 ad
2620 2952 3074 3023 Chrysostomum.
3129 2957 3280 3012 Hunc
3329 2975 3537 3032 quoque

1967 3037 2330 3093 Chromatium
2380 3042 2772 3110 Aquileiensem
2820 3045 3113 3103 honoriﬁce
3159 3065 3537 3110 commemorat

1970 3125 2322 3198 Hieronymus
2346 3130 2654 3199 przefatione
2685 3133 2736 3186 in
2770 3134 2965 3189 librum
3007 3137 3444 3208 Paralipomenon
3485 3154 3544 3200 et'

1969 3219 2018 3272 in
2049 3221 2266 3288 epistola
2294 3222 2382 3276 66.

2037 3313 2310 3382 Episcopis
2339 3315 2496 3368 etiam
2527 3314 2988 3381 Occidentalibus,
3026 3320 3116 3389 qui
3152 3321 3216 3375 ad
3252 3323 3533 3378 Arcadium

1968 3401 2099 3471 Imp.
2129 3403 2346 3458 Concilii
2376 3407 2686 3460 (ecumcniei
2714 3408 3012 3476 postulandi
3033 3424 3188 3464 causa
3217 3411 3531 3480 veniebant,

1965 3507 2061 3562 per
2087 3494 2364 3549 Evethium
2397 3497 2757 3566 presbyterum
2789 3499 3036 3569 epistolas
3071 3502 3213 3556 misit
3239 3503 3361 3569 156,
3393 3505 3494 3560 157
3514 3548 3530 3573 ,

1966 3583 2090 3648 158,
2117 3585 2236 3649 159,
2266 3586 2449 3640 iisdem
2480 3601 2614 3655 pene
2640 3589 2814 3643 verbis
2838 3600 3143 3660 conceptas,
3173 3592 3528 3650 fortitudinem

1966 3672 2184 3727 laudans
2204 3716 2218 3740 ,
2253 3690 2610 3746 precatusque,
2643 3687 2700 3732 ut
2732 3682 2993 3735 constanti
3037 3683 3215 3737 animo
3254 3683 3304 3737 in
3336 3699 3393 3739 re
3423 3694 3528 3740 tam

1965 3764 2100 3819 bene
2122 3775 2290 3836 coepta
2320 3777 2674 3836 perseverent.
2704 3770 2785 3824 Ad
2815 3771 2927 3827 luce
2952 3787 3078 3828 vero
3102 3775 3376 3844 epistolam
3399 3778 3531 3833 scri-

1964 3857 2070 3926 psit
2097 3858 2196 3912 160
2222 3857 2474 3930 Episwpo
2493 3903 2508 3926 ,
2535 3863 2620 3930 qui
2647 3863 2708 3916 ab
2739 3863 3007 3918 Occidente
3033 3877 3262 3933 venerat,
3305 3867 3375 3923 ita
3405 3884 3530 3925 con-

1964 3946 2252 4014 cinnatam,
2281 3958 2338 4004 ut
2366 3961 2547 4020 posset
2573 3953 2791 4024 singulis
2820 3955 3242 4012 Occidentalibus
3271 3961 3531 4030 episcOpis

1965 4038 2161 4095 oﬁ‘erri.
2192 4041 2519 4114 Presbyteris
2540 4046 2694 4099 etiam
2715 4046 2988 4115 Romanis,
3018 4049 3107 4118 qui
3130 4065 3248 4104 eum
3271 4051 3532 4122 cpisc0pis

1966 4128 2017 4182 in
2045 4129 2314 4184 Orientem
2335 4143 2609 4200 venerant,
2641 4136 2819 4191 literas
2841 4138 2982 4192 misit
3008 4153 3094 4208 ep.
3128 4139 3247 4202 161,
3273 4155 3366 4210 per
3385 4157 3522 4196 eum.

1965 4219 2084 4273 dem
2117 4221 2390 4275 Evethium
2423 4225 2736 4280 afferendas.
2768 4227 2864 4295 Qui
2896 4229 3146 4284 Evelhius
3180 4231 3338 4284 etiam
3369 4246 3530 4301 pecu—

1965 4309 2144 4364 Iiarem
2175 4311 2448 4377 epistolam
2483 4313 2580 4368 162
2605 4317 2668 4369 ad
2701 4317 2975 4388 Anysium,
3004 4319 3530 4377 Thessalonicensem

1965 4401 2290 4470 episc0pum,
2317 4403 2513 4466 attulit,
2547 4405 2894 4474 similiterque
2922 4407 3139 4460 alteram
3170 4409 3270 4463 165
3295 4410 3359 4463 ad
3383 4410 3530 4482 Any-

1966 4493 2099 4547 sium
2127 4503 2453 4562 casterosque
2496 4508 2680 4548 omnes
2705 4493 3024 4548 Macedoniae
3064 4497 3368 4566 episcopos,
3396 4513 3530 4567 quo-

1963 4597 2080 4636 rum
2106 4581 2350 4638 undecim
2383 4583 2750 4648 nominantur;
2788 4593 2841 4638 et
2868 4598 2984 4637 eam
3012 4585 3246 4654 insuper,
3275 4601 3391 4654 quas
3431 4587 3532 4642 161

1966 4675 2300 4740 inscribitur,
2329 4675 2393 4729 ad
2427 4674 2782 4730 Alexandrum
2827 4676 3072 4731 Corinthi
3102 4678 3437 4748 episcopum,
3466 4678 3532 4736 de

1965 4780 2068 4833 quo
2094 4765 2260 4818 amice
2281 4766 2534 4833 queritur,
2565 4765 2702 4834 quod
2735 4767 2832 4821 sibi
2865 4766 3046 4821 literas
3067 4768 3240 4823 nullas
3267 4769 3459 4824 mittat.

2035 4856 2310 4926 EpiscOpis
2337 4857 2496 4910 etiam
2544 4858 2646 4912 illis
2685 4858 3074 4925 Orientalibus,
3120 4863 3206 4931 qui
3253 4862 3334 4916 sui
3376 4877 3531 4916 causa

1967 4947 2186 5001 Romam
2218 4961 2275 5001 se
2300 4948 2663 5014 contulerant,
2705 4956 2759 5004 et
2793 4965 2912 5004 cum
2946 4949 3370 5006 Occidentalibus
3417 4956 3533 5022 epi-

1965 5037 2139 5105 scopis
2163 5036 2229 5091 ad
2255 5037 2627 5107 Imperatorem
2649 5041 2930 5095 Arcadium
2950 5041 3262 5111 migrabant,
3286 5043 3535 5112 epistolas

1967 5129 2109 5183 misit
2129 5130 2251 5197 165,
2283 5131 2386 5185 166
2410 5142 2464 5186 et
2492 5132 2593 5186 167
2625 5148 2638 5183 :
2670 5147 2801 5201 quas
2828 5133 3000 5188 eidem
3047 5133 3270 5188 Evethio
3314 5136 3536 5206 presby-

1969 5225 2083 5271 tero
2111 5218 2240 5288 ipsis
2270 5218 2555 5274 tradeodas
2583 5221 2930 5292 eonsignarit.
2965 5222 3261 5277 Gaudentio
3287 5239 3495 5292 quoque
3518 5259 3530 5281 ν

1967 5306 2216 5361 Brixiano
2241 5308 2520 5379 episcopo,
2565 5324 2720 5379 quem
2746 5309 2856 5378 jam
2882 5310 3007 5380 olim
3052 5320 3306 5377 noverat,
3337 5313 3536 5381 episto-

1970 5397 2070 5450 lam
2099 5398 2198 5453 181
2227 5399 2458 5468 scripsit,
2483 5399 2764 5469 laudatque
2802 5400 2946 5453 illum
2978 5414 3006 5454 a
3028 5403 3324 5455 constantia
3345 5412 3396 5457 et
3429 5402 3536 5456 for-

1973 5487 2194 5542 titudine
2219 5498 2374 5558 atque
2412 5505 2440 5542 a
2477 5491 2900 5558 perseverantia,
2931 5498 2980 5544 et
3011 5491 3190 5560 paucis
3217 5491 3411 5546 indicat
3427 5491 3534 5559 jam

1970 5577 2037 5632 de
2065 5593 2239 5632 rerum
2267 5595 2468 5634 summa
2496 5581 2599 5650 agi.

2045 5673 2220 5746 Legati
2277 5673 2450 5740 itaque
2499 5671 2744 5742 (Pallad.
2787 5670 3047 5742 DiaIOg.),
3079 5670 3319 5726 Aimilius
3372 5670 3535 5722 Bene—

1976 5768 2116 5820 venti
2144 5765 2445 5836 episcOpus,
2470 5761 2774 5833 Cythegius,
2800 5761 3144 5822 Gaudentius.
3175 5759 3451 5820 Marianos,
3486 5767 3534 5810 et
