4088 6138
509 427 610 488 255

507 547 642 600 alius
667 543 817 613 cujus
864 555 1054 596 nomen
1105 552 1412 610 expressum
1455 550 1561 591 non
1613 536 1740 602 fuit;
1786 537 2078 607 presbyteri

509 650 635 688 vero
659 631 1048 688 Valentinianus
1065 641 1117 686 et
1133 629 1450 694 Bonifacius,
1479 636 1532 684 et
1555 627 1808 682 diaconus
1829 644 1981 693 unus,
2003 643 2082 682 ac-

508 728 676 799 ceptis
693 727 860 782 literis
878 726 1097 781 Ilonorii
1127 724 1486 795 Imperatoris,
1516 724 1804 777 Innocentii
1835 734 1889 777 et
1927 722 2083 775 Italu-

509 833 626 874 rum
665 817 1056 888 episcoporum,
1106 815 1396 870 Chromatii
1445 813 1818 883 Aquileiensis,
1872 812 2081 867 Venerii

510 907 918 964 Ilediolanensis
947 914 1002 961 et
1022 906 1267 968 aliorum,
1292 903 1529 958 instructi
1551 903 1709 958 etiam
1733 902 2082 956 commonito-

509 1003 590 1057 rio
611 999 810 1073 Synodi
833 999 1205 1063 Occidentalis,
1233 996 1401 1051 Roma
1430 994 1649 1065 profecti
1674 1002 1798 1048 sunt
1837 1009 1939 1047 una
1961 1008 2080 1046 cum

507 1094 749 1164 Cyriaeo,
780 1092 1066 1158 Demetrio,
1098 1088 1335 1144 Palladio
1361 1096 1414 1142 et
1433 1086 1652 1156 Eulysio
1673 1083 1938 1153 episcopis
1965 1081 2082 1137 Ori-

507 1183 788 1250 cntalibus,
814 1181 901 1252 qui
930 1178 1494 1249 Constantinopolitani
1543 1174 1745 1229 dissidii
1774 1187 1932 1226 causa
1971 1172 2082 1226 Ro-

511 1291 651 1331 mam
683 1280 959 1329 venerant.
991 1271 1061 1328 Ut
1085 1281 1260 1326 autem
1290 1284 1357 1324 ex
1386 1266 1606 1324 Palladii
1626 1266 1786 1322 dictis
1828 1263 2080 1333 liquidum

508 1376 595 1422 est
627 1364 860 1436 (Pallad.
894 1358 1146 1433 Dialog.),
1177 1358 1414 1415 nondum
1454 1357 1691 1412 sciebant
1739 1355 1811 1408 illi
1853 1353 2080 1412 Atticum

510 1469 629 1529 post
656 1457 858 1513 Arsacii
880 1466 1104 1511 mortem
1127 1455 1310 1510 sedem
1328 1451 1965 1520 Constantinopolitanam
2004 1450 2084 1508 in-

510 1550 734 1612 vasisse.
766 1550 821 1604 In
850 1547 1255 1604 commonitorio
1282 1557 1458 1605 autem
1485 1543 1835 1600 Occidentalis
1884 1542 2081 1613 Synodi

511 1639 802 1702 dicebatur,
825 1637 1082 1694 Joannem
1115 1636 1168 1690 in
1180 1636 1433 1706 judicium
1455 1633 1708 1688 accedere
1734 1648 1836 1685 non
1865 1632 2078 1695 debere,

513 1730 613 1786 nisi
645 1730 789 1800 prius
806 1729 905 1799 ipsi
935 1727 1181 1784 restituta
1210 1725 1396 1780 fuisset
1426 1734 1480 1779 ct
1503 1723 1740 1781 Ecclesia
1765 1731 1819 1776 et
1860 1737 2083 1778 commu-

509 1823 592 1876 nio
609 1837 627 1874 :
649 1821 768 1890 jure
787 1832 1015 1888 namque
1043 1813 1467 1884 conquerebatur
1493 1813 1602 1880 ille,
1648 1811 1787 1882 quod
1814 1819 1866 1865 et
1889 1810 2083 1865 absens

507 1921 563 1967 ct
589 1911 782 1965 indicta
807 1924 962 1963 causa
991 1907 1270 1962 damnatus
1291 1905 1500 1960 fuisset.

578 2000 819 2070 Εμὶεεορί
843 1998 905 2052 ab
935 1996 1162 2052 Honorio
1192 1995 1330 2066 Imp.
1369 1995 1437 2048 ad
1460 1994 1731 2048 Arcadium
1760 1993 1916 2059 missi,
1951 1992 2082 2048 male

509 2091 838 2162 excipiuntur.
858 2118 930 2128 —
950 2086 1252 2143 Conscensa
1282 2086 1438 2157 igitur
1460 2085 1582 2139 navi
1611 2100 1792 2139 versus
1821 2084 2080 2139 Grarciam

513 2183 630 2238 vela
649 2179 930 2247 dederunt,
961 2194 1187 2249 cumque
1225 2176 1332 2248 jam
1360 2191 1524 2247 prope
1553 2176 1880 2230 Athenarum
1905 2175 2080 2229 littora

510 2273 894 2344 pervenissent,
938 2286 968 2325 a
997 2271 1207 2324 tribuno
1250 2267 1476 2338 quodam
1516 2267 1714 2321 detenti
1769 2265 1934 2332 fuere,
1992 2266 2080 2334 qui

505 2365 870 2422 centurionem
887 2364 989 2419 illis
1003 2363 1262 2432 adjunxit,
1277 2362 1482 2431 jussum
1499 2359 1747 2415 cohibere
1765 2374 1832 2413 ne
1852 2359 2082 2413 Thessa-

509 2459 758 2525 lonicam,
777 2471 885 2527 quo
908 2471 967 2511 se
986 2455 1230 2511 conferre
1259 2463 1415 2523 atque
1432 2452 1631 2523 Anysio
1655 2453 1832 2508 literas
1856 2449 1983 2506 dare
1999 2464 2085 2504 vo-

511 2548 708 2614 lebant,
727 2545 1052 2615 appellcrcnt
1079 2541 1308 2596 (Pallad.
1333 2539 1527 2612 supra).
1547 2541 1831 2609 Conjcctos
1850 2540 2004 2608 igitur
2029 2539 2079 2592 in

509 2637 712 2707 navigia
730 2630 837 2684 duo
851 2633 1368 2702 dimisit.lngruente
1380 2637 1560 2684 autem
1583 2638 1741 2683 vento
1759 2627 2076 2692 vehementi,

506 2725 729 2796 Egeum
757 2739 905 2780 mare
932 2733 987 2778 ct
1017 2722 1148 2777 freta
1180 2723 1295 2776 sine
1321 2721 1438 2774 cibo
1465 2721 1805 2788 trajecerunt,
1832 2727 1886 2772 et
1913 2724 2081 2776 tertia:

505 2818 610 2874 dici
636 2816 766 2871 hora
792 2815 1102 2870 duodecima
1151 2811 1374 2882 (Pallad.
1406 2810 1656 2881 Dialcg.).
1701 2809 2078 2865 Constantino-

507 2907 649 2979 polin
665 2907 912 2977 appulere
941 2920 1104 2976 prope
1132 2903 1488 2959 suburbanum
1511 2902 1752 2956 Victoris.
1780 2901 1874 2957 Ubi
1892 2900 2080 2956 retenti

503 3000 574 3054 ab
613 2998 945 3055 exactoribus
968 3007 1233 3065 portuum,
1260 2995 1409 3065 jussu
1438 2992 1708 3062 cujusdam
1731 2993 1828 3048 sibi
1875 2993 2080 3063 ignoti,

441 3139 444 3143 .
501 3102 649 3150 retro
667 3091 1060 3156 discesserunt,
1091 3099 1145 3144 et
1182 3089 1368 3144 inclusi
1406 3087 1550 3143 fuere
1601 3087 1653 3141 in
1692 3103 1814 3142 arce
1853 3087 2079 3157 quadam

497 3183 743 3241 Thraciae
764 3184 1048 3252 maritima,
1070 3183 1153 3239 cui
1171 3197 1362 3238 nomen
1381 3181 1578 3254 Athyra
1596 3199 1610 3246 ;
1627 3181 1847 3236 Romani
1867 3182 2078 3252 quidem

502 3281 557 3333 in
584 3291 684 3331 una
724 3274 1041 3331 domuncula
1067 3314 1084 3341 ,
1107 3273 1144 3328 ii
1159 3283 1333 3329 autem
1349 3273 1436 3343 qui
1462 3287 1582 3327 cum
1605 3271 1826 3344 Cyriaco
1852 3283 2002 3328 erant
2026 3273 2078 3328 in

503 3368 734 3426 diversis
761 3367 1044 3438 separatim
1067 3407 1082 3434 ,
1103 3365 1316 3436 illicqne
1355 3366 1525 3421 vexati
1548 3374 1670 3420 sunt
1693 3406 1709 3430 ,
1737 3364 1806 3418 ita
1825 3373 1880 3418 ut
1907 3379 1974 3418 ne
1997 3363 2077 3418 fa-

504 3461 680 3516 mulus
704 3459 916 3528 quidem
947 3466 1138 3528 prmsto
1171 3466 1332 3523 esset,
1352 3459 1441 3528 qui
1472 3458 1574 3512 illis
1596 3455 1936 3511 ministraret.

579 3551 665 3608 Ait
715 3565 874 3620 porro
916 3549 1244 3606 Sozomenus
1283 3547 1513 3619 (Sozam.
1545 3550 1582 3602 ι.
1613 3549 1665 3604 8.
1701 3564 1747 3606 c.
1771 3549 1885 3618 28),
1916 3547 2077 3602 Joan-

512 3644 596 3702 nis
622 3640 957 3700 adversarios
981 3641 1288 3710 Imperatori
1322 3639 1571 3705 Arcadio,
1599 3639 1817 3694 credulo
1848 3639 2002 3693 nimis
2026 3648 2080 3694 et

508 3731 794 3797 imbecillo,
831 3730 1083 3795 suasisse,
1107 3730 1157 3784 id
1183 3731 1236 3784 in
1257 3730 1634 3784 contumeliam
1671 3729 2076 3785 Orientalislm-

509 3821 638 3892 perii
667 3820 861 3878 factum
887 3832 1042 3882 esse;
1074 3827 1232 3888 atque
1283 3817 1408 3871 hinc
1455 3817 1697 3871 evenisse
1743 3826 1800 3870 ut
1839 3816 1911 3873 illi
1955 3833 2076 3871 ctnn

510 3911 790 3985 ignominia
809 3911 1220 3977 dimitterentur,
1252 3911 1481 3966 Joannes
1533 3915 1707 3962 autem
1757 3909 1982 3978 longius,
2025 3909 2078 3966 iit

512 4002 760 4073 oppidum
783 4002 988 4064 scilicet
1009 4000 1332 4070 Pytiuntem,
1363 3997 1758 4051 transferretur.

593 4096 637 4148 Α
667 4093 851 4162 legatis
877 4109 1002 4146 vero
1041 4091 1294 4148 Romanis
1319 4090 1566 4160 petebant
1606 4088 1660 4151 ii,
1698 4087 1786 4156 qui
1817 4098 1920 4142 tam
1965 4089 2079 4145 dire

510 4185 630 4240 illos
655 4185 936 4247 vexabant,
981 4183 1160 4236 literas
1206 4181 1543 4252 Imperatoris
1590 4191 1642 4235 et
1687 4182 2075 4251 episcoporum.

509 4271 915 4343 Responderunt
940 4271 1038 4338 illi,
1085 4287 1142 4326 se
1188 4270 1394 4325 nonnisi
1427 4271 1734 4341 Imperatori
1763 4271 1860 4341 ipsi
1885 4279 1940 4325 et
1961 4271 2075 4340 epi—

513 4365 690 4433 scopis
728 4378 882 4435 posse
907 4364 1086 4417 literas
1107 4363 1223 4417 illas
1249 4361 1400 4418 dare.
1427 4363 1563 4416 Cum
1586 4377 1710 4420 vero
1743 4362 2080 4430 persisterent

513 4457 590 4512 illi
617 4464 892 4528 negantes,
927 4455 1068 4510 venit
1090 4455 1260 4524 primo
1288 4454 1545 4508 Patricius
1568 4454 1824 4519 notarius,
1843 4457 1963 4508 tum
1991 4452 2082 4514 alii,

508 4549 735 4619 idipsum
763 4556 1026 4619 petentes,
1043 4545 1362 4615 demumque
1386 4545 1697 4600 Valerianus
1713 4543 1990 4611 Cappadox
2013 4559 2079 4605 ex

509 4643 732 4698 militum
764 4656 1006 4706 numero,
1037 4640 1165 4694 latso
1185 4638 1402 4693 Mariani
1429 4637 1664 4706 episcopi
1713 4636 1923 4706 pollice,
1973 4634 2075 4693 lin-

509 4731 767 4805 peratoris
791 4740 846 4784 et
874 4731 1096 4783 aliorum
1120 4729 1304 4782 literas
1329 4727 1425 4794 ipsi
1448 4727 1684 4780 abstulit.

585 4819 842 4882 Postridie
861 4828 1038 4876 autem
1067 4816 1152 4870 vel
1177 4816 1332 4870 aulici
1357 4813 1716 4883 Imperatoris,
1749 4815 1828 4868 vel
1860 4815 1972 4884 ipse
1993 4815 2079 4866 At-

509 4913 664 4972 ticus,
691 4907 950 4962 miserunt
978 4905 1058 4958 eis
1076 4903 1165 4976 qui
1196 4905 1294 4957 tria
1325 4904 1486 4956 millia
1514 4905 1886 4958 numismatum
1917 4903 2075 4956 oll'er-

509 5007 649 5063 rent,
670 4997 715 5052 si
731 5011 852 5050 cum
879 4994 1056 5049 Attico
1080 4992 1475 5046 communicare
1507 4994 1722 5057 vellent,
1747 5004 1800 5046 ct
1828 4993 1894 5048 de
1918 4993 2078 5047 Joan-

508 5089 593 5149 nis
614 5085 813 5158 judicio
831 5092 1087 5140 tacerent.
1118 5081 1209 5138 llis
1236 5080 1468 5152 rejectis,
1499 5082 1570 5136 illi
1617 5083 1681 5134 ad
1733 5098 1916 5149 preces
1951 5097 2078 5136 eon-

509 5180 651 5232 versi
678 5185 820 5241 sunt,
845 5183 902 5228 ut
925 5187 1045 5227 cum
1071 5171 1205 5225 nihil
1233 5179 1447 5242 possent
1465 5169 1678 5239 paciliee
1709 5187 1978 5240 peragere,
2011 5171 2081 5226 ob

513 5277 709 5326 tantam
731 5267 932 5321 scilicet
952 5264 1412 5328 inhumanitatcm,
1437 5261 1705 5322 Ecclesias
1741 5275 1864 5316 Suas
1921 5278 2078 5330 repe-

519 5369 626 5414 tere
653 5360 769 5414 sine
798 5355 1036 5427 periculo
1057 5363 1290 5425 possent.
1320 5352 1482 5422 quue
1511 5353 1657 5421 ipsis,
1689 5354 1855 5420 inquit
1909 5353 2078 5407 Palla-

511 5452 651 5516 dius,
698 5451 857 5504 variis
895 5447 1306 5504 revelationibus
1348 5445 1670 5500 declaratum
1719 5444 1851 5510 fuit;
1909 5446 1978 5499 ita
2025 5456 2080 5500 ut

511 5543 668 5600 etiam
712 5541 936 5596 diacono
965 5538 1024 5595 S.
1057 5537 1298 5594 Emmelii
1335 5537 1517 5603 Paulo,
1545 5536 1659 5588 viro
1708 5535 1986 5589 mitissimo
2027 5549 2077 5590 et

512 5632 778 5706 prudenti,
797 5631 990 5687 Paulus
1007 5628 1274 5699 apostolus
1291 5627 1610 5696 apparuerit.
1635 5625 2080 5696 Valerianusergo

514 5727 754 5794 tribunus
781 5723 899 5777 illos
922 5723 973 5774 in
1006 5718 1266 5790 putridam
1297 5733 1484 5770 navem
1528 5717 1769 5780 immisit,
1813 5717 2076 5783 mercede,

514 5829 569 5880 ut
590 5831 769 5882 rumor
795 5824 926 5884 erat,
959 5811 1208 5867 nauclero
1238 5809 1377 5876 data,
1403 5809 1783 5878 utnavigantes
1807 5808 1923 5864 illos
1952 5821 2075 5878 per—

1593 423 1649 478 S.
1687 422 1962 480 JOANNIS
1998 423 2464 483 CIIRYSOS'I'OMI
2505 428 2680 498 VITA,

3652 437 3752 495 256

2195 537 2364 606 deret,
2393 541 2653 610 adjunctis
2681 544 2839 597 etiam
2873 543 3053 614 viginti
3079 545 3332 600 militibus
3362 561 3376 601 :
3408 547 3486 601 sic
3507 545 3625 603 illos
3644 559 3753 604 sta-

2192 629 2282 683 tim
2310 630 2524 702 Athyris
2545 632 2764 702 expulit.
2802 633 2935 688 Cutn
2981 643 3126 689 tanto
3153 635 3309 705 igitur
3341 635 3576 706 pericqu
3602 640 3752 693 navi-

2190 732 2377 791 gantes
2404 724 2749 793 Lampsacum
2774 727 3109 796 appulerunt,
3153 735 3210 782 et
3238 737 3438 783 mutata
3463 729 3587 782 navi
3612 730 3754 784 vice-

2191 813 2330 866 simo
2356 813 2445 867 die
2473 813 2801 884 llydruntem
2825 817 3146 886 applieuere.
3171 816 3279 872 Nec
3311 817 3577 887 quidpiam
3615 819 3756 873 edis-

2189 915 2311 956 cere
2331 911 2548 971 potuere
2579 905 2661 960 vel
2689 905 2755 961 de
2781 906 2936 961 beato
2963 906 3168 962 Joanne
3193 907 3274 962 vel
3300 907 3367 963 de
3393 917 3615 978 quatuor
3639 910 3759 964 Uri-

2189 996 2449 1050 entalibus
2486 997 2851 1067 cpiscopisqui
2880 1013 3059 1053 secum
3083 999 3250 1053 Roma
3268 1009 3541 1054 venerant.

2260 1086 2387 1140 Cum
2415 1089 2659 1158 episcopis
2690 1087 3026 1144 Orientalibus
3056 1090 3218 1145 Roma
3241 1090 3559 1145 redeuntibus
3583 1108 3756 1162 asper-

2189 1179 2312 1232 rime
2347 1189 2512 1234 actum
2541 1189 2632 1241 est.
2659 1211 2727 1221 —
2751 1181 2903 1248 Quod
2952 1190 3158 1250 spectat
3201 1181 3267 1237 ad
3311 1181 3589 1254 episcopos
3638 1183 3756 1239 illos

2189 1266 2502 1335 Orientales,
2538 1285 2719 1325 rumor
2745 1271 2922 1327 statim
2950 1270 3047 1325 fuit
3074 1271 3194 1326 illos
3226 1271 3277 1326 in
3313 1288 3461 1328 mare
3483 1273 3756 1328 demersos

2189 1357 2349 1412 fuisse
2378 1356 2622 1430 (Pallad.
2654 1357 2922 1431 Dialog.);
2951 1371 3000 1414 at
3031 1361 3148 1416 illos
3178 1361 3230 1416 in
3276 1371 3511 1416 extrema
3544 1362 3751 1434 Imperii
3804 1436 3806 1438 ν

2194 1459 2245 1503 ct
2294 1449 2433 1522 apud
2477 1449 2728 1505 barbaros
2753 1452 3021 1521 ablegatos
3046 1450 3208 1507 fuisse
3235 1452 3622 1522 deprehensum
3650 1467 3749 1510 est.
3799 1451 3807 1500 ζ

2189 1538 2318 1592 Nam
2363 1551 2419 1595 ut
2447 1540 2660 1612 quidam
2699 1541 2951 1598 diaconus
3004 1543 3290 1609 retulerat,
3316 1543 3569 1615 Cyriacus
3595 1546 3748 1601 Eme-
3796 1525 3806 1606 ἶ

2199 1645 2358 1690 sentis
2397 1631 2693 1703 Palmyram
2722 1633 2908 1688 ductus
2937 1633 2988 1688 in
3029 1633 3308 1689 Persarum
3352 1637 3568 1691 castello
3615 1646 3752 1705 erat,
3798 1621 3804 1630 ἕ

2188 1721 2452 1792 octoginta
2490 1722 2801 1777 milliaribus
2843 1723 2978 1777 ultra
3009 1724 3282 1790 Emesam;
3339 1725 3585 1797 Eulysius
3605 1743 3752 1793 vero,

2189 1811 2496 1868 Bostrorum
2541 1814 2838 1884 cpiscopus,
2886 1814 2938 1868 in
2984 1816 3199 1871 castello
3227 1817 3482 1883 Arabum,
3527 1819 3754 1889 Mispltas

2187 1899 2348 1966 dicto,
2374 1902 2528 1955 trium
2550 1903 2751 1956 dierum
2775 1903 2962 1958 itinere
2983 1903 3184 1960 nostris
3205 1905 3463 1972 distante;
3490 1906 3755 1964 Palladius

2187 1991 2396 2064 Syenen
2434 1993 2486 2047 in
2541 1994 2728 2048 vicinia
2759 1995 3088 2067 Blemmyum
3124 2005 3176 2052 et
3195 1997 3523 2068 Ethiopum,
3569 1999 3751 2054 Dente-

2190 2088 2322 2142 trius
2353 2089 2402 2141 in
2430 2087 2554 2142 Oasi
2594 2087 2874 2144 Mazicibus
2893 2091 3152 2159 proxima.

2260 2183 2300 2236 Α
2326 2181 2578 2238 militibus
2604 2192 2778 2238 autem
2799 2225 2814 2250 ,
2845 2184 3044 2254 quieos
3072 2184 3124 2239 in
3157 2187 3421 2256 assignata
3445 2186 3559 2243 loca
3587 2188 3752 2244 dedu-

2192 2288 2339 2339 xere,
2370 2283 2474 2328 tam
2495 2289 2684 2346 aspere
2710 2273 2875 2330 habiti
2895 2284 3039 2343 sunt,
3061 2287 3118 2330 ut
3138 2277 3273 2331 mori
3295 2281 3752 2348 prteOptavissent.

2189 2366 2444 2422 Pecunias
2464 2368 2626 2433 enim,
2668 2384 2798 2438 quas
2833 2378 3188 2439 sumpserant,
3233 2371 3476 2439 abreptas
3507 2373 3646 2427 inter
3693 2387 3757 2430 se

2187 2457 2360 2525 partiti
2379 2465 2516 2520 sunt,
2539 2466 2592 2512 et
2611 2457 2663 2512 in
2682 2458 2799 2511 vilia
2816 2458 3048 2528 jutnenta
3067 2459 3207 2528 ipsos
3224 2462 3583 2530 conjicientes,
3608 2463 3757 2520 bidui

2188 2545 2290 2599 iter
2311 2561 2418 2600 uno
2443 2545 2528 2600 die
2556 2547 2909 2603 conficiebant
2936 2549 3103 2602 multa
3145 2558 3301 2604 nocte
3336 2551 3452 2609 illos
3482 2553 3534 2606 in
3570 2552 3752 2607 diver—

2186 2638 2325 2691 soria
2357 2639 2719 2704 immittentes,
2758 2648 2814 2694 et
2854 2655 3060 2694 summo
3086 2656 3242 2695 mane
3267 2651 3390 2696 ante
3419 2643 3588 2697 lucem
3623 2659 3755 2714 pro-

2187 2728 2347 2782 licisci
2375 2737 2644 2798 cogentes,
2675 2729 2744 2783 ita
2772 2739 2829 2784 ut
2865 2746 2933 2785 ne
2957 2732 3178 2786 miseras
3203 2733 3414 2801 quidem
3439 2748 3592 2788 escas
3636 2745 3754 2789 sto-

2187 2818 2406 2872 machus
2427 2819 2659 2874 retinere
2685 2829 2883 2889 posset.
2915 2821 3178 2891 Turpibus
3195 2824 3352 2878 etiam
3379 2833 3434 2878 et
3461 2824 3758 2881 inhonestis

2187 2908 2360 2964 verbis
2388 2909 2507 2964 illos
2544 2909 2800 2980 impetere
2839 2926 2943 2967 non
2975 2912 3230 2968 timebant
3262 2931 3274 2966 :
3319 2914 3554 2972 Palladio
3591 2917 3754 2973 etiam

2186 2999 2437 3054 famulum
2458 3000 2822 3067 abstulerunt,
2870 3002 2975 3056 vim
3000 3002 3099 3072 ipsi
3130 3002 3421 3059 inferentes
3451 3014 3508 3064 ut
3533 3007 3755 3066 tabellas

2185 3089 2493 3158 deponeret.
2525 3089 2846 3146 Demetrium
2877 3101 3053 3152 autem
3083 3108 3219 3152 unus
3244 3109 3310 3149 ex
3339 3095 3649 3152 ductoribus
3681 3098 3755 3154 ita

2185 3184 2418 3249 vexavit,
2446 3192 2504 3238 ut
2521 3196 2640 3237 cum
2666 3181 2903 3238 Zibinam
2933 3184 3096 3238 multa
3126 3197 3280 3242 nocte
3298 3187 3617 3256 pervenerit,
3645 3197 3756 3244 sta-

2187 3276 2279 3329 tim
2308 3275 2398 3331 ille
2425 3275 2750 3346 gravissimis
2780 3284 2890 3331 toto
2916 3291 3140 3346 corpore
3174 3279 3442 3338 doloribus
3465 3281 3752 3344 cruciatus,

2184 3365 2395 3420 vivendi
2425 3365 2583 3420 finem
2608 3365 2794 3421 fecerit
2819 3383 2833 3418 :
2861 3365 2931 3420 ita
2960 3375 3018 3420 ut
3043 3367 3132 3436 qui
3163 3368 3275 3422 lucc
3303 3367 3544 3427 viderunt
3563 3384 3754 3428 omnes

2187 3455 2279 3510 Dei
2308 3455 2591 3510 vindictam
2620 3466 2985 3525 agnoscerent.
3017 3456 3285 3512 Palladius
3315 3474 3439 3512 vero
3473 3458 3581 3527 jam
3607 3475 3751 3528 prae-

2185 3545 2395 3600 dixerat
2419 3561 2434 3601 :
2467 3545 2522 3600 In
2551 3547 2650 3600 hoc
2675 3546 2867 3601 itinere
2887 3547 3259 3601 miserabiliter
3287 3548 3502 3616 peribis.

2257 3635 2313 3690 In
2343 3644 2488 3690 tanto
2526 3637 2715 3691 itinere
2752 3644 2963 3690 sanctos
3001 3636 3143 3690 viros
3180 3637 3431 3691 Eeelesiis
3467 3639 3753 3708 appropin—

2185 3739 2348 3796 quare
2376 3741 2480 3780 non
2511 3725 2776 3791 sinebant,
2797 3725 2890 3779 sed
2915 3723 3204 3780 diversoria
3237 3727 3502 3795 petebant,
3527 3727 3612 3781 ubi
3636 3744 3752 3784 me-

2188 3817 2441 3872 retricum
2464 3825 2616 3871 erant
2638 3817 2847 3886 agmina
2875 3817 2958 3870 vel
2983 3832 3261 3886 synagoga:
3297 3817 3750 3880 Samaritanorum

2191 3914 2283 3961 aut
2311 3905 2633 3972 Judzeormn,
2665 3907 2928 3976 pratcipue
2955 3916 3131 3965 autem
3161 3907 3332 3972 Tarsi,
3363 3908 3453 3963 ubi
3482 3909 3534 3962 itt
3580 3925 3752 3979 angu-

2187 4004 2316 4056 stias
2336 4001 2531 4056 redacti
2556 4008 2697 4055 sunt.
2713 3998 2859 4055 Unus
2879 4014 3002 4054 vero
3025 4014 3090 4054 ex
3107 3999 3368 4069 episcopis
3391 4001 3526 4055 alios
3552 4003 3755 4059 solatus

2185 4100 2287 4158 est,
2314 4091 2496 4146 dicens
2519 4090 2601 4144 his
2625 4089 2873 4144 omnibus
2896 4089 3056 4144 Deum
3074 4089 3239 4158 gloria
3265 4089 3425 4153 allici,
3455 4090 3755 4161 multasque

2183 4199 2250 4246 ex
2280 4184 2384 4243 illis
2401 4182 2788 4247 meretricibus,
2803 4197 2923 4251 qua:
2939 4182 2992 4236 in
3014 4181 3103 4235 Dei
3129 4181 3452 4236 oblivionem
3467 4192 3721 4242 venerant
3735 4224 3752 4248 ,

2185 4285 2276 4333 aut
2301 4290 2424 4333 eum
2454 4290 2522 4335 ne
2545 4284 2733 4334 norant
2757 4273 2992 4342 quidem,
3010 4273 3136 4328 visis
3148 4274 3411 4344 episcopis
3429 4275 3500 4329 ita
3519 4277 3752 4341 vexatis,

2187 4365 2239 4418 in
2267 4365 2510 4423 timorem
2535 4364 2628 4418 Dei
2658 4364 2890 4431 venisse,
2914 4372 2966 4418 et
2987 4361 3122 4423 forte
3142 4378 3427 4420 conversas
3457 4365 3644 4420 fuisse.

2257 4453 2502 4523 Plerique
2561 4461 2738 4511 autem
2791 4469 2859 4508 ex
2905 4452 3172 4522 episcopis
3223 4452 3464 4524 (Pallad.
3495 4454 3752 4526 Dialog.),

2184 4544 2273 4614 qui
2329 4543 2630 4613 TheOpltilo
2657 4544 2962 4610 literebant,
3023 4558 3126 4597 non
3175 4543 3334 4605 modo
3369 4544 3754 4603 humanitatem

2186 4635 2382 4695 nullam
2410 4649 2536 4704 erga
2558 4635 2838 4704 episcopos
2879 4633 2998 4696 illos
3025 4632 3412 4697 exbibuerunt,
3448 4633 3542 4689 sed
3586 4635 3751 4689 etiam

2187 4725 2496 4787 muneribus
2523 4724 2867 4794 prtetorianos
2888 4723 3206 4787 induxerunt
3226 4733 3284 4783 ut
3297 4740 3414 4778 cum
3437 4723 3540 4776 illis
3560 4737 3756 4791 aspere

2183 4824 2420 4886 agerent.
2465 4815 2564 4886 Qui
2597 4827 2774 4870 autem
2803 4816 3068 4884 praecipue
3093 4816 3215 4868 huic
3239 4814 3504 4886 vexatiqni
3532 4828 3753 4882 Operam

2185 4907 2402 4971 dedere,
2427 4915 2580 4966 erant
2603 4907 2839 4976 episcopi
2870 4906 3025 4960 Tarsi
3051 4917 3107 4960 et
3135 4905 3457 4970 Antiocltize,
3503 4903 3757 4973 Eulogius

2184 4996 2440 5051 Ctesarea:
2478 4997 2803 5063 Palaastinae;
2856 5007 2980 5053 ante
3023 5013 3209 5052 omnes
3259 5008 3433 5057 autem
3471 4997 3757 5066 episcopus

2185 5087 2430 5156 Ancyrae,
2461 5095 2515 5140 et
2536 5086 2847 5147 Ammonius
2873 5088 3096 5153 Pelusii,
3141 5088 3364 5155 quitum
3407 5087 3585 5154 donis,
3644 5097 3754 5146 tum

2188 5178 2346 5232 minis
2380 5177 2576 5232 milites
2603 5179 2858 5234 adversus
2896 5194 2990 5237 eos
3031 5181 3198 5249 magis
3225 5180 3643 5248 exasperabant,
3699 5191 3755 5240 ut

2187 5284 2253 5322 ne
2277 5268 2427 5322 laicis
2455 5268 2668 5338 quidem
2700 5270 2819 5323 illos
2846 5269 3092 5339 excipere
3119 5269 3416 5329 volentibus
3452 5270 3504 5324 id
3539 5271 3756 5340 permit-

2189 5368 2382 5412 lCl'Clll.

2256 5449 2422 5503 Secus
2443 5458 2621 5502 autem
2659 5449 2830 5504 fecere
2872 5449 2961 5503 alii
3017 5452 3274 5521 cpisc0pi,
3313 5452 3404 5522 qui
3449 5468 3478 5506 a
3518 5451 3759 5517 Palladio

2187 5555 2304 5592 cum
2337 5537 2490 5592 laude
2515 5550 3032 5606 commemorantur;
3067 5557 3258 5611 nempe
3285 5542 3638 5614 Cappadocia:
3667 5559 3755 5598 se-

2187 5629 2371 5684 cundae
2400 5628 2657 5698 episc0pi,
2687 5630 2778 5699 qui
2808 5646 2928 5686 cum
2960 5633 3207 5703 lacrymis
3234 5635 3511 5689 exsulibus
3550 5635 3758 5702 cpisco-

2189 5720 2268 5788 pis
2295 5718 2636 5773 condoluere.
2664 5718 2803 5774 Inter
2833 5735 2925 5776 eos
2945 5732 3121 5777 autem
3148 5726 3487 5779 eminuerunt
3506 5723 3757 5780 Theodo-

2193 5824 2303 5877 rus,
2341 5809 2642 5881 Tyanorum
2685 5811 2990 5885 episcopus,
3029 5813 3314 5884 Bosporius
3352 5816 3618 5884 Coloniae,
3675 5815 3762 5888 qui
