4088 6138
319 433 419 492 Ξ57

321 542 778 619 quadragesimum
817 549 1060 596 octavum
1093 553 1294 594 annum
1331 539 1385 592 in
1424 547 1728 608 episcopatu
1769 551 1891 607 age-

322 638 435 698 bat;
462 632 720 701 Serapion
750 629 1071 696 Ostracinaz,
1117 629 1206 698 qui
1244 628 1312 683 ab
1344 629 1497 680 antiis
1549 626 1894 696 quadraginta

322 726 554 798 quinque
578 709 881 793 episcopale
903 736 1091 774 munus
1109 718 1347 789 gerebat.
1372 717 1435 772 Hi
1463 718 1514 770 in
1531 727 1735 785 partem
1753 731 1894 770 teru-

327 828 593 880 mnsrum,
647 813 801 883 queis
831 820 956 865 tunc
982 810 1345 865 obruebantur
1386 807 1599 863 exsules
1641 807 1895 876 episc0pi,

326 905 785 965 commiseratione
812 919 908 958 sua
927 910 1203 965 venerunt,
1234 901 1365 955 utin
1406 909 1607 971 partem
1651 899 1898 969 praemio-

330 1014 442 1054 rum
475 999 529 1051 in
554 995 732 1051 futuro
746 993 945 1066 judicio
959 993 1382 1048 admitterentur.

394 1090 548 1144 Attici
575 1089 629 1143 in
653 1087 822 1142 sedem
850 1086 909 1142 C.
941 1085 1009 1141 P.
1040 1086 1223 1141 intrusi
1288 1084 1570 1138 molimina.
1597 1113 1669 1124 —
1695 1083 1900 1138 Atticus

330 1197 479 1246 vero,
506 1179 746 1235 omnium
786 1185 973 1233 contra
1011 1177 1270 1232 Joannem
1311 1175 1645 1230 moliminum
1680 1173 1899 1240 artifex,

327 1290 448 1330 cum
478 1271 684 1327 videret
709 1270 977 1326 neminem
1005 1267 1118 1324 fere
1152 1267 1502 1327 Orientalium
1531 1267 1903 1336 episcOporum

327 1379 507 1419 secum
539 1359 938 1418 communicare
964 1358 1119 1425 velle,
1147 1358 1252 1412 imo
1272 1372 1399 1412 vero
1414 1356 1480 1411 ab
1495 1372 1553 1412 se
1573 1362 1904 1426 segregatum

333 1468 554 1509 manere
579 1452 831 1523 populum
856 1450 1535 1520 ΟοηειιιιιιίιιιιροΙίιιιιιιιιιιτ,
1602 1447 1792 1503 Joanni
1849 1454 1906 1501 ut

329 1544 554 1601 antistiti
581 1557 681 1599 suo
704 1542 1123 1599 addictissimum
1137 1540 1369 1615 (Pallad.
1393 1538 1651 1611 Dialag.);
1669 1538 1907 1609 Scriptu-

329 1650 507 1692 rarum
525 1648 794 1689 sacrarum
819 1632 1104 1704 legumque
1130 1631 1431 1687 divinarum
1459 1646 1651 1700 expers
1671 1646 1792 1685 cum
1818 1646 1905 1685 es-

328 1735 435 1794 set,
463 1725 533 1780 ab
559 1725 883 1796 Imperatore
909 1726 1089 1781 literas
1117 1726 1437 1795 impetravit,
1468 1731 1525 1778 ut
1552 1723 1635 1779 vel
1662 1723 1908 1778 nolentes

327 1816 393 1870 ad
418 1830 479 1871 se
503 1816 740 1871 converti
761 1824 996 1885 cogeret.
1027 1815 1364 1885 Rescriptum
1395 1824 1575 1871 autem
1620 1814 1907 1885 Imperato-

327 1906 404 1960 ris
446 1905 564 1960 htcc
595 1904 839 1961 ferebat:
872 1906 934 1960 Si
974 1907 1084 1976 quis
1112 1906 1462 1977 episcoporum
1505 1923 1607 1960 non
1634 1906 1909 1960 communi-

325 2005 405 2049 cat
424 2012 542 2049 cum
570 1994 868 2067 Theophila,
897 1994 1185 2067 Parphyria
1214 2006 1260 2050 et
1288 1996 1454 2051 Attica
1471 2037 1483 2060 ,
1541 1995 1770 2050 Ecclesia
1793 1997 1908 2066 qui-

326 2085 446 2139 dem
470 2085 723 2156 ejiciatur,
751 2095 845 2138 eta
874 2085 1094 2156 propriis
1135 2084 1456 2156 facultatibus
1491 2086 1743 2157 abigatur.
1803 2085 1911 2140 lloc

326 2177 547 2248 publice
572 2179 834 2248 prolatum
859 2177 1088 2233 edictum
1115 2177 1167 2233 id
1195 2176 1392 2243 effecit,
1420 2186 1477 2231 ut
1505 2178 1538 2232 ii
1563 2177 1652 2248 qui
1689 2176 1909 2231 faculta-

327 2268 473 2326 tibus
499 2269 794 2340 pollebant,
820 2269 948 2339 ipsis
964 2270 1127 2325 etiam
1147 2269 1295 2325 inviti
1315 2270 1797 2340 conjungerentur:
1822 2269 1910 2323 alii

324 2362 678 2431 pauperiores
703 2362 828 2417 etin
853 2376 982 2418 sana
1011 2360 1116 2417 fide
1140 2361 1481 2428 inﬁrmiores,
1505 2362 1766 2418 donorum
1796 2361 1911 2431 pol-

325 2450 712 2506 licitationibus
734 2450 912 2507 allecti
931 2450 999 2507 ad
1015 2451 1161 2520 ipsos
1180 2459 1554 2507 accesserunt:
1585 2451 1675 2506 alii
1696 2465 1909 2521 genere,

334 2540 706 2610 facultatibus,
735 2550 791 2597 et
811 2542 1142 2613 corruptibili
1179 2542 1351 2612 gloria
1391 2542 1743 2613 posthabitis,
1793 2541 1913 2612 fuga

326 2632 433 2687 sibi
455 2632 866 2688 consuluerunt:
885 2647 950 2689 ex
975 2633 1040 2688 iis
1055 2634 1270 2703 quidam
1288 2633 1513 2688 Romam
1531 2632 1905 2704 confugerunt,

324 2723 422 2779 alii
447 2724 518 2779 ad
555 2733 789 2790 montes,
839 2725 928 2781 alii
958 2726 1013 2780 in
1049 2726 1366 2781 Ascetarum
1408 2726 1758 2781 monasteria.
1807 2724 1915 2781 Nec

322 2814 587 2871 adversus
621 2816 907 2886 episcopos
935 2816 1096 2872 modo
1116 2817 1350 2873 edictum
1377 2817 1633 2874 emissum
1669 2818 1788 2884 fuit,
1820 2819 1914 2874 sed

322 2905 473 2960 aliud
501 2906 664 2961 etiam
682 2913 870 2962 contra
900 2907 1062 2963 laicos
1103 2903 1190 2962 his
1231 2907 1409 2963 verbis
1450 2922 1762 2978 expressum
1784 2949 1800 2976 ,
1859 2917 1916 2963 ut

324 2995 600 3061 videlicet,
649 2995 696 3051 si
722 2996 812 3066 qui
855 3011 977 3052 cum
1008 2998 1321 3053 memoratis
1347 3011 1507 3067 supra
1533 3012 1641 3053 non
1670 3013 1911 3054 commu-

323 3088 592 3154 nicarent,
615 3089 701 3157 qui
725 3088 1118 3159 indignitatibus
1163 3098 1326 3144 essent
1368 3091 1648 3159 constituti,
1690 3107 1784 3144 suo
1823 3091 1915 3145 Ita-

325 3194 454 3232 nare
468 3187 516 3232 et
532 3178 776 3250 dignitate
791 3179 1108 3248 excederent,
1129 3180 1309 3235 milites
1323 3181 1583 3251 cingulum
1598 3182 1879 3237 amitterent
1895 3200 1913 3237 :

322 3271 526 3341 reliqua
550 3271 690 3340 plebs
716 3281 866 3341 atque
889 3272 1096 3342 opiﬁces
1117 3312 1129 3336 ,
1181 3272 1321 3342 gravi
1350 3274 1465 3327 auri
1515 3273 1735 3343 pandere
1780 3274 1911 3329 mul~

321 3365 471 3430 stati,
503 3364 815 3435 subjacerent
843 3365 1045 3420 exsilia.

402 3454 648 3526 Episcopi
677 3456 822 3511 multi
847 3457 1009 3512 uexati
1031 3466 1078 3511 et
1100 3457 1298 3513 sedibus
1322 3459 1477 3531 pulsi.
1505 3488 1578 3502 ρ·-
1626 3459 1913 3529 Postquam

325 3549 510 3604 edicta
540 3547 848 3618 huiusmodi
876 3548 1204 3618 promulgata
1235 3548 1408 3618 fuere,
1432 3550 1582 3605 multi
1604 3567 1698 3620 per
1725 3550 1915 3607 Orien-

326 3649 440 3694 tem
493 3637 656 3691 variis
701 3637 874 3693 modis
896 3633 1075 3688 vexati
1117 3637 1361 3708 pulsique
1417 3639 1565 3696 fuere
1596 3638 1827 3712 (Pallad.
1861 3644 1914 3695 in

328 3727 542 3799 Dialag.
585 3725 785 3797 supra).
817 3726 1061 3796 Episcopi
1097 3728 1207 3797 qui,
1233 3738 1289 3782 ut
1318 3728 1569 3796 diximus,
1620 3729 1778 3785 minis
1831 3730 1913 3784 vel

332 3817 599 3872 aerumnis
617 3831 647 3869 a
675 3815 856 3871 debito
871 3814 1049 3871 officio
1069 3817 1303 3871 amoveri
1334 3832 1439 3874 non
1460 3828 1729 3887 poterant,
1760 3819 1914 3873 aufu-

326 3922 483 3976 gero.
529 3906 800 3962 Palladius
828 3905 1237 3978 Helenopoleos,
1267 3922 1374 3977 quo
1421 3916 1638 3963 auctore
1689 3916 1744 3964 et
1776 3907 1913 3964 duce

328 3998 447 4051 hanc
477 3994 783 4061 scribimus,
804 3995 1025 4051 Romam
1051 4010 1112 4051 se
1141 3997 1362 4067 recepit,
1392 3998 1478 4053 ubi
1508 4006 1628 4068 post
1659 3998 1912 4068 Chrysos-

329 4088 463 4142 tomi
506 4094 735 4143 mortem
773 4084 988 4142 advenit
1029 4101 1171 4141 anno
1213 4087 1338 4143 407.
1393 4086 1583 4142 Rhodo
1632 4088 1912 4157 episcopus

325 4176 473 4233 Asiae
500 4174 788 4248 Mitylenen
805 4175 1008 4247 aufugit
1036 4194 1050 4232 :
1081 4177 1282 4243 Brisso,
1311 4177 1476 4232 frater
1500 4177 1720 4233 Palladii
1756 4178 1913 4235 llele—

328 4264 632 4338 nnpolitani
653 4307 670 4334 ,
714 4266 949 4322 Ecclesia
981 4281 1074 4322 sua
1102 4267 1241 4323 ultro
1278 4268 1550 4334 derelicta,
1586 4267 1654 4323 ad
1682 4268 1908 4339 agellum

326 4371 488 4411 suum
509 4370 571 4412 se
598 4356 823 4426 recepit,
852 4357 939 4412 ubi
983 4365 1178 4413 terram
1206 4359 1438 4429 propriis
1462 4359 1711 4415 manibus
1745 4375 1909 4417 exco-

329 4448 428 4502 luit
452 4465 466 4500 :
501 4446 755 4513 Hilarius,
782 4446 864 4502 vir
881 4457 1096 4504 sanctus
1122 4457 1178 4505 et
1196 4464 1381 4516 senex,
1405 4450 1459 4505 in
1504 4451 1749 4506 intimum
1767 4451 1909 4506 Pon-

329 4543 441 4590 tum
466 4534 652 4606 pulsus
680 4544 783 4601 est,
809 4537 976 4607 plagis
999 4538 1266 4604 concisus,
1310 4554 1418 4594 non
1468 4554 1497 4596 a
1522 4541 1725 4611 judice,
1754 4542 1850 4598 sed
1878 4557 1909 4597 a

326 4624 510 4681 Claro.
542 4624 595 4680 ls
618 4624 805 4682 decem
832 4635 887 4682 et
912 4635 1036 4682 octo
1063 4643 1235 4683 annos
1264 4636 1627 4701 transegerat,
1682 4646 1789 4687 non
1818 4648 1911 4701 pa-

328 4729 453 4771 nem
470 4715 664 4783 edens,
694 4717 790 4773 sed
813 4717 960 4774 olera
982 4726 1186 4774 tantum
1222 4728 1277 4775 et
1321 4720 1647 4776 frumentum
1675 4731 1907 4777 coctum.

327 4806 596 4861 Antonius
637 4820 769 4862 vero
825 4808 1109 4878 episcopus
1132 4809 1182 4863 in
1225 4810 1501 4880 speluncis
1520 4811 1910 4871 Paltestinaase-

328 4893 506 4963 ipsum
520 4896 789 4952 conclusit
818 4914 832 4951 :
865 4897 1182 4953 Timotheus
1211 4899 1494 4966 Maronem,
1525 4909 1578 4955 et
1597 4901 1829 4959 Joannes
1855 4906 1906 4958 in

326 4984 495 5057 Lydia
522 4988 829 5058 episcopus,
853 4989 906 5044 in
929 4989 1296 5048 Macedoniam
1346 5005 1406 5046 se
1460 4992 1727 5062 recepisse
1774 4993 1910 5049 dice-

328 5076 556 5135 bantur:
585 5079 876 5151 Gregorius
918 5082 973 5136 in
1015 5081 1181 5153 Lydia
1229 5082 1534 5152 cpiscopus,
1576 5084 1626 5138 in
1680 5084 1907 5154 Phrygia

324 5186 447 5226 esse
462 5172 803 5227 narrabatur.
821 5173 1154 5243 Lampetium
1174 5172 1423 5228 dicebant
1466 5174 1517 5228 in
1569 5175 1765 5245 oppido
1806 5174 1909 5246 Ly-

323 5260 428 5316 dia:
452 5276 596 5330 esse,
621 5262 713 5317 ubi
738 5262 960 5332 juvantc
982 5278 1041 5317 se
1069 5262 1301 5332 quodam
1330 5262 1639 5319 Eleutherio
1669 5264 1906 5319 lectioni-

324 5351 426 5406 bus
448 5365 672 5421 Operam
697 5352 878 5407 dabat.
903 5351 1173 5422 Engenius
1204 5353 1255 5406 in
1286 5352 1452 5421 patria
1470 5369 1563 5407 sua
1585 5368 1644 5409 se
1663 5356 1905 5410 contine-

324 5439 453 5497 bat:
488 5441 751 5510 L‘lpidius,
782 5458 1005 5512 magnus
1047 5442 1136 5497 ille
1179 5441 1458 5497 Laodiceae
1497 5443 1666 5514 Syriae
1710 5445 1908 5513 episco-

324 5545 444 5599 pus,
471 5542 527 5588 et
554 5532 766 5602 Pappus
792 5548 885 5602 per
913 5541 1082 5588 totum
1130 5533 1420 5589 triennium
1449 5533 1697 5602 precibus
1723 5549 1906 5589 vacan-

325 5633 406 5678 tes
428 5621 500 5678 de
528 5623 672 5680 scala
700 5622 891 5679 domus
914 5637 1028 5678 sua:
1055 5637 1162 5679 non
1191 5622 1587 5679 descenderunt
1612 5640 1625 5677 :
1682 5622 1907 5679 lleracli-

324 5710 418 5767 des
440 5711 705 5782 Ephesius
734 5727 827 5781 per
850 5712 1255 5782 quadriennium
1275 5712 1593 5771 Nicomedia:
1615 5712 1669 5770 in
1689 5728 1905 5770 carcere
1919 5752 1931 5762 .

330 5796 575 5862 inclusus
604 5804 825 5861 mansit.

1483 422 1661 481 NUNC
1697 422 1958 480 PRIMUM
1996 420 2388 479 ADORNATA.

3474 424 3579 480 958

2076 531 2359 605 Presbyteri
2411 544 2457 590 et
2500 537 2730 591 monachi
2779 538 2910 591 male
2963 536 3175 607 excepti.
3208 566 3279 577 -—
3332 534 3577 605 Episcopi

2007 636 2186 680 autem
2221 627 2327 694 illi,
2372 628 2540 697 inquit
2564 628 2832 683 Palladius
2852 670 2868 695 ,
2906 630 2994 698 qui
3027 644 3134 698 pra-
3162 639 3303 682 metu
3331 622 3579 682 adAttici

2011 727 2188 787 partes
2216 719 2554 785 transierant,
2596 720 2648 774 in
2673 719 2803 773 alias
2850 719 3088 775 Thraciae
3119 720 3382 775 Ecclesias
3407 729 3578 773 trans.-

2006 810 2093 863 lati
2124 816 2268 875 sunt,
2310 809 2486 864 Attico
2513 825 2706 879 nempe
2732 811 2783 864 vi
2808 818 3028 866 extortae
3054 810 3263 865 illorum
3290 810 3581 865 adhazsioni

2007 900 2259 955 nonsatis
2276 900 2490 955 fidente.
2506 899 2808 954 Anatolium
2821 901 3125 970 episeopum
3143 901 3582 956 dicebantessein

2009 991 2213 1047 Galliis.
2249 990 2688 1060 Presbyterorum
2711 1005 2837 1045 vero
2864 990 2954 1044 alii
2982 990 3032 1046 iu
3054 989 3301 1045 Arabiam
3331 998 3385 1044 et
3420 990 3584 1045 Palu:-

2007 1089 2199 1136 stinam
2228 1081 2495 1135 amandati
2521 1090 2665 1136 sunt.
2728 1081 2935 1151 Tigrius
2966 1081 3016 1135 in
3042 1080 3474 1150 Mesopotamiam
3498 1097 3583 1137 re-

2013 1174 2214 1244 legatus
2231 1182 2333 1241 est,
2360 1173 2696 1244 Philippusin
2730 1174 2896 1229 Ponto
2920 1175 3071 1229 exsul
3090 1173 3588 1243 obiit,_Theophilus

2010 1264 2063 1318 in
2094 1264 2458 1334 Paphlagonia
2486 1273 2642 1330 erat;
2672 1264 2905 1320 Joannes
2924 1305 2939 1328 ,
2989 1264 3185 1320 IEthrii
3206 1266 3366 1333 illius,
3412 1265 3589 1321 Caesae

2018 1355 2536 1410 remmunasterium
2563 1356 2878 1410 construxit.
2911 1355 3238 1425 Stephanum
3267 1357 3318 1410 in
3341 1357 3588 1412 Arabiam

2013 1446 2301 1515 relegatum
2341 1455 2394 1501 et
2442 1445 2721 1502 custodum
2767 1447 3008 1502 manibus
3055 1448 3401 1515 abstractum,
3448 1450 3592 1504 lsan-

2014 1535 2058 1589 ri
2090 1535 2141 1589 in
2170 1535 2400 1590 Taurum
2440 1532 2756 1593 dimiserunt
2793 1555 2805 1591 :
2845 1537 3136 1593 Salustium
3184 1541 3235 1593 in
3274 1537 3430 1595 Creta
3473 1556 3592 1596 esse

2013 1625 2299 1682 dicebant:
2329 1626 2607 1698 Philippus
2632 1628 2924 1684 monachus
2961 1638 3016 1684 et
3044 1628 3327 1701 Presbyter
3369 1631 3590 1687 Schola-

2014 1733 2160 1781 rnm,
2193 1717 2468 1773 dicebatur
2496 1718 2547 1773 in
2576 1717 2864 1788 Campania
2891 1730 3172 1790 regi-utare,
3209 1731 3264 1777 et
3291 1722 3592 1793 Stephanus

2015 1806 2275 1861 diaconus
2306 1806 2358 1860 in
2388 1805 2693 1862 Thebaidos
2717 1822 2930 1864 carcere
2958 1809 3204 1865 detineri.
3248 1812 3453 1866 Paulus
3478 1811 3593 1866 dia-

2017 1911 2214 1963 conus,
2244 1895 2539 1953 (Economi
2568 1897 2781 1967 adjutor
2799 1939 2815 1965 ,
2848 1899 3160 1954 narrabatur
3183 1901 3236 1955 in
3265 1900 3440 1955 Africa
3471 1916 3592 1956 vcr-

2016 1991 2121 2044 sari
2147 2006 2164 2045 :
2190 1989 2328 2044 alius
2370 1990 2567 2046 Paulus
2608 1991 2866 2047 diaconus
2909 1993 3202 2048 Anastasia:
3248 1992 3595 2065 Jcrosolymis

2018 2080 2350 2136 versabatur.
2397 2081 2671 2138 llelladius
2697 2084 2974 2156 presbyter
3002 2085 3191 2139 Palatii
3219 2087 3271 2139 in
3298 2086 3470 2155 agello
3499 2102 3595 2142 suo

2018 2170 2281 2241 Bithynia:
2307 2172 2466 2229 vitam
2493 2176 2702 2246 agebat.
2736 2176 2883 2232 Multi
2921 2178 3376 2248 Constantinopoli
3414 2179 3591 2234 delite-

2018 2263 2268 2341 scebant;
2296 2265 2385 2320 alii
2410 2267 2464 2321 in
2493 2268 2718 2338 patriam
2739 2269 2963 2339 quisque
2983 2283 3132 2325 suam
3157 2270 3413 2325 abierant.
3432 2271 3597 2326 Silva-

2019 2372 2139 2424 nus,
2164 2366 2380 2414 sanctus
2400 2360 2714 2431 episcopus,
2743 2362 2795 2416 in
2825 2361 3035 2418 Troade
3069 2363 3397 2433 piscabatur,
3436 2370 3491 2418 et
3531 2379 3597 2418 ex

2020 2447 2225 2517 piscatu
2256 2449 2417 2504 vitam
2445 2449 2546 2505 sibi
2574 2452 2934 2520 comparabat.
2963 2451 3261 2521 Stephanus
3286 2454 3597 2517 monachus,

2018 2540 2110 2609 qui
2133 2539 2496 2595 Romanorum
2526 2542 2777 2612 epistolas
2803 2542 3088 2611 detulerat,
3119 2558 3182 2599 ea
3202 2543 3271 2600 de
3290 2558 3451 2599 causa
3479 2560 3599 2599 ver-

2026 2628 2266 2696 beratus,
2297 2630 2483 2687 decem
2515 2633 2789 2688 mensibus
2814 2632 3271 2704 Constantinopoli
3306 2635 3359 2688 in
3385 2649 3599 2689 carcere

2020 2721 2182 2775 vitam
2215 2723 2361 2793 egit:
2396 2739 2517 2779 cum
2567 2732 2744 2780 autem
2794 2726 3121 2795 propositum
3173 2726 3272 2796 ipsi
3310 2725 3498 2782 fuisset
3544 2735 3601 2782 ut

2020 2810 2198 2867 Attico
2222 2811 2471 2881 hmreret,
2491 2823 2546 2870 et
2573 2829 2678 2869 non
2709 2815 3087 2885 acquievisset,
3116 2816 3373 2873 lateribus
3402 2826 3456 2873 et
3502 2833 3599 2887 pe-

2019 2914 2168 2960 ctare
2194 2906 2510 2975 ungularum
2531 2909 2579 2961 vi
2605 2907 2867 2963 laceratus
2895 2917 2978 2963 est
3007 2908 3192 2978 :cujus
3221 2909 3297 2964 rei
3326 2909 3476 2964 testis
3504 2908 3601 2963 fuit

2020 2994 2134 3064 ipse
2162 2993 2447 3050 Palladius.
2487 2995 2794 3067 Stephanus
2826 3013 2953 3053 vero
2988 2997 3186 3054 Christi
3224 2999 3557 3069 providentia
3582 3041 3598 3065 ,

2027 3084 2081 3138 in
2107 3084 2339 3140 secunda
2367 3084 2593 3141 fortasse
2619 3087 2910 3142 certamina
2938 3096 3263 3155 reservatus,
3301 3097 3422 3158 post
3457 3089 3599 3145 dcci~

2025 3188 2169 3229 mum
2191 3175 2480 3231 curationis
2499 3191 2608 3230 sua:
2634 3191 2892 3244 mensem,
2925 3178 3194 3233 Pelusium
3217 3180 3483 3248 relegatus
3497 3190 3599 3236 est.

2020 3266 2372 3323 Provincialis
2425 3268 2637 3338 quidam
2685 3270 2842 3325 miles
2885 3285 2950 3325 ex
2980 3270 3176 3346 scholis
3223 3271 3494 3340 Palatinis,
3548 3284 3601 3330 ut

2018 3357 2239 3414 Joannis
2287 3358 2459 3414 fautor
2486 3370 2788 3426 accusatus,
2818 3369 2939 3430 post
2967 3362 3096 3416 varii
3116 3362 3327 3432 generis
3347 3363 3526 3434 plagas
3549 3374 3601 3421 et

2022 3448 2389 3505 atrocissimas
2409 3449 2736 3517 abrasiones,
2763 3450 2948 3507 Petras
2970 3452 3118 3507 exsul
3140 3453 3334 3509 missus
3356 3463 3458 3510 est.

2090 3541 2409 3612 Episcopum
2422 3541 2584 3597 alium
2601 3554 2860 3598 memorat
2874 3544 3130 3616 Synesius
3145 3545 3413 3617 (Synesius
3427 3546 3598 3619 Epist.

2019 3633 2088 3689 96
2116 3644 2160 3688 et
2184 3631 2254 3689 97
2277 3634 2296 3704 )
2318 3674 2332 3700 ,
2385 3635 2742 3691 Alexandrum
2793 3637 3322 3708 Basilinopolitanum
3345 3680 3362 3707 ,
3393 3641 3599 3712 Cyrene

2020 3724 2070 3779 iu
2089 3724 2251 3796 Libya
2269 3734 2472 3794 natum,
2491 3728 2579 3798 qui
2592 3728 2803 3797 juvenis
2814 3732 3161 3785 monasticam
3180 3732 3337 3786 vitam
3354 3748 3612 3790 exercue.

2019 3825 2120 3884 rat,
2140 3827 2426 3889 posteaque
2453 3820 2730 3891 presbyter
2743 3831 2951 3879 creatus
2965 3837 3085 3878 cum
3101 3823 3597 3896 Constantinopolin

2020 3906 2268 3974 venisset,
2286 3923 2317 3962 a
2333 3908 2734 3982 Chrysostomo,
2752 3913 2841 3983 qui
2866 3912 2981 3984 ejus
3008 3914 3256 3984 pietatem
3273 3924 3600 3987 craterasque

2016 3998 2179 4052 animi
2229 3998 2381 4055 dotes
2434 4002 2596 4070 probe
2650 4012 2903 4070 noverat,
2959 4003 3337 4073 Basinopoleos
3385 4008 3596 4076 episco-

2019 4102 2116 4158 pus
2159 4098 2370 4146 creatus
2416 4090 2534 4147 fuit.
2578 4091 2711 4148 Cum
2760 4109 2888 4149 vero
2932 4093 3345 4165 Chrysostomus
3392 4112 3421 4150 a
3468 4097 3597 4153 sede

2016 4192 2113 4233 sua
2161 4178 2341 4248 pulsus
2383 4180 2515 4248 fuit,
2567 4182 2682 4253 ejus
2728 4184 2817 4240 ille
2857 4185 3095 4255 partibus
3141 4201 3354 4256 semper
3403 4187 3593 4254 haesit,

2016 4268 2242 4339 ideoque
2285 4280 2506 4326 vexatus
2534 4274 2913 4332 Ptolemaidem
2959 4277 3010 4332 in
3041 4276 3207 4349 Libya
3253 4295 3313 4334 sc
3354 4282 3594 4350 recepit,

2015 4375 2189 4429 neque
2238 4377 2485 4432 umquam
2531 4380 2561 4418 a
2605 4364 2969 4436 Chrysostomi
3024 4369 3259 4437 partibus
3309 4371 3597 4426 abscedere

2015 4451 2199 4507 voluit.

2085 4541 2277 4598 Narrat
2329 4559 2455 4599 vero
2503 4543 2769 4600 Palladius
2799 4545 3030 4616 (Pallad.
3075 4546 3322 4619 Dialug.)
3377 4564 3596 4619 scopum

2016 4634 2269 4691 Ecclesia:
2325 4634 2579 4690 Romana:
2634 4634 2794 4690 fuisse
2854 4652 2960 4690 non
3022 4639 3415 4694 communicare
3475 4655 3595 4695 ιιιιιο

2014 4743 2172 4797 quam
2224 4743 2344 4782 cum
2392 4727 2747 4782 Orientalibus
2798 4728 3061 4799 episcopis
3084 4771 3097 4794 ,
3129 4730 3422 4799 prmsenim
3475 4746 3595 4787 cum

2016 4817 2333 4887 Theophila,
2364 4818 2534 4873 donec
2558 4817 2793 4874 dedisset
2822 4818 3079 4875 Dominus
3106 4820 3282 4876 locum
3312 4822 3596 4879 universali

2015 4906 2231 4979 Synodo
2254 4950 2269 4976 ,
2298 4924 2417 4980 qua:
2460 4909 2766 4979 putrefactis
2807 4913 3062 4969 membris
3102 4928 3285 4969 eorum
3311 4956 3327 4981 ,
3354 4917 3443 4986 qui
3485 4916 3600 4973 ha-c

2015 5006 2284 5066 patrarant
2304 5038 2319 5063 ,
2349 4999 2654 5055 mederetur
2685 5015 2699 5053 :
2732 5001 2983 5072 additque
3024 5007 3184 5058 etiam
3212 5014 3332 5074 post
3369 5016 3597 5062 mortem

2013 5086 2233 5143 Joannis
2255 5129 2270 5153 ,
2302 5088 2530 5158 viguisse
2560 5097 2736 5146 tamen
2766 5091 2909 5147 illam
2953 5092 3243 5149 [innocentii
3279 5104 3332 5149 et
3372 5096 3599 5153 Romani

2013 5176 2234 5232 Concilii
2258 5177 2707 5247 declarationem,
2734 5182 2858 5251 quia
2902 5183 2957 5237 in
3002 5193 3147 5238 tanto
3173 5187 3401 5241 tumultu
3448 5190 3597 5243 multi

2014 5266 2210 5335 indigni
2239 5268 2307 5324 ad
2325 5269 2591 5325 Ecclesias
2604 5271 2938 5340 occupandas
2964 5274 3346 5331 involaverant.
3366 5279 3598 5349 ldipsum

2012 5357 2145 5414 dicit
2165 5360 2532 5417 Theodoretus
2579 5361 2906 5432 (Theodoret.
2938 5365 2978 5418 Ι.
3010 5366 3063 5420 5.
3094 5382 3140 5420 c.
3173 5366 3264 5437 54)
3285 5385 3297 5423 :
3316 5369 3599 5440 adjicitque

2015 5449 2175 5503 etiam
2206 5458 2325 5518 post.
2365 5463 2588 5506 mortem
2618 5453 2794 5523 magni
2842 5454 3078 5510 doctoris
3106 5458 3253 5511 orbis
3296 5468 3590 5522 terrarum,

2014 5537 2381 5595 Occidentales
2396 5541 2694 5611 episcopos,
2714 5543 3085 5613 episcoporum
3103 5545 3318 5619 Egypti
3343 5559 3397 5605 et
3411 5549 3598 5605 Orien-

2017 5628 2119 5693 tis,
2154 5628 2373 5697 Bospori
2420 5639 2475 5684 et
2523 5630 2799 5697 Thracias,
2846 5636 3272 5693 communionem
3322 5655 3424 5693 non
3472 5647 3596 5693 ante

2012 5715 2327 5782 admisisse,
2359 5734 2515 5788 quam
2559 5719 2721 5775 divini
2768 5722 2909 5778 illius
2938 5725 3033 5778 viri
3084 5742 3281 5781 nomen
3329 5743 3431 5782 una
3473 5742 3593 5783 cum

2013 5818 2215 5865 ctcterts
2239 5808 2500 5867 defunctis
2519 5812 2782 5883 episcopis
2796 5820 3228 5890 consignasscnt.
