4088 6138
487 432 593 489 259

547 550 932 621 Chrysoslomtta
951 543 1243 599 Innocentio
1260 543 1422 610 Papa
1443 539 1614 595 literas
1628 536 1796 592 mittit.
1812 564 1882 574 -
1896 531 2060 601 Chry-

477 652 747 698 sostomus
783 650 905 691 eum
930 634 1196 704 episcopis
1215 629 1644 688 Occidentalibus
1669 638 1884 681 causam
1909 635 2060 676 suam

481 729 900 802 suscipientibus
920 724 1126 790 scribit,
1154 722 1223 777 de
1252 718 1391 777 felici
1423 717 1502 773 rei
1530 716 1677 773 exitu
1704 712 1951 768 dubitare
1978 709 2057 765 vi-

481 829 660 892 detur,
691 823 835 893 quod
868 820 1179 886 nequitiam,
1214 816 1529 887 potentiam,
1559 806 1913 880 pervicaciam
1964 804 2060 860 ad~

484 917 844 976 versarierum
867 928 1087 970 suorum
1127 909 1295 982 probe
1321 914 1524 962 nosset.
1552 903 1661 958 Nec
1687 900 1810 957 ideo
1852 899 2064 954 minore

481 1027 610 1068 cura
631 1020 685 1065 et
704 1007 880 1064 studio
895 1005 961 1060 ad
981 1020 1066 1060 res
1082 998 1483 1073 componendas
1523 994 1780 1051 utendum
1805 1006 1927 1048 esse
1951 989 2068 1045 exi-

484 1103 754 1163 stitnabat.
776 1109 832 1154 ut
852 1098 1035 1154 videre
1057 1095 1212 1150 estin
1240 1090 1467 1163 epistola
1486 1088 1551 1144 ad
1577 1084 1945 1141 Innocentium
1971 1083 2071 1137 Pa-

484 1211 609 1268 pam
640 1192 729 1267 ('l'.
779 1192 834 1248 3.
875 1207 923 1244 c.
965 1188 1114 1259 555),
1162 1184 1248 1240 cui
1300 1193 1541 1268 summas
1569 1176 1904 1268 agit-gratias
1927 1170 2071 1268 quod

480 1257 663 1331 {antas
697 1280 1036 1342 tempestates
1059 1257 1080 1334 ,7
1106 1277 1278 1322 tantos
1306 1265 1499 1320 fluctus
1527 1278 1623 1333 pro
1648 1260 1850 1314 viribus
1872 1257 2063 1313 sedare

480 1378 705 1423 conatus
749 1366 862 1420 sit:
897 1365 968 1417 ita
1014 1372 1107 1424 ut,
1152 1354 1196 1414 si
1243 1366 1464 1413 conatus
1509 1368 1625 1424 ejus
1668 1352 1847 1407 felices
1889 1350 2063 1404 exitus

484 1459 826 1521 habuissent,
855 1456 966 1525 jam
1018 1459 1200 1523 pacata
1253 1449 1430 1525 omnia
1477 1454 1692 1508 essent,
1723 1452 1778 1498 et
1826 1440 2060 1497 Ecclesia

484 1551 768 1622 tranquilla
821 1523 948 1619 pace
1004 1546 1289 1599 frueretur.
1347 1523 1621 1610 [legatque
1671 1535 1817 1590 illum
1874 1547 1942 1586 ne
1992 1545 2060 1584 ex

484 1644 915 1701 adversariorum
981 1638 1160 1693 furore
1213 1637 1447 1690 animum
1502 1628 1877 1699 despondeat,
1942 1640 2065 1680 cum

487 1747 565 1790 tot
621 1733 798 1788 videat
851 1730 1074 1801 populos
1126 1728 1395 1795 dispersos
1427 1763 1441 1787 ,
1507 1721 1733 1777 clericos
1788 1724 2016 1772 vexatos
2046 1756 2061 1780 ,

485 1828 766 1898 episcopos
809 1821 1026 1876 sedibus
1071 1817 1251 1887 pulsos
1301 1833 1314 1868 :
1362 1821 1417 1867 et
1459 1818 1656 1881 quanto
1704 1808 1874 1878 major
1924 1816 2065 1860 tem-

487 1926 665 1988 pestas
709 1924 810 1978 est,
843 1921 988 1966 tanto
1033 1908 1203 1978 majus
1244 1904 1476 1961 studium
1506 1901 1755 1956 adhibeat
1799 1906 2062 1968 precatur.

489 2012 665 2077 Seque
688 2004 1073 2075 frequentiores
1101 2000 1197 2071 ipsi
1244 1999 1424 2053 literas
1448 1996 1733 2049 missurum
1764 1990 1926 2045 fuisse
1953 1988 2062 2055 ait,

488 2099 590 2154 nisi
634 2096 797 2153 Isauri
841 2093 1111 2166 perpetuis
1158 2086 1547 2145 incursionibus
1590 2085 1705 2138 vias
1745 2078 2064 2137 interclude-

490 2198 629 2245 rent.

563 2281 708 2336 llanc
732 2277 1010 2348 epistolam
1041 2275 1262 2328 Romam
1291 2269 1515 2325 attulere
1539 2266 1770 2322 Joannes
1794 2262 2070 2333 presbyter

490 2383 544 2429 et
572 2372 765 2426 Paulus
788 2371 1062 2431 diaconus,
1083 2376 1142 2420 ut
1165 2366 1216 2418 in
1248 2364 1336 2417 illa
1358 2361 1570 2424 dicitur,
1590 2373 1709 2428 qua:
1734 2370 1818 2410 res
1843 2352 2072 2407 difficul-

493 2475 654 2520 tatem
698 2472 876 2517 movet
918 2474 1023 2514 non
1069 2470 1174 2511 tam
1206 2454 1360 2509 facile
1404 2450 1729 2506 solvendam.
1762 2446 1817 2500 In
1848 2444 2071 2514 epistola

491 2557 634 2612 enim
663 2556 763 2610 148
790 2554 855 2607 ad
883 2553 1162 2622 Cyriacum
1189 2591 1203 2616 ,
1233 2546 1557 2603 Demetrium
1584 2551 1639 2597 et
1663 2551 1886 2596 cancros
1909 2579 1924 2603 ,
1954 2550 2072 2607 qua

493 2648 690 2714 scripta
720 2653 931 2715 putatur
959 2656 1099 2695 anno
1125 2640 1252 2703 405,
1281 2638 1354 2692 ait
1379 2635 1789 2702 Cbrysostomus
1815 2628 2071 2684 Joannem

494 2736 860 2808 presbyterum
886 2745 940 2788 ct
956 2731 1179 2787 Paulum
1199 2729 1480 2783 diaconum
1510 2730 1609 2780 iter
1625 2735 1827 2794 parare,
1849 2729 1904 2774 ut
1928 2719 2073 2789 ipsos

492 2827 813 2883 conveniant
864 2840 880 2875 :
933 2823 979 2877 si
1032 2832 1208 2876 autem
1262 2833 1403 2874 anno
1452 2817 1557 2873 405
1611 2817 1744 2869 hanc
1795 2811 2072 2882 epistolam

491 2915 768 2986 scripserit
799 2913 1208 2983 Chrysostomus
1232 2950 1246 2973 ,
1275 2923 1381 2978 quo
1428 2916 1586 2978 pacto
1612 2905 1795 2960 dicere
1823 2900 1990 2972 possit
2014 2912 2075 2955 se

497 3007 711 3062 tertium
755 3019 949 3057 annum
995 3004 1047 3057 in
1073 3002 1260 3055 exsilio
1287 3014 1445 3069 agere
1469 3038 1483 3063 ,
1513 2996 1601 3067 qui
1633 3006 1756 3050 tunc
1784 2991 2074 3048 secundum

497 3112 703 3155 tantum
729 3097 864 3153 inire
891 3093 1399 3166 poterat?0pinatur
1424 3088 1793 3144 Tillemontius
1817 3086 2075 3141 Joannem

494 3203 549 3247 et
576 3190 815 3254 Paulum,
833 3188 924 3259 qui
953 3196 1076 3242 tunc
1103 3186 1203 3239 iter
1232 3184 1505 3253 parabant,
1526 3179 1906 3250 profectionem
1924 3191 2077 3235 suam

496 3282 553 3337 in
574 3294 771 3335 annum
792 3286 1100 3348 sequentem
1124 3275 1413 3329 distulisse.

568 3375 697 3429 Alia:
722 3389 833 3438 ent:
861 3369 1103 3442 epistolcc.
1138 3398 1205 3408 â€”
1233 3366 1423 3422 Joanni
1467 3375 1644 3419 autem
1675 3363 1982 3432 presbytero
2026 3369 2080 3413 et

500 3463 663 3519 Paulo
687 3462 912 3515 diacono
947 3458 1225 3529 epistolam
1254 3455 1401 3510 dedit
1429 3453 1552 3518 168,
1585 3453 1792 3516 Probae,
1825 3463 2080 3504 matronae

500 3553 774 3616 humanm,
805 3540 1269 3611 adferendatn,cui
1298 3546 1416 3600 illos
1445 3543 1801 3606 commendat,
1832 3541 2080 3609 illamque

502 3651 560 3698 ut
587 3641 912 3711 frequentius
939 3639 1038 3693 sibi
1065 3638 1245 3691 literas
1268 3637 1440 3689 mittat
1467 3645 1732 3704 precatur.
1763 3631 2077 3698 Iisdemque,

505 3744 562 3791 ut
589 3742 800 3803 putatur
822 3772 837 3797 ,
866 3729 1117 3799 epistolas
1157 3737 1440 3796 sequentes
1468 3726 1569 3780 I69
1598 3735 1652 3781 et
1682 3724 1785 3778 I70
1828 3722 2079 3786 tradidit,

504 3837 727 3892 quarum
745 3822 892 3891 prior
905 3819 1127 3874 Juliana:
1143 3828 1196 3873 et
1214 3818 1277 3871 iis
1294 3818 1519 3886 quicum
1552 3815 1637 3868 illa
1654 3823 1801 3869 erant
1817 3812 2079 3882 dirigitur,

511 3913 700 3984 quibus
724 3911 920 3982 gratias
943 3909 1089 3978 agit,
1120 3907 1261 3977 quod
1304 3907 1426 3961 illos
1446 3920 1632 3960 omnes
1656 3945 1669 3969 ,
1698 3917 1833 3973 quos
1859 3901 2084 3956 Romam

506 4006 724 4061 miserat
785 4002 1165 4073 benignissime
1218 3999 1564 4068 excepissent
1594 4038 1608 4061 ,
1676 3995 1921 4065 quodque
1977 4002 2084 4048 tam

506 4110 678 4151 saevos
715 4094 968 4148 tumultus
992 4133 1007 4159 ,
1034 4093 1122 4162 qui
1150 4102 1259 4144 tum
1303 4087 1596 4143 Ecclesium
1622 4085 1945 4141 Oricutalcm
1971 4083 2084 4154 agi-

510 4187 709 4251 tabant,
737 4199 1076 4257 compescere
1101 4182 1375 4237 studerent
1407 4198 1420 4234 :
1455 4178 1717 4250 pesterior
1736 4193 1864 4233 vero
1893 4177 2086 4232 Italica:

511 4278 814 4333 inscribitur
836 4319 851 4341 ,
880 4291 1038 4346 quam
1066 4291 1097 4329 a
1126 4274 1431 4330 fortitudine
1455 4273 1688 4329 celebrat
1712 4314 1726 4339 ,
1752 4271 1893 4343 quod
1917 4286 2088 4342 neque

507 4369 758 4428 sedanda:
797 4369 1049 4424 Orientali
1095 4369 1392 4439 tempestati
1435 4367 1743 4422 incumbere
1781 4365 2086 4430 desineret;

507 4463 756 4530 acuitque
798 4461 941 4516 illam
968 4468 1027 4515 ut
1068 4459 1121 4515 in
1154 4459 1253 4515 hoc
1297 4467 1403 4513 tam
1450 4456 1715 4513 laudando
1744 4457 1918 4511 studio
1963 4471 2090 4526 per-

509 4561 738 4608 Î¹Î¿Î½ÎµÏ„Î¸Î¹.

582 4641 813 4698 Diversis
838 4657 1050 4712 quoque
1094 4656 1189 4709 per
1217 4637 1556 4695 Occidentem
1604 4636 1865 4708 cpiscOpis
1910 4633 2090 4688 literas

513 4733 617 4786 hoc
651 4733 862 4786 circiter
888 4742 1126 4800 tempore
1153 4728 1335 4794 misit,
1366 4727 1450 4783 vel
1478 4738 1535 4782 ut
1556 4727 1753 4796 gratias
1788 4733 1970 4796 ageret
1994 4737 2091 4793 pro

514 4834 646 4890 pace
686 4820 739 4874 in
768 4819 1006 4873 Ecclesia
1033 4817 1290 4873 Orientali
1316 4818 1642 4873 restituenda
1688 4815 2050 4871 laborantibus
2070 4855 2087 4880 ,

516 4912 602 4967 vel
629 4919 684 4963 ut
709 4917 922 4964 acueret
938 4918 992 4962 et
1013 4908 1078 4963 ad
1108 4917 1415 4962 constanter
1429 4907 1690 4977 agendum
1718 4907 2090 4964 inï¬‚ammaret.

516 5000 666 5056 Talis
692 5006 775 5053 est
800 4999 1022 5067 epistola
1058 4997 1150 5051 151
1185 4996 1251 5049 ad
1296 4998 1532 5051 Asellum
1574 4997 1879 5065 episcopum
1913 5014 1927 5050 :
1961 4998 2094 5053 tales

518 5088 759 5159 epistola:
800 5087 942 5151 I52,
986 5087 1129 5151 155,
1171 5085 1314 5150 154,
1359 5084 1424 5138 ad
1469 5085 1747 5154 episcopos
1786 5086 2096 5154 simpliciter

521 5178 789 5247 inscriptae
813 5217 829 5241 ,
857 5176 908 5232 id
950 5186 1072 5242 est,
1099 5184 1159 5230 Î¹Î¹Î¹
1193 5190 1259 5229 ex
1302 5174 1442 5229 serie
1479 5173 1683 5243 liquet,
1712 5174 1780 5227 ad
1819 5176 2097 5243 episcopos

521 5269 910 5327 Occidentales.
958 5267 1151 5323 Iisdem
1199 5267 1360 5322 missa
1408 5264 1505 5321 fuit
1547 5264 1768 5334 epistola
1816 5264 1958 5329 181,
2007 5265 2099 5320 ubi

521 5362 653 5417 dicit
700 5361 819 5415 illos
867 5359 935 5414 ab
977 5358 1223 5413 omnibus
1270 5356 1546 5428 praedicari
1592 5364 1752 5425 atque
1797 5355 2096 5423 celebrari,

524 5449 665 5520 quod
691 5450 792 5504 etsi
822 5458 925 5503 tam
962 5450 1117 5518 longe
1140 5449 1311 5503 dissiti
1336 5456 1489 5503 erant
1507 5489 1522 5514 ,
1553 5446 1761 5503 fortiter
1783 5459 2101 5516 strenueque

524 5544 781 5599 adversus
823 5543 941 5596 illos
968 5542 1057 5611 qui
1088 5540 1377 5596 Ecclesiam
1408 5539 1785 5610 perturbabant
1811 5538 2051 5594 steterint
2085 5557 2096 5591 :

533 5653 553 5687 Î¹
590 5633 742 5704 Quod
767 5631 852 5697 si,
891 5651 910 5684 â€º
945 5632 1115 5702 inquit
1139 5673 1154 5696 ,
1190 5649 1210 5683 Î±
1248 5629 1474 5686 necdum
1500 5631 1954 5700 importuntesua:
1975 5644 2105 5685 cou-

532 5727 751 5782 tentioni
793 5735 846 5780 et
887 5724 1085 5792 injuslo
1112 5724 1251 5779 bello
1277 5724 1436 5778 tinem
1467 5725 1741 5794 imponere
1766 5722 1986 5786 volunt,
2015 5722 2102 5793 qui

532 5817 725 5878 horum
749 5831 777 5868 a
808 5814 1066 5888 principio
1109 5814 1365 5870 malorum
1426 5824 1677 5873 auctores
1702 5811 1869 5883 fuere,
1918 5827 1985 5869 ne
2014 5827 2105 5867 vos

1523 428 1579 484 s.
1612 420 1891 481 JOANNIS
1919 412 2390 474 cuavsosrout
2433 414 2612 487 vm,

3618 413 3723 470 260

2167 528 2449 587 conturbet
2475 530 2623 597 illud,
2643 546 2776 587 neve
2798 531 3003 586 animos
3020 539 3225 586 vestros
3252 526 3525 585 debilitet:
3543 537 3736 598 quanto

2165 625 2308 679 enim
2334 626 2506 694 major
2530 623 2678 682 vobis
2719 623 2956 681 exoritur
2996 623 3147 682 labor
3168 663 3184 692 ,
3214 631 3363 679 tanto
3385 624 3549 679 etiam
3573 621 3739 694 major

2166 729 2362 771 corona
2383 724 2644 772 Î·ÎµÏƒÎ¹Î¸Î¹Ï…Ï„.
2677 736 2696 770 Î¹

2240 805 2468 862 Venerio
2493 822 2705 877 quoque
2728 805 3107 863 Mediolanensi
3136 807 3280 862 misit
3304 806 3583 878 epistolam
3615 805 3737 871 182.

2156 892 2221 951 'et
2246 896 2510 968 Hesychio
2542 897 2817 954 Salonensi
2863 900 2914 954 in
2944 898 3197 954 Dalmatia
3242 899 3395 969 epist.
3427 897 3528 954 I85
3559 916 3574 954 :
3606 912 3743 969 quos

2167 989 2388 1059 perinde
2417 990 2594 1045 laudat
2619 1006 2651 1045 a
2682 990 2873 1046 virtute
2899 1002 2953 1045 et
2977 990 3271 1046 constantia
3295 1031 3309 1055 ,
3342 1000 3393 1045 et
3419 989 3660 1044 hortatur
3684 997 3744 1044 ut

2166 1089 2338 1148 coepta
2390 1083 2647 1149 perlicere
2687 1091 2946 1153 satagant.
2994 1082 3343 1152 Summopere
3391 1081 3638 1151 praedicat
3681 1080 3741 1136 S.

2166 1170 2367 1226 Aurelii
2391 1172 2821 1241 Carthaginensis
2845 1174 3077 1243 episcopi
3103 1176 3373 1239 virtutem,
3392 1171 3743 1227 constantiam

2166 1269 2220 1316 et
2234 1261 2481 1331 loquendi
2501 1262 2796 1317 libertatem
2822 1262 2874 1317 in
2901 1263 3123 1332 cpistola
3145 1262 3247 1318 149
3263 1280 3279 1316 :
3298 1277 3457 1333 quem
3481 1261 3581 1317 etsi
3599 1270 3745 1317 tanto

2168 1359 2430 1406 terrarmn
2455 1352 2731 1409 intervallo
2755 1353 2822 1408 ab
2847 1368 2905 1408 se
2921 1353 3185 1420 dissitum,
3205 1352 3305 1408 sibi
3336 1365 3510 1408 tamen
3527 1353 3745 1409 caritate

2167 1442 2657 1512 conjunctissimum
2713 1459 2833 1499 esse
2885 1444 3184 1515 signiï¬cat,
3241 1444 3313 1498 ita
3370 1453 3430 1498 ut
3480 1444 3746 1499 ferventer

2167 1532 2454 1588 admodum
2469 1550 2684 1590 causam
2701 1551 2848 1590 suam
2872 1535 3136 1602 defendat,
3158 1536 3502 1605 hortaturque
3525 1535 3670 1590 illum
3689 1542 3745 1588 ut

2168 1622 2222 1677 in
2244 1622 2346 1678 ltoc
2366 1625 2619 1693 prmclaro
2639 1628 2930 1681 certamine
2951 1634 3272 1696 perseveret.

2237 1712 2418 1769 Libros
2459 1715 2586 1769 duos
2614 1717 2837 1785 egregios
2875 1718 3048 1771 scribit
3091 1717 3337 1786 mittitque
3380 1716 3448 1769 ad
3478 1713 3746 1788 Olympia-

2169 1803 2516 1859 dem.â€”Iloc
2551 1805 2758 1870 ultimo,
2800 1815 2857 1860 ut
2898 1815 3130 1874 putatur,
3147 1805 3321 1861 exsilii
3362 1805 3444 1859 sui
3484 1819 3645 1869 anno,
3677 1805 3737 1859 li-

2170 1891 2326 1949 brum
2353 1896 2670 1965 composuit,
2701 1897 2853 1966 cujus
2900 1897 2981 1951 vel
3036 1897 3214 1951 titulus
3266 1896 3412 1951 solus
3437 1895 3746 1951 Christianae

2167 1984 2521 2055 philosophia:
2535 1999 2799 2039 summam
2816 1983 3189 2053 complectitur
3208 2002 3220 2038 :
3245 1982 3399 2051 Quod
3416 1984 3505 2054 qui
3525 1984 3752 2054 seipsum

2166 2093 2270 2134 non
2289 2077 2449 2144 ludit,
2474 2095 2619 2134 nemo
2640 2079 2823 2135 uadere
2848 2081 3005 2149 possit
3032 2078 3117 2147 (T.
3146 2081 3199 2135 5.
3226 2096 3273 2132 c.
3296 2077 3449 2149 459).
3469 2077 3567 2134 llic
3591 2078 3752 2150 quid-

2172 2165 2297 2236 quid
2348 2166 2414 2220 ad
2464 2166 2607 2234 pium
2670 2166 2787 2219 vita:
2838 2164 3131 2218 institutum
3196 2163 3459 2233 pertinet,
3510 2164 3751 2231 apposite

2173 2255 2459 2325 profertur.
2487 2256 2620 2322 Quia
2652 2271 2778 2310 vero
2803 2254 2890 2309 vix
2913 2255 3219 2325 contingere
3261 2262 3434 2324 potest
3455 2294 3469 2318 ,
3498 2263 3555 2308 ut
3577 2254 3665 2323 qui
3696 2254 3750 2309 in

2175 2348 2255 2401 via
2282 2347 2466 2404 salutis
2510 2346 2748 2414 incedit,
2778 2347 3031 2402 aerumnis
3072 2362 3178 2401 non
3209 2355 3480 2416 prematur
3500 2385 3515 2410 ,
3540 2355 3752 2414 quanta:

2176 2438 2415 2493 utilitatis
2430 2439 2536 2493 sint
2551 2453 2800 2492 :erumurc
2816 2447 2870 2492 et
2882 2438 3229 2503 calamitates,
3245 2445 3352 2491 tum
3368 2452 3431 2491 ex
3443 2435 3752 2506 Scripturis,

2175 2536 2287 2582 tum
2325 2543 2390 2584 ex
2429 2537 2731 2584 sanctorum
2759 2527 3006 2597 exemplo
3047 2528 3219 2596 palam
3266 2526 3408 2581 facit.
3439 2525 3565 2581 Post
3610 2527 3754 2582 hunc

2167 2619 2511 2675 continenter
2547 2619 2711 2672 alium
2756 2620 2947 2672 librum
2997 2616 3182 2679 edidit,
3225 2617 3380 2685 cujus
3405 2614 3632 2668 titulus:
3669 2613 3750 2666 Ad

2169 2725 2256 2764 eos
2283 2710 2370 2781 qui
2397 2709 2731 2763 acandalizati
2759 2719 2876 2763 sunt
2904 2708 2966 2761 ob
3004 2708 3332 2761 adeersitalcs
3366 2721 3483 2775 qua:
3521 2706 3749 2775 contige-

2168 2811 2308 2867 runt,
2335 2802 2608 2871 populique
2625 2810 2671 2854 ct
2698 2801 2970 2855 multorum
2985 2799 3301 2854 sacerdotum
3316 2798 3753 2868 persequutiottem

2170 2910 2231 2949 ac
2257 2895 2643 2965 peroeraionem,
2689 2903 2793 2949 etc.
2828 2892 2918 2962 (T.
2966 2891 3022 2948 5.
3061 2908 3107 2945 Î¿.
3138 2890 3271 2961 479)
3306 2907 3318 2944 :
3348 2888 3438 2944 ubi
3466 2887 3607 2943 idem
3640 2885 3757 2943 fere

2180 2995 2548 3056 argumentum
2593 2983 2927 3054 persequitur
2967 2982 3107 3051 quod
3154 2981 3210 3034 in
3255 2977 3576 3049 prmcedenti
3620 2976 3759 3031 libro

2183 3085 2518 3133 tractaverat.
2548 3077 2734 3146 Agitur
2775 3074 2863 3130 hic
2891 3075 2958 3129 de
3003 3071 3237 3128 ferendis
3278 3071 3438 3126 rebus
3479 3068 3758 3134 adversis,

2181 3170 2561 3241 cujuscumque
2589 3168 2798 3223 tandem
2841 3165 3051 3237 generis
3078 3165 3186 3218 sint
3210 3205 3225 3229 ,
3257 3161 3605 3231 exemploque
3631 3172 3760 3214 san-

2181 3273 2388 3316 ctorum
2418 3261 2620 3315 Veteris
2646 3258 2885 3328 Novique
2909 3256 3233 3312 Testamenti
3276 3254 3342 3308 ad
3372 3268 3490 3308 eam
3518 3267 3631 3307 rem
3675 3251 3760 3305 in.

2182 3355 2471 3409 stituuntur
2519 3348 3124 3420 ConstantinOpolitani,
3173 3346 3264 3416 qui
3310 3355 3493 3400 tuuca
3520 3343 3761 3400 scelestis

2185 3447 2552 3516 perrersisque
2601 3443 2902 3498 nominibus
2951 3439 3298 3496 vexabantur.
3353 3438 3432 3492 Ad
3484 3451 3581 3491 eos
3630 3450 3762 3491 vero

2186 3537 2414 3590 maxime
2437 3544 2642 3604 spectat
2664 3535 2855 3600 oratio,
2882 3533 2972 3602 qui
2998 3531 3193 3602 probos
3216 3528 3457 3584 videntes
3484 3542 3514 3581 a
3545 3525 3763 3580 seditio-

2184 3630 2260 3684 sis
2289 3627 2609 3697 nefariisque
2635 3626 2935 3680 hominibus
2961 3624 3162 3688 vexari,
3193 3621 3425 3676 divinam
3454 3621 3764 3674 incusarent

2186 3718 2594 3788 providentiam.
2637 3717 2868 3771 Atticum
2915 3725 3130 3778 autem,
3175 3712 3264 3781 qui
3308 3725 3340 3764 a
3385 3706 3763 3764 consceleratis

2187 3811 2239 3864 in
2283 3823 2644 3864 successorem
2686 3806 2888 3861 Arsacii
2931 3812 3208 3872 cooptatus
3250 3800 3458 3864 fuerat,
3503 3797 3764 3853 acerrime

2189 3899 2532 3972 perstringit,
2559 3913 2679 3953 cum
2719 3898 2794 3952 ait
2820 3911 2939 3964 cap.
2969 3895 3042 3949 20
3072 3912 3085 3947 :
3122 3891 3271 3947 Nihil
3298 3907 3417 3963 ergo
3440 3892 3647 3944 istorum
3676 3888 3764 3942 tibi

2188 3990 2492 4058 oï¬‚'endiculo
2519 3990 2604 4056 sit,
2636 4005 2735 4043 non
2763 3987 2994 4043 sacerdos
3022 3988 3108 4040 ille
3132 4000 3266 4038 nunc
3293 3984 3612 4053 deprauatus,
3643 3980 3765 4051 lupo

2188 4085 2361 4155 quovis
2400 4083 2578 4138 suvius
2618 4083 2673 4135 in
2710 4096 2908 4152 gregem
2949 4079 3197 4133 insiliens.
3238 4075 3388 4132 Unde
3429 4072 3765 4144 comprobari

2191 4175 2408 4228 omnino
2436 4173 2663 4239 videtur,
2682 4171 2822 4226 hunc
2849 4170 3041 4224 librum
3072 4168 3270 4223 editum
3297 4167 3459 4221 fuisse
3486 4174 3765 4236 postquam

2193 4266 2348 4336 legati
2404 4263 2694 4320 Innocentii
2745 4263 2940 4332 Papae,
2998 4259 3231 4331 episcopi
3281 4257 3619 4321 Orientales,
3668 4253 3768 4327 ,qul

2192 4372 2311 4411 cum
2357 4357 2542 4426 legatis
2584 4348 2878 4418 venerant,
2922 4353 3116 4420 aliique
3161 4350 3309 4405 multi
3351 4347 3628 4419 episcopi,
3676 4363 3765 4401 sa-

2193 4449 2437 4505 cerdotes
2459 4488 2474 4515 ,
2502 4446 2680 4502 clerici
2706 4487 2720 4511 ,
2746 4455 2801 4500 et
2825 4444 3056 4514 cujusvis
3090 4441 3300 4515 generis
3324 4448 3379 4500 et
3406 4439 3727 4499 conditionis
3749 4484 3766 4508 ,

2195 4540 2368 4597 Attico
2394 4546 2630 4604 auctore,
2662 4536 2798 4608 pulsi
2825 4534 3048 4607 diroque
3070 4534 3243 4591 vexati
3271 4533 3501 4601 fuerant,
3525 4539 3584 4587 ut
3606 4545 3768 4601 supra

2194 4631 2441 4686 vidimus.

2267 4719 2517 4791 Epistola:
2560 4719 2791 4792 quadam
2838 4718 2906 4771 ad
2955 4714 3327 4787 Olympiadem.
3356 4745 3428 4756 --
3453 4714 3553 4770 Per
3596 4720 3767 4768 totum

2195 4821 2371 4867 autem
2423 4827 2619 4866 annum
2674 4809 2776 4865 106
2825 4807 3100 4864 commoda
3151 4805 3452 4861 valetudine
3498 4805 3770 4859 fruebatur

2196 4900 2606 4972 Cltrysostomus
2629 4940 2643 4961 ,
2677 4908 2733 4953 ut
2779 4898 2830 4953 in
2862 4897 3097 4966 Epistola
3140 4897 3207 4951 ad
3239 4896 3499 4966 Elpidium
3547 4894 3651 4950 142
3691 4902 3773 4949 sat

2199 4993 2474 5064 perspicue
2490 4992 2739 5056 insinuat,
2754 4991 2844 5046 ubi
2859 4991 2931 5044 ait
2945 5008 3003 5046 se
3016 4993 3125 5060 jam
3144 4989 3439 5044 Isaurorum
3460 4986 3774 5042 tumultibus

2198 5084 2478 5139 liberatum
2503 5124 2519 5151 ,
2565 5082 2675 5136 otio
2720 5094 2784 5137 ac
2827 5081 3003 5151 quiete
3050 5080 3150 5134 frui
3190 5091 3350 5151 atque
3393 5077 3445 5132 in
3487 5077 3776 5132 securitate

2198 5176 2413 5244 degere.
2453 5174 2511 5227 ln
2551 5172 2727 5228 hieme
2766 5183 2941 5226 autem
2989 5181 3114 5226 tunc
3151 5171 3499 5236 versabatur,
3564 5184 3683 5237 quae
3722 5166 3773 5221 in

2200 5266 2451 5322 Armenia
2475 5265 2713 5334 asperior
2725 5277 2845 5319 esse
2871 5262 3094 5318 solebat.
3112 5261 3345 5316 Joannes
3360 5274 3489 5313 vero
3511 5257 3775 5313 imbecillo

2201 5370 2427 5425 corpore
2443 5354 2711 5425 prmditus,
2726 5352 2851 5407 dum
2871 5353 3032 5421 frigus
3052 5348 3429 5414 smviret,domi
3446 5363 3506 5403 se
3522 5354 3777 5417 perpetuo

2205 5447 2523 5514 includebat,
2540 5461 2766 5519 raroque
2790 5461 2821 5500 e
2847 5444 3029 5499 limine
3045 5443 3230 5513 pedem
3246 5440 3528 5504 ell'erebat;
3553 5439 3778 5509 indeque

2206 5539 2399 5595 factum
2446 5547 2506 5591 ut
2546 5538 2598 5593 in
2638 5537 2812 5592 hieme
2853 5535 2940 5589 illa
2984 5535 3122 5589 bona
3149 5533 3451 5588 valetudine
3493 5531 3776 5587 frueretur.

2206 5630 2264 5686 ln
2291 5629 2512 5702 epistola
2542 5642 2752 5699 quoque
2774 5635 2959 5697 quarta
2984 5624 3051 5680 ad
3073 5622 3436 5696 Olympiadem
3462 5623 3535 5677 ait
3560 5636 3620 5677 se
3642 5621 3779 5676 bona

2210 5719 2508 5776 valetudine
2560 5716 2700 5781 frui,
2748 5728 2905 5787 atque
2953 5717 3004 5771 in
3052 5728 3241 5785 magna
3286 5712 3570 5769 securitate
3622 5726 3782 5776 esse;

2218 5808 2356 5865 adeo
2395 5821 2451 5865 ut
2495 5808 2727 5865 Armenii
2776 5807 2841 5862 ad
2888 5818 3156 5878 stuporem
3208 5820 3372 5876 usque
3416 5804 3780 5862 mirarentur.
