4088 6138
315 320 419 376 261

316 438 463 510 quod
524 436 605 492 vir
662 435 799 491 adeo
863 433 1113 490 imbecilli
1171 433 1410 503 corporis
1443 475 1458 499 ,
1525 427 1912 486 intolerandam

317 531 534 602 frigoris
563 529 668 583 vim
713 527 950 598 perferre
978 535 1190 596 posset,
1222 540 1343 580 cum
1390 524 1424 578 ii
1471 523 1654 585 etiam,
1686 521 1776 592 qui
1825 520 1913 575 tali

321 621 486 678 hiemi
533 621 732 676 assueti
778 629 932 675 erant
955 661 970 686 ,
1004 619 1130 674 hinc
1169 632 1274 672 non
1305 617 1573 688 vulgarent
1601 616 1653 668 in
1699 613 1913 669 modum

323 712 687 770 afﬁcerentur.
718 708 1019 782 Olympiadi
1054 717 1229 762 autem
1259 722 1320 762 se
1344 706 1556 761 misisse
1580 705 1654 760 ait
1681 704 1872 758 librum
1897 743 1912 763 .

314 817 430 869 quo
475 801 666 871 probat
712 800 978 854 neminem
1048 797 1242 852 lmdere
1289 811 1446 866 posse
1487 809 1607 850 cum
1633 835 1647 860 ,
1692 793 1781 863 qui
1826 806 1912 846 se-

322 896 497 965 ipsum
529 909 635 947 non
664 891 828 958 laedit,
856 905 1064 946 necnon
1092 890 1254 944 alium
1281 888 1474 942 librum
1510 886 1736 956 idipsum
1763 898 1913 939 com-

320 987 637 1054 probantem
663 1027 678 1052 ,
711 999 868 1054 quem
917 992 1242 1052 postremum
1285 995 1410 1034 eum
1453 993 1574 1034 esse
1601 977 1685 1033 cui
1730 975 1913 1031 titulus

321 1084 443 1142 est,
480 1077 560 1129 Ad
606 1091 689 1130 eos
736 1075 822 1144 qui
869 1072 1200 1129 scandalizati
1245 1079 1400 1139 sunt,
1432 1078 1537 1126 etc.
1566 1111 1580 1136 ,
1623 1068 1733 1140 jam
1780 1067 1914 1122 nihil

321 1165 654 1222 dubitamus.
1265 1156 1267 1158 ’

393 1256 576 1326 Neque
603 1256 813 1311 silentio
840 1253 1265 1324 praetereundum
1310 1251 1361 1306 id
1389 1250 1529 1323 quod
1574 1249 1732 1320 paulo
1757 1260 1913 1302 antea

321 1346 626 1418 Olympiadi
670 1346 842 1411 dixit,
890 1360 948 1400 se
999 1359 1188 1413 nempe
1235 1351 1383 1398 certo
1432 1343 1484 1395 in
1531 1340 1713 1396 sedem
1762 1353 1911 1392 suam

321 1437 711 1494 reStituendum
731 1437 863 1490 fore.
887 1436 963 1490 En
991 1436 1107 1504 ejus
1124 1435 1316 1488 verba:
1340 1433 1489 1500 Quod
1512 1433 1557 1486 si
1585 1433 1670 1485 tibi
1689 1430 1914 1484 maeroris

319 1544 531 1582 causam
559 1527 612 1580 id
640 1525 808 1592 affert,
828 1525 962 1594 quod
989 1543 1021 1578 a
1050 1525 1190 1578 nobis
1217 1526 1446 1594 sejuncta
1475 1523 1564 1588 sis,
1583 1522 1736 1591 hujus
1764 1520 1914 1574 etiam

321 1621 399 1674 rei
427 1619 598 1674 lanam
644 1619 797 1687 ﬁnem
842 1627 1092 1686 exspecta.
1124 1618 1284 1686 Atque
1331 1617 1425 1670 hoc
1470 1632 1572 1670 non
1619 1613 1915 1668 consolandi

319 1712 482 1765 annui
510 1711 584 1764 tui
608 1727 760 1763 causa
786 1726 918 1763 nunc
945 1709 1079 1774 dico,
1098 1707 1185 1762 sed
1207 1708 1325 1776 quia
1351 1707 1667 1778 exploratum
1691 1705 1814 1758 mihi
1841 1713 1915 1760 est

319 1805 394 1858 ita
421 1805 551 1873 fore.
574 1802 713 1857 Nam
734 1804 829 1858 nisi
860 1804 930 1857 ita
956 1801 1689 1873 futurumcsset,jampridcm,
1716 1801 1812 1854 nisi
1837 1816 1916 1855 me

318 1897 496 1961 Opinio
522 1897 675 1967 fallit,
696 1913 784 1966 per
799 1896 920 1949 mihi
938 1895 1104 1950 illatas
1119 1895 1429 1948 calamitates
1458 1910 1486 1947 e
1513 1895 1612 1948 vita
1636 1894 1910 1947 cessissem.

322 1983 395 2041 Ut
422 1987 554 2040 enim
571 1985 719 2038 etiam
736 1986 905 2038 omnia
933 2000 1046 2055 quat
1060 1983 1494 2053 Constantinoyroli
1520 1999 1785 2052 perpessus
1800 1999 1912 2037 sum

319 2086 620 2145 pratteream
647 2116 662 2141 ,
693 2086 878 2146 quanta
901 2117 917 2141 ,
949 2085 1211 2144 postquam
1239 2090 1302 2128 ea:
1328 2074 1450 2127 urbe
1475 2074 1664 2127 excessi
1685 2113 1700 2135 ,
1731 2074 1782 2126 in
1809 2082 1913 2126 tam

319 2166 476 2237 longo
502 2183 563 2220 ac
590 2166 796 2220 molesto
822 2167 998 2220 itinere
1023 2165 1226 2235 pertuli,
1247 2181 1461 2234 quorum
1482 2165 1640 2217 multa
1665 2163 1915 2232 ejusmodi

319 2268 488 2324 erant,
519 2268 574 2310 ut
601 2267 810 2312 mortem
835 2256 1018 2323 a/ferre
1047 2266 1280 2326 possent;
1309 2265 1498 2325 quanta
1527 2266 1788 2327 postquam
1815 2256 1914 2310 huc

319 2349 455 2413 veni,
487 2358 676 2418 quanta
706 2359 969 2419 postquam
999 2345 1194 2402 Cucnso
1224 2347 1453 2417 migrari,
1485 2355 1674 2415 quanta
1702 2345 1914 2415 denique

319 2449 592 2509 postquam
639 2439 864 2493 Arabissi
908 2447 1246 2492 commoratus
1295 2454 1446 2500 sunt,
1498 2438 1778 2507 intelligere
1823 2437 1914 2490 tibi

318 2531 458 2583 licet.
515 2528 590 2583 lta
644 2531 860 2600 putabat
907 2529 994 2584 ille
1042 2529 1536 2598 Constantinopolin
1590 2529 1690 2583 sibi
1744 2527 1910 2582 remi-

317 2620 585 2688 grantlum
633 2635 770 2674 esse.
801 2619 997 2675 Verum
1043 2620 1184 2684 alio,
1230 2635 1387 2691 quam
1437 2620 1718 2689 sperabat,
1752 2620 1912 2676 modo

320 2725 409 2765 res
428 2711 643 2766 cecidit.

393 2801 454 2855 In
485 2801 590 2856 line
631 2810 807 2857 autem
838 2802 1073 2871 epistolae
1103 2803 1138 2857 4
1165 2802 1230 2856 ad
1258 2801 1622 2874 Olympiadem
1650 2802 1763 2857 haec
1789 2802 1862 2857 ait
1895 2821 1910 2859 :

323 2893 402 2947 De
430 2891 642 2965 Pelagio
669 2894 912 2947 monac/to
941 2911 1122 2964 magno
1147 2895 1321 2948 dolore
1344 2894 1555 2962 affectus
1581 2911 1710 2948 sum.
1736 2893 1911 2964 Cogita

317 2986 479 3058 igitur
503 2998 624 3056 quot
649 2987 947 3055 quantisque
970 2987 1168 3040 coronis
1192 2987 1333 3057 digni
1358 2988 1457 3041 sint
1483 2988 1568 3057 qui
1595 2988 1714 3057 forti
1742 2988 1910 3040 animo

319 3095 375 3131 tn
424 3082 534 3131 acie
574 3089 814 3132 steterunt
839 3117 854 3141 ,
884 3096 996 3131 cum
1041 3080 1171 3132 viros
1195 3119 1210 3144 ,
1240 3079 1324 3149 qui
1369 3088 1473 3132 tam
1517 3079 1599 3150 pie
1639 3093 1699 3131 ac
1741 3090 1914 3134 sancte

319 3177 563 3236 tantaque
576 3184 688 3222 cum
716 3171 978 3223 tolerantia
994 3171 1241 3234 vixerunt,
1260 3169 1424 3240 abripi
1439 3180 1588 3240 atque
1612 3172 1663 3224 in
1680 3173 1911 3241 frondent

316 3257 519 3323 impelli
543 3260 816 3314 videamus.
839 3259 934 3314 llic
959 3270 1174 3330 putatur
1203 3260 1284 3330 agi
1310 3260 1376 3315 de
1396 3261 1604 3330 Pelagio
1633 3259 1912 3314 hzeresiar-

317 3347 424 3401 chu
449 3388 465 3412 ,
496 3348 584 3417 qui
616 3348 718 3402 hoc
747 3358 985 3420 tempore
1010 3364 1222 3405 errores
1247 3365 1372 3406 suos
1398 3351 1536 3405 circa
1563 3352 1787 3420 gratiam
1819 3348 1911 3404 Dei

319 3439 598 3508 publicare
617 3441 796 3509 coepit.

395 3531 542 3587 Inter
569 3533 822 3602 epistolas
849 3532 1230 3604 Chrysostomi,
1263 3549 1394 3604 quas
1423 3534 1558 3588 bene
1584 3535 1774 3587 multas
1799 3531 1906 3601 jam

318 3624 740 3680 memoravimus
762 3664 780 3690 ,
809 3624 926 3678 alite
955 3623 1196 3694 qumdam
1244 3633 1404 3691 sunt,
1435 3641 1552 3694 qua:
1596 3624 1793 3678 nullam
1827 3621 1909 3676 vel

319 3716 584 3785 temporis
610 3717 690 3771 vel
718 3716 1014 3771 occasionis
1043 3732 1145 3785 qua
1185 3716 1325 3770 data:
1353 3719 1500 3771 fuere
1525 3757 1538 3779 .
1573 3725 1752 3770 notam
1800 3731 1910 3783 pra:

319 3823 382 3864 se
428 3807 625 3863 ferunt.
678 3807 989 3876 llujusmodi
1038 3815 1162 3862 sunt
1207 3808 1362 3877 epist.
1407 3807 1478 3861 56
1515 3806 1587 3860 'ad
1637 3807 1906 3860 Maronem

321 3901 612 3970 quemdam
663 3901 1033 3971 presbyterum
1083 3909 1137 3955 et
1166 3899 1483 3953 monaclmm
1511 3941 1524 3963 ,
1555 3899 1640 3954 cui
1688 3899 1908 3952 sincera:

321 3991 711 4048 benevolentia:
736 3994 882 4062 signa
912 3991 1132 4062 profert,
1160 3992 1394 4059 dicitque
1421 4006 1480 4046 se
1503 3991 1572 4045 ob
1603 3990 1908 4045 tabellario-

323 4100 442 4138 rum
475 4086 750 4152 penuriam
792 4085 964 4138 rarius
1007 4085 1103 4154 ipsi
1149 4084 1331 4138 literas
1358 4083 1488 4137 dare
1513 4124 1526 4146 ,
1556 4092 1611 4137 et
1636 4096 1732 4151 pro
1761 4097 1910 4137 more

323 4184 478 4244 rogat
503 4175 572 4228 de
597 4175 895 4228 valetudine
920 4190 1014 4229 sua
1038 4175 1318 4229 certiorem
1347 4189 1406 4229 se
1431 4174 1603 4228 faciat.
1633 4173 1910 4242 Ejusmodi

325 4275 452 4322 sunt
476 4267 638 4322 etiam
683 4266 906 4336 epistola
935 4266 1004 4321 46
1034 4266 1099 4320 ad
1143 4266 1389 4320 Ruﬁnum
1415 4306 1430 4331 ,
1479 4265 1700 4334 epistola
1731 4265 1800 4319 58
1842 4264 1908 4320 ad

326 4353 687 4410 Theodosium
715 4371 780 4409 ex
813 4355 1038 4409 Ducibus
1064 4371 1078 4419 ;
1107 4355 1262 4419 epist.
1303 4355 1372 4410 65
1398 4354 1464 4409 ad
1490 4354 1908 4425 Tranquillinum

327 4444 652 4519 quemdam;
697 4445 854 4512 epist.
903 4444 964 4498 7i
1017 4443 1083 4498 ad
1124 4443 1422 4507 Malchum,
1469 4459 1628 4514 quem
1677 4444 1746 4499 ob
1788 4443 1910 4498 ﬁlice

329 4545 555 4590 mortem
584 4544 834 4590 maestum
861 4536 1099 4601 solatur;
1128 4551 1213 4607 ep.
1242 4536 1312 4592 92
1335 4535 1401 4589 ad
1426 4535 1660 4605 Moysem
1693 4535 1911 4606 presby-

332 4635 524 4690 terum,
542 4625 634 4694 qui
651 4625 944 4679 monachus
972 4623 1136 4680 fuisse
1151 4625 1386 4680 ferturin
1403 4625 1629 4695 quadam
1657 4626 1907 4694 regione;

329 4714 486 4782 epist.
521 4715 619 4769 ΠΙ
668 4713 736 4768 ad
779 4714 1032 4768 Montium
1059 4757 1073 4781 ,
1105 4715 1262 4783 epist.
1297 4715 1398 4769 187
1444 4714 1512 4768 ad
1555 4714 1868 4783 Procopium
1891 4756 1907 4782 ,

334 4804 434 4860 195
484 4805 552 4859 ad
596 4804 983 4872 Claudianum,
1030 4807 1128 4862 201
1179 4805 1244 4860 ad
1291 4806 1636 4873 Herculium,
1689 4806 1796 4862 209
1844 4808 1909 4862 ad

330 4897 677 4964 Salvionem,
729 4897 870 4969 quod
922 4914 1116 4953 nomen
1166 4899 1314 4955 varie
1364 4899 1616 4968 scriptum
1670 4900 1908 4970 legitur:

330 4991 415 5044 alii
460 4989 604 5044 enim
635 4989 866 5044 Salbioni
899 4990 1132 5054 habent,
1177 4991 1266 5045 alii
1310 5007 1532 5047 numero
1572 4992 1756 5063 plures
1783 4991 1910 5046 Gat-

329 5080 463 5134 bioni
485 5122 501 5146 ,
530 5080 803 5151 fateorque
830 5097 915 5137 me
943 5081 1009 5136 ad
1038 5081 1176 5136 hanc
1216 5083 1597 5152 pra-ferendam
1625 5085 1907 5140 lectionem

332 5170 683 5240 propendere.
1877 5164 1880 5166 ⁷

400 5259 694 5329 Epistolam
712 5276 841 5317 vero
861 5261 928 5318 ad
953 5260 1240 5318 Gesarium
1264 5266 1577 5319 monachum
1601 5266 1652 5320 in
1677 5267 1911 5323 secundo

329 5368 426 5408 suo
451 5353 680 5421 exsilio,
711 5363 768 5409 ut
810 5355 977 5410 fertur
1013 5356 1065 5410 in
1096 5357 1281 5425 titulo,
1329 5373 1357 5411 a
1407 5358 1473 5412 Β.
1531 5359 1588 5413 Ρ.
1639 5360 1906 5429 Lequien,

330 5445 444 5499 viro
470 5443 604 5500 mihi
634 5446 976 5512 amicissimo,
1001 5447 1110 5516 jam
1139 5447 1496 5517 reprobalam,
1517 5451 1904 5518 supposititiam

333 5547 449 5590 esse
471 5535 712 5608 pluribus
737 5537 1074 5605 probavimus
1100 5538 1153 5593 in
1185 5539 1381 5594 Monito
1409 5539 1575 5594 Tomo
1598 5537 1905 5597 3.col.747.

400 5627 744 5696 Clirysostomi
785 5629 972 5681 inimici
1017 5629 1169 5682 livore
1205 5631 1420 5699 correpti
1448 5629 1592 5683 illum
1615 5630 1903 5685 Arabissum

335 5726 376 5772 et
403 5727 582 5782 postea
614 5714 1191 5785 I’ityuntemamandari
1228 5731 1426 5773 curant.
1467 5750 1538 5760 —
1576 5721 1675 5776 Per
1720 5723 1906 5779 Orien-

1457 315 1636 374 NUNC
1675 312 1934 371 PRIMUM
1977 311 2373 369 ADORNATL

3502 318 3610 378 262

2027 434 2132 481 tem
2155 441 2322 481 Malm
2351 426 2607 483 volitabat
2635 425 2856 482 Joannis
2881 427 3048 482 nostri
3070 425 3208 484 fama
3227 471 3242 496 ,
3274 431 3362 501 qui
3413 431 3606 488 Cucusi

2021 529 2075 571 et
2096 527 2280 579 postea
2308 518 2546 573 Arabissi
2593 521 2768 587 exsul,
2797 535 2985 577 omnes
3030 523 3232 578 circum
3291 523 3514 594 p0pulos
3551 535 3604 580 et

2023 623 2160 678 pane
2186 619 2239 662 et
2276 611 2448 664 verbo
2477 611 2568 665 Dei
2598 621 2837 680 paverat.
2863 610 3213 668 Conﬂuebant
3254 616 3381 669 item
3433 618 3609 672 Antio

2021 697 2179 754 cbeni
2199 700 2314 762 eius
2338 701 2600 756 invisendi
2626 717 2818 769 causa,
2851 712 2904 758 et
2927 704 3223 759 Antiochia:
3266 707 3383 776 ejus
3407 710 3608 763 sancti~

2021 801 2103 848 tas
2139 793 2548 862 praedicabatur.
2574 795 2700 850 Haec
2725 796 2842 866 ejus
2874 795 3209 852 adversarios
3256 800 3573 854 mordebant
3592 844 3608 870 ,

2019 896 2184 957 atque
2203 889 2416 944 invidia:
2436 889 2650 945 ﬂamma
2671 892 2881 947 accensi
2910 891 3232 949 Severianus
3277 903 3331 949 et
3363 895 3606 967 Porphy-

2020 984 2160 1049 rius,
2195 999 2258 1039 ac
2303 986 2518 1057 quidam
2547 985 2639 1040 alii
2666 986 2899 1056 episcopi
2947 987 3150 1058 Syriae,
3185 997 3241 1042 ut
3281 990 3385 1044 alio
3430 999 3604 1044 trans-

2019 1073 2249 1128 ferretur
2301 1075 2475 1130 moliri
2523 1085 2801 1146 coeperunt
2831 1076 3068 1146 (Pallad.
3120 1076 3376 1150 Dialog.).
3413 1081 3609 1136 Clerici

2017 1179 2231 1234 quoque
2276 1165 2365 1234 qui
2415 1165 2536 1222 illos
2589 1166 2926 1222 sectabantur
2973 1165 3274 1223 mirabundi
3322 1169 3610 1227 dicebant:

2033 1252 2202 1309 Videte
2245 1265 2497 1309 mortuum
2539 1256 2843 1322 terribilem,
2873 1257 3008 1312 vivos
3058 1259 3366 1329 victoresque
3413 1267 3616 1315 terreno'

2018 1352 2135 1410 tem,
2163 1354 2221 1398 ut
2247 1361 2428 1414 pueros
2453 1354 2637 1400 terrent
2667 1347 2838 1400 lttrvtz.
2869 1345 3061 1416 Papa?!
3095 1348 3134 1399 ii
3156 1349 3242 1418 qui
3277 1348 3604 1404 stecularibus

2019 1437 2344 1506 potestatibus
2377 1448 2525 1508 atque
2572 1438 2918 1492 ecclesiasticis
2963 1440 3142 1507 opibus
3195 1442 3433 1494 succincti
3481 1450 3599 1495 sunt

2022 1541 2137 1580 cum
2159 1536 2404 1597 potestate
2422 1538 2470 1580 et
2496 1544 2610 1580 cum
2638 1545 2806 1581 rerum
2827 1529 3038 1598 imperio
3058 1570 3072 1595 ,
3097 1529 3402 1583 sacerdotem
3421 1529 3608 1598 solum,

2020 1627 2270 1671 extorrem
2291 1659 2305 1683 ,
2326 1633 2538 1688 corpore
2565 1619 2824 1686 inﬁrmum
2843 1661 2858 1685 ,
2885 1619 3108 1673 exsulem
3139 1621 3312 1674 timent
3344 1631 3390 1675 et
3421 1622 3612 1691 pallent

2019 1707 2310 1763 titubantes.
2341 1707 2397 1763 Id
2428 1724 2549 1763 cum
2583 1709 2660 1763 illi
2687 1708 2831 1765 ferre
2853 1724 2956 1763 non
2989 1711 3124 1764 ultra
3151 1721 3404 1782 possent,
3435 1712 3610 1781 impe-

2025 1811 2232 1858 trarunt
2259 1811 2316 1856 ut
2341 1802 2650 1857 Arabissum
2674 1801 3074 1866 transferretur,
3103 1802 3153 1856 id
3185 1813 3434 1858 curantes
3460 1803 3609 1858 vide-

2018 1893 2174 1957 licet,
2210 1902 2266 1947 ιιι
2292 1893 2340 1946 vi
2364 1892 2711 1947 vexationem
2734 1891 2903 1945 virum
2935 1901 3040 1946 tam
3069 1892 3279 1946 infirmo
3307 1908 3531 1963 corpore
3557 1894 3610 1949 in

2022 1985 2294 2040 interitum
2321 1983 2822 2040 deducerent.'Cum
2844 1993 3021 2037 autem
3067 1999 3172 2038 non
3205 1984 3380 2038 minus
3430 1985 3610 2054 splen~

2018 2075 2169 2130 deret
2196 2075 2427 2140 virtute,
2459 2083 2514 2129 et
2563 2075 2705 2144 paria
2765 2083 3044 2144 prmstaret
3099 2074 3334 2128 Arabissi
3383 2074 3449 2129 iis
3493 2091 3611 2145 qua:

2017 2163 2208 2221 Cucusi
2235 2164 2343 2234 jam
2362 2164 2633 2230 ediderat,
2672 2179 2860 2218 rursus
2898 2164 2966 2218 ab
2994 2164 3110 2217 aula
3143 2163 3482 2233 hnperatoria
3528 2179 3612 2220 rc-

2018 2256 2272 2324 scriptum
2323 2255 2501 2310 acrius
2541 2256 2921 2325 impetrarunt,
2949 2263 3007 2308 ut
3057 2254 3194 2309 intra
3238 2254 3608 2310 brevissimum

2021 2355 2230 2416 tempus
2298 2346 2621 2415 assignatum
2681 2345 2984 2417 Pityuntem
3056 2346 3357 2412 duceretur,
3430 2347 3609 2403 locum

2018 2437 2253 2507 regionis
2280 2437 2579 2492 Tzanorum
2640 2438 3090 2505 desertissimum,
3121 2437 3188 2493 ad
3239 2439 3363 2494 litus
3403 2439 3606 2495 Pontici

2017 2530 2182 2584 maris
2227 2530 2406 2583 situm.
3600 2597 3603 2600 _

2091 2619 2281 2674 Milites
2309 2628 2484 2674 autem
2519 2617 2756 2673 Prml’ecti
2800 2617 3091 2684 Prmtorio,
3124 2620 3212 2690 qui
3254 2619 3398 2674 illum
3435 2620 3608 2676 duce-'

2016 2710 2180 2777 bant,
2205 2711 2257 2766 in
2281 2711 2364 2766 via
2394 2711 2565 2782 ipsum
2595 2711 2826 2766 maxime
2846 2719 3092 2780 urgentes
3113 2751 3126 2775 ,
3155 2711 3401 2766 dicebant
3444 2712 3495 2766 id
3544 2728 3606 2769 se

2021 2801 2221 2858 habere
2242 2802 2294 2856 in
2329 2801 2627 2868 mandatis;
2656 2802 2726 2856 ita
2756 2808 2814 2856 ut
2836 2801 3242 2871 intelligeretur,
3282 2802 3327 2856 si
3357 2811 3463 2857 tam
3491 2803 3612 2858 dire
3669 2805 3672 2808 ’

2014 2905 2238 2952 vexatus
2255 2896 2304 2949 in
2329 2897 2408 2948 via
2427 2903 2724 2949 moreretur
2739 2893 2991 2958 Joannes,
3012 2893 3130 2947 illos
3151 2893 3214 2948 ad
3235 2894 3465 2963 majores
3482 2911 3608 2964 gra-
3640 2940 3648 2949 .

2017 2985 2116 3040 dus
2136 2985 2438 3041 evehendos
2469 3001 2606 3040 esse.
2641 2985 2788 3040 Unus
2815 2993 2990 3039 tamen
3017 2999 3082 3039 ex
3111 2984 3233 3047 illis,
3263 2984 3330 3040 de
3351 2987 3602 3060 pmsenti

2017 3077 2201 3132 militia
2241 3077 2417 3132 minus
2459 3076 2752 3143 sollicitus,
2787 3077 3021 3146 aliquam
3050 3077 3126 3130 illi
3156 3077 3338 3132 furtim
3378 3071 3602 3134 esbibe¥

2017 3168 2106 3222 bat
2153 3167 2554 3231 humanitatem.
2583 3168 2729 3221 Alter
2756 3177 2932 3221 autem
2970 3180 3136 3236 usque
3173 3167 3308 3221 adeo
3345 3166 3497 3223 ferox
3545 3179 3602 3224 et

2013 3275 2174 3328 asper
2192 3266 2326 3324 erat,
2353 3267 2407 3312 ut
2429 3259 2729 3325 blanditias,
2761 3258 2910 3327 queis
2936 3272 2995 3312 se
3020 3266 3359 3313 occurrentes
3387 3259 3602 3330 quidam

2018 3348 2372 3419 precabantur
2402 3358 2459 3403 ut
2484 3359 2668 3404 sancto
2700 3357 2977 3418 parceret,
3005 3364 3102 3422 pro
3133 3349 3340 3419 injuriis
3378 3350 3601 3408 haberet

2015 3440 2144 3496 illud
2171 3456 2332 3496 unum
2354 3449 2599 3510 satagens
2618 3451 2672 3495 ut
2700 3442 2834 3496 mala
2860 3451 3032 3497 morte
3055 3442 3313 3498 Joannem
3361 3456 3598 3502 necaret.

2017 3534 2149 3590 Cmn
2183 3535 2353 3604 pluvia
2382 3535 2672 3590 vehemens
2691 3535 2999 3601 decideret,
3030 3537 3082 3588 id
3106 3536 3234 3589 nihil
3266 3549 3459 3592 curans
3478 3552 3604 3608 pro-

2017 3625 2488 3689 liciscehaturille;
2520 3625 2590 3678 ita
2619 3635 2673 3678 ut
2700 3625 2750 3678 in
2773 3625 2932 3680 dorso
2953 3635 3007 3680 et
3027 3624 3078 3679 in
3107 3635 3322 3695 pectore
3347 3644 3600 3699 aquarum

2000 3718 2110 3770 ’rivi
2137 3716 2503 3773 decurrerent.
2545 3717 2813 3788 Ingentem
2867 3734 3050 3773 rursus
3095 3720 3224 3773 solis
3266 3728 3451 3775 aestum
3506 3737 3603 3791 pro

2013 3803 2219 3860 deliciis
2240 3805 2496 3872 habebat,
2525 3821 2646 3861 cum
2669 3815 2850 3861 nosset
2869 3806 2926 3860 Β.
2958 3807 3176 3862 Joannis
3200 3818 3358 3878 caput
3375 3850 3394 3878 ,
3419 3810 3598 3867 Elisaei

2014 3898 2180 3951 instar
2205 3898 2445 3966 calvum,
2475 3909 2607 3952 testu
2632 3899 2831 3952 vexari.
2883 3897 2939 3952 In
2994 3899 3123 3953 urbe
3172 3908 3263 3954 aut
3311 3902 3460 3968 vico,
3506 3903 3597 3958 ubi

2015 3988 2324 4044 balneorum
2353 3989 2599 4044 solatium
2622 3999 2797 4054 esset,
2825 4006 2892 4044 ne
2915 3999 3186 4046 momento
3215 3991 3429 4062 quidem
3475 4009 3598 4064 per-

2016 4079 2263 4133 mittebat
2287 4080 2464 4134 infelix
2489 4081 2574 4134 ille
2595 4079 2857 4135 Joannem
2884 4080 3100 4134 morari.

2088 4171 2143 4224 In
2175 4170 2258 4224 his
2282 4172 2562 4237 omnibus,
2595 4173 2765 4243 inquit
2802 4171 3066 4226 Palladius
3098 4171 3321 4242 (idest,
3346 4173 3398 4228 ni
3429 4173 3598 4238 fallor,

2016 4264 2068 4318 in
2097 4263 2284 4317 itinere
2306 4263 2614 4316 Arabissum
2638 4305 2650 4325 ,
2679 4263 2762 4316 ubi
2792 4278 2885 4332 per
2908 4263 3120 4333 aliquod
3149 4273 3357 4334 tempus
3385 4266 3599 4331 mansit,

2016 4365 2069 4411 et
2096 4355 2148 4409 in
2173 4354 2360 4408 itinere
2385 4354 2638 4408 Arabisso
2660 4353 3002 4424 Pityuntem)
3033 4371 3125 4422 per
3152 4365 3261 4411 tres
3287 4372 3499 4412 menses
3518 4357 3602 4411 vir

2017 4454 2260 4506 sanctus,
2292 4444 2659 4498 difficillimum
2711 4443 2840 4498 illud
2885 4445 2986 4498 iter
3027 4459 3221 4514 agens,
3247 4448 3410 4501 veluti
3453 4448 3602 4504 sidus

2016 4549 2303 4591 coruscans
2355 4533 2655 4603 perstabat,
2689 4533 2858 4602 inquit
2889 4533 3188 4593 Palladius.
3237 4535 3438 4590 habens
3482 4552 3602 4591 cor-

2017 4626 2294 4695 pusculum
2323 4635 2377 4679 ut
2397 4639 2610 4694 pomum
2641 4623 2690 4678 in
2713 4623 2975 4693 supremis
2996 4622 3158 4678 ramis
3185 4639 3214 4678 a
3242 4623 3356 4680 sole
3381 4628 3598 4684 rubens.

2017 4716 2148 4772 Cum
2168 4725 2345 4770 autem
2373 4714 2623 4770 Comanis
2651 4715 3201 4784 appropinquassent,
3235 4716 3426 4786 raptim
3458 4732 3599 4788 pra:-

2018 4808 2298 4877 tergressi,
2327 4817 2476 4862 extra
2504 4820 2685 4860 muros
2712 4805 2762 4859 in
2793 4805 3048 4877 martyrio
3095 4806 3329 4877 quinque
3373 4816 3465 4862 aut
3507 4823 3598 4864 sex

2019 4900 2249 4955 millibus
2267 4899 2494 4954 distante
2523 4908 2851 4954 manserunt.
2872 4898 3070 4953 Eadem
3099 4899 3210 4970 ipsa
3241 4910 3397 4956 nocte
3434 4915 3604 4972 appa-

2018 4994 2124 5049 ruit
2148 4991 2337 5046 Joauni
2382 4991 2483 5046 loci
2515 4991 2656 5047 illius
2683 5001 2885 5062 martyr
2917 4991 3129 5045 nomine
3161 4991 3478 5058 Basiliscus,
3511 4995 3598 5063 qui

2017 5083 2302 5150 episcopus
2319 5081 2672 5136 Cumanorum
2703 5097 2822 5136 cum
2849 5091 3023 5146 esset,
3056 5082 3364 5152 martyrium
3415 5097 3603 5153 passus

2018 5183 2100 5229 est
2125 5171 2449 5227 Nicomedia:
2477 5172 2529 5227 in
2556 5172 2803 5243 Bithynia
2841 5171 2939 5225 sub
2976 5171 3297 5236 Maximino,
3329 5189 3431 5228 una
3476 5191 3597 5228 cum

2018 5263 2281 5326 Luciano,
2318 5264 2626 5334 presbytero
2651 5261 3012 5328 Antiocheno;
3043 5262 3282 5332 dixitque
3329 5263 3433 5330 illi,
3466 5263 3590 5317 Con-

2016 5357 2149 5426 ﬁde,
2180 5359 2338 5426 frater
2363 5355 2626 5421 Joannes;
2651 5354 2875 5408 crastina
2901 5352 3034 5406 enim
3079 5354 3162 5408 die
3210 5354 3592 5414 simulerimus.

2015 5446 2542 5512 Narrahantautem,
2572 5445 2778 5501 cuidam
2817 5446 2974 5500 etiam
3030 5446 3341 5517 presbytero
3396 5448 3588 5503 ibidem

2016 5538 2248 5594 manenti
2279 5538 2618 5607 pra-dixisse:
2645 5537 2774 5591 Para
2802 5538 2971 5592 locum
3017 5537 3162 5592 fratri
3201 5537 3418 5594 Joanni;
3451 5537 3592 5592 venit

2083 5717 2170 5774 Ιο.
2199 5719 2578 5789 Chrysostomus
2605 5719 2838 5775 Centenis
2869 5722 2918 5774 in
2947 5721 3106 5773 Ponto
3129 5718 3350 5770 moritur.
3375 5707 3583 5762 ——0r;t-
