  <div class='ocr_page' id='page_1' title='image "/cluster/home/n/w/nwhite01/storage/ocr_20150623/47/mdp.39015012902212/229.png"; bbox 0 0 4088 6138; ppageno 0'>
   <div class='ocr_carea' id='block_1_1' title="bbox 457 363 562 418">
    <p class='ocr_par' dir='ltr' id='par_1_1' title="bbox 457 363 562 418">
     <span class='ocr_line' id='line_1_1' title="bbox 457 363 562 418; baseline 0.019 -2"><span class='ocrx_word' id='word_1_1' title='bbox 457 363 562 418; x_wconf 74' lang='grc'><strong>265</strong></span> 
     </span>
    </p>
   </div>
   <div class='ocr_carea' id='block_1_2' title="bbox 457 465 2032 536">
    <p class='ocr_par' dir='ltr' id='par_1_2' title="bbox 457 465 2032 536">
     <span class='ocr_line' id='line_1_2' title="bbox 457 465 2032 536; baseline -0.011 -3"><span class='ocrx_word' id='word_1_2' title='bbox 457 476 579 534; x_wconf 86' lang='lat' dir='ltr'><strong>culo</strong></span> <span class='ocrx_word' id='word_1_3' title='bbox 605 473 773 529; x_wconf 78' lang='lat' dir='ltr'><strong>lltlcns</strong></span> <span class='ocrx_word' id='word_1_4' title='bbox 789 471 1039 534; x_wconf 84' lang='lat' dir='ltr'><strong>Joannes,</strong></span> <span class='ocrx_word' id='word_1_5' title='bbox 1065 467 1301 536; x_wconf 83' lang='lat' dir='ltr'><strong>sequenti</strong></span> <span class='ocrx_word' id='word_1_6' title='bbox 1331 465 1416 522; x_wconf 89' lang='lat' dir='ltr'><strong>die</strong></span> <span class='ocrx_word' id='word_1_7' title='bbox 1447 466 1640 520; x_wconf 82' lang='lat' dir='ltr'><strong>milites</strong></span> <span class='ocrx_word' id='word_1_8' title='bbox 1665 474 1906 534; x_wconf 87' lang='lat' dir='ltr'><strong>precatus</strong></span> <span class='ocrx_word' id='word_1_9' title='bbox 1929 473 2032 527; x_wconf 89' lang='lat' dir='ltr'><strong>est,</strong></span> 
     </span>
    </p>
   </div>
   <div class='ocr_carea' id='block_1_3' title="bbox 460 555 2031 628">
    <p class='ocr_par' dir='ltr' id='par_1_3' title="bbox 460 555 2031 628">
     <span class='ocr_line' id='line_1_3' title="bbox 460 555 2031 628; baseline -0.011 -6"><span class='ocrx_word' id='word_1_10' title='bbox 460 579 518 622; x_wconf 88' lang='lat' dir='ltr'><strong>ut</strong></span> <span class='ocrx_word' id='word_1_11' title='bbox 543 566 608 619; x_wconf 90' lang='lat' dir='ltr'><strong>ad</strong></span> <span class='ocrx_word' id='word_1_12' title='bbox 645 565 828 620; x_wconf 68' lang='lat' dir='ltr'><strong>hsram</strong></span> <span class='ocrx_word' id='word_1_13' title='bbox 859 562 1093 628; x_wconf 88' lang='lat' dir='ltr'><strong>quintam</strong></span> <span class='ocrx_word' id='word_1_14' title='bbox 1125 573 1292 626; x_wconf 79' lang='lat' dir='ltr'><strong>usque</strong></span> <span class='ocrx_word' id='word_1_15' title='bbox 1320 557 1390 612; x_wconf 89' lang='lat' dir='ltr'><strong>ibi</strong></span> <span class='ocrx_word' id='word_1_16' title='bbox 1414 563 1783 626; x_wconf 87' lang='lat' dir='ltr'><strong>permanerent</strong></span> <span class='ocrx_word' id='word_1_17' title='bbox 1799 555 2031 623; x_wconf 66' lang='lat' dir='ltr'><strong>(Sozam.</strong></span> 
     </span>
    </p>
   </div>
   <div class='ocr_carea' id='block_1_4' title="bbox 461 643 2034 721">
    <p class='ocr_par' dir='ltr' id='par_1_4' title="bbox 461 643 2034 721">
     <span class='ocr_line' id='line_1_4' title="bbox 461 643 2034 721; baseline -0.01 -11"><span class='ocrx_word' id='word_1_18' title='bbox 461 660 498 710; x_wconf 82' lang='grc' dir='ltr'><strong>ι.</strong></span> <span class='ocrx_word' id='word_1_19' title='bbox 522 660 575 710; x_wconf 73' lang='lat'><strong>8.</strong></span> <span class='ocrx_word' id='word_1_20' title='bbox 621 670 667 707; x_wconf 77' lang='grc' dir='ltr'><strong>ε.</strong></span> <span class='ocrx_word' id='word_1_21' title='bbox 699 653 809 721; x_wconf 72' lang='lat'><strong>28).</strong></span> <span class='ocrx_word' id='word_1_22' title='bbox 843 650 918 703; x_wconf 94' lang='lat' dir='ltr'><strong>Illi</strong></span> <span class='ocrx_word' id='word_1_23' title='bbox 973 664 1098 704; x_wconf 83' lang='lat' dir='ltr'><strong>vero</strong></span> <span class='ocrx_word' id='word_1_24' title='bbox 1150 648 1278 703; x_wconf 84' lang='lat' dir='ltr'><strong>nihil</strong></span> <span class='ocrx_word' id='word_1_25' title='bbox 1307 656 1556 700; x_wconf 78' lang='lat' dir='ltr'><strong>curantes</strong></span> <span class='ocrx_word' id='word_1_26' title='bbox 1607 643 1824 713; x_wconf 79' lang='lat' dir='ltr'><strong>profecti</strong></span> <span class='ocrx_word' id='word_1_27' title='bbox 1877 651 2034 706; x_wconf 89' lang='lat' dir='ltr'><strong>sunt,</strong></span> 
     </span>
    </p>
   </div>
   <div class='ocr_carea' id='block_1_5' title="bbox 458 736 2034 815">
    <p class='ocr_par' dir='ltr' id='par_1_5' title="bbox 458 736 2034 815">
     <span class='ocr_line' id='line_1_5' title="bbox 458 736 2034 815; baseline -0.008 -16"><span class='ocrx_word' id='word_1_28' title='bbox 458 758 616 815; x_wconf 87' lang='lat' dir='ltr'><strong>atque</strong></span> <span class='ocrx_word' id='word_1_29' title='bbox 645 743 713 798; x_wconf 90' lang='lat' dir='ltr'><strong>ad</strong></span> <span class='ocrx_word' id='word_1_30' title='bbox 757 743 966 812; x_wconf 80' lang='lat' dir='ltr'><strong>triginta</strong></span> <span class='ocrx_word' id='word_1_31' title='bbox 993 743 1211 796; x_wconf 84' lang='lat' dir='ltr'><strong>circiter</strong></span> <span class='ocrx_word' id='word_1_32' title='bbox 1239 739 1406 796; x_wconf 83' lang='lat' dir='ltr'><strong>stadia</strong></span> <span class='ocrx_word' id='word_1_33' title='bbox 1436 748 1747 809; x_wconf 82' lang='lat' dir='ltr'><strong>pergentes,</strong></span> <span class='ocrx_word' id='word_1_34' title='bbox 1779 736 1842 790; x_wconf 89' lang='lat' dir='ltr'><strong>ad</strong></span> <span class='ocrx_word' id='word_1_35' title='bbox 1891 751 2034 788; x_wconf 86' lang='lat' dir='ltr'><strong>mar-</strong></span> 
     </span>
    </p>
   </div>
   <div class='ocr_carea' id='block_1_6' title="bbox 461 827 2036 908">
    <p class='ocr_par' dir='ltr' id='par_1_6' title="bbox 461 827 2036 908">
     <span class='ocr_line' id='line_1_6' title="bbox 461 827 2036 908; baseline -0.007 -17"><span class='ocrx_word' id='word_1_36' title='bbox 461 837 656 908; x_wconf 81' lang='lat' dir='ltr'><strong>tyrium</strong></span> <span class='ocrx_word' id='word_1_37' title='bbox 701 835 841 890; x_wconf 89' lang='lat' dir='ltr'><strong>unde</strong></span> <span class='ocrx_word' id='word_1_38' title='bbox 887 835 1246 890; x_wconf 83' lang='lat' dir='ltr'><strong>discesserant</strong></span> <span class='ocrx_word' id='word_1_39' title='bbox 1292 833 1466 887; x_wconf 87' lang='lat' dir='ltr'><strong>redire</strong></span> <span class='ocrx_word' id='word_1_40' title='bbox 1501 831 1669 885; x_wconf 89' lang='lat' dir='ltr'><strong>coacti</strong></span> <span class='ocrx_word' id='word_1_41' title='bbox 1699 839 1854 893; x_wconf 88' lang='lat' dir='ltr'><strong>sunt,</strong></span> <span class='ocrx_word' id='word_1_42' title='bbox 1895 827 2036 897; x_wconf 90' lang='lat' dir='ltr'><strong>quod</strong></span> 
     </span>
    </p>
   </div>
   <div class='ocr_carea' id='block_1_7' title="bbox 462 918 2039 996">
    <p class='ocr_par' dir='ltr' id='par_1_7' title="bbox 462 918 2039 996">
     <span class='ocr_line' id='line_1_7' title="bbox 462 918 2039 996; baseline -0.006 -15"><span class='ocrx_word' id='word_1_43' title='bbox 462 927 553 981; x_wconf 91' lang='lat' dir='ltr'><strong>ille</strong></span> <span class='ocrx_word' id='word_1_44' title='bbox 587 934 898 996; x_wconf 65' lang='lat' dir='ltr'><strong>a&#39;grotaret:</strong></span> <span class='ocrx_word' id='word_1_45' title='bbox 930 924 1116 993; x_wconf 83' lang='lat' dir='ltr'><strong>capitis</strong></span> <span class='ocrx_word' id='word_1_46' title='bbox 1154 924 1297 978; x_wconf 90' lang='lat' dir='ltr'><strong>enim</strong></span> <span class='ocrx_word' id='word_1_47' title='bbox 1343 923 1528 977; x_wconf 90' lang='lat' dir='ltr'><strong>dolore</strong></span> <span class='ocrx_word' id='word_1_48' title='bbox 1575 919 1865 984; x_wconf 88' lang='lat' dir='ltr'><strong>laborabat,</strong></span> <span class='ocrx_word' id='word_1_49' title='bbox 1897 918 2039 986; x_wconf 91' lang='lat' dir='ltr'><strong>quod</strong></span> 
     </span>
    </p>
   </div>
   <div class='ocr_carea' id='block_1_8' title="bbox 461 1012 2036 1083">
    <p class='ocr_par' dir='ltr' id='par_1_8' title="bbox 461 1012 2036 1083">
     <span class='ocr_line' id='line_1_8' title="bbox 461 1012 2036 1083; baseline -0.004 -14"><span class='ocrx_word' id='word_1_50' title='bbox 461 1017 590 1070; x_wconf 82' lang='lat' dir='ltr'><strong>solis</strong></span> <span class='ocrx_word' id='word_1_51' title='bbox 627 1016 804 1071; x_wconf 89' lang='lat' dir='ltr'><strong>radios</strong></span> <span class='ocrx_word' id='word_1_52' title='bbox 847 1015 988 1070; x_wconf 79' lang='lat' dir='ltr'><strong>ferre</strong></span> <span class='ocrx_word' id='word_1_53' title='bbox 1033 1030 1138 1068; x_wconf 92' lang='lat' dir='ltr'><strong>non</strong></span> <span class='ocrx_word' id='word_1_54' title='bbox 1187 1023 1385 1083; x_wconf 65' lang='lat' dir='ltr'><strong>posset.</strong></span> <span class='ocrx_word' id='word_1_55' title='bbox 1437 1013 1522 1067; x_wconf 80' lang='lat' dir='ltr'><strong>Sic</strong></span> <span class='ocrx_word' id='word_1_56' title='bbox 1569 1012 1727 1081; x_wconf 80' lang='lat' dir='ltr'><strong>igitur</strong></span> <span class='ocrx_word' id='word_1_57' title='bbox 1755 1024 2036 1074; x_wconf 84' lang='lat' dir='ltr'><strong>reversus,</strong></span> 
     </span>
    </p>
   </div>
   <div class='ocr_carea' id='block_1_9' title="bbox 464 1104 2039 1176">
    <p class='ocr_par' dir='ltr' id='par_1_9' title="bbox 464 1104 2039 1176">
     <span class='ocr_line' id='line_1_9' title="bbox 464 1104 2039 1176; baseline -0.003 -16"><span class='ocrx_word' id='word_1_58' title='bbox 464 1105 773 1176; x_wconf 76' lang='lat' dir='ltr'><strong>Splendidas</strong></span> <span class='ocrx_word' id='word_1_59' title='bbox 802 1114 982 1162; x_wconf 83' lang='lat' dir='ltr'><strong>vestes</strong></span> <span class='ocrx_word' id='word_1_60' title='bbox 1000 1147 1014 1172; x_wconf 92' lang='lat'><strong>,</strong></span> <span class='ocrx_word' id='word_1_61' title='bbox 1040 1105 1141 1160; x_wconf 86' lang='lat' dir='ltr'><strong>vita</strong></span> <span class='ocrx_word' id='word_1_62' title='bbox 1167 1121 1260 1159; x_wconf 89' lang='lat' dir='ltr'><strong>sua</strong></span> <span class='ocrx_word' id='word_1_63' title='bbox 1287 1105 1472 1174; x_wconf 86' lang='lat' dir='ltr'><strong>dignas</strong></span> <span class='ocrx_word' id='word_1_64' title='bbox 1495 1145 1510 1170; x_wconf 90' lang='lat'><strong>,</strong></span> <span class='ocrx_word' id='word_1_65' title='bbox 1543 1104 1794 1172; x_wconf 85' lang='lat' dir='ltr'><strong>requirit,</strong></span> <span class='ocrx_word' id='word_1_66' title='bbox 1823 1113 2039 1157; x_wconf 79' lang='lat' dir='ltr'><strong>exutus-</strong></span> 
     </span>
    </p>
   </div>
   <div class='ocr_carea' id='block_1_10' title="bbox 462 1194 2039 1269">
    <p class='ocr_par' dir='ltr' id='par_1_10' title="bbox 462 1194 2039 1269">
     <span class='ocr_line' id='line_1_10' title="bbox 462 1194 2039 1269; baseline -0.003 -17"><span class='ocrx_word' id='word_1_67' title='bbox 462 1215 568 1269; x_wconf 91' lang='lat' dir='ltr'><strong>que</strong></span> <span class='ocrx_word' id='word_1_68' title='bbox 597 1197 886 1267; x_wconf 86' lang='lat' dir='ltr'><strong>prioribus,</strong></span> <span class='ocrx_word' id='word_1_69' title='bbox 910 1197 1027 1250; x_wconf 89' lang='lat' dir='ltr'><strong>illas</strong></span> <span class='ocrx_word' id='word_1_70' title='bbox 1067 1196 1258 1261; x_wconf 84' lang='lat' dir='ltr'><strong>induit,</strong></span> <span class='ocrx_word' id='word_1_71' title='bbox 1293 1196 1540 1249; x_wconf 89' lang='lat' dir='ltr'><strong>omnibus</strong></span> <span class='ocrx_word' id='word_1_72' title='bbox 1577 1195 1642 1248; x_wconf 92' lang='lat' dir='ltr'><strong>ad</strong></span> <span class='ocrx_word' id='word_1_73' title='bbox 1682 1194 2039 1248; x_wconf 89' lang='lat' dir='ltr'><strong>calceatnenta</strong></span> 
     </span>
    </p>
   </div>
   <div class='ocr_carea' id='block_1_11' title="bbox 464 1287 2042 1360">
    <p class='ocr_par' dir='ltr' id='par_1_11' title="bbox 464 1287 2042 1360">
     <span class='ocr_line' id='line_1_11' title="bbox 464 1287 2042 1360; baseline -0.003 -16"><span class='ocrx_word' id='word_1_74' title='bbox 464 1305 634 1360; x_wconf 86' lang='lat' dir='ltr'><strong>usque</strong></span> <span class='ocrx_word' id='word_1_75' title='bbox 658 1290 903 1355; x_wconf 90' lang='lat' dir='ltr'><strong>mutatis,</strong></span> <span class='ocrx_word' id='word_1_76' title='bbox 930 1298 1091 1358; x_wconf 86' lang='lat' dir='ltr'><strong>atque</strong></span> <span class='ocrx_word' id='word_1_77' title='bbox 1119 1289 1250 1342; x_wconf 91' lang='lat' dir='ltr'><strong>alias</strong></span> <span class='ocrx_word' id='word_1_78' title='bbox 1281 1287 1630 1356; x_wconf 75' lang='lat' dir='ltr'><strong>prmsentibus</strong></span> <span class='ocrx_word' id='word_1_79' title='bbox 1657 1287 1942 1341; x_wconf 86' lang='lat' dir='ltr'><strong>distribuit.</strong></span> <span class='ocrx_word' id='word_1_80' title='bbox 1977 1287 2042 1340; x_wconf 84' lang='lat' dir='ltr'><strong>Et</strong></span> 
     </span>
    </p>
   </div>
   <div class='ocr_carea' id='block_1_12' title="bbox 467 1377 2040 1449">
    <p class='ocr_par' dir='ltr' id='par_1_12' title="bbox 467 1377 2040 1449">
     <span class='ocr_line' id='line_1_12' title="bbox 467 1377 2040 1449; baseline -0.004 -16"><span class='ocrx_word' id='word_1_81' title='bbox 467 1379 699 1447; x_wconf 87' lang='lat' dir='ltr'><strong>sumptis</strong></span> <span class='ocrx_word' id='word_1_82' title='bbox 726 1377 1013 1432; x_wconf 87' lang='lat' dir='ltr'><strong>Dominicis</strong></span> <span class='ocrx_word' id='word_1_83' title='bbox 1037 1377 1323 1449; x_wconf 81' lang='lat' dir='ltr'><strong>symbolis,</strong></span> <span class='ocrx_word' id='word_1_84' title='bbox 1354 1393 1532 1431; x_wconf 81' lang='lat' dir='ltr'><strong>coram</strong></span> <span class='ocrx_word' id='word_1_85' title='bbox 1557 1377 1885 1431; x_wconf 87' lang='lat' dir='ltr'><strong>adstantibus</strong></span> <span class='ocrx_word' id='word_1_86' title='bbox 1914 1377 2040 1430; x_wconf 88' lang='lat' dir='ltr'><strong>ulti-</strong></span> 
     </span>
    </p>
   </div>
   <div class='ocr_carea' id='block_1_13' title="bbox 465 1465 2040 1535">
    <p class='ocr_par' dir='ltr' id='par_1_13' title="bbox 465 1465 2040 1535">
     <span class='ocr_line' id='line_1_13' title="bbox 465 1465 2040 1535; baseline -0.003 -13"><span class='ocrx_word' id='word_1_87' title='bbox 465 1485 606 1522; x_wconf 87' lang='lat' dir='ltr'><strong>mam</strong></span> <span class='ocrx_word' id='word_1_88' title='bbox 623 1468 917 1522; x_wconf 89' lang='lat' dir='ltr'><strong>orationem</strong></span> <span class='ocrx_word' id='word_1_89' title='bbox 939 1467 1114 1522; x_wconf 91' lang='lat' dir='ltr'><strong>emisit</strong></span> <span class='ocrx_word' id='word_1_90' title='bbox 1134 1485 1146 1520; x_wconf 96' lang='lat'><strong>:</strong></span> <span class='ocrx_word' id='word_1_91' title='bbox 1169 1477 1224 1522; x_wconf 89' lang='lat' dir='ltr'><strong>et</strong></span> <span class='ocrx_word' id='word_1_92' title='bbox 1247 1483 1367 1521; x_wconf 92' lang='lat' dir='ltr'><strong>cum</strong></span> <span class='ocrx_word' id='word_1_93' title='bbox 1399 1484 1491 1535; x_wconf 89' lang='lat' dir='ltr'><strong>pro</strong></span> <span class='ocrx_word' id='word_1_94' title='bbox 1513 1482 1590 1520; x_wconf 74' lang='lat' dir='ltr'><strong>mc</strong></span> <span class='ocrx_word' id='word_1_95' title='bbox 1603 1482 1660 1521; x_wconf 91' lang='lat' dir='ltr'><strong>re</strong></span> <span class='ocrx_word' id='word_1_96' title='bbox 1685 1481 1780 1521; x_wconf 91' lang='lat' dir='ltr'><strong>suo</strong></span> <span class='ocrx_word' id='word_1_97' title='bbox 1801 1465 2040 1530; x_wconf 73' lang='lat' dir='ltr'><strong>dixisset,</strong></span> 
     </span>
    </p>
   </div>
   <div class='ocr_carea' id='block_1_14' title="bbox 466 1555 2039 1627">
    <p class='ocr_par' dir='ltr' id='par_1_14' title="bbox 466 1555 2039 1627">
     <span class='ocr_line' id='line_1_14' title="bbox 466 1555 2039 1627; baseline -0.003 -15"><span class='ocrx_word' id='word_1_98' title='bbox 466 1557 643 1612; x_wconf 75' lang='lat' dir='ltr'><strong>Gloria</strong></span> <span class='ocrx_word' id='word_1_99' title='bbox 671 1555 780 1611; x_wconf 85' lang='lat' dir='ltr'><strong>Deo</strong></span> <span class='ocrx_word' id='word_1_100' title='bbox 806 1566 1010 1627; x_wconf 81' lang='lat' dir='ltr'><strong>propter</strong></span> <span class='ocrx_word' id='word_1_101' title='bbox 1037 1557 1206 1610; x_wconf 83' lang='lat' dir='ltr'><strong>omnia</strong></span> <span class='ocrx_word' id='word_1_102' title='bbox 1228 1599 1242 1621; x_wconf 93' lang='lat'><strong>,</strong></span> <span class='ocrx_word' id='word_1_103' title='bbox 1269 1567 1325 1612; x_wconf 91' lang='lat' dir='ltr'><strong>et</strong></span> <span class='ocrx_word' id='word_1_104' title='bbox 1369 1557 1644 1622; x_wconf 90' lang='lat' dir='ltr'><strong>ultimum,</strong></span> <span class='ocrx_word' id='word_1_105' title='bbox 1689 1557 1864 1621; x_wconf 82' lang='lat' dir='ltr'><strong>Amen,</strong></span> <span class='ocrx_word' id='word_1_106' title='bbox 1893 1556 2039 1610; x_wconf 88' lang='lat' dir='ltr'><strong>obsi-</strong></span> 
     </span>
    </p>
   </div>
   <div class='ocr_carea' id='block_1_15' title="bbox 469 1647 2041 1718">
    <p class='ocr_par' dir='ltr' id='par_1_15' title="bbox 469 1647 2041 1718">
     <span class='ocr_line' id='line_1_15' title="bbox 469 1647 2041 1718; baseline -0.002 -16"><span class='ocrx_word' id='word_1_107' title='bbox 469 1657 684 1717; x_wconf 78' lang='lat' dir='ltr'><strong>gnasset</strong></span> <span class='ocrx_word' id='word_1_108' title='bbox 702 1687 719 1716; x_wconf 95' lang='lat'><strong>,</strong></span> <span class='ocrx_word' id='word_1_109' title='bbox 751 1648 1021 1718; x_wconf 82' lang='lat' dir='ltr'><strong>appositus</strong></span> <span class='ocrx_word' id='word_1_110' title='bbox 1043 1657 1126 1702; x_wconf 91' lang='lat' dir='ltr'><strong>est</strong></span> <span class='ocrx_word' id='word_1_111' title='bbox 1145 1648 1211 1702; x_wconf 88' lang='lat' dir='ltr'><strong>ad</strong></span> <span class='ocrx_word' id='word_1_112' title='bbox 1244 1655 1418 1716; x_wconf 85' lang='lat' dir='ltr'><strong>patres</strong></span> <span class='ocrx_word' id='word_1_113' title='bbox 1433 1662 1558 1702; x_wconf 87' lang='lat' dir='ltr'><strong>suos</strong></span> <span class='ocrx_word' id='word_1_114' title='bbox 1585 1656 1638 1702; x_wconf 91' lang='lat' dir='ltr'><strong>et</strong></span> <span class='ocrx_word' id='word_1_115' title='bbox 1681 1648 1746 1700; x_wconf 90' lang='lat' dir='ltr'><strong>ad</strong></span> <span class='ocrx_word' id='word_1_116' title='bbox 1772 1647 2041 1702; x_wconf 81' lang='lat' dir='ltr'><strong>Christum</strong></span> 
     </span>
    </p>
   </div>
   <div class='ocr_carea' id='block_1_16' title="bbox 471 1739 695 1794">
    <p class='ocr_par' dir='ltr' id='par_1_16' title="bbox 471 1739 695 1794">
     <span class='ocr_line' id='line_1_16' title="bbox 471 1739 695 1794; baseline -0.009 0"><span class='ocrx_word' id='word_1_117' title='bbox 471 1739 695 1794; x_wconf 79' lang='lat' dir='ltr'><strong>transiit.</strong></span> 
     </span>
    </p>
   </div>
   <div class='ocr_carea' id='block_1_17' title="bbox 540 1828 2040 1900">
    <p class='ocr_par' dir='ltr' id='par_1_17' title="bbox 540 1828 2040 1900">
     <span class='ocr_line' id='line_1_17' title="bbox 540 1828 2040 1900; baseline -0.001 -18"><span class='ocrx_word' id='word_1_118' title='bbox 540 1829 678 1882; x_wconf 79' lang='lat' dir='ltr'><strong>Mira</strong></span> <span class='ocrx_word' id='word_1_119' title='bbox 701 1829 752 1883; x_wconf 84' lang='lat' dir='ltr'><strong>in</strong></span> <span class='ocrx_word' id='word_1_120' title='bbox 774 1831 884 1900; x_wconf 83' lang='lat' dir='ltr'><strong>ejus</strong></span> <span class='ocrx_word' id='word_1_121' title='bbox 911 1828 1154 1897; x_wconf 77' lang='lat' dir='ltr'><strong>exsequiis</strong></span> <span class='ocrx_word' id='word_1_122' title='bbox 1199 1829 1556 1880; x_wconf 78' lang='lat' dir='ltr'><strong>monachorum</strong></span> <span class='ocrx_word' id='word_1_123' title='bbox 1585 1838 1628 1881; x_wconf 84' lang='lat' dir='ltr'><strong>et</strong></span> <span class='ocrx_word' id='word_1_124' title='bbox 1653 1829 1897 1898; x_wconf 82' lang='lat' dir='ltr'><strong>virginum</strong></span> <span class='ocrx_word' id='word_1_125' title='bbox 1941 1829 2040 1896; x_wconf 80' lang='lat' dir='ltr'><strong>fre-</strong></span> 
     </span>
    </p>
   </div>
   <div class='ocr_carea' id='block_1_18' title="bbox 468 1921 2046 1990">
    <p class='ocr_par' dir='ltr' id='par_1_18' title="bbox 468 1921 2046 1990">
     <span class='ocr_line' id='line_1_18' title="bbox 468 1921 2046 1990; baseline 0 -15"><span class='ocrx_word' id='word_1_126' title='bbox 468 1923 688 1990; x_wconf 80' lang='lat' dir='ltr'><strong>quentia.</strong></span> <span class='ocrx_word' id='word_1_127' title='bbox 727 1951 798 1960; x_wconf 90' lang='lat'><strong>—</strong></span> <span class='ocrx_word' id='word_1_128' title='bbox 834 1921 972 1976; x_wconf 90' lang='lat' dir='ltr'><strong>Obiit</strong></span> <span class='ocrx_word' id='word_1_129' title='bbox 1001 1929 1177 1975; x_wconf 86' lang='lat' dir='ltr'><strong>autem</strong></span> <span class='ocrx_word' id='word_1_130' title='bbox 1205 1922 1269 1975; x_wconf 76' lang='grc' dir='ltr'>Η</span> <span class='ocrx_word' id='word_1_131' title='bbox 1295 1921 1653 1990; x_wconf 71' lang='lat' dir='ltr'><strong>Septembris,</strong></span> <span class='ocrx_word' id='word_1_132' title='bbox 1685 1921 1916 1975; x_wconf 86' lang='lat' dir='ltr'><strong>Honorio</strong></span> <span class='ocrx_word' id='word_1_133' title='bbox 1961 1937 2046 1975; x_wconf 80' lang='lat' dir='ltr'><strong>se-</strong></span> 
     </span>
    </p>
   </div>
   <div class='ocr_carea' id='block_1_19' title="bbox 473 2010 2042 2082">
    <p class='ocr_par' dir='ltr' id='par_1_19' title="bbox 473 2010 2042 2082">
     <span class='ocr_line' id='line_1_19' title="bbox 473 2010 2042 2082; baseline 0.002 -19"><span class='ocrx_word' id='word_1_134' title='bbox 473 2012 696 2082; x_wconf 87' lang='lat' dir='ltr'><strong>ptimuttt</strong></span> <span class='ocrx_word' id='word_1_135' title='bbox 724 2021 779 2067; x_wconf 92' lang='lat' dir='ltr'><strong>et</strong></span> <span class='ocrx_word' id='word_1_136' title='bbox 805 2010 1108 2066; x_wconf 89' lang='lat' dir='ltr'><strong>Theodosio</strong></span> <span class='ocrx_word' id='word_1_137' title='bbox 1138 2012 1326 2066; x_wconf 86' lang='lat' dir='ltr'><strong>iterum</strong></span> <span class='ocrx_word' id='word_1_138' title='bbox 1343 2014 1666 2066; x_wconf 80' lang='lat' dir='ltr'><strong>consulibus.</strong></span> <span class='ocrx_word' id='word_1_139' title='bbox 1685 2012 1851 2066; x_wconf 85' lang='lat' dir='ltr'><strong>Tanta</strong></span> <span class='ocrx_word' id='word_1_140' title='bbox 1871 2023 2042 2075; x_wconf 83' lang='lat' dir='ltr'><strong>autem</strong></span> 
     </span>
    </p>
   </div>
   <div class='ocr_carea' id='block_1_20' title="bbox 472 2101 2040 2172">
    <p class='ocr_par' dir='ltr' id='par_1_20' title="bbox 472 2101 2040 2172">
     <span class='ocr_line' id='line_1_20' title="bbox 472 2101 2040 2172; baseline 0.001 -17"><span class='ocrx_word' id='word_1_141' title='bbox 472 2102 524 2155; x_wconf 93' lang='lat' dir='ltr'><strong>in</strong></span> <span class='ocrx_word' id='word_1_142' title='bbox 551 2103 819 2169; x_wconf 71' lang='lat' dir='ltr'><strong>su-pultura</strong></span> <span class='ocrx_word' id='word_1_143' title='bbox 845 2102 962 2171; x_wconf 85' lang='lat' dir='ltr'><strong>ejus</strong></span> <span class='ocrx_word' id='word_1_144' title='bbox 992 2101 1274 2156; x_wconf 90' lang='lat' dir='ltr'><strong>multitudo</strong></span> <span class='ocrx_word' id='word_1_145' title='bbox 1304 2103 1562 2172; x_wconf 78' lang='lat' dir='ltr'><strong>virginum</strong></span> <span class='ocrx_word' id='word_1_146' title='bbox 1584 2146 1600 2167; x_wconf 92' lang='lat'><strong>,</strong></span> <span class='ocrx_word' id='word_1_147' title='bbox 1626 2103 2040 2168; x_wconf 88' lang='lat' dir='ltr'><strong>monachorum,</strong></span> 
     </span>
    </p>
   </div>
   <div class='ocr_carea' id='block_1_21' title="bbox 471 2191 2043 2265">
    <p class='ocr_par' dir='ltr' id='par_1_21' title="bbox 471 2191 2043 2265">
     <span class='ocr_line' id='line_1_21' title="bbox 471 2191 2043 2265; baseline 0.002 -21"><span class='ocrx_word' id='word_1_148' title='bbox 471 2201 528 2244; x_wconf 88' lang='lat' dir='ltr'><strong>et</strong></span> <span class='ocrx_word' id='word_1_149' title='bbox 574 2191 797 2244; x_wconf 88' lang='lat' dir='ltr'><strong>aliorum</strong></span> <span class='ocrx_word' id='word_1_150' title='bbox 843 2195 1122 2246; x_wconf 88' lang='lat' dir='ltr'><strong>sanctitate</strong></span> <span class='ocrx_word' id='word_1_151' title='bbox 1168 2193 1478 2264; x_wconf 80' lang='lat' dir='ltr'><strong>fulgentium</strong></span> <span class='ocrx_word' id='word_1_152' title='bbox 1537 2196 1703 2248; x_wconf 79' lang='lat' dir='ltr'><strong>adluit</strong></span> <span class='ocrx_word' id='word_1_153' title='bbox 1757 2211 1788 2250; x_wconf 95' lang='lat' dir='ltr'><strong>e</strong></span> <span class='ocrx_word' id='word_1_154' title='bbox 1853 2195 2043 2265; x_wconf 84' lang='lat' dir='ltr'><strong>Syria,</strong></span> 
     </span>
    </p>
   </div>
   <div class='ocr_carea' id='block_1_22' title="bbox 471 2280 2048 2356">
    <p class='ocr_par' dir='ltr' id='par_1_22' title="bbox 471 2280 2048 2356">
     <span class='ocr_line' id='line_1_22' title="bbox 471 2280 2048 2356; baseline 0.006 -24"><span class='ocrx_word' id='word_1_155' title='bbox 471 2280 655 2334; x_wconf 61' lang='lat' dir='ltr'><strong>cilicia</strong></span> <span class='ocrx_word' id='word_1_156' title='bbox 677 2321 694 2347; x_wconf 94' lang='lat'><strong>,</strong></span> <span class='ocrx_word' id='word_1_157' title='bbox 717 2281 884 2336; x_wconf 80' lang='lat' dir='ltr'><strong>Ponto</strong></span> <span class='ocrx_word' id='word_1_158' title='bbox 911 2290 1068 2350; x_wconf 83' lang='lat' dir='ltr'><strong>atque</strong></span> <span class='ocrx_word' id='word_1_159' title='bbox 1094 2283 1340 2336; x_wconf 76' lang='lat' dir='ltr'><strong>Armenia</strong></span> <span class='ocrx_word' id='word_1_160' title='bbox 1363 2325 1377 2348; x_wconf 93' lang='lat'><strong>,</strong></span> <span class='ocrx_word' id='word_1_161' title='bbox 1413 2293 1468 2338; x_wconf 90' lang='lat' dir='ltr'><strong>ut</strong></span> <span class='ocrx_word' id='word_1_162' title='bbox 1517 2285 1753 2356; x_wconf 83' lang='lat' dir='ltr'><strong>plerique</strong></span> <span class='ocrx_word' id='word_1_163' title='bbox 1799 2295 2048 2354; x_wconf 84' lang='lat' dir='ltr'><strong>putarent</strong></span> 
     </span>
    </p>
   </div>
   <div class='ocr_carea' id='block_1_23' title="bbox 1069 2382 1384 2394">
    <p class='ocr_par' dir='ltr' id='par_1_23' title="bbox 1069 2382 1384 2394">
     <span class='ocr_line' id='line_1_23' title="bbox 1069 2382 1384 2394; baseline -0.003 -3"><span class='ocrx_word' id='word_1_164' title='bbox 1069 2382 1384 2394; x_wconf 72' lang='lat'><strong>_....___._—-</strong></span> 
     </span>
    </p>
   </div>
   <div class='ocr_carea' id='block_1_24' title="bbox 1389 2382 1677 2390">
    <p class='ocr_par' dir='ltr' id='par_1_24' title="bbox 1389 2382 1677 2390">
     <span class='ocr_line' id='line_1_24' title="bbox 1389 2382 1677 2390; baseline -0.007 0"><span class='ocrx_word' id='word_1_165' title='bbox 1389 2382 1677 2390; x_wconf 80' lang='lat'><strong>.——_———</strong></span> 
     </span>
    </p>
   </div>
   <div class='ocr_carea' id='block_1_25' title="bbox 1535 341 2590 402">
    <p class='ocr_par' dir='ltr' id='par_1_25' title="bbox 1535 341 2590 402">
     <span class='ocr_line' id='line_1_25' title="bbox 1535 341 2590 402; baseline -0.002 -3"><span class='ocrx_word' id='word_1_166' title='bbox 1535 341 1983 402; x_wconf 64' lang='lat' dir='ltr'><strong>COIII’ENDIUM</strong></span> <span class='ocrx_word' id='word_1_167' title='bbox 2019 341 2590 400; x_wconf 72' lang='lat' dir='ltr'><strong>CIIBONOLOGICUM</strong></span> 
     </span>
    </p>
   </div>
   <div class='ocr_carea' id='block_1_26' title="bbox 3606 348 3710 405">
    <p class='ocr_par' dir='ltr' id='par_1_26' title="bbox 3606 348 3710 405">
     <span class='ocr_line' id='line_1_26' title="bbox 3606 348 3710 405; baseline 0.019 -2"><span class='ocrx_word' id='word_1_168' title='bbox 3606 348 3710 405; x_wconf 65' lang='lat'><strong>164</strong></span> 
     </span>
    </p>
   </div>
   <div class='ocr_carea' id='block_1_27' title="bbox 2141 459 3709 528">
    <p class='ocr_par' dir='ltr' id='par_1_27' title="bbox 2141 459 3709 528">
     <span class='ocr_line' id='line_1_27' title="bbox 2141 459 3709 528; baseline 0.003 -16"><span class='ocrx_word' id='word_1_169' title='bbox 2141 459 2287 528; x_wconf 84' lang='lat' dir='ltr'><strong>quasi</strong></span> <span class='ocrx_word' id='word_1_170' title='bbox 2319 459 2442 514; x_wconf 85' lang='lat' dir='ltr'><strong>dato</strong></span> <span class='ocrx_word' id='word_1_171' title='bbox 2471 460 2620 528; x_wconf 80' lang='lat' dir='ltr'><strong>signo</strong></span> <span class='ocrx_word' id='word_1_172' title='bbox 2641 475 2732 513; x_wconf 90' lang='lat' dir='ltr'><strong>eos</strong></span> <span class='ocrx_word' id='word_1_173' title='bbox 2751 459 3025 514; x_wconf 74' lang='lat' dir='ltr'><strong>advenisse</strong></span> <span class='ocrx_word' id='word_1_174' title='bbox 3047 460 3216 528; x_wconf 82' lang='lat' dir='ltr'><strong>(Socr.</strong></span> <span class='ocrx_word' id='word_1_175' title='bbox 3247 461 3283 514; x_wconf 88' lang='grc' dir='ltr'><strong>Ι.</strong></span> <span class='ocrx_word' id='word_1_176' title='bbox 3308 460 3361 516; x_wconf 86' lang='lat'><strong>6.</strong></span> <span class='ocrx_word' id='word_1_177' title='bbox 3393 477 3439 514; x_wconf 87' lang='lat' dir='ltr'><strong>c.</strong></span> <span class='ocrx_word' id='word_1_178' title='bbox 3461 461 3551 514; x_wconf 71' lang='lat' dir='ltr'><strong>2t.</strong></span> <span class='ocrx_word' id='word_1_179' title='bbox 3591 461 3709 516; x_wconf 81' lang='lat' dir='ltr'><strong>Pal-</strong></span> 
     </span>
    </p>
   </div>
   <div class='ocr_carea' id='block_1_28' title="bbox 2143 550 3714 621">
    <p class='ocr_par' dir='ltr' id='par_1_28' title="bbox 2143 550 3714 621">
     <span class='ocr_line' id='line_1_28' title="bbox 2143 550 3714 621; baseline 0.002 -16"><span class='ocrx_word' id='word_1_180' title='bbox 2143 553 2246 605; x_wconf 79' lang='lat' dir='ltr'><strong>lad.</strong></span> <span class='ocrx_word' id='word_1_181' title='bbox 2274 550 2525 621; x_wconf 83' lang='lat' dir='ltr'><strong>Dialog.).</strong></span> <span class='ocrx_word' id='word_1_182' title='bbox 2552 553 2680 606; x_wconf 81' lang='lat' dir='ltr'><strong>Cum</strong></span> <span class='ocrx_word' id='word_1_183' title='bbox 2710 551 3014 605; x_wconf 88' lang='lat' dir='ltr'><strong>celebritate</strong></span> <span class='ocrx_word' id='word_1_184' title='bbox 3030 561 3226 616; x_wconf 88' lang='lat' dir='ltr'><strong>autem,</strong></span> <span class='ocrx_word' id='word_1_185' title='bbox 3259 559 3316 604; x_wconf 90' lang='lat' dir='ltr'><strong>ut</strong></span> <span class='ocrx_word' id='word_1_186' title='bbox 3336 554 3500 606; x_wconf 87' lang='lat' dir='ltr'><strong>vietor</strong></span> <span class='ocrx_word' id='word_1_187' title='bbox 3541 554 3714 608; x_wconf 90' lang='lat' dir='ltr'><strong>athle-</strong></span> 
     </span>
    </p>
   </div>
   <div class='ocr_carea' id='block_1_29' title="bbox 2145 642 3717 713">
    <p class='ocr_par' dir='ltr' id='par_1_29' title="bbox 2145 642 3717 713">
     <span class='ocr_line' id='line_1_29' title="bbox 2145 642 3717 713; baseline 0.002 -17"><span class='ocrx_word' id='word_1_188' title='bbox 2145 652 2226 707; x_wconf 88' lang='lat' dir='ltr'><strong>ta,</strong></span> <span class='ocrx_word' id='word_1_189' title='bbox 2259 659 2361 696; x_wconf 87' lang='lat' dir='ltr'><strong>una</strong></span> <span class='ocrx_word' id='word_1_190' title='bbox 2413 660 2532 696; x_wconf 90' lang='lat' dir='ltr'><strong>cum</strong></span> <span class='ocrx_word' id='word_1_191' title='bbox 2582 643 2830 696; x_wconf 80' lang='lat' dir='ltr'><strong>Basilisco</strong></span> <span class='ocrx_word' id='word_1_192' title='bbox 2857 643 2908 697; x_wconf 89' lang='lat' dir='ltr'><strong>in</strong></span> <span class='ocrx_word' id='word_1_193' title='bbox 2953 642 3140 697; x_wconf 89' lang='lat' dir='ltr'><strong>eodem</strong></span> <span class='ocrx_word' id='word_1_194' title='bbox 3165 644 3420 712; x_wconf 83' lang='lat' dir='ltr'><strong>martyrio</strong></span> <span class='ocrx_word' id='word_1_195' title='bbox 3473 645 3717 713; x_wconf 87' lang='lat' dir='ltr'><strong>sepultus</strong></span> 
     </span>
    </p>
   </div>
   <div class='ocr_carea' id='block_1_30' title="bbox 2143 732 3715 802">
    <p class='ocr_par' dir='ltr' id='par_1_30' title="bbox 2143 732 3715 802">
     <span class='ocr_line' id='line_1_30' title="bbox 2143 732 3715 802; baseline 0.001 -15"><span class='ocrx_word' id='word_1_196' title='bbox 2143 743 2241 787; x_wconf 90' lang='lat' dir='ltr'><strong>est.</strong></span> <span class='ocrx_word' id='word_1_197' title='bbox 2265 733 2564 786; x_wconf 78' lang='lat' dir='ltr'><strong>Adversarii</strong></span> <span class='ocrx_word' id='word_1_198' title='bbox 2588 742 2762 786; x_wconf 91' lang='lat' dir='ltr'><strong>autem</strong></span> <span class='ocrx_word' id='word_1_199' title='bbox 2791 733 2935 802; x_wconf 85' lang='lat' dir='ltr'><strong>ejus,</strong></span> <span class='ocrx_word' id='word_1_200' title='bbox 2966 732 3054 802; x_wconf 92' lang='lat' dir='ltr'><strong>qui</strong></span> <span class='ocrx_word' id='word_1_201' title='bbox 3077 732 3224 786; x_wconf 91' lang='lat' dir='ltr'><strong>illum</strong></span> <span class='ocrx_word' id='word_1_202' title='bbox 3262 744 3365 787; x_wconf 86' lang='lat' dir='ltr'><strong>tam</strong></span> <span class='ocrx_word' id='word_1_203' title='bbox 3395 734 3510 790; x_wconf 91' lang='lat' dir='ltr'><strong>dire</strong></span> <span class='ocrx_word' id='word_1_204' title='bbox 3549 753 3715 789; x_wconf 76' lang='lat' dir='ltr'><strong>vexa-</strong></span> 
     </span>
    </p>
   </div>
   <div class='ocr_carea' id='block_1_31' title="bbox 2150 823 3710 894">
    <p class='ocr_par' dir='ltr' id='par_1_31' title="bbox 2150 823 3710 894">
     <span class='ocr_line' id='line_1_31' title="bbox 2150 823 3710 894; baseline 0.002 -18"><span class='ocrx_word' id='word_1_205' title='bbox 2150 832 2338 877; x_wconf 87' lang='lat' dir='ltr'><strong>verant</strong></span> <span class='ocrx_word' id='word_1_206' title='bbox 2363 866 2376 888; x_wconf 94' lang='lat'><strong>,</strong></span> <span class='ocrx_word' id='word_1_207' title='bbox 2399 825 2558 878; x_wconf 85' lang='lat' dir='ltr'><strong>variis</strong></span> <span class='ocrx_word' id='word_1_208' title='bbox 2588 823 2758 878; x_wconf 91' lang='lat' dir='ltr'><strong>modis</strong></span> <span class='ocrx_word' id='word_1_209' title='bbox 2789 823 3037 877; x_wconf 92' lang='lat' dir='ltr'><strong>ultionem</strong></span> <span class='ocrx_word' id='word_1_210' title='bbox 3067 824 3296 877; x_wconf 78' lang='lat' dir='ltr'><strong>divinam</strong></span> <span class='ocrx_word' id='word_1_211' title='bbox 3331 834 3453 878; x_wconf 91' lang='lat' dir='ltr'><strong>sunt</strong></span> <span class='ocrx_word' id='word_1_212' title='bbox 3481 827 3710 894; x_wconf 75' lang='lat' dir='ltr'><strong>experti,</strong></span> 
     </span>
    </p>
   </div>
   <div class='ocr_carea' id='block_1_32' title="bbox 2147 915 3722 985">
    <p class='ocr_par' dir='ltr' id='par_1_32' title="bbox 2147 915 3722 985">
     <span class='ocr_line' id='line_1_32' title="bbox 2147 915 3722 985; baseline 0.003 -17"><span class='ocrx_word' id='word_1_213' title='bbox 2147 925 2204 969; x_wconf 92' lang='lat' dir='ltr'><strong>ut</strong></span> <span class='ocrx_word' id='word_1_214' title='bbox 2234 917 2472 984; x_wconf 85' lang='lat' dir='ltr'><strong>pluribus</strong></span> <span class='ocrx_word' id='word_1_215' title='bbox 2503 926 2679 969; x_wconf 89' lang='lat' dir='ltr'><strong>narrat</strong></span> <span class='ocrx_word' id='word_1_216' title='bbox 2701 915 2967 970; x_wconf 82' lang='lat' dir='ltr'><strong>Palladius</strong></span> <span class='ocrx_word' id='word_1_217' title='bbox 2993 915 3270 985; x_wconf 86' lang='lat' dir='ltr'><strong>(Dialog.).</strong></span> <span class='ocrx_word' id='word_1_218' title='bbox 3304 917 3556 972; x_wconf 83' lang='lat' dir='ltr'><strong>Arcadius</strong></span> <span class='ocrx_word' id='word_1_219' title='bbox 3591 934 3722 972; x_wconf 90' lang='lat' dir='ltr'><strong>vero</strong></span> 
     </span>
    </p>
   </div>
   <div class='ocr_carea' id='block_1_33' title="bbox 2159 1006 3719 1078">
    <p class='ocr_par' dir='ltr' id='par_1_33' title="bbox 2159 1006 3719 1078">
     <span class='ocr_line' id='line_1_33' title="bbox 2159 1006 3719 1078; baseline 0.004 -20"><span class='ocrx_word' id='word_1_220' title='bbox 2159 1008 2404 1078; x_wconf 81' lang='lat' dir='ltr'><strong>princeps</strong></span> <span class='ocrx_word' id='word_1_221' title='bbox 2453 1009 2739 1078; x_wconf 88' lang='lat' dir='ltr'><strong>iners,qui</strong></span> <span class='ocrx_word' id='word_1_222' title='bbox 2799 1006 2951 1062; x_wconf 78' lang='lat' dir='ltr'><strong>facile</strong></span> <span class='ocrx_word' id='word_1_223' title='bbox 3003 1009 3175 1077; x_wconf 78' lang='lat' dir='ltr'><strong>pravis</strong></span> <span class='ocrx_word' id='word_1_224' title='bbox 3222 1008 3523 1078; x_wconf 84' lang='lat' dir='ltr'><strong>(lolosisque</strong></span> <span class='ocrx_word' id='word_1_225' title='bbox 3583 1025 3719 1064; x_wconf 77' lang='lat' dir='ltr'><strong>eon-</strong></span> 
     </span>
    </p>
   </div>
   <div class='ocr_carea' id='block_1_34' title="bbox 2146 1100 3720 1170">
    <p class='ocr_par' dir='ltr' id='par_1_34' title="bbox 2146 1100 3720 1170">
     <span class='ocr_line' id='line_1_34' title="bbox 2146 1100 3720 1170; baseline 0 -16"><span class='ocrx_word' id='word_1_226' title='bbox 2146 1102 2278 1162; x_wconf 83' lang='lat' dir='ltr'><strong>sjliis</strong></span> <span class='ocrx_word' id='word_1_227' title='bbox 2305 1100 2674 1155; x_wconf 79' lang='lat' dir='ltr'><strong>circumveniri</strong></span> <span class='ocrx_word' id='word_1_228' title='bbox 2708 1109 2950 1170; x_wconf 89' lang='lat' dir='ltr'><strong>poterat,</strong></span> <span class='ocrx_word' id='word_1_229' title='bbox 2983 1110 3101 1168; x_wconf 87' lang='lat' dir='ltr'><strong>post</strong></span> <span class='ocrx_word' id='word_1_230' title='bbox 3126 1100 3335 1168; x_wconf 73' lang='lat' dir='ltr'><strong>elapsos</strong></span> <span class='ocrx_word' id='word_1_231' title='bbox 3362 1110 3564 1170; x_wconf 86' lang='lat' dir='ltr'><strong>septem</strong></span> <span class='ocrx_word' id='word_1_232' title='bbox 3595 1116 3720 1154; x_wconf 89' lang='lat' dir='ltr'><strong>cum</strong></span> 
     </span>
    </p>
   </div>
   <div class='ocr_carea' id='block_1_35' title="bbox 2145 1192 3720 1262">
    <p class='ocr_par' dir='ltr' id='par_1_35' title="bbox 2145 1192 3720 1262">
     <span class='ocr_line' id='line_1_35' title="bbox 2145 1192 3720 1262; baseline -0.004 -12"><span class='ocrx_word' id='word_1_233' title='bbox 2145 1194 2367 1250; x_wconf 90' lang='lat' dir='ltr'><strong>dimidio</strong></span> <span class='ocrx_word' id='word_1_234' title='bbox 2387 1209 2603 1250; x_wconf 85' lang='lat' dir='ltr'><strong>menses</strong></span> <span class='ocrx_word' id='word_1_235' title='bbox 2641 1192 2709 1247; x_wconf 86' lang='lat' dir='ltr'><strong>ab</strong></span> <span class='ocrx_word' id='word_1_236' title='bbox 2747 1193 2894 1247; x_wconf 88' lang='lat' dir='ltr'><strong>obitu</strong></span> <span class='ocrx_word' id='word_1_237' title='bbox 2921 1193 3286 1262; x_wconf 81' lang='lat' dir='ltr'><strong>Chrysoslomi</strong></span> <span class='ocrx_word' id='word_1_238' title='bbox 3319 1201 3556 1245; x_wconf 90' lang='lat' dir='ltr'><strong>tnortuns</strong></span> <span class='ocrx_word' id='word_1_239' title='bbox 3602 1201 3720 1256; x_wconf 85' lang='lat' dir='ltr'><strong>est;</strong></span> 
     </span>
    </p>
   </div>
   <div class='ocr_carea' id='block_1_36' title="bbox 2147 1281 3723 1354">
    <p class='ocr_par' dir='ltr' id='par_1_36' title="bbox 2147 1281 3723 1354">
     <span class='ocr_line' id='line_1_36' title="bbox 2147 1281 3723 1354; baseline -0.002 -17"><span class='ocrx_word' id='word_1_240' title='bbox 2147 1287 2357 1354; x_wconf 89' lang='lat' dir='ltr'><strong>quidam</strong></span> <span class='ocrx_word' id='word_1_241' title='bbox 2387 1298 2513 1340; x_wconf 85' lang='lat' dir='ltr'><strong>vero</strong></span> <span class='ocrx_word' id='word_1_242' title='bbox 2561 1281 2632 1339; x_wconf 91' lang='lat' dir='ltr'><strong>ob</strong></span> <span class='ocrx_word' id='word_1_243' title='bbox 2657 1281 2829 1336; x_wconf 83' lang='lat' dir='ltr'><strong>illatas</strong></span> <span class='ocrx_word' id='word_1_244' title='bbox 2867 1281 3248 1350; x_wconf 84' lang='lat' dir='ltr'><strong>Chrysostomo</strong></span> <span class='ocrx_word' id='word_1_245' title='bbox 3286 1281 3610 1334; x_wconf 79' lang='lat' dir='ltr'><strong>calamitates</strong></span> <span class='ocrx_word' id='word_1_246' title='bbox 3656 1296 3723 1334; x_wconf 76' lang='lat' dir='ltr'><strong>es</strong></span> 
     </span>
    </p>
   </div>
   <div class='ocr_carea' id='block_1_37' title="bbox 2150 1371 3723 1449">
    <p class='ocr_par' dir='ltr' id='par_1_37' title="bbox 2150 1371 3723 1449">
     <span class='ocr_line' id='line_1_37' title="bbox 2150 1371 3723 1449; baseline -0.005 -17"><span class='ocrx_word' id='word_1_247' title='bbox 2150 1379 2238 1432; x_wconf 86' lang='lat' dir='ltr'><strong>Dei</strong></span> <span class='ocrx_word' id='word_1_248' title='bbox 2292 1379 2524 1433; x_wconf 88' lang='lat' dir='ltr'><strong>vindiela</strong></span> <span class='ocrx_word' id='word_1_249' title='bbox 2571 1373 3046 1449; x_wconf 75' lang='lat' dir='ltr'><strong>quadragenariutn</strong></span> <span class='ocrx_word' id='word_1_250' title='bbox 3084 1372 3345 1425; x_wconf 90' lang='lat' dir='ltr'><strong>sublatum</strong></span> <span class='ocrx_word' id='word_1_251' title='bbox 3376 1371 3539 1425; x_wconf 86' lang='lat' dir='ltr'><strong>t&#39;nisse</strong></span> <span class='ocrx_word' id='word_1_252' title='bbox 3571 1381 3723 1439; x_wconf 79' lang='lat' dir='ltr'><strong>puta-</strong></span> 
     </span>
    </p>
   </div>
   <div class='ocr_carea' id='block_1_38' title="bbox 2148 1481 2291 1526">
    <p class='ocr_par' dir='ltr' id='par_1_38' title="bbox 2148 1481 2291 1526">
     <span class='ocr_line' id='line_1_38' title="bbox 2148 1481 2291 1526; baseline -0.021 0"><span class='ocrx_word' id='word_1_253' title='bbox 2148 1481 2291 1526; x_wconf 82' lang='lat' dir='ltr'><strong>l‘IIIIl.</strong></span> 
     </span>
    </p>
   </div>
   <div class='ocr_carea' id='block_1_39' title="bbox 2217 1552 3727 1631">
    <p class='ocr_par' dir='ltr' id='par_1_39' title="bbox 2217 1552 3727 1631">
     <span class='ocr_line' id='line_1_39' title="bbox 2217 1552 3727 1631; baseline -0.007 -15"><span class='ocrx_word' id='word_1_254' title='bbox 2217 1563 2410 1631; x_wconf 83' lang='lat' dir='ltr'><strong>Corpus</strong></span> <span class='ocrx_word' id='word_1_255' title='bbox 2439 1563 2548 1631; x_wconf 85' lang='lat' dir='ltr'><strong>ejus</strong></span> <span class='ocrx_word' id='word_1_256' title='bbox 2575 1559 3044 1629; x_wconf 79' lang='lat' dir='ltr'><strong>Constantinopolin</strong></span> <span class='ocrx_word' id='word_1_257' title='bbox 3090 1554 3326 1613; x_wconf 79' lang='lat' dir='ltr'><strong>relatum.</strong></span> <span class='ocrx_word' id='word_1_258' title='bbox 3365 1581 3437 1592; x_wconf 83' lang='lat'><strong>—-</strong></span> <span class='ocrx_word' id='word_1_259' title='bbox 3473 1552 3727 1606; x_wconf 84' lang='lat' dir='ltr'><strong>Memoria</strong></span> 
     </span>
    </p>
   </div>
   <div class='ocr_carea' id='block_1_40' title="bbox 2147 1644 3731 1723">
    <p class='ocr_par' dir='ltr' id='par_1_40' title="bbox 2147 1644 3731 1723">
     <span class='ocr_line' id='line_1_40' title="bbox 2147 1644 3731 1723; baseline -0.007 -15"><span class='ocrx_word' id='word_1_260' title='bbox 2147 1656 2203 1708; x_wconf 86' lang='lat' dir='ltr'><strong>S.</strong></span> <span class='ocrx_word' id='word_1_261' title='bbox 2235 1654 2454 1709; x_wconf 91' lang='lat' dir='ltr'><strong>Joannis</strong></span> <span class='ocrx_word' id='word_1_262' title='bbox 2491 1651 2854 1723; x_wconf 75' lang='lat' dir='ltr'><strong>Chrysostomi</strong></span> <span class='ocrx_word' id='word_1_263' title='bbox 2884 1653 3039 1721; x_wconf 88' lang='lat' dir='ltr'><strong>paulo</strong></span> <span class='ocrx_word' id='word_1_264' title='bbox 3069 1660 3184 1720; x_wconf 88' lang='lat' dir='ltr'><strong>post</strong></span> <span class='ocrx_word' id='word_1_265' title='bbox 3235 1651 3438 1705; x_wconf 89' lang='lat' dir='ltr'><strong>obitum</strong></span> <span class='ocrx_word' id='word_1_266' title='bbox 3483 1644 3596 1720; x_wconf 83' lang='lat' dir='ltr'><strong>ejus</strong></span> <span class='ocrx_word' id='word_1_267' title='bbox 3634 1660 3731 1712; x_wconf 89' lang='lat' dir='ltr'><strong>per</strong></span> 
     </span>
    </p>
   </div>
   <div class='ocr_carea' id='block_1_41' title="bbox 2151 1735 3727 1810">
    <p class='ocr_par' dir='ltr' id='par_1_41' title="bbox 2151 1735 3727 1810">
     <span class='ocr_line' id='line_1_41' title="bbox 2151 1735 3727 1810; baseline -0.005 -11"><span class='ocrx_word' id='word_1_268' title='bbox 2151 1755 2320 1800; x_wconf 89' lang='lat' dir='ltr'><strong>totum</strong></span> <span class='ocrx_word' id='word_1_269' title='bbox 2364 1745 2548 1799; x_wconf 90' lang='lat' dir='ltr'><strong>orbem</strong></span> <span class='ocrx_word' id='word_1_270' title='bbox 2601 1744 2842 1797; x_wconf 88' lang='lat' dir='ltr'><strong>restituta</strong></span> <span class='ocrx_word' id='word_1_271' title='bbox 2894 1741 3340 1810; x_wconf 78' lang='lat' dir='ltr'><strong>fuit(Thcodorct.</strong></span> <span class='ocrx_word' id='word_1_272' title='bbox 3377 1743 3413 1795; x_wconf 82' lang='grc' dir='ltr'><strong>ι.</strong></span> <span class='ocrx_word' id='word_1_273' title='bbox 3445 1743 3498 1796; x_wconf 84' lang='lat'><strong>5.</strong></span> <span class='ocrx_word' id='word_1_274' title='bbox 3530 1758 3575 1793; x_wconf 89' lang='lat' dir='ltr'><strong>c.</strong></span> <span class='ocrx_word' id='word_1_275' title='bbox 3609 1735 3727 1810; x_wconf 65' lang='lat' dir='ltr'><strong>Eli).</strong></span> 
     </span>
    </p>
   </div>
   <div class='ocr_carea' id='block_1_42' title="bbox 2148 1833 3719 1907">
    <p class='ocr_par' dir='ltr' id='par_1_42' title="bbox 2148 1833 3719 1907">
     <span class='ocr_line' id='line_1_42' title="bbox 2148 1833 3719 1907; baseline -0.005 -14"><span class='ocrx_word' id='word_1_276' title='bbox 2148 1840 2356 1907; x_wconf 82' lang='lat' dir='ltr'><strong>Corpus</strong></span> <span class='ocrx_word' id='word_1_277' title='bbox 2380 1847 2556 1892; x_wconf 89' lang='lat' dir='ltr'><strong>autem</strong></span> <span class='ocrx_word' id='word_1_278' title='bbox 2592 1836 2706 1905; x_wconf 83' lang='lat' dir='ltr'><strong>ejus</strong></span> <span class='ocrx_word' id='word_1_279' title='bbox 2733 1834 3223 1901; x_wconf 82' lang='lat' dir='ltr'><strong>Constantinopolin</strong></span> <span class='ocrx_word' id='word_1_280' title='bbox 3251 1849 3370 1886; x_wconf 91' lang='lat' dir='ltr'><strong>cum</strong></span> <span class='ocrx_word' id='word_1_281' title='bbox 3415 1833 3610 1902; x_wconf 75' lang='lat' dir='ltr'><strong>ingenti</strong></span> <span class='ocrx_word' id='word_1_282' title='bbox 3637 1850 3719 1885; x_wconf 89' lang='lat' dir='ltr'><strong>cc-</strong></span> 
     </span>
    </p>
   </div>
   <div class='ocr_carea' id='block_1_43' title="bbox 2151 1923 3729 1985">
    <p class='ocr_par' dir='ltr' id='par_1_43' title="bbox 2151 1923 3729 1985">
     <span class='ocr_line' id='line_1_43' title="bbox 2151 1923 3729 1985; baseline -0.006 0"><span class='ocrx_word' id='word_1_283' title='bbox 2151 1930 2393 1985; x_wconf 89' lang='lat' dir='ltr'><strong>lebritate</strong></span> <span class='ocrx_word' id='word_1_284' title='bbox 2437 1929 2658 1984; x_wconf 90' lang='lat' dir='ltr'><strong>relatum</strong></span> <span class='ocrx_word' id='word_1_285' title='bbox 2722 1927 2817 1980; x_wconf 92' lang='lat' dir='ltr'><strong>l&#39;uit</strong></span> <span class='ocrx_word' id='word_1_286' title='bbox 2860 1941 2998 1978; x_wconf 88' lang='lat' dir='ltr'><strong>anno</strong></span> <span class='ocrx_word' id='word_1_287' title='bbox 3051 1926 3175 1978; x_wconf 73' lang='grc'><strong>458.</strong></span> <span class='ocrx_word' id='word_1_288' title='bbox 3222 1923 3552 1976; x_wconf 84' lang='lat' dir='ltr'><strong>Theodosius</strong></span> <span class='ocrx_word' id='word_1_289' title='bbox 3598 1939 3729 1976; x_wconf 83' lang='lat' dir='ltr'><strong>vero</strong></span> 
     </span>
    </p>
   </div>
   <div class='ocr_carea' id='block_1_44' title="bbox 2146 2013 3730 2091">
    <p class='ocr_par' dir='ltr' id='par_1_44' title="bbox 2146 2013 3730 2091">
     <span class='ocr_line' id='line_1_44' title="bbox 2146 2013 3730 2091; baseline -0.006 -16"><span class='ocrx_word' id='word_1_290' title='bbox 2146 2021 2326 2091; x_wconf 88' lang='lat' dir='ltr'><strong>junior</strong></span> <span class='ocrx_word' id='word_1_291' title='bbox 2353 2021 2663 2088; x_wconf 89' lang='lat' dir='ltr'><strong>Imperator,</strong></span> <span class='ocrx_word' id='word_1_292' title='bbox 2695 2019 2864 2087; x_wconf 89' lang='lat' dir='ltr'><strong>inquit</strong></span> <span class='ocrx_word' id='word_1_293' title='bbox 2881 2015 3246 2071; x_wconf 84' lang='lat' dir='ltr'><strong>Theodoretus</strong></span> <span class='ocrx_word' id='word_1_294' title='bbox 3269 2057 3284 2081; x_wconf 90' lang='lat'><strong>,</strong></span> <span class='ocrx_word' id='word_1_295' title='bbox 3311 2015 3494 2069; x_wconf 91' lang='lat' dir='ltr'><strong>oculos</strong></span> <span class='ocrx_word' id='word_1_296' title='bbox 3511 2027 3560 2068; x_wconf 90' lang='lat' dir='ltr'><strong>et</strong></span> <span class='ocrx_word' id='word_1_297' title='bbox 3585 2013 3730 2069; x_wconf 84' lang='lat' dir='ltr'><strong>fron-</strong></span> 
     </span>
    </p>
   </div>
   <div class='ocr_carea' id='block_1_45' title="bbox 2153 2105 3727 2176">
    <p class='ocr_par' dir='ltr' id='par_1_45' title="bbox 2153 2105 3727 2176">
     <span class='ocr_line' id='line_1_45' title="bbox 2153 2105 3727 2176; baseline -0.006 -11"><span class='ocrx_word' id='word_1_298' title='bbox 2153 2122 2258 2166; x_wconf 86' lang='lat' dir='ltr'><strong>tem</strong></span> <span class='ocrx_word' id='word_1_299' title='bbox 2287 2109 2462 2164; x_wconf 78' lang='lat' dir='ltr'><strong>loculo</strong></span> <span class='ocrx_word' id='word_1_300' title='bbox 2486 2108 2774 2163; x_wconf 88' lang='lat' dir='ltr'><strong>admovens</strong></span> <span class='ocrx_word' id='word_1_301' title='bbox 2796 2149 2810 2173; x_wconf 89' lang='lat'><strong>,</strong></span> <span class='ocrx_word' id='word_1_302' title='bbox 2835 2123 2931 2176; x_wconf 89' lang='lat' dir='ltr'><strong>pro</strong></span> <span class='ocrx_word' id='word_1_303' title='bbox 2957 2107 3264 2175; x_wconf 88' lang='lat' dir='ltr'><strong>parentibus</strong></span> <span class='ocrx_word' id='word_1_304' title='bbox 3307 2105 3420 2158; x_wconf 90' lang='lat' dir='ltr'><strong>suis</strong></span> <span class='ocrx_word' id='word_1_305' title='bbox 3462 2105 3727 2172; x_wconf 81' lang='lat' dir='ltr'><strong>supplica-</strong></span> 
     </span>
    </p>
   </div>
   <div class='ocr_carea' id='block_1_46' title="bbox 2154 2195 3734 2270">
    <p class='ocr_par' dir='ltr' id='par_1_46' title="bbox 2154 2195 3734 2270">
     <span class='ocr_line' id='line_1_46' title="bbox 2154 2195 3734 2270; baseline -0.006 -16"><span class='ocrx_word' id='word_1_306' title='bbox 2154 2203 2266 2267; x_wconf 83' lang='lat' dir='ltr'><strong>vit,</strong></span> <span class='ocrx_word' id='word_1_307' title='bbox 2297 2209 2480 2270; x_wconf 89' lang='lat' dir='ltr'><strong>petens</strong></span> <span class='ocrx_word' id='word_1_308' title='bbox 2501 2199 2640 2253; x_wconf 91' lang='lat' dir='ltr'><strong>utiis</strong></span> <span class='ocrx_word' id='word_1_309' title='bbox 2661 2240 2674 2265; x_wconf 94' lang='lat'><strong>,</strong></span> <span class='ocrx_word' id='word_1_310' title='bbox 2706 2198 2796 2268; x_wconf 88' lang='lat' dir='ltr'><strong>qui</strong></span> <span class='ocrx_word' id='word_1_311' title='bbox 2824 2213 2918 2268; x_wconf 89' lang='lat' dir='ltr'><strong>per</strong></span> <span class='ocrx_word' id='word_1_312' title='bbox 2943 2195 3352 2266; x_wconf 88' lang='lat' dir='ltr'><strong>imprudentiam</strong></span> <span class='ocrx_word' id='word_1_313' title='bbox 3384 2203 3734 2264; x_wconf 81' lang='lat' dir='ltr'><strong>peccassent,</strong></span> 
     </span>
    </p>
   </div>
   <div class='ocr_carea' id='block_1_47' title="bbox 2155 2287 2722 2344">
    <p class='ocr_par' dir='ltr' id='par_1_47' title="bbox 2155 2287 2722 2344">
     <span class='ocr_line' id='line_1_47' title="bbox 2155 2287 2722 2344; baseline -0.011 0"><span class='ocrx_word' id='word_1_314' title='bbox 2155 2290 2362 2344; x_wconf 85' lang='lat' dir='ltr'><strong>veniam</strong></span> <span class='ocrx_word' id='word_1_315' title='bbox 2384 2287 2722 2342; x_wconf 90' lang='lat' dir='ltr'><strong>concederet.</strong></span> 
     </span>
    </p>
   </div>
   <div class='ocr_carea' id='block_1_48' title="bbox 2722 2375 3740 2436">
    <p class='ocr_par' dir='ltr' id='par_1_48' title="bbox 2722 2375 3740 2433">
     <span class='ocr_line' id='line_1_48' title="bbox 2722 2375 3740 2433; baseline 0.001 -7"><span class='ocrx_word' id='word_1_316' title='bbox 2722 2375 3740 2433; x_wconf 55' lang='grc' dir='ltr'>Μ</span> 
     </span>
    </p>
   </div>
   <div class='ocr_carea' id='block_1_49' title="bbox 1255 2473 2944 2538">
    <p class='ocr_par' dir='ltr' id='par_1_49' title="bbox 1255 2473 2944 2538">
     <span class='ocr_line' id='line_1_49' title="bbox 1255 2473 2944 2538; baseline -0.001 0"><span class='ocrx_word' id='word_1_317' title='bbox 1255 2477 1658 2538; x_wconf 86' lang='lat' dir='ltr'><strong>STILTINGI</strong></span> <span class='ocrx_word' id='word_1_318' title='bbox 1697 2475 2216 2537; x_wconf 85' lang='lat' dir='ltr'><strong>COMPENDIUM</strong></span> <span class='ocrx_word' id='word_1_319' title='bbox 2257 2473 2944 2537; x_wconf 78' lang='lat' dir='ltr'><strong>CHRONOLOGICUM</strong></span> 
     </span>
    </p>
   </div>
   <div class='ocr_carea' id='block_1_50' title="bbox 463 2609 3736 2703">
    <p class='ocr_par' dir='ltr' id='par_1_50' title="bbox 463 2609 3736 2703">
     <span class='ocr_line' id='line_1_50' title="bbox 463 2609 3736 2703; baseline 0.002 -7"><span class='ocrx_word' id='word_1_320' title='bbox 463 2611 1115 2696; x_wconf 83' lang='lat' dir='ltr'><strong>GESTORUM</strong></span> <span class='ocrx_word' id='word_1_321' title='bbox 1162 2611 1310 2690; x_wconf 89' lang='lat' dir='ltr'>ET</span> <span class='ocrx_word' id='word_1_322' title='bbox 1358 2609 2122 2692; x_wconf 79' lang='lat' dir='ltr'><strong>SCRIPTORUM</strong></span> <span class='ocrx_word' id='word_1_323' title='bbox 2177 2609 2266 2692; x_wconf 87' lang='lat' dir='ltr'><strong>S.</strong></span> <span class='ocrx_word' id='word_1_324' title='bbox 2318 2609 2796 2693; x_wconf 85' lang='lat' dir='ltr'><strong>JOANNIS</strong></span> <span class='ocrx_word' id='word_1_325' title='bbox 2869 2611 3736 2703; x_wconf 62' lang='lat' dir='ltr'><strong>CHRYSOSTOMI,</strong></span> 
     </span>
    </p>
   </div>
   <div class='ocr_carea' id='block_1_51' title="bbox 1138 2761 3020 2810">
    <p class='ocr_par' dir='ltr' id='par_1_51' title="bbox 1138 2761 3020 2810">
     <span class='ocr_line' id='line_1_51' title="bbox 1138 2761 3020 2810; baseline 0.001 -4"><span class='ocrx_word' id='word_1_326' title='bbox 1138 2764 1522 2807; x_wconf 68' lang='lat' dir='ltr'><strong>EXCERP’I‘UM</strong></span> <span class='ocrx_word' id='word_1_327' title='bbox 1566 2765 1650 2806; x_wconf 74' lang='lat' dir='ltr'><strong>EX</strong></span> <span class='ocrx_word' id='word_1_328' title='bbox 1693 2764 1871 2808; x_wconf 75' lang='lat' dir='ltr'><strong>ACTIS</strong></span> <span class='ocrx_word' id='word_1_329' title='bbox 1916 2761 2292 2807; x_wconf 74' lang='lat' dir='ltr'><strong>SANCTORUM</strong></span> <span class='ocrx_word' id='word_1_330' title='bbox 2337 2765 2560 2809; x_wconf 73' lang='lat' dir='ltr'><strong>MENSIS</strong></span> <span class='ocrx_word' id='word_1_331' title='bbox 2605 2766 2780 2809; x_wconf 80' lang='lat' dir='ltr'><strong>SEPT.</strong></span> <span class='ocrx_word' id='word_1_332' title='bbox 2826 2769 2885 2810; x_wconf 81' lang='grc' dir='ltr'><strong>Τ.</strong></span> <span class='ocrx_word' id='word_1_333' title='bbox 2935 2768 3020 2810; x_wconf 83' lang='grc' dir='ltr'><strong>ιγ.</strong></span> 
     </span>
    </p>
   </div>
   <div class='ocr_carea' id='block_1_52' title="bbox 497 2867 2017 2940">
    <p class='ocr_par' dir='ltr' id='par_1_52' title="bbox 497 2867 2017 2940">
     <span class='ocr_line' id='line_1_52' title="bbox 497 2867 2017 2940; baseline -0.004 -14"><span class='ocrx_word' id='word_1_334' title='bbox 497 2869 861 2940; x_wconf 84' lang='lat' dir='ltr'><strong>Compendium</strong></span> <span class='ocrx_word' id='word_1_335' title='bbox 883 2867 1291 2940; x_wconf 72' lang='lat' dir='ltr'><strong>chronologirum</strong></span> <span class='ocrx_word' id='word_1_336' title='bbox 1319 2878 1570 2938; x_wconf 83' lang='lat' dir='ltr'><strong>gestorum</strong></span> <span class='ocrx_word' id='word_1_337' title='bbox 1607 2878 1656 2922; x_wconf 76' lang='lat' dir='ltr'><strong>et</strong></span> <span class='ocrx_word' id='word_1_338' title='bbox 1694 2868 2017 2938; x_wconf 85' lang='lat' dir='ltr'><strong>scriptorum,</strong></span> 
     </span>
    </p>
   </div>
   <div class='ocr_carea' id='block_1_53' title="bbox 1006 2939 1488 2992">
    <p class='ocr_par' dir='ltr' id='par_1_53' title="bbox 1006 2939 1488 2992">
     <span class='ocr_line' id='line_1_53' title="bbox 1006 2939 1488 2992; baseline 0.004 -2"><span class='ocrx_word' id='word_1_339' title='bbox 1006 2949 1124 2990; x_wconf 87' lang='lat' dir='ltr'><strong>ante</strong></span> <span class='ocrx_word' id='word_1_340' title='bbox 1147 2939 1488 2992; x_wconf 86' lang='lat' dir='ltr'><strong>diaconatum.</strong></span> 
     </span>
    </p>
   </div>
   <div class='ocr_carea' id='block_1_54' title="bbox 533 3008 2052 3079">
    <p class='ocr_par' dir='ltr' id='par_1_54' title="bbox 533 3008 2052 3079">
     <span class='ocr_line' id='line_1_54' title="bbox 533 3008 2052 3079; baseline -0.004 -12"><span class='ocrx_word' id='word_1_341' title='bbox 533 3011 687 3068; x_wconf 84' lang='lat' dir='ltr'><strong>Circa</strong></span> <span class='ocrx_word' id='word_1_342' title='bbox 711 3023 908 3064; x_wconf 87' lang='lat' dir='ltr'><strong>annum</strong></span> <span class='ocrx_word' id='word_1_343' title='bbox 932 3008 1040 3064; x_wconf 75' lang='lat' dir='ltr'><strong>5M</strong></span> <span class='ocrx_word' id='word_1_344' title='bbox 1071 3016 1227 3064; x_wconf 89' lang='lat' dir='ltr'><strong>natus</strong></span> <span class='ocrx_word' id='word_1_345' title='bbox 1255 3019 1339 3066; x_wconf 91' lang='lat' dir='ltr'><strong>est</strong></span> <span class='ocrx_word' id='word_1_346' title='bbox 1366 3010 1425 3065; x_wconf 88' lang='lat' dir='ltr'><strong>S.</strong></span> <span class='ocrx_word' id='word_1_347' title='bbox 1456 3008 1692 3065; x_wconf 88' lang='lat' dir='ltr'><strong>Joannes</strong></span> <span class='ocrx_word' id='word_1_348' title='bbox 1729 3010 2052 3079; x_wconf 87' lang='lat' dir='ltr'><strong>Chrysosto-</strong></span> 
     </span>
    </p>
   </div>
   <div class='ocr_carea' id='block_1_55' title="bbox 535 3145 2053 3223">
    <p class='ocr_par' dir='ltr' id='par_1_55' title="bbox 535 3145 2053 3223">
     <span class='ocr_line' id='line_1_55' title="bbox 535 3145 2053 3223; baseline -0.001 -18"><span class='ocrx_word' id='word_1_349' title='bbox 535 3145 1114 3223; x_wconf 29' lang='lat' dir='ltr'><strong>Circaﬂannumﬂ569,</strong></span> <span class='ocrx_word' id='word_1_350' title='bbox 1170 3149 1428 3223; x_wconf 81' lang='lat' dir='ltr'><strong>absolutis</strong></span> <span class='ocrx_word' id='word_1_351' title='bbox 1477 3150 1794 3219; x_wconf 72' lang='lat' dir='ltr'><strong>eloquentim</strong></span> <span class='ocrx_word' id='word_1_352' title='bbox 1844 3149 2053 3223; x_wconf 65' lang='lat' dir='ltr'><strong>studiis,</strong></span> 
     </span>
    </p>
   </div>
   <div class='ocr_carea' id='block_1_56' title="bbox 467 3219 2058 3289">
    <p class='ocr_par' dir='ltr' id='par_1_56' title="bbox 467 3219 2058 3289">
     <span class='ocr_line' id='line_1_56' title="bbox 467 3219 2058 3289; baseline -0.003 -11"><span class='ocrx_word' id='word_1_353' title='bbox 467 3236 648 3278; x_wconf 82' lang='lat' dir='ltr'><strong>sacras</strong></span> <span class='ocrx_word' id='word_1_354' title='bbox 692 3221 877 3276; x_wconf 88' lang='lat' dir='ltr'><strong>literas</strong></span> <span class='ocrx_word' id='word_1_355' title='bbox 923 3219 1132 3277; x_wconf 85' lang='lat' dir='ltr'><strong>discere</strong></span> <span class='ocrx_word' id='word_1_356' title='bbox 1179 3219 1380 3289; x_wconf 86' lang='lat' dir='ltr'><strong>incipit,</strong></span> <span class='ocrx_word' id='word_1_357' title='bbox 1421 3233 1721 3286; x_wconf 77' lang='lat' dir='ltr'><strong>exponente</strong></span> <span class='ocrx_word' id='word_1_358' title='bbox 1767 3223 1820 3276; x_wconf 88' lang='lat' dir='ltr'><strong>S.</strong></span> <span class='ocrx_word' id='word_1_359' title='bbox 1850 3221 2058 3275; x_wconf 81' lang='lat' dir='ltr'><strong>Meletio</strong></span> 
     </span>
    </p>
   </div>
   <div class='ocr_carea' id='block_1_57' title="bbox 472 3290 2060 3362">
    <p class='ocr_par' dir='ltr' id='par_1_57' title="bbox 472 3290 2060 3362">
     <span class='ocr_line' id='line_1_57' title="bbox 472 3290 2060 3362; baseline -0.001 -15"><span class='ocrx_word' id='word_1_360' title='bbox 472 3293 746 3362; x_wconf 87' lang='lat' dir='ltr'><strong>episeopo,</strong></span> <span class='ocrx_word' id='word_1_361' title='bbox 776 3291 865 3362; x_wconf 88' lang='lat' dir='ltr'><strong>qui</strong></span> <span class='ocrx_word' id='word_1_362' title='bbox 895 3290 1156 3362; x_wconf 78' lang='lat' dir='ltr'><strong>Joannem</strong></span> <span class='ocrx_word' id='word_1_363' title='bbox 1185 3291 1418 3360; x_wconf 85' lang='lat' dir='ltr'><strong>haptizat</strong></span> <span class='ocrx_word' id='word_1_364' title='bbox 1443 3292 1534 3346; x_wconf 90' lang='lat' dir='ltr'><strong>illo</strong></span> <span class='ocrx_word' id='word_1_365' title='bbox 1563 3301 1822 3362; x_wconf 88' lang='lat' dir='ltr'><strong>tempore.</strong></span> <span class='ocrx_word' id='word_1_366' title='bbox 1845 3291 1940 3346; x_wconf 85' lang='lat' dir='ltr'><strong>llic</strong></span> <span class='ocrx_word' id='word_1_367' title='bbox 1968 3291 2060 3345; x_wconf 84' lang='lat' dir='ltr'><strong>de-</strong></span> 
     </span>
    </p>
   </div>
   <div class='ocr_carea' id='block_1_58' title="bbox 479 3361 1127 3418">
    <p class='ocr_par' dir='ltr' id='par_1_58' title="bbox 479 3361 1127 3418">
     <span class='ocr_line' id='line_1_58' title="bbox 479 3361 1127 3418; baseline -0.006 0"><span class='ocrx_word' id='word_1_368' title='bbox 479 3362 603 3418; x_wconf 83' lang='lat' dir='ltr'><strong>inde</strong></span> <span class='ocrx_word' id='word_1_369' title='bbox 635 3361 809 3418; x_wconf 78' lang='lat' dir='ltr'><strong>lec&#39;tor</strong></span> <span class='ocrx_word' id='word_1_370' title='bbox 831 3361 1127 3416; x_wconf 87' lang='lat' dir='ltr'><strong>ordinatus.</strong></span> 
     </span>
    </p>
   </div>
   <div class='ocr_carea' id='block_1_59' title="bbox 550 3431 2059 3502">
    <p class='ocr_par' dir='ltr' id='par_1_59' title="bbox 550 3431 2059 3502">
     <span class='ocr_line' id='line_1_59' title="bbox 550 3431 2059 3502; baseline 0 -16"><span class='ocrx_word' id='word_1_371' title='bbox 550 3433 704 3487; x_wconf 80' lang='lat' dir='ltr'><strong>Circa</strong></span> <span class='ocrx_word' id='word_1_372' title='bbox 732 3431 937 3485; x_wconf 90' lang='lat' dir='ltr'><strong>initium</strong></span> <span class='ocrx_word' id='word_1_373' title='bbox 966 3433 1087 3485; x_wconf 91' lang='lat' dir='ltr'><strong>anni</strong></span> <span class='ocrx_word' id='word_1_374' title='bbox 1120 3431 1245 3497; x_wconf 65' lang='lat'><strong>.372,</strong></span> <span class='ocrx_word' id='word_1_375' title='bbox 1277 3433 1510 3501; x_wconf 68' lang='lat' dir='ltr'><strong>relegam</strong></span> <span class='ocrx_word' id='word_1_376' title='bbox 1548 3433 1605 3488; x_wconf 89' lang='lat' dir='ltr'><strong>S.</strong></span> <span class='ocrx_word' id='word_1_377' title='bbox 1631 3433 1860 3492; x_wconf 83' lang='lat' dir='ltr'><strong>Melctio.</strong></span> <span class='ocrx_word' id='word_1_378' title='bbox 1890 3431 2059 3502; x_wconf 83' lang='lat' dir='ltr'><strong>Chry-</strong></span> 
     </span>
    </p>
   </div>
   <div class='ocr_carea' id='block_1_60' title="bbox 475 3502 2057 3571">
    <p class='ocr_par' dir='ltr' id='par_1_60' title="bbox 475 3502 2057 3571">
     <span class='ocr_line' id='line_1_60' title="bbox 475 3502 2057 3571; baseline -0.002 -14"><span class='ocrx_word' id='word_1_379' title='bbox 475 3511 746 3557; x_wconf 80' lang='lat' dir='ltr'><strong>snstomus</strong></span> <span class='ocrx_word' id='word_1_380' title='bbox 776 3502 1056 3570; x_wconf 80' lang='lat' dir='ltr'><strong>magistros</strong></span> <span class='ocrx_word' id='word_1_381' title='bbox 1080 3504 1269 3571; x_wconf 89' lang='lat' dir='ltr'><strong>accipit</strong></span> <span class='ocrx_word' id='word_1_382' title='bbox 1306 3502 1604 3558; x_wconf 87' lang='lat' dir='ltr'><strong>Carterium</strong></span> <span class='ocrx_word' id='word_1_383' title='bbox 1653 3515 1706 3557; x_wconf 88' lang='lat' dir='ltr'><strong>et</strong></span> <span class='ocrx_word' id='word_1_384' title='bbox 1749 3503 2057 3567; x_wconf 91' lang='lat' dir='ltr'><strong>Diodorum,</strong></span> 
     </span>
    </p>
   </div>
   <div class='ocr_carea' id='block_1_61' title="bbox 473 3571 2059 3642">
    <p class='ocr_par' dir='ltr' id='par_1_61' title="bbox 473 3571 2059 3642">
     <span class='ocr_line' id='line_1_61' title="bbox 473 3571 2059 3642; baseline 0.001 -18"><span class='ocrx_word' id='word_1_385' title='bbox 473 3575 540 3624; x_wconf 82' lang='lat' dir='ltr'><strong>ad</strong></span> <span class='ocrx_word' id='word_1_386' title='bbox 559 3586 800 3642; x_wconf 59' lang='lat' dir='ltr'><strong>quorum</strong></span> <span class='ocrx_word' id='word_1_387' title='bbox 829 3571 1161 3640; x_wconf 84' lang='lat' dir='ltr'><strong>disciplinain</strong></span> <span class='ocrx_word' id='word_1_388' title='bbox 1208 3573 1404 3627; x_wconf 89' lang='lat' dir='ltr'><strong>deinde</strong></span> <span class='ocrx_word' id='word_1_389' title='bbox 1459 3573 1720 3642; x_wconf 87' lang='lat' dir='ltr'><strong>pcrtrahit</strong></span> <span class='ocrx_word' id='word_1_390' title='bbox 1775 3572 2059 3626; x_wconf 79' lang='lat' dir='ltr'><strong>Maximum</strong></span> 
     </span>
    </p>
   </div>
   <div class='ocr_carea' id='block_1_62' title="bbox 472 3640 920 3696">
    <p class='ocr_par' dir='ltr' id='par_1_62' title="bbox 472 3640 920 3696">
     <span class='ocr_line' id='line_1_62' title="bbox 472 3640 920 3696; baseline -0.004 -1"><span class='ocrx_word' id='word_1_391' title='bbox 472 3653 528 3695; x_wconf 87' lang='lat' dir='ltr'><strong>ct</strong></span> <span class='ocrx_word' id='word_1_392' title='bbox 556 3640 920 3696; x_wconf 86' lang='lat' dir='ltr'><strong>Theodorum.</strong></span> 
     </span>
    </p>
   </div>
   <div class='ocr_carea' id='block_1_63' title="bbox 546 3711 2059 3781">
    <p class='ocr_par' dir='ltr' id='par_1_63' title="bbox 546 3711 2059 3781">
     <span class='ocr_line' id='line_1_63' title="bbox 546 3711 2059 3781; baseline 0.003 -18"><span class='ocrx_word' id='word_1_393' title='bbox 546 3712 700 3765; x_wconf 72' lang='lat' dir='ltr'><strong>Circa</strong></span> <span class='ocrx_word' id='word_1_394' title='bbox 723 3725 921 3765; x_wconf 86' lang='lat' dir='ltr'><strong>annum</strong></span> <span class='ocrx_word' id='word_1_395' title='bbox 951 3712 1056 3766; x_wconf 79' lang='lat'><strong>573</strong></span> <span class='ocrx_word' id='word_1_396' title='bbox 1077 3711 1262 3766; x_wconf 92' lang='lat' dir='ltr'><strong>scribit</strong></span> <span class='ocrx_word' id='word_1_397' title='bbox 1291 3713 1398 3767; x_wconf 90' lang='lat' dir='ltr'><strong>duo</strong></span> <span class='ocrx_word' id='word_1_398' title='bbox 1427 3714 1592 3781; x_wconf 87' lang='lat' dir='ltr'><strong>prima</strong></span> <span class='ocrx_word' id='word_1_399' title='bbox 1624 3713 1910 3780; x_wconf 81' lang='lat' dir='ltr'><strong>Opuscula,</strong></span> <span class='ocrx_word' id='word_1_400' title='bbox 1966 3729 2059 3768; x_wconf 89' lang='lat' dir='ltr'><strong>seu</strong></span> 
     </span>
    </p>
   </div>
   <div class='ocr_carea' id='block_1_64' title="bbox 479 3782 1914 3851">
    <p class='ocr_par' dir='ltr' id='par_1_64' title="bbox 479 3782 1914 3851">
     <span class='ocr_line' id='line_1_64' title="bbox 479 3782 1914 3851; baseline -0.002 -14"><span class='ocrx_word' id='word_1_401' title='bbox 479 3782 764 3850; x_wconf 74' lang='lat' dir='ltr'><strong>epistolam</strong></span> <span class='ocrx_word' id='word_1_402' title='bbox 790 3783 1057 3850; x_wconf 77' lang='lat' dir='ltr'><strong>geminam</strong></span> <span class='ocrx_word' id='word_1_403' title='bbox 1082 3782 1148 3835; x_wconf 86' lang='lat' dir='ltr'><strong>ad</strong></span> <span class='ocrx_word' id='word_1_404' title='bbox 1171 3782 1510 3837; x_wconf 82' lang='lat' dir='ltr'><strong>Theodorum</strong></span> <span class='ocrx_word' id='word_1_405' title='bbox 1539 3784 1758 3851; x_wconf 86' lang='lat' dir='ltr'><strong>lapsum.</strong></span> <span class='ocrx_word' id='word_1_406' title='bbox 1787 3784 1848 3836; x_wconf 95' lang='grc' dir='ltr'><strong>Τ.</strong></span> <span class='ocrx_word' id='word_1_407' title='bbox 1878 3783 1914 3834; x_wconf 91' lang='lat' dir='ltr'><strong>I.</strong></span> 
     </span>
    </p>
   </div>
   <div class='ocr_carea' id='block_1_65' title="bbox 549 3851 2061 3923">
    <p class='ocr_par' dir='ltr' id='par_1_65' title="bbox 549 3851 2061 3923">
     <span class='ocr_line' id='line_1_65' title="bbox 549 3851 2061 3923; baseline 0.001 -17"><span class='ocrx_word' id='word_1_408' title='bbox 549 3852 705 3906; x_wconf 78' lang='lat' dir='ltr'><strong>Circa</strong></span> <span class='ocrx_word' id='word_1_409' title='bbox 732 3865 932 3905; x_wconf 88' lang='lat' dir='ltr'><strong>annum</strong></span> <span class='ocrx_word' id='word_1_410' title='bbox 961 3851 1097 3923; x_wconf 11' lang='lat' dir='ltr'><strong>A374,</strong></span> <span class='ocrx_word' id='word_1_411' title='bbox 1122 3852 1348 3908; x_wconf 85' lang='lat' dir='ltr'><strong>Sanctus</strong></span> <span class='ocrx_word' id='word_1_412' title='bbox 1383 3854 1638 3922; x_wconf 72' lang='lat' dir='ltr'><strong>quaeritur</strong></span> <span class='ocrx_word' id='word_1_413' title='bbox 1678 3853 1744 3908; x_wconf 89' lang='lat' dir='ltr'><strong>ad</strong></span> <span class='ocrx_word' id='word_1_414' title='bbox 1788 3853 2061 3923; x_wconf 86' lang='lat' dir='ltr'><strong>episcopa-</strong></span> 
     </span>
    </p>
   </div>
   <div class='ocr_carea' id='block_1_66' title="bbox 480 3921 1362 3984">
    <p class='ocr_par' dir='ltr' id='par_1_66' title="bbox 480 3921 1362 3984">
     <span class='ocr_line' id='line_1_66' title="bbox 480 3921 1362 3984; baseline -0.003 -7"><span class='ocrx_word' id='word_1_415' title='bbox 480 3931 592 3977; x_wconf 89' lang='lat' dir='ltr'><strong>tum</strong></span> <span class='ocrx_word' id='word_1_416' title='bbox 619 3937 634 3984; x_wconf 84' lang='lat'><strong>;</strong></span> <span class='ocrx_word' id='word_1_417' title='bbox 661 3931 716 3976; x_wconf 91' lang='lat' dir='ltr'><strong>at</strong></span> <span class='ocrx_word' id='word_1_418' title='bbox 742 3936 803 3976; x_wconf 89' lang='lat' dir='ltr'><strong>se</strong></span> <span class='ocrx_word' id='word_1_419' title='bbox 821 3921 1140 3976; x_wconf 83' lang='lat' dir='ltr'><strong>occultando</strong></span> <span class='ocrx_word' id='word_1_420' title='bbox 1167 3923 1362 3976; x_wconf 83' lang='lat' dir='ltr'><strong>evadit.</strong></span> 
     </span>
    </p>
   </div>
   <div class='ocr_carea' id='block_1_67' title="bbox 549 3993 2060 4064">
    <p class='ocr_par' dir='ltr' id='par_1_67' title="bbox 549 3993 2060 4064">
     <span class='ocr_line' id='line_1_67' title="bbox 549 3993 2060 4064; baseline 0.005 -22"><span class='ocrx_word' id='word_1_421' title='bbox 549 3993 664 4048; x_wconf 76' lang='lat' dir='ltr'><strong>Sub</strong></span> <span class='ocrx_word' id='word_1_422' title='bbox 688 3993 846 4046; x_wconf 87' lang='lat' dir='ltr'><strong>linem</strong></span> <span class='ocrx_word' id='word_1_423' title='bbox 871 3993 995 4046; x_wconf 92' lang='lat' dir='ltr'><strong>anni</strong></span> <span class='ocrx_word' id='word_1_424' title='bbox 1027 3993 1150 4064; x_wconf 65' lang='lat' dir='ltr'><strong>57b,</strong></span> <span class='ocrx_word' id='word_1_425' title='bbox 1176 4003 1268 4064; x_wconf 84' lang='lat' dir='ltr'><strong>aut</strong></span> <span class='ocrx_word' id='word_1_426' title='bbox 1293 3993 1501 4064; x_wconf 82' lang='lat' dir='ltr'><strong>initium</strong></span> <span class='ocrx_word' id='word_1_427' title='bbox 1545 3993 1668 4046; x_wconf 92' lang='lat' dir='ltr'><strong>anni</strong></span> <span class='ocrx_word' id='word_1_428' title='bbox 1695 3994 1820 4058; x_wconf 75' lang='lat'><strong>575,</strong></span> <span class='ocrx_word' id='word_1_429' title='bbox 1855 3995 2060 4064; x_wconf 89' lang='lat' dir='ltr'><strong>ample-</strong></span> 
     </span>
    </p>
   </div>
   <div class='ocr_carea' id='block_1_68' title="bbox 473 4062 1683 4119">
    <p class='ocr_par' dir='ltr' id='par_1_68' title="bbox 473 4062 1683 4119">
     <span class='ocr_line' id='line_1_68' title="bbox 473 4062 1683 4119; baseline -0.002 0"><span class='ocrx_word' id='word_1_430' title='bbox 473 4065 635 4119; x_wconf 80' lang='lat' dir='ltr'><strong>ctitur</strong></span> <span class='ocrx_word' id='word_1_431' title='bbox 673 4068 833 4117; x_wconf 85' lang='lat' dir='ltr'><strong>vitam</strong></span> <span class='ocrx_word' id='word_1_432' title='bbox 861 4063 1206 4117; x_wconf 87' lang='lat' dir='ltr'><strong>monasticam</strong></span> <span class='ocrx_word' id='word_1_433' title='bbox 1230 4063 1282 4116; x_wconf 93' lang='lat' dir='ltr'><strong>in</strong></span> <span class='ocrx_word' id='word_1_434' title='bbox 1312 4062 1615 4116; x_wconf 88' lang='lat' dir='ltr'><strong>solitudine.</strong></span> <span class='ocrx_word' id='word_1_435' title='bbox 1681 4080 1683 4082; x_wconf 83' lang='lat'>&#39;</span> 
     </span>
    </p>
   </div>
   <div class='ocr_carea' id='block_1_69' title="bbox 477 4133 2058 4258">
    <p class='ocr_par' dir='ltr' id='par_1_69' title="bbox 477 4133 2058 4258">
     <span class='ocr_line' id='line_1_69' title="bbox 477 4133 2058 4258; baseline 0.002 -72"><span class='ocrx_word' id='word_1_436' title='bbox 477 4203 521 4258; x_wconf 69' lang='grc' dir='ltr'>Τ</span> <span class='ocrx_word' id='word_1_437' title='bbox 548 4134 702 4254; x_wconf 53' lang='lat' dir='ltr'><strong>(inca</strong></span> <span class='ocrx_word' id='word_1_438' title='bbox 728 4149 926 4188; x_wconf 85' lang='lat' dir='ltr'><strong>annum</strong></span> <span class='ocrx_word' id='word_1_439' title='bbox 953 4133 1056 4190; x_wconf 77' lang='lat'><strong>375</strong></span> <span class='ocrx_word' id='word_1_440' title='bbox 1079 4134 1260 4202; x_wconf 89' lang='lat' dir='ltr'><strong>scripti</strong></span> <span class='ocrx_word' id='word_1_441' title='bbox 1307 4149 1400 4187; x_wconf 76' lang='lat' dir='ltr'><strong>ses</strong></span> <span class='ocrx_word' id='word_1_442' title='bbox 1445 4133 1565 4187; x_wconf 87' lang='lat' dir='ltr'><strong>libri</strong></span> <span class='ocrx_word' id='word_1_443' title='bbox 1614 4135 1683 4189; x_wconf 89' lang='lat' dir='ltr'><strong>de</strong></span> <span class='ocrx_word' id='word_1_444' title='bbox 1731 4135 2058 4191; x_wconf 84' lang='lat' dir='ltr'><strong>Sacerdotio.</strong></span> 
     </span>
    </p>
   </div>
   <div class='ocr_carea' id='block_1_70' title="bbox 554 4272 2064 4347">
    <p class='ocr_par' dir='ltr' id='par_1_70' title="bbox 554 4272 2064 4347">
     <span class='ocr_line' id='line_1_70' title="bbox 554 4272 2064 4347; baseline 0.004 -22"><span class='ocrx_word' id='word_1_445' title='bbox 554 4275 710 4326; x_wconf 82' lang='lat' dir='ltr'><strong>Anno</strong></span> <span class='ocrx_word' id='word_1_446' title='bbox 751 4272 859 4347; x_wconf 67' lang='lat' dir='ltr'><strong>37G</strong></span> <span class='ocrx_word' id='word_1_447' title='bbox 893 4272 1206 4347; x_wconf 69' lang='lat' dir='ltr'><strong>scriptitrcs</strong></span> <span class='ocrx_word' id='word_1_448' title='bbox 1237 4273 1356 4329; x_wconf 84' lang='lat' dir='ltr'><strong>libri</strong></span> <span class='ocrx_word' id='word_1_449' title='bbox 1382 4274 1637 4330; x_wconf 85' lang='lat' dir='ltr'><strong>adversus</strong></span> <span class='ocrx_word' id='word_1_450' title='bbox 1663 4276 2064 4347; x_wconf 84' lang='lat' dir='ltr'><strong>Oppugnatores</strong></span> 
     </span>
    </p>
   </div>
   <div class='ocr_carea' id='block_1_71' title="bbox 477 4343 1130 4397">
    <p class='ocr_par' dir='ltr' id='par_1_71' title="bbox 477 4343 1130 4397">
     <span class='ocr_line' id='line_1_71' title="bbox 477 4343 1130 4397; baseline 0 -1"><span class='ocrx_word' id='word_1_451' title='bbox 477 4347 603 4396; x_wconf 79' lang='lat' dir='ltr'><strong>v&#39;t-e</strong></span> <span class='ocrx_word' id='word_1_452' title='bbox 636 4344 963 4397; x_wconf 66' lang='lat' dir='ltr'><strong>monasticae.</strong></span> <span class='ocrx_word' id='word_1_453' title='bbox 991 4343 1055 4397; x_wconf 89' lang='lat' dir='ltr'><strong>&#39;I‘.</strong></span> <span class='ocrx_word' id='word_1_454' title='bbox 1091 4343 1130 4396; x_wconf 94' lang='grc' dir='ltr'><strong>Ι.</strong></span> 
     </span>
    </p>
   </div>
   <div class='ocr_carea' id='block_1_72' title="bbox 557 4413 2062 4496">
    <p class='ocr_par' dir='ltr' id='par_1_72' title="bbox 557 4413 2062 4496">
     <span class='ocr_line' id='line_1_72' title="bbox 557 4413 2062 4496; baseline 0.004 -31"><span class='ocrx_word' id='word_1_455' title='bbox 557 4413 854 4496; x_wconf 53' lang='grc' dir='ltr'><strong>ιζυγιθηηοιι</strong></span> <span class='ocrx_word' id='word_1_456' title='bbox 878 4414 967 4468; x_wconf 91' lang='lat' dir='ltr'><strong>diu</strong></span> <span class='ocrx_word' id='word_1_457' title='bbox 996 4425 1137 4496; x_wconf 87' lang='lat' dir='ltr'><strong>post,</strong></span> <span class='ocrx_word' id='word_1_458' title='bbox 1167 4430 1230 4496; x_wconf 81' lang='lat' dir='ltr'><strong>ac</strong></span> <span class='ocrx_word' id='word_1_459' title='bbox 1257 4416 1697 4496; x_wconf 59' lang='lat' dir='ltr'><strong>verisimiliterin</strong></span> <span class='ocrx_word' id='word_1_460' title='bbox 1726 4417 2062 4496; x_wconf 85' lang='lat' dir='ltr'><strong>_solitudine,</strong></span> 
     </span>
    </p>
   </div>
   <div class='ocr_carea' id='block_1_73' title="bbox 480 4485 1774 4556">
    <p class='ocr_par' dir='ltr' id='par_1_73' title="bbox 480 4485 1774 4556">
     <span class='ocr_line' id='line_1_73' title="bbox 480 4485 1774 4556; baseline 0 -16"><span class='ocrx_word' id='word_1_461' title='bbox 480 4486 682 4555; x_wconf 80' lang='lat' dir='ltr'><strong>scripta</strong></span> <span class='ocrx_word' id='word_1_462' title='bbox 710 4485 1050 4556; x_wconf 69' lang='lat' dir='ltr'><strong>Comparatio</strong></span> <span class='ocrx_word' id='word_1_463' title='bbox 1079 4487 1220 4552; x_wconf 74' lang='lat' dir='ltr'><strong>regis</strong></span> <span class='ocrx_word' id='word_1_464' title='bbox 1247 4496 1303 4542; x_wconf 90' lang='lat' dir='ltr'><strong>et</strong></span> <span class='ocrx_word' id='word_1_465' title='bbox 1327 4487 1599 4541; x_wconf 87' lang='lat' dir='ltr'><strong>monachi.</strong></span> <span class='ocrx_word' id='word_1_466' title='bbox 1627 4487 1692 4541; x_wconf 87' lang='grc' dir='ltr'><strong>Τ.</strong></span> <span class='ocrx_word' id='word_1_467' title='bbox 1726 4487 1774 4542; x_wconf 89' lang='grc'><strong>1.</strong></span> 
     </span>
    </p>
   </div>
   <div class='ocr_carea' id='block_1_74' title="bbox 560 4555 2065 4626">
    <p class='ocr_par' dir='ltr' id='par_1_74' title="bbox 560 4555 2065 4626">
     <span class='ocr_line' id='line_1_74' title="bbox 560 4555 2065 4626; baseline 0.001 -17"><span class='ocrx_word' id='word_1_468' title='bbox 560 4556 690 4609; x_wconf 87' lang='lat' dir='ltr'><strong>Item</strong></span> <span class='ocrx_word' id='word_1_469' title='bbox 723 4555 775 4609; x_wconf 94' lang='lat' dir='ltr'><strong>in</strong></span> <span class='ocrx_word' id='word_1_470' title='bbox 797 4555 1087 4611; x_wconf 85' lang='lat' dir='ltr'><strong>solitudine</strong></span> <span class='ocrx_word' id='word_1_471' title='bbox 1112 4557 1344 4626; x_wconf 89' lang='lat' dir='ltr'><strong>scriptus</strong></span> <span class='ocrx_word' id='word_1_472' title='bbox 1392 4559 1528 4611; x_wconf 90' lang='lat' dir='ltr'><strong>liber</strong></span> <span class='ocrx_word' id='word_1_473' title='bbox 1551 4558 1616 4612; x_wconf 92' lang='lat' dir='ltr'><strong>de</strong></span> <span class='ocrx_word' id='word_1_474' title='bbox 1645 4556 2065 4626; x_wconf 82' lang='lat' dir='ltr'><strong>Compunctione</strong></span> 
     </span>
    </p>
   </div>
   <div class='ocr_carea' id='block_1_75' title="bbox 479 4625 2065 4696">
    <p class='ocr_par' dir='ltr' id='par_1_75' title="bbox 479 4625 2065 4696">
     <span class='ocr_line' id='line_1_75' title="bbox 479 4625 2065 4696; baseline 0.002 -18"><span class='ocrx_word' id='word_1_475' title='bbox 479 4625 544 4678; x_wconf 84' lang='lat' dir='ltr'><strong>ad</strong></span> <span class='ocrx_word' id='word_1_476' title='bbox 579 4625 946 4693; x_wconf 85' lang='lat' dir='ltr'><strong>Demetrium;</strong></span> <span class='ocrx_word' id='word_1_477' title='bbox 991 4637 1112 4696; x_wconf 86' lang='lat' dir='ltr'><strong>post</strong></span> <span class='ocrx_word' id='word_1_478' title='bbox 1152 4625 1291 4682; x_wconf 86' lang='lat' dir='ltr'><strong>hunc</strong></span> <span class='ocrx_word' id='word_1_479' title='bbox 1338 4644 1468 4686; x_wconf 87' lang='lat' dir='ltr'><strong>vero</strong></span> <span class='ocrx_word' id='word_1_480' title='bbox 1513 4628 1649 4684; x_wconf 90' lang='lat' dir='ltr'><strong>alter</strong></span> <span class='ocrx_word' id='word_1_481' title='bbox 1690 4629 1759 4684; x_wconf 93' lang='lat' dir='ltr'><strong>de</strong></span> <span class='ocrx_word' id='word_1_482' title='bbox 1785 4625 2065 4696; x_wconf 84' lang='lat' dir='ltr'><strong>Compun-</strong></span> 
     </span>
    </p>
   </div>
   <div class='ocr_carea' id='block_1_76' title="bbox 487 4697 1300 4752">
    <p class='ocr_par' dir='ltr' id='par_1_76' title="bbox 487 4697 1300 4752">
     <span class='ocr_line' id='line_1_76' title="bbox 487 4697 1300 4752; baseline 0.002 -2"><span class='ocrx_word' id='word_1_483' title='bbox 487 4697 667 4752; x_wconf 84' lang='lat' dir='ltr'><strong>etione</strong></span> <span class='ocrx_word' id='word_1_484' title='bbox 696 4697 763 4751; x_wconf 86' lang='lat' dir='ltr'><strong>ad</strong></span> <span class='ocrx_word' id='word_1_485' title='bbox 789 4697 1136 4752; x_wconf 87' lang='lat' dir='ltr'><strong>Stelcchium.</strong></span> <span class='ocrx_word' id='word_1_486' title='bbox 1163 4698 1228 4752; x_wconf 89' lang='lat' dir='ltr'><strong>T.</strong></span> <span class='ocrx_word' id='word_1_487' title='bbox 1259 4697 1300 4752; x_wconf 91' lang='lat' dir='ltr'><strong>I.</strong></span> 
     </span>
    </p>
   </div>
   <div class='ocr_carea' id='block_1_77' title="bbox 559 4767 2066 4838">
    <p class='ocr_par' dir='ltr' id='par_1_77' title="bbox 559 4767 2066 4838">
     <span class='ocr_line' id='line_1_77' title="bbox 559 4767 2066 4838; baseline 0.003 -18"><span class='ocrx_word' id='word_1_488' title='bbox 559 4771 716 4821; x_wconf 81' lang='lat' dir='ltr'><strong>Auno</strong></span> <span class='ocrx_word' id='word_1_489' title='bbox 759 4767 889 4838; x_wconf 64' lang='grc' dir='ltr'><strong>βπ,</strong></span> <span class='ocrx_word' id='word_1_490' title='bbox 940 4777 1034 4822; x_wconf 90' lang='lat' dir='ltr'><strong>aut</strong></span> <span class='ocrx_word' id='word_1_491' title='bbox 1076 4769 1204 4832; x_wconf 79' lang='lat'><strong>578,</strong></span> <span class='ocrx_word' id='word_1_492' title='bbox 1239 4770 1585 4838; x_wconf 87' lang='lat' dir='ltr'><strong>probabiliter</strong></span> <span class='ocrx_word' id='word_1_493' title='bbox 1628 4770 1810 4838; x_wconf 85' lang='lat' dir='ltr'><strong>scripti</strong></span> <span class='ocrx_word' id='word_1_494' title='bbox 1857 4779 1964 4825; x_wconf 87' lang='lat' dir='ltr'><strong>tres</strong></span> <span class='ocrx_word' id='word_1_495' title='bbox 2001 4770 2066 4825; x_wconf 91' lang='lat' dir='ltr'><strong>ad</strong></span> 
     </span>
    </p>
   </div>
   <div class='ocr_carea' id='block_1_78' title="bbox 482 4835 1794 4909">
    <p class='ocr_par' dir='ltr' id='par_1_78' title="bbox 482 4835 1794 4909">
     <span class='ocr_line' id='line_1_78' title="bbox 482 4835 1794 4909; baseline 0.002 -17"><span class='ocrx_word' id='word_1_496' title='bbox 482 4835 865 4892; x_wconf 86' lang='lat' dir='ltr'><strong>consolandum</strong></span> <span class='ocrx_word' id='word_1_497' title='bbox 888 4838 1174 4909; x_wconf 80' lang='lat' dir='ltr'><strong>Stagirinm</strong></span> <span class='ocrx_word' id='word_1_498' title='bbox 1198 4835 1636 4909; x_wconf 83' lang='lat' dir='ltr'><strong>energumenum.</strong></span> <span class='ocrx_word' id='word_1_499' title='bbox 1665 4835 1794 4896; x_wconf 84' lang='grc' dir='ltr'><strong>Τ.Ἰ.</strong></span> 
     </span>
    </p>
   </div>
   <div class='ocr_carea' id='block_1_79' title="bbox 1086 4907 1463 4962">
    <p class='ocr_par' dir='ltr' id='par_1_79' title="bbox 1086 4907 1463 4962">
     <span class='ocr_line' id='line_1_79' title="bbox 1086 4907 1463 4962; baseline 0.005 -4"><span class='ocrx_word' id='word_1_500' title='bbox 1086 4907 1150 4958; x_wconf 90' lang='lat' dir='ltr'><strong>In</strong></span> <span class='ocrx_word' id='word_1_501' title='bbox 1176 4907 1463 4962; x_wconf 78' lang='lat' dir='ltr'><strong>diaconum.</strong></span> 
     </span>
    </p>
   </div>
   <div class='ocr_carea' id='block_1_80' title="bbox 559 4975 2067 5047">
    <p class='ocr_par' dir='ltr' id='par_1_80' title="bbox 559 4975 2067 5047">
     <span class='ocr_line' id='line_1_80' title="bbox 559 4975 2067 5047; baseline 0.007 -21"><span class='ocrx_word' id='word_1_502' title='bbox 559 4975 1021 5047; x_wconf 64' lang='lat' dir='ltr'><strong>Subtincnianni</strong></span> <span class='ocrx_word' id='word_1_503' title='bbox 1062 4977 1187 5040; x_wconf 76' lang='lat'><strong>580,</strong></span> <span class='ocrx_word' id='word_1_504' title='bbox 1219 4988 1312 5031; x_wconf 86' lang='lat' dir='ltr'><strong>aut</strong></span> <span class='ocrx_word' id='word_1_505' title='bbox 1355 4980 1558 5033; x_wconf 91' lang='lat' dir='ltr'><strong>initium</strong></span> <span class='ocrx_word' id='word_1_506' title='bbox 1589 4982 1712 5034; x_wconf 89' lang='lat' dir='ltr'><strong>anni</strong></span> <span class='ocrx_word' id='word_1_507' title='bbox 1753 4983 1848 5036; x_wconf 79' lang='grc'><strong>581</strong></span> <span class='ocrx_word' id='word_1_508' title='bbox 1873 5024 1887 5047; x_wconf 91' lang='grc'><strong>,</strong></span> <span class='ocrx_word' id='word_1_509' title='bbox 1933 4985 2067 5036; x_wconf 87' lang='lat' dir='ltr'><strong>San-</strong></span> 
     </span>
    </p>
   </div>
   <div class='ocr_carea' id='block_1_81' title="bbox 482 5045 2068 5117">
    <p class='ocr_par' dir='ltr' id='par_1_81' title="bbox 482 5045 2068 5117">
     <span class='ocr_line' id='line_1_81' title="bbox 482 5045 2068 5117; baseline 0.008 -21"><span class='ocrx_word' id='word_1_510' title='bbox 482 5056 620 5117; x_wconf 72' lang='lat' dir='ltr'><strong>etus,</strong></span> <span class='ocrx_word' id='word_1_511' title='bbox 645 5045 716 5096; x_wconf 88' lang='lat' dir='ltr'><strong>ob</strong></span> <span class='ocrx_word' id='word_1_512' title='bbox 746 5045 988 5117; x_wconf 79' lang='lat' dir='ltr'><strong>morbum</strong></span> <span class='ocrx_word' id='word_1_513' title='bbox 1011 5062 1077 5101; x_wconf 86' lang='lat' dir='ltr'><strong>ex</strong></span> <span class='ocrx_word' id='word_1_514' title='bbox 1103 5062 1286 5100; x_wconf 88' lang='lat' dir='ltr'><strong>eremo</strong></span> <span class='ocrx_word' id='word_1_515' title='bbox 1312 5049 1646 5103; x_wconf 80' lang='lat' dir='ltr'><strong>Antiochiam</strong></span> <span class='ocrx_word' id='word_1_516' title='bbox 1683 5045 1948 5117; x_wconf 76' lang='lat' dir='ltr'><strong>reversus,</strong></span> <span class='ocrx_word' id='word_1_517' title='bbox 1977 5071 2068 5107; x_wconf 86' lang='lat' dir='ltr'><strong>or-</strong></span> 
     </span>
    </p>
   </div>
   <div class='ocr_carea' id='block_1_82' title="bbox 487 5114 1002 5170">
    <p class='ocr_par' dir='ltr' id='par_1_82' title="bbox 487 5114 1002 5170">
     <span class='ocr_line' id='line_1_82' title="bbox 487 5114 1002 5170; baseline 0.004 -2"><span class='ocrx_word' id='word_1_518' title='bbox 487 5114 706 5168; x_wconf 86' lang='lat' dir='ltr'><strong>dinatur</strong></span> <span class='ocrx_word' id='word_1_519' title='bbox 727 5115 1002 5170; x_wconf 86' lang='lat' dir='ltr'><strong>diaconus.</strong></span> 
     </span>
    </p>
   </div>
   <div class='ocr_carea' id='block_1_83' title="bbox 562 5185 2068 5258">
    <p class='ocr_par' dir='ltr' id='par_1_83' title="bbox 562 5185 2068 5258">
     <span class='ocr_line' id='line_1_83' title="bbox 562 5185 2068 5258; baseline 0.009 -23"><span class='ocrx_word' id='word_1_520' title='bbox 562 5185 857 5258; x_wconf 56' lang='lat' dir='ltr'><strong>AtinoﬁSI</strong></span> <span class='ocrx_word' id='word_1_521' title='bbox 889 5187 1124 5258; x_wconf 87' lang='lat' dir='ltr'><strong>scriptus</strong></span> <span class='ocrx_word' id='word_1_522' title='bbox 1150 5188 1286 5242; x_wconf 88' lang='lat' dir='ltr'><strong>liber</strong></span> <span class='ocrx_word' id='word_1_523' title='bbox 1310 5189 1375 5241; x_wconf 87' lang='lat' dir='ltr'><strong>ad</strong></span> <span class='ocrx_word' id='word_1_524' title='bbox 1420 5189 1640 5244; x_wconf 73' lang='lat' dir='ltr'><strong>Viduam</strong></span> <span class='ocrx_word' id='word_1_525' title='bbox 1683 5191 1973 5258; x_wconf 85' lang='lat' dir='ltr'><strong>juniorem,</strong></span> <span class='ocrx_word' id='word_1_526' title='bbox 2005 5210 2068 5248; x_wconf 89' lang='lat' dir='ltr'><strong>ac</strong></span> 
     </span>
    </p>
   </div>
   <div class='ocr_carea' id='block_1_84' title="bbox 528 5255 2064 5331">
    <p class='ocr_par' dir='ltr' id='par_1_84' title="bbox 528 5255 2064 5331">
     <span class='ocr_line' id='line_1_84' title="bbox 528 5255 2064 5331; baseline 0.007 -24"><span class='ocrx_word' id='word_1_527' title='bbox 528 5255 928 5331; x_wconf 69' lang='lat' dir='ltr'><strong>robabiliterad</strong></span> <span class='ocrx_word' id='word_1_528' title='bbox 957 5255 1200 5331; x_wconf 75' lang='lat' dir='ltr'><strong>eamdem</strong></span> <span class='ocrx_word' id='word_1_529' title='bbox 1224 5275 1337 5331; x_wconf 83' lang='lat' dir='ltr'><strong>non</strong></span> <span class='ocrx_word' id='word_1_530' title='bbox 1359 5261 1447 5314; x_wconf 91' lang='lat' dir='ltr'><strong>diu</strong></span> <span class='ocrx_word' id='word_1_531' title='bbox 1478 5270 1599 5330; x_wconf 86' lang='lat' dir='ltr'><strong>post</strong></span> <span class='ocrx_word' id='word_1_532' title='bbox 1623 5255 1850 5331; x_wconf 77' lang='lat' dir='ltr'><strong>scriptus</strong></span> <span class='ocrx_word' id='word_1_533' title='bbox 1871 5255 1967 5316; x_wconf 70' lang='lat' dir='ltr'><strong>est</strong></span> <span class='ocrx_word' id='word_1_534' title='bbox 1998 5265 2064 5317; x_wconf 58' lang='lat' dir='ltr'><strong>liv</strong></span> 
     </span>
    </p>
   </div>
   <div class='ocr_carea' id='block_1_85' title="bbox 556 5325 1548 5398">
    <p class='ocr_par' dir='ltr' id='par_1_85' title="bbox 556 5325 1548 5398">
     <span class='ocr_line' id='line_1_85' title="bbox 556 5325 1548 5398; baseline 0.006 -21"><span class='ocrx_word' id='word_1_535' title='bbox 556 5340 581 5398; x_wconf 67' lang='grc' dir='ltr'>ς</span> <span class='ocrx_word' id='word_1_536' title='bbox 608 5325 810 5398; x_wconf 76' lang='lat' dir='ltr'><strong>denon</strong></span> <span class='ocrx_word' id='word_1_537' title='bbox 842 5328 1084 5382; x_wconf 87' lang='lat' dir='ltr'><strong>iterando</strong></span> <span class='ocrx_word' id='word_1_538' title='bbox 1103 5329 1382 5398; x_wconf 82' lang='lat' dir='ltr'><strong>Conjugio.</strong></span> <span class='ocrx_word' id='word_1_539' title='bbox 1411 5325 1491 5386; x_wconf 56' lang='grc' dir='ltr'><strong>Τί</strong></span> <span class='ocrx_word' id='word_1_540' title='bbox 1510 5331 1548 5384; x_wconf 96' lang='grc' dir='ltr'><strong>Ι.</strong></span> 
     </span>
    </p>
   </div>
   <div class='ocr_carea' id='block_1_86' title="bbox 518 5393 2070 5523">
    <p class='ocr_par' dir='ltr' id='par_1_86' title="bbox 518 5393 2070 5523">
     <span class='ocr_line' id='line_1_86' title="bbox 518 5393 2070 5523; baseline 0.005 -73"><span class='ocrx_word' id='word_1_541' title='bbox 518 5466 526 5476; x_wconf 35' lang='grc' dir='ltr'>ι</span> <span class='ocrx_word' id='word_1_542' title='bbox 554 5393 921 5523; x_wconf 43' lang='grc' dir='ltr'><strong>Ιεῦςέἰξιεξὶξηείιυ</strong></span> <span class='ocrx_word' id='word_1_543' title='bbox 949 5393 1303 5469; x_wconf 63' lang='grc' dir='ltr'><strong>ιιι-υικὼίιίῐριῗ</strong></span> <span class='ocrx_word' id='word_1_544' title='bbox 1316 5414 1562 5458; x_wconf 72' lang='lat' dir='ltr'><strong>exaralus</strong></span> <span class='ocrx_word' id='word_1_545' title='bbox 1582 5411 1666 5457; x_wconf 90' lang='lat' dir='ltr'><strong>est</strong></span> <span class='ocrx_word' id='word_1_546' title='bbox 1708 5403 1838 5459; x_wconf 89' lang='lat' dir='ltr'><strong>liber</strong></span> <span class='ocrx_word' id='word_1_547' title='bbox 1865 5404 1932 5459; x_wconf 90' lang='lat' dir='ltr'><strong>de</strong></span> <span class='ocrx_word' id='word_1_548' title='bbox 1963 5403 2070 5458; x_wconf 78' lang='lat' dir='ltr'><strong>Vir-</strong></span> 
     </span>
     <span class='ocr_line' id='line_1_87' title="bbox 518 5482 884 5522; baseline 0.005 -3"><span class='ocrx_word' id='word_1_549' title='bbox 518 5482 588 5521; x_wconf 89' lang='lat' dir='ltr'><strong>nn</strong></span> <span class='ocrx_word' id='word_1_550' title='bbox 669 5483 719 5521; x_wconf 91' lang='lat' dir='ltr'><strong>e.</strong></span> <span class='ocrx_word' id='word_1_551' title='bbox 802 5509 814 5522; x_wconf 97' lang='lat'><strong>.</strong></span> <span class='ocrx_word' id='word_1_552' title='bbox 871 5508 884 5521; x_wconf 94' lang='lat'><strong>.</strong></span> 
     </span>
    </p>
   </div>
   <div class='ocr_carea' id='block_1_87' title="bbox 480 5468 884 5536">
    <p class='ocr_par' dir='ltr' id='par_1_87' title="bbox 480 5468 884 5536">
     <span class='ocr_line' id='line_1_88' title="bbox 480 5468 884 5536; baseline 0.007 -18"><span class='ocrx_word' id='word_1_553' title='bbox 480 5468 719 5536; x_wconf 67' lang='lat' dir='ltr'><strong>ginitate.</strong></span> <span class='ocrx_word' id='word_1_554' title='bbox 751 5468 814 5522; x_wconf 88' lang='grc' dir='ltr'><strong>Τ.</strong></span> <span class='ocrx_word' id='word_1_555' title='bbox 844 5468 884 5523; x_wconf 93' lang='grc' dir='ltr'><strong>Ι.</strong></span> 
     </span>
    </p>
   </div>
   <div class='ocr_carea' id='block_1_88' title="bbox 554 5535 2066 5617">
    <p class='ocr_par' dir='ltr' id='par_1_88' title="bbox 554 5535 2066 5617">
     <span class='ocr_line' id='line_1_89' title="bbox 554 5535 2066 5617; baseline 0.004 -25"><span class='ocrx_word' id='word_1_556' title='bbox 554 5535 930 5617; x_wconf 81' lang='lat' dir='ltr'><strong>Circa_ai_mum</strong></span> <span class='ocrx_word' id='word_1_557' title='bbox 962 5541 1067 5596; x_wconf 74' lang='grc'><strong>582</strong></span> <span class='ocrx_word' id='word_1_558' title='bbox 1096 5545 1421 5617; x_wconf 53' lang='lat' dir='ltr'><strong>compositus</strong></span> <span class='ocrx_word' id='word_1_559' title='bbox 1442 5544 1576 5617; x_wconf 79' lang='lat' dir='ltr'><strong>liber</strong></span> <span class='ocrx_word' id='word_1_560' title='bbox 1615 5547 1668 5600; x_wconf 90' lang='lat' dir='ltr'><strong>in</strong></span> <span class='ocrx_word' id='word_1_561' title='bbox 1697 5545 1753 5601; x_wconf 92' lang='lat' dir='ltr'><strong>S.</strong></span> <span class='ocrx_word' id='word_1_562' title='bbox 1789 5546 2066 5617; x_wconf 84' lang='lat' dir='ltr'><strong>Babylatn,</strong></span> 
     </span>
    </p>
   </div>
   <div class='ocr_carea' id='block_1_89' title="bbox 479 5608 1500 5681">
    <p class='ocr_par' dir='ltr' id='par_1_89' title="bbox 479 5608 1500 5681">
     <span class='ocr_line' id='line_1_90' title="bbox 479 5608 1500 5681; baseline 0.007 -21"><span class='ocrx_word' id='word_1_563' title='bbox 479 5618 669 5681; x_wconf 64' lang='lat' dir='ltr'><strong>tonitru</strong></span> <span class='ocrx_word' id='word_1_564' title='bbox 701 5608 971 5665; x_wconf 70' lang='lat' dir='ltr'><strong>lulianum</strong></span> <span class='ocrx_word' id='word_1_565' title='bbox 1001 5622 1054 5666; x_wconf 90' lang='lat' dir='ltr'><strong>et</strong></span> <span class='ocrx_word' id='word_1_566' title='bbox 1076 5608 1318 5681; x_wconf 72' lang='lat' dir='ltr'><strong>gentiles.</strong></span> <span class='ocrx_word' id='word_1_567' title='bbox 1341 5614 1404 5670; x_wconf 88' lang='grc' dir='ltr'><strong>Τ.</strong></span> <span class='ocrx_word' id='word_1_568' title='bbox 1440 5615 1500 5670; x_wconf 93' lang='lat' dir='ltr'><strong>II.</strong></span> 
     </span>
    </p>
   </div>
   <div class='ocr_carea' id='block_1_90' title="bbox 513 5678 2066 5758">
    <p class='ocr_par' dir='ltr' id='par_1_90' title="bbox 513 5678 2066 5758">
     <span class='ocr_line' id='line_1_91' title="bbox 513 5678 2066 5758; baseline 0.007 -28"><span class='ocrx_word' id='word_1_569' title='bbox 513 5678 579 5758; x_wconf 82' lang='lat' dir='ltr'><strong>_ln</strong></span> <span class='ocrx_word' id='word_1_570' title='bbox 619 5678 1303 5758; x_wconf 67' lang='lat' dir='ltr'><strong>diaconattrverisimilitcr</strong></span> <span class='ocrx_word' id='word_1_571' title='bbox 1330 5689 1528 5754; x_wconf 89' lang='lat' dir='ltr'><strong>scripta</strong></span> <span class='ocrx_word' id='word_1_572' title='bbox 1574 5688 1830 5757; x_wconf 65' lang='lat' dir='ltr'><strong>Synopsis</strong></span> <span class='ocrx_word' id='word_1_573' title='bbox 1874 5690 1923 5742; x_wconf 89' lang='lat' dir='ltr'><strong>in</strong></span> <span class='ocrx_word' id='word_1_574' title='bbox 1977 5705 2066 5741; x_wconf 84' lang='lat' dir='ltr'><strong>va-</strong></span> 
     </span>
    </p>
   </div>
   <div class='ocr_carea' id='block_1_91' title="bbox 483 5752 2071 5828">
    <p class='ocr_par' dir='ltr' id='par_1_91' title="bbox 483 5752 2071 5828">
     <span class='ocr_line' id='line_1_92' title="bbox 483 5752 2071 5828; baseline 0.006 -25"><span class='ocrx_word' id='word_1_575' title='bbox 483 5752 590 5828; x_wconf 59' lang='lat' dir='ltr'><strong>rios</strong></span> <span class='ocrx_word' id='word_1_576' title='bbox 619 5764 786 5828; x_wconf 70' lang='lat' dir='ltr'><strong>sacra:</strong></span> <span class='ocrx_word' id='word_1_577' title='bbox 811 5752 1098 5820; x_wconf 72' lang='lat' dir='ltr'><strong>Scriptum</strong></span> <span class='ocrx_word' id='word_1_578' title='bbox 1135 5755 1336 5828; x_wconf 75' lang='lat' dir='ltr'><strong>libros;</strong></span> <span class='ocrx_word' id='word_1_579' title='bbox 1390 5752 1482 5811; x_wconf 83' lang='lat' dir='ltr'><strong>sed</strong></span> <span class='ocrx_word' id='word_1_580' title='bbox 1530 5752 1658 5818; x_wconf 77' lang='lat' dir='ltr'><strong>tota,</strong></span> <span class='ocrx_word' id='word_1_581' title='bbox 1710 5752 1867 5828; x_wconf 87' lang='lat' dir='ltr'><strong>quam</strong></span> <span class='ocrx_word' id='word_1_582' title='bbox 1907 5759 2071 5816; x_wconf 81' lang='lat' dir='ltr'><strong>edidit</strong></span> 
     </span>
    </p>
   </div>
   <div class='ocr_carea' id='block_1_92' title="bbox 488 5820 1792 5898">
    <p class='ocr_par' dir='ltr' id='par_1_92' title="bbox 488 5820 1792 5898">
     <span class='ocr_line' id='line_1_93' title="bbox 488 5820 1792 5898; baseline 0.005 -24"><span class='ocrx_word' id='word_1_583' title='bbox 488 5820 1053 5898; x_wconf 74' lang='lat' dir='ltr'><strong>Montfaueonus,nou</strong></span> <span class='ocrx_word' id='word_1_584' title='bbox 1081 5835 1161 5882; x_wconf 76' lang='lat' dir='ltr'><strong>est</strong></span> <span class='ocrx_word' id='word_1_585' title='bbox 1190 5825 1573 5896; x_wconf 64' lang='lat' dir='ltr'><strong>Clit-yscstomi.</strong></span> <span class='ocrx_word' id='word_1_586' title='bbox 1611 5828 1671 5884; x_wconf 88' lang='grc' dir='ltr'><strong>Τ.</strong></span> <span class='ocrx_word' id='word_1_587' title='bbox 1709 5820 1792 5884; x_wconf 63' lang='lat' dir='ltr'><strong>VI.</strong></span> 
     </span>
    </p>
   </div>
   <div class='ocr_carea' id='block_1_93' title="bbox 2517 2891 3361 2964">
    <p class='ocr_par' dir='ltr' id='par_1_93' title="bbox 2517 2891 3361 2964">
     <span class='ocr_line' id='line_1_94' title="bbox 2517 2891 3361 2964; baseline 0.001 -19"><span class='ocrx_word' id='word_1_588' title='bbox 2517 2891 2582 2946; x_wconf 85' lang='lat' dir='ltr'><strong>In</strong></span> <span class='ocrx_word' id='word_1_589' title='bbox 2611 2893 2981 2964; x_wconf 79' lang='lat' dir='ltr'><strong>presbyteratus</strong></span> <span class='ocrx_word' id='word_1_590' title='bbox 3022 2911 3155 2947; x_wconf 84' lang='lat' dir='ltr'><strong>anno</strong></span> <span class='ocrx_word' id='word_1_591' title='bbox 3177 2897 3361 2964; x_wconf 87' lang='lat' dir='ltr'><strong>primo.</strong></span> 
     </span>
    </p>
   </div>
   <div class='ocr_carea' id='block_1_94' title="bbox 2235 3005 3742 3078">
    <p class='ocr_par' dir='ltr' id='par_1_94' title="bbox 2235 3005 3742 3078">
     <span class='ocr_line' id='line_1_95' title="bbox 2235 3005 3742 3078; baseline 0 -19"><span class='ocrx_word' id='word_1_592' title='bbox 2235 3005 2384 3078; x_wconf 89' lang='lat' dir='ltr'><strong>Circa</strong></span> <span class='ocrx_word' id='word_1_593' title='bbox 2435 3007 2642 3060; x_wconf 90' lang='lat' dir='ltr'><strong>initimn</strong></span> <span class='ocrx_word' id='word_1_594' title='bbox 2687 3007 2810 3060; x_wconf 90' lang='lat' dir='ltr'><strong>anni</strong></span> <span class='ocrx_word' id='word_1_595' title='bbox 2864 3007 2968 3062; x_wconf 81' lang='lat'><strong>586</strong></span> <span class='ocrx_word' id='word_1_596' title='bbox 3015 3008 3428 3078; x_wconf 85' lang='lat' dir='ltr'><strong>Chrysostomus</strong></span> <span class='ocrx_word' id='word_1_597' title='bbox 3467 3007 3742 3060; x_wconf 84' lang='lat' dir='ltr'><strong>ordinatur</strong></span> 
     </span>
    </p>
   </div>
   <div class='ocr_carea' id='block_1_95' title="bbox 2165 3077 3738 3198">
    <p class='ocr_par' dir='ltr' id='par_1_95' title="bbox 2165 3077 3738 3198">
     <span class='ocr_line' id='line_1_96' title="bbox 2165 3077 3738 3198; baseline 0.001 -70"><span class='ocrx_word' id='word_1_598' title='bbox 2165 3077 2464 3198; x_wconf 67' lang='lat' dir='ltr'><strong>presbyter,</strong></span> <span class='ocrx_word' id='word_1_599' title='bbox 2493 3093 2788 3142; x_wconf 84' lang='lat' dir='ltr'><strong>munusque</strong></span> <span class='ocrx_word' id='word_1_600' title='bbox 2829 3077 3177 3133; x_wconf 86' lang='lat' dir='ltr'><strong>eoneionandi</strong></span> <span class='ocrx_word' id='word_1_601' title='bbox 3224 3079 3461 3141; x_wconf 88' lang='lat' dir='ltr'><strong>ordiens,</strong></span> <span class='ocrx_word' id='word_1_602' title='bbox 3515 3079 3738 3146; x_wconf 87' lang='lat' dir='ltr'><strong>primam</strong></span> 
     </span>
     <span class='ocr_line' id='line_1_97' title="bbox 2185 3146 2810 3198; baseline 0 0"><span class='ocrx_word' id='word_1_603' title='bbox 2185 3146 2325 3198; x_wconf 81' lang='lat' dir='ltr'><strong>labet</strong></span> <span class='ocrx_word' id='word_1_604' title='bbox 2353 3147 2650 3198; x_wconf 89' lang='lat' dir='ltr'><strong>Homiliam.</strong></span> <span class='ocrx_word' id='word_1_605' title='bbox 2675 3148 2737 3198; x_wconf 92' lang='lat' dir='ltr'><strong>T.</strong></span> <span class='ocrx_word' id='word_1_606' title='bbox 2771 3148 2810 3198; x_wconf 93' lang='lat' dir='ltr'><strong>I.</strong></span> 
     </span>
    </p>
   </div>
   <div class='ocr_carea' id='block_1_96' title="bbox 2185 3146 2810 3203">
    <p class='ocr_par' dir='ltr' id='par_1_96' title="bbox 2185 3146 2810 3203">
     <span class='ocr_line' id='line_1_98' title="bbox 2185 3146 2810 3203; baseline 0.003 -5"><span class='ocrx_word' id='word_1_607' title='bbox 2185 3146 2325 3200; x_wconf 76' lang='lat' dir='ltr'><strong>labet</strong></span> <span class='ocrx_word' id='word_1_608' title='bbox 2353 3147 2650 3202; x_wconf 90' lang='lat' dir='ltr'><strong>Homiliam.</strong></span> <span class='ocrx_word' id='word_1_609' title='bbox 2675 3148 2737 3203; x_wconf 92' lang='lat' dir='ltr'><strong>T.</strong></span> <span class='ocrx_word' id='word_1_610' title='bbox 2771 3148 2810 3200; x_wconf 93' lang='lat' dir='ltr'><strong>I.</strong></span> 
     </span>
    </p>
   </div>
   <div class='ocr_carea' id='block_1_97' title="bbox 2239 3217 3744 3283">
    <p class='ocr_par' dir='ltr' id='par_1_97' title="bbox 2239 3217 3744 3283">
     <span class='ocr_line' id='line_1_99' title="bbox 2239 3217 3744 3283; baseline -0.001 -12"><span class='ocrx_word' id='word_1_611' title='bbox 2239 3217 2365 3271; x_wconf 82' lang='lat' dir='ltr'><strong>Post</strong></span> <span class='ocrx_word' id='word_1_612' title='bbox 2392 3217 2546 3283; x_wconf 88' lang='lat' dir='ltr'><strong>hanc,</strong></span> <span class='ocrx_word' id='word_1_613' title='bbox 2579 3234 2763 3274; x_wconf 89' lang='lat' dir='ltr'><strong>mense</strong></span> <span class='ocrx_word' id='word_1_614' title='bbox 2781 3220 3033 3274; x_wconf 86' lang='lat' dir='ltr'><strong>Januario</strong></span> <span class='ocrx_word' id='word_1_615' title='bbox 3057 3232 3152 3274; x_wconf 89' lang='lat' dir='ltr'><strong>aut</strong></span> <span class='ocrx_word' id='word_1_616' title='bbox 3194 3220 3486 3275; x_wconf 85' lang='lat' dir='ltr'><strong>Februario</strong></span> <span class='ocrx_word' id='word_1_617' title='bbox 3512 3261 3527 3283; x_wconf 90' lang='lat'><strong>,</strong></span> <span class='ocrx_word' id='word_1_618' title='bbox 3583 3217 3744 3271; x_wconf 87' lang='lat' dir='ltr'><strong>habet</strong></span> 
     </span>
    </p>
   </div>
   <div class='ocr_carea' id='block_1_98' title="bbox 2167 3287 3746 3360">
    <p class='ocr_par' dir='ltr' id='par_1_98' title="bbox 2167 3287 3746 3360">
     <span class='ocr_line' id='line_1_100' title="bbox 2167 3287 3746 3360; baseline -0.001 -19"><span class='ocrx_word' id='word_1_619' title='bbox 2167 3287 2448 3342; x_wconf 88' lang='lat' dir='ltr'><strong>Ilomiliam</strong></span> <span class='ocrx_word' id='word_1_620' title='bbox 2475 3289 2542 3342; x_wconf 86' lang='lat' dir='ltr'><strong>de</strong></span> <span class='ocrx_word' id='word_1_621' title='bbox 2571 3290 2719 3354; x_wconf 84' lang='lat' dir='ltr'><strong>Ozia,</strong></span> <span class='ocrx_word' id='word_1_622' title='bbox 2749 3305 2866 3344; x_wconf 87' lang='lat' dir='ltr'><strong>eam</strong></span> <span class='ocrx_word' id='word_1_623' title='bbox 2897 3292 3169 3350; x_wconf 83' lang='lat' dir='ltr'><strong>nimirum.</strong></span> <span class='ocrx_word' id='word_1_624' title='bbox 3219 3307 3338 3360; x_wconf 79' lang='lat' dir='ltr'><strong>qua:</strong></span> <span class='ocrx_word' id='word_1_625' title='bbox 3368 3291 3434 3360; x_wconf 83' lang='lat' dir='ltr'><strong>de</strong></span> <span class='ocrx_word' id='word_1_626' title='bbox 3478 3305 3544 3343; x_wconf 90' lang='lat' dir='ltr'><strong>eo</strong></span> <span class='ocrx_word' id='word_1_627' title='bbox 3587 3287 3746 3355; x_wconf 71' lang='lat' dir='ltr'><strong>argit-</strong></span> 
     </span>
    </p>
   </div>
   <div class='ocr_carea' id='block_1_99' title="bbox 2167 3359 3745 3429">
    <p class='ocr_par' dir='ltr' id='par_1_99' title="bbox 2167 3359 3745 3429">
     <span class='ocr_line' id='line_1_101' title="bbox 2167 3359 3745 3429; baseline 0 -18"><span class='ocrx_word' id='word_1_628' title='bbox 2167 3368 2348 3412; x_wconf 91' lang='lat' dir='ltr'><strong>mento</strong></span> <span class='ocrx_word' id='word_1_629' title='bbox 2396 3360 2627 3414; x_wconf 83' lang='lat' dir='ltr'><strong>secunda</strong></span> <span class='ocrx_word' id='word_1_630' title='bbox 2674 3370 2758 3415; x_wconf 91' lang='lat' dir='ltr'><strong>est</strong></span> <span class='ocrx_word' id='word_1_631' title='bbox 2809 3362 3082 3429; x_wconf 88' lang='lat' dir='ltr'><strong>impressa.</strong></span> <span class='ocrx_word' id='word_1_632' title='bbox 3117 3360 3181 3414; x_wconf 90' lang='lat' dir='ltr'><strong>T.</strong></span> <span class='ocrx_word' id='word_1_633' title='bbox 3217 3359 3300 3413; x_wconf 77' lang='lat' dir='ltr'><strong>Vl.</strong></span> <span class='ocrx_word' id='word_1_634' title='bbox 3355 3359 3565 3415; x_wconf 79' lang='lat' dir='ltr'><strong>Secune</strong></span> <span class='ocrx_word' id='word_1_635' title='bbox 3617 3366 3745 3411; x_wconf 92' lang='lat' dir='ltr'><strong>sunt</strong></span> 
     </span>
    </p>
   </div>
   <div class='ocr_carea' id='block_1_100' title="bbox 2166 3430 3746 3499">
    <p class='ocr_par' dir='ltr' id='par_1_100' title="bbox 2166 3430 3746 3499">
     <span class='ocr_line' id='line_1_102' title="bbox 2166 3430 3746 3499; baseline 0.001 -19"><span class='ocrx_word' id='word_1_636' title='bbox 2166 3438 2290 3499; x_wconf 89' lang='lat' dir='ltr'><strong>ante</strong></span> <span class='ocrx_word' id='word_1_637' title='bbox 2327 3430 2797 3499; x_wconf 81' lang='lat' dir='ltr'><strong>Quadragesimam</strong></span> <span class='ocrx_word' id='word_1_638' title='bbox 2831 3441 2937 3484; x_wconf 85' lang='lat' dir='ltr'><strong>tres</strong></span> <span class='ocrx_word' id='word_1_639' title='bbox 2959 3431 3076 3484; x_wconf 75' lang='lat' dir='ltr'><strong>alia:</strong></span> <span class='ocrx_word' id='word_1_640' title='bbox 3099 3431 3167 3485; x_wconf 88' lang='lat' dir='ltr'><strong>de</strong></span> <span class='ocrx_word' id='word_1_641' title='bbox 3191 3430 3316 3484; x_wconf 83' lang='lat' dir='ltr'><strong>Ozia</strong></span> <span class='ocrx_word' id='word_1_642' title='bbox 3361 3440 3454 3484; x_wconf 89' lang='lat' dir='ltr'><strong>aut</strong></span> <span class='ocrx_word' id='word_1_643' title='bbox 3492 3433 3560 3484; x_wconf 90' lang='lat' dir='ltr'><strong>de</strong></span> <span class='ocrx_word' id='word_1_644' title='bbox 3586 3431 3746 3485; x_wconf 84' lang='lat' dir='ltr'><strong>Sera-</strong></span> 
     </span>
    </p>
   </div>
   <div class='ocr_carea' id='block_1_101' title="bbox 2169 3498 3322 3570">
    <p class='ocr_par' dir='ltr' id='par_1_101' title="bbox 2169 3498 3322 3570">
     <span class='ocr_line' id='line_1_103' title="bbox 2169 3498 3322 3570; baseline 0.001 -19"><span class='ocrx_word' id='word_1_645' title='bbox 2169 3498 2365 3570; x_wconf 84' lang='lat' dir='ltr'><strong>phinis,</strong></span> <span class='ocrx_word' id='word_1_646' title='bbox 2391 3498 2633 3554; x_wconf 77' lang='lat' dir='ltr'><strong>videlicet</strong></span> <span class='ocrx_word' id='word_1_647' title='bbox 2663 3504 2838 3568; x_wconf 89' lang='lat' dir='ltr'><strong>tertia,</strong></span> <span class='ocrx_word' id='word_1_648' title='bbox 2868 3503 3050 3570; x_wconf 88' lang='lat' dir='ltr'><strong>quinta</strong></span> <span class='ocrx_word' id='word_1_649' title='bbox 3073 3511 3128 3555; x_wconf 89' lang='lat' dir='ltr'><strong>et</strong></span> <span class='ocrx_word' id='word_1_650' title='bbox 3154 3512 3322 3554; x_wconf 80' lang='lat' dir='ltr'><strong>sexta.</strong></span> 
     </span>
    </p>
   </div>
   <div class='ocr_carea' id='block_1_102' title="bbox 2241 3569 3748 3642">
    <p class='ocr_par' dir='ltr' id='par_1_102' title="bbox 2241 3569 3748 3642">
     <span class='ocr_line' id='line_1_104' title="bbox 2241 3569 3748 3642; baseline 0.004 -21"><span class='ocrx_word' id='word_1_651' title='bbox 2241 3569 2299 3622; x_wconf 94' lang='lat' dir='ltr'><strong>In</strong></span> <span class='ocrx_word' id='word_1_652' title='bbox 2333 3571 2592 3640; x_wconf 91' lang='lat' dir='ltr'><strong>principio</strong></span> <span class='ocrx_word' id='word_1_653' title='bbox 2617 3569 3042 3642; x_wconf 69' lang='lat' dir='ltr'><strong>Quadi-agesinnn</strong></span> <span class='ocrx_word' id='word_1_654' title='bbox 3070 3571 3301 3626; x_wconf 89' lang='lat' dir='ltr'><strong>inchoati</strong></span> <span class='ocrx_word' id='word_1_655' title='bbox 3323 3581 3448 3627; x_wconf 92' lang='lat' dir='ltr'><strong>sunt</strong></span> <span class='ocrx_word' id='word_1_656' title='bbox 3472 3580 3594 3626; x_wconf 91' lang='lat' dir='ltr'><strong>octo</strong></span> <span class='ocrx_word' id='word_1_657' title='bbox 3620 3576 3748 3632; x_wconf 81' lang='lat' dir='ltr'><strong>Ser-</strong></span> 
     </span>
    </p>
   </div>
   <div class='ocr_carea' id='block_1_103' title="bbox 2168 3641 2944 3696">
    <p class='ocr_par' dir='ltr' id='par_1_103' title="bbox 2168 3641 2944 3696">
     <span class='ocr_line' id='line_1_105' title="bbox 2168 3641 2944 3696; baseline 0 -2"><span class='ocrx_word' id='word_1_658' title='bbox 2168 3654 2355 3694; x_wconf 89' lang='lat' dir='ltr'><strong>mones</strong></span> <span class='ocrx_word' id='word_1_659' title='bbox 2385 3642 2436 3694; x_wconf 92' lang='lat' dir='ltr'><strong>in</strong></span> <span class='ocrx_word' id='word_1_660' title='bbox 2467 3641 2738 3696; x_wconf 84' lang='lat' dir='ltr'><strong>Genesim.</strong></span> <span class='ocrx_word' id='word_1_661' title='bbox 2767 3641 2944 3696; x_wconf 49' lang='lat' dir='ltr'><strong>TIIV.</strong></span> 
     </span>
    </p>
   </div>
   <div class='ocr_carea' id='block_1_104' title="bbox 2241 3710 3746 3782">
    <p class='ocr_par' dir='ltr' id='par_1_104' title="bbox 2241 3710 3746 3782">
     <span class='ocr_line' id='line_1_106' title="bbox 2241 3710 3746 3782; baseline 0.004 -18"><span class='ocrx_word' id='word_1_662' title='bbox 2241 3710 2304 3782; x_wconf 85' lang='lat' dir='ltr'><strong>In</strong></span> <span class='ocrx_word' id='word_1_663' title='bbox 2327 3711 2511 3782; x_wconf 85' lang='lat' dir='ltr'><strong>eadem</strong></span> <span class='ocrx_word' id='word_1_664' title='bbox 2539 3712 2970 3782; x_wconf 83' lang='lat' dir='ltr'><strong>Quadragesima,</strong></span> <span class='ocrx_word' id='word_1_665' title='bbox 2995 3719 3382 3781; x_wconf 86' lang='lat' dir='ltr'><strong>consequenter</strong></span> <span class='ocrx_word' id='word_1_666' title='bbox 3399 3727 3581 3767; x_wconf 91' lang='lat' dir='ltr'><strong>mense</strong></span> <span class='ocrx_word' id='word_1_667' title='bbox 3608 3716 3746 3770; x_wconf 77' lang='lat' dir='ltr'><strong>Mar-</strong></span> 
     </span>
    </p>
   </div>
   <div class='ocr_carea' id='block_1_105' title="bbox 2171 3780 3748 3856">
    <p class='ocr_par' dir='ltr' id='par_1_105' title="bbox 2171 3780 3748 3856">
     <span class='ocr_line' id='line_1_107' title="bbox 2171 3780 3748 3856; baseline 0.005 -23"><span class='ocrx_word' id='word_1_668' title='bbox 2171 3780 2260 3856; x_wconf 83' lang='lat' dir='ltr'><strong>tio,</strong></span> <span class='ocrx_word' id='word_1_669' title='bbox 2294 3781 2485 3856; x_wconf 71' lang='lat' dir='ltr'><strong>habita:</strong></span> <span class='ocrx_word' id='word_1_670' title='bbox 2527 3780 2772 3856; x_wconf 79' lang='lat' dir='ltr'><strong>videntur</strong></span> <span class='ocrx_word' id='word_1_671' title='bbox 2795 3784 2914 3856; x_wconf 74' lang='lat' dir='ltr'><strong>alia:</strong></span> <span class='ocrx_word' id='word_1_672' title='bbox 2939 3780 3185 3856; x_wconf 81' lang='lat' dir='ltr'><strong>quinque</strong></span> <span class='ocrx_word' id='word_1_673' title='bbox 3201 3783 3457 3856; x_wconf 61' lang='lat' dir='ltr'><strong>Ilomilia:</strong></span> <span class='ocrx_word' id='word_1_674' title='bbox 3481 3825 3498 3856; x_wconf 76' lang='lat'><strong>,_</strong></span> <span class='ocrx_word' id='word_1_675' title='bbox 3555 3801 3748 3856; x_wconf 79' lang='lat' dir='ltr'><strong>nempe</strong></span> 
     </span>
    </p>
   </div>
   <div class='ocr_carea' id='block_1_106' title="bbox 2171 3851 3749 3922">
    <p class='ocr_par' dir='ltr' id='par_1_106' title="bbox 2171 3851 3749 3922">
     <span class='ocr_line' id='line_1_108' title="bbox 2171 3851 3749 3922; baseline 0.008 -22"><span class='ocrx_word' id='word_1_676' title='bbox 2171 3851 2288 3922; x_wconf 77' lang='lat' dir='ltr'><strong>dua:</strong></span> <span class='ocrx_word' id='word_1_677' title='bbox 2321 3851 2386 3904; x_wconf 89' lang='lat' dir='ltr'><strong>de</strong></span> <span class='ocrx_word' id='word_1_678' title='bbox 2416 3852 2798 3922; x_wconf 81' lang='lat' dir='ltr'><strong>Prophetarum</strong></span> <span class='ocrx_word' id='word_1_679' title='bbox 2825 3851 3166 3907; x_wconf 84' lang='lat' dir='ltr'><strong>obscuritate.</strong></span> <span class='ocrx_word' id='word_1_680' title='bbox 3200 3853 3265 3907; x_wconf 90' lang='lat' dir='ltr'><strong>T.</strong></span> <span class='ocrx_word' id='word_1_681' title='bbox 3313 3853 3352 3907; x_wconf 94' lang='grc' dir='ltr'><strong>Ι.</strong></span> <span class='ocrx_word' id='word_1_682' title='bbox 3382 3854 3532 3907; x_wconf 84' lang='lat' dir='ltr'><strong>tertia</strong></span> <span class='ocrx_word' id='word_1_683' title='bbox 3558 3851 3749 3912; x_wconf 68' lang='grc' dir='ltr'><strong>(τιηιιίοιι</strong></span> 
     </span>
    </p>
   </div>
   <div class='ocr_carea' id='block_1_107' title="bbox 2171 3921 3746 3993">
    <p class='ocr_par' dir='ltr' id='par_1_107' title="bbox 2171 3921 3746 3993">
     <span class='ocr_line' id='line_1_109' title="bbox 2171 3921 3746 3993; baseline 0.008 -24"><span class='ocrx_word' id='word_1_684' title='bbox 2171 3921 2489 3993; x_wconf 58' lang='lat' dir='ltr'><strong>.‘llanichmos</strong></span> <span class='ocrx_word' id='word_1_685' title='bbox 2508 3921 2769 3989; x_wconf 88' lang='lat' dir='ltr'><strong>dicentes,</strong></span> <span class='ocrx_word' id='word_1_686' title='bbox 2806 3925 3083 3979; x_wconf 62' lang='lat' dir='ltr'><strong>Dwmones</strong></span> <span class='ocrx_word' id='word_1_687' title='bbox 3122 3925 3422 3993; x_wconf 84' lang='lat' dir='ltr'><strong>gubernare</strong></span> <span class='ocrx_word' id='word_1_688' title='bbox 3467 3927 3746 3981; x_wconf 89' lang='lat' dir='ltr'><strong>mundum.</strong></span> 
     </span>
    </p>
   </div>
   <div class='ocr_carea' id='block_1_108' title="bbox 2170 3991 3745 4065">
    <p class='ocr_par' dir='ltr' id='par_1_108' title="bbox 2170 3991 3745 4065">
     <span class='ocr_line' id='line_1_110' title="bbox 2170 3991 3745 4065; baseline 0.006 -23"><span class='ocrx_word' id='word_1_689' title='bbox 2170 3991 2231 4065; x_wconf 72' lang='grc' dir='ltr'><strong>Τ.</strong></span> <span class='ocrx_word' id='word_1_690' title='bbox 2261 3991 2320 4043; x_wconf 94' lang='lat' dir='ltr'><strong>Il.</strong></span> <span class='ocrx_word' id='word_1_691' title='bbox 2347 4005 2530 4061; x_wconf 89' lang='lat' dir='ltr'><strong>quarta</strong></span> <span class='ocrx_word' id='word_1_692' title='bbox 2558 4005 2742 4048; x_wconf 88' lang='lat' dir='ltr'><strong>contra</strong></span> <span class='ocrx_word' id='word_1_693' title='bbox 2765 3996 3045 4065; x_wconf 83' lang='lat' dir='ltr'><strong>ignaviam.</strong></span> <span class='ocrx_word' id='word_1_694' title='bbox 3074 3991 3211 4047; x_wconf 74' lang='lat' dir='ltr'><strong>Ibid.</strong></span> <span class='ocrx_word' id='word_1_695' title='bbox 3240 4003 3294 4048; x_wconf 93' lang='lat' dir='ltr'><strong>et</strong></span> <span class='ocrx_word' id='word_1_696' title='bbox 3321 3994 3502 4064; x_wconf 89' lang='lat' dir='ltr'><strong>quinta</strong></span> <span class='ocrx_word' id='word_1_697' title='bbox 3523 3997 3592 4051; x_wconf 93' lang='lat' dir='ltr'><strong>de</strong></span> <span class='ocrx_word' id='word_1_698' title='bbox 3619 3998 3745 4051; x_wconf 89' lang='lat' dir='ltr'><strong>Dia-</strong></span> 
     </span>
    </p>
   </div>
   <div class='ocr_carea' id='block_1_109' title="bbox 2171 4063 2756 4118">
    <p class='ocr_par' dir='ltr' id='par_1_109' title="bbox 2171 4063 2756 4118">
     <span class='ocr_line' id='line_1_111' title="bbox 2171 4063 2756 4118; baseline 0.005 -3"><span class='ocrx_word' id='word_1_699' title='bbox 2171 4063 2295 4115; x_wconf 83' lang='lat' dir='ltr'><strong>bolo</strong></span> <span class='ocrx_word' id='word_1_700' title='bbox 2312 4073 2592 4118; x_wconf 90' lang='lat' dir='ltr'><strong>tentatore.</strong></span> <span class='ocrx_word' id='word_1_701' title='bbox 2622 4065 2756 4118; x_wconf 85' lang='lat' dir='ltr'><strong>Ibid.</strong></span> 
     </span>
    </p>
   </div>
   <div class='ocr_carea' id='block_1_110' title="bbox 2244 4133 3749 4204">
    <p class='ocr_par' dir='ltr' id='par_1_110' title="bbox 2244 4133 3749 4204">
     <span class='ocr_line' id='line_1_112' title="bbox 2244 4133 3749 4204; baseline 0.005 -18"><span class='ocrx_word' id='word_1_702' title='bbox 2244 4133 2443 4188; x_wconf 78' lang='lat' dir='ltr'><strong>Eodem</strong></span> <span class='ocrx_word' id='word_1_703' title='bbox 2469 4151 2631 4196; x_wconf 88' lang='lat' dir='ltr'><strong>anno,</strong></span> <span class='ocrx_word' id='word_1_704' title='bbox 2658 4136 3014 4191; x_wconf 80' lang='lat' dir='ltr'><strong>verisiiniliter</strong></span> <span class='ocrx_word' id='word_1_705' title='bbox 3039 4149 3222 4189; x_wconf 88' lang='lat' dir='ltr'><strong>mense</strong></span> <span class='ocrx_word' id='word_1_706' title='bbox 3243 4133 3398 4204; x_wconf 70' lang='lat' dir='ltr'><strong>blajo,</strong></span> <span class='ocrx_word' id='word_1_707' title='bbox 3433 4134 3611 4191; x_wconf 87' lang='lat' dir='ltr'><strong>habita</strong></span> <span class='ocrx_word' id='word_1_708' title='bbox 3639 4138 3749 4193; x_wconf 88' lang='lat' dir='ltr'><strong>IIo-</strong></span> 
     </span>
    </p>
   </div>
   <div class='ocr_carea' id='block_1_111' title="bbox 2171 4204 2987 4260">
    <p class='ocr_par' dir='ltr' id='par_1_111' title="bbox 2171 4204 2987 4260">
     <span class='ocr_line' id='line_1_113' title="bbox 2171 4204 2987 4260; baseline 0.001 -3"><span class='ocrx_word' id='word_1_709' title='bbox 2171 4205 2313 4257; x_wconf 88' lang='lat' dir='ltr'><strong>tuilia</strong></span> <span class='ocrx_word' id='word_1_710' title='bbox 2339 4204 2390 4258; x_wconf 94' lang='lat' dir='ltr'><strong>in</strong></span> <span class='ocrx_word' id='word_1_711' title='bbox 2417 4205 2472 4258; x_wconf 89' lang='lat' dir='ltr'><strong>S.</strong></span> <span class='ocrx_word' id='word_1_712' title='bbox 2503 4205 2792 4260; x_wconf 85' lang='lat' dir='ltr'><strong>Melctittln.</strong></span> <span class='ocrx_word' id='word_1_713' title='bbox 2825 4205 2885 4258; x_wconf 92' lang='lat' dir='ltr'><strong>T.</strong></span> <span class='ocrx_word' id='word_1_714' title='bbox 2925 4205 2987 4259; x_wconf 96' lang='lat' dir='ltr'><strong>Il.</strong></span> 
     </span>
    </p>
   </div>
   <div class='ocr_carea' id='block_1_112' title="bbox 2245 4274 3743 4346">
    <p class='ocr_par' dir='ltr' id='par_1_112' title="bbox 2245 4274 3743 4346">
     <span class='ocr_line' id='line_1_114' title="bbox 2245 4274 3743 4346; baseline 0.004 -21"><span class='ocrx_word' id='word_1_715' title='bbox 2245 4274 2444 4346; x_wconf 84' lang='lat' dir='ltr'><strong>Eodem</strong></span> <span class='ocrx_word' id='word_1_716' title='bbox 2470 4277 2828 4346; x_wconf 80' lang='lat' dir='ltr'><strong>verisitniliter</strong></span> <span class='ocrx_word' id='word_1_717' title='bbox 2853 4291 2995 4331; x_wconf 89' lang='lat' dir='ltr'><strong>anno</strong></span> <span class='ocrx_word' id='word_1_718' title='bbox 3015 4275 3288 4346; x_wconf 75' lang='lat' dir='ltr'><strong>:rgrotavit</strong></span> <span class='ocrx_word' id='word_1_719' title='bbox 3307 4275 3743 4344; x_wconf 82' lang='lat' dir='ltr'><strong>Chrysostomus,</strong></span> 
     </span>
    </p>
   </div>
   <div class='ocr_carea' id='block_1_113' title="bbox 2173 4343 3751 4416">
    <p class='ocr_par' dir='ltr' id='par_1_113' title="bbox 2173 4343 3751 4416">
     <span class='ocr_line' id='line_1_115' title="bbox 2173 4343 3751 4416; baseline 0.003 -19"><span class='ocrx_word' id='word_1_720' title='bbox 2173 4343 2756 4413; x_wconf 89' lang='lat' dir='ltr'><strong>habuitquellomiliam</strong></span> <span class='ocrx_word' id='word_1_721' title='bbox 2798 4348 2849 4399; x_wconf 93' lang='lat' dir='ltr'><strong>in</strong></span> <span class='ocrx_word' id='word_1_722' title='bbox 2905 4347 3032 4402; x_wconf 89' lang='lat' dir='ltr'><strong>illud</strong></span> <span class='ocrx_word' id='word_1_723' title='bbox 3065 4343 3318 4416; x_wconf 53' lang='lat' dir='ltr'><strong>&#39;Apostoli</strong></span> <span class='ocrx_word' id='word_1_724' title='bbox 3353 4364 3365 4399; x_wconf 90' lang='lat'>:</span> <span class='ocrx_word' id='word_1_725' title='bbox 3421 4346 3535 4400; x_wconf 81' lang='lat' dir='ltr'><strong>Hoc</strong></span> <span class='ocrx_word' id='word_1_726' title='bbox 3582 4359 3751 4401; x_wconf 78' lang='lat' dir='ltr'><strong>autent</strong></span> 
     </span>
    </p>
   </div>
   <div class='ocr_carea' id='block_1_114' title="bbox 2170 4416 2717 4478">
    <p class='ocr_par' dir='ltr' id='par_1_114' title="bbox 2170 4416 2717 4478">
     <span class='ocr_line' id='line_1_116' title="bbox 2170 4416 2717 4478; baseline 0.004 -10"><span class='ocrx_word' id='word_1_727' title='bbox 2170 4416 2372 4478; x_wconf 83' lang='lat' dir='ltr'><strong>scitote,</strong></span> <span class='ocrx_word' id='word_1_728' title='bbox 2404 4425 2507 4469; x_wconf 91' lang='lat' dir='ltr'><strong>etc.</strong></span> <span class='ocrx_word' id='word_1_729' title='bbox 2539 4417 2603 4470; x_wconf 89' lang='grc' dir='ltr'><strong>Τ.</strong></span> <span class='ocrx_word' id='word_1_730' title='bbox 2632 4416 2717 4470; x_wconf 71' lang='grc' dir='ltr'><strong>γι.</strong></span> 
     </span>
    </p>
   </div>
   <div class='ocr_carea' id='block_1_115' title="bbox 2242 4485 3748 4554">
    <p class='ocr_par' dir='ltr' id='par_1_115' title="bbox 2242 4485 3748 4554">
     <span class='ocr_line' id='line_1_117' title="bbox 2242 4485 3748 4554; baseline 0.001 -15"><span class='ocrx_word' id='word_1_731' title='bbox 2242 4485 2422 4540; x_wconf 82' lang='lat' dir='ltr'><strong>Mense</strong></span> <span class='ocrx_word' id='word_1_732' title='bbox 2451 4487 2688 4553; x_wconf 74' lang='lat' dir='ltr'><strong>Augusto</strong></span> <span class='ocrx_word' id='word_1_733' title='bbox 2728 4487 2904 4542; x_wconf 84' lang='lat' dir='ltr'><strong>habita</strong></span> <span class='ocrx_word' id='word_1_734' title='bbox 2950 4496 3034 4542; x_wconf 87' lang='lat' dir='ltr'><strong>est</strong></span> <span class='ocrx_word' id='word_1_735' title='bbox 3077 4486 3302 4542; x_wconf 86' lang='lat' dir='ltr'><strong>Homilia</strong></span> <span class='ocrx_word' id='word_1_736' title='bbox 3345 4487 3514 4554; x_wconf 88' lang='lat' dir='ltr'><strong>prima</strong></span> <span class='ocrx_word' id='word_1_737' title='bbox 3562 4498 3748 4541; x_wconf 91' lang='lat' dir='ltr'><strong>contra</strong></span> 
     </span>
    </p>
   </div>
   <div class='ocr_carea' id='block_1_116' title="bbox 2174 4556 3750 4626">
    <p class='ocr_par' dir='ltr' id='par_1_116' title="bbox 2174 4556 3750 4626">
     <span class='ocr_line' id='line_1_118' title="bbox 2174 4556 3750 4626; baseline 0.002 -17"><span class='ocrx_word' id='word_1_738' title='bbox 2174 4557 2482 4610; x_wconf 71' lang='lat' dir='ltr'><strong>Anomoeos.</strong></span> <span class='ocrx_word' id='word_1_739' title='bbox 2537 4557 2600 4610; x_wconf 86' lang='grc' dir='ltr'><strong>Τ.</strong></span> <span class='ocrx_word' id='word_1_740' title='bbox 2661 4559 2700 4612; x_wconf 90' lang='grc'><strong>1.</strong></span> <span class='ocrx_word' id='word_1_741' title='bbox 2779 4558 2906 4612; x_wconf 88' lang='lat' dir='ltr'><strong>Post</strong></span> <span class='ocrx_word' id='word_1_742' title='bbox 2969 4559 3102 4612; x_wconf 90' lang='lat' dir='ltr'><strong>hanc</strong></span> <span class='ocrx_word' id='word_1_743' title='bbox 3151 4557 3251 4611; x_wconf 90' lang='lat' dir='ltr'><strong>sub</strong></span> <span class='ocrx_word' id='word_1_744' title='bbox 3314 4556 3474 4612; x_wconf 84' lang='lat' dir='ltr'><strong>linem</strong></span> <span class='ocrx_word' id='word_1_745' title='bbox 3527 4557 3750 4626; x_wconf 84' lang='lat' dir='ltr'><strong>Augusti</strong></span> 
     </span>
    </p>
   </div>
   <div class='ocr_carea' id='block_1_117' title="bbox 2172 4627 3749 4695">
    <p class='ocr_par' dir='ltr' id='par_1_117' title="bbox 2172 4627 3749 4695">
     <span class='ocr_line' id='line_1_119' title="bbox 2172 4627 3749 4695; baseline 0.001 -15"><span class='ocrx_word' id='word_1_746' title='bbox 2172 4639 2260 4680; x_wconf 91' lang='lat' dir='ltr'><strong>aut</strong></span> <span class='ocrx_word' id='word_1_747' title='bbox 2285 4627 2488 4681; x_wconf 90' lang='lat' dir='ltr'><strong>initium</strong></span> <span class='ocrx_word' id='word_1_748' title='bbox 2517 4627 2867 4695; x_wconf 87' lang='lat' dir='ltr'><strong>Septembris,</strong></span> <span class='ocrx_word' id='word_1_749' title='bbox 2895 4629 3120 4684; x_wconf 86' lang='lat' dir='ltr'><strong>Sanctus</strong></span> <span class='ocrx_word' id='word_1_750' title='bbox 3144 4627 3324 4682; x_wconf 89' lang='lat' dir='ltr'><strong>dicere</strong></span> <span class='ocrx_word' id='word_1_751' title='bbox 3377 4628 3535 4694; x_wconf 73' lang='lat' dir='ltr'><strong>cmpit</strong></span> <span class='ocrx_word' id='word_1_752' title='bbox 3559 4638 3749 4682; x_wconf 89' lang='lat' dir='ltr'><strong>contra</strong></span> 
     </span>
    </p>
   </div>
   <div class='ocr_carea' id='block_1_118' title="bbox 2173 4698 3749 4769">
    <p class='ocr_par' dir='ltr' id='par_1_118' title="bbox 2173 4698 3749 4769">
     <span class='ocr_line' id='line_1_120' title="bbox 2173 4698 3749 4769; baseline -0.002 -16"><span class='ocrx_word' id='word_1_753' title='bbox 2173 4698 2408 4763; x_wconf 67' lang='grc' dir='ltr'><strong>Ιυάίυοε,</strong></span> <span class='ocrx_word' id='word_1_754' title='bbox 2443 4698 2730 4767; x_wconf 88' lang='lat' dir='ltr'><strong>habuitque</strong></span> <span class='ocrx_word' id='word_1_755' title='bbox 2753 4710 3144 4769; x_wconf 89' lang='lat' dir='ltr'><strong>consequenter</strong></span> <span class='ocrx_word' id='word_1_756' title='bbox 3159 4699 3294 4751; x_wconf 89' lang='lat' dir='ltr'><strong>duas</strong></span> <span class='ocrx_word' id='word_1_757' title='bbox 3321 4699 3522 4769; x_wconf 84' lang='lat' dir='ltr'><strong>priores</strong></span> <span class='ocrx_word' id='word_1_758' title='bbox 3541 4699 3749 4769; x_wconf 65' lang='lat' dir='ltr'><strong>(mitio-</strong></span> 
     </span>
    </p>
   </div>
   <div class='ocr_carea' id='block_1_119' title="bbox 2174 4767 3746 4835">
    <p class='ocr_par' dir='ltr' id='par_1_119' title="bbox 2174 4767 3746 4835">
     <span class='ocr_line' id='line_1_121' title="bbox 2174 4767 3746 4835; baseline 0 -13"><span class='ocrx_word' id='word_1_759' title='bbox 2174 4785 2268 4824; x_wconf 91' lang='lat' dir='ltr'><strong>nes</strong></span> <span class='ocrx_word' id='word_1_760' title='bbox 2294 4780 2478 4824; x_wconf 89' lang='lat' dir='ltr'><strong>contra</strong></span> <span class='ocrx_word' id='word_1_761' title='bbox 2497 4769 2729 4824; x_wconf 63' lang='lat' dir='ltr'><strong>Jndteos.</strong></span> <span class='ocrx_word' id='word_1_762' title='bbox 2757 4771 2820 4823; x_wconf 89' lang='lat' dir='ltr'><strong>’I‘.</strong></span> <span class='ocrx_word' id='word_1_763' title='bbox 2857 4771 2894 4824; x_wconf 95' lang='grc' dir='ltr'><strong>Ι.</strong></span> <span class='ocrx_word' id='word_1_764' title='bbox 2917 4767 2972 4825; x_wconf 85' lang='lat' dir='ltr'><strong>et</strong></span> <span class='ocrx_word' id='word_1_765' title='bbox 3000 4769 3134 4824; x_wconf 79' lang='lat' dir='ltr'><strong>forte</strong></span> <span class='ocrx_word' id='word_1_766' title='bbox 3153 4769 3286 4822; x_wconf 89' lang='lat' dir='ltr'><strong>alias</strong></span> <span class='ocrx_word' id='word_1_767' title='bbox 3313 4767 3468 4824; x_wconf 89' lang='lat' dir='ltr'><strong>hodie</strong></span> <span class='ocrx_word' id='word_1_768' title='bbox 3491 4767 3746 4835; x_wconf 88' lang='lat' dir='ltr'><strong>perditas.</strong></span> 
     </span>
    </p>
   </div>
   <div class='ocr_carea' id='block_1_120' title="bbox 2243 4837 3753 4896">
    <p class='ocr_par' dir='ltr' id='par_1_120' title="bbox 2243 4837 3753 4896">
     <span class='ocr_line' id='line_1_122' title="bbox 2243 4837 3753 4896; baseline -0.001 -4"><span class='ocrx_word' id='word_1_769' title='bbox 2243 4840 2424 4896; x_wconf 86' lang='lat' dir='ltr'><strong>Mense</strong></span> <span class='ocrx_word' id='word_1_770' title='bbox 2463 4840 2744 4895; x_wconf 85' lang='lat' dir='ltr'><strong>Novembri</strong></span> <span class='ocrx_word' id='word_1_771' title='bbox 2787 4842 3012 4895; x_wconf 86' lang='lat' dir='ltr'><strong>Sanctus</strong></span> <span class='ocrx_word' id='word_1_772' title='bbox 3043 4840 3266 4894; x_wconf 89' lang='lat' dir='ltr'><strong>resumit</strong></span> <span class='ocrx_word' id='word_1_773' title='bbox 3311 4837 3601 4893; x_wconf 88' lang='lat' dir='ltr'><strong>certamina</strong></span> <span class='ocrx_word' id='word_1_774' title='bbox 3656 4839 3753 4891; x_wconf 83' lang='lat' dir='ltr'><strong>ad-</strong></span> 
     </span>
    </p>
   </div>
   <div class='ocr_carea' id='block_1_121' title="bbox 2174 4910 3751 4979">
    <p class='ocr_par' dir='ltr' id='par_1_121' title="bbox 2174 4910 3751 4979">
     <span class='ocr_line' id='line_1_123' title="bbox 2174 4910 3751 4979; baseline -0.001 -17"><span class='ocrx_word' id='word_1_775' title='bbox 2174 4926 2360 4963; x_wconf 82' lang='lat' dir='ltr'><strong>versus</strong></span> <span class='ocrx_word' id='word_1_776' title='bbox 2391 4913 2692 4972; x_wconf 67' lang='lat' dir='ltr'><strong>Anomxos,</strong></span> <span class='ocrx_word' id='word_1_777' title='bbox 2720 4912 2912 4979; x_wconf 90' lang='lat' dir='ltr'><strong>illoque</strong></span> <span class='ocrx_word' id='word_1_778' title='bbox 2945 4921 2998 4965; x_wconf 92' lang='lat' dir='ltr'><strong>et</strong></span> <span class='ocrx_word' id='word_1_779' title='bbox 3042 4910 3282 4977; x_wconf 88' lang='lat' dir='ltr'><strong>sequenti</strong></span> <span class='ocrx_word' id='word_1_780' title='bbox 3334 4923 3519 4961; x_wconf 87' lang='lat' dir='ltr'><strong>mense</strong></span> <span class='ocrx_word' id='word_1_781' title='bbox 3563 4919 3751 4962; x_wconf 84' lang='lat' dir='ltr'><strong>contra</strong></span> 
     </span>
    </p>
   </div>
   <div class='ocr_carea' id='block_1_122' title="bbox 2176 4980 3753 5047">
    <p class='ocr_par' dir='ltr' id='par_1_122' title="bbox 2176 4980 3753 5047">
     <span class='ocr_line' id='line_1_124' title="bbox 2176 4980 3753 5047; baseline -0.001 -13"><span class='ocrx_word' id='word_1_782' title='bbox 2176 4983 2293 5034; x_wconf 88' lang='lat' dir='ltr'><strong>illos</strong></span> <span class='ocrx_word' id='word_1_783' title='bbox 2321 4981 2484 5033; x_wconf 80' lang='lat' dir='ltr'><strong>habet</strong></span> <span class='ocrx_word' id='word_1_784' title='bbox 2513 4981 2767 5036; x_wconf 88' lang='lat' dir='ltr'><strong>llotnilias</strong></span> <span class='ocrx_word' id='word_1_785' title='bbox 2795 4980 3104 5046; x_wconf 88' lang='lat' dir='ltr'><strong>secundam,</strong></span> <span class='ocrx_word' id='word_1_786' title='bbox 3135 4981 3369 5045; x_wconf 85' lang='lat' dir='ltr'><strong>tertiam,</strong></span> <span class='ocrx_word' id='word_1_787' title='bbox 3419 4989 3665 5047; x_wconf 87' lang='lat' dir='ltr'><strong>quartatn</strong></span> <span class='ocrx_word' id='word_1_788' title='bbox 3699 4988 3753 5032; x_wconf 90' lang='lat' dir='ltr'><strong>et</strong></span> 
     </span>
    </p>
   </div>
   <div class='ocr_carea' id='block_1_123' title="bbox 2174 5052 3078 5120">
    <p class='ocr_par' dir='ltr' id='par_1_123' title="bbox 2174 5052 3078 5120">
     <span class='ocr_line' id='line_1_125' title="bbox 2174 5052 3078 5120; baseline 0.004 -20"><span class='ocrx_word' id='word_1_789' title='bbox 2174 5053 2409 5120; x_wconf 83' lang='lat' dir='ltr'><strong>quintam</strong></span> <span class='ocrx_word' id='word_1_790' title='bbox 2441 5052 2508 5105; x_wconf 91' lang='lat' dir='ltr'><strong>de</strong></span> <span class='ocrx_word' id='word_1_791' title='bbox 2533 5052 3078 5120; x_wconf 86' lang='lat' dir='ltr'><strong>lncomprehensibili.</strong></span> 
     </span>
    </p>
   </div>
   <div class='ocr_carea' id='block_1_124' title="bbox 2245 5118 3748 5178">
    <p class='ocr_par' dir='ltr' id='par_1_124' title="bbox 2245 5118 3748 5178">
     <span class='ocr_line' id='line_1_126' title="bbox 2245 5118 3748 5178; baseline -0.001 -2"><span class='ocrx_word' id='word_1_792' title='bbox 2245 5122 2370 5176; x_wconf 82' lang='lat' dir='ltr'><strong>Post</strong></span> <span class='ocrx_word' id='word_1_793' title='bbox 2414 5123 2622 5176; x_wconf 89' lang='lat' dir='ltr'><strong>tertiam</strong></span> <span class='ocrx_word' id='word_1_794' title='bbox 2672 5118 2809 5178; x_wconf 86' lang='lat' dir='ltr'><strong>dicta</strong></span> <span class='ocrx_word' id='word_1_795' title='bbox 2869 5121 3076 5177; x_wconf 85' lang='lat' dir='ltr'><strong>videtur</strong></span> <span class='ocrx_word' id='word_1_796' title='bbox 3119 5119 3342 5174; x_wconf 85' lang='lat' dir='ltr'><strong>Ilomilia</strong></span> <span class='ocrx_word' id='word_1_797' title='bbox 3395 5118 3465 5174; x_wconf 91' lang='lat' dir='ltr'><strong>de</strong></span> <span class='ocrx_word' id='word_1_798' title='bbox 3513 5119 3748 5174; x_wconf 84' lang='lat' dir='ltr'><strong>Anathe-</strong></span> 
     </span>
    </p>
   </div>
   <div class='ocr_carea' id='block_1_125' title="bbox 2175 5193 2492 5247">
    <p class='ocr_par' dir='ltr' id='par_1_125' title="bbox 2175 5193 2492 5247">
     <span class='ocr_line' id='line_1_127' title="bbox 2175 5193 2492 5247; baseline -0.003 -1"><span class='ocrx_word' id='word_1_799' title='bbox 2175 5203 2334 5246; x_wconf 86' lang='lat' dir='ltr'><strong>mate.</strong></span> <span class='ocrx_word' id='word_1_800' title='bbox 2367 5193 2428 5247; x_wconf 90' lang='grc' dir='ltr'><strong>Τ.</strong></span> <span class='ocrx_word' id='word_1_801' title='bbox 2454 5193 2492 5246; x_wconf 93' lang='grc' dir='ltr'><strong>Ι.</strong></span> 
     </span>
    </p>
   </div>
   <div class='ocr_carea' id='block_1_126' title="bbox 2249 5259 3750 5333">
    <p class='ocr_par' dir='ltr' id='par_1_126' title="bbox 2249 5259 3750 5333">
     <span class='ocr_line' id='line_1_128' title="bbox 2249 5259 3750 5333; baseline -0.003 -16"><span class='ocrx_word' id='word_1_802' title='bbox 2249 5263 2372 5318; x_wconf 85' lang='lat' dir='ltr'><strong>Post</strong></span> <span class='ocrx_word' id='word_1_803' title='bbox 2399 5265 2636 5333; x_wconf 87' lang='lat' dir='ltr'><strong>quintam</strong></span> <span class='ocrx_word' id='word_1_804' title='bbox 2665 5280 2792 5318; x_wconf 89' lang='lat' dir='ltr'><strong>vero</strong></span> <span class='ocrx_word' id='word_1_805' title='bbox 2821 5273 3016 5318; x_wconf 79' lang='lat' dir='ltr'><strong>secuta:</strong></span> <span class='ocrx_word' id='word_1_806' title='bbox 3042 5263 3288 5315; x_wconf 85' lang='lat' dir='ltr'><strong>videntur</strong></span> <span class='ocrx_word' id='word_1_807' title='bbox 3313 5260 3434 5314; x_wconf 76' lang='lat' dir='ltr'><strong>dua:</strong></span> <span class='ocrx_word' id='word_1_808' title='bbox 3473 5259 3623 5333; x_wconf 53' lang='lat' dir='ltr'><strong>aliae,</strong></span> <span class='ocrx_word' id='word_1_809' title='bbox 3674 5260 3750 5313; x_wconf 90' lang='lat' dir='ltr'><strong>ni-</strong></span> 
     </span>
    </p>
   </div>
   <div class='ocr_carea' id='block_1_127' title="bbox 2175 5329 3748 5404">
    <p class='ocr_par' dir='ltr' id='par_1_127' title="bbox 2175 5329 3748 5404">
     <span class='ocr_line' id='line_1_129' title="bbox 2175 5329 3748 5404; baseline -0.003 -18"><span class='ocrx_word' id='word_1_810' title='bbox 2175 5334 2364 5387; x_wconf 90' lang='lat' dir='ltr'><strong>mirum</strong></span> <span class='ocrx_word' id='word_1_811' title='bbox 2386 5329 2454 5389; x_wconf 85' lang='lat' dir='ltr'><strong>de</strong></span> <span class='ocrx_word' id='word_1_812' title='bbox 2483 5335 2595 5388; x_wconf 84' lang='lat' dir='ltr'><strong>Non</strong></span> <span class='ocrx_word' id='word_1_813' title='bbox 2624 5334 2896 5404; x_wconf 75' lang='lat' dir='ltr'><strong>Vulgandis</strong></span> <span class='ocrx_word' id='word_1_814' title='bbox 2921 5335 3142 5388; x_wconf 76' lang='lat' dir='ltr'><strong>fratrum</strong></span> <span class='ocrx_word' id='word_1_815' title='bbox 3191 5334 3441 5402; x_wconf 83' lang='lat' dir='ltr'><strong>peccatis.</strong></span> <span class='ocrx_word' id='word_1_816' title='bbox 3472 5329 3535 5385; x_wconf 77' lang='grc' dir='ltr'><strong>Τ.</strong></span> <span class='ocrx_word' id='word_1_817' title='bbox 3562 5331 3647 5384; x_wconf 91' lang='lat' dir='ltr'><strong>Ill.</strong></span> <span class='ocrx_word' id='word_1_818' title='bbox 3696 5338 3748 5383; x_wconf 88' lang='lat' dir='ltr'><strong>et</strong></span> 
     </span>
    </p>
   </div>
   <div class='ocr_carea' id='block_1_128' title="bbox 2174 5405 2866 5474">
    <p class='ocr_par' dir='ltr' id='par_1_128' title="bbox 2174 5405 2866 5474">
     <span class='ocr_line' id='line_1_130' title="bbox 2174 5405 2866 5474; baseline -0.003 -16"><span class='ocrx_word' id='word_1_819' title='bbox 2174 5407 2240 5458; x_wconf 89' lang='lat' dir='ltr'><strong>de</strong></span> <span class='ocrx_word' id='word_1_820' title='bbox 2269 5405 2378 5458; x_wconf 84' lang='lat' dir='ltr'><strong>Non</strong></span> <span class='ocrx_word' id='word_1_821' title='bbox 2401 5405 2754 5474; x_wconf 85' lang='lat' dir='ltr'><strong>desperando.</strong></span> <span class='ocrx_word' id='word_1_822' title='bbox 2786 5405 2866 5457; x_wconf 85' lang='lat' dir='ltr'><strong>Ib.</strong></span> 
     </span>
    </p>
   </div>
   <div class='ocr_carea' id='block_1_129' title="bbox 2174 5470 3745 5602">
    <p class='ocr_par' dir='ltr' id='par_1_129' title="bbox 2174 5470 3745 5602">
     <span class='ocr_line' id='line_1_131' title="bbox 2174 5470 3745 5602; baseline -0.003 -74"><span class='ocrx_word' id='word_1_823' title='bbox 2174 5475 2462 5602; x_wconf 44' lang='lat' dir='ltr'><strong>b&#39;lDieerX</strong></span> <span class='ocrx_word' id='word_1_824' title='bbox 2491 5470 2795 5532; x_wconf 84' lang='lat' dir='ltr'><strong>Decembris</strong></span> <span class='ocrx_word' id='word_1_825' title='bbox 2819 5475 3046 5530; x_wconf 82' lang='lat' dir='ltr'><strong>Humilia</strong></span> <span class='ocrx_word' id='word_1_826' title='bbox 3074 5475 3126 5528; x_wconf 89' lang='lat' dir='ltr'><strong>in</strong></span> <span class='ocrx_word' id='word_1_827' title='bbox 3153 5473 3207 5527; x_wconf 86' lang='lat' dir='ltr'><strong>S.</strong></span> <span class='ocrx_word' id='word_1_828' title='bbox 3242 5473 3615 5544; x_wconf 70' lang='lat' dir='ltr'><strong>Philogoninm</strong></span> <span class='ocrx_word' id='word_1_829' title='bbox 3646 5470 3745 5523; x_wconf 83' lang='lat' dir='ltr'><strong>ba—</strong></span> 
     </span>
     <span class='ocr_line' id='line_1_132' title="bbox 2212 5564 2460 5601; baseline -0.004 -1"><span class='ocrx_word' id='word_1_830' title='bbox 2212 5565 2224 5600; x_wconf 93' lang='lat' dir='ltr'><strong>l</strong></span> <span class='ocrx_word' id='word_1_831' title='bbox 2253 5564 2300 5599; x_wconf 74' lang='grc' dir='ltr'><strong>ει.</strong></span> <span class='ocrx_word' id='word_1_832' title='bbox 2373 5590 2385 5601; x_wconf 95' lang='grc'><strong>.</strong></span> <span class='ocrx_word' id='word_1_833' title='bbox 2446 5585 2460 5599; x_wconf 93' lang='grc'><strong>.</strong></span> 
     </span>
    </p>
   </div>
   <div class='ocr_carea' id='block_1_130' title="bbox 2212 5547 2460 5604">
    <p class='ocr_par' dir='ltr' id='par_1_130' title="bbox 2212 5547 2460 5604">
     <span class='ocr_line' id='line_1_133' title="bbox 2212 5547 2460 5604; baseline -0.008 -4"><span class='ocrx_word' id='word_1_834' title='bbox 2212 5547 2300 5600; x_wconf 85' lang='lat' dir='ltr'><strong>ita.</strong></span> <span class='ocrx_word' id='word_1_835' title='bbox 2321 5547 2385 5604; x_wconf 83' lang='lat' dir='ltr'><strong>T.</strong></span> <span class='ocrx_word' id='word_1_836' title='bbox 2423 5549 2460 5599; x_wconf 92' lang='grc' dir='ltr'><strong>Ι.</strong></span> 
     </span>
    </p>
   </div>
   <div class='ocr_carea' id='block_1_131' title="bbox 2247 5611 3747 5674">
    <p class='ocr_par' dir='ltr' id='par_1_131' title="bbox 2247 5611 3747 5674">
     <span class='ocr_line' id='line_1_134' title="bbox 2247 5611 3747 5674; baseline -0.005 -4"><span class='ocrx_word' id='word_1_837' title='bbox 2247 5618 2340 5673; x_wconf 91' lang='lat' dir='ltr'><strong>Die</strong></span> <span class='ocrx_word' id='word_1_838' title='bbox 2366 5618 2510 5672; x_wconf 80' lang='lat' dir='ltr'><strong>XXV</strong></span> <span class='ocrx_word' id='word_1_839' title='bbox 2562 5617 2867 5674; x_wconf 88' lang='lat' dir='ltr'><strong>Decembris</strong></span> <span class='ocrx_word' id='word_1_840' title='bbox 2913 5616 3090 5670; x_wconf 88' lang='lat' dir='ltr'><strong>habita</strong></span> <span class='ocrx_word' id='word_1_841' title='bbox 3137 5615 3363 5670; x_wconf 74' lang='lat' dir='ltr'><strong>Humilia</strong></span> <span class='ocrx_word' id='word_1_842' title='bbox 3417 5615 3466 5666; x_wconf 92' lang='lat' dir='ltr'><strong>in</strong></span> <span class='ocrx_word' id='word_1_843' title='bbox 3507 5611 3747 5666; x_wconf 56' lang='lat' dir='ltr'><strong>Natalem</strong></span> 
     </span>
    </p>
   </div>
   <div class='ocr_carea' id='block_1_132' title="bbox 2176 5688 2584 5743">
    <p class='ocr_par' dir='ltr' id='par_1_132' title="bbox 2176 5688 2584 5743">
     <span class='ocr_line' id='line_1_135' title="bbox 2176 5688 2584 5743; baseline -0.007 0"><span class='ocrx_word' id='word_1_844' title='bbox 2176 5688 2402 5743; x_wconf 89' lang='lat' dir='ltr'><strong>Domini.</strong></span> <span class='ocrx_word' id='word_1_845' title='bbox 2427 5689 2491 5743; x_wconf 91' lang='grc' dir='ltr'><strong>Τ.</strong></span> <span class='ocrx_word' id='word_1_846' title='bbox 2523 5688 2584 5743; x_wconf 93' lang='lat' dir='ltr'><strong>Il.</strong></span> 
     </span>
    </p>
   </div>
   <div class='ocr_carea' id='block_1_133' title="bbox 2247 5752 3746 5828">
    <p class='ocr_par' dir='ltr' id='par_1_133' title="bbox 2247 5752 3746 5828">
     <span class='ocr_line' id='line_1_136' title="bbox 2247 5752 3746 5828; baseline -0.005 -16"><span class='ocrx_word' id='word_1_847' title='bbox 2247 5761 2384 5812; x_wconf 80' lang='lat' dir='ltr'><strong>Ante</strong></span> <span class='ocrx_word' id='word_1_848' title='bbox 2411 5761 2568 5814; x_wconf 89' lang='lat' dir='ltr'><strong>linem</strong></span> <span class='ocrx_word' id='word_1_849' title='bbox 2591 5759 2713 5812; x_wconf 87' lang='lat' dir='ltr'><strong>anni</strong></span> <span class='ocrx_word' id='word_1_850' title='bbox 2739 5759 2942 5828; x_wconf 81' lang='lat' dir='ltr'><strong>ﬁgenda</strong></span> <span class='ocrx_word' id='word_1_851' title='bbox 2973 5757 3195 5812; x_wconf 86' lang='lat' dir='ltr'><strong>Homilia</strong></span> <span class='ocrx_word' id='word_1_852' title='bbox 3227 5759 3277 5810; x_wconf 88' lang='lat' dir='ltr'><strong>in</strong></span> <span class='ocrx_word' id='word_1_853' title='bbox 3322 5753 3605 5828; x_wconf 59' lang='lat' dir='ltr'><strong>abutentes</strong></span> <span class='ocrx_word' id='word_1_854' title='bbox 3659 5752 3746 5805; x_wconf 84' lang='lat' dir='ltr'><strong>illo</strong></span> 
     </span>
    </p>
   </div>
   <div class='ocr_carea' id='block_1_134' title="bbox 2178 5823 3566 5900">
    <p class='ocr_par' dir='ltr' id='par_1_134' title="bbox 2178 5823 3566 5900">
     <span class='ocr_line' id='line_1_137' title="bbox 2178 5823 3566 5900; baseline -0.005 -15"><span class='ocrx_word' id='word_1_855' title='bbox 2178 5831 2417 5898; x_wconf 74' lang='lat' dir='ltr'><strong>Apeslolt</strong></span> <span class='ocrx_word' id='word_1_856' title='bbox 2438 5829 2601 5897; x_wconf 87' lang='lat' dir='ltr'><strong>dicto,</strong></span> <span class='ocrx_word' id='word_1_857' title='bbox 2629 5829 2745 5884; x_wconf 81' lang='lat' dir='ltr'><strong>Sire</strong></span> <span class='ocrx_word' id='word_1_858' title='bbox 2771 5823 2859 5900; x_wconf 62' lang='lat' dir='ltr'><strong>per</strong></span> <span class='ocrx_word' id='word_1_859' title='bbox 2884 5829 3214 5894; x_wconf 76' lang='lat' dir='ltr'><strong>occasionem,</strong></span> <span class='ocrx_word' id='word_1_860' title='bbox 3239 5837 3342 5881; x_wconf 85' lang='lat' dir='ltr'><strong>etc.</strong></span> <span class='ocrx_word' id='word_1_861' title='bbox 3376 5823 3437 5880; x_wconf 86' lang='grc' dir='ltr'><strong>Τ.</strong></span> <span class='ocrx_word' id='word_1_862' title='bbox 3482 5823 3566 5878; x_wconf 89' lang='lat' dir='ltr'><strong>Ill.</strong></span> 
     </span>
    </p>
   </div>
  </div>
