  <div class='ocr_page' id='page_1' title='image "/cluster/home/n/w/nwhite01/storage/ocr_20150623/47/mdp.39015012902212/230.png"; bbox 0 0 4088 6138; ppageno 0'>
   <div class='ocr_carea' id='block_1_1' title="bbox 304 375 409 432">
    <p class='ocr_par' dir='ltr' id='par_1_1' title="bbox 304 375 409 432">
     <span class='ocr_line' id='line_1_1' title="bbox 304 375 409 432; baseline 0.01 -1"><span class='ocrx_word' id='word_1_1' title='bbox 304 375 409 432; x_wconf 80' lang='grc' dir='ltr'><strong>2ὃ5</strong></span> 
     </span>
    </p>
   </div>
   <div class='ocr_carea' id='block_1_2' title="bbox 623 489 1579 562">
    <p class='ocr_par' dir='ltr' id='par_1_2' title="bbox 623 489 1579 562">
     <span class='ocr_line' id='line_1_2' title="bbox 623 489 1579 562; baseline 0.002 -21"><span class='ocrx_word' id='word_1_2' title='bbox 623 490 767 562; x_wconf 76' lang='lat' dir='ltr'><strong>Antio</strong></span> <span class='ocrx_word' id='word_1_3' title='bbox 950 492 1164 544; x_wconf 68' lang='lat' dir='ltr'><strong>acritudo</strong></span> <span class='ocrx_word' id='word_1_4' title='bbox 1193 493 1579 562; x_wconf 74' lang='lat' dir='ltr'><strong>presbyteratus.</strong></span> 
     </span>
    </p>
   </div>
   <div class='ocr_carea' id='block_1_3' title="bbox 302 559 1868 686">
    <p class='ocr_par' dir='ltr' id='par_1_3' title="bbox 302 559 1868 686">
     <span class='ocr_line' id='line_1_3' title="bbox 302 559 1868 686; baseline 0.001 -73"><span class='ocrx_word' id='word_1_5' title='bbox 302 631 346 686; x_wconf 70' lang='grc' dir='ltr'><em>τ</em></span> <span class='ocrx_word' id='word_1_6' title='bbox 378 560 558 686; x_wconf 63' lang='grc' dir='ltr'><strong>Ιίνίιηο</strong></span> <span class='ocrx_word' id='word_1_7' title='bbox 587 559 675 614; x_wconf 86' lang='lat' dir='ltr'><strong>die</strong></span> <span class='ocrx_word' id='word_1_8' title='bbox 701 561 824 613; x_wconf 89' lang='lat' dir='ltr'><strong>aiiiii</strong></span> <span class='ocrx_word' id='word_1_9' title='bbox 879 561 979 614; x_wconf 78' lang='grc' dir='ltr'><strong>5δ7</strong></span> <span class='ocrx_word' id='word_1_10' title='bbox 1029 562 1167 614; x_wconf 88' lang='lat' dir='ltr'><strong>dicta</strong></span> <span class='ocrx_word' id='word_1_11' title='bbox 1193 559 1442 616; x_wconf 12' lang='lat' dir='ltr'><strong>illom&#39;ilia</strong></span> <span class='ocrx_word' id='word_1_12' title='bbox 1481 564 1533 616; x_wconf 93' lang='lat' dir='ltr'><strong>in</strong></span> <span class='ocrx_word' id='word_1_13' title='bbox 1588 559 1868 616; x_wconf 76' lang='lat' dir='ltr'><strong>Kalendas.</strong></span> 
     </span>
    </p>
   </div>
   <div class='ocr_carea' id='block_1_4' title="bbox 376 698 1870 762">
    <p class='ocr_par' dir='ltr' id='par_1_4' title="bbox 376 698 1870 762">
     <span class='ocr_line' id='line_1_4' title="bbox 376 698 1870 762; baseline -0.001 -6"><span class='ocrx_word' id='word_1_14' title='bbox 376 703 468 757; x_wconf 87' lang='lat' dir='ltr'><strong>Die</strong></span> <span class='ocrx_word' id='word_1_15' title='bbox 494 699 539 756; x_wconf 92' lang='lat' dir='ltr'><strong>II</strong></span> <span class='ocrx_word' id='word_1_16' title='bbox 562 699 798 755; x_wconf 81' lang='lat' dir='ltr'><strong>Januarii</strong></span> <span class='ocrx_word' id='word_1_17' title='bbox 823 698 996 752; x_wconf 87' lang='lat' dir='ltr'><strong>habita</strong></span> <span class='ocrx_word' id='word_1_18' title='bbox 1023 700 1243 754; x_wconf 87' lang='lat' dir='ltr'><strong>Ilomilia</strong></span> <span class='ocrx_word' id='word_1_19' title='bbox 1268 701 1368 755; x_wconf 86' lang='lat' dir='ltr'><strong>Ide</strong></span> <span class='ocrx_word' id='word_1_20' title='bbox 1385 702 1580 755; x_wconf 86' lang='lat' dir='ltr'><strong>Lazaro</strong></span> <span class='ocrx_word' id='word_1_21' title='bbox 1598 711 1652 755; x_wconf 91' lang='lat' dir='ltr'><strong>et</strong></span> <span class='ocrx_word' id='word_1_22' title='bbox 1679 700 1870 762; x_wconf 85' lang='lat' dir='ltr'><strong>Divite;</strong></span> 
     </span>
    </p>
   </div>
   <div class='ocr_carea' id='block_1_5' title="bbox 305 768 1870 842">
    <p class='ocr_par' dir='ltr' id='par_1_5' title="bbox 305 768 1870 842">
     <span class='ocr_line' id='line_1_5' title="bbox 305 768 1870 842; baseline 0 -19"><span class='ocrx_word' id='word_1_23' title='bbox 305 781 422 842; x_wconf 91' lang='lat' dir='ltr'><strong>post</strong></span> <span class='ocrx_word' id='word_1_24' title='bbox 443 785 602 842; x_wconf 71' lang='lat' dir='ltr'><strong>quam</strong></span> <span class='ocrx_word' id='word_1_25' title='bbox 624 768 1028 842; x_wconf 73' lang='lat' dir='ltr'><strong>deitide_seeuta</strong></span> <span class='ocrx_word' id='word_1_26' title='bbox 1058 781 1139 826; x_wconf 88' lang='lat' dir='ltr'><strong>est</strong></span> <span class='ocrx_word' id='word_1_27' title='bbox 1157 773 1409 838; x_wconf 85' lang='lat' dir='ltr'><strong>secunda,</strong></span> <span class='ocrx_word' id='word_1_28' title='bbox 1441 789 1505 826; x_wconf 92' lang='lat' dir='ltr'><strong>ac</strong></span> <span class='ocrx_word' id='word_1_29' title='bbox 1525 772 1683 825; x_wconf 80' lang='lat' dir='ltr'><strong>etiam</strong></span> <span class='ocrx_word' id='word_1_30' title='bbox 1716 781 1870 825; x_wconf 86' lang='lat' dir='ltr'><strong>tertia</strong></span> 
     </span>
    </p>
   </div>
   <div class='ocr_carea' id='block_1_6' title="bbox 308 839 931 897">
    <p class='ocr_par' dir='ltr' id='par_1_6' title="bbox 308 839 931 897">
     <span class='ocr_line' id='line_1_6' title="bbox 308 839 931 897; baseline -0.011 0"><span class='ocrx_word' id='word_1_31' title='bbox 308 839 493 897; x_wconf 75' lang='lat' dir='ltr'><strong>mense</strong></span> <span class='ocrx_word' id='word_1_32' title='bbox 508 839 780 896; x_wconf 80' lang='lat' dir='ltr'><strong>Januario.</strong></span> <span class='ocrx_word' id='word_1_33' title='bbox 803 839 866 893; x_wconf 91' lang='lat' dir='ltr'><strong>T.</strong></span> <span class='ocrx_word' id='word_1_34' title='bbox 890 839 931 892; x_wconf 94' lang='lat' dir='ltr'><strong>I.</strong></span> 
     </span>
    </p>
   </div>
   <div class='ocr_carea' id='block_1_7' title="bbox 380 909 1868 978">
    <p class='ocr_par' dir='ltr' id='par_1_7' title="bbox 380 909 1868 978">
     <span class='ocr_line' id='line_1_7' title="bbox 380 909 1868 978; baseline -0.002 -12"><span class='ocrx_word' id='word_1_35' title='bbox 380 911 472 966; x_wconf 89' lang='lat' dir='ltr'><strong>Die</strong></span> <span class='ocrx_word' id='word_1_36' title='bbox 504 910 566 966; x_wconf 89' lang='lat' dir='ltr'><strong>Vl</strong></span> <span class='ocrx_word' id='word_1_37' title='bbox 589 909 826 965; x_wconf 79' lang='lat' dir='ltr'><strong>Januarii</strong></span> <span class='ocrx_word' id='word_1_38' title='bbox 851 909 1215 964; x_wconf 89' lang='lat' dir='ltr'><strong>verisimiliter</strong></span> <span class='ocrx_word' id='word_1_39' title='bbox 1239 911 1376 965; x_wconf 88' lang='lat' dir='ltr'><strong>dicta</strong></span> <span class='ocrx_word' id='word_1_40' title='bbox 1406 911 1628 965; x_wconf 86' lang='lat' dir='ltr'><strong>Homilia</strong></span> <span class='ocrx_word' id='word_1_41' title='bbox 1661 911 1712 965; x_wconf 92' lang='lat' dir='ltr'><strong>in</strong></span> <span class='ocrx_word' id='word_1_42' title='bbox 1741 909 1868 978; x_wconf 78' lang='lat' dir='ltr'><strong>Epi-</strong></span> 
     </span>
    </p>
   </div>
   <div class='ocr_carea' id='block_1_8' title="bbox 309 979 1872 1053">
    <p class='ocr_par' dir='ltr' id='par_1_8' title="bbox 309 979 1872 1053">
     <span class='ocr_line' id='line_1_8' title="bbox 309 979 1872 1053; baseline -0.002 -20"><span class='ocrx_word' id='word_1_43' title='bbox 309 979 672 1053; x_wconf 42' lang='lat' dir='ltr'><strong>pbaiiiainLT:</strong></span> <span class='ocrx_word' id='word_1_44' title='bbox 705 979 772 1053; x_wconf 77' lang='lat' dir='ltr'><strong>ll.</strong></span> <span class='ocrx_word' id='word_1_45' title='bbox 801 993 863 1032; x_wconf 92' lang='lat' dir='ltr'><strong>ac</strong></span> <span class='ocrx_word' id='word_1_46' title='bbox 883 980 1139 1053; x_wconf 77' lang='lat' dir='ltr'><strong>postridie</strong></span> <span class='ocrx_word' id='word_1_47' title='bbox 1192 981 1242 1053; x_wconf 76' lang='lat' dir='ltr'><strong>in</strong></span> <span class='ocrx_word' id='word_1_48' title='bbox 1291 981 1346 1053; x_wconf 87' lang='lat' dir='ltr'><strong>S.</strong></span> <span class='ocrx_word' id='word_1_49' title='bbox 1380 981 1690 1053; x_wconf 59' lang='lat' dir='ltr'><strong>Luciaiiuin.</strong></span> <span class='ocrx_word' id='word_1_50' title='bbox 1717 980 1779 1034; x_wconf 94' lang='lat' dir='ltr'><strong>T.</strong></span> <span class='ocrx_word' id='word_1_51' title='bbox 1807 980 1872 1053; x_wconf 61' lang='grc' dir='ltr'><strong>Η.</strong></span> 
     </span>
    </p>
   </div>
   <div class='ocr_carea' id='block_1_9' title="bbox 376 1047 1872 1120">
    <p class='ocr_par' dir='ltr' id='par_1_9' title="bbox 376 1047 1872 1120">
     <span class='ocr_line' id='line_1_9' title="bbox 376 1047 1872 1120; baseline -0.003 -15"><span class='ocrx_word' id='word_1_52' title='bbox 376 1051 470 1105; x_wconf 89' lang='lat' dir='ltr'><strong>Die</strong></span> <span class='ocrx_word' id='word_1_53' title='bbox 503 1048 667 1105; x_wconf 77' lang='lat' dir='ltr'><strong>XXIV</strong></span> <span class='ocrx_word' id='word_1_54' title='bbox 696 1048 931 1120; x_wconf 79' lang='lat' dir='ltr'><strong>Januarii</strong></span> <span class='ocrx_word' id='word_1_55' title='bbox 960 1048 1088 1120; x_wconf 78' lang='lat' dir='ltr'><strong>dicit</strong></span> <span class='ocrx_word' id='word_1_56' title='bbox 1120 1050 1169 1104; x_wconf 91' lang='lat' dir='ltr'><strong>in</strong></span> <span class='ocrx_word' id='word_1_57' title='bbox 1192 1050 1421 1106; x_wconf 91' lang='lat' dir='ltr'><strong>Laudem</strong></span> <span class='ocrx_word' id='word_1_58' title='bbox 1444 1050 1500 1106; x_wconf 92' lang='lat' dir='ltr'><strong>S.</strong></span> <span class='ocrx_word' id='word_1_59' title='bbox 1529 1051 1762 1120; x_wconf 66' lang='lat' dir='ltr'><strong>Babylie.</strong></span> <span class='ocrx_word' id='word_1_60' title='bbox 1782 1119 1785 1120; x_wconf 16' lang='grc' dir='ltr'><em>ν</em></span> <span class='ocrx_word' id='word_1_61' title='bbox 1807 1047 1872 1106; x_wconf 82' lang='grc' dir='ltr'><strong>τ.</strong></span> 
     </span>
    </p>
   </div>
   <div class='ocr_carea' id='block_1_10' title="bbox 307 1119 1872 1246">
    <p class='ocr_par' dir='ltr' id='par_1_10' title="bbox 307 1119 1872 1246">
     <span class='ocr_line' id='line_1_10' title="bbox 307 1119 1872 1246; baseline -0.003 -70"><span class='ocrx_word' id='word_1_62' title='bbox 401 1136 463 1176; x_wconf 92' lang='lat' dir='ltr'><strong>ae</strong></span> <span class='ocrx_word' id='word_1_63' title='bbox 492 1120 650 1191; x_wconf 83' lang='lat' dir='ltr'><strong>paulo</strong></span> <span class='ocrx_word' id='word_1_64' title='bbox 670 1129 790 1190; x_wconf 88' lang='lat' dir='ltr'><strong>post</strong></span> <span class='ocrx_word' id='word_1_65' title='bbox 831 1120 880 1174; x_wconf 90' lang='lat' dir='ltr'><strong>in</strong></span> <span class='ocrx_word' id='word_1_66' title='bbox 911 1119 1117 1174; x_wconf 87' lang='lat' dir='ltr'><strong>laudem</strong></span> <span class='ocrx_word' id='word_1_67' title='bbox 1145 1121 1480 1178; x_wconf 89' lang='lat' dir='ltr'><strong>S.Juvcntini</strong></span> <span class='ocrx_word' id='word_1_68' title='bbox 1503 1129 1556 1175; x_wconf 92' lang='lat' dir='ltr'><strong>et</strong></span> <span class='ocrx_word' id='word_1_69' title='bbox 1581 1119 1872 1176; x_wconf 73' lang='lat' dir='ltr'><strong>blaxiiuiiii.</strong></span> 
     </span>
    </p>
   </div>
   <div class='ocr_carea' id='block_1_11' title="bbox 376 1259 1874 1332">
    <p class='ocr_par' dir='ltr' id='par_1_11' title="bbox 376 1259 1874 1332">
     <span class='ocr_line' id='line_1_11' title="bbox 376 1259 1874 1332; baseline 0 -17"><span class='ocrx_word' id='word_1_70' title='bbox 376 1260 503 1332; x_wconf 84' lang='lat' dir='ltr'><strong>Post</strong></span> <span class='ocrx_word' id='word_1_71' title='bbox 531 1259 648 1332; x_wconf 81' lang='lat' dir='ltr'><strong>illas</strong></span> <span class='ocrx_word' id='word_1_72' title='bbox 673 1259 741 1332; x_wconf 72' lang='lat' dir='ltr'><strong>ile</strong></span> <span class='ocrx_word' id='word_1_73' title='bbox 768 1259 1089 1332; x_wconf 75' lang='lat' dir='ltr'><strong>martyribus</strong></span> <span class='ocrx_word' id='word_1_74' title='bbox 1109 1261 1414 1332; x_wconf 71' lang='lat' dir='ltr'><strong>conciones,</strong></span> <span class='ocrx_word' id='word_1_75' title='bbox 1436 1259 1596 1316; x_wconf 88' lang='lat' dir='ltr'><strong>habet</strong></span> <span class='ocrx_word' id='word_1_76' title='bbox 1631 1269 1874 1332; x_wconf 84' lang='lat' dir='ltr'><strong>quartam</strong></span> 
     </span>
    </p>
   </div>
   <div class='ocr_carea' id='block_1_12' title="bbox 307 1329 1873 1388">
    <p class='ocr_par' dir='ltr' id='par_1_12' title="bbox 307 1329 1873 1388">
     <span class='ocr_line' id='line_1_12' title="bbox 307 1329 1873 1388; baseline -0.001 -2"><span class='ocrx_word' id='word_1_77' title='bbox 307 1330 586 1386; x_wconf 90' lang='lat' dir='ltr'><strong>Ilomiliam</strong></span> <span class='ocrx_word' id='word_1_78' title='bbox 605 1330 672 1386; x_wconf 89' lang='lat' dir='ltr'><strong>de</strong></span> <span class='ocrx_word' id='word_1_79' title='bbox 689 1329 885 1385; x_wconf 80' lang='lat' dir='ltr'><strong>Lazaro</strong></span> <span class='ocrx_word' id='word_1_80' title='bbox 905 1329 958 1386; x_wconf 80' lang='lat' dir='ltr'><strong>et</strong></span> <span class='ocrx_word' id='word_1_81' title='bbox 990 1332 1174 1386; x_wconf 90' lang='lat' dir='ltr'><strong>Divite.</strong></span> <span class='ocrx_word' id='word_1_82' title='bbox 1202 1329 1265 1387; x_wconf 88' lang='grc' dir='ltr'><strong>Τ.</strong></span> <span class='ocrx_word' id='word_1_83' title='bbox 1292 1332 1330 1388; x_wconf 94' lang='grc' dir='ltr'><strong>Ι.</strong></span> <span class='ocrx_word' id='word_1_84' title='bbox 1357 1333 1547 1387; x_wconf 87' lang='lat' dir='ltr'><strong>deinde</strong></span> <span class='ocrx_word' id='word_1_85' title='bbox 1564 1329 1742 1386; x_wconf 83' lang='lat' dir='ltr'><strong>secuta</strong></span> <span class='ocrx_word' id='word_1_86' title='bbox 1766 1331 1873 1384; x_wconf 85' lang='lat' dir='ltr'><strong>llo-</strong></span> 
     </span>
    </p>
   </div>
   <div class='ocr_carea' id='block_1_13' title="bbox 307 1400 1765 1470">
    <p class='ocr_par' dir='ltr' id='par_1_13' title="bbox 307 1400 1765 1470">
     <span class='ocr_line' id='line_1_13' title="bbox 307 1400 1765 1470; baseline -0.002 -14"><span class='ocrx_word' id='word_1_87' title='bbox 307 1402 450 1456; x_wconf 87' lang='lat' dir='ltr'><strong>milia</strong></span> <span class='ocrx_word' id='word_1_88' title='bbox 474 1400 528 1454; x_wconf 92' lang='lat' dir='ltr'><strong>in</strong></span> <span class='ocrx_word' id='word_1_89' title='bbox 559 1400 686 1454; x_wconf 91' lang='lat' dir='ltr'><strong>illud</strong></span> <span class='ocrx_word' id='word_1_90' title='bbox 712 1401 970 1470; x_wconf 75' lang='lat' dir='ltr'><strong>Apostoli,</strong></span> <span class='ocrx_word' id='word_1_91' title='bbox 996 1400 1074 1455; x_wconf 86' lang='lat' dir='ltr'><strong>De</strong></span> <span class='ocrx_word' id='word_1_92' title='bbox 1097 1402 1473 1467; x_wconf 73' lang='lat' dir='ltr'><strong>dormientibus,</strong></span> <span class='ocrx_word' id='word_1_93' title='bbox 1501 1413 1605 1456; x_wconf 92' lang='lat' dir='ltr'><strong>etc.</strong></span> <span class='ocrx_word' id='word_1_94' title='bbox 1637 1401 1700 1456; x_wconf 90' lang='grc' dir='ltr'><strong>Τ.</strong></span> <span class='ocrx_word' id='word_1_95' title='bbox 1727 1401 1765 1454; x_wconf 95' lang='lat' dir='ltr'><strong>I.</strong></span> 
     </span>
    </p>
   </div>
   <div class='ocr_carea' id='block_1_14' title="bbox 377 1468 1876 1542">
    <p class='ocr_par' dir='ltr' id='par_1_14' title="bbox 377 1468 1876 1542">
     <span class='ocr_line' id='line_1_14' title="bbox 377 1468 1876 1542; baseline 0 -16"><span class='ocrx_word' id='word_1_96' title='bbox 377 1472 557 1526; x_wconf 77' lang='lat' dir='ltr'><strong>Mense</strong></span> <span class='ocrx_word' id='word_1_97' title='bbox 577 1468 869 1542; x_wconf 78' lang='lat' dir='ltr'><strong>Februario</strong></span> <span class='ocrx_word' id='word_1_98' title='bbox 883 1468 1302 1542; x_wconf 75' lang='lat' dir='ltr'><strong>Clirysosiomus</strong></span> <span class='ocrx_word' id='word_1_99' title='bbox 1348 1475 1537 1525; x_wconf 82' lang='lat' dir='ltr'><strong>iterum</strong></span> <span class='ocrx_word' id='word_1_100' title='bbox 1586 1473 1876 1526; x_wconf 77' lang='lat' dir='ltr'><strong>Anomieos</strong></span> 
     </span>
    </p>
   </div>
   <div class='ocr_carea' id='block_1_15' title="bbox 311 1540 1872 1611">
    <p class='ocr_par' dir='ltr' id='par_1_15' title="bbox 311 1540 1872 1611">
     <span class='ocr_line' id='line_1_15' title="bbox 311 1540 1872 1611; baseline -0.001 -16"><span class='ocrx_word' id='word_1_101' title='bbox 311 1542 630 1611; x_wconf 78' lang='lat' dir='ltr'><strong>impugnare</strong></span> <span class='ocrx_word' id='word_1_102' title='bbox 653 1540 856 1609; x_wconf 79' lang='lat' dir='ltr'><strong>incipit.</strong></span> <span class='ocrx_word' id='word_1_103' title='bbox 882 1540 1043 1611; x_wconf 74' lang='lat' dir='ltr'><strong>Diciae</strong></span> <span class='ocrx_word' id='word_1_104' title='bbox 1075 1551 1198 1596; x_wconf 91' lang='lat' dir='ltr'><strong>tunc</strong></span> <span class='ocrx_word' id='word_1_105' title='bbox 1227 1542 1466 1596; x_wconf 72' lang='lat' dir='ltr'><strong>Homilia:</strong></span> <span class='ocrx_word' id='word_1_106' title='bbox 1488 1543 1726 1611; x_wconf 83' lang='lat' dir='ltr'><strong>quinque</strong></span> <span class='ocrx_word' id='word_1_107' title='bbox 1743 1557 1872 1595; x_wconf 87' lang='lat' dir='ltr'><strong>con-</strong></span> 
     </span>
    </p>
   </div>
   <div class='ocr_carea' id='block_1_16' title="bbox 309 1610 1874 1680">
    <p class='ocr_par' dir='ltr' id='par_1_16' title="bbox 309 1610 1874 1680">
     <span class='ocr_line' id='line_1_16' title="bbox 309 1610 1874 1680; baseline -0.001 -14"><span class='ocrx_word' id='word_1_108' title='bbox 309 1610 706 1666; x_wconf 30' lang='lat' dir='ltr'><strong>tra’Anomteos</strong></span> <span class='ocrx_word' id='word_1_109' title='bbox 731 1611 830 1680; x_wconf 85' lang='lat' dir='ltr'><strong>hoc</strong></span> <span class='ocrx_word' id='word_1_110' title='bbox 851 1610 1036 1665; x_wconf 88' lang='lat' dir='ltr'><strong>ordine</strong></span> <span class='ocrx_word' id='word_1_111' title='bbox 1065 1629 1079 1665; x_wconf 88' lang='lat'><strong>:</strong></span> <span class='ocrx_word' id='word_1_112' title='bbox 1113 1613 1282 1679; x_wconf 89' lang='lat' dir='ltr'><strong>primo</strong></span> <span class='ocrx_word' id='word_1_113' title='bbox 1308 1610 1553 1680; x_wconf 89' lang='lat' dir='ltr'><strong>septima.</strong></span> <span class='ocrx_word' id='word_1_114' title='bbox 1597 1612 1661 1664; x_wconf 91' lang='lat' dir='ltr'><strong>T.</strong></span> <span class='ocrx_word' id='word_1_115' title='bbox 1713 1610 1751 1663; x_wconf 95' lang='lat' dir='ltr'><strong>l.</strong></span> <span class='ocrx_word' id='word_1_116' title='bbox 1793 1627 1874 1664; x_wconf 86' lang='lat' dir='ltr'><strong>se-</strong></span> 
     </span>
    </p>
   </div>
   <div class='ocr_carea' id='block_1_17' title="bbox 305 1679 1876 1751">
    <p class='ocr_par' dir='ltr' id='par_1_17' title="bbox 305 1679 1876 1751">
     <span class='ocr_line' id='line_1_17' title="bbox 305 1679 1876 1751; baseline -0.002 -15"><span class='ocrx_word' id='word_1_117' title='bbox 305 1681 631 1751; x_wconf 89' lang='lat' dir='ltr'><strong>ciindoalia.</strong></span> <span class='ocrx_word' id='word_1_118' title='bbox 660 1679 722 1734; x_wconf 91' lang='lat' dir='ltr'><strong>T.</strong></span> <span class='ocrx_word' id='word_1_119' title='bbox 755 1679 840 1734; x_wconf 91' lang='lat' dir='ltr'><strong>Vl.</strong></span> <span class='ocrx_word' id='word_1_120' title='bbox 875 1688 982 1734; x_wconf 92' lang='lat' dir='ltr'><strong>tum</strong></span> <span class='ocrx_word' id='word_1_121' title='bbox 1005 1690 1210 1746; x_wconf 78' lang='lat' dir='ltr'><strong>octava,</strong></span> <span class='ocrx_word' id='word_1_122' title='bbox 1240 1679 1397 1746; x_wconf 79' lang='lat' dir='ltr'><strong>noua,</strong></span> <span class='ocrx_word' id='word_1_123' title='bbox 1426 1692 1479 1736; x_wconf 91' lang='lat' dir='ltr'><strong>et</strong></span> <span class='ocrx_word' id='word_1_124' title='bbox 1523 1689 1640 1751; x_wconf 90' lang='lat' dir='ltr'><strong>post</strong></span> <span class='ocrx_word' id='word_1_125' title='bbox 1669 1681 1876 1750; x_wconf 90' lang='lat' dir='ltr'><strong>aliquas</strong></span> 
     </span>
    </p>
   </div>
   <div class='ocr_carea' id='block_1_18' title="bbox 305 1750 1390 1806">
    <p class='ocr_par' dir='ltr' id='par_1_18' title="bbox 305 1750 1390 1806">
     <span class='ocr_line' id='line_1_18' title="bbox 305 1750 1390 1806; baseline -0.002 -1"><span class='ocrx_word' id='word_1_126' title='bbox 305 1753 444 1806; x_wconf 77' lang='lat' dir='ltr'><strong>forte</strong></span> <span class='ocrx_word' id='word_1_127' title='bbox 471 1750 678 1806; x_wconf 89' lang='lat' dir='ltr'><strong>decima</strong></span> <span class='ocrx_word' id='word_1_128' title='bbox 704 1759 888 1804; x_wconf 90' lang='lat' dir='ltr'><strong>contra</strong></span> <span class='ocrx_word' id='word_1_129' title='bbox 916 1751 1224 1804; x_wconf 77' lang='lat' dir='ltr'><strong>Anommos.</strong></span> <span class='ocrx_word' id='word_1_130' title='bbox 1258 1753 1320 1804; x_wconf 88' lang='lat' dir='ltr'><strong>T.</strong></span> <span class='ocrx_word' id='word_1_131' title='bbox 1352 1752 1390 1805; x_wconf 94' lang='lat' dir='ltr'><strong>I.</strong></span> 
     </span>
    </p>
   </div>
   <div class='ocr_carea' id='block_1_19' title="bbox 378 1819 1869 1890">
    <p class='ocr_par' dir='ltr' id='par_1_19' title="bbox 378 1819 1869 1890">
     <span class='ocr_line' id='line_1_19' title="bbox 378 1819 1869 1890; baseline -0.001 -15"><span class='ocrx_word' id='word_1_132' title='bbox 378 1823 528 1876; x_wconf 90' lang='lat' dir='ltr'><strong>Inter</strong></span> <span class='ocrx_word' id='word_1_133' title='bbox 555 1819 836 1890; x_wconf 67' lang='lat' dir='ltr'><strong>praedictas</strong></span> <span class='ocrx_word' id='word_1_134' title='bbox 865 1820 1038 1890; x_wconf 87' lang='lat' dir='ltr'><strong>media</strong></span> <span class='ocrx_word' id='word_1_135' title='bbox 1078 1820 1176 1874; x_wconf 82' lang='lat' dir='ltr'><strong>fuit</strong></span> <span class='ocrx_word' id='word_1_136' title='bbox 1215 1821 1441 1877; x_wconf 90' lang='lat' dir='ltr'><strong>Iloinilia</strong></span> <span class='ocrx_word' id='word_1_137' title='bbox 1492 1820 1559 1874; x_wconf 90' lang='lat' dir='ltr'><strong>de</strong></span> <span class='ocrx_word' id='word_1_138' title='bbox 1612 1820 1869 1874; x_wconf 77' lang='lat' dir='ltr'><strong>Rcsurre-</strong></span> 
     </span>
    </p>
   </div>
   <div class='ocr_carea' id='block_1_20' title="bbox 303 1889 1876 1946">
    <p class='ocr_par' dir='ltr' id='par_1_20' title="bbox 303 1889 1876 1946">
     <span class='ocr_line' id='line_1_20' title="bbox 303 1889 1876 1946; baseline 0.001 -2"><span class='ocrx_word' id='word_1_139' title='bbox 303 1890 484 1944; x_wconf 91' lang='lat' dir='ltr'><strong>ctione</strong></span> <span class='ocrx_word' id='word_1_140' title='bbox 511 1889 862 1944; x_wconf 89' lang='lat' dir='ltr'><strong>mortuorum.</strong></span> <span class='ocrx_word' id='word_1_141' title='bbox 886 1889 949 1943; x_wconf 81' lang='lat' dir='ltr'><strong>&#39;I‘.</strong></span> <span class='ocrx_word' id='word_1_142' title='bbox 982 1891 1045 1945; x_wconf 92' lang='lat' dir='ltr'><strong>Il.</strong></span> <span class='ocrx_word' id='word_1_143' title='bbox 1073 1890 1206 1944; x_wconf 76' lang='lat' dir='ltr'><strong>forte</strong></span> <span class='ocrx_word' id='word_1_144' title='bbox 1233 1892 1391 1946; x_wconf 87' lang='lat' dir='ltr'><strong>etiam</strong></span> <span class='ocrx_word' id='word_1_145' title='bbox 1422 1891 1647 1945; x_wconf 80' lang='lat' dir='ltr'><strong>llomih’a</strong></span> <span class='ocrx_word' id='word_1_146' title='bbox 1686 1890 1752 1945; x_wconf 93' lang='lat' dir='ltr'><strong>de</strong></span> <span class='ocrx_word' id='word_1_147' title='bbox 1787 1891 1876 1945; x_wconf 85' lang='lat' dir='ltr'><strong>Vi-</strong></span> 
     </span>
    </p>
   </div>
   <div class='ocr_carea' id='block_1_21' title="bbox 303 1959 1431 2030">
    <p class='ocr_par' dir='ltr' id='par_1_21' title="bbox 303 1959 1431 2030">
     <span class='ocr_line' id='line_1_21' title="bbox 303 1959 1431 2030; baseline -0.001 -16"><span class='ocrx_word' id='word_1_148' title='bbox 303 1961 444 2014; x_wconf 86' lang='lat' dir='ltr'><strong>duis.</strong></span> <span class='ocrx_word' id='word_1_149' title='bbox 476 1959 541 2014; x_wconf 86' lang='lat' dir='ltr'><strong>T.</strong></span> <span class='ocrx_word' id='word_1_150' title='bbox 574 1959 656 2030; x_wconf 69' lang='lat' dir='ltr'><strong>III.</strong></span> <span class='ocrx_word' id='word_1_151' title='bbox 687 1974 870 2015; x_wconf 85' lang='lat' dir='ltr'><strong>mense</strong></span> <span class='ocrx_word' id='word_1_152' title='bbox 892 1959 1183 2016; x_wconf 84' lang='lat' dir='ltr'><strong>Februario</strong></span> <span class='ocrx_word' id='word_1_153' title='bbox 1207 1961 1431 2030; x_wconf 80' lang='lat' dir='ltr'><strong>ﬁgenda.</strong></span> 
     </span>
    </p>
   </div>
   <div class='ocr_carea' id='block_1_22' title="bbox 376 2029 1877 2099">
    <p class='ocr_par' dir='ltr' id='par_1_22' title="bbox 376 2029 1877 2099">
     <span class='ocr_line' id='line_1_22' title="bbox 376 2029 1877 2099; baseline 0.001 -15"><span class='ocrx_word' id='word_1_154' title='bbox 376 2030 562 2084; x_wconf 70' lang='lat' dir='ltr'><strong>Mense</strong></span> <span class='ocrx_word' id='word_1_155' title='bbox 592 2029 882 2084; x_wconf 82' lang='lat' dir='ltr'><strong>Februario</strong></span> <span class='ocrx_word' id='word_1_156' title='bbox 899 2031 1058 2084; x_wconf 89' lang='lat' dir='ltr'><strong>etiam</strong></span> <span class='ocrx_word' id='word_1_157' title='bbox 1083 2029 1306 2099; x_wconf 70' lang='lat' dir='ltr'><strong>ﬁgendie</strong></span> <span class='ocrx_word' id='word_1_158' title='bbox 1337 2031 1561 2086; x_wconf 89' lang='lat' dir='ltr'><strong>Ilomilia</strong></span> <span class='ocrx_word' id='word_1_159' title='bbox 1601 2031 1652 2084; x_wconf 93' lang='lat' dir='ltr'><strong>in</strong></span> <span class='ocrx_word' id='word_1_160' title='bbox 1696 2031 1877 2086; x_wconf 78' lang='lat' dir='ltr'><strong>Terra:</strong></span> 
     </span>
    </p>
   </div>
   <div class='ocr_carea' id='block_1_23' title="bbox 303 2100 1368 2170">
    <p class='ocr_par' dir='ltr' id='par_1_23' title="bbox 303 2100 1368 2170">
     <span class='ocr_line' id='line_1_23' title="bbox 303 2100 1368 2170; baseline -0.001 -16"><span class='ocrx_word' id='word_1_161' title='bbox 303 2109 534 2166; x_wconf 84' lang='lat' dir='ltr'><strong>motum,</strong></span> <span class='ocrx_word' id='word_1_162' title='bbox 557 2100 768 2170; x_wconf 87' lang='lat' dir='ltr'><strong>aliaque</strong></span> <span class='ocrx_word' id='word_1_163' title='bbox 791 2100 927 2154; x_wconf 91' lang='lat' dir='ltr'><strong>hanc</strong></span> <span class='ocrx_word' id='word_1_164' title='bbox 950 2116 1203 2170; x_wconf 87' lang='lat' dir='ltr'><strong>sequens.</strong></span> <span class='ocrx_word' id='word_1_165' title='bbox 1231 2101 1292 2154; x_wconf 88' lang='lat' dir='ltr'><strong>&#39;I‘.</strong></span> <span class='ocrx_word' id='word_1_166' title='bbox 1329 2102 1368 2155; x_wconf 95' lang='grc' dir='ltr'><strong>Ι.</strong></span> 
     </span>
    </p>
   </div>
   <div class='ocr_carea' id='block_1_24' title="bbox 377 2169 1876 2238">
    <p class='ocr_par' dir='ltr' id='par_1_24' title="bbox 377 2169 1876 2238">
     <span class='ocr_line' id='line_1_24' title="bbox 377 2169 1876 2238; baseline 0 -14"><span class='ocrx_word' id='word_1_167' title='bbox 377 2171 519 2224; x_wconf 81' lang='lat' dir='ltr'><strong>Ante</strong></span> <span class='ocrx_word' id='word_1_168' title='bbox 541 2169 1010 2236; x_wconf 73' lang='lat' dir='ltr'><strong>Quadragesimam</strong></span> <span class='ocrx_word' id='word_1_169' title='bbox 1032 2169 1215 2224; x_wconf 88' lang='lat' dir='ltr'><strong>habita</strong></span> <span class='ocrx_word' id='word_1_170' title='bbox 1243 2171 1467 2225; x_wconf 92' lang='lat' dir='ltr'><strong>Ilomilia</strong></span> <span class='ocrx_word' id='word_1_171' title='bbox 1495 2181 1680 2226; x_wconf 88' lang='lat' dir='ltr'><strong>contra</strong></span> <span class='ocrx_word' id='word_1_172' title='bbox 1704 2171 1876 2238; x_wconf 86' lang='lat' dir='ltr'><strong>Quar-</strong></span> 
     </span>
    </p>
   </div>
   <div class='ocr_carea' id='block_1_25' title="bbox 306 2238 1875 2304">
    <p class='ocr_par' dir='ltr' id='par_1_25' title="bbox 306 2238 1875 2304">
     <span class='ocr_line' id='line_1_25' title="bbox 306 2238 1875 2304; baseline 0.002 -10"><span class='ocrx_word' id='word_1_173' title='bbox 306 2240 700 2304; x_wconf 84' lang='lat' dir='ltr'><strong>todecimanos,</strong></span> <span class='ocrx_word' id='word_1_174' title='bbox 727 2238 860 2293; x_wconf 89' lang='lat' dir='ltr'><strong>alias</strong></span> <span class='ocrx_word' id='word_1_175' title='bbox 897 2241 1052 2294; x_wconf 90' lang='lat' dir='ltr'><strong>tertia</strong></span> <span class='ocrx_word' id='word_1_176' title='bbox 1081 2249 1264 2295; x_wconf 89' lang='lat' dir='ltr'><strong>contra</strong></span> <span class='ocrx_word' id='word_1_177' title='bbox 1316 2240 1530 2298; x_wconf 58' lang='lat' dir='ltr'><strong>Juda-os</strong></span> <span class='ocrx_word' id='word_1_178' title='bbox 1585 2243 1875 2297; x_wconf 88' lang='lat' dir='ltr'><strong>nominata.</strong></span> 
     </span>
    </p>
   </div>
   <div class='ocr_carea' id='block_1_26' title="bbox 305 2309 1262 2366">
    <p class='ocr_par' dir='ltr' id='par_1_26' title="bbox 305 2309 1262 2366">
     <span class='ocr_line' id='line_1_26' title="bbox 305 2309 1262 2366; baseline 0.002 -2"><span class='ocrx_word' id='word_1_179' title='bbox 305 2309 368 2364; x_wconf 91' lang='lat' dir='ltr'><strong>T.</strong></span> <span class='ocrx_word' id='word_1_180' title='bbox 407 2309 446 2362; x_wconf 92' lang='lat' dir='ltr'><strong>I.</strong></span> <span class='ocrx_word' id='word_1_181' title='bbox 472 2309 584 2363; x_wconf 88' lang='lat' dir='ltr'><strong>sive</strong></span> <span class='ocrx_word' id='word_1_182' title='bbox 606 2311 746 2364; x_wconf 89' lang='lat' dir='ltr'><strong>circa</strong></span> <span class='ocrx_word' id='word_1_183' title='bbox 775 2309 932 2364; x_wconf 90' lang='lat' dir='ltr'><strong>ﬁnem</strong></span> <span class='ocrx_word' id='word_1_184' title='bbox 963 2310 1262 2366; x_wconf 86' lang='lat' dir='ltr'><strong>Februarii.</strong></span> 
     </span>
    </p>
   </div>
   <div class='ocr_carea' id='block_1_27' title="bbox 375 2379 1879 2444">
    <p class='ocr_par' dir='ltr' id='par_1_27' title="bbox 375 2379 1879 2444">
     <span class='ocr_line' id='line_1_27' title="bbox 375 2379 1879 2444; baseline 0 -12"><span class='ocrx_word' id='word_1_185' title='bbox 375 2379 533 2434; x_wconf 89' lang='lat' dir='ltr'><strong>Circa</strong></span> <span class='ocrx_word' id='word_1_186' title='bbox 557 2380 714 2434; x_wconf 88' lang='lat' dir='ltr'><strong>ﬁnem</strong></span> <span class='ocrx_word' id='word_1_187' title='bbox 743 2379 1016 2436; x_wconf 84' lang='lat' dir='ltr'><strong>Februarii</strong></span> <span class='ocrx_word' id='word_1_188' title='bbox 1038 2392 1130 2436; x_wconf 91' lang='lat' dir='ltr'><strong>aut</strong></span> <span class='ocrx_word' id='word_1_189' title='bbox 1157 2383 1362 2437; x_wconf 92' lang='lat' dir='ltr'><strong>initium</strong></span> <span class='ocrx_word' id='word_1_190' title='bbox 1393 2383 1583 2444; x_wconf 83' lang='lat' dir='ltr'><strong>Martii,</strong></span> <span class='ocrx_word' id='word_1_191' title='bbox 1613 2382 1751 2437; x_wconf 85' lang='lat' dir='ltr'><strong>dicta</strong></span> <span class='ocrx_word' id='word_1_192' title='bbox 1774 2381 1879 2434; x_wconf 91' lang='lat' dir='ltr'><strong>llo-</strong></span> 
     </span>
    </p>
   </div>
   <div class='ocr_carea' id='block_1_28' title="bbox 305 2449 1879 2520">
    <p class='ocr_par' dir='ltr' id='par_1_28' title="bbox 305 2449 1879 2520">
     <span class='ocr_line' id='line_1_28' title="bbox 305 2449 1879 2520; baseline 0.001 -18"><span class='ocrx_word' id='word_1_193' title='bbox 305 2449 458 2503; x_wconf 88' lang='lat' dir='ltr'><strong>milia</strong></span> <span class='ocrx_word' id='word_1_194' title='bbox 487 2450 539 2503; x_wconf 93' lang='lat' dir='ltr'><strong>in</strong></span> <span class='ocrx_word' id='word_1_195' title='bbox 565 2450 651 2504; x_wconf 93' lang='lat' dir='ltr'><strong>illa</strong></span> <span class='ocrx_word' id='word_1_196' title='bbox 675 2450 915 2520; x_wconf 88' lang='lat' dir='ltr'><strong>Apostoli</strong></span> <span class='ocrx_word' id='word_1_197' title='bbox 942 2452 1008 2507; x_wconf 92' lang='lat' dir='ltr'><strong>ad</strong></span> <span class='ocrx_word' id='word_1_198' title='bbox 1052 2453 1393 2508; x_wconf 84' lang='lat' dir='ltr'><strong>Timotheum</strong></span> <span class='ocrx_word' id='word_1_199' title='bbox 1443 2455 1628 2520; x_wconf 89' lang='lat' dir='ltr'><strong>verba,</strong></span> <span class='ocrx_word' id='word_1_200' title='bbox 1679 2451 1879 2505; x_wconf 70' lang='lat' dir='ltr'><strong>Modic&#39;i</strong></span> 
     </span>
    </p>
   </div>
   <div class='ocr_carea' id='block_1_29' title="bbox 303 2521 923 2580">
    <p class='ocr_par' dir='ltr' id='par_1_29' title="bbox 303 2521 923 2580">
     <span class='ocr_line' id='line_1_29' title="bbox 303 2521 923 2580; baseline -0.002 -6"><span class='ocrx_word' id='word_1_201' title='bbox 303 2521 425 2574; x_wconf 69' lang='lat' dir='ltr'><strong>vino</strong></span> <span class='ocrx_word' id='word_1_202' title='bbox 449 2529 608 2580; x_wconf 77' lang='lat' dir='ltr'><strong>utere.</strong></span> <span class='ocrx_word' id='word_1_203' title='bbox 633 2530 739 2576; x_wconf 91' lang='lat' dir='ltr'><strong>etc.</strong></span> <span class='ocrx_word' id='word_1_204' title='bbox 766 2521 831 2575; x_wconf 82' lang='lat' dir='ltr'><strong>T.</strong></span> <span class='ocrx_word' id='word_1_205' title='bbox 863 2521 923 2575; x_wconf 86' lang='grc' dir='ltr'><strong>ΙΙ.</strong></span> 
     </span>
    </p>
   </div>
   <div class='ocr_carea' id='block_1_30' title="bbox 377 2590 1876 2662">
    <p class='ocr_par' dir='ltr' id='par_1_30' title="bbox 377 2590 1876 2662">
     <span class='ocr_line' id='line_1_30' title="bbox 377 2590 1876 2662; baseline 0.001 -18"><span class='ocrx_word' id='word_1_206' title='bbox 377 2590 533 2662; x_wconf 78' lang='lat' dir='ltr'><strong>Circa</strong></span> <span class='ocrx_word' id='word_1_207' title='bbox 553 2593 759 2662; x_wconf 87' lang='lat' dir='ltr'><strong>initium</strong></span> <span class='ocrx_word' id='word_1_208' title='bbox 784 2590 956 2662; x_wconf 78' lang='lat' dir='ltr'><strong>Martii</strong></span> <span class='ocrx_word' id='word_1_209' title='bbox 1008 2601 1193 2647; x_wconf 80' lang='lat' dir='ltr'><strong>exorta</strong></span> <span class='ocrx_word' id='word_1_210' title='bbox 1243 2593 1537 2648; x_wconf 76' lang='lat' dir='ltr'><strong>Antiochia:</strong></span> <span class='ocrx_word' id='word_1_211' title='bbox 1565 2591 1876 2662; x_wconf 77' lang='lat' dir='ltr'><strong>gravissima</strong></span> 
     </span>
    </p>
   </div>
   <div class='ocr_carea' id='block_1_31' title="bbox 303 2661 1880 2732">
    <p class='ocr_par' dir='ltr' id='par_1_31' title="bbox 303 2661 1880 2732">
     <span class='ocr_line' id='line_1_31' title="bbox 303 2661 1880 2732; baseline -0.001 -15"><span class='ocrx_word' id='word_1_212' title='bbox 303 2661 522 2726; x_wconf 79' lang='lat' dir='ltr'><strong>seditio,</strong></span> <span class='ocrx_word' id='word_1_213' title='bbox 577 2661 629 2717; x_wconf 90' lang='lat' dir='ltr'><strong>in</strong></span> <span class='ocrx_word' id='word_1_214' title='bbox 654 2676 756 2732; x_wconf 87' lang='lat' dir='ltr'><strong>qua</strong></span> <span class='ocrx_word' id='word_1_215' title='bbox 784 2661 1005 2732; x_wconf 68' lang='lat' dir='ltr'><strong>deiecta:</strong></span> <span class='ocrx_word' id='word_1_216' title='bbox 1036 2671 1162 2719; x_wconf 88' lang='lat' dir='ltr'><strong>sunt</strong></span> <span class='ocrx_word' id='word_1_217' title='bbox 1208 2663 1494 2720; x_wconf 88' lang='lat' dir='ltr'><strong>Theodosii</strong></span> <span class='ocrx_word' id='word_1_218' title='bbox 1542 2661 1880 2732; x_wconf 64' lang='lat' dir='ltr'><strong>Imperatoris</strong></span> 
     </span>
    </p>
   </div>
   <div class='ocr_carea' id='block_1_32' title="bbox 306 2742 523 2789">
    <p class='ocr_par' dir='ltr' id='par_1_32' title="bbox 306 2742 523 2789">
     <span class='ocr_line' id='line_1_32' title="bbox 306 2742 523 2789; baseline -0.018 0"><span class='ocrx_word' id='word_1_219' title='bbox 306 2742 523 2789; x_wconf 74' lang='lat' dir='ltr'><strong>statim.</strong></span> 
     </span>
    </p>
   </div>
   <div class='ocr_carea' id='block_1_33' title="bbox 382 2801 1877 2872">
    <p class='ocr_par' dir='ltr' id='par_1_33' title="bbox 382 2801 1877 2872">
     <span class='ocr_line' id='line_1_33' title="bbox 382 2801 1877 2872; baseline 0.001 -16"><span class='ocrx_word' id='word_1_220' title='bbox 382 2801 610 2872; x_wconf 82' lang='lat' dir='ltr'><strong>Homilia</strong></span> <span class='ocrx_word' id='word_1_221' title='bbox 643 2801 810 2871; x_wconf 88' lang='lat' dir='ltr'><strong>prima</strong></span> <span class='ocrx_word' id='word_1_222' title='bbox 836 2810 958 2872; x_wconf 82' lang='lat' dir='ltr'><strong>post</strong></span> <span class='ocrx_word' id='word_1_223' title='bbox 985 2801 1127 2858; x_wconf 88' lang='lat' dir='ltr'><strong>illam</strong></span> <span class='ocrx_word' id='word_1_224' title='bbox 1166 2802 1515 2871; x_wconf 83' lang='lat' dir='ltr'><strong>seditionem,</strong></span> <span class='ocrx_word' id='word_1_225' title='bbox 1562 2812 1746 2858; x_wconf 84' lang='lat' dir='ltr'><strong>vocata</strong></span> <span class='ocrx_word' id='word_1_226' title='bbox 1791 2817 1877 2857; x_wconf 86' lang='lat' dir='ltr'><strong>se-</strong></span> 
     </span>
    </p>
   </div>
   <div class='ocr_carea' id='block_1_34' title="bbox 306 2871 1882 2943">
    <p class='ocr_par' dir='ltr' id='par_1_34' title="bbox 306 2871 1882 2943">
     <span class='ocr_line' id='line_1_34' title="bbox 306 2871 1882 2943; baseline 0.001 -16"><span class='ocrx_word' id='word_1_227' title='bbox 306 2871 490 2943; x_wconf 84' lang='lat' dir='ltr'><strong>cunda</strong></span> <span class='ocrx_word' id='word_1_228' title='bbox 520 2872 588 2926; x_wconf 88' lang='lat' dir='ltr'><strong>de</strong></span> <span class='ocrx_word' id='word_1_229' title='bbox 611 2871 927 2943; x_wconf 4' lang='lat' dir='ltr'><strong>Statuis.&quot;ql‘.</strong></span> <span class='ocrx_word' id='word_1_230' title='bbox 953 2872 1015 2926; x_wconf 94' lang='lat' dir='ltr'><strong>Il.</strong></span> <span class='ocrx_word' id='word_1_231' title='bbox 1044 2872 1185 2928; x_wconf 84' lang='lat' dir='ltr'><strong>dicta</strong></span> <span class='ocrx_word' id='word_1_232' title='bbox 1212 2882 1295 2929; x_wconf 92' lang='lat' dir='ltr'><strong>est</strong></span> <span class='ocrx_word' id='word_1_233' title='bbox 1315 2875 1497 2943; x_wconf 83' lang='lat' dir='ltr'><strong>paucis</strong></span> <span class='ocrx_word' id='word_1_234' title='bbox 1525 2873 1714 2928; x_wconf 90' lang='lat' dir='ltr'><strong>diebus</strong></span> <span class='ocrx_word' id='word_1_235' title='bbox 1755 2882 1882 2928; x_wconf 87' lang='lat' dir='ltr'><strong>ante</strong></span> 
     </span>
    </p>
   </div>
   <div class='ocr_carea' id='block_1_35' title="bbox 306 2941 1875 3010">
    <p class='ocr_par' dir='ltr' id='par_1_35' title="bbox 306 2941 1875 3010">
     <span class='ocr_line' id='line_1_35' title="bbox 306 2941 1875 3010; baseline 0 -14"><span class='ocrx_word' id='word_1_236' title='bbox 306 2941 818 3010; x_wconf 78' lang='lat' dir='ltr'><strong>Quadragesimam;</strong></span> <span class='ocrx_word' id='word_1_237' title='bbox 847 2941 1041 2997; x_wconf 89' lang='lat' dir='ltr'><strong>deinde</strong></span> <span class='ocrx_word' id='word_1_238' title='bbox 1069 2944 1186 2997; x_wconf 82' lang='lat' dir='ltr'><strong>ali:e</strong></span> <span class='ocrx_word' id='word_1_239' title='bbox 1210 2941 1526 2999; x_wconf 62' lang='lat' dir='ltr'><strong>lIOOOI‘tIlIIO</strong></span> <span class='ocrx_word' id='word_1_240' title='bbox 1552 2961 1565 2996; x_wconf 90' lang='lat'><strong>:</strong></span> <span class='ocrx_word' id='word_1_241' title='bbox 1601 2943 1875 2996; x_wconf 88' lang='lat' dir='ltr'><strong>Dominiea</strong></span> 
     </span>
    </p>
   </div>
   <div class='ocr_carea' id='block_1_36' title="bbox 307 3010 1880 3082">
    <p class='ocr_par' dir='ltr' id='par_1_36' title="bbox 307 3010 1880 3082">
     <span class='ocr_line' id='line_1_36' title="bbox 307 3010 1880 3082; baseline 0.001 -17"><span class='ocrx_word' id='word_1_242' title='bbox 307 3023 439 3068; x_wconf 81' lang='lat' dir='ltr'><strong>ante</strong></span> <span class='ocrx_word' id='word_1_243' title='bbox 468 3010 940 3082; x_wconf 77' lang='lat' dir='ltr'><strong>Quadragesimam</strong></span> <span class='ocrx_word' id='word_1_244' title='bbox 967 3026 1062 3067; x_wconf 87' lang='lat' dir='ltr'><strong>seu</strong></span> <span class='ocrx_word' id='word_1_245' title='bbox 1090 3012 1208 3068; x_wconf 83' lang='lat' dir='ltr'><strong>XIV</strong></span> <span class='ocrx_word' id='word_1_246' title='bbox 1241 3013 1433 3079; x_wconf 72' lang='lat' dir='ltr'><strong>Martii,</strong></span> <span class='ocrx_word' id='word_1_247' title='bbox 1461 3014 1613 3067; x_wconf 89' lang='lat' dir='ltr'><strong>tertia</strong></span> <span class='ocrx_word' id='word_1_248' title='bbox 1635 3011 1880 3076; x_wconf 81' lang='lat' dir='ltr'><strong>Homilia;</strong></span> 
     </span>
    </p>
   </div>
   <div class='ocr_carea' id='block_1_37' title="bbox 309 3082 1880 3154">
    <p class='ocr_par' dir='ltr' id='par_1_37' title="bbox 309 3082 1880 3154">
     <span class='ocr_line' id='line_1_37' title="bbox 309 3082 1880 3154; baseline -0.001 -17"><span class='ocrx_word' id='word_1_249' title='bbox 309 3089 428 3137; x_wconf 86' lang='lat' dir='ltr'><strong>tum</strong></span> <span class='ocrx_word' id='word_1_250' title='bbox 457 3091 668 3151; x_wconf 86' lang='lat' dir='ltr'><strong>quarta,</strong></span> <span class='ocrx_word' id='word_1_251' title='bbox 698 3082 906 3154; x_wconf 79' lang='lat' dir='ltr'><strong>quinta,</strong></span> <span class='ocrx_word' id='word_1_252' title='bbox 937 3091 1108 3150; x_wconf 80' lang='lat' dir='ltr'><strong>sexta,</strong></span> <span class='ocrx_word' id='word_1_253' title='bbox 1137 3084 1383 3154; x_wconf 85' lang='lat' dir='ltr'><strong>septima,</strong></span> <span class='ocrx_word' id='word_1_254' title='bbox 1415 3091 1620 3147; x_wconf 86' lang='lat' dir='ltr'><strong>octava,</strong></span> <span class='ocrx_word' id='word_1_255' title='bbox 1646 3083 1880 3154; x_wconf 83' lang='lat' dir='ltr'><strong>decima-</strong></span> 
     </span>
    </p>
   </div>
   <div class='ocr_carea' id='block_1_38' title="bbox 306 3151 1885 3221">
    <p class='ocr_par' dir='ltr' id='par_1_38' title="bbox 306 3151 1885 3221">
     <span class='ocr_line' id='line_1_38' title="bbox 306 3151 1885 3221; baseline -0.001 -15"><span class='ocrx_word' id='word_1_256' title='bbox 306 3153 538 3220; x_wconf 84' lang='lat' dir='ltr'><strong>quinta,</strong></span> <span class='ocrx_word' id='word_1_257' title='bbox 592 3167 687 3207; x_wconf 82' lang='lat' dir='ltr'><strong>sex</strong></span> <span class='ocrx_word' id='word_1_258' title='bbox 715 3151 922 3221; x_wconf 81' lang='lat' dir='ltr'><strong>diebus</strong></span> <span class='ocrx_word' id='word_1_259' title='bbox 965 3151 1415 3221; x_wconf 73' lang='lat' dir='ltr'><strong>consequentibus</strong></span> <span class='ocrx_word' id='word_1_260' title='bbox 1456 3154 1638 3221; x_wconf 74' lang='lat' dir='ltr'><strong>prima:</strong></span> <span class='ocrx_word' id='word_1_261' title='bbox 1693 3152 1885 3205; x_wconf 86' lang='lat' dir='ltr'><strong>hebdo-</strong></span> 
     </span>
    </p>
   </div>
   <div class='ocr_carea' id='block_1_39' title="bbox 307 3220 1882 3292">
    <p class='ocr_par' dir='ltr' id='par_1_39' title="bbox 307 3220 1882 3292">
     <span class='ocr_line' id='line_1_39' title="bbox 307 3220 1882 3292; baseline -0.001 -18"><span class='ocrx_word' id='word_1_262' title='bbox 307 3222 508 3276; x_wconf 60' lang='lat' dir='ltr'><strong>made.</strong></span> <span class='ocrx_word' id='word_1_263' title='bbox 563 3220 764 3292; x_wconf 86' lang='lat' dir='ltr'><strong>Deinde</strong></span> <span class='ocrx_word' id='word_1_264' title='bbox 779 3221 871 3276; x_wconf 84' lang='lat' dir='ltr'><strong>die</strong></span> <span class='ocrx_word' id='word_1_265' title='bbox 896 3223 1033 3276; x_wconf 66' lang='lat' dir='ltr'><strong>luna:</strong></span> <span class='ocrx_word' id='word_1_266' title='bbox 1056 3220 1327 3292; x_wconf 86' lang='lat' dir='ltr'><strong>sequentis</strong></span> <span class='ocrx_word' id='word_1_267' title='bbox 1353 3220 1693 3278; x_wconf 74' lang='lat' dir='ltr'><strong>hebdoniadie</strong></span> <span class='ocrx_word' id='word_1_268' title='bbox 1724 3237 1882 3284; x_wconf 89' lang='lat' dir='ltr'><strong>nona,</strong></span> 
     </span>
    </p>
   </div>
   <div class='ocr_carea' id='block_1_40' title="bbox 305 3291 1886 3362">
    <p class='ocr_par' dir='ltr' id='par_1_40' title="bbox 305 3291 1886 3362">
     <span class='ocr_line' id='line_1_40' title="bbox 305 3291 1886 3362; baseline -0.001 -18"><span class='ocrx_word' id='word_1_269' title='bbox 305 3299 368 3345; x_wconf 88' lang='lat' dir='ltr'><strong>et</strong></span> <span class='ocrx_word' id='word_1_270' title='bbox 387 3291 645 3360; x_wconf 84' lang='lat' dir='ltr'><strong>postridie</strong></span> <span class='ocrx_word' id='word_1_271' title='bbox 673 3291 902 3356; x_wconf 88' lang='lat' dir='ltr'><strong>decima,</strong></span> <span class='ocrx_word' id='word_1_272' title='bbox 950 3300 1070 3362; x_wconf 87' lang='lat' dir='ltr'><strong>post</strong></span> <span class='ocrx_word' id='word_1_273' title='bbox 1109 3291 1270 3362; x_wconf 82' lang='lat' dir='ltr'><strong>quam</strong></span> <span class='ocrx_word' id='word_1_274' title='bbox 1319 3294 1486 3348; x_wconf 91' lang='lat' dir='ltr'><strong>nimio</strong></span> <span class='ocrx_word' id='word_1_275' title='bbox 1527 3293 1886 3346; x_wconf 74' lang='lat' dir='ltr'><strong>Antiochi-no-</strong></span> 
     </span>
    </p>
   </div>
   <div class='ocr_carea' id='block_1_41' title="bbox 307 3361 1886 3431">
    <p class='ocr_par' dir='ltr' id='par_1_41' title="bbox 307 3361 1886 3431">
     <span class='ocr_line' id='line_1_41' title="bbox 307 3361 1886 3431; baseline 0 -16"><span class='ocrx_word' id='word_1_276' title='bbox 307 3377 435 3415; x_wconf 83' lang='lat' dir='ltr'><strong>rum</strong></span> <span class='ocrx_word' id='word_1_277' title='bbox 473 3370 681 3431; x_wconf 84' lang='lat' dir='ltr'><strong>terrore</strong></span> <span class='ocrx_word' id='word_1_278' title='bbox 702 3375 915 3416; x_wconf 88' lang='lat' dir='ltr'><strong>cessare</strong></span> <span class='ocrx_word' id='word_1_279' title='bbox 941 3361 1149 3431; x_wconf 76' lang='lat' dir='ltr'><strong>cogitur</strong></span> <span class='ocrx_word' id='word_1_280' title='bbox 1175 3362 1424 3417; x_wconf 84' lang='lat' dir='ltr'><strong>Saiictus.</strong></span> <span class='ocrx_word' id='word_1_281' title='bbox 1454 3363 1726 3417; x_wconf 86' lang='lat' dir='ltr'><strong>Prioribus</strong></span> <span class='ocrx_word' id='word_1_282' title='bbox 1747 3362 1886 3415; x_wconf 88' lang='lat' dir='ltr'><strong>illius</strong></span> 
     </span>
    </p>
   </div>
   <div class='ocr_carea' id='block_1_42' title="bbox 307 3430 1780 3501">
    <p class='ocr_par' dir='ltr' id='par_1_42' title="bbox 307 3430 1780 3501">
     <span class='ocr_line' id='line_1_42' title="bbox 307 3430 1780 3501; baseline -0.001 -15"><span class='ocrx_word' id='word_1_283' title='bbox 307 3430 868 3501; x_wconf 12' lang='lat' dir='ltr'><strong>hebdomadaeidiebus</strong></span> <span class='ocrx_word' id='word_1_284' title='bbox 895 3430 1030 3485; x_wconf 84' lang='lat' dir='ltr'><strong>dicta</strong></span> <span class='ocrx_word' id='word_1_285' title='bbox 1055 3431 1370 3486; x_wconf 89' lang='lat' dir='ltr'><strong>Catecliesis</strong></span> <span class='ocrx_word' id='word_1_286' title='bbox 1395 3433 1588 3501; x_wconf 90' lang='lat' dir='ltr'><strong>prima.</strong></span> <span class='ocrx_word' id='word_1_287' title='bbox 1617 3432 1680 3486; x_wconf 91' lang='lat' dir='ltr'><strong>T.</strong></span> <span class='ocrx_word' id='word_1_288' title='bbox 1717 3432 1780 3485; x_wconf 93' lang='lat' dir='ltr'><strong>II.</strong></span> 
     </span>
    </p>
   </div>
   <div class='ocr_carea' id='block_1_43' title="bbox 387 3500 1887 3566">
    <p class='ocr_par' dir='ltr' id='par_1_43' title="bbox 387 3500 1887 3566">
     <span class='ocr_line' id='line_1_43' title="bbox 387 3500 1887 3566; baseline -0.001 -12"><span class='ocrx_word' id='word_1_289' title='bbox 387 3501 484 3556; x_wconf 88' lang='lat' dir='ltr'><strong>Die</strong></span> <span class='ocrx_word' id='word_1_290' title='bbox 511 3500 680 3555; x_wconf 77' lang='lat' dir='ltr'><strong>XXVI</strong></span> <span class='ocrx_word' id='word_1_291' title='bbox 725 3541 741 3566; x_wconf 96' lang='lat'><strong>,</strong></span> <span class='ocrx_word' id='word_1_292' title='bbox 768 3508 859 3555; x_wconf 88' lang='lat' dir='ltr'><strong>aut</strong></span> <span class='ocrx_word' id='word_1_293' title='bbox 881 3501 1094 3556; x_wconf 80' lang='lat' dir='ltr'><strong>XXVIII</strong></span> <span class='ocrx_word' id='word_1_294' title='bbox 1117 3502 1290 3557; x_wconf 78' lang='lat' dir='ltr'><strong>Martii</strong></span> <span class='ocrx_word' id='word_1_295' title='bbox 1313 3543 1326 3565; x_wconf 93' lang='lat'><strong>,</strong></span> <span class='ocrx_word' id='word_1_296' title='bbox 1353 3500 1529 3556; x_wconf 90' lang='lat' dir='ltr'><strong>habita</strong></span> <span class='ocrx_word' id='word_1_297' title='bbox 1549 3509 1633 3556; x_wconf 93' lang='lat' dir='ltr'><strong>est</strong></span> <span class='ocrx_word' id='word_1_298' title='bbox 1661 3501 1887 3556; x_wconf 89' lang='lat' dir='ltr'><strong>Homilia</strong></span> 
     </span>
    </p>
   </div>
   <div class='ocr_carea' id='block_1_44' title="bbox 307 3571 1888 3642">
    <p class='ocr_par' dir='ltr' id='par_1_44' title="bbox 307 3571 1888 3642">
     <span class='ocr_line' id='line_1_44' title="bbox 307 3571 1888 3642; baseline -0.001 -16"><span class='ocrx_word' id='word_1_299' title='bbox 307 3571 521 3642; x_wconf 74' lang='lat' dir='ltr'><strong>decima</strong></span> <span class='ocrx_word' id='word_1_300' title='bbox 546 3579 692 3626; x_wconf 80' lang='lat' dir='ltr'><strong>sexta</strong></span> <span class='ocrx_word' id='word_1_301' title='bbox 717 3611 732 3636; x_wconf 95' lang='lat'><strong>,</strong></span> <span class='ocrx_word' id='word_1_302' title='bbox 761 3571 984 3642; x_wconf 86' lang='lat' dir='ltr'><strong>necdum</strong></span> <span class='ocrx_word' id='word_1_303' title='bbox 1007 3571 1269 3627; x_wconf 90' lang='lat' dir='ltr'><strong>inchoatis</strong></span> <span class='ocrx_word' id='word_1_304' title='bbox 1286 3571 1494 3642; x_wconf 85' lang='lat' dir='ltr'><strong>iudiciis</strong></span> <span class='ocrx_word' id='word_1_305' title='bbox 1517 3589 1532 3637; x_wconf 94' lang='lat'><strong>;</strong></span> <span class='ocrx_word' id='word_1_306' title='bbox 1554 3580 1675 3642; x_wconf 88' lang='lat' dir='ltr'><strong>post</strong></span> <span class='ocrx_word' id='word_1_307' title='bbox 1691 3572 1888 3641; x_wconf 90' lang='lat' dir='ltr'><strong>judicia</strong></span> 
     </span>
    </p>
   </div>
   <div class='ocr_carea' id='block_1_45' title="bbox 306 3640 1890 3712">
    <p class='ocr_par' dir='ltr' id='par_1_45' title="bbox 306 3640 1890 3712">
     <span class='ocr_line' id='line_1_45' title="bbox 306 3640 1890 3712; baseline 0.001 -17"><span class='ocrx_word' id='word_1_308' title='bbox 306 3656 446 3712; x_wconf 79' lang='lat' dir='ltr'><strong>vero</strong></span> <span class='ocrx_word' id='word_1_309' title='bbox 471 3640 678 3712; x_wconf 74' lang='lat' dir='ltr'><strong>decima</strong></span> <span class='ocrx_word' id='word_1_310' title='bbox 709 3641 931 3709; x_wconf 82' lang='lat' dir='ltr'><strong>septima</strong></span> <span class='ocrx_word' id='word_1_311' title='bbox 958 3641 1161 3712; x_wconf 82' lang='lat' dir='ltr'><strong>ﬁgenda</strong></span> <span class='ocrx_word' id='word_1_312' title='bbox 1201 3640 1295 3712; x_wconf 28' lang='lat' dir='ltr'><strong>est‘</strong></span> <span class='ocrx_word' id='word_1_313' title='bbox 1323 3642 1409 3696; x_wconf 91' lang='lat' dir='ltr'><strong>die</strong></span> <span class='ocrx_word' id='word_1_314' title='bbox 1440 3643 1476 3695; x_wconf 79' lang='lat'><strong>2</strong></span> <span class='ocrx_word' id='word_1_315' title='bbox 1508 3640 1600 3697; x_wconf 82' lang='lat' dir='ltr'><strong>aut</strong></span> <span class='ocrx_word' id='word_1_316' title='bbox 1635 3640 1890 3712; x_wconf 9' lang='lat' dir='ltr'><strong>57Aprilis</strong></span> 
     </span>
    </p>
   </div>
   <div class='ocr_carea' id='block_1_46' title="bbox 311 3710 1891 3781">
    <p class='ocr_par' dir='ltr' id='par_1_46' title="bbox 311 3710 1891 3781">
     <span class='ocr_line' id='line_1_46' title="bbox 311 3710 1891 3781; baseline 0 -17"><span class='ocrx_word' id='word_1_317' title='bbox 311 3714 333 3780; x_wconf 88' lang='lat'>(</span> <span class='ocrx_word' id='word_1_318' title='bbox 365 3711 439 3764; x_wconf 84' lang='lat' dir='ltr'><strong>uti</strong></span> <span class='ocrx_word' id='word_1_319' title='bbox 477 3719 533 3766; x_wconf 88' lang='lat' dir='ltr'><strong>et</strong></span> <span class='ocrx_word' id='word_1_320' title='bbox 566 3710 871 3766; x_wconf 82' lang='lat' dir='ltr'><strong>Catecbesis</strong></span> <span class='ocrx_word' id='word_1_321' title='bbox 911 3711 1200 3781; x_wconf 89' lang='lat' dir='ltr'><strong>secunda).</strong></span> <span class='ocrx_word' id='word_1_322' title='bbox 1241 3711 1302 3781; x_wconf 85' lang='lat' dir='ltr'><strong>&#39;I‘.</strong></span> <span class='ocrx_word' id='word_1_323' title='bbox 1337 3713 1398 3766; x_wconf 94' lang='lat' dir='ltr'><strong>II.</strong></span> <span class='ocrx_word' id='word_1_324' title='bbox 1431 3721 1539 3766; x_wconf 90' lang='lat' dir='ltr'><strong>tum</strong></span> <span class='ocrx_word' id='word_1_325' title='bbox 1569 3710 1771 3766; x_wconf 83' lang='lat' dir='ltr'><strong>decima</strong></span> <span class='ocrx_word' id='word_1_326' title='bbox 1801 3727 1891 3765; x_wconf 87' lang='lat' dir='ltr'><strong>0c-</strong></span> 
     </span>
    </p>
   </div>
   <div class='ocr_carea' id='block_1_47' title="bbox 308 3780 1889 3850">
    <p class='ocr_par' dir='ltr' id='par_1_47' title="bbox 308 3780 1889 3850">
     <span class='ocr_line' id='line_1_47' title="bbox 308 3780 1889 3850; baseline 0.001 -14"><span class='ocrx_word' id='word_1_327' title='bbox 308 3791 436 3836; x_wconf 77' lang='lat' dir='ltr'><strong>tava</strong></span> <span class='ocrx_word' id='word_1_328' title='bbox 460 3821 474 3840; x_wconf 88' lang='lat'><strong>.</strong></span> <span class='ocrx_word' id='word_1_329' title='bbox 503 3781 781 3835; x_wconf 85' lang='lat' dir='ltr'><strong>undecima</strong></span> <span class='ocrx_word' id='word_1_330' title='bbox 803 3820 820 3844; x_wconf 94' lang='lat'><strong>,</strong></span> <span class='ocrx_word' id='word_1_331' title='bbox 857 3780 1170 3836; x_wconf 89' lang='lat' dir='ltr'><strong>duodecima</strong></span> <span class='ocrx_word' id='word_1_332' title='bbox 1192 3823 1207 3848; x_wconf 92' lang='lat'><strong>,</strong></span> <span class='ocrx_word' id='word_1_333' title='bbox 1236 3780 1441 3837; x_wconf 88' lang='lat' dir='ltr'><strong>decima</strong></span> <span class='ocrx_word' id='word_1_334' title='bbox 1472 3782 1623 3837; x_wconf 89' lang='lat' dir='ltr'><strong>tertia</strong></span> <span class='ocrx_word' id='word_1_335' title='bbox 1647 3823 1662 3850; x_wconf 92' lang='lat'><strong>,</strong></span> <span class='ocrx_word' id='word_1_336' title='bbox 1698 3796 1889 3838; x_wconf 88' lang='lat' dir='ltr'><strong>conse-</strong></span> 
     </span>
    </p>
   </div>
   <div class='ocr_carea' id='block_1_48' title="bbox 308 3850 1046 3927">
    <p class='ocr_par' dir='ltr' id='par_1_48' title="bbox 308 3850 1046 3927">
     <span class='ocr_line' id='line_1_48' title="bbox 308 3850 1046 3927; baseline 0.005 -25"><span class='ocrx_word' id='word_1_337' title='bbox 308 3851 602 3927; x_wconf 68' lang='lat' dir='ltr'><strong>quentibus</strong></span> <span class='ocrx_word' id='word_1_338' title='bbox 624 3850 810 3905; x_wconf 88' lang='lat' dir='ltr'><strong>diebus</strong></span> <span class='ocrx_word' id='word_1_339' title='bbox 835 3850 1046 3927; x_wconf 55' lang='lat' dir='ltr'><strong>habitas:</strong></span> 
     </span>
    </p>
   </div>
   <div class='ocr_carea' id='block_1_49' title="bbox 390 3919 1894 3990">
    <p class='ocr_par' dir='ltr' id='par_1_49' title="bbox 390 3919 1894 3990">
     <span class='ocr_line' id='line_1_49' title="bbox 390 3919 1894 3990; baseline 0.001 -16"><span class='ocrx_word' id='word_1_340' title='bbox 390 3919 592 3976; x_wconf 84' lang='lat' dir='ltr'><strong>Deinde</strong></span> <span class='ocrx_word' id='word_1_341' title='bbox 620 3929 740 3990; x_wconf 88' lang='lat' dir='ltr'><strong>post</strong></span> <span class='ocrx_word' id='word_1_342' title='bbox 769 3936 926 3975; x_wconf 89' lang='lat' dir='ltr'><strong>unum</strong></span> <span class='ocrx_word' id='word_1_343' title='bbox 965 3922 1151 3975; x_wconf 86' lang='lat' dir='ltr'><strong>saltem</strong></span> <span class='ocrx_word' id='word_1_344' title='bbox 1181 3930 1272 3976; x_wconf 89' lang='lat' dir='ltr'><strong>aut</strong></span> <span class='ocrx_word' id='word_1_345' title='bbox 1301 3922 1478 3990; x_wconf 90' lang='lat' dir='ltr'><strong>plures</strong></span> <span class='ocrx_word' id='word_1_346' title='bbox 1503 3921 1620 3978; x_wconf 91' lang='lat' dir='ltr'><strong>dies</strong></span> <span class='ocrx_word' id='word_1_347' title='bbox 1644 3923 1782 3977; x_wconf 91' lang='lat' dir='ltr'><strong>dicta</strong></span> <span class='ocrx_word' id='word_1_348' title='bbox 1811 3931 1894 3976; x_wconf 90' lang='lat' dir='ltr'><strong>est</strong></span> 
     </span>
    </p>
   </div>
   <div class='ocr_carea' id='block_1_50' title="bbox 309 3989 1892 4060">
    <p class='ocr_par' dir='ltr' id='par_1_50' title="bbox 309 3989 1892 4060">
     <span class='ocr_line' id='line_1_50' title="bbox 309 3989 1892 4060; baseline 0.001 -15"><span class='ocrx_word' id='word_1_349' title='bbox 309 3989 520 4045; x_wconf 86' lang='lat' dir='ltr'><strong>decima</strong></span> <span class='ocrx_word' id='word_1_350' title='bbox 541 3989 748 4060; x_wconf 86' lang='lat' dir='ltr'><strong>quarta.</strong></span> <span class='ocrx_word' id='word_1_351' title='bbox 770 3990 920 4045; x_wconf 87' lang='lat' dir='ltr'><strong>Circa</strong></span> <span class='ocrx_word' id='word_1_352' title='bbox 947 3991 1272 4046; x_wconf 89' lang='lat' dir='ltr'><strong>Dominieam</strong></span> <span class='ocrx_word' id='word_1_353' title='bbox 1295 3989 1592 4046; x_wconf 84' lang='lat' dir='ltr'><strong>Palmarum</strong></span> <span class='ocrx_word' id='word_1_354' title='bbox 1617 3992 1779 4046; x_wconf 90' lang='lat' dir='ltr'><strong>autin</strong></span> <span class='ocrx_word' id='word_1_355' title='bbox 1804 3992 1892 4046; x_wconf 92' lang='lat' dir='ltr'><strong>illa</strong></span> 
     </span>
    </p>
   </div>
   <div class='ocr_carea' id='block_1_51' title="bbox 313 4059 1891 4130">
    <p class='ocr_par' dir='ltr' id='par_1_51' title="bbox 313 4059 1891 4130">
     <span class='ocr_line' id='line_1_51' title="bbox 313 4059 1891 4130; baseline 0 -16"><span class='ocrx_word' id='word_1_356' title='bbox 313 4063 430 4128; x_wconf 86' lang='lat' dir='ltr'><strong>ipsa</strong></span> <span class='ocrx_word' id='word_1_357' title='bbox 463 4059 732 4113; x_wconf 90' lang='lat' dir='ltr'><strong>Dominica</strong></span> <span class='ocrx_word' id='word_1_358' title='bbox 759 4099 775 4126; x_wconf 91' lang='lat'><strong>,</strong></span> <span class='ocrx_word' id='word_1_359' title='bbox 802 4060 966 4130; x_wconf 74' lang='lat' dir='ltr'><strong>XVIII</strong></span> <span class='ocrx_word' id='word_1_360' title='bbox 990 4062 1182 4130; x_wconf 82' lang='lat' dir='ltr'><strong>Aprilis</strong></span> <span class='ocrx_word' id='word_1_361' title='bbox 1204 4103 1220 4127; x_wconf 95' lang='lat'><strong>,</strong></span> <span class='ocrx_word' id='word_1_362' title='bbox 1249 4062 1421 4116; x_wconf 88' lang='lat' dir='ltr'><strong>habita</strong></span> <span class='ocrx_word' id='word_1_363' title='bbox 1445 4062 1669 4116; x_wconf 89' lang='lat' dir='ltr'><strong>Ilomilia</strong></span> <span class='ocrx_word' id='word_1_364' title='bbox 1689 4062 1891 4116; x_wconf 89' lang='lat' dir='ltr'><strong>decima</strong></span> 
     </span>
    </p>
   </div>
   <div class='ocr_carea' id='block_1_52' title="bbox 317 4129 1893 4198">
    <p class='ocr_par' dir='ltr' id='par_1_52' title="bbox 317 4129 1893 4198">
     <span class='ocr_line' id='line_1_52' title="bbox 317 4129 1893 4198; baseline 0.001 -14"><span class='ocrx_word' id='word_1_365' title='bbox 317 4144 461 4184; x_wconf 81' lang='lat' dir='ltr'><strong>nona</strong></span> <span class='ocrx_word' id='word_1_366' title='bbox 487 4170 503 4195; x_wconf 91' lang='lat'><strong>,</strong></span> <span class='ocrx_word' id='word_1_367' title='bbox 533 4139 653 4198; x_wconf 84' lang='lat' dir='ltr'><strong>post</strong></span> <span class='ocrx_word' id='word_1_368' title='bbox 689 4129 930 4184; x_wconf 82' lang='lat' dir='ltr'><strong>morbum</strong></span> <span class='ocrx_word' id='word_1_369' title='bbox 974 4129 1174 4186; x_wconf 78' lang='lat' dir='ltr'><strong>Sancti.</strong></span> <span class='ocrx_word' id='word_1_370' title='bbox 1225 4131 1422 4186; x_wconf 88' lang='lat' dir='ltr'><strong>Deinde</strong></span> <span class='ocrx_word' id='word_1_371' title='bbox 1466 4133 1518 4185; x_wconf 89' lang='lat' dir='ltr'><strong>in</strong></span> <span class='ocrx_word' id='word_1_372' title='bbox 1569 4131 1893 4186; x_wconf 87' lang='lat' dir='ltr'><strong>hebdomada</strong></span> 
     </span>
    </p>
   </div>
   <div class='ocr_carea' id='block_1_53' title="bbox 314 4199 1894 4272">
    <p class='ocr_par' dir='ltr' id='par_1_53' title="bbox 314 4199 1894 4272">
     <span class='ocr_line' id='line_1_53' title="bbox 314 4199 1894 4272; baseline 0.003 -22"><span class='ocrx_word' id='word_1_373' title='bbox 314 4207 541 4272; x_wconf 40' lang='lat' dir='ltr'><strong>sancta‘,</strong></span> <span class='ocrx_word' id='word_1_374' title='bbox 571 4199 731 4272; x_wconf 44' lang='lat' dir='ltr'><strong>dicta“</strong></span> <span class='ocrx_word' id='word_1_375' title='bbox 755 4200 1006 4272; x_wconf 70' lang='lat' dir='ltr'><strong>vigesima</strong></span> <span class='ocrx_word' id='word_1_376' title='bbox 1031 4202 1217 4272; x_wconf 17' lang='lat' dir='ltr'><strong>,7alias</strong></span> <span class='ocrx_word' id='word_1_377' title='bbox 1248 4201 1499 4272; x_wconf 78' lang='lat' dir='ltr'><strong>vigesima</strong></span> <span class='ocrx_word' id='word_1_378' title='bbox 1540 4201 1793 4256; x_wconf 85' lang='lat' dir='ltr'><strong>secunda.</strong></span> <span class='ocrx_word' id='word_1_379' title='bbox 1837 4200 1894 4256; x_wconf 92' lang='lat' dir='ltr'><strong>lii</strong></span> 
     </span>
    </p>
   </div>
   <div class='ocr_carea' id='block_1_54' title="bbox 319 4267 1822 4341">
    <p class='ocr_par' dir='ltr' id='par_1_54' title="bbox 319 4267 1822 4341">
     <span class='ocr_line' id='line_1_54' title="bbox 319 4267 1822 4341; baseline 0 -19"><span class='ocrx_word' id='word_1_380' title='bbox 319 4267 461 4341; x_wconf 60' lang='lat' dir='ltr'><strong>festo</strong></span> <span class='ocrx_word' id='word_1_381' title='bbox 491 4267 734 4341; x_wconf 65' lang='lat' dir='ltr'><strong>Paschali</strong></span> <span class='ocrx_word' id='word_1_382' title='bbox 758 4267 896 4341; x_wconf 62' lang='grc' dir='ltr'><strong>,ΧΥ</strong></span> <span class='ocrx_word' id='word_1_383' title='bbox 927 4271 1120 4339; x_wconf 84' lang='lat' dir='ltr'><strong>Aprilis</strong></span> <span class='ocrx_word' id='word_1_384' title='bbox 1143 4312 1159 4334; x_wconf 91' lang='lat'><strong>,</strong></span> <span class='ocrx_word' id='word_1_385' title='bbox 1189 4267 1327 4326; x_wconf 73' lang='lat' dir='ltr'><strong>dicta</strong></span> <span class='ocrx_word' id='word_1_386' title='bbox 1355 4272 1606 4338; x_wconf 75' lang='lat' dir='ltr'><strong>vigesima</strong></span> <span class='ocrx_word' id='word_1_387' title='bbox 1632 4272 1822 4341; x_wconf 89' lang='lat' dir='ltr'><strong>prima.</strong></span> 
     </span>
    </p>
   </div>
   <div class='ocr_carea' id='block_1_55' title="bbox 393 4337 1898 4410">
    <p class='ocr_par' dir='ltr' id='par_1_55' title="bbox 393 4337 1898 4410">
     <span class='ocr_line' id='line_1_55' title="bbox 393 4337 1898 4410; baseline 0.002 -19"><span class='ocrx_word' id='word_1_388' title='bbox 393 4337 520 4410; x_wconf 78' lang='lat' dir='ltr'><strong>Post</strong></span> <span class='ocrx_word' id='word_1_389' title='bbox 539 4337 736 4410; x_wconf 77' lang='lat' dir='ltr'><strong>Pascha</strong></span> <span class='ocrx_word' id='word_1_390' title='bbox 760 4337 989 4410; x_wconf 61' lang='lat' dir='ltr'><strong>Sanctus</strong></span> <span class='ocrx_word' id='word_1_391' title='bbox 1002 4341 1255 4394; x_wconf 89' lang='lat' dir='ltr'><strong>Homilias</strong></span> <span class='ocrx_word' id='word_1_392' title='bbox 1271 4343 1519 4410; x_wconf 83' lang='lat' dir='ltr'><strong>quasdam</strong></span> <span class='ocrx_word' id='word_1_393' title='bbox 1539 4337 1720 4396; x_wconf 45' lang='lat' dir='ltr'><strong>hab—uit</strong></span> <span class='ocrx_word' id='word_1_394' title='bbox 1739 4341 1898 4395; x_wconf 90' lang='lat' dir='ltr'><strong>modo</strong></span> 
     </span>
    </p>
   </div>
   <div class='ocr_carea' id='block_1_56' title="bbox 323 4407 1898 4479">
    <p class='ocr_par' dir='ltr' id='par_1_56' title="bbox 323 4407 1898 4479">
     <span class='ocr_line' id='line_1_56' title="bbox 323 4407 1898 4479; baseline 0.004 -20"><span class='ocrx_word' id='word_1_395' title='bbox 323 4407 565 4479; x_wconf 65' lang='lat' dir='ltr'><strong>perditas</strong></span> <span class='ocrx_word' id='word_1_396' title='bbox 583 4423 598 4471; x_wconf 92' lang='lat'><strong>;</strong></span> <span class='ocrx_word' id='word_1_397' title='bbox 617 4407 818 4479; x_wconf 68' lang='lat' dir='ltr'><strong>deinde</strong></span> <span class='ocrx_word' id='word_1_398' title='bbox 839 4423 1022 4464; x_wconf 90' lang='lat' dir='ltr'><strong>mense</strong></span> <span class='ocrx_word' id='word_1_399' title='bbox 1046 4410 1182 4479; x_wconf 79' lang='lat' dir='ltr'><strong>Majo</strong></span> <span class='ocrx_word' id='word_1_400' title='bbox 1209 4419 1264 4464; x_wconf 90' lang='lat' dir='ltr'><strong>et</strong></span> <span class='ocrx_word' id='word_1_401' title='bbox 1290 4407 1460 4465; x_wconf 49' lang='lat' dir='ltr'><strong>&#39;Junio</strong></span> <span class='ocrx_word' id='word_1_402' title='bbox 1505 4414 1797 4466; x_wconf 83' lang='lat' dir='ltr'><strong>Sermones</strong></span> <span class='ocrx_word' id='word_1_403' title='bbox 1828 4411 1898 4466; x_wconf 88' lang='lat' dir='ltr'><strong>de</strong></span> 
     </span>
    </p>
   </div>
   <div class='ocr_carea' id='block_1_57' title="bbox 320 4475 1898 4558">
    <p class='ocr_par' dir='ltr' id='par_1_57' title="bbox 320 4475 1898 4558">
     <span class='ocr_line' id='line_1_57' title="bbox 320 4475 1898 4558; baseline 0.004 -28"><span class='ocrx_word' id='word_1_404' title='bbox 320 4478 493 4558; x_wconf 80' lang='lat' dir='ltr'><strong>A_niia.</strong></span> <span class='ocrx_word' id='word_1_405' title='bbox 523 4475 584 4530; x_wconf 89' lang='lat' dir='ltr'><strong>T.</strong></span> <span class='ocrx_word' id='word_1_406' title='bbox 741 4493 811 4558; x_wconf 53' lang='lat' dir='ltr'><strong>e5</strong></span> <span class='ocrx_word' id='word_1_407' title='bbox 851 4479 1040 4558; x_wconf 68' lang='lat' dir='ltr'><strong>quibus</strong></span> <span class='ocrx_word' id='word_1_408' title='bbox 1077 4475 1359 4558; x_wconf 74' lang='lat' dir='ltr'><strong>supersunt</strong></span> <span class='ocrx_word' id='word_1_409' title='bbox 1396 4482 1629 4552; x_wconf 91' lang='lat' dir='ltr'><strong>quinque</strong></span> <span class='ocrx_word' id='word_1_410' title='bbox 1651 4523 1666 4545; x_wconf 85' lang='lat'><strong>.</strong></span> <span class='ocrx_word' id='word_1_411' title='bbox 1687 4481 1898 4537; x_wconf 86' lang='lat' dir='ltr'><strong>amissis</strong></span> 
     </span>
    </p>
   </div>
   <div class='ocr_carea' id='block_1_58' title="bbox 322 4545 1443 4604">
    <p class='ocr_par' dir='ltr' id='par_1_58' title="bbox 322 4545 1443 4604">
     <span class='ocr_line' id='line_1_58' title="bbox 322 4545 1443 4604; baseline 0.004 -6"><span class='ocrx_word' id='word_1_412' title='bbox 322 4545 441 4600; x_wconf 85' lang='lat' dir='ltr'><strong>aliis</strong></span> <span class='ocrx_word' id='word_1_413' title='bbox 465 4561 586 4602; x_wconf 88' lang='lat' dir='ltr'><strong>cum</strong></span> <span class='ocrx_word' id='word_1_414' title='bbox 616 4547 838 4601; x_wconf 90' lang='lat' dir='ltr'><strong>Homilia</strong></span> <span class='ocrx_word' id='word_1_415' title='bbox 869 4545 920 4600; x_wconf 85' lang='lat' dir='ltr'><strong>in</strong></span> <span class='ocrx_word' id='word_1_416' title='bbox 947 4545 1258 4604; x_wconf 77' lang='lat' dir='ltr'><strong>Pentecoste</strong></span> <span class='ocrx_word' id='word_1_417' title='bbox 1282 4545 1443 4604; x_wconf 69' lang='lat' dir='ltr'><strong>dicta.</strong></span> 
     </span>
    </p>
   </div>
   <div class='ocr_carea' id='block_1_59' title="bbox 393 4615 1899 4683">
    <p class='ocr_par' dir='ltr' id='par_1_59' title="bbox 393 4615 1899 4683">
     <span class='ocr_line' id='line_1_59' title="bbox 393 4615 1899 4683; baseline 0.003 -13"><span class='ocrx_word' id='word_1_418' title='bbox 393 4616 546 4670; x_wconf 79' lang='lat' dir='ltr'><strong>Circa</strong></span> <span class='ocrx_word' id='word_1_419' title='bbox 589 4615 747 4670; x_wconf 91' lang='lat' dir='ltr'><strong>ﬁnem</strong></span> <span class='ocrx_word' id='word_1_420' title='bbox 777 4617 917 4672; x_wconf 86' lang='lat' dir='ltr'><strong>Junii</strong></span> <span class='ocrx_word' id='word_1_421' title='bbox 946 4659 962 4683; x_wconf 93' lang='lat'><strong>,</strong></span> <span class='ocrx_word' id='word_1_422' title='bbox 1004 4620 1229 4672; x_wconf 91' lang='lat' dir='ltr'><strong>Sanctus</strong></span> <span class='ocrx_word' id='word_1_423' title='bbox 1265 4621 1451 4673; x_wconf 92' lang='lat' dir='ltr'><strong>morbo</strong></span> <span class='ocrx_word' id='word_1_424' title='bbox 1490 4620 1618 4674; x_wconf 85' lang='lat' dir='ltr'><strong>satis</strong></span> <span class='ocrx_word' id='word_1_425' title='bbox 1650 4619 1899 4674; x_wconf 87' lang='lat' dir='ltr'><strong>diuturno</strong></span> 
     </span>
    </p>
   </div>
   <div class='ocr_carea' id='block_1_60' title="bbox 323 4687 1900 4755">
    <p class='ocr_par' dir='ltr' id='par_1_60' title="bbox 323 4687 1900 4755">
     <span class='ocr_line' id='line_1_60' title="bbox 323 4687 1900 4755; baseline 0.004 -17"><span class='ocrx_word' id='word_1_426' title='bbox 323 4694 602 4755; x_wconf 84' lang='lat' dir='ltr'><strong>correptus</strong></span> <span class='ocrx_word' id='word_1_427' title='bbox 639 4696 740 4741; x_wconf 88' lang='lat' dir='ltr'><strong>est.</strong></span> <span class='ocrx_word' id='word_1_428' title='bbox 781 4687 908 4742; x_wconf 81' lang='lat' dir='ltr'><strong>Post</strong></span> <span class='ocrx_word' id='word_1_429' title='bbox 945 4689 1185 4743; x_wconf 91' lang='lat' dir='ltr'><strong>morbum</strong></span> <span class='ocrx_word' id='word_1_430' title='bbox 1232 4704 1360 4743; x_wconf 83' lang='lat' dir='ltr'><strong>vero</strong></span> <span class='ocrx_word' id='word_1_431' title='bbox 1391 4689 1530 4743; x_wconf 88' lang='lat' dir='ltr'><strong>dicta</strong></span> <span class='ocrx_word' id='word_1_432' title='bbox 1571 4689 1793 4742; x_wconf 88' lang='lat' dir='ltr'><strong>Homilia</strong></span> <span class='ocrx_word' id='word_1_433' title='bbox 1833 4691 1900 4744; x_wconf 86' lang='lat' dir='ltr'><strong>de.</strong></span> 
     </span>
    </p>
   </div>
   <div class='ocr_carea' id='block_1_61' title="bbox 326 4755 1898 4814">
    <p class='ocr_par' dir='ltr' id='par_1_61' title="bbox 326 4755 1898 4814">
     <span class='ocr_line' id='line_1_61' title="bbox 326 4755 1898 4814; baseline 0.003 -6"><span class='ocrx_word' id='word_1_434' title='bbox 326 4755 520 4810; x_wconf 87' lang='lat' dir='ltr'><strong>Decem</strong></span> <span class='ocrx_word' id='word_1_435' title='bbox 549 4756 771 4810; x_wconf 86' lang='lat' dir='ltr'><strong>millium</strong></span> <span class='ocrx_word' id='word_1_436' title='bbox 800 4757 1060 4813; x_wconf 90' lang='lat' dir='ltr'><strong>debitore.</strong></span> <span class='ocrx_word' id='word_1_437' title='bbox 1089 4757 1151 4814; x_wconf 90' lang='lat' dir='ltr'><strong>T.</strong></span> <span class='ocrx_word' id='word_1_438' title='bbox 1181 4757 1266 4812; x_wconf 94' lang='lat' dir='ltr'><strong>Ill.</strong></span> <span class='ocrx_word' id='word_1_439' title='bbox 1296 4767 1405 4812; x_wconf 90' lang='lat' dir='ltr'><strong>tum</strong></span> <span class='ocrx_word' id='word_1_440' title='bbox 1430 4767 1536 4812; x_wconf 90' lang='lat' dir='ltr'><strong>tres</strong></span> <span class='ocrx_word' id='word_1_441' title='bbox 1557 4758 1676 4812; x_wconf 73' lang='lat' dir='ltr'><strong>alia:</strong></span> <span class='ocrx_word' id='word_1_442' title='bbox 1701 4759 1769 4813; x_wconf 92' lang='lat' dir='ltr'><strong>de</strong></span> <span class='ocrx_word' id='word_1_443' title='bbox 1796 4761 1898 4813; x_wconf 89' lang='lat' dir='ltr'><strong>Da-</strong></span> 
     </span>
    </p>
   </div>
   <div class='ocr_carea' id='block_1_62' title="bbox 327 4824 1901 4896">
    <p class='ocr_par' dir='ltr' id='par_1_62' title="bbox 327 4824 1901 4896">
     <span class='ocr_line' id='line_1_62' title="bbox 327 4824 1901 4896; baseline 0.007 -22"><span class='ocrx_word' id='word_1_444' title='bbox 327 4824 463 4896; x_wconf 67' lang='lat' dir='ltr'><strong>yide.</strong></span> <span class='ocrx_word' id='word_1_445' title='bbox 499 4825 561 4879; x_wconf 92' lang='lat' dir='ltr'><strong>T.</strong></span> <span class='ocrx_word' id='word_1_446' title='bbox 596 4824 683 4880; x_wconf 93' lang='lat' dir='ltr'><strong>IV.</strong></span> <span class='ocrx_word' id='word_1_447' title='bbox 713 4825 830 4881; x_wconf 83' lang='lat' dir='ltr'><strong>Non</strong></span> <span class='ocrx_word' id='word_1_448' title='bbox 859 4827 948 4881; x_wconf 90' lang='lat' dir='ltr'><strong>diu</strong></span> <span class='ocrx_word' id='word_1_449' title='bbox 977 4838 1095 4896; x_wconf 87' lang='lat' dir='ltr'><strong>post</strong></span> <span class='ocrx_word' id='word_1_450' title='bbox 1118 4828 1296 4882; x_wconf 88' lang='lat' dir='ltr'><strong>habita</strong></span> <span class='ocrx_word' id='word_1_451' title='bbox 1329 4828 1535 4883; x_wconf 69' lang='lat' dir='ltr'><strong>videtur</strong></span> <span class='ocrx_word' id='word_1_452' title='bbox 1571 4829 1796 4883; x_wconf 80' lang='lat' dir='ltr'><strong>Homilia</strong></span> <span class='ocrx_word' id='word_1_453' title='bbox 1833 4829 1901 4885; x_wconf 89' lang='lat' dir='ltr'><strong>de</strong></span> 
     </span>
    </p>
   </div>
   <div class='ocr_carea' id='block_1_63' title="bbox 326 4893 1206 4952">
    <p class='ocr_par' dir='ltr' id='par_1_63' title="bbox 326 4893 1206 4952">
     <span class='ocr_line' id='line_1_63' title="bbox 326 4893 1206 4952; baseline 0.003 -5"><span class='ocrx_word' id='word_1_454' title='bbox 326 4893 618 4950; x_wconf 88' lang='lat' dir='ltr'><strong>Dilectione</strong></span> <span class='ocrx_word' id='word_1_455' title='bbox 642 4893 998 4951; x_wconf 68' lang='lat' dir='ltr'><strong>inimicorum.</strong></span> <span class='ocrx_word' id='word_1_456' title='bbox 1025 4899 1089 4951; x_wconf 90' lang='grc' dir='ltr'><strong>Τ.</strong></span> <span class='ocrx_word' id='word_1_457' title='bbox 1119 4897 1206 4952; x_wconf 93' lang='lat' dir='ltr'><strong>III.</strong></span> 
     </span>
    </p>
   </div>
   <div class='ocr_carea' id='block_1_64' title="bbox 395 4964 1901 5037">
    <p class='ocr_par' dir='ltr' id='par_1_64' title="bbox 395 4964 1901 5037">
     <span class='ocr_line' id='line_1_64' title="bbox 395 4964 1901 5037; baseline 0.004 -19"><span class='ocrx_word' id='word_1_458' title='bbox 395 4964 548 5019; x_wconf 82' lang='lat' dir='ltr'><strong>Circa</strong></span> <span class='ocrx_word' id='word_1_459' title='bbox 576 4981 814 5021; x_wconf 88' lang='lat' dir='ltr'><strong>mensem</strong></span> <span class='ocrx_word' id='word_1_460' title='bbox 851 4968 1144 5037; x_wconf 76' lang='lat' dir='ltr'><strong>Augustum</strong></span> <span class='ocrx_word' id='word_1_461' title='bbox 1185 4968 1357 5023; x_wconf 65' lang='lat' dir='ltr'><strong>alitus</strong></span> <span class='ocrx_word' id='word_1_462' title='bbox 1395 4968 1555 5023; x_wconf 89' lang='lat' dir='ltr'><strong>Liber</strong></span> <span class='ocrx_word' id='word_1_463' title='bbox 1583 4979 1768 5024; x_wconf 91' lang='lat' dir='ltr'><strong>contra</strong></span> <span class='ocrx_word' id='word_1_464' title='bbox 1805 4969 1901 5026; x_wconf 71' lang='lat' dir='ltr'><strong>Ju«</strong></span> 
     </span>
    </p>
   </div>
   <div class='ocr_carea' id='block_1_65' title="bbox 325 5032 1899 5158">
    <p class='ocr_par' dir='ltr' id='par_1_65' title="bbox 325 5032 1899 5158">
     <span class='ocr_line' id='line_1_65' title="bbox 325 5032 1899 5158; baseline 0.003 -69"><span class='ocrx_word' id='word_1_465' title='bbox 325 5032 473 5158; x_wconf 46' lang='lat' dir='ltr'><strong>geritis</strong></span> <span class='ocrx_word' id='word_1_466' title='bbox 507 5043 563 5090; x_wconf 91' lang='lat' dir='ltr'><strong>et</strong></span> <span class='ocrx_word' id='word_1_467' title='bbox 598 5037 825 5106; x_wconf 78' lang='lat' dir='ltr'><strong>gentiles</strong></span> <span class='ocrx_word' id='word_1_468' title='bbox 859 5032 1285 5108; x_wconf 66' lang='lat' dir='ltr'><strong>ad&#39;probandam</strong></span> <span class='ocrx_word' id='word_1_469' title='bbox 1321 5040 1516 5096; x_wconf 84' lang='lat' dir='ltr'><strong>Christi</strong></span> <span class='ocrx_word' id='word_1_470' title='bbox 1549 5039 1899 5096; x_wconf 85' lang='lat' dir='ltr'><strong>divinitatem.</strong></span> 
     </span>
    </p>
   </div>
   <div class='ocr_carea' id='block_1_66' title="bbox 365 5172 1903 5252">
    <p class='ocr_par' dir='ltr' id='par_1_66' title="bbox 365 5172 1903 5252">
     <span class='ocr_line' id='line_1_66' title="bbox 365 5172 1903 5252; baseline 0.007 -27"><span class='ocrx_word' id='word_1_471' title='bbox 365 5242 376 5252; x_wconf 83' lang='lat'><strong>_</strong></span> <span class='ocrx_word' id='word_1_472' title='bbox 408 5172 608 5230; x_wconf 88' lang='lat' dir='ltr'><strong>Deinde</strong></span> <span class='ocrx_word' id='word_1_473' title='bbox 633 5173 1143 5252; x_wconf 83' lang='lat' dir='ltr'><strong>men_se_Septenibri</strong></span> <span class='ocrx_word' id='word_1_474' title='bbox 1167 5188 1222 5234; x_wconf 91' lang='lat' dir='ltr'><strong>et</strong></span> <span class='ocrx_word' id='word_1_475' title='bbox 1240 5178 1452 5252; x_wconf 78' lang='lat' dir='ltr'><strong>octobri</strong></span> <span class='ocrx_word' id='word_1_476' title='bbox 1475 5181 1706 5252; x_wconf 62' lang='lat' dir='ltr'><strong>quinque</strong></span> <span class='ocrx_word' id='word_1_477' title='bbox 1725 5187 1903 5251; x_wconf 84' lang='lat' dir='ltr'><strong>poste-</strong></span> 
     </span>
    </p>
   </div>
   <div class='ocr_carea' id='block_1_67' title="bbox 332 5245 1618 5303">
    <p class='ocr_par' dir='ltr' id='par_1_67' title="bbox 332 5245 1618 5303">
     <span class='ocr_line' id='line_1_67' title="bbox 332 5245 1618 5303; baseline 0.004 -7"><span class='ocrx_word' id='word_1_478' title='bbox 332 5245 504 5297; x_wconf 78' lang='lat' dir='ltr'><strong>riores</strong></span> <span class='ocrx_word' id='word_1_479' title='bbox 531 5253 716 5298; x_wconf 87' lang='lat' dir='ltr'><strong>contra</strong></span> <span class='ocrx_word' id='word_1_480' title='bbox 744 5245 958 5300; x_wconf 64' lang='lat' dir='ltr'><strong>Iudaeos</strong></span> <span class='ocrx_word' id='word_1_481' title='bbox 985 5249 1256 5303; x_wconf 88' lang='lat' dir='ltr'><strong>orationes</strong></span> <span class='ocrx_word' id='word_1_482' title='bbox 1283 5249 1458 5302; x_wconf 66' lang='lat' dir='ltr'><strong>dictas.</strong></span> <span class='ocrx_word' id='word_1_483' title='bbox 1486 5250 1550 5303; x_wconf 92' lang='lat' dir='ltr'><strong>T.</strong></span> <span class='ocrx_word' id='word_1_484' title='bbox 1579 5249 1618 5303; x_wconf 94' lang='lat' dir='ltr'><strong>l.</strong></span> 
     </span>
    </p>
   </div>
   <div class='ocr_carea' id='block_1_68' title="bbox 400 5311 1904 5437">
    <p class='ocr_par' dir='ltr' id='par_1_68' title="bbox 400 5311 1904 5437">
     <span class='ocr_line' id='line_1_68' title="bbox 400 5311 1904 5437; baseline 0.007 -72"><span class='ocrx_word' id='word_1_485' title='bbox 400 5311 524 5436; x_wconf 53' lang='lat' dir='ltr'><strong>&#39;Poit</strong></span> <span class='ocrx_word' id='word_1_486' title='bbox 543 5314 774 5437; x_wconf 32' lang='lat' dir='ltr'><strong>taedium</strong></span> <span class='ocrx_word' id='word_1_487' title='bbox 795 5313 1080 5372; x_wconf 85' lang='lat' dir='ltr'><strong>Octobrem</strong></span> <span class='ocrx_word' id='word_1_488' title='bbox 1111 5318 1290 5374; x_wconf 88' lang='lat' dir='ltr'><strong>habita</strong></span> <span class='ocrx_word' id='word_1_489' title='bbox 1312 5319 1537 5374; x_wconf 88' lang='lat' dir='ltr'><strong>Ilomilia</strong></span> <span class='ocrx_word' id='word_1_490' title='bbox 1559 5320 1610 5374; x_wconf 93' lang='lat' dir='ltr'><strong>in</strong></span> <span class='ocrx_word' id='word_1_491' title='bbox 1633 5320 1904 5376; x_wconf 87' lang='lat' dir='ltr'><strong>Psalmum</strong></span> 
     </span>
    </p>
   </div>
   <div class='ocr_carea' id='block_1_69' title="bbox 330 5396 631 5436">
    <p class='ocr_par' dir='ltr' id='par_1_69' title="bbox 330 5396 631 5436">
     <span class='ocr_line' id='line_1_69' title="bbox 330 5396 631 5436; baseline 0.007 -2"><span class='ocrx_word' id='word_1_492' title='bbox 330 5396 437 5436; x_wconf 76' lang='grc' dir='ltr'><strong>ιιι.</strong></span> <span class='ocrx_word' id='word_1_493' title='bbox 469 5396 533 5436; x_wconf 72' lang='grc' dir='ltr'><strong>Τ.</strong></span> <span class='ocrx_word' id='word_1_494' title='bbox 572 5396 603 5436; x_wconf 76' lang='lat' dir='ltr'><strong>V</strong></span> <span class='ocrx_word' id='word_1_495' title='bbox 618 5423 631 5436; x_wconf 91' lang='lat'><strong>.</strong></span> 
     </span>
    </p>
   </div>
   <div class='ocr_carea' id='block_1_70' title="bbox 400 5451 1902 5530">
    <p class='ocr_par' dir='ltr' id='par_1_70' title="bbox 400 5451 1902 5530">
     <span class='ocr_line' id='line_1_70' title="bbox 400 5451 1902 5530; baseline 0.006 -25"><span class='ocrx_word' id='word_1_496' title='bbox 400 5453 482 5530; x_wconf 81' lang='lat' dir='ltr'><strong>Ab</strong></span> <span class='ocrx_word' id='word_1_497' title='bbox 513 5451 728 5530; x_wconf 81' lang='lat' dir='ltr'><strong>Octobri</strong></span> <span class='ocrx_word' id='word_1_498' title='bbox 768 5454 884 5530; x_wconf 64' lang='lat' dir='ltr'><strong>fere</strong></span> <span class='ocrx_word' id='word_1_499' title='bbox 916 5455 1070 5530; x_wconf 71' lang='lat' dir='ltr'><strong>linito</strong></span> <span class='ocrx_word' id='word_1_500' title='bbox 1117 5457 1389 5530; x_wconf 73' lang='lat' dir='ltr'><strong>usquead</strong></span> <span class='ocrx_word' id='word_1_501' title='bbox 1432 5458 1902 5530; x_wconf 80' lang='lat' dir='ltr'><strong>Quailragesiuiam</strong></span> 
     </span>
    </p>
   </div>
   <div class='ocr_carea' id='block_1_71' title="bbox 330 5523 1899 5600">
    <p class='ocr_par' dir='ltr' id='par_1_71' title="bbox 330 5523 1899 5600">
     <span class='ocr_line' id='line_1_71' title="bbox 330 5523 1899 5600; baseline 0.004 -24"><span class='ocrx_word' id='word_1_502' title='bbox 330 5523 450 5600; x_wconf 75' lang='lat' dir='ltr'><strong>anni</strong></span> <span class='ocrx_word' id='word_1_503' title='bbox 472 5524 744 5600; x_wconf 67' lang='lat' dir='ltr'><strong>sequentis</strong></span> <span class='ocrx_word' id='word_1_504' title='bbox 763 5525 898 5580; x_wconf 81' lang='lat' dir='ltr'><strong>forte</strong></span> <span class='ocrx_word' id='word_1_505' title='bbox 915 5525 1108 5600; x_wconf 59' lang='lat' dir='ltr'><strong>liabitie</strong></span> <span class='ocrx_word' id='word_1_506' title='bbox 1125 5523 1248 5600; x_wconf 80' lang='lat' dir='ltr'><strong>sunt</strong></span> <span class='ocrx_word' id='word_1_507' title='bbox 1272 5523 1509 5582; x_wconf 70' lang='lat' dir='ltr'><strong>Homilia:</strong></span> <span class='ocrx_word' id='word_1_508' title='bbox 1532 5529 1611 5582; x_wconf 75' lang='lat' dir='ltr'><strong>hic</strong></span> <span class='ocrx_word' id='word_1_509' title='bbox 1632 5523 1862 5600; x_wconf 67' lang='lat' dir='ltr'><strong>quinque</strong></span> <span class='ocrx_word' id='word_1_510' title='bbox 1888 5549 1899 5582; x_wconf 91' lang='lat'><strong>:</strong></span> 
     </span>
    </p>
   </div>
   <div class='ocr_carea' id='block_1_72' title="bbox 331 5592 1902 5714">
    <p class='ocr_par' dir='ltr' id='par_1_72' title="bbox 331 5592 1902 5714">
     <span class='ocr_line' id='line_1_72' title="bbox 331 5592 1902 5714; baseline 0.007 -71"><span class='ocrx_word' id='word_1_511' title='bbox 331 5592 502 5714; x_wconf 64' lang='lat' dir='ltr'><strong>primo</strong></span> <span class='ocrx_word' id='word_1_512' title='bbox 541 5592 611 5648; x_wconf 87' lang='lat' dir='ltr'><strong>de</strong></span> <span class='ocrx_word' id='word_1_513' title='bbox 649 5593 1020 5665; x_wconf 85' lang='lat' dir='ltr'><strong>Eleemosyna.</strong></span> <span class='ocrx_word' id='word_1_514' title='bbox 1067 5597 1128 5650; x_wconf 89' lang='lat' dir='ltr'><strong>T.</strong></span> <span class='ocrx_word' id='word_1_515' title='bbox 1175 5599 1261 5652; x_wconf 94' lang='lat' dir='ltr'><strong>Ill.</strong></span> <span class='ocrx_word' id='word_1_516' title='bbox 1317 5607 1426 5652; x_wconf 90' lang='lat' dir='ltr'><strong>tum</strong></span> <span class='ocrx_word' id='word_1_517' title='bbox 1480 5609 1587 5653; x_wconf 90' lang='lat' dir='ltr'><strong>tres</strong></span> <span class='ocrx_word' id='word_1_518' title='bbox 1635 5592 1682 5653; x_wconf 77' lang='lat' dir='ltr'><strong>III</strong></span> <span class='ocrx_word' id='word_1_519' title='bbox 1731 5592 1902 5654; x_wconf 61' lang='lat' dir='ltr'><strong>Io&#39;ciim</strong></span> 
     </span>
     <span class='ocr_line' id='line_1_73' title="bbox 354 5661 1902 5714; baseline 0 0"><span class='ocrx_word' id='word_1_520' title='bbox 354 5661 474 5714; x_wconf 77' lang='lat' dir='ltr'><strong>‘aull</strong></span> <span class='ocrx_word' id='word_1_521' title='bbox 503 5701 521 5714; x_wconf 87' lang='lat'><strong>.</strong></span> <span class='ocrx_word' id='word_1_522' title='bbox 555 5661 809 5714; x_wconf 77' lang='lat' dir='ltr'><strong>Habentes</strong></span> <span class='ocrx_word' id='word_1_523' title='bbox 832 5666 1058 5714; x_wconf 78' lang='lat' dir='ltr'><strong>eumdem</strong></span> <span class='ocrx_word' id='word_1_524' title='bbox 1087 5666 1349 5714; x_wconf 79' lang='lat' dir='ltr'><strong>Sni&#39;ri&#39;limi.</strong></span> <span class='ocrx_word' id='word_1_525' title='bbox 1378 5668 1453 5714; x_wconf 84' lang='lat' dir='ltr'><strong>Ib-</strong></span> <span class='ocrx_word' id='word_1_526' title='bbox 1477 5685 1539 5714; x_wconf 75' lang='lat' dir='ltr'><strong>ac</strong></span> <span class='ocrx_word' id='word_1_527' title='bbox 1565 5670 1775 5714; x_wconf 77' lang='lat' dir='ltr'><strong>ilnmiim</strong></span> <span class='ocrx_word' id='word_1_528' title='bbox 1805 5671 1902 5714; x_wconf 69' lang='lat' dir='ltr'><strong>:il’m</strong></span> 
     </span>
    </p>
   </div>
   <div class='ocr_carea' id='block_1_73' title="bbox 332 5661 1902 5743">
    <p class='ocr_par' dir='ltr' id='par_1_73' title="bbox 332 5661 1902 5743">
     <span class='ocr_line' id='line_1_74' title="bbox 332 5661 1902 5743; baseline 0.006 -29"><span class='ocrx_word' id='word_1_529' title='bbox 332 5661 521 5743; x_wconf 54' lang='lat' dir='ltr'><strong>Pauli,</strong></span> <span class='ocrx_word' id='word_1_530' title='bbox 555 5661 809 5743; x_wconf 47' lang='lat' dir='ltr'><strong>liabentes</strong></span> <span class='ocrx_word' id='word_1_531' title='bbox 832 5661 1060 5743; x_wconf 73' lang='lat' dir='ltr'><strong>eumdem</strong></span> <span class='ocrx_word' id='word_1_532' title='bbox 1071 5666 1349 5743; x_wconf 80' lang='lat' dir='ltr'><strong>_S_piritum.</strong></span> <span class='ocrx_word' id='word_1_533' title='bbox 1374 5668 1454 5743; x_wconf 84' lang='lat' dir='ltr'><strong>Ib.</strong></span> <span class='ocrx_word' id='word_1_534' title='bbox 1477 5685 1539 5722; x_wconf 91' lang='lat' dir='ltr'><strong>ac</strong></span> <span class='ocrx_word' id='word_1_535' title='bbox 1565 5670 1775 5743; x_wconf 78' lang='lat' dir='ltr'><strong>ilemuni</strong></span> <span class='ocrx_word' id='word_1_536' title='bbox 1805 5671 1902 5724; x_wconf 80' lang='lat' dir='ltr'><strong>alia</strong></span> 
     </span>
    </p>
   </div>
   <div class='ocr_carea' id='block_1_74' title="bbox 330 5731 1903 5811">
    <p class='ocr_par' dir='ltr' id='par_1_74' title="bbox 330 5731 1903 5811">
     <span class='ocr_line' id='line_1_75' title="bbox 330 5731 1903 5811; baseline 0.006 -28"><span class='ocrx_word' id='word_1_537' title='bbox 330 5731 408 5811; x_wconf 38' lang='lat' dir='ltr'><strong>in.</strong></span> <span class='ocrx_word' id='word_1_538' title='bbox 435 5732 526 5811; x_wconf 71' lang='lat' dir='ltr'><strong>illa</strong></span> <span class='ocrx_word' id='word_1_539' title='bbox 579 5731 727 5811; x_wconf 73' lang='lat' dir='ltr'><strong>Pauli</strong></span> <span class='ocrx_word' id='word_1_540' title='bbox 779 5736 940 5792; x_wconf 81' lang='lat' dir='ltr'><strong>verba</strong></span> <span class='ocrx_word' id='word_1_541' title='bbox 967 5776 981 5803; x_wconf 88' lang='lat'><strong>,</strong></span> <span class='ocrx_word' id='word_1_542' title='bbox 1039 5731 1243 5792; x_wconf 67' lang='lat' dir='ltr'><strong>Utinam</strong></span> <span class='ocrx_word' id='word_1_543' title='bbox 1297 5740 1604 5794; x_wconf 67' lang='lat' dir='ltr'><strong>sustinet-etis</strong></span> <span class='ocrx_word' id='word_1_544' title='bbox 1657 5741 1903 5794; x_wconf 75' lang='lat' dir='ltr'><strong>modii-um</strong></span> 
     </span>
    </p>
   </div>
   <div class='ocr_carea' id='block_1_75' title="bbox 331 5799 733 5866">
    <p class='ocr_par' dir='ltr' id='par_1_75' title="bbox 331 5799 733 5866">
     <span class='ocr_line' id='line_1_76' title="bbox 331 5799 733 5866; baseline 0 -13"><span class='ocrx_word' id='word_1_545' title='bbox 331 5801 447 5864; x_wconf 77' lang='lat' dir='ltr'><strong>quid</strong></span> <span class='ocrx_word' id='word_1_546' title='bbox 470 5841 486 5866; x_wconf 91' lang='lat'><strong>,</strong></span> <span class='ocrx_word' id='word_1_547' title='bbox 513 5811 616 5858; x_wconf 90' lang='lat' dir='ltr'><strong>etc.</strong></span> <span class='ocrx_word' id='word_1_548' title='bbox 652 5799 733 5856; x_wconf 93' lang='lat' dir='ltr'><strong>Ib.</strong></span> 
     </span>
    </p>
   </div>
   <div class='ocr_carea' id='block_1_76' title="bbox 977 374 2882 434">
    <p class='ocr_par' dir='ltr' id='par_1_76' title="bbox 977 374 2882 434">
     <span class='ocr_line' id='line_1_77' title="bbox 977 374 2882 434; baseline -0.001 -2"><span class='ocrx_word' id='word_1_549' title='bbox 977 376 1347 434; x_wconf 76' lang='lat' dir='ltr'><strong>CESTOIIUM</strong></span> <span class='ocrx_word' id='word_1_550' title='bbox 1390 379 1476 434; x_wconf 87' lang='grc' dir='ltr'>ΕΤ</span> <span class='ocrx_word' id='word_1_551' title='bbox 1518 374 1944 433; x_wconf 63' lang='grc' dir='ltr'><strong>εεῆιρτυίιωι</strong></span> <span class='ocrx_word' id='word_1_552' title='bbox 1987 375 2042 430; x_wconf 88' lang='lat' dir='ltr'><strong>S.</strong></span> <span class='ocrx_word' id='word_1_553' title='bbox 2083 375 2358 432; x_wconf 72' lang='lat' dir='ltr'><strong>JO.\.&#39;\&#39;I\&#39;IS</strong></span> <span class='ocrx_word' id='word_1_554' title='bbox 2395 375 2882 432; x_wconf 70' lang='lat' dir='ltr'><strong>CIIIiYSOSTOIII.</strong></span> 
     </span>
    </p>
   </div>
   <div class='ocr_carea' id='block_1_77' title="bbox 3459 374 3562 434">
    <p class='ocr_par' dir='ltr' id='par_1_77' title="bbox 3459 374 3562 434">
     <span class='ocr_line' id='line_1_78' title="bbox 3459 374 3562 434; baseline 0.039 -4"><span class='ocrx_word' id='word_1_555' title='bbox 3459 374 3562 434; x_wconf 76' lang='grc'><strong>266</strong></span> 
     </span>
    </p>
   </div>
   <div class='ocr_carea' id='block_1_78' title="bbox 2619 493 2914 545">
    <p class='ocr_par' dir='ltr' id='par_1_78' title="bbox 2619 493 2914 545">
     <span class='ocr_line' id='line_1_79' title="bbox 2619 493 2914 545; baseline -0.003 -1"><span class='ocrx_word' id='word_1_556' title='bbox 2619 493 2763 545; x_wconf 76' lang='lat' dir='ltr'><strong>Anno</strong></span> <span class='ocrx_word' id='word_1_557' title='bbox 2793 493 2914 545; x_wconf 79' lang='grc'>588.</span> 
     </span>
    </p>
   </div>
   <div class='ocr_carea' id='block_1_79' title="bbox 2074 560 3562 625">
    <p class='ocr_par' dir='ltr' id='par_1_79' title="bbox 2074 560 3562 625">
     <span class='ocr_line' id='line_1_80' title="bbox 2074 560 3562 625; baseline 0.002 -10"><span class='ocrx_word' id='word_1_558' title='bbox 2074 562 2226 616; x_wconf 90' lang='lat' dir='ltr'><strong>Anno</strong></span> <span class='ocrx_word' id='word_1_559' title='bbox 2274 562 2418 625; x_wconf 85' lang='grc'>588,</span> <span class='ocrx_word' id='word_1_560' title='bbox 2465 562 2551 617; x_wconf 90' lang='lat' dir='ltr'><strong>die</strong></span> <span class='ocrx_word' id='word_1_561' title='bbox 2602 562 2741 618; x_wconf 69' lang='lat' dir='ltr'><strong>XVII</strong></span> <span class='ocrx_word' id='word_1_562' title='bbox 2799 560 3068 616; x_wconf 84' lang='lat' dir='ltr'><strong>Februarii</strong></span> <span class='ocrx_word' id='word_1_563' title='bbox 3123 561 3236 616; x_wconf 88' lang='lat' dir='ltr'><strong>sive</strong></span> <span class='ocrx_word' id='word_1_564' title='bbox 3289 561 3562 618; x_wconf 88' lang='lat' dir='ltr'><strong>Dominica</strong></span> 
     </span>
    </p>
   </div>
   <div class='ocr_carea' id='block_1_80' title="bbox 1979 631 3531 701">
    <p class='ocr_par' dir='ltr' id='par_1_80' title="bbox 1979 631 3531 701">
     <span class='ocr_line' id='line_1_81' title="bbox 1979 631 3531 701; baseline 0.003 -17"><span class='ocrx_word' id='word_1_565' title='bbox 1979 640 2104 686; x_wconf 91' lang='lat' dir='ltr'><strong>ante</strong></span> <span class='ocrx_word' id='word_1_566' title='bbox 2127 632 2590 701; x_wconf 80' lang='lat' dir='ltr'><strong>Quadragcsiniam</strong></span> <span class='ocrx_word' id='word_1_567' title='bbox 2618 675 2632 696; x_wconf 93' lang='lat'><strong>,</strong></span> <span class='ocrx_word' id='word_1_568' title='bbox 2674 631 2811 686; x_wconf 88' lang='lat' dir='ltr'><strong>dicta</strong></span> <span class='ocrx_word' id='word_1_569' title='bbox 2864 631 3086 686; x_wconf 89' lang='lat' dir='ltr'><strong>lloinilia</strong></span> <span class='ocrx_word' id='word_1_570' title='bbox 3132 632 3311 701; x_wconf 86' lang='lat' dir='ltr'><strong>prima</strong></span> <span class='ocrx_word' id='word_1_571' title='bbox 3346 634 3396 686; x_wconf 90' lang='lat' dir='ltr'><strong>in</strong></span> <span class='ocrx_word' id='word_1_572' title='bbox 3451 632 3531 688; x_wconf 87' lang='lat' dir='ltr'><strong>Ge</strong></span> 
     </span>
    </p>
   </div>
   <div class='ocr_carea' id='block_1_81' title="bbox 1981 700 3536 772">
    <p class='ocr_par' dir='ltr' id='par_1_81' title="bbox 1981 700 3536 772">
     <span class='ocr_line' id='line_1_82' title="bbox 1981 700 3536 772; baseline 0.003 -20"><span class='ocrx_word' id='word_1_573' title='bbox 1981 703 2170 772; x_wconf 82' lang='lat' dir='ltr'><strong>iiesiin.</strong></span> <span class='ocrx_word' id='word_1_574' title='bbox 2213 701 2276 756; x_wconf 92' lang='lat' dir='ltr'><strong>T.</strong></span> <span class='ocrx_word' id='word_1_575' title='bbox 2335 700 2419 756; x_wconf 89' lang='lat' dir='ltr'><strong>IV.</strong></span> <span class='ocrx_word' id='word_1_576' title='bbox 2473 704 2766 772; x_wconf 79' lang='lat' dir='ltr'><strong>Sequentes</strong></span> <span class='ocrx_word' id='word_1_577' title='bbox 2809 718 2934 756; x_wconf 84' lang='lat' dir='ltr'><strong>vero</strong></span> <span class='ocrx_word' id='word_1_578' title='bbox 2978 701 3242 756; x_wconf 85' lang='lat' dir='ltr'><strong>continuis</strong></span> <span class='ocrx_word' id='word_1_579' title='bbox 3289 700 3401 772; x_wconf 81' lang='lat' dir='ltr'><strong>fere</strong></span> <span class='ocrx_word' id='word_1_580' title='bbox 3445 702 3536 757; x_wconf 86' lang='lat' dir='ltr'><strong>die</strong></span> 
     </span>
    </p>
   </div>
   <div class='ocr_carea' id='block_1_82' title="bbox 1981 770 3533 839">
    <p class='ocr_par' dir='ltr' id='par_1_82' title="bbox 1981 770 3533 839">
     <span class='ocr_line' id='line_1_83' title="bbox 1981 770 3533 839; baseline 0.001 -15"><span class='ocrx_word' id='word_1_581' title='bbox 1981 770 2079 826; x_wconf 91' lang='lat' dir='ltr'><strong>bus</strong></span> <span class='ocrx_word' id='word_1_582' title='bbox 2117 770 2310 826; x_wconf 83' lang='lat' dir='ltr'><strong>habita:</strong></span> <span class='ocrx_word' id='word_1_583' title='bbox 2335 813 2350 836; x_wconf 93' lang='lat'><strong>,</strong></span> <span class='ocrx_word' id='word_1_584' title='bbox 2391 770 2616 826; x_wconf 89' lang='lat' dir='ltr'><strong>subinde</strong></span> <span class='ocrx_word' id='word_1_585' title='bbox 2657 779 2834 825; x_wconf 83' lang='lat' dir='ltr'><strong>tamen</strong></span> <span class='ocrx_word' id='word_1_586' title='bbox 2887 772 3190 839; x_wconf 76' lang='lat' dir='ltr'><strong>interrupta:</strong></span> <span class='ocrx_word' id='word_1_587' title='bbox 3238 787 3332 839; x_wconf 88' lang='lat' dir='ltr'><strong>per</strong></span> <span class='ocrx_word' id='word_1_588' title='bbox 3373 771 3533 826; x_wconf 92' lang='lat' dir='ltr'><strong>IIomi</strong></span> 
     </span>
    </p>
   </div>
   <div class='ocr_carea' id='block_1_83' title="bbox 1981 839 3562 911">
    <p class='ocr_par' dir='ltr' id='par_1_83' title="bbox 1981 839 3562 911">
     <span class='ocr_line' id='line_1_84' title="bbox 1981 839 3562 911; baseline 0.001 -17"><span class='ocrx_word' id='word_1_589' title='bbox 1981 839 2080 895; x_wconf 89' lang='lat' dir='ltr'><strong>lias</strong></span> <span class='ocrx_word' id='word_1_590' title='bbox 2118 841 2275 896; x_wconf 85' lang='lat' dir='ltr'><strong>modo</strong></span> <span class='ocrx_word' id='word_1_591' title='bbox 2303 843 2554 911; x_wconf 85' lang='lat' dir='ltr'><strong>perditas.</strong></span> <span class='ocrx_word' id='word_1_592' title='bbox 2593 843 2663 896; x_wconf 88' lang='lat' dir='ltr'><strong>Ita</strong></span> <span class='ocrx_word' id='word_1_593' title='bbox 2710 843 2912 910; x_wconf 87' lang='lat' dir='ltr'><strong>priores</strong></span> <span class='ocrx_word' id='word_1_594' title='bbox 2953 841 3162 911; x_wconf 81' lang='lat' dir='ltr'><strong>triginta</strong></span> <span class='ocrx_word' id='word_1_595' title='bbox 3203 842 3321 896; x_wconf 81' lang='lat' dir='ltr'><strong>dine</strong></span> <span class='ocrx_word' id='word_1_596' title='bbox 3368 857 3562 897; x_wconf 57' lang='lat' dir='ltr'><strong>censen</strong></span> 
     </span>
    </p>
   </div>
   <div class='ocr_carea' id='block_1_84' title="bbox 1980 911 3560 1034">
    <p class='ocr_par' dir='ltr' id='par_1_84' title="bbox 1980 911 3560 1034">
     <span class='ocr_line' id='line_1_85' title="bbox 1980 911 3560 1034; baseline 0 -70"><span class='ocrx_word' id='word_1_597' title='bbox 1980 922 2204 1034; x_wconf 58' lang='lat' dir='ltr'><strong>quenter</strong></span> <span class='ocrx_word' id='word_1_598' title='bbox 2245 913 2436 992; x_wconf 71' lang='lat' dir='ltr'><strong>dictie,</strong></span> <span class='ocrx_word' id='word_1_599' title='bbox 2475 913 2760 994; x_wconf 76' lang='lat' dir='ltr'><strong>ultimaque</strong></span> <span class='ocrx_word' id='word_1_600' title='bbox 2803 927 2868 994; x_wconf 69' lang='lat' dir='ltr'><strong>ex</strong></span> <span class='ocrx_word' id='word_1_601' title='bbox 2919 913 3020 965; x_wconf 91' lang='lat' dir='ltr'><strong>illis</strong></span> <span class='ocrx_word' id='word_1_602' title='bbox 3066 911 3153 993; x_wconf 76' lang='lat' dir='ltr'><strong>die</strong></span> <span class='ocrx_word' id='word_1_603' title='bbox 3182 911 3439 992; x_wconf 41' lang='lat' dir='ltr'><strong>.Mercurii</strong></span> <span class='ocrx_word' id='word_1_604' title='bbox 3465 953 3482 978; x_wconf 90' lang='lat'><strong>,</strong></span> <span class='ocrx_word' id='word_1_605' title='bbox 3523 912 3560 964; x_wconf 90' lang='lat' dir='ltr'><strong>V</strong></span> 
     </span>
     <span class='ocr_line' id='line_1_86' title="bbox 2032 981 3560 1034; baseline 0 0"><span class='ocrx_word' id='word_1_606' title='bbox 2032 982 2178 1034; x_wconf 89' lang='lat' dir='ltr'><strong>Drilis</strong></span> <span class='ocrx_word' id='word_1_607' title='bbox 2205 981 2402 1034; x_wconf 87' lang='lat' dir='ltr'><strong>habita.</strong></span> <span class='ocrx_word' id='word_1_608' title='bbox 2431 982 2693 1034; x_wconf 78' lang='lat' dir='ltr'><strong>Postridie</strong></span> <span class='ocrx_word' id='word_1_609' title='bbox 2721 999 2772 1034; x_wconf 95' lang='lat' dir='ltr'><strong>in</strong></span> <span class='ocrx_word' id='word_1_610' title='bbox 2801 982 2961 1034; x_wconf 59' lang='lat' dir='ltr'><strong>Latna</strong></span> <span class='ocrx_word' id='word_1_611' title='bbox 2991 982 3195 1034; x_wconf 90' lang='lat' dir='ltr'><strong>Domini</strong></span> <span class='ocrx_word' id='word_1_612' title='bbox 3225 1022 3240 1034; x_wconf 92' lang='lat'><strong>.</strong></span> <span class='ocrx_word' id='word_1_613' title='bbox 3269 982 3466 1034; x_wconf 83' lang='lat' dir='ltr'><strong>dictum</strong></span> <span class='ocrx_word' id='word_1_614' title='bbox 3499 983 3560 1034; x_wconf 70' lang='grc' dir='ltr'><strong>«ιε</strong></span> 
     </span>
    </p>
   </div>
   <div class='ocr_carea' id='block_1_85' title="bbox 2032 981 3566 1048">
    <p class='ocr_par' dir='ltr' id='par_1_85' title="bbox 2032 981 3566 1048">
     <span class='ocr_line' id='line_1_87' title="bbox 2032 981 3566 1048; baseline 0.001 -14"><span class='ocrx_word' id='word_1_615' title='bbox 2032 982 2178 1048; x_wconf 88' lang='lat' dir='ltr'><strong>prilis</strong></span> <span class='ocrx_word' id='word_1_616' title='bbox 2205 981 2402 1036; x_wconf 89' lang='lat' dir='ltr'><strong>habita.</strong></span> <span class='ocrx_word' id='word_1_617' title='bbox 2431 982 2693 1037; x_wconf 76' lang='lat' dir='ltr'><strong>I&#39;osu-idie</strong></span> <span class='ocrx_word' id='word_1_618' title='bbox 2721 983 2772 1036; x_wconf 94' lang='lat' dir='ltr'><strong>in</strong></span> <span class='ocrx_word' id='word_1_619' title='bbox 2801 982 2961 1036; x_wconf 83' lang='lat' dir='ltr'><strong>Ccena</strong></span> <span class='ocrx_word' id='word_1_620' title='bbox 2991 981 3195 1036; x_wconf 86' lang='lat' dir='ltr'><strong>Domini</strong></span> <span class='ocrx_word' id='word_1_621' title='bbox 3225 1022 3240 1045; x_wconf 91' lang='lat'><strong>,</strong></span> <span class='ocrx_word' id='word_1_622' title='bbox 3269 982 3466 1036; x_wconf 83' lang='lat' dir='ltr'><strong>dictum</strong></span> <span class='ocrx_word' id='word_1_623' title='bbox 3499 983 3566 1036; x_wconf 87' lang='lat' dir='ltr'><strong>ile</strong></span> 
     </span>
    </p>
   </div>
   <div class='ocr_carea' id='block_1_86' title="bbox 1980 1049 3560 1121">
    <p class='ocr_par' dir='ltr' id='par_1_86' title="bbox 1980 1049 3560 1121">
     <span class='ocr_line' id='line_1_88' title="bbox 1980 1049 3560 1121; baseline -0.001 -17"><span class='ocrx_word' id='word_1_624' title='bbox 1980 1049 2114 1105; x_wconf 88' lang='lat' dir='ltr'><strong>Juda</strong></span> <span class='ocrx_word' id='word_1_625' title='bbox 2145 1052 2412 1121; x_wconf 89' lang='lat' dir='ltr'><strong>proditore</strong></span> <span class='ocrx_word' id='word_1_626' title='bbox 2463 1053 2524 1106; x_wconf 93' lang='lat' dir='ltr'><strong>T.</strong></span> <span class='ocrx_word' id='word_1_627' title='bbox 2555 1052 2616 1105; x_wconf 93' lang='lat' dir='ltr'><strong>ll.</strong></span> <span class='ocrx_word' id='word_1_628' title='bbox 2645 1063 2755 1105; x_wconf 90' lang='lat' dir='ltr'><strong>tum</strong></span> <span class='ocrx_word' id='word_1_629' title='bbox 2786 1052 2852 1106; x_wconf 89' lang='lat' dir='ltr'><strong>de</strong></span> <span class='ocrx_word' id='word_1_630' title='bbox 2877 1050 3065 1106; x_wconf 89' lang='lat' dir='ltr'><strong>Cruce.</strong></span> <span class='ocrx_word' id='word_1_631' title='bbox 3093 1050 3172 1104; x_wconf 91' lang='lat' dir='ltr'><strong>Ib.</strong></span> <span class='ocrx_word' id='word_1_632' title='bbox 3203 1067 3266 1105; x_wconf 90' lang='lat' dir='ltr'><strong>ac</strong></span> <span class='ocrx_word' id='word_1_633' title='bbox 3286 1053 3336 1104; x_wconf 93' lang='lat' dir='ltr'><strong>in</strong></span> <span class='ocrx_word' id='word_1_634' title='bbox 3362 1051 3560 1106; x_wconf 58' lang='lat' dir='ltr'><strong>festivi-</strong></span> 
     </span>
    </p>
   </div>
   <div class='ocr_carea' id='block_1_87' title="bbox 1983 1121 3558 1189">
    <p class='ocr_par' dir='ltr' id='par_1_87' title="bbox 1983 1121 3558 1189">
     <span class='ocr_line' id='line_1_89' title="bbox 1983 1121 3558 1189; baseline 0.001 -17"><span class='ocrx_word' id='word_1_635' title='bbox 1983 1129 2088 1174; x_wconf 92' lang='lat' dir='ltr'><strong>tate</strong></span> <span class='ocrx_word' id='word_1_636' title='bbox 2111 1122 2341 1188; x_wconf 89' lang='lat' dir='ltr'><strong>paschali</strong></span> <span class='ocrx_word' id='word_1_637' title='bbox 2362 1121 2534 1176; x_wconf 88' lang='lat' dir='ltr'><strong>habita</strong></span> <span class='ocrx_word' id='word_1_638' title='bbox 2558 1123 2778 1176; x_wconf 88' lang='lat' dir='ltr'><strong>Ilomilia</strong></span> <span class='ocrx_word' id='word_1_639' title='bbox 2801 1133 2982 1175; x_wconf 84' lang='lat' dir='ltr'><strong>contra</strong></span> <span class='ocrx_word' id='word_1_640' title='bbox 3008 1122 3260 1175; x_wconf 87' lang='lat' dir='ltr'><strong>Ebriosos</strong></span> <span class='ocrx_word' id='word_1_641' title='bbox 3286 1122 3558 1189; x_wconf 88' lang='lat' dir='ltr'><strong>inscripta.</strong></span> 
     </span>
    </p>
   </div>
   <div class='ocr_carea' id='block_1_88' title="bbox 1981 1191 3554 1260">
    <p class='ocr_par' dir='ltr' id='par_1_88' title="bbox 1981 1191 3554 1260">
     <span class='ocr_line' id='line_1_90' title="bbox 1981 1191 3554 1260; baseline 0.002 -17"><span class='ocrx_word' id='word_1_642' title='bbox 1981 1194 2064 1244; x_wconf 89' lang='lat' dir='ltr'><strong>Ib.</strong></span> <span class='ocrx_word' id='word_1_643' title='bbox 2087 1191 2341 1260; x_wconf 88' lang='lat' dir='ltr'><strong>Sequenti</strong></span> <span class='ocrx_word' id='word_1_644' title='bbox 2366 1193 2634 1247; x_wconf 88' lang='lat' dir='ltr'><strong>Dominiea</strong></span> <span class='ocrx_word' id='word_1_645' title='bbox 2661 1233 2676 1256; x_wconf 92' lang='lat'><strong>,</strong></span> <span class='ocrx_word' id='word_1_646' title='bbox 2700 1191 2819 1246; x_wconf 77' lang='lat' dir='ltr'><strong>XVI</strong></span> <span class='ocrx_word' id='word_1_647' title='bbox 2841 1191 3035 1260; x_wconf 77' lang='lat' dir='ltr'><strong>Aprilis</strong></span> <span class='ocrx_word' id='word_1_648' title='bbox 3060 1233 3075 1255; x_wconf 89' lang='lat'><strong>,</strong></span> <span class='ocrx_word' id='word_1_649' title='bbox 3099 1191 3324 1243; x_wconf 81' lang='lat' dir='ltr'><strong>Sanctus</strong></span> <span class='ocrx_word' id='word_1_650' title='bbox 3345 1191 3554 1246; x_wconf 88' lang='lat' dir='ltr'><strong>inchoat</strong></span> 
     </span>
    </p>
   </div>
   <div class='ocr_carea' id='block_1_89' title="bbox 1984 1260 3556 1332">
    <p class='ocr_par' dir='ltr' id='par_1_89' title="bbox 1984 1260 3556 1332">
     <span class='ocr_line' id='line_1_91' title="bbox 1984 1260 3556 1332; baseline 0.001 -19"><span class='ocrx_word' id='word_1_651' title='bbox 1984 1261 2238 1316; x_wconf 89' lang='lat' dir='ltr'><strong>Ilomilias</strong></span> <span class='ocrx_word' id='word_1_652' title='bbox 2258 1263 2494 1332; x_wconf 84' lang='lat' dir='ltr'><strong>quinque</strong></span> <span class='ocrx_word' id='word_1_653' title='bbox 2515 1273 2902 1330; x_wconf 82' lang='lat' dir='ltr'><strong>i-Oiichiienter</strong></span> <span class='ocrx_word' id='word_1_654' title='bbox 2931 1261 3135 1315; x_wconf 86' lang='lat' dir='ltr'><strong>habitas</strong></span> <span class='ocrx_word' id='word_1_655' title='bbox 3157 1261 3207 1332; x_wconf 84' lang='lat' dir='ltr'><strong>iii</strong></span> <span class='ocrx_word' id='word_1_656' title='bbox 3233 1260 3556 1332; x_wconf 75' lang='lat' dir='ltr'><strong>Principium</strong></span> 
     </span>
    </p>
   </div>
   <div class='ocr_carea' id='block_1_90' title="bbox 1981 1330 3562 1414">
    <p class='ocr_par' dir='ltr' id='par_1_90' title="bbox 1981 1330 3562 1414">
     <span class='ocr_line' id='line_1_92' title="bbox 1981 1330 3562 1414; baseline -0.001 -29"><span class='ocrx_word' id='word_1_657' title='bbox 1981 1332 2253 1414; x_wconf 74' lang='lat' dir='ltr'><strong>Actorum.</strong></span> <span class='ocrx_word' id='word_1_658' title='bbox 2282 1331 2363 1414; x_wconf 62' lang='lat' dir='ltr'><strong>Ib:</strong></span> <span class='ocrx_word' id='word_1_659' title='bbox 2397 1330 2598 1414; x_wconf 84' lang='lat' dir='ltr'><strong>Deinde</strong></span> <span class='ocrx_word' id='word_1_660' title='bbox 2636 1333 2906 1414; x_wconf 73' lang='lat' dir='ltr'><strong>di~piitare</strong></span> <span class='ocrx_word' id='word_1_661' title='bbox 2946 1330 3230 1414; x_wconf 50' lang='lat' dir='ltr'><strong>incipit.</strong></span> <span class='ocrx_word' id='word_1_662' title='bbox 3272 1330 3562 1414; x_wconf 67' lang='lat' dir='ltr'><strong>Mutationq</strong></span> 
     </span>
    </p>
   </div>
   <div class='ocr_carea' id='block_1_91' title="bbox 1981 1401 3558 1470">
    <p class='ocr_par' dir='ltr' id='par_1_91' title="bbox 1981 1401 3558 1470">
     <span class='ocr_line' id='line_1_93' title="bbox 1981 1401 3558 1470; baseline -0.001 -15"><span class='ocrx_word' id='word_1_663' title='bbox 1981 1403 2275 1470; x_wconf 87' lang='lat' dir='ltr'><strong>nominum.</strong></span> <span class='ocrx_word' id='word_1_664' title='bbox 2309 1401 2390 1459; x_wconf 90' lang='lat' dir='ltr'><strong>Ib.</strong></span> <span class='ocrx_word' id='word_1_665' title='bbox 2421 1401 2807 1470; x_wconf 30' lang='lat' dir='ltr'><strong>tractatque’de</strong></span> <span class='ocrx_word' id='word_1_666' title='bbox 2832 1419 2897 1456; x_wconf 86' lang='lat' dir='ltr'><strong>eo</strong></span> <span class='ocrx_word' id='word_1_667' title='bbox 2918 1401 3274 1456; x_wconf 81' lang='lat' dir='ltr'><strong>verisiiniliter</strong></span> <span class='ocrx_word' id='word_1_668' title='bbox 3303 1403 3558 1469; x_wconf 87' lang='lat' dir='ltr'><strong>usquead</strong></span> 
     </span>
    </p>
   </div>
   <div class='ocr_carea' id='block_1_92' title="bbox 1981 1469 3557 1536">
    <p class='ocr_par' dir='ltr' id='par_1_92' title="bbox 1981 1469 3557 1536">
     <span class='ocr_line' id='line_1_94' title="bbox 1981 1469 3557 1536; baseline 0 -12"><span class='ocrx_word' id='word_1_669' title='bbox 1981 1469 2174 1526; x_wconf 80' lang='lat' dir='ltr'><strong>festum</strong></span> <span class='ocrx_word' id='word_1_670' title='bbox 2199 1473 2542 1527; x_wconf 85' lang='lat' dir='ltr'><strong>Pentecostes</strong></span> <span class='ocrx_word' id='word_1_671' title='bbox 2563 1514 2578 1536; x_wconf 92' lang='lat'><strong>,</strong></span> <span class='ocrx_word' id='word_1_672' title='bbox 2606 1469 2675 1526; x_wconf 89' lang='lat' dir='ltr'><strong>ita</strong></span> <span class='ocrx_word' id='word_1_673' title='bbox 2704 1481 2760 1526; x_wconf 93' lang='lat' dir='ltr'><strong>ut</strong></span> <span class='ocrx_word' id='word_1_674' title='bbox 2785 1473 2967 1525; x_wconf 87' lang='lat' dir='ltr'><strong>ultima</strong></span> <span class='ocrx_word' id='word_1_675' title='bbox 2987 1472 3054 1525; x_wconf 90' lang='lat' dir='ltr'><strong>de</strong></span> <span class='ocrx_word' id='word_1_676' title='bbox 3077 1471 3362 1525; x_wconf 77' lang='lat' dir='ltr'><strong>Mutatione</strong></span> <span class='ocrx_word' id='word_1_677' title='bbox 3384 1473 3557 1524; x_wconf 83' lang='lat' dir='ltr'><strong>nomi-</strong></span> 
     </span>
    </p>
   </div>
   <div class='ocr_carea' id='block_1_93' title="bbox 1982 1540 3558 1610">
    <p class='ocr_par' dir='ltr' id='par_1_93' title="bbox 1982 1540 3558 1610">
     <span class='ocr_line' id='line_1_95' title="bbox 1982 1540 3558 1610; baseline 0 -16"><span class='ocrx_word' id='word_1_678' title='bbox 1982 1557 2108 1596; x_wconf 89' lang='lat' dir='ltr'><strong>num</strong></span> <span class='ocrx_word' id='word_1_679' title='bbox 2142 1542 2368 1596; x_wconf 93' lang='lat' dir='ltr'><strong>llomilia</strong></span> <span class='ocrx_word' id='word_1_680' title='bbox 2395 1542 2632 1598; x_wconf 86' lang='lat' dir='ltr'><strong>videatur</strong></span> <span class='ocrx_word' id='word_1_681' title='bbox 2672 1554 2790 1610; x_wconf 84' lang='lat' dir='ltr'><strong>post</strong></span> <span class='ocrx_word' id='word_1_682' title='bbox 2831 1543 3179 1597; x_wconf 74' lang='lat' dir='ltr'><strong>I’eiitecosteu</strong></span> <span class='ocrx_word' id='word_1_683' title='bbox 3211 1541 3370 1594; x_wconf 85' lang='lat' dir='ltr'><strong>dicta.</strong></span> <span class='ocrx_word' id='word_1_684' title='bbox 3405 1540 3558 1610; x_wconf 83' lang='lat' dir='ltr'><strong>llisce</strong></span> 
     </span>
    </p>
   </div>
   <div class='ocr_carea' id='block_1_94' title="bbox 1982 1609 3556 1667">
    <p class='ocr_par' dir='ltr' id='par_1_94' title="bbox 1982 1609 3556 1667">
     <span class='ocr_line' id='line_1_96' title="bbox 1982 1609 3556 1667; baseline -0.001 -5"><span class='ocrx_word' id='word_1_685' title='bbox 1982 1611 2121 1665; x_wconf 84' lang='lat' dir='ltr'><strong>forte</strong></span> <span class='ocrx_word' id='word_1_686' title='bbox 2166 1612 2462 1666; x_wconf 88' lang='lat' dir='ltr'><strong>intercessit</strong></span> <span class='ocrx_word' id='word_1_687' title='bbox 2512 1609 2736 1666; x_wconf 86' lang='lat' dir='ltr'><strong>Homilia</strong></span> <span class='ocrx_word' id='word_1_688' title='bbox 2789 1613 2840 1666; x_wconf 91' lang='lat' dir='ltr'><strong>in</strong></span> <span class='ocrx_word' id='word_1_689' title='bbox 2894 1611 3272 1667; x_wconf 66' lang='lat' dir='ltr'><strong>Asi°ciisioneiii</strong></span> <span class='ocrx_word' id='word_1_690' title='bbox 3329 1609 3556 1664; x_wconf 90' lang='lat' dir='ltr'><strong>Domini.</strong></span> 
     </span>
    </p>
   </div>
   <div class='ocr_carea' id='block_1_95' title="bbox 1981 1680 3559 1748">
    <p class='ocr_par' dir='ltr' id='par_1_95' title="bbox 1981 1680 3559 1748">
     <span class='ocr_line' id='line_1_97' title="bbox 1981 1680 3559 1748; baseline -0.003 -12"><span class='ocrx_word' id='word_1_691' title='bbox 1981 1681 2045 1736; x_wconf 90' lang='lat' dir='ltr'><strong>T.</strong></span> <span class='ocrx_word' id='word_1_692' title='bbox 2091 1680 2150 1734; x_wconf 92' lang='lat' dir='ltr'><strong>Il.</strong></span> <span class='ocrx_word' id='word_1_693' title='bbox 2203 1691 2257 1735; x_wconf 85' lang='lat' dir='ltr'><strong>ct</strong></span> <span class='ocrx_word' id='word_1_694' title='bbox 2293 1682 2458 1736; x_wconf 90' lang='lat' dir='ltr'><strong>altera</strong></span> <span class='ocrx_word' id='word_1_695' title='bbox 2509 1683 2560 1736; x_wconf 91' lang='lat' dir='ltr'><strong>in</strong></span> <span class='ocrx_word' id='word_1_696' title='bbox 2597 1683 2965 1736; x_wconf 85' lang='lat' dir='ltr'><strong>Pentecosten.</strong></span> <span class='ocrx_word' id='word_1_697' title='bbox 2999 1681 3080 1734; x_wconf 86' lang='lat' dir='ltr'><strong>Ib.</strong></span> <span class='ocrx_word' id='word_1_698' title='bbox 3121 1681 3406 1748; x_wconf 78' lang='lat' dir='ltr'><strong>Resumpia</strong></span> <span class='ocrx_word' id='word_1_699' title='bbox 3434 1695 3559 1735; x_wconf 69' lang='lat' dir='ltr'><strong>vero</strong></span> 
     </span>
    </p>
   </div>
   <div class='ocr_carea' id='block_1_96' title="bbox 1981 1750 3559 1820">
    <p class='ocr_par' dir='ltr' id='par_1_96' title="bbox 1981 1750 3559 1820">
     <span class='ocr_line' id='line_1_98' title="bbox 1981 1750 3559 1820; baseline 0 -15"><span class='ocrx_word' id='word_1_700' title='bbox 1981 1750 2252 1805; x_wconf 86' lang='lat' dir='ltr'><strong>Geneseos</strong></span> <span class='ocrx_word' id='word_1_701' title='bbox 2288 1751 2548 1820; x_wconf 82' lang='lat' dir='ltr'><strong>expositio</strong></span> <span class='ocrx_word' id='word_1_702' title='bbox 2590 1753 2730 1807; x_wconf 91' lang='lat' dir='ltr'><strong>circa</strong></span> <span class='ocrx_word' id='word_1_703' title='bbox 2775 1753 3030 1818; x_wconf 76' lang='lat' dir='ltr'><strong>Iunium,</strong></span> <span class='ocrx_word' id='word_1_704' title='bbox 3073 1766 3137 1806; x_wconf 92' lang='lat' dir='ltr'><strong>ac</strong></span> <span class='ocrx_word' id='word_1_705' title='bbox 3181 1750 3323 1804; x_wconf 86' lang='lat' dir='ltr'><strong>ﬁnita</strong></span> <span class='ocrx_word' id='word_1_706' title='bbox 3375 1765 3559 1805; x_wconf 77' lang='lat' dir='ltr'><strong>mense</strong></span> 
     </span>
    </p>
   </div>
   <div class='ocr_carea' id='block_1_97' title="bbox 1981 1820 2654 1876">
    <p class='ocr_par' dir='ltr' id='par_1_97' title="bbox 1981 1820 2654 1876">
     <span class='ocr_line' id='line_1_99' title="bbox 1981 1820 2654 1876; baseline -0.004 0"><span class='ocrx_word' id='word_1_707' title='bbox 1981 1821 2278 1876; x_wconf 77' lang='lat' dir='ltr'><strong>Septembri</strong></span> <span class='ocrx_word' id='word_1_708' title='bbox 2307 1832 2396 1875; x_wconf 91' lang='lat' dir='ltr'><strong>aut</strong></span> <span class='ocrx_word' id='word_1_709' title='bbox 2421 1820 2654 1876; x_wconf 86' lang='lat' dir='ltr'><strong>Octobri.</strong></span> 
     </span>
    </p>
   </div>
   <div class='ocr_carea' id='block_1_98' title="bbox 2077 1888 3561 1946">
    <p class='ocr_par' dir='ltr' id='par_1_98' title="bbox 2077 1888 3561 1946">
     <span class='ocr_line' id='line_1_100' title="bbox 2077 1888 3561 1946; baseline -0.001 -2"><span class='ocrx_word' id='word_1_710' title='bbox 2077 1890 2209 1944; x_wconf 63' lang='lat' dir='ltr'><strong>l‘orte</strong></span> <span class='ocrx_word' id='word_1_711' title='bbox 2239 1893 2336 1944; x_wconf 81' lang='lat' dir='ltr'><strong>sub</strong></span> <span class='ocrx_word' id='word_1_712' title='bbox 2366 1892 2523 1946; x_wconf 87' lang='lat' dir='ltr'><strong>linem</strong></span> <span class='ocrx_word' id='word_1_713' title='bbox 2555 1892 2676 1945; x_wconf 91' lang='lat' dir='ltr'><strong>anni</strong></span> <span class='ocrx_word' id='word_1_714' title='bbox 2724 1892 2826 1946; x_wconf 80' lang='grc'><strong>588</strong></span> <span class='ocrx_word' id='word_1_715' title='bbox 2872 1890 3063 1945; x_wconf 73' lang='lat' dir='ltr'><strong>habita:</strong></span> <span class='ocrx_word' id='word_1_716' title='bbox 3092 1889 3330 1944; x_wconf 70' lang='lat' dir='ltr'><strong>Homilia:</strong></span> <span class='ocrx_word' id='word_1_717' title='bbox 3361 1889 3480 1943; x_wconf 73' lang='lat' dir='ltr'><strong>dum</strong></span> <span class='ocrx_word' id='word_1_718' title='bbox 3507 1888 3561 1943; x_wconf 86' lang='lat' dir='ltr'><strong>in</strong></span> 
     </span>
    </p>
   </div>
   <div class='ocr_carea' id='block_1_99' title="bbox 1983 1957 3554 2032">
    <p class='ocr_par' dir='ltr' id='par_1_99' title="bbox 1983 1957 3554 2032">
     <span class='ocr_line' id='line_1_101' title="bbox 1983 1957 3554 2032; baseline -0.003 -18"><span class='ocrx_word' id='word_1_719' title='bbox 1983 1960 2111 2017; x_wconf 87' lang='lat' dir='ltr'><strong>illud</strong></span> <span class='ocrx_word' id='word_1_720' title='bbox 2143 1961 2380 2032; x_wconf 78' lang='lat' dir='ltr'><strong>Apostoli</strong></span> <span class='ocrx_word' id='word_1_721' title='bbox 2405 2003 2419 2025; x_wconf 91' lang='lat'><strong>,</strong></span> <span class='ocrx_word' id='word_1_722' title='bbox 2453 1961 2682 2016; x_wconf 77' lang='lat' dir='ltr'><strong>Salutate</strong></span> <span class='ocrx_word' id='word_1_723' title='bbox 2710 1961 2996 2015; x_wconf 73' lang='lat' dir='ltr'><strong>Priscillam</strong></span> <span class='ocrx_word' id='word_1_724' title='bbox 3023 1971 3067 2013; x_wconf 82' lang='lat' dir='ltr'><strong>et</strong></span> <span class='ocrx_word' id='word_1_725' title='bbox 3096 1961 3348 2029; x_wconf 81' lang='lat' dir='ltr'><strong>Aquilam.</strong></span> <span class='ocrx_word' id='word_1_726' title='bbox 3377 1959 3439 2012; x_wconf 89' lang='lat' dir='ltr'><strong>T.</strong></span> <span class='ocrx_word' id='word_1_727' title='bbox 3471 1957 3554 2012; x_wconf 90' lang='lat' dir='ltr'><strong>Ill.</strong></span> 
     </span>
    </p>
   </div>
   <div class='ocr_carea' id='block_1_100' title="bbox 2395 2032 3138 2098">
    <p class='ocr_par' dir='ltr' id='par_1_100' title="bbox 2395 2032 3138 2098">
     <span class='ocr_line' id='line_1_102' title="bbox 2395 2032 3138 2098; baseline -0.004 -14"><span class='ocrx_word' id='word_1_728' title='bbox 2395 2032 2540 2085; x_wconf 81' lang='lat' dir='ltr'><strong>Anno</strong></span> <span class='ocrx_word' id='word_1_729' title='bbox 2578 2032 2682 2086; x_wconf 85' lang='grc'><strong>589</strong></span> <span class='ocrx_word' id='word_1_730' title='bbox 2720 2041 2765 2086; x_wconf 86' lang='lat' dir='ltr'><strong>et</strong></span> <span class='ocrx_word' id='word_1_731' title='bbox 2803 2033 3138 2098; x_wconf 72' lang='lat' dir='ltr'><strong>sequentibus.</strong></span> 
     </span>
    </p>
   </div>
   <div class='ocr_carea' id='block_1_101' title="bbox 2053 2097 3561 2168">
    <p class='ocr_par' dir='ltr' id='par_1_101' title="bbox 2053 2097 3561 2168">
     <span class='ocr_line' id='line_1_103' title="bbox 2053 2097 3561 2168; baseline -0.002 -14"><span class='ocrx_word' id='word_1_732' title='bbox 2053 2100 2164 2156; x_wconf 87' lang='lat' dir='ltr'><strong>Sub</strong></span> <span class='ocrx_word' id='word_1_733' title='bbox 2205 2100 2364 2156; x_wconf 80' lang='lat' dir='ltr'><strong>linem</strong></span> <span class='ocrx_word' id='word_1_734' title='bbox 2401 2103 2526 2156; x_wconf 89' lang='lat' dir='ltr'><strong>anni</strong></span> <span class='ocrx_word' id='word_1_735' title='bbox 2567 2103 2670 2157; x_wconf 84' lang='grc'><strong>588</strong></span> <span class='ocrx_word' id='word_1_736' title='bbox 2693 2144 2708 2166; x_wconf 84' lang='grc'>,</span> <span class='ocrx_word' id='word_1_737' title='bbox 2749 2110 2838 2155; x_wconf 88' lang='lat' dir='ltr'><strong>aut</strong></span> <span class='ocrx_word' id='word_1_738' title='bbox 2872 2097 3083 2155; x_wconf 89' lang='lat' dir='ltr'><strong>initium</strong></span> <span class='ocrx_word' id='word_1_739' title='bbox 3125 2099 3227 2153; x_wconf 87' lang='grc'><strong>589</strong></span> <span class='ocrx_word' id='word_1_740' title='bbox 3251 2140 3267 2166; x_wconf 85' lang='grc'><em>,</em></span> <span class='ocrx_word' id='word_1_741' title='bbox 3297 2097 3561 2168; x_wconf 80' lang='lat' dir='ltr'><strong>ﬁgendum</strong></span> 
     </span>
    </p>
   </div>
   <div class='ocr_carea' id='block_1_102' title="bbox 1983 2169 3562 2241">
    <p class='ocr_par' dir='ltr' id='par_1_102' title="bbox 1983 2169 3562 2241">
     <span class='ocr_line' id='line_1_104' title="bbox 1983 2169 3562 2241; baseline -0.002 -16"><span class='ocrx_word' id='word_1_742' title='bbox 1983 2171 2189 2225; x_wconf 90' lang='lat' dir='ltr'><strong>initium</strong></span> <span class='ocrx_word' id='word_1_743' title='bbox 2219 2171 2578 2241; x_wconf 83' lang='lat' dir='ltr'><strong>Expositionis</strong></span> <span class='ocrx_word' id='word_1_744' title='bbox 2606 2173 2656 2227; x_wconf 89' lang='lat' dir='ltr'><strong>in</strong></span> <span class='ocrx_word' id='word_1_745' title='bbox 2683 2173 2960 2227; x_wconf 89' lang='lat' dir='ltr'><strong>Joannem.</strong></span> <span class='ocrx_word' id='word_1_746' title='bbox 3001 2171 3062 2224; x_wconf 84' lang='lat' dir='ltr'><strong>&#39;I‘.</strong></span> <span class='ocrx_word' id='word_1_747' title='bbox 3101 2169 3233 2224; x_wconf 86' lang='lat' dir='ltr'><strong>VIII.</strong></span> <span class='ocrx_word' id='word_1_748' title='bbox 3273 2186 3392 2240; x_wconf 62' lang='lat' dir='ltr'><strong>quin</strong></span> <span class='ocrx_word' id='word_1_749' title='bbox 3428 2169 3562 2222; x_wconf 86' lang='lat' dir='ltr'><strong>intra</strong></span> 
     </span>
    </p>
   </div>
   <div class='ocr_carea' id='block_1_103' title="bbox 1982 2241 2614 2297">
    <p class='ocr_par' dir='ltr' id='par_1_103' title="bbox 1982 2241 2614 2297">
     <span class='ocr_line' id='line_1_105' title="bbox 1982 2241 2614 2297; baseline -0.002 -2"><span class='ocrx_word' id='word_1_750' title='bbox 1982 2256 2179 2296; x_wconf 90' lang='lat' dir='ltr'><strong>annum</strong></span> <span class='ocrx_word' id='word_1_751' title='bbox 2210 2241 2418 2297; x_wconf 77' lang='lat' dir='ltr'><strong>videtur</strong></span> <span class='ocrx_word' id='word_1_752' title='bbox 2445 2242 2614 2296; x_wconf 86' lang='lat' dir='ltr'><strong>ﬁnita.</strong></span> 
     </span>
    </p>
   </div>
   <div class='ocr_carea' id='block_1_104' title="bbox 2054 2308 3561 2382">
    <p class='ocr_par' dir='ltr' id='par_1_104' title="bbox 2054 2308 3561 2382">
     <span class='ocr_line' id='line_1_106' title="bbox 2054 2308 3561 2382; baseline -0.002 -17"><span class='ocrx_word' id='word_1_753' title='bbox 2054 2310 2252 2382; x_wconf 87' lang='lat' dir='ltr'><strong>Deinde</strong></span> <span class='ocrx_word' id='word_1_754' title='bbox 2289 2327 2431 2366; x_wconf 90' lang='lat' dir='ltr'><strong>anno</strong></span> <span class='ocrx_word' id='word_1_755' title='bbox 2461 2314 2564 2368; x_wconf 88' lang='grc'><strong>589</strong></span> <span class='ocrx_word' id='word_1_756' title='bbox 2603 2323 2693 2366; x_wconf 88' lang='lat' dir='ltr'><strong>aut</strong></span> <span class='ocrx_word' id='word_1_757' title='bbox 2725 2313 2829 2368; x_wconf 84' lang='grc'><strong>599</strong></span> <span class='ocrx_word' id='word_1_758' title='bbox 2863 2309 3396 2382; x_wconf 26' lang='grc' dir='ltr'><strong>θαιρῑςιεΑΙΙοηὶίΙίτῐξΑῆη</strong></span> <span class='ocrx_word' id='word_1_759' title='bbox 3428 2308 3561 2362; x_wconf 84' lang='lat' dir='ltr'><strong>Mat-</strong></span> 
     </span>
    </p>
   </div>
   <div class='ocr_carea' id='block_1_105' title="bbox 1983 2380 3394 2452">
    <p class='ocr_par' dir='ltr' id='par_1_105' title="bbox 1983 2380 3394 2452">
     <span class='ocr_line' id='line_1_107' title="bbox 1983 2380 3394 2452; baseline -0.003 -16"><span class='ocrx_word' id='word_1_760' title='bbox 1983 2387 2199 2436; x_wconf 62' lang='lat' dir='ltr'><strong>neum.</strong></span> <span class='ocrx_word' id='word_1_761' title='bbox 2233 2381 2294 2434; x_wconf 91' lang='lat' dir='ltr'><strong>&#39;I‘.</strong></span> <span class='ocrx_word' id='word_1_762' title='bbox 2330 2383 2437 2437; x_wconf 93' lang='lat' dir='ltr'><strong>VII.</strong></span> <span class='ocrx_word' id='word_1_763' title='bbox 2467 2383 2830 2452; x_wconf 82' lang='lat' dir='ltr'><strong>absoluta-que</strong></span> <span class='ocrx_word' id='word_1_764' title='bbox 2855 2380 2996 2436; x_wconf 84' lang='lat' dir='ltr'><strong>anno</strong></span> <span class='ocrx_word' id='word_1_765' title='bbox 3021 2380 3124 2452; x_wconf 81' lang='lat'><strong>590</strong></span> <span class='ocrx_word' id='word_1_766' title='bbox 3152 2389 3243 2452; x_wconf 80' lang='lat' dir='ltr'><strong>aut</strong></span> <span class='ocrx_word' id='word_1_767' title='bbox 3271 2380 3394 2452; x_wconf 71' lang='grc'>591.</span> 
     </span>
    </p>
   </div>
   <div class='ocr_carea' id='block_1_106' title="bbox 1985 2449 3560 2575">
    <p class='ocr_par' dir='ltr' id='par_1_106' title="bbox 1985 2449 3560 2575">
     <span class='ocr_line' id='line_1_108' title="bbox 1985 2449 3560 2575; baseline -0.003 -70"><span class='ocrx_word' id='word_1_768' title='bbox 1985 2521 2026 2575; x_wconf 76' lang='grc' dir='ltr'>Τ</span> <span class='ocrx_word' id='word_1_769' title='bbox 2055 2453 2210 2574; x_wconf 44' lang='grc' dir='ltr'><strong>Ἧιιο</strong></span> <span class='ocrx_word' id='word_1_770' title='bbox 2235 2452 2332 2508; x_wconf 78' lang='grc'>591</span> <span class='ocrx_word' id='word_1_771' title='bbox 2367 2453 2576 2507; x_wconf 79' lang='lat' dir='ltr'><strong>videtur</strong></span> <span class='ocrx_word' id='word_1_772' title='bbox 2611 2449 2849 2522; x_wconf 75' lang='lat' dir='ltr'><strong>exposita</strong></span> <span class='ocrx_word' id='word_1_773' title='bbox 2895 2451 3132 2523; x_wconf 78' lang='lat' dir='ltr'><strong>Epistola</strong></span> <span class='ocrx_word' id='word_1_774' title='bbox 3173 2449 3240 2504; x_wconf 90' lang='lat' dir='ltr'><strong>ad</strong></span> <span class='ocrx_word' id='word_1_775' title='bbox 3274 2450 3560 2504; x_wconf 78' lang='lat' dir='ltr'><strong>Romanos.</strong></span> 
     </span>
    </p>
   </div>
   <div class='ocr_carea' id='block_1_107' title="bbox 2053 2591 3363 2660">
    <p class='ocr_par' dir='ltr' id='par_1_107' title="bbox 2053 2591 3363 2660">
     <span class='ocr_line' id='line_1_109' title="bbox 2053 2591 3363 2660; baseline -0.002 -16"><span class='ocrx_word' id='word_1_776' title='bbox 2053 2591 2208 2647; x_wconf 89' lang='lat' dir='ltr'><strong>Circa</strong></span> <span class='ocrx_word' id='word_1_777' title='bbox 2261 2607 2459 2647; x_wconf 91' lang='lat' dir='ltr'><strong>annum</strong></span> <span class='ocrx_word' id='word_1_778' title='bbox 2508 2593 2614 2648; x_wconf 75' lang='lat'><strong>392</strong></span> <span class='ocrx_word' id='word_1_779' title='bbox 2658 2591 2860 2659; x_wconf 74' lang='lat' dir='ltr'><strong>ﬁgenda</strong></span> <span class='ocrx_word' id='word_1_780' title='bbox 2905 2591 3246 2660; x_wconf 83' lang='lat' dir='ltr'><strong>probabiliter</strong></span> <span class='ocrx_word' id='word_1_781' title='bbox 3291 2591 3363 2643; x_wconf 75' lang='lat' dir='ltr'><strong>Ex</strong></span> 
     </span>
    </p>
   </div>
   <div class='ocr_carea' id='block_1_108' title="bbox 1985 2661 3163 2734">
    <p class='ocr_par' dir='ltr' id='par_1_108' title="bbox 1985 2661 3163 2734">
     <span class='ocr_line' id='line_1_110' title="bbox 1985 2661 3163 2734; baseline -0.004 -18"><span class='ocrx_word' id='word_1_782' title='bbox 1985 2662 2258 2734; x_wconf 83' lang='lat' dir='ltr'><strong>utriusque</strong></span> <span class='ocrx_word' id='word_1_783' title='bbox 2287 2663 2538 2732; x_wconf 72' lang='lat' dir='ltr'><strong>Epistolze</strong></span> <span class='ocrx_word' id='word_1_784' title='bbox 2561 2662 2626 2716; x_wconf 89' lang='lat' dir='ltr'><strong>ad</strong></span> <span class='ocrx_word' id='word_1_785' title='bbox 2653 2661 2974 2734; x_wconf 82' lang='lat' dir='ltr'><strong>Corinthios.</strong></span> <span class='ocrx_word' id='word_1_786' title='bbox 3005 2662 3066 2715; x_wconf 89' lang='lat' dir='ltr'><strong>&#39;I‘.</strong></span> <span class='ocrx_word' id='word_1_787' title='bbox 3099 2661 3163 2714; x_wconf 81' lang='grc' dir='ltr'>Χ.</span> 
     </span>
    </p>
   </div>
   <div class='ocr_carea' id='block_1_109' title="bbox 2056 2727 3567 2801">
    <p class='ocr_par' dir='ltr' id='par_1_109' title="bbox 2056 2727 3567 2801">
     <span class='ocr_line' id='line_1_111' title="bbox 2056 2727 3567 2801; baseline -0.003 -17"><span class='ocrx_word' id='word_1_788' title='bbox 2056 2733 2138 2786; x_wconf 77' lang='lat' dir='ltr'><strong>Ab</strong></span> <span class='ocrx_word' id='word_1_789' title='bbox 2166 2727 2306 2788; x_wconf 78' lang='lat' dir='ltr'><strong>anno</strong></span> <span class='ocrx_word' id='word_1_790' title='bbox 2329 2727 2545 2788; x_wconf 74' lang='lat' dir='ltr'><strong>circiter</strong></span> <span class='ocrx_word' id='word_1_791' title='bbox 2569 2734 2672 2790; x_wconf 85' lang='grc'><strong>595</strong></span> <span class='ocrx_word' id='word_1_792' title='bbox 2696 2747 2864 2801; x_wconf 87' lang='lat' dir='ltr'><strong>usque</strong></span> <span class='ocrx_word' id='word_1_793' title='bbox 2884 2732 2948 2785; x_wconf 88' lang='lat' dir='ltr'><strong>ad</strong></span> <span class='ocrx_word' id='word_1_794' title='bbox 2975 2746 3172 2784; x_wconf 86' lang='lat' dir='ltr'><strong>annum</strong></span> <span class='ocrx_word' id='word_1_795' title='bbox 3194 2729 3296 2784; x_wconf 84' lang='grc'>597</span> <span class='ocrx_word' id='word_1_796' title='bbox 3313 2727 3567 2801; x_wconf 68' lang='lat' dir='ltr'><strong>yidentur</strong></span> 
     </span>
    </p>
   </div>
   <div class='ocr_carea' id='block_1_110' title="bbox 1984 2797 3564 2874">
    <p class='ocr_par' dir='ltr' id='par_1_110' title="bbox 1984 2797 3564 2874">
     <span class='ocr_line' id='line_1_112' title="bbox 1984 2797 3564 2874; baseline -0.005 -15"><span class='ocrx_word' id='word_1_797' title='bbox 1984 2804 2292 2874; x_wconf 67' lang='lat' dir='ltr'><strong>composita;</strong></span> <span class='ocrx_word' id='word_1_798' title='bbox 2329 2797 2795 2874; x_wconf 78' lang='lat' dir='ltr'><strong>Interpretationes</strong></span> <span class='ocrx_word' id='word_1_799' title='bbox 2822 2801 3176 2874; x_wconf 70' lang='lat' dir='ltr'><strong>Epistolarum</strong></span> <span class='ocrx_word' id='word_1_800' title='bbox 3213 2801 3268 2854; x_wconf 91' lang='lat' dir='ltr'><strong>S.</strong></span> <span class='ocrx_word' id='word_1_801' title='bbox 3311 2799 3470 2874; x_wconf 73' lang='lat' dir='ltr'><strong>Pauli</strong></span> <span class='ocrx_word' id='word_1_802' title='bbox 3499 2797 3564 2851; x_wconf 87' lang='lat' dir='ltr'><strong>ad</strong></span> 
     </span>
    </p>
   </div>
   <div class='ocr_carea' id='block_1_111' title="bbox 1986 2868 3566 2943">
    <p class='ocr_par' dir='ltr' id='par_1_111' title="bbox 1986 2868 3566 2943">
     <span class='ocr_line' id='line_1_113' title="bbox 1986 2868 3566 2943; baseline -0.006 -15"><span class='ocrx_word' id='word_1_803' title='bbox 1986 2868 2218 2928; x_wconf 61' lang='lat' dir='ltr'><strong>Galatas.</strong></span> <span class='ocrx_word' id='word_1_804' title='bbox 2246 2873 2308 2943; x_wconf 87' lang='lat' dir='ltr'><strong>T.</strong></span> <span class='ocrx_word' id='word_1_805' title='bbox 2334 2872 2399 2925; x_wconf 76' lang='grc' dir='ltr'><strong>Χ.</strong></span> <span class='ocrx_word' id='word_1_806' title='bbox 2423 2868 2490 2928; x_wconf 86' lang='lat' dir='ltr'><strong>ad</strong></span> <span class='ocrx_word' id='word_1_807' title='bbox 2511 2873 2772 2943; x_wconf 82' lang='lat' dir='ltr'><strong>Ephesios</strong></span> <span class='ocrx_word' id='word_1_808' title='bbox 2787 2913 2811 2943; x_wconf 10' lang='lat'><strong>7,</strong></span> <span class='ocrx_word' id='word_1_809' title='bbox 2843 2868 2909 2924; x_wconf 84' lang='lat' dir='ltr'><strong>ad</strong></span> <span class='ocrx_word' id='word_1_810' title='bbox 2937 2868 3566 2943; x_wconf 55' lang='lat' dir='ltr'><strong>Pliilippenses_.__utrius:</strong></span> 
     </span>
    </p>
   </div>
   <div class='ocr_carea' id='block_1_112' title="bbox 1985 2937 3565 3008">
    <p class='ocr_par' dir='ltr' id='par_1_112' title="bbox 1985 2937 3565 3008">
     <span class='ocr_line' id='line_1_114' title="bbox 1985 2937 3565 3008; baseline -0.003 -12"><span class='ocrx_word' id='word_1_811' title='bbox 1985 2957 2089 3007; x_wconf 87' lang='lat' dir='ltr'><strong>que</strong></span> <span class='ocrx_word' id='word_1_812' title='bbox 2125 2944 2191 2996; x_wconf 88' lang='lat' dir='ltr'><strong>ad</strong></span> <span class='ocrx_word' id='word_1_813' title='bbox 2229 2937 2576 2997; x_wconf 75' lang='lat' dir='ltr'><strong>Timotheum</strong></span> <span class='ocrx_word' id='word_1_814' title='bbox 2592 2985 2608 3008; x_wconf 92' lang='lat'><strong>,</strong></span> <span class='ocrx_word' id='word_1_815' title='bbox 2649 2942 2715 2996; x_wconf 90' lang='lat' dir='ltr'><strong>ad</strong></span> <span class='ocrx_word' id='word_1_816' title='bbox 2754 2942 2968 3008; x_wconf 86' lang='lat' dir='ltr'><strong>Titum,</strong></span> <span class='ocrx_word' id='word_1_817' title='bbox 3009 2937 3455 2996; x_wconf 49' lang='lat' dir='ltr'><strong>et&#39;verisimiliti-r</strong></span> <span class='ocrx_word' id='word_1_818' title='bbox 3501 2937 3565 2991; x_wconf 89' lang='lat' dir='ltr'><strong>ad</strong></span> 
     </span>
    </p>
   </div>
   <div class='ocr_carea' id='block_1_113' title="bbox 1988 3011 2814 3078">
    <p class='ocr_par' dir='ltr' id='par_1_113' title="bbox 1988 3011 2814 3078">
     <span class='ocr_line' id='line_1_115' title="bbox 1988 3011 2814 3078; baseline -0.005 -11"><span class='ocrx_word' id='word_1_819' title='bbox 1988 3012 2349 3068; x_wconf 90' lang='lat' dir='ltr'><strong>Philemonem</strong></span> <span class='ocrx_word' id='word_1_820' title='bbox 2371 3053 2386 3078; x_wconf 96' lang='lat'><strong>,</strong></span> <span class='ocrx_word' id='word_1_821' title='bbox 2417 3028 2604 3066; x_wconf 89' lang='lat' dir='ltr'><strong>omnes</strong></span> <span class='ocrx_word' id='word_1_822' title='bbox 2631 3013 2693 3066; x_wconf 86' lang='grc' dir='ltr'>Τ.</span> <span class='ocrx_word' id='word_1_823' title='bbox 2723 3011 2814 3066; x_wconf 74' lang='lat' dir='ltr'><strong>XI.</strong></span> 
     </span>
    </p>
   </div>
   <div class='ocr_carea' id='block_1_114' title="bbox 2059 3076 3566 3150">
    <p class='ocr_par' dir='ltr' id='par_1_114' title="bbox 2059 3076 3566 3150">
     <span class='ocr_line' id='line_1_116' title="bbox 2059 3076 3566 3150; baseline -0.004 -14"><span class='ocrx_word' id='word_1_824' title='bbox 2059 3083 2188 3137; x_wconf 87' lang='lat' dir='ltr'><strong>Item</strong></span> <span class='ocrx_word' id='word_1_825' title='bbox 2234 3082 2338 3136; x_wconf 83' lang='lat' dir='ltr'><strong>illis</strong></span> <span class='ocrx_word' id='word_1_826' title='bbox 2373 3076 2536 3136; x_wconf 82' lang='lat' dir='ltr'><strong>annis</strong></span> <span class='ocrx_word' id='word_1_827' title='bbox 2579 3082 2852 3150; x_wconf 83' lang='lat' dir='ltr'><strong>Expositio</strong></span> <span class='ocrx_word' id='word_1_828' title='bbox 2901 3080 3228 3136; x_wconf 82' lang='lat' dir='ltr'><strong>Psalmorum</strong></span> <span class='ocrx_word' id='word_1_829' title='bbox 3270 3076 3566 3147; x_wconf 78' lang='lat' dir='ltr'><strong>composita</strong></span> 
     </span>
    </p>
   </div>
   <div class='ocr_carea' id='block_1_115' title="bbox 1987 3150 2813 3222">
    <p class='ocr_par' dir='ltr' id='par_1_115' title="bbox 1987 3150 2813 3222">
     <span class='ocr_line' id='line_1_117' title="bbox 1987 3150 2813 3222; baseline -0.007 -16"><span class='ocrx_word' id='word_1_830' title='bbox 1987 3151 2235 3220; x_wconf 85' lang='lat' dir='ltr'><strong>dictaque</strong></span> <span class='ocrx_word' id='word_1_831' title='bbox 2259 3152 2325 3205; x_wconf 90' lang='lat' dir='ltr'><strong>ad</strong></span> <span class='ocrx_word' id='word_1_832' title='bbox 2351 3151 2623 3222; x_wconf 86' lang='lat' dir='ltr'><strong>populum.</strong></span> <span class='ocrx_word' id='word_1_833' title='bbox 2656 3151 2718 3203; x_wconf 88' lang='lat' dir='ltr'><strong>&#39;I‘.</strong></span> 
     </span>
    </p>
   </div>
   <div class='ocr_carea' id='block_1_116' title="bbox 2060 3218 3565 3292">
    <p class='ocr_par' dir='ltr' id='par_1_116' title="bbox 2060 3218 3565 3292">
     <span class='ocr_line' id='line_1_118' title="bbox 2060 3218 3565 3292; baseline -0.004 -18"><span class='ocrx_word' id='word_1_834' title='bbox 2060 3218 2214 3276; x_wconf 84' lang='lat' dir='ltr'><strong>Anno</strong></span> <span class='ocrx_word' id='word_1_835' title='bbox 2243 3218 2715 3292; x_wconf 45' lang='lat' dir='ltr'><strong>597—probabiliter</strong></span> <span class='ocrx_word' id='word_1_836' title='bbox 2742 3221 2917 3292; x_wconf 79' lang='lat' dir='ltr'><strong>ﬁgitur</strong></span> <span class='ocrx_word' id='word_1_837' title='bbox 2939 3218 3306 3292; x_wconf 77' lang='lat' dir='ltr'><strong>Interpretatio</strong></span> <span class='ocrx_word' id='word_1_838' title='bbox 3331 3218 3565 3292; x_wconf 82' lang='lat' dir='ltr'><strong>priorum</strong></span> 
     </span>
    </p>
   </div>
   <div class='ocr_carea' id='block_1_117' title="bbox 1989 3287 3568 3361">
    <p class='ocr_par' dir='ltr' id='par_1_117' title="bbox 1989 3287 3568 3361">
     <span class='ocr_line' id='line_1_119' title="bbox 1989 3287 3568 3361; baseline -0.001 -17"><span class='ocrx_word' id='word_1_839' title='bbox 1989 3292 2189 3361; x_wconf 86' lang='lat' dir='ltr'><strong>aliquot</strong></span> <span class='ocrx_word' id='word_1_840' title='bbox 2212 3287 2440 3360; x_wconf 71' lang='lat' dir='ltr'><strong>capitum</strong></span> <span class='ocrx_word' id='word_1_841' title='bbox 2472 3291 2620 3346; x_wconf 58' lang='lat' dir='ltr'><strong>Isaia.</strong></span> <span class='ocrx_word' id='word_1_842' title='bbox 2641 3331 2656 3356; x_wconf 85' lang='lat'><strong>,</strong></span> <span class='ocrx_word' id='word_1_843' title='bbox 2686 3287 2825 3360; x_wconf 65' lang='lat' dir='ltr'><strong>quod</strong></span> <span class='ocrx_word' id='word_1_844' title='bbox 2856 3290 3096 3345; x_wconf 87' lang='lat' dir='ltr'><strong>ultimum</strong></span> <span class='ocrx_word' id='word_1_845' title='bbox 3124 3288 3330 3342; x_wconf 82' lang='lat' dir='ltr'><strong>videtur</strong></span> <span class='ocrx_word' id='word_1_846' title='bbox 3357 3302 3492 3356; x_wconf 86' lang='lat' dir='ltr'><strong>opus</strong></span> <span class='ocrx_word' id='word_1_847' title='bbox 3514 3287 3568 3342; x_wconf 87' lang='lat' dir='ltr'><strong>in</strong></span> 
     </span>
    </p>
   </div>
   <div class='ocr_carea' id='block_1_118' title="bbox 1992 3361 2586 3433">
    <p class='ocr_par' dir='ltr' id='par_1_118' title="bbox 1992 3361 2586 3433">
     <span class='ocr_line' id='line_1_120' title="bbox 1992 3361 2586 3433; baseline -0.005 -17"><span class='ocrx_word' id='word_1_848' title='bbox 1992 3363 2376 3433; x_wconf 79' lang='lat' dir='ltr'><strong>presbyteratu.</strong></span> <span class='ocrx_word' id='word_1_849' title='bbox 2405 3362 2468 3416; x_wconf 89' lang='grc' dir='ltr'>Τ.</span> <span class='ocrx_word' id='word_1_850' title='bbox 2502 3361 2586 3433; x_wconf 83' lang='lat' dir='ltr'><strong>VI.</strong></span> 
     </span>
    </p>
   </div>
   <div class='ocr_carea' id='block_1_119' title="bbox 2540 3431 3013 3500">
    <p class='ocr_par' dir='ltr' id='par_1_119' title="bbox 2540 3431 3013 3500">
     <span class='ocr_line' id='line_1_121' title="bbox 2540 3431 3013 3500; baseline -0.004 -17"><span class='ocrx_word' id='word_1_851' title='bbox 2540 3431 2738 3484; x_wconf 80' lang='lat' dir='ltr'><strong>Incerto</strong></span> <span class='ocrx_word' id='word_1_852' title='bbox 2776 3439 3013 3500; x_wconf 80' lang='lat' dir='ltr'><strong>tempore.</strong></span> 
     </span>
    </p>
   </div>
   <div class='ocr_carea' id='block_1_120' title="bbox 2064 3495 3570 3577">
    <p class='ocr_par' dir='ltr' id='par_1_120' title="bbox 2064 3495 3570 3577">
     <span class='ocr_line' id='line_1_122' title="bbox 2064 3495 3570 3577; baseline -0.007 -20"><span class='ocrx_word' id='word_1_853' title='bbox 2064 3501 2330 3577; x_wconf 80' lang='lat' dir='ltr'><strong>Tempore</strong></span> <span class='ocrx_word' id='word_1_854' title='bbox 2382 3501 2773 3577; x_wconf 68' lang='lat' dir='ltr'><strong>prmdieationis</strong></span> <span class='ocrx_word' id='word_1_855' title='bbox 2814 3495 3155 3577; x_wconf 65' lang='lat' dir='ltr'><strong>Antiocheam</strong></span> <span class='ocrx_word' id='word_1_856' title='bbox 3180 3539 3194 3561; x_wconf 96' lang='lat'><strong>,</strong></span> <span class='ocrx_word' id='word_1_857' title='bbox 3239 3497 3289 3552; x_wconf 79' lang='lat' dir='ltr'><strong>III</strong></span> <span class='ocrx_word' id='word_1_858' title='bbox 3327 3495 3570 3577; x_wconf 36' lang='grc' dir='ltr'><strong>θείη-ἔρ</strong></span> 
     </span>
    </p>
   </div>
   <div class='ocr_carea' id='block_1_121' title="bbox 1993 3567 3568 3640">
    <p class='ocr_par' dir='ltr' id='par_1_121' title="bbox 1993 3567 3568 3640">
     <span class='ocr_line' id='line_1_123' title="bbox 1993 3567 3568 3640; baseline -0.003 -15"><span class='ocrx_word' id='word_1_859' title='bbox 1993 3572 2143 3626; x_wconf 91' lang='lat' dir='ltr'><strong>initio</strong></span> <span class='ocrx_word' id='word_1_860' title='bbox 2181 3572 2290 3627; x_wconf 77' lang='lat' dir='ltr'><strong>fere</strong></span> <span class='ocrx_word' id='word_1_861' title='bbox 2327 3567 2448 3626; x_wconf 88' lang='lat' dir='ltr'><strong>anni</strong></span> <span class='ocrx_word' id='word_1_862' title='bbox 2493 3571 2597 3626; x_wconf 81' lang='grc'><strong>586</strong></span> <span class='ocrx_word' id='word_1_863' title='bbox 2637 3585 2804 3640; x_wconf 89' lang='lat' dir='ltr'><strong>usque</strong></span> <span class='ocrx_word' id='word_1_864' title='bbox 2845 3570 2912 3624; x_wconf 82' lang='lat' dir='ltr'><strong>ad</strong></span> <span class='ocrx_word' id='word_1_865' title='bbox 2947 3569 3268 3640; x_wconf 84' lang='lat' dir='ltr'><strong>posteriores</strong></span> <span class='ocrx_word' id='word_1_866' title='bbox 3304 3567 3428 3640; x_wconf 82' lang='lat' dir='ltr'><strong>anni</strong></span> <span class='ocrx_word' id='word_1_867' title='bbox 3465 3567 3568 3640; x_wconf 79' lang='grc'>597</span> 
     </span>
    </p>
   </div>
   <div class='ocr_carea' id='block_1_122' title="bbox 1995 3637 3568 3710">
    <p class='ocr_par' dir='ltr' id='par_1_122' title="bbox 1995 3637 3568 3710">
     <span class='ocr_line' id='line_1_124' title="bbox 1995 3637 3568 3710; baseline -0.002 -15"><span class='ocrx_word' id='word_1_868' title='bbox 1995 3657 2207 3697; x_wconf 90' lang='lat' dir='ltr'><strong>menses</strong></span> <span class='ocrx_word' id='word_1_869' title='bbox 2233 3685 2247 3707; x_wconf 89' lang='lat'><strong>,</strong></span> <span class='ocrx_word' id='word_1_870' title='bbox 2275 3652 2331 3697; x_wconf 90' lang='lat' dir='ltr'><strong>et</strong></span> <span class='ocrx_word' id='word_1_871' title='bbox 2359 3642 2588 3696; x_wconf 74' lang='lat' dir='ltr'><strong>maxime</strong></span> <span class='ocrx_word' id='word_1_872' title='bbox 2619 3637 2832 3710; x_wconf 82' lang='lat' dir='ltr'><strong>quidem</strong></span> <span class='ocrx_word' id='word_1_873' title='bbox 2871 3637 3023 3693; x_wconf 89' lang='lat' dir='ltr'><strong>annis</strong></span> <span class='ocrx_word' id='word_1_874' title='bbox 3053 3639 3260 3710; x_wconf 82' lang='lat' dir='ltr'><strong>duobus</strong></span> <span class='ocrx_word' id='word_1_875' title='bbox 3305 3637 3568 3710; x_wconf 73' lang='lat' dir='ltr'><strong>prioribus</strong></span> 
     </span>
    </p>
   </div>
   <div class='ocr_carea' id='block_1_123' title="bbox 1995 3707 3568 3781">
    <p class='ocr_par' dir='ltr' id='par_1_123' title="bbox 1995 3707 3568 3781">
     <span class='ocr_line' id='line_1_125' title="bbox 1995 3707 3568 3781; baseline -0.005 -16"><span class='ocrx_word' id='word_1_876' title='bbox 1995 3712 2186 3766; x_wconf 73' lang='lat' dir='ltr'><strong>habitae</strong></span> <span class='ocrx_word' id='word_1_877' title='bbox 2206 3712 2452 3768; x_wconf 84' lang='lat' dir='ltr'><strong>videntur</strong></span> <span class='ocrx_word' id='word_1_878' title='bbox 2471 3707 2754 3781; x_wconf 78' lang='lat' dir='ltr'><strong>sequentes</strong></span> <span class='ocrx_word' id='word_1_879' title='bbox 2780 3710 3015 3781; x_wconf 60' lang='lat' dir='ltr'><strong>Homilia;</strong></span> <span class='ocrx_word' id='word_1_880' title='bbox 3035 3749 3050 3774; x_wconf 94' lang='lat'><strong>,</strong></span> <span class='ocrx_word' id='word_1_881' title='bbox 3075 3708 3321 3763; x_wconf 79' lang='lat' dir='ltr'><strong>videlicet</strong></span> <span class='ocrx_word' id='word_1_882' title='bbox 3345 3707 3568 3781; x_wconf 71' lang='lat' dir='ltr'><strong>Iloiiiilia</strong></span> 
     </span>
    </p>
   </div>
   <div class='ocr_carea' id='block_1_124' title="bbox 1993 3777 3566 3849">
    <p class='ocr_par' dir='ltr' id='par_1_124' title="bbox 1993 3777 3566 3849">
     <span class='ocr_line' id='line_1_126' title="bbox 1993 3777 3566 3849; baseline -0.005 -13"><span class='ocrx_word' id='word_1_883' title='bbox 1993 3782 2062 3836; x_wconf 89' lang='lat' dir='ltr'><strong>de</strong></span> <span class='ocrx_word' id='word_1_884' title='bbox 2090 3783 2412 3849; x_wconf 89' lang='lat' dir='ltr'><strong>reprehenso</strong></span> <span class='ocrx_word' id='word_1_885' title='bbox 2439 3777 2614 3836; x_wconf 77' lang='lat' dir='ltr'><strong>Petro.</strong></span> <span class='ocrx_word' id='word_1_886' title='bbox 2639 3781 2699 3834; x_wconf 87' lang='lat' dir='ltr'><strong>T.</strong></span> <span class='ocrx_word' id='word_1_887' title='bbox 2731 3780 2817 3834; x_wconf 92' lang='lat' dir='ltr'><strong>Ill.</strong></span> <span class='ocrx_word' id='word_1_888' title='bbox 2847 3779 3088 3834; x_wconf 76' lang='lat' dir='ltr'><strong>Ilomilia:</strong></span> <span class='ocrx_word' id='word_1_889' title='bbox 3108 3789 3308 3846; x_wconf 76' lang='lat' dir='ltr'><strong>septem</strong></span> <span class='ocrx_word' id='word_1_890' title='bbox 3329 3777 3397 3849; x_wconf 88' lang='lat' dir='ltr'><strong>de</strong></span> <span class='ocrx_word' id='word_1_891' title='bbox 3429 3778 3566 3830; x_wconf 84' lang='lat' dir='ltr'><strong>Lau-</strong></span> 
     </span>
    </p>
   </div>
   <div class='ocr_carea' id='block_1_125' title="bbox 1994 3847 3567 3907">
    <p class='ocr_par' dir='ltr' id='par_1_125' title="bbox 1994 3847 3567 3907">
     <span class='ocr_line' id='line_1_127' title="bbox 1994 3847 3567 3907; baseline -0.004 -2"><span class='ocrx_word' id='word_1_892' title='bbox 1994 3847 2234 3907; x_wconf 21' lang='lat' dir='ltr'><strong>dibiis‘S.</strong></span> <span class='ocrx_word' id='word_1_893' title='bbox 2269 3853 2434 3906; x_wconf 86' lang='lat' dir='ltr'><strong>Pauli.</strong></span> <span class='ocrx_word' id='word_1_894' title='bbox 2467 3851 2530 3906; x_wconf 90' lang='lat' dir='ltr'><strong>T.</strong></span> <span class='ocrx_word' id='word_1_895' title='bbox 2559 3851 2624 3904; x_wconf 95' lang='lat' dir='ltr'><strong>Il.</strong></span> <span class='ocrx_word' id='word_1_896' title='bbox 2654 3851 2893 3905; x_wconf 73' lang='lat' dir='ltr'><strong>Homilia:</strong></span> <span class='ocrx_word' id='word_1_897' title='bbox 2921 3865 3108 3905; x_wconf 85' lang='lat' dir='ltr'><strong>novem</strong></span> <span class='ocrx_word' id='word_1_898' title='bbox 3135 3849 3203 3903; x_wconf 91' lang='lat' dir='ltr'><strong>de</strong></span> <span class='ocrx_word' id='word_1_899' title='bbox 3233 3847 3567 3903; x_wconf 75' lang='lat' dir='ltr'><strong>Pieriiientia.</strong></span> 
     </span>
    </p>
   </div>
   <div class='ocr_carea' id='block_1_126' title="bbox 1997 3920 3565 3991">
    <p class='ocr_par' dir='ltr' id='par_1_126' title="bbox 1997 3920 3565 3991">
     <span class='ocr_line' id='line_1_128' title="bbox 1997 3920 3565 3991; baseline -0.003 -18"><span class='ocrx_word' id='word_1_900' title='bbox 1997 3922 2057 3991; x_wconf 86' lang='lat' dir='ltr'><strong>&#39;I‘.</strong></span> <span class='ocrx_word' id='word_1_901' title='bbox 2084 3922 2144 3976; x_wconf 95' lang='lat' dir='ltr'><strong>II.</strong></span> <span class='ocrx_word' id='word_1_902' title='bbox 2170 3923 2356 3991; x_wconf 90' lang='lat' dir='ltr'><strong>majori</strong></span> <span class='ocrx_word' id='word_1_903' title='bbox 2377 3938 2440 3977; x_wconf 77' lang='lat' dir='ltr'><strong>ex</strong></span> <span class='ocrx_word' id='word_1_904' title='bbox 2464 3935 2613 3991; x_wconf 85' lang='lat' dir='ltr'><strong>parte</strong></span> <span class='ocrx_word' id='word_1_905' title='bbox 2636 3920 2862 3975; x_wconf 88' lang='lat' dir='ltr'><strong>llomilia</strong></span> <span class='ocrx_word' id='word_1_906' title='bbox 2882 3920 2950 3974; x_wconf 87' lang='lat' dir='ltr'><strong>de</strong></span> <span class='ocrx_word' id='word_1_907' title='bbox 2973 3920 3292 3991; x_wconf 67' lang='lat' dir='ltr'><strong>Cutineterio</strong></span> <span class='ocrx_word' id='word_1_908' title='bbox 3313 3927 3367 3971; x_wconf 92' lang='lat' dir='ltr'><strong>ct</strong></span> <span class='ocrx_word' id='word_1_909' title='bbox 3385 3932 3565 3991; x_wconf 71' lang='lat' dir='ltr'><strong>cruce.</strong></span> 
     </span>
    </p>
   </div>
   <div class='ocr_carea' id='block_1_127' title="bbox 1998 3987 3569 4061">
    <p class='ocr_par' dir='ltr' id='par_1_127' title="bbox 1998 3987 3569 4061">
     <span class='ocr_line' id='line_1_129' title="bbox 1998 3987 3569 4061; baseline -0.004 -17"><span class='ocrx_word' id='word_1_910' title='bbox 1998 3990 2079 4045; x_wconf 93' lang='lat' dir='ltr'><strong>Ib.</strong></span> <span class='ocrx_word' id='word_1_911' title='bbox 2111 3987 2269 4061; x_wconf 83' lang='lat' dir='ltr'><strong>quam</strong></span> <span class='ocrx_word' id='word_1_912' title='bbox 2297 3993 2431 4046; x_wconf 91' lang='lat' dir='ltr'><strong>intra</strong></span> <span class='ocrx_word' id='word_1_913' title='bbox 2459 3987 2575 4047; x_wconf 82' lang='lat' dir='ltr'><strong>dies</strong></span> <span class='ocrx_word' id='word_1_914' title='bbox 2619 3992 2800 4060; x_wconf 81' lang='lat' dir='ltr'><strong>viginti</strong></span> <span class='ocrx_word' id='word_1_915' title='bbox 2844 3996 3146 4061; x_wconf 6' lang='lat' dir='ltr'><strong>secutaqest</strong></span> <span class='ocrx_word' id='word_1_916' title='bbox 3183 3989 3346 4061; x_wconf 82' lang='lat' dir='ltr'><strong>altera</strong></span> <span class='ocrx_word' id='word_1_917' title='bbox 3376 3987 3444 4061; x_wconf 78' lang='lat' dir='ltr'><strong>de</strong></span> 
     </span>
    </p>
   </div>
   <div class='ocr_carea' id='block_1_128' title="bbox 2000 4055 3573 4133">
    <p class='ocr_par' dir='ltr' id='par_1_128' title="bbox 2000 4055 3573 4133">
     <span class='ocr_line' id='line_1_130' title="bbox 2000 4055 3573 4133; baseline -0.004 -17"><span class='ocrx_word' id='word_1_918' title='bbox 2000 4055 2317 4133; x_wconf 54' lang='lat' dir='ltr'><strong>Mart&#39;yribus</strong></span> <span class='ocrx_word' id='word_1_919' title='bbox 2341 4062 2599 4133; x_wconf 87' lang='lat' dir='ltr'><strong>Bernice_,</strong></span> <span class='ocrx_word' id='word_1_920' title='bbox 2631 4055 2898 4133; x_wconf 59' lang='lat' dir='ltr'><strong>Prosdoce</strong></span> <span class='ocrx_word' id='word_1_921' title='bbox 2929 4069 2985 4133; x_wconf 83' lang='lat' dir='ltr'><strong>et</strong></span> <span class='ocrx_word' id='word_1_922' title='bbox 3011 4059 3328 4133; x_wconf 82' lang='lat' dir='ltr'><strong>_Do_mnina__;</strong></span> <span class='ocrx_word' id='word_1_923' title='bbox 3373 4058 3474 4110; x_wconf 89' lang='lat' dir='ltr'><strong>alia</strong></span> <span class='ocrx_word' id='word_1_924' title='bbox 3493 4055 3573 4133; x_wconf 82' lang='lat' dir='ltr'><strong>_dc</strong></span> 
     </span>
    </p>
   </div>
   <div class='ocr_carea' id='block_1_129' title="bbox 2001 4126 3567 4201">
    <p class='ocr_par' dir='ltr' id='par_1_129' title="bbox 2001 4126 3567 4201">
     <span class='ocr_line' id='line_1_131' title="bbox 2001 4126 3567 4201; baseline -0.004 -17"><span class='ocrx_word' id='word_1_925' title='bbox 2001 4126 2150 4201; x_wconf 75' lang='lat' dir='ltr'><strong>hisce</strong></span> <span class='ocrx_word' id='word_1_926' title='bbox 2174 4133 2511 4201; x_wconf 87' lang='lat' dir='ltr'><strong>martyribus.</strong></span> <span class='ocrx_word' id='word_1_927' title='bbox 2545 4126 2624 4186; x_wconf 91' lang='lat' dir='ltr'><strong>Ib.</strong></span> <span class='ocrx_word' id='word_1_928' title='bbox 2651 4131 2892 4185; x_wconf 70' lang='lat' dir='ltr'><strong>Homilire</strong></span> <span class='ocrx_word' id='word_1_929' title='bbox 2911 4130 2978 4185; x_wconf 90' lang='lat' dir='ltr'><strong>de</strong></span> <span class='ocrx_word' id='word_1_930' title='bbox 3003 4128 3138 4184; x_wconf 89' lang='lat' dir='ltr'><strong>Juda</strong></span> <span class='ocrx_word' id='word_1_931' title='bbox 3165 4127 3453 4201; x_wconf 62' lang='lat' dir='ltr'><strong>proditore.</strong></span> <span class='ocrx_word' id='word_1_932' title='bbox 3484 4126 3567 4201; x_wconf 82' lang='lat' dir='ltr'><strong>Ib.</strong></span> 
     </span>
    </p>
   </div>
   <div class='ocr_carea' id='block_1_130' title="bbox 1999 4196 3571 4256">
    <p class='ocr_par' dir='ltr' id='par_1_130' title="bbox 1999 4196 3571 4256">
     <span class='ocr_line' id='line_1_132' title="bbox 1999 4196 3571 4256; baseline -0.004 -2"><span class='ocrx_word' id='word_1_933' title='bbox 1999 4199 2067 4254; x_wconf 90' lang='lat' dir='ltr'><strong>de</strong></span> <span class='ocrx_word' id='word_1_934' title='bbox 2089 4201 2257 4256; x_wconf 84' lang='lat' dir='ltr'><strong>Cruce</strong></span> <span class='ocrx_word' id='word_1_935' title='bbox 2282 4196 2336 4255; x_wconf 73' lang='lat' dir='ltr'><strong>et</strong></span> <span class='ocrx_word' id='word_1_936' title='bbox 2362 4202 2611 4256; x_wconf 88' lang='lat' dir='ltr'><strong>Latrone.</strong></span> <span class='ocrx_word' id='word_1_937' title='bbox 2655 4201 2735 4254; x_wconf 89' lang='lat' dir='ltr'><strong>Ib.</strong></span> <span class='ocrx_word' id='word_1_938' title='bbox 2764 4202 2832 4256; x_wconf 90' lang='lat' dir='ltr'><strong>de</strong></span> <span class='ocrx_word' id='word_1_939' title='bbox 2866 4196 3206 4256; x_wconf 84' lang='lat' dir='ltr'><strong>Ascensione.</strong></span> <span class='ocrx_word' id='word_1_940' title='bbox 3240 4196 3320 4252; x_wconf 92' lang='lat' dir='ltr'><strong>Ib.</strong></span> <span class='ocrx_word' id='word_1_941' title='bbox 3350 4197 3571 4252; x_wconf 87' lang='lat' dir='ltr'><strong>Gemina</strong></span> 
     </span>
    </p>
   </div>
   <div class='ocr_carea' id='block_1_131' title="bbox 1999 4267 3574 4337">
    <p class='ocr_par' dir='ltr' id='par_1_131' title="bbox 1999 4267 3574 4337">
     <span class='ocr_line' id='line_1_133' title="bbox 1999 4267 3574 4337; baseline -0.002 -15"><span class='ocrx_word' id='word_1_942' title='bbox 1999 4269 2067 4324; x_wconf 89' lang='lat' dir='ltr'><strong>de</strong></span> <span class='ocrx_word' id='word_1_943' title='bbox 2097 4271 2425 4326; x_wconf 86' lang='lat' dir='ltr'><strong>Pentecoste.</strong></span> <span class='ocrx_word' id='word_1_944' title='bbox 2461 4270 2542 4324; x_wconf 91' lang='lat' dir='ltr'><strong>Ib.</strong></span> <span class='ocrx_word' id='word_1_945' title='bbox 2569 4283 2652 4326; x_wconf 89' lang='lat' dir='ltr'><strong>est</strong></span> <span class='ocrx_word' id='word_1_946' title='bbox 2680 4271 2778 4326; x_wconf 90' lang='lat' dir='ltr'><strong>loci</strong></span> <span class='ocrx_word' id='word_1_947' title='bbox 2811 4267 3016 4325; x_wconf 72' lang='lat' dir='ltr'><strong>incerti.</strong></span> <span class='ocrx_word' id='word_1_948' title='bbox 3067 4268 3306 4324; x_wconf 79' lang='lat' dir='ltr'><strong>llomilia:</strong></span> <span class='ocrx_word' id='word_1_949' title='bbox 3345 4283 3574 4337; x_wconf 80' lang='lat' dir='ltr'><strong>panegy-</strong></span> 
     </span>
    </p>
   </div>
   <div class='ocr_carea' id='block_1_132' title="bbox 2002 4337 3577 4410">
    <p class='ocr_par' dir='ltr' id='par_1_132' title="bbox 2002 4337 3577 4410">
     <span class='ocr_line' id='line_1_134' title="bbox 2002 4337 3577 4410; baseline -0.002 -17"><span class='ocrx_word' id='word_1_950' title='bbox 2002 4341 2126 4393; x_wconf 69' lang='lat' dir='ltr'><strong>rica!</strong></span> <span class='ocrx_word' id='word_1_951' title='bbox 2151 4382 2166 4403; x_wconf 87' lang='lat'><strong>,</strong></span> <span class='ocrx_word' id='word_1_952' title='bbox 2195 4341 2396 4394; x_wconf 87' lang='lat' dir='ltr'><strong>incerto</strong></span> <span class='ocrx_word' id='word_1_953' title='bbox 2427 4349 2665 4410; x_wconf 89' lang='lat' dir='ltr'><strong>tempore</strong></span> <span class='ocrx_word' id='word_1_954' title='bbox 2695 4341 2988 4410; x_wconf 73' lang='lat' dir='ltr'><strong>Antiochia:</strong></span> <span class='ocrx_word' id='word_1_955' title='bbox 3015 4341 3207 4410; x_wconf 77' lang='lat' dir='ltr'><strong>habita:</strong></span> <span class='ocrx_word' id='word_1_956' title='bbox 3231 4381 3245 4402; x_wconf 93' lang='lat'><strong>,</strong></span> <span class='ocrx_word' id='word_1_957' title='bbox 3274 4339 3480 4410; x_wconf 77' lang='lat' dir='ltr'><strong>gemina</strong></span> <span class='ocrx_word' id='word_1_958' title='bbox 3509 4337 3577 4410; x_wconf 82' lang='lat' dir='ltr'><strong>ile</strong></span> 
     </span>
    </p>
   </div>
   <div class='ocr_carea' id='block_1_133' title="bbox 2000 4407 3572 4479">
    <p class='ocr_par' dir='ltr' id='par_1_133' title="bbox 2000 4407 3572 4479">
     <span class='ocr_line' id='line_1_135' title="bbox 2000 4407 3572 4479; baseline -0.005 -15"><span class='ocrx_word' id='word_1_959' title='bbox 2000 4411 2058 4464; x_wconf 86' lang='lat' dir='ltr'><strong>S.</strong></span> <span class='ocrx_word' id='word_1_960' title='bbox 2093 4410 2298 4478; x_wconf 80' lang='lat' dir='ltr'><strong>Pelagia</strong></span> <span class='ocrx_word' id='word_1_961' title='bbox 2324 4451 2340 4475; x_wconf 87' lang='lat'><strong>,</strong></span> <span class='ocrx_word' id='word_1_962' title='bbox 2369 4411 2438 4464; x_wconf 88' lang='lat' dir='ltr'><strong>de</strong></span> <span class='ocrx_word' id='word_1_963' title='bbox 2477 4407 2769 4479; x_wconf 78' lang='lat' dir='ltr'><strong>Ignatio</strong></span> <span class='ocrx_word' id='word_1_964' title='bbox 2791 4451 2804 4470; x_wconf 95' lang='lat'><strong>,</strong></span> <span class='ocrx_word' id='word_1_965' title='bbox 2843 4409 2912 4479; x_wconf 86' lang='lat' dir='ltr'><strong>de</strong></span> <span class='ocrx_word' id='word_1_966' title='bbox 2951 4411 3007 4463; x_wconf 90' lang='lat' dir='ltr'><strong>S.</strong></span> <span class='ocrx_word' id='word_1_967' title='bbox 3055 4407 3370 4479; x_wconf 77' lang='lat' dir='ltr'><strong>Eustatliio,</strong></span> <span class='ocrx_word' id='word_1_968' title='bbox 3411 4407 3494 4479; x_wconf 82' lang='lat' dir='ltr'><strong>de_</strong></span> <span class='ocrx_word' id='word_1_969' title='bbox 3515 4409 3572 4456; x_wconf 68' lang='grc' dir='ltr'><strong>ὃ.</strong></span> 
     </span>
    </p>
   </div>
   <div class='ocr_carea' id='block_1_134' title="bbox 2002 4474 3578 4549">
    <p class='ocr_par' dir='ltr' id='par_1_134' title="bbox 2002 4474 3578 4549">
     <span class='ocr_line' id='line_1_136' title="bbox 2002 4474 3578 4549; baseline -0.004 -16"><span class='ocrx_word' id='word_1_970' title='bbox 2002 4474 2244 4536; x_wconf 77' lang='lat' dir='ltr'><strong>Romano</strong></span> <span class='ocrx_word' id='word_1_971' title='bbox 2266 4474 2495 4549; x_wconf 78' lang='lat' dir='ltr'><strong>gemina.</strong></span> <span class='ocrx_word' id='word_1_972' title='bbox 2523 4474 2616 4532; x_wconf 51' lang='lat' dir='ltr'><strong>Ib.‘</strong></span> <span class='ocrx_word' id='word_1_973' title='bbox 2637 4479 2862 4532; x_wconf 89' lang='lat' dir='ltr'><strong>IIoniilia</strong></span> <span class='ocrx_word' id='word_1_974' title='bbox 2890 4478 2950 4549; x_wconf 86' lang='lat' dir='ltr'><strong>in</strong></span> <span class='ocrx_word' id='word_1_975' title='bbox 2956 4478 3124 4549; x_wconf 80' lang='lat' dir='ltr'><strong>_vcr_ba</strong></span> <span class='ocrx_word' id='word_1_976' title='bbox 3149 4478 3396 4549; x_wconf 69' lang='lat' dir='ltr'><strong>Jereniia:</strong></span> <span class='ocrx_word' id='word_1_977' title='bbox 3420 4516 3436 4539; x_wconf 95' lang='lat'><strong>,</strong></span> <span class='ocrx_word' id='word_1_978' title='bbox 3467 4474 3578 4549; x_wconf 71' lang='lat' dir='ltr'><strong>IIo-</strong></span> 
     </span>
    </p>
   </div>
   <div class='ocr_carea' id='block_1_135' title="bbox 2004 4544 3576 4614">
    <p class='ocr_par' dir='ltr' id='par_1_135' title="bbox 2004 4544 3576 4614">
     <span class='ocr_line' id='line_1_137' title="bbox 2004 4544 3576 4614; baseline -0.006 -12"><span class='ocrx_word' id='word_1_979' title='bbox 2004 4551 2135 4602; x_wconf 85' lang='lat' dir='ltr'><strong>mine</strong></span> <span class='ocrx_word' id='word_1_980' title='bbox 2156 4592 2169 4613; x_wconf 89' lang='lat'><strong>,</strong></span> <span class='ocrx_word' id='word_1_981' title='bbox 2201 4544 2298 4602; x_wconf 72' lang='lat' dir='ltr'><strong>non</strong></span> <span class='ocrx_word' id='word_1_982' title='bbox 2328 4559 2397 4603; x_wconf 80' lang='lat' dir='ltr'><strong>est</strong></span> <span class='ocrx_word' id='word_1_983' title='bbox 2426 4550 2477 4602; x_wconf 85' lang='lat' dir='ltr'><strong>in</strong></span> <span class='ocrx_word' id='word_1_984' title='bbox 2514 4551 2714 4603; x_wconf 82' lang='lat' dir='ltr'><strong>homine</strong></span> <span class='ocrx_word' id='word_1_985' title='bbox 2737 4591 2751 4614; x_wconf 93' lang='lat'><strong>,</strong></span> <span class='ocrx_word' id='word_1_986' title='bbox 2793 4557 2898 4602; x_wconf 90' lang='lat' dir='ltr'><strong>etc.</strong></span> <span class='ocrx_word' id='word_1_987' title='bbox 2939 4547 3002 4600; x_wconf 86' lang='lat' dir='ltr'><strong>&#39;I‘.</strong></span> <span class='ocrx_word' id='word_1_988' title='bbox 3046 4547 3132 4599; x_wconf 90' lang='lat' dir='ltr'><strong>Vl.</strong></span> <span class='ocrx_word' id='word_1_989' title='bbox 3177 4545 3427 4614; x_wconf 49' lang='lat' dir='ltr'><strong>Homilia;</strong></span> <span class='ocrx_word' id='word_1_990' title='bbox 3457 4544 3576 4614; x_wconf 72' lang='lat' dir='ltr'><strong>dum</strong></span> 
     </span>
    </p>
   </div>
   <div class='ocr_carea' id='block_1_136' title="bbox 2003 4613 3578 4688">
    <p class='ocr_par' dir='ltr' id='par_1_136' title="bbox 2003 4613 3578 4688">
     <span class='ocr_line' id='line_1_138' title="bbox 2003 4613 3578 4688; baseline -0.005 -14"><span class='ocrx_word' id='word_1_991' title='bbox 2003 4619 2070 4674; x_wconf 90' lang='lat' dir='ltr'><strong>de</strong></span> <span class='ocrx_word' id='word_1_992' title='bbox 2085 4619 2390 4674; x_wconf 69' lang='lat' dir='ltr'><strong>Maccabmis</strong></span> <span class='ocrx_word' id='word_1_993' title='bbox 2427 4630 2622 4688; x_wconf 70' lang='lat' dir='ltr'><strong>printer</strong></span> <span class='ocrx_word' id='word_1_994' title='bbox 2654 4613 2809 4670; x_wconf 83' lang='lat' dir='ltr'><strong>aliam</strong></span> <span class='ocrx_word' id='word_1_995' title='bbox 2830 4615 3063 4670; x_wconf 90' lang='lat' dir='ltr'><strong>dubiam.</strong></span> <span class='ocrx_word' id='word_1_996' title='bbox 3087 4615 3148 4668; x_wconf 91' lang='lat' dir='ltr'><strong>T.</strong></span> <span class='ocrx_word' id='word_1_997' title='bbox 3173 4614 3235 4670; x_wconf 92' lang='lat' dir='ltr'><strong>II.</strong></span> <span class='ocrx_word' id='word_1_998' title='bbox 3261 4613 3484 4688; x_wconf 78' lang='lat' dir='ltr'><strong>lloniilia</strong></span> <span class='ocrx_word' id='word_1_999' title='bbox 3511 4613 3578 4666; x_wconf 86' lang='lat' dir='ltr'><strong>ile</strong></span> 
     </span>
    </p>
   </div>
   <div class='ocr_carea' id='block_1_137' title="bbox 2003 4684 3576 4759">
    <p class='ocr_par' dir='ltr' id='par_1_137' title="bbox 2003 4684 3576 4759">
     <span class='ocr_line' id='line_1_139' title="bbox 2003 4684 3576 4759; baseline -0.008 -15"><span class='ocrx_word' id='word_1_1000' title='bbox 2003 4691 2202 4744; x_wconf 87' lang='lat' dir='ltr'><strong>sanctis</strong></span> <span class='ocrx_word' id='word_1_1001' title='bbox 2223 4684 2555 4759; x_wconf 51' lang='lat' dir='ltr'><strong>Martyri&#39;bus.</strong></span> <span class='ocrx_word' id='word_1_1002' title='bbox 2583 4687 2662 4740; x_wconf 92' lang='lat' dir='ltr'><strong>Ib.</strong></span> <span class='ocrx_word' id='word_1_1003' title='bbox 2689 4688 2833 4759; x_wconf 85' lang='lat' dir='ltr'><strong>lIanc</strong></span> <span class='ocrx_word' id='word_1_1004' title='bbox 2857 4694 3036 4759; x_wconf 84' lang='lat' dir='ltr'><strong>secuta</strong></span> <span class='ocrx_word' id='word_1_1005' title='bbox 3057 4695 3142 4759; x_wconf 77' lang='lat' dir='ltr'><strong>est</strong></span> <span class='ocrx_word' id='word_1_1006' title='bbox 3161 4726 3178 4750; x_wconf 86' lang='lat'><strong>,</strong></span> <span class='ocrx_word' id='word_1_1007' title='bbox 3206 4699 3324 4759; x_wconf 73' lang='lat' dir='ltr'><strong>qua:</strong></span> <span class='ocrx_word' id='word_1_1008' title='bbox 3349 4684 3532 4759; x_wconf 60' lang='lat' dir='ltr'><strong>proluit</strong></span> <span class='ocrx_word' id='word_1_1009' title='bbox 3561 4724 3576 4744; x_wconf 84' lang='lat'><strong>,</strong></span> 
     </span>
    </p>
   </div>
   <div class='ocr_carea' id='block_1_138' title="bbox 2007 4752 3578 4844">
    <p class='ocr_par' dir='ltr' id='par_1_138' title="bbox 2007 4752 3578 4844">
     <span class='ocr_line' id='line_1_140' title="bbox 2007 4752 3578 4844; baseline -0.006 -30"><span class='ocrx_word' id='word_1_1010' title='bbox 2007 4775 2125 4844; x_wconf 45' lang='lat' dir='ltr'><strong>non.</strong></span> <span class='ocrx_word' id='word_1_1011' title='bbox 2137 4775 2256 4814; x_wconf 84' lang='lat' dir='ltr'><strong>esse</strong></span> <span class='ocrx_word' id='word_1_1012' title='bbox 2281 4752 2593 4844; x_wconf 54' lang='lat' dir='ltr'><strong>ad&#39;gratiain</strong></span> <span class='ocrx_word' id='word_1_1013' title='bbox 2615 4756 3058 4844; x_wconf 74' lang='lat' dir='ltr'><strong>coni-ionandiim.</strong></span> <span class='ocrx_word' id='word_1_1014' title='bbox 3093 4755 3334 4844; x_wconf 41' lang='lat' dir='ltr'><strong>Ilb.bAli&#39;:‘e</strong></span> <span class='ocrx_word' id='word_1_1015' title='bbox 3354 4753 3421 4844; x_wconf 67' lang='lat' dir='ltr'><strong>de</strong></span> <span class='ocrx_word' id='word_1_1016' title='bbox 3442 4752 3578 4806; x_wconf 82' lang='lat' dir='ltr'><strong>Mar-</strong></span> 
     </span>
    </p>
   </div>
   <div class='ocr_carea' id='block_1_139' title="bbox 2007 4823 3577 4899">
    <p class='ocr_par' dir='ltr' id='par_1_139' title="bbox 2007 4823 3577 4899">
     <span class='ocr_line' id='line_1_141' title="bbox 2007 4823 3577 4899; baseline -0.006 -17"><span class='ocrx_word' id='word_1_1017' title='bbox 2007 4831 2209 4899; x_wconf 76' lang='lat' dir='ltr'><strong>tyribus</strong></span> <span class='ocrx_word' id='word_1_1018' title='bbox 2234 4872 2248 4895; x_wconf 88' lang='lat'><strong>,</strong></span> <span class='ocrx_word' id='word_1_1019' title='bbox 2280 4829 2345 4882; x_wconf 82' lang='lat' dir='ltr'><strong>ile</strong></span> <span class='ocrx_word' id='word_1_1020' title='bbox 2370 4823 2426 4883; x_wconf 81' lang='lat' dir='ltr'><strong>S.</strong></span> <span class='ocrx_word' id='word_1_1021' title='bbox 2454 4828 2662 4882; x_wconf 91' lang='lat' dir='ltr'><strong>Juliano</strong></span> <span class='ocrx_word' id='word_1_1022' title='bbox 2683 4827 3033 4899; x_wconf 80' lang='lat' dir='ltr'><strong>Anazarbch</strong></span> <span class='ocrx_word' id='word_1_1023' title='bbox 3044 4867 3064 4899; x_wconf 88' lang='lat'><strong>_,</strong></span> <span class='ocrx_word' id='word_1_1024' title='bbox 3095 4827 3161 4899; x_wconf 85' lang='lat' dir='ltr'><strong>de</strong></span> <span class='ocrx_word' id='word_1_1025' title='bbox 3185 4823 3242 4880; x_wconf 90' lang='lat' dir='ltr'><strong>S.</strong></span> <span class='ocrx_word' id='word_1_1026' title='bbox 3273 4823 3577 4899; x_wconf 76' lang='lat' dir='ltr'><strong>Barlaaiiio.</strong></span> 
     </span>
    </p>
   </div>
   <div class='ocr_carea' id='block_1_140' title="bbox 2005 4894 3577 4966">
    <p class='ocr_par' dir='ltr' id='par_1_140' title="bbox 2005 4894 3577 4966">
     <span class='ocr_line' id='line_1_142' title="bbox 2005 4894 3577 4966; baseline -0.005 -13"><span class='ocrx_word' id='word_1_1027' title='bbox 2005 4894 2089 4953; x_wconf 54' lang='lat' dir='ltr'><strong>I&#39;b.</strong></span> <span class='ocrx_word' id='word_1_1028' title='bbox 2123 4894 2344 4952; x_wconf 89' lang='lat' dir='ltr'><strong>Homilia</strong></span> <span class='ocrx_word' id='word_1_1029' title='bbox 2379 4901 2429 4952; x_wconf 94' lang='lat' dir='ltr'><strong>in</strong></span> <span class='ocrx_word' id='word_1_1030' title='bbox 2460 4899 2636 4952; x_wconf 81' lang='lat' dir='ltr'><strong>locum</strong></span> <span class='ocrx_word' id='word_1_1031' title='bbox 2679 4897 2914 4966; x_wconf 81' lang='lat' dir='ltr'><strong>Apostoli</strong></span> <span class='ocrx_word' id='word_1_1032' title='bbox 2941 4939 2956 4962; x_wconf 90' lang='lat'><strong>,</strong></span> <span class='ocrx_word' id='word_1_1033' title='bbox 3005 4895 3143 4951; x_wconf 76' lang='lat' dir='ltr'><strong>Nolo</strong></span> <span class='ocrx_word' id='word_1_1034' title='bbox 3183 4894 3540 4966; x_wconf 55' lang='lat' dir='ltr'><strong>bosjgnorure</strong></span> <span class='ocrx_word' id='word_1_1035' title='bbox 3564 4935 3577 4955; x_wconf 92' lang='lat'><strong>,</strong></span> 
     </span>
    </p>
   </div>
   <div class='ocr_carea' id='block_1_141' title="bbox 2006 4964 3582 5040">
    <p class='ocr_par' dir='ltr' id='par_1_141' title="bbox 2006 4964 3582 5040">
     <span class='ocr_line' id='line_1_143' title="bbox 2006 4964 3582 5040; baseline -0.004 -18"><span class='ocrx_word' id='word_1_1036' title='bbox 2006 4975 2208 5040; x_wconf 73' lang='lat' dir='ltr'><strong>fratres.</strong></span> <span class='ocrx_word' id='word_1_1037' title='bbox 2235 4969 2298 5023; x_wconf 84' lang='grc' dir='ltr'>Τ.</span> <span class='ocrx_word' id='word_1_1038' title='bbox 2329 4970 2412 5023; x_wconf 92' lang='grc' dir='ltr'><strong>ΙΙΙ.</strong></span> <span class='ocrx_word' id='word_1_1039' title='bbox 2441 4969 2666 5040; x_wconf 78' lang='lat' dir='ltr'><strong>Humilia</strong></span> <span class='ocrx_word' id='word_1_1040' title='bbox 2697 4964 2765 5023; x_wconf 74' lang='lat' dir='ltr'><strong>(Ic</strong></span> <span class='ocrx_word' id='word_1_1041' title='bbox 2793 4969 2850 5022; x_wconf 82' lang='lat' dir='ltr'><strong>S.</strong></span> <span class='ocrx_word' id='word_1_1042' title='bbox 2874 4966 3108 5040; x_wconf 24' lang='lat' dir='ltr'><strong>‘Droside</strong></span> <span class='ocrx_word' id='word_1_1043' title='bbox 3130 5008 3146 5030; x_wconf 85' lang='lat'><strong>,</strong></span> <span class='ocrx_word' id='word_1_1044' title='bbox 3171 4964 3239 5019; x_wconf 90' lang='lat' dir='ltr'><strong>de</strong></span> <span class='ocrx_word' id='word_1_1045' title='bbox 3252 4964 3582 5040; x_wconf 69' lang='lat' dir='ltr'><strong>_b_Iai_‘Iyt&#39;il_t_i_i8</strong></span> 
     </span>
    </p>
   </div>
   <div class='ocr_carea' id='block_1_142' title="bbox 2005 5033 3576 5109">
    <p class='ocr_par' dir='ltr' id='par_1_142' title="bbox 2005 5033 3576 5109">
     <span class='ocr_line' id='line_1_144' title="bbox 2005 5033 3576 5109; baseline -0.007 -15"><span class='ocrx_word' id='word_1_1046' title='bbox 2005 5033 2288 5109; x_wconf 59' lang='lat' dir='ltr'><strong>Egyptiis.</strong></span> <span class='ocrx_word' id='word_1_1047' title='bbox 2319 5040 2382 5096; x_wconf 86' lang='grc' dir='ltr'><strong>Τ.</strong></span> <span class='ocrx_word' id='word_1_1048' title='bbox 2414 5039 2474 5093; x_wconf 95' lang='lat' dir='ltr'><strong>ll.</strong></span> <span class='ocrx_word' id='word_1_1049' title='bbox 2517 5049 2572 5094; x_wconf 90' lang='lat' dir='ltr'><strong>et</strong></span> <span class='ocrx_word' id='word_1_1050' title='bbox 2612 5041 2714 5092; x_wconf 89' lang='lat' dir='ltr'><strong>alia</strong></span> <span class='ocrx_word' id='word_1_1051' title='bbox 2758 5040 2826 5092; x_wconf 89' lang='lat' dir='ltr'><strong>de</strong></span> <span class='ocrx_word' id='word_1_1052' title='bbox 2871 5037 3208 5109; x_wconf 85' lang='lat' dir='ltr'><strong>Martyribus.</strong></span> <span class='ocrx_word' id='word_1_1053' title='bbox 3241 5033 3323 5109; x_wconf 80' lang='lat' dir='ltr'><strong>Ib.</strong></span> <span class='ocrx_word' id='word_1_1054' title='bbox 3352 5033 3576 5109; x_wconf 78' lang='lat' dir='ltr'><strong>Iltmiilia</strong></span> 
     </span>
    </p>
   </div>
   <div class='ocr_carea' id='block_1_143' title="bbox 2008 5105 3580 5178">
    <p class='ocr_par' dir='ltr' id='par_1_143' title="bbox 2008 5105 3580 5178">
     <span class='ocr_line' id='line_1_145' title="bbox 2008 5105 3580 5178; baseline -0.006 -14"><span class='ocrx_word' id='word_1_1055' title='bbox 2008 5105 2131 5178; x_wconf 77' lang='lat' dir='ltr'><strong>post</strong></span> <span class='ocrx_word' id='word_1_1056' title='bbox 2148 5105 2340 5166; x_wconf 71' lang='lat' dir='ltr'><strong>Terra:</strong></span> <span class='ocrx_word' id='word_1_1057' title='bbox 2378 5121 2595 5164; x_wconf 91' lang='lat' dir='ltr'><strong>motuin.</strong></span> <span class='ocrx_word' id='word_1_1058' title='bbox 2633 5109 2714 5162; x_wconf 92' lang='lat' dir='ltr'><strong>Ib.</strong></span> <span class='ocrx_word' id='word_1_1059' title='bbox 2739 5109 2837 5162; x_wconf 81' lang='lat' dir='ltr'><strong>loci</strong></span> <span class='ocrx_word' id='word_1_1060' title='bbox 2873 5105 3041 5178; x_wconf 73' lang='lat' dir='ltr'><strong>magis</strong></span> <span class='ocrx_word' id='word_1_1061' title='bbox 3079 5105 3301 5178; x_wconf 64' lang='lat' dir='ltr'><strong>incerti,</strong></span> <span class='ocrx_word' id='word_1_1062' title='bbox 3329 5120 3394 5178; x_wconf 57' lang='lat' dir='ltr'><strong>ac</strong></span> <span class='ocrx_word' id='word_1_1063' title='bbox 3421 5105 3580 5157; x_wconf 67' lang='lat' dir='ltr'><strong>varia:</strong></span> 
     </span>
    </p>
   </div>
   <div class='ocr_carea' id='block_1_144' title="bbox 2006 5175 3580 5246">
    <p class='ocr_par' dir='ltr' id='par_1_144' title="bbox 2006 5175 3580 5246">
     <span class='ocr_line' id='line_1_146' title="bbox 2006 5175 3580 5246; baseline -0.004 -14"><span class='ocrx_word' id='word_1_1064' title='bbox 2006 5175 2288 5234; x_wconf 79' lang='lat' dir='ltr'><strong>admodum</strong></span> <span class='ocrx_word' id='word_1_1065' title='bbox 2316 5180 2491 5235; x_wconf 73' lang='lat' dir='ltr'><strong>iliibiie</strong></span> <span class='ocrx_word' id='word_1_1066' title='bbox 2515 5197 2530 5246; x_wconf 87' lang='lat'><strong>;</strong></span> <span class='ocrx_word' id='word_1_1067' title='bbox 2556 5181 2738 5234; x_wconf 88' lang='lat' dir='ltr'><strong>Oratio</strong></span> <span class='ocrx_word' id='word_1_1068' title='bbox 2767 5180 2819 5233; x_wconf 91' lang='lat' dir='ltr'><strong>in</strong></span> <span class='ocrx_word' id='word_1_1069' title='bbox 2849 5175 3055 5234; x_wconf 75' lang='lat' dir='ltr'><strong>Iaudem</strong></span> <span class='ocrx_word' id='word_1_1070' title='bbox 3091 5175 3305 5232; x_wconf 89' lang='lat' dir='ltr'><strong>Diodori</strong></span> <span class='ocrx_word' id='word_1_1071' title='bbox 3352 5175 3580 5230; x_wconf 82' lang='lat' dir='ltr'><strong>Tarsen-</strong></span> 
     </span>
    </p>
   </div>
   <div class='ocr_carea' id='block_1_145' title="bbox 2008 5251 2476 5306">
    <p class='ocr_par' dir='ltr' id='par_1_145' title="bbox 2008 5251 2476 5306">
     <span class='ocr_line' id='line_1_147' title="bbox 2008 5251 2476 5306; baseline -0.002 -2"><span class='ocrx_word' id='word_1_1072' title='bbox 2008 5251 2083 5305; x_wconf 83' lang='lat' dir='ltr'><strong>sis</strong></span> <span class='ocrx_word' id='word_1_1073' title='bbox 2111 5251 2269 5306; x_wconf 77' lang='lat' dir='ltr'><strong>dicta.</strong></span> <span class='ocrx_word' id='word_1_1074' title='bbox 2299 5251 2361 5304; x_wconf 87' lang='lat' dir='ltr'><strong>T.</strong></span> <span class='ocrx_word' id='word_1_1075' title='bbox 2390 5252 2476 5305; x_wconf 93' lang='grc' dir='ltr'><strong>ΙΙΙ.</strong></span> 
     </span>
    </p>
   </div>
   <div class='ocr_carea' id='block_1_146' title="bbox 2257 5315 3334 5390">
    <p class='ocr_par' dir='ltr' id='par_1_146' title="bbox 2257 5315 3334 5390">
     <span class='ocr_line' id='line_1_148' title="bbox 2257 5315 3334 5390; baseline -0.006 -15"><span class='ocrx_word' id='word_1_1076' title='bbox 2257 5321 2407 5375; x_wconf 79' lang='lat' dir='ltr'><strong>Gesta</strong></span> <span class='ocrx_word' id='word_1_1077' title='bbox 2443 5329 2488 5374; x_wconf 83' lang='lat' dir='ltr'><strong>cl</strong></span> <span class='ocrx_word' id='word_1_1078' title='bbox 2525 5319 2800 5390; x_wconf 80' lang='lat' dir='ltr'><strong>scriptain</strong></span> <span class='ocrx_word' id='word_1_1079' title='bbox 2838 5319 3131 5390; x_wconf 82' lang='lat' dir='ltr'><strong>episcopatu</strong></span> <span class='ocrx_word' id='word_1_1080' title='bbox 3154 5358 3168 5381; x_wconf 91' lang='lat'><strong>,</strong></span> <span class='ocrx_word' id='word_1_1081' title='bbox 3209 5315 3334 5390; x_wconf 81' lang='grc'>598.</span> 
     </span>
    </p>
   </div>
   <div class='ocr_carea' id='block_1_147' title="bbox 2079 5385 3579 5458">
    <p class='ocr_par' dir='ltr' id='par_1_147' title="bbox 2079 5385 3579 5458">
     <span class='ocr_line' id='line_1_149' title="bbox 2079 5385 3579 5458; baseline -0.003 -15"><span class='ocrx_word' id='word_1_1082' title='bbox 2079 5391 2282 5444; x_wconf 82' lang='lat' dir='ltr'><strong>Mortuo</strong></span> <span class='ocrx_word' id='word_1_1083' title='bbox 2325 5391 2567 5444; x_wconf 66' lang='lat' dir='ltr'><strong>Nectarii»</strong></span> <span class='ocrx_word' id='word_1_1084' title='bbox 2592 5385 2908 5458; x_wconf 46' lang='lat' dir='ltr'><strong>{episcopo</strong></span> <span class='ocrx_word' id='word_1_1085' title='bbox 2952 5385 3536 5458; x_wconf 74' lang='lat' dir='ltr'><strong>Constantinopolitano</strong></span> <span class='ocrx_word' id='word_1_1086' title='bbox 3563 5424 3579 5447; x_wconf 89' lang='lat'><strong>,</strong></span> 
     </span>
    </p>
   </div>
   <div class='ocr_carea' id='block_1_148' title="bbox 2009 5455 3585 5532">
    <p class='ocr_par' dir='ltr' id='par_1_148' title="bbox 2009 5455 3585 5532">
     <span class='ocr_line' id='line_1_150' title="bbox 2009 5455 3585 5532; baseline -0.005 -18"><span class='ocrx_word' id='word_1_1087' title='bbox 2009 5460 2422 5532; x_wconf 69' lang='lat' dir='ltr'><strong>Clirysostomus</strong></span> <span class='ocrx_word' id='word_1_1088' title='bbox 2445 5503 2458 5522; x_wconf 93' lang='lat'><strong>,</strong></span> <span class='ocrx_word' id='word_1_1089' title='bbox 2498 5460 2635 5532; x_wconf 80' lang='lat' dir='ltr'><strong>clam</strong></span> <span class='ocrx_word' id='word_1_1090' title='bbox 2668 5455 2944 5532; x_wconf 73' lang='lat' dir='ltr'><strong>Antiochia</strong></span> <span class='ocrx_word' id='word_1_1091' title='bbox 2973 5457 3196 5511; x_wconf 89' lang='lat' dir='ltr'><strong>eductus</strong></span> <span class='ocrx_word' id='word_1_1092' title='bbox 3220 5497 3234 5518; x_wconf 93' lang='lat'><strong>,</strong></span> <span class='ocrx_word' id='word_1_1093' title='bbox 3275 5455 3585 5532; x_wconf 79' lang='lat' dir='ltr'><strong>perductus-</strong></span> 
     </span>
    </p>
   </div>
   <div class='ocr_carea' id='block_1_149' title="bbox 2049 5528 3582 5598">
    <p class='ocr_par' dir='ltr' id='par_1_149' title="bbox 2049 5528 3582 5598">
     <span class='ocr_line' id='line_1_151' title="bbox 2049 5528 3582 5598; baseline -0.004 -16"><span class='ocrx_word' id='word_1_1094' title='bbox 2049 5528 2650 5598; x_wconf 58' lang='lat' dir='ltr'><strong>ncConstantinopolim</strong></span> <span class='ocrx_word' id='word_1_1095' title='bbox 2673 5571 2688 5595; x_wconf 92' lang='lat'><strong>,</strong></span> <span class='ocrx_word' id='word_1_1096' title='bbox 2719 5528 2912 5582; x_wconf 87' lang='lat' dir='ltr'><strong>ibidem</strong></span> <span class='ocrx_word' id='word_1_1097' title='bbox 2942 5536 3282 5582; x_wconf 87' lang='lat' dir='ltr'><strong>consecratur</strong></span> <span class='ocrx_word' id='word_1_1098' title='bbox 3303 5528 3582 5594; x_wconf 82' lang='lat' dir='ltr'><strong>episcopus</strong></span> 
     </span>
    </p>
   </div>
   <div class='ocr_carea' id='block_1_150' title="bbox 2009 5546 3445 5670">
    <p class='ocr_par' dir='ltr' id='par_1_150' title="bbox 2009 5546 3445 5670">
     <span class='ocr_line' id='line_1_152' title="bbox 2049 5546 3445 5598; baseline -0.003 -16"><span class='ocrx_word' id='word_1_1099' title='bbox 2049 5546 2112 5584; x_wconf 89' lang='lat' dir='ltr'><strong>ne</strong></span> <span class='ocrx_word' id='word_1_1100' title='bbox 2137 5546 2650 5598; x_wconf 70' lang='lat' dir='ltr'><strong>Lonsmntmoponm</strong></span> <span class='ocrx_word' id='word_1_1101' title='bbox 2673 5571 2688 5595; x_wconf 93' lang='lat'><strong>,</strong></span> <span class='ocrx_word' id='word_1_1102' title='bbox 2719 5546 2912 5582; x_wconf 83' lang='lat' dir='ltr'><strong>minem</strong></span> <span class='ocrx_word' id='word_1_1103' title='bbox 2942 5546 3282 5582; x_wconf 81' lang='lat' dir='ltr'><strong>consecratur</strong></span> <span class='ocrx_word' id='word_1_1104' title='bbox 3303 5546 3445 5594; x_wconf 85' lang='lat' dir='ltr'><strong>episc</strong></span> 
     </span>
     <span class='ocr_line' id='line_1_153' title="bbox 2009 5546 3445 5670; baseline 0.001 -17"><span class='ocrx_word' id='word_1_1105' title='bbox 2009 5546 2182 5654; x_wconf 49' lang='lat' dir='ltr'><strong>‘IKXVI</strong></span> <span class='ocrx_word' id='word_1_1106' title='bbox 2216 5601 2483 5654; x_wconf 81' lang='lat' dir='ltr'><strong>Februarii</strong></span> <span class='ocrx_word' id='word_1_1107' title='bbox 2514 5601 2636 5653; x_wconf 86' lang='lat' dir='ltr'><strong>anni</strong></span> <span class='ocrx_word' id='word_1_1108' title='bbox 2665 5600 2791 5670; x_wconf 80' lang='grc'>598.</span> <span class='ocrx_word' id='word_1_1109' title='bbox 2944 5667 2973 5670; x_wconf 39' lang='grc' dir='ltr'>η</span> <span class='ocrx_word' id='word_1_1110' title='bbox 3269 5665 3280 5670; x_wconf 90' lang='lat'><strong><em>_</em></strong></span> <span class='ocrx_word' id='word_1_1111' title='bbox 3437 5663 3445 5670; x_wconf 31' lang='grc' dir='ltr'>δ</span> 
     </span>
    </p>
   </div>
   <div class='ocr_carea' id='block_1_151' title="bbox 2083 5665 3582 5739">
    <p class='ocr_par' dir='ltr' id='par_1_151' title="bbox 2083 5665 3582 5739">
     <span class='ocr_line' id='line_1_154' title="bbox 2083 5665 3582 5739; baseline -0.007 -17"><span class='ocrx_word' id='word_1_1112' title='bbox 2083 5671 2200 5724; x_wconf 75' lang='lat' dir='ltr'><strong>Mox</strong></span> <span class='ocrx_word' id='word_1_1113' title='bbox 2251 5673 2475 5725; x_wconf 79' lang='lat' dir='ltr'><strong>Sanctus</strong></span> <span class='ocrx_word' id='word_1_1114' title='bbox 2524 5667 2976 5739; x_wconf 77' lang='lat' dir='ltr'><strong>Constantinopoli</strong></span> <span class='ocrx_word' id='word_1_1115' title='bbox 3029 5675 3214 5739; x_wconf 80' lang='lat' dir='ltr'><strong>contra</strong></span> <span class='ocrx_word' id='word_1_1116' title='bbox 3269 5665 3582 5739; x_wconf 53' lang='lat' dir='ltr'><strong>lut&#39;reliciiS,</strong></span> 
     </span>
    </p>
   </div>
   <div class='ocr_carea' id='block_1_152' title="bbox 2012 5735 3582 5810">
    <p class='ocr_par' dir='ltr' id='par_1_152' title="bbox 2012 5735 3582 5810">
     <span class='ocr_line' id='line_1_155' title="bbox 2012 5735 3582 5810; baseline -0.006 -19"><span class='ocrx_word' id='word_1_1117' title='bbox 2012 5743 2306 5810; x_wconf 69' lang='lat' dir='ltr'><strong>praescrihit</strong></span> <span class='ocrx_word' id='word_1_1118' title='bbox 2345 5749 2543 5810; x_wconf 81' lang='lat' dir='ltr'><strong>eontra</strong></span> <span class='ocrx_word' id='word_1_1119' title='bbox 2563 5741 2852 5810; x_wconf 77' lang='lat' dir='ltr'><strong>Anomteos</strong></span> <span class='ocrx_word' id='word_1_1120' title='bbox 2872 5735 3254 5810; x_wconf 60' lang='lat' dir='ltr'><strong>&#39;concionatiir.</strong></span> <span class='ocrx_word' id='word_1_1121' title='bbox 3302 5735 3369 5783; x_wconf 75' lang='lat' dir='ltr'><strong>At</strong></span> <span class='ocrx_word' id='word_1_1122' title='bbox 3415 5743 3462 5798; x_wconf 79' lang='lat' dir='ltr'><strong>pi</strong></span> <span class='ocrx_word' id='word_1_1123' title='bbox 3480 5735 3582 5782; x_wconf 86' lang='lat' dir='ltr'><strong>ima</strong></span> 
     </span>
    </p>
   </div>
   <div class='ocr_carea' id='block_1_153' title="bbox 2014 5805 3585 5878">
    <p class='ocr_par' dir='ltr' id='par_1_153' title="bbox 2014 5805 3585 5878">
     <span class='ocr_line' id='line_1_156' title="bbox 2014 5805 3585 5878; baseline -0.008 -12"><span class='ocrx_word' id='word_1_1124' title='bbox 2014 5805 2240 5866; x_wconf 86' lang='lat' dir='ltr'><strong>IIoinilia</strong></span> <span class='ocrx_word' id='word_1_1125' title='bbox 2272 5810 2494 5878; x_wconf 84' lang='lat' dir='ltr'><strong>perdita.</strong></span> <span class='ocrx_word' id='word_1_1126' title='bbox 2526 5809 2769 5865; x_wconf 80' lang='lat' dir='ltr'><strong>Secunda</strong></span> <span class='ocrx_word' id='word_1_1127' title='bbox 2809 5823 2936 5865; x_wconf 74' lang='lat' dir='ltr'><strong>vero</strong></span> <span class='ocrx_word' id='word_1_1128' title='bbox 2977 5817 3032 5864; x_wconf 87' lang='lat' dir='ltr'><strong>et</strong></span> <span class='ocrx_word' id='word_1_1129' title='bbox 3071 5805 3222 5861; x_wconf 82' lang='lat' dir='ltr'><strong>tertia</strong></span> <span class='ocrx_word' id='word_1_1130' title='bbox 3271 5810 3393 5856; x_wconf 85' lang='lat' dir='ltr'><strong>sunt</strong></span> <span class='ocrx_word' id='word_1_1131' title='bbox 3419 5839 3434 5867; x_wconf 90' lang='lat'><strong>,</strong></span> <span class='ocrx_word' id='word_1_1132' title='bbox 3465 5812 3585 5856; x_wconf 73' lang='lat' dir='ltr'><strong>uuae</strong></span> 
     </span>
    </p>
   </div>
   <div class='ocr_carea' id='block_1_154' title="bbox 3369 2588 3565 2659">
    <p class='ocr_par' dir='ltr' id='par_1_154' title="bbox 3369 2588 3565 2659">
     <span class='ocr_line' id='line_1_157' title="bbox 3369 2588 3565 2659; baseline 0.005 -19"><span class='ocrx_word' id='word_1_1133' title='bbox 3369 2588 3565 2659; x_wconf 88' lang='lat' dir='ltr'><strong>positio</strong></span> 
     </span>
    </p>
   </div>
  </div>
