4088 6138
483 230 578 284 271

449 359 700 408 ncnsrm;
746 344 847 401 150
874 345 939 398 ad
980 341 1262 397 Maximum
1293 340 1638 408 episcopum;
1671 337 1765 393 151
1795 336 1860 390 ad
1888 336 2039 390 Asel-

454 416 560 467 lum
590 418 928 486 episcopum;
960 415 1092 486 152,
1127 414 1249 486 155,
1287 409 1595 486 immobili-1
1626 408 1691 462 ad
1717 409 1994 486 episcopos
2019 445 2034 470 ,

453 486 556 540 M8
582 478 647 539 ad
674 478 972 555 Cyriacom,
1011 478 1692 555 Demetrium,_Palladium,
1723 479 1994 555 Etilysitmi
2017 515 2032 538 ,

452 548 734 624 episcopos
759 553 1094 616 Orientales;
1128 553 1228 606 1118
1255 551 1319 604 ad
1354 550 1579 604 Probam
1605 559 1899 602 matronam
1933 548 2038 600 Ro-

452 640 695 675 manant:
727 623 830 675 169
869 624 933 675 ad
973 623 1257 675 Jnlianam.
1290 621 1477 675 Proba:
1521 636 1733 675 nurum.
1763 627 1816 673 et
1843 617 1944 673 170
1970 617 2037 671 ad

451 623 695 688 manam;
727 623 830 678 169
869 624 933 676 ad
973 623 1257 685 Julianam,
1290 623 1477 675 Proba:
1521 636 1733 683 nurum,
1763 627 1816 673 et
1843 623 1944 673 170
1970 632 1998 671 a

455 694 686 748 Italicam
715 697 874 749 etiam
901 694 1131 747 nobilem
1164 704 1482 745 matronam.
1991 710 1998 715 ·

903 785 1105 853 Aliquot
1132 783 1309 836 incerti
1329 783 1586 863 temporis.

522 895 778 966 Epistolm
798 896 1056 966 temporis
1081 894 1268 966 incerti
1291 901 1435 966 sunt,
1456 895 1525 949 68
1546 893 1613 948 ad
1641 894 1913 966 Arabium,
1937 893 2040 966 192

451 967 518 1021 ad
549 965 955 1028 Onesicratiam,
985 968 1054 1020 Mi
1092 966 1156 1018 ad
1207 965 1476 1030 Rufinum,
1501 966 1572 1019 65
1609 965 1674 1017 ad
1718 965 2038 1032 Tranquilli-

453 1053 580 1091 nnm
604 1077 621 1101 ,
672 1037 772 1091 l77
816 1037 882 1090 ad
926 1037 1340 1095 Artemidorum,
1375 1037 1432 1089 71
1469 1035 1535 1089 ad
1561 1035 1844 1096 Malchum,
1874 1033 1944 1089 92
1973 1033 2038 1088 ad

455 1107 691 1177 Moysem
722 1107 1116 1177 presbyterum,
1146 1107 1234 1160 101
1267 1104 1332 1158 ad
1358 1105 1614 1160 Severum
1645 1105 2036 1177 presbyterum,

452 1175 558 1232 139
585 1179 652 1231 ad
681 1175 1031 1245 Theodorum
1063 1177 1232 1245 Syria:
1257 1178 1590 1230 consularem
1616 1217 1632 1238 .
1663 1177 1756 1230 171
1790 1177 1856 1230 ad
1888 1175 2036 1229 Mon-

451 1251 612 1311 tium,
636 1248 741 1302 208
783 1247 847 1300 ad
886 1240 1137 1300 Aradium
1170 1247 1558 1316 presbyterum,
1588 1247 1694 1302 209
1722 1247 1789 1301 ad
1828 1246 2040 1300 Salvio-

455 1333 575 1370 nem
621 1329 712 1370 aut
755 1317 1088 1378 Calbionem,
1113 1318 1218 1371 214
1256 1317 1321 1369 ad
1363 1317 1732 1370 SebaStianum
1759 1317 2038 1387 presbyte-

451 1402 572 1442 rum
599 1428 613 1451 ,
639 1387 746 1441 215
775 1388 837 1440 ad
871 1389 1136 1455 l’elaginm
1171 1389 1534 1457 presbyterum
1554 1427 1570 1452 ,
1602 1389 1706 1442 210
1743 1387 1809 1442 ad
1842 1388 2037 1441 Musoi-

456 1473 604 1522 num,
643 1458 739 1512 117
765 1459 830 1511 ad
860 1457 1217 1511 'l‘heodoram.

480 1583 764 1593 "ant——

475 1582 3731 1619 Μ

482 1619 846 1630 ‘.--————-——--.—-7--77
871 1619 964 1631 7;~—-77
971 1619 1424 1631 7o_—_—-—-—7777
1393 1619 1398 1620 7
1414 1619 1616 1631 77-3.“
1495 1619 1536 1620 777
1549 1619 1598 1621 v7
1610 1619 1846 1632 7W7
1661 1619 1676 1620 7
1695 1619 1720 1620 77
1747 1619 2092 1631 7777—777-J7m7
2095 1619 2179 1630 ——-7
2184 1619 2961 1632 -—d————_—_——————J—_7
2497 1619 2502 1620 7
2641 1619 2648 1620 7
2689 1619 2693 1620 7
2787 1619 2800 1620 7
2895 1619 2898 1620 7
2957 1619 3308 1632 7——_——-—v7
3038 1619 3729 1635 ⁷⁷Ῡ⁷Ἣ

1902 221 2156 278 MONITU
2165 220 2233 275 Μ.

1431 1623 1906 1632 κωαῇ-
1913 1623 1944 1631 ν.
1956 1623 2186 1630 ...κ-..-

3625 217 3738 275 272

2233 330 2375 384 Mors
2397 330 2575 383 Sancti
2597 327 2809 398 aliaque
2835 339 2994 394 usque
3005 324 3073 378 ml
3103 344 3288 399 corpus
3315 330 3635 384 translatum.

2215 405 2369 456 Anno
2409 401 2511 454 107
2559 402 2782 454 Sanctus
2817 403 3025 469 cogitur
3068 401 3240 454 locum
3284 399 3453 454 exsilii
3499 413 3729 466 imitare,

2145 473 2462 539 duciturque
2499 471 2780 540 Pityunta;
2834 472 2926 524 sed
2971 471 3170 524 fractus
3210 472 3419 524 itineris
3461 471 3732 526 laboribus

2145 544 2197 596 in
2231 544 2346 611 ipso
2373 543 2560 595 itinere
2591 556 2752 610 prope
2789 540 3020 594 Comana
3050 543 3104 593 in
3136 541 3306 594 Ponto
3338 541 3452 595 XIV
3481 541 3730 611 Septena.

2147 613 2257 666 bris
2306 612 2563 679 moritur,
2597 613 2772 681 ibique
2816 613 2868 664 in
2915 611 3140 665 ecclesia
3170 611 3240 665 -S.
3270 611 3452 668 Basilii
3481 614 3731 683 martyrii

2144 684 2418 738 sepelitur.

2209 701 2595 807 Ἑῗέ-ᾋΓεῖηηιιηι
2627 753 2950 823 “nomen
2977 751 3366 823 Cbrysostomi,
3396 761 3622 822 urgente
3648 754 3732 808 ln-

2146 825 2392 878 nocentio
2419 838 2572 892 papa,
2613 822 2780 894 sacris
2817 822 3368 894 diptychisinseritur
3395 825 3624 893 primum
3656 825 3725 876 ab

2147 895 2448 948 Alexandro
2481 893 2812 947 Antiocheno
2835 933 2851 957 ,
2883 893 3078 947 deinde
3107 895 3266 948 etiam
3295 893 3364 946 ab
3384 895 3559 950 Attico
3584 895 3735 948 Con-

2145 965 2655 1033 stantinopolitano,
2705 972 2760 1018 et
2807 963 3004 1032 Cyrillo
3056 964 3456 1029 Alexandrino,
3505 963 3737 1033 aliisque

2145 1036 2395 1089 omnibus
2422 1035 2626 1103 imperii
2655 1033 2942 1088 Orientalis
2961 1035 3246 1104 cpisc0pis.

2219 1108 2356 1160 Ante
2379 1102 2575 1158 annum
2604 1104 2708 1158 458
2736 1102 3197 1159 festivitasSancti
3224 1119 3256 1158 a
3283 1102 3738 1174 Constantinopo-

2147 1176 2325 1230 litanis
2351 1175 2609 1230 celebrari
2639 1183 2835 1244 empta.

2217 1249 2371 1299 Anno
2397 1245 2501 1300 458
2527 1259 2736 1300 sacrum
2765 1259 2962 1314 corpus
2998 1245 3513 1316 Constantinopolim
3539 1258 3738 1314 magno

2147 1332 2268 1370 cum
2303 1319 2504 1370 honore
2532 1316 2865 1369 translatum.

2221 1386 2343 1440 ll:rc
2376 1386 2641 1440 sufficiant
2684 1400 2782 1455 pro
2829 1386 2975 1440 brevi
3018 1385 3354 1453 chronotaxi,
3396 1400 3518 1441 cum
3555 1385 3735 1441 omnia

2149 1457 2316 1512 fusius
2347 1458 2397 1510 in
2425 1457 2824 1512 Commentario
2849 1457 2958 1510 sint
2981 1459 3220 1526 probata.

1923 1702 2004 1762 IN
2047 1700 2254 1763 DUAS

607 1837 1090 1921 JOANNIS
1134 1838 1953 1922 CHRYSOSTOMI
2010 1840 2167 1920 AD
2216 1838 2998 1923 THEODORUM
3053 1839 3522 1925 LAPSUM

1488 1992 1970 2054 PAIUENESES
2012 1981 2159 2055 SEU
2199 1993 2635 2054 EPISTOLAS

523 2463 580 2519 In
608 2464 842 2520 editione
869 2461 1133 2518 Saviliana
1178 2460 1260 2515 lue
1297 2459 1416 2515 dum
1455 2460 1765 2515 Parmaeses
1806 2458 1954 2525 sive,
1981 2465 2042 2511 ut

451 2554 682 2610 Savilius
725 2563 914 2618 vocat,
957 2553 1237 2606 Orationes
1287 2551 1622 2618 transposita:
1665 2559 1827 2614 sunt;
1871 2549 1940 2602 ita
1986 2555 2046 2601 ut

452 2663 571 2715 quae
596 2647 739 2714 prior
773 2659 892 2699 esse
927 2644 1218 2709 debuerat,
1246 2642 1314 2696 sit
1353 2640 1637 2712 posterior.
1668 2639 1838 2710 lpsam
1884 2654 2044 2709 porro

453 2735 635 2790 Savilii
668 2744 848 2789 notam
871 2775 888 2800 ,
917 2734 1204 2788 observata
1244 2741 1391 2788 certe
1419 2733 1632 2802 dignam
1656 2773 1672 2796 ,
1707 2732 1809 2786 huc
1852 2732 2042 2802 partim

453 2824 647 2880 all'erre
675 2839 853 2894 opera:
880 2825 1106 2893 pretium
1136 2824 1307 2878 fuerit.
1343 2841 1362 2875 ι
1387 2821 1442 2877 ln
1475 2822 1572 2877 hac
1599 2821 1832 2877 editione
1859 2837 2044 2878 errore

453 2916 637 2970 nescio
666 2930 774 2986 quo
811 2915 1148 2986 trans-posita:
1169 2923 1294 2969 sunt
1325 2915 1442 2968 ista:
1469 2913 1586 2968 duae
1611 2912 1678 2970 ad
1699 2912 2043 2969 Theodorum

349 3035 352 3038 ~
454 3005 663 3076 lapsum
693 3007 997 3071 orationes,
1024 3014 1080 3061 et
1120 3022 1237 3076 qua:
1268 3005 1415 3075 prior
1453 3018 1576 3059 esse
1617 3003 1834 3073 debuit,
1862 3016 2043 3074 poste-

453 3099 596 3151 riore
621 3097 737 3151 loco
760 3096 1073 3162 collocatur,
1105 3105 1160 3150 et
1183 3111 1301 3166 qua;
1329 3096 1595 3166 posterior
1622 3136 1637 3159 ,
1666 3094 1848 3164 priore
1879 3113 1892 3148 :
1925 3109 2047 3150 cor-

454 3199 662 3242 rectore
712 3199 896 3243 nostro
953 3190 1361 3251 auctoritatem,
1385 3196 1440 3242 ut
1487 3195 1894 3257 puto,sequuto
1928 3186 2037 3240 edi-

455 3281 616 3334 tionis
684 3279 1004 3351 Moguntina:
1056 3280 1487 3351 Florilcgiorum,
1522 3280 1611 3334 ubi
1667 3280 1745 3334 sic
1790 3282 2043 3335 citantur.

457 3371 626 3426 Porro
653 3371 809 3439 hujus
837 3372 1095 3426 orationis
1118 3413 1133 3437 ,
1165 3388 1284 3442 qua:
1310 3373 1362 3426 in
1389 3380 1571 3426 nostra
1596 3370 1830 3425 editione
1857 3379 2046 3426 octava

457 3464 845 3523 est..mcminit
883 3463 1176 3533 magniﬁcis
1225 3478 1345 3517 cum
1386 3463 1666 3532 przcconiis
1716 3461 2051 3520 Sozomenus

456 3556 548 3610 lib.
577 3555 611 3610 8
633 3598 646 3619 ,
677 3570 794 3624 cap.
827 3556 862 3610 2
885 3597 900 3620 ,
929 3556 1080 3626 cujus
1105 3556 1265 3611 verba
1296 3570 1324 3607 a
1357 3570 1443 3609 me
1468 3569 1570 3624 qua
1613 3570 1644 3609 a
1672 3552 1842 3609 Codd.
1872 3553 2001 3609 Mss.
2027 3593 2044 3618 ,

459 3662 562 3716 qua
619 3663 650 3702 a
709 3647 1034 3716 conjecturis
1097 3646 1460 3701 emendatiora
1524 3645 1662 3700 facta
1731 3644 1903 3698 visum
1963 3651 2049 3701 est

456 3737 784 3792 adscribere.
834 3743 905 3791 Οὖ
941 3747 1075 3804 μόνος
1115 3742 1163 3790 δι
1191 3735 1684 3808 (Chrysostomus)
1709 3741 1839 3806 παρὰ
1858 3739 2046 3798 ταύταις

455 3835 472 3894 1
509 3829 748 3882 Cartcrio
795 3836 852 3882 0|.
905 3828 1185 3898 DlOdOI‘O)
1225 3835 1406 3899 ἔφοίτω
1438 3835 1589 3881 [πασί
1649 3831 1698 3880 δὲ
1759 3841 1842 3887 τῆς
1901 3830 2049 3881 αὖτοῦ

456 3922 472 3983 (
499 3920 570 3972 al.
600 3918 786 3988 αὐτῆς)
817 3928 996 3986 γνώμης
1022 3923 1139 3972 εἶλαι
1161 3927 1371 3988 εταίρους
1400 3922 1545 3971 αὐτοῦ
1578 3925 1838 3984 γενομένους
1871 3922 1921 3970 εκ
1963 3932 2046 3979 τῆς

458 4005 682 4065 Λιϐανίου
721 4015 964 4082 διατριϐῆς
991 4052 1006 4077 ,
1029 4013 1260 4081 Θεόδωρόν
1298 4032 1406 4063 τινα
1437 4018 1519 4062 και
1559 4014 1805 4076 Μάξιμον
1829 4004 1898 4060 ὧν
1921 4012 1947 4060 ὁ
1965 4015 2050 4074 μὲν

461 4096 763 4170 (Maximus)
781 4105 963 4171 ὕστερον
977 4106 1222 4160 ἐπίσκοπος
1236 4105 1414 4166 {vinco
1432 4107 1695 4160 Σελευκιιας
1713 4114 1796 4161 τῆς
1821 4090 2043 4169 inrupi-iv,

458 4197 628 4260 Μόψου
657 4197 704 4245 δι
729 4196 888 4254 ἱστίοις
915 4208 1000 4254 τῆς
1036 4200 1258 4254 Κιλικίας
1286 4189 1589 4264 Θεόδωρος,[
1615 4198 1727 4263 πρὸς
1760 4197 1811 4244 ὃν
1849 4200 2049 4246 πεσόντα

453 4287 618 4356 γράφει
639 4288 663 4336 ὁ
684 4293 797 4345 θεῖος
812 4291 1143 4357 Χρυσὸστομος
1167 4289 1416 4346 δπιστολὴν
1435 4289 1650 4356 δευτὲραν
1666 4281 1710 4356 ],
1729 4292 1837 4339 etc.
1873 4302 1893 4336 ι
1922 4283 2049 4340 Hzec

459 4383 728 4442 postrema
768 4377 928 4430 verba
971 4376 1178 4430 uncinis
1211 4376 1410 4431 inclusa
1454 4376 1506 4429 in
1554 4374 1789 4431 editione
1829 4375 2048 4432 Roberti

461 4466 715 4537 Stephani
753 4476 808 4522 et
847 4467 1318 4539 Christophorsoni
1363 4469 1628 4524 habentur
1656 4484 1670 4521 :
1703 4468 1896 4523 horum
1920 4483 2051 4524 vero

457 4573 646 4614 sensus
666 4569 775 4615 est:
797 4559 985 4615 Divum
1003 4559 1439 4633 Cbrysostomum
1461 4559 1749 4615 secundam
1769 4558 2049 4628 epistolam

457 4652 738 4722 scripsisse
758 4652 826 4707 ad
845 4652 1186 4708 Theodorum
1204 4654 1410 4722 lapsum
1438 4669 1451 4708 :
1469 4666 1588 4722 quae
1604 4649 1847 4706 clausula
1862 4649 1907 4704 si
1925 4665 2050 4704 vere

461 4743 744 4798 Sozomeni
771 4733 953 4811 esset,
975 4745 1197 4814 alicujus
1227 4745 1278 4800 in
1320 4760 1380 4799 re
1403 4759 1564 4814 quam
1603 4752 1898 4800 tractamus
1929 4757 2048 4798 mo-

463 4835 627 4887 menti
657 4833 821 4898 foret;
847 4849 1030 4888 verum
1056 4849 1173 4888 eam
1196 4849 1226 4887 a
1249 4835 1466 4890 librario
1495 4834 1746 4904 quopiam
1779 4833 2050 4889 inductam

458 4924 621 4977 fuisse
654 4931 800 4992 putat
825 4923 1084 4978 llenricus
1113 4923 1373 4988 Valesius,
1394 4924 1494 4979 hac
1520 4933 1794 4994 permotus
1819 4926 2048 4993 ratione,

460 5029 620 5082 quam
645 5023 702 5069 et
731 5028 829 5070 nos
857 5014 1144 5082 probamus
1173 5032 1188 5069 :
1219 5015 1468 5070 videlicet
1507 5015 1770 5071 Joannem
1807 5025 2050 5071 nostrum

461 5105 744 5160 Sozomeni
771 5118 888 5158 aevo
913 5104 1147 5160 nondum
1175 5103 1544 5175 Chrysostomi
1575 5119 1770 5160 nomen
1797 5105 2050 5174 adeptum

461 5197 812 5253 fuissezcum
854 5203 1032 5251 autem
1076 5197 1128 5251 in
1171 5196 1357 5252 codice
1394 5195 1694 5251 Fuketiano
1742 5195 1859 5251 haec
1906 5197 2051 5251 clau-

459 5290 572 5342 sula
607 5303 714 5345 non
753 5297 1021 5353 exstaret,
1052 5289 1198 5344 illam
1247 5289 1502 5360 expunxit
1528 5287 1791 5344 Valesius.
1822 5288 2052 5343 Savilius

459 5381 618 5436 etiam
647 5383 736 5452 qui
784 5382 929 5437 illam
957 5381 1166 5437 uncinis
1202 5381 1436 5447 inclusit,
1467 5391 1768 5451 suspectam
1801 5381 2050 5436 habuisse

463 5471 692 5529 videtur.
717 5473 1004 5528 Sozomeni
1042 5489 1173 5545 ergo
1214 5483 1544 5529 memoratus
1586 5473 1840 5528 Iocus'sic
1869 5473 2047 5536 habet;

462 5562 648 5618 Crreca
689 5564 965 5620 brevitatis
997 5580 1156 5620 causa
1207 5565 1584 5635 prmtcrimus:
1619 5582 1638 5616 ς
1674 5563 1856 5635 Neque
1905 5563 2050 5617 solus

460 5651 738 5722 (Joannes)
759 5662 858 5708 hos
878 5653 1162 5720 magistros
1222 5655 1400 5710 adibat
1438 5655 1756 5719 (Cat-[crium
1783 5661 1836 5712 el
1865 5653 2072 5710 Diodo-

2154 2459 2336 2530 rum),
2365 2460 2459 2515 sed
2487 2459 2647 2515 etiam
2689 2475 2814 2516 suos
2856 2475 2922 2516 ex
2965 2460 3170 2517 Libanii
3199 2461 3380 2518 schola
3422 2463 3636 2520 sodales
3673 2467 3743 2521 ad

2150 2550 2377 2620 idipsnm
2399 2551 2659 2621 agendum
2683 2552 2906 2617 induxit,
2929 2551 3269 2609 Theodorum
3292 2569 3480 2626 nempe
3500 2567 3556 2611 et
3574 2555 3742 2610 Maxi-

2149 2657 2293 2696 mum
2345 2659 2360 2697 :
2410 2658 2636 2712 quorum
2693 2643 2779 2698 hic
2831 2644 3045 2714 quidem
3107 2644 3362 2701 Seleuciae
3423 2647 3475 2702 in
3537 2647 3741 2703 Isauria

2148 2734 2432 2803 episcopus
2459 2733 2714 2804 deinceps
2754 2735 2890 2799 fuit,
2941 2734 3257 2790 Theodorus
3301 2735 3586 2807 episcopus
3624 2737 3743 2793 Io-

2148 2824 2402 2893 psuestizc
2427 2825 2480 2879 in
2509 2822 2715 2889 Cilicia,
2747 2825 2827 2879 vir
2854 2826 2906 2879 in
2930 2825 3096 2880 sacris
3129 2825 3420 2896 Scripturis
3445 2836 3501 2883 et
3526 2829 3578 2882 in
3607 2829 3741 2884 reli-

2151 2917 2268 2985 quis
2295 2915 2588 2988 disciplinis
2630 2917 2904 2972 rhetorum
2938 2926 2991 2972 et
3017 2916 3457 2988 philosophorum
3495 2919 3745 2988 apprime

2148 3005 2414 3061 eruditus.
2465 3008 2641 3077 Atque
2697 3007 2784 3063 hic
2837 3008 3054 3078 quidem
3103 3023 3227 3064 cum
3280 3009 3475 3064 divinis
3527 3009 3741 3080 legibus

2151 3097 2302 3152 initio
2326 3097 2478 3152 daret
2498 3113 2715 3168 operam
2741 3140 2755 3165 ,
2788 3107 2841 3153 et
2865 3112 2986 3153 cum
3012 3099 3210 3154 sanctis
3233 3098 3363 3154 viris
3392 3109 3701 3156 versaretur
3719 3143 3739 3168 ,

2152 3188 2254 3244 hoc
2292 3190 2502 3245 vivendi
2547 3191 2844 3245 institutum
2888 3189 3186 3260 probabat,
3212 3190 3532 3262 civilemque
3574 3191 3742 3246 vitam

2150 3279 2455 3336 damnabat.
2499 3281 2693 3336 Verum
2737 3281 2790 3335 in
2859 3280 3132 3351 proposito
3191 3295 3295 3336 non
3343 3281 3740 3351 perseveravit,

2152 3381 2459 3442 mutataque
2482 3373 2767 3438 sententia,
2795 3372 2860 3426 ad
2884 3371 3160 3441 pristinam
3181 3372 3342 3427 vitam
3363 3373 3614 3444 abreptus
3632 3383 3739 3428 est.

2150 3462 2390 3536 Cumque
2411 3507 2428 3532 ,
2461 3473 2518 3519 ut
2548 3466 2598 3519 in
2627 3479 2776 3520 more
2804 3473 2884 3519 est
2904 3507 2919 3531 ,
2953 3464 3280 3535 propositum
3307 3479 3462 3521 suum
3497 3479 3561 3520 ex
3588 3475 3741 3522 vetc-

2152 3570 2270 3608 rmn
2309 3557 2569 3625 exemplis
2607 3555 2959 3618 defenderet,
2987 3555 3289 3610 eruditione
3330 3571 3556 3626 namque
3599 3572 3740 3628 prae-

2153 3646 2295 3703 ditus
2339 3655 2473 3713 erat,
2510 3648 2561 3702 in
2607 3648 2790 3702 urbem
2833 3647 3025 3712 rediit,
3051 3647 3152 3702 hoc
3189 3648 3470 3702 consilium
3514 3649 3746 3718 pristino

2153 3749 2502 3808 anteponens.
2552 3736 2791 3808 Cumque
2832 3738 3179 3808 comperisset
3228 3737 3464 3793 Joannes
3515 3753 3639 3793 eum
3684 3741 3740 3794 in

2155 3830 2497 3886 sascularibus
2537 3830 2760 3900 negotiis
2797 3829 3035 3893 versari,
3076 3837 3133 3883 et
3181 3828 3250 3884 de
3296 3845 3463 3884 uxore
3501 3829 3743 3884 ducenda

2155 3924 2424 3994 cogitare,
2475 3924 2708 3978 divinam
2753 3933 2808 3978 et
2856 3931 2966 3977 tum
3019 3923 3234 3986 verbis,
3293 3931 3405 3976 tum
3459 3923 3743 3978 sententiis

2153 4014 2442 4070 humanam
2469 4015 2767 4068 facultatem
2798 4013 3144 4068 excedentem
3175 4011 3454 4080 epistolam
3478 4011 3545 4065 ad
3573 4012 3744 4081 ipsum

2155 4087 2319 4140 misit.
2369 4086 2482 4152 Qua
2526 4086 2758 4156 perlecta
2799 4085 2926 4151 ille,
2971 4083 3282 4153 poenitentia
3325 4082 3518 4137 ductus
3554 4097 3745 4137 rursus

2155 4177 2496 4234 facultatibus
2534 4187 2589 4232 et
2629 4178 2828 4246 nuptiis
2856 4175 3180 4231 renuntiavit
3210 4193 3223 4228 :
3254 4173 3583 4244 Joannisque
3608 4188 3740 4229 con-

2156 4271 2278 4326 silio
2329 4279 2609 4334 servatus,
2659 4268 2724 4324 ad
2777 4267 3199 4339 pliilOSOphicam
3253 4266 3416 4320 vitam
3467 4280 3745 4336 regressus

2155 4369 2259 4417 est.
2300 4380 2318 4413 ι
2355 4361 2574 4415 Videtur
2607 4375 2737 4414 sane
2777 4360 3106 4415 Sozomeuus
3143 4357 3213 4412 de
3247 4355 3478 4412 secunda
3517 4355 3746 4425 epistola

2155 4455 2269 4509 sive
2294 4452 2551 4523 paraenesi
2578 4451 2736 4506 verba
2765 4450 2941 4506 facere
2963 4491 2978 4516 ,
3011 4449 3098 4505 ubi
3124 4447 3538 4518 Chrysostomus
3564 4448 3741 4504 Theo-

2157 4544 2348 4600 dorum
2393 4558 2423 4597 a
2451 4543 2720 4598 connubio
2756 4551 2999 4596 avertere
3022 4549 3267 4596 conatur.
3297 4537 3372 4593 lta
3401 4549 3622 4594 censent
3645 4537 3746 4595 Sa-

2155 4637 2350 4700 vilius,
2391 4635 2634 4689 Valesius
2667 4643 2724 4688 et
2755 4633 3161 4696 Tillemontius;
3198 4632 3283 4685 cui
3329 4629 3605 4686 sententia:
3643 4645 3748 4699 ego

2159 4745 2266 4785 non
2295 4743 2532 4800 repugno
2553 4769 2566 4793 ,
2601 4727 2723 4781 licet
2763 4726 2878 4779 ha-c
2904 4725 3193 4780 oscitanter
3221 4739 3252 4776 a
3281 4722 3578 4776 Sozonieno
3615 4737 3745 4775 nar—

2158 4822 2266 4876 rari
2309 4828 2641 4890 conipertum
2692 4817 2934 4872 habeam.
2982 4815 3110 4870 iure
3155 4824 3332 4868 autem
3380 4812 3446 4866 ab
3497 4811 3748 4866 omnibus

2158 4913 2462 4982 exploditur
2494 4911 2751 4974 Valesius,
2773 4909 2862 4978 qui
2889 4923 3047 4963 unam
3074 4916 3269 4976 putans
3299 4906 3482 4960 haberi
3509 4904 3739 4976 Chryso-

2158 5007 2316 5059 stomi
2335 5004 2400 5058 ad
2416 5003 2756 5059 Theodorum
2779 5001 3096 5072 partenesin,
3119 5013 3311 5069 nempe
3326 4997 3639 5061 secundam,
3659 5012 3745 5050 au-

2158 5113 2250 5153 sus
2291 5105 2374 5151 est
2392 5095 2532 5150 circa
2555 5095 2746 5166 prioris
2779 5091 3110 5148 audientiam
3131 5087 3563 5146 dubitare.Certe
3579 5086 3748 5158 Chry-

2159 5197 2453 5244 sostomum
2489 5203 2560 5243 ne
2592 5187 2674 5242 vel
2706 5185 3030 5256 primoribus
3071 5183 3285 5254 quidem
3326 5178 3492 5235 labris
3515 5179 3750 5247 attigerit

2158 5290 2390 5351 oportet,
2413 5281 2501 5350 qui
2529 5280 2752 5349 primam
2777 5277 3078 5348 paramesin
3107 5289 3215 5329 non
3244 5271 3382 5328 inter
3408 5267 3747 5340 elegantissi-

2158 5389 2276 5429 mos
2300 5373 2414 5441 ejus
2438 5371 2573 5426 fetus
2596 5377 2892 5424 recenseat.

2234 5463 2402 5519 Unam
2445 5463 2604 5532 igitur
2631 5459 2910 5529 epistolam
2945 5456 3012 5510 ad
3045 5455 3386 5511 Theodorum
3417 5451 3748 5520 Ilopsueste-

2160 5573 2284 5612 num
2314 5556 2400 5611 hic
2421 5562 2682 5610 memorat
2711 5552 3042 5609 Sozomenua
3061 5592 3075 5614 ,
3097 5560 3152 5603 et
3175 5549 3410 5618 quidem,
3433 5556 3492 5600 ut
3516 5547 3750 5608 videtur,

2164 5648 2454 5707 secundam
2500 5664 2514 5702 :
2564 5660 2723 5701 unam
2765 5645 2892 5699 item
2945 5641 3010 5696 ad
3065 5641 3320 5700 eumdem
3347 5626 3586 5702 Hesychi
3615 5642 3666 5682 ιε
3702 5629 3761 5684 in
