4088 6138
236 281 338 344 εὶῑδ

237 404 451 479 Synodo
503 394 906 463 Constantinop.
958 384 1151 447 Collat.
1197 385 1260 442 V.
1324 399 1376 454 p.
1436 381 1539 436 470
1593 396 1605 432 :
1656 390 1814 430 unam

235 470 433 572 piritcr
461 491 776 546 Theodorus
801 487 1062 540 Cmsareae
1097 481 1223 535 ibid.
1261 493 1313 548 p.
1338 478 1466 548 490,
1505 473 1598 527 sed
1630 470 1822 524 multo-

237 606 351 644 rum
381 597 653 642 \ersuum,
683 585 996 646 πολὺστιχον,
1030 574 1080 628 id
1111 580 1224 638 est,
1252 569 1537 624 admodum
1567 566 1774 631 longam
1807 579 1818 613 :

237 681 374 751 quod
403 690 537 730 sane
563 672 806 727 videatur
849 668 914 722 ad
961 666 1184 735 primam
1216 661 1393 731 potius
1425 672 1582 728 quam
1621 654 1688 707 ad
1733 668 1821 706 se-

237 771 465 828 ctmdam
505 765 692 822 referri
727 781 740 816 :
783 776 905 815 nam
948 756 1183 813 secunda
1229 750 1540 822 longissima
1569 748 1670 802 dici
1720 761 1823 800 non

241 877 396 934 posse
424 860 663 922 videtur;
690 853 926 910 maxime
951 865 1078 904 vero
1112 849 1156 902 si
1181 853 1523 914 comparetur
1547 855 1668 894 eum
1709 838 1826 892 aliis

242 931 606 1026 Chrysostomi
659 945 931 1015 operibus.
975 940 1228 996 Leontius
1278 947 1454 990 tamen
1504 931 1828 1004 Byzantinus

242 1022 373 1101 duas
415 1043 484 1096 ad
532 1037 872 1094 Theodorum
928 1033 1356 1102 Mopsuestenum
1412 1025 1668 1096 epistolas
1715 1022 1828 1077 sive

245 1150 548 1211 parmneses
581 1136 997 1190 commemorat;
1029 1125 1333 1197 pariterque
1372 1119 1607 1175 Isidorus
1634 1116 1826 1185 Hispa-

245 1206 406 1287 lensis
447 1229 500 1283 in
542 1222 831 1281 Chronico.
874 1219 967 1274 His
997 1215 1330 1288 perspectis,
1360 1207 1732 1265 Tillemontius
1773 1206 1828 1260 in

244 1339 361 1379 eam
403 1319 627 1376 omnino
673 1311 970 1385 propendet
997 1306 1314 1363 sententiam
1347 1343 1361 1367 ,
1394 1311 1449 1356 ut
1478 1309 1628 1370 putet
1668 1311 1829 1352 unam

243 1423 450 1470 tantum
495 1409 564 1464 ad
597 1405 940 1462 Theodorum
965 1399 1396 1468 Mopsuestenum
1441 1389 1622 1447 haberi
1658 1403 1829 1456 para:-

243 1507 422 1570 nesin,
455 1514 645 1570 nempe
671 1494 959 1552 secundam
989 1509 1004 1546 :
1033 1491 1256 1560 primam
1284 1499 1412 1539 vero
1450 1481 1516 1536 ad
1556 1480 1716 1534 alium
1743 1491 1833 1531 co-

241 1598 552 1669 gnominem
588 1569 626 1644 Va
656 1589 1040 1658 Chrysostomo
1083 1578 1302 1633 missam
1346 1573 1653 1629 arbitretur.
1688 1569 1834 1621 Prae—

243 1660 329 1746 ter
356 1685 726 1742 auctoritatem
750 1691 881 1733 vero
907 1687 1067 1745 quam
1095 1669 1296 1742 profert
1324 1662 1604 1720 Sozomeni
1629 1699 1647 1726 ,
1676 1660 1835 1728 llesy-

243 1782 351 1835 chii
379 1790 434 1834 et
455 1771 724 1830 Theodori
751 1763 1120 1825 Cmsariensis,
1145 1759 1233 1831 qui
1264 1771 1421 1812 unam
1447 1794 1463 1821 ,
1489 1762 1545 1808 ut
1567 1751 1792 1805 vidimus
1814 1788 1829 1813 ,

243 1874 310 1928 ad
362 1867 708 1926 Theodorum
759 1861 1193 1930 Mopsuestenum
1241 1851 1664 1906 connnemorant
1717 1840 1832 1910 epi—

243 1967 442 2021 stolam
468 2003 483 2027 ,
535 1961 618 2015 his
657 1953 952 2012 rationibus
995 1959 1050 2005 et
1094 1942 1424 2017 argumentis
1455 1939 1642 1993 nititur
1677 1934 1838 1990 'l‘dle-

245 2055 520 2112 montius:
549 2069 568 2102 ι
591 2049 690 2118 Qui
715 2046 828 2102 ﬁeri
851 2043 1021 2115 possit
1041 2049 1098 2094 ut
1123 2040 1174 2093 in
1201 2043 1388 2091 neutra
1417 2030 1673 2102 paraenesi
1694 2027 1836 2081 nulla

244 2149 471 2204 alterius
497 2155 837 2217 parameseos
859 2135 1063 2192 mentio
1086 2137 1351 2194 occurrat,
1367 2126 1528 2180 etiam
1551 2123 1636 2178 ubi
1663 2120 1836 2190 Chry-

244 2251 520 2298 sostomus
563 2234 752 2290 iisdem
789 2226 1089 2286 rationibus
1134 2222 1297 2277 utitur
1333 2227 1388 2274 et
1414 2211 1710 2283 exemplis?
1734 2210 1840 2265 Cur

247 2338 301 2390 in
334 2333 522 2403 prima:
551 2327 778 2382 decursu
815 2331 1075 2389 nusquam
1103 2311 1456 2382 compellatur
1481 2303 1798 2362 Theodorus
1820 2341 1836 2368 ,

245 2391 404 2496 cujus
442 2434 635 2476 nomen
673 2417 728 2470 in
763 2413 918 2467 titulo
956 2409 1128 2464 solum
1168 2407 1484 2470 comparet;
1514 2397 1568 2451 in
1606 2391 1840 2448 secunda

246 2484 384 2575 vero
433 2530 537 2570 non
583 2511 945 2579 inl‘requenter
980 2498 1247 2558 Theodori
1289 2507 1484 2549 nomen
1531 2484 1841 2559 profertur?

246 2609 408 2679 Quod
454 2617 630 2660 autem
670 2576 884 2672 gravius
923 2588 1332 2650 existimandum
1375 2592 1458 2639 est
1485 2622 1499 2644 ,
1529 2576 1842 2635 Theodorus

247 2705 304 2758 in
355 2697 590 2754 secunda
635 2698 958 2748 memoratus
981 2727 996 2752 ,
1027 2681 1262 2739 nondum
1311 2675 1624 2746 vigesimum
1652 2712 1667 2735 ,
1706 2676 1844 2723 teste

249 2795 644 2864 Chrysostomo
674 2826 688 2849 ,
715 2783 960 2851 attigerat
987 2788 1183 2830 annum
1209 2789 1223 2837 ;
1251 2777 1438 2824 contra
1461 2780 1590 2820 vero
1609 2805 1625 2829 ,
1653 2761 1842 2817 eodem

251 2896 479 2940 auctore
516 2879 939 2949 Chrysostomo,
969 2869 1016 2924 is
1054 2865 1120 2920 ad
1163 2877 1320 2933 quem
1364 2859 1509 2930 prior
1555 2853 1845 2927 paraenesis

252 2982 520 3042 mittitur,
553 2948 722 3028 annos
760 2969 881 3023 vitae
915 2965 1148 3034 reliquos
1190 2973 1296 3012 non
1325 2956 1442 3025 plus
1469 2948 1846 3022 quinquaginta

253 3083 479 3141 sperare
507 3040 761 3136 poterat,
791 3059 950 3113 etiam
981 3055 1026 3108 si
1051 3053 1116 3107 ad
1146 3058 1440 3106 extremam
1469 3040 1848 3113 proveheretur

253 3130 626 3221 senectutem,
657 3151 798 3224 quod
826 3150 894 3204 de
922 3147 1039 3201 viro
1065 3152 1267 3199 tantum
1297 3139 1406 3193 lere
1429 3130 1848 3206 quadr'agcnario

252 3255 358 3308 diei
392 3248 582 3320 possit.
718 3243 836 3296 tunc
860 3251 990 3294 vero
1015 3237 1060 3290 is
1083 3275 1097 3300 ,
1125 3245 1282 3303 quem
1313 3230 1365 3283 in
1384 3228 1563 3298 priore
1585 3220 1846 3294 paramesi

253 3344 552 3414 allo;;uitur
585 3339 1002 3408 Chrysostomus
1025 3370 1040 3397 ,
1070 3329 1123 3383 in
1150 3333 1331 3396 aperta
1371 3321 1496 3374 vitia
1532 3326 1587 3372 et
1624 3314 1847 3370 erimina

253 3407 582 3509 proruperat
604 3473 620 3495 ,
647 3407 711 3486 ut
734 3443 800 3484 ex
841 3426 1002 3480 variis
1035 3418 1291 3477 orationis
1317 3414 1446 3470 locis
1468 3409 1754 3478 colligitur.
1781 3407 1850 3460 At

253 3502 370 3587 non
399 3502 640 3596 eousque
667 3519 918 3593 perniciei
944 3517 1231 3571 devenerat
1261 3505 1575 3565 Theodorus
1607 3502 1852 3571 Mopsue-

255 3633 470 3682 stenus,
490 3617 636 3687 quisi
657 3614 762 3685 jam
786 3610 1078 3679 baptizatus
1095 3606 1147 3659 in
1165 3618 1225 3658 ea
1246 3600 1467 3656 crimina
1487 3598 1667 3666 lapsus
1686 3600 1848 3657 esset,
1876 3664 1878 3666 ν

257 3725 600 3784 nequaquam
624 3705 883 3775 potuisset
898 3698 1188 3754 secundum
1214 3703 1448 3748 canones
1469 3691 1521 3743 in
1541 3687 1865 3759 episcopum

258 3817 452 3879 postea
476 3799 736 3870 cooptari.
767 3815 785 3848 ι

333 3897 466 3953 limo
512 3889 885 3948 Tillemontins
909 3927 923 3951 ,
951 3886 1040 3954 qui
1069 3895 1200 3936 sane
1238 3893 1344 3934 non
1393 3872 1766 3932 animadvertit
1796 3885 1855 3926 se

261 4006 388 4048 cum
433 3987 822 4056 Chrysostomo
860 3979 977 4049 ipso
1026 3988 1282 4046 pugnare.
1327 3969 1601 4039 Siquidem
1651 3966 1705 4019 in
1752 3964 1855 4018 line

263 4079 520 4139 secunda:
549 4073 787 4145 epistola:
811 4113 825 4138 ,
855 4083 1015 4141 quam
1043 4067 1110 4121 ad
1149 4062 1488 4120 Theodorum
1529 4059 1857 4129 MOpsueste-

265 4189 396 4230 num
428 4171 652 4225 missum
681 4162 1054 4220 Tillemontius
1083 4160 1196 4229 ipse
1227 4156 1441 4220 fatetur,
1461 4167 1519 4207 se
1541 4167 1646 4206 non
1673 4163 1854 4214 unam,

267 4267 365 4322 sed
398 4262 597 4318 multas
617 4257 778 4312 etiam
805 4253 1060 4325 epistolas
1084 4252 1150 4304 ad
1176 4246 1424 4303 eumdem
1453 4243 1661 4298 misisse
1680 4241 1738 4296 S.
1765 4240 1860 4294 do-

267 4367 388 4411 ctor
425 4351 744 4409 testiﬁcatur
786 4345 869 4400 his
906 4342 1086 4399 verbis
1115 4357 1128 4394 ε
1164 4339 1285 4395 Scio
1326 4353 1406 4391 me
1435 4337 1602 4406 justas
1638 4331 1862 4402 epistola:

270 4449 457 4503 limites
506 4443 776 4499 excessisse
805 4455 824 4493 :
851 4452 1021 4493 verum
1070 4435 1312 4504 ignosce;
1355 4445 1456 4484 non
1505 4426 1638 4482 enim
1690 4424 1862 4480 lubens

272 4541 368 4595 hoc
393 4539 496 4610 egi,
525 4535 612 4592 sed
641 4531 827 4588 amoris
852 4527 1135 4595 dolorisque
1153 4524 1201 4577 vi
1227 4520 1515 4591 compulsus
1538 4533 1557 4571 :
1575 4532 1673 4587 quo
1701 4521 1863 4568 motus

274 4607 464 4698 affectu
501 4627 625 4680 mihi
654 4624 754 4678 vim
783 4620 932 4676 intuli
958 4628 1012 4671 ut
1041 4616 1193 4670 etiam
1221 4615 1351 4667 hanc
1380 4610 1645 4664 scriberem
1674 4607 1863 4677 episto-

279 4724 378 4776 lam
400 4762 414 4789 ,
447 4717 725 4774 vetantibus
767 4713 882 4768 licet
921 4710 1091 4765 multis
1123 4723 1184 4760 ac
1221 4702 1498 4758 dicentibus
1525 4715 1544 4753 :
1569 4699 1749 4752 Finem
1784 4699 1866 4768 [ac

278 4787 408 4867 sane
437 4807 705 4865 laborandi
744 4821 803 4858 ac
830 4805 884 4856 in
915 4802 1067 4872 petris
1095 4795 1313 4852 serendi.
1351 4793 1458 4865 Ego
1487 4801 1653 4845 autem
1681 4787 1868 4842 nemini

278 4918 454 4957 aurem
497 4898 690 4971 prtcbui
714 4912 734 4951 :
761 4911 874 4964 spes
906 4893 1040 4947 enim
1067 4897 1139 4944 est
1161 4928 1178 4954 ,
1208 4885 1434 4941 dicebam
1463 4882 1602 4954 apud
1628 4895 1740 4947 me,
1776 4877 1869 4932 Dei

280 4991 474 5046 auxilio
517 4989 690 5042 literas
729 4985 921 5056 aliquia
971 4983 1262 5051 profuturas
1298 4991 1422 5032 esse.
1454 4975 1532 5030 Ex
1575 4973 1769 5044 quibus
1807 4971 1873 5026 li-

281 5094 408 5155 quct
452 5084 648 5138 multas
674 5095 703 5134 a
742 5077 1124 5150 Chrysostomo
1166 5071 1233 5126 ad
1274 5069 1616 5126 Theodorum
1661 5066 1871 5135 lapsum

282 5179 478 5232 missas
513 5173 767 5244 epistolas
795 5171 959 5225 fuisse
989 5186 1002 5222 :
1037 5167 1178 5238 quod
1218 5165 1480 5220 indicatur
1521 5163 1604 5216 his
1643 5160 1822 5215 verbis
1854 5176 1868 5211 :

282 5271 381 5324 vim
431 5269 553 5322 mihi
599 5265 748 5318 intuli
793 5272 845 5317 ut
885 5263 1034 5315 etiam
1079 5259 1210 5312 hanc
1262 5255 1524 5310 scriberem
1570 5253 1870 5322 epistolam:

283 5361 425 5432 quod
476 5359 754 5415 declarant
796 5356 956 5410 etiam
1006 5352 1119 5405 haec
1167 5347 1460 5403 amicorum
1505 5342 1873 5414 Chrysostomi

287 5457 421 5511 dicta
459 5474 473 5509 :
510 5453 689 5507 Finem
717 5454 798 5520 {ac
823 5464 947 5502 vane
976 5442 1240 5499 laborandi
1273 5449 1421 5509 atque
1445 5437 1497 5491 in
1525 5436 1677 5504 petris
1705 5451 1875 5489 seren-

288 5551 358 5604 di.
391 5548 599 5617 Quibus
624 5551 772 5599 certe
809 5539 1046 5596 innuitur
1085 5550 1191 5590 non
1228 5545 1386 5587 unam
1415 5529 1709 5583 alteramve
1739 5567 1753 5590 ,
1782 5525 1876 5580 sed

290 5647 482 5694 multas
501 5634 756 5707 epistolas
779 5647 807 5686 a
829 5625 1210 5700 Chrys-ostento
1230 5624 1294 5678 ad
1318 5619 1656 5676 Theodorum
1676 5617 1878 5686 lapsum

281 5737 478 5791 missas
511 5730 674 5785 fuisse
703 5744 716 5783 :
747 5740 970 5797 quarum
1000 5713 1193 5794 prima,
1216 5735 1334 5790 quae
1357 5723 1440 5773 est
1469 5712 1759 5785 parrcnesis
1786 5709 1877 5765 illa

1728 256 2060 317 MONITUM.

3409 261 3514 317 ω

1934 376 2142 447 longior
2162 417 2175 443 ,
2207 388 2259 432 et
2289 385 2555 447 postrema
2585 384 2890 447 supersunt.
2923 377 3047 432 Ruit
3077 377 3256 446 itaque
3292 375 3418 432 illud
3447 392 3512 431 ex

1931 469 2237 536 Sozomeni,
2259 469 2508 542 liesychii
2535 481 2588 524 ct
2607 469 2876 524 Theodori
2900 469 3249 524 (lmsariensis
3274 468 3514 522 testimo-

1931 561 2021 613 nio
2065 559 2406 629 desumptum
2433 571 2826 631 argumentum,
2855 561 2943 630 qui
2991 574 3151 614 unam
3196 567 3400 614 tantum
3449 559 3516 613 ad

1932 652 2273 708 Theodorum
2300 651 2728 722 Mopsuestcnum
2757 654 2963 723 lapsum
2995 659 3294 707 memorant
3319 654 3518 721 cpisto-

1933 743 2060 809 lam,
2087 759 2314 813 quorum
2340 745 2501 798 etiam
2537 754 2838 813 postremus
2863 743 3038 812 potius
3064 743 3290 813 primam
3313 783 3332 808 ,
3357 758 3516 814 quam

1933 835 2221 890 secundam
2253 835 2547 905 paraenesin
2588 835 2825 890 indicare
2859 834 3102 898 videtur,
3126 835 3202 890 uti
3230 833 3341 903 jam
3381 835 3518 889 disi-

1935 945 2073 985 mus.
2115 932 2241 987 Ruit
2267 932 2427 987 etiam
2471 931 2598 986 illud
2625 931 2767 1002 quod
2808 931 2990 1002 adjicit
3018 931 3390 987 'l‘illemontius
3415 971 3432 996 ,
3465 930 3519 985 in

1935 1033 2122 1078 neutra
2163 1025 2386 1079 alteram
2420 1026 2531 1094 jam
2556 1024 2736 1079 datam
2766 1024 2985 1079 indicari
3015 1023 3179 1096 (unde
3208 1031 3385 1078 tamen
3413 1038 3520 1080 non

1935 1116 2092 1172 video
2127 1117 2252 1188 quid
2295 1115 2478 1173 inferri
2506 1116 2738 1188 possit);
2774 1117 2826 1171 in
2864 1116 3096 1172 secunda
3145 1131 3374 1188 namque
3400 1116 3522 1170 alim

1935 1218 2090 1264 antea
2117 1210 2256 1265 datae
2281 1219 2667 1277 memorantur,
2690 1218 2744 1265 et
2769 1211 2821 1264 in
2845 1209 2909 1264 iis
2931 1209 3067 1264 haud
3089 1209 3248 1264 dubie
3270 1180 3380 1271 illa,
3402 1223 3524 1278 quae

1935 1299 2108 1368 prima
2138 1301 2352 1370 prodiit.

2007 1393 2158 1448 Circa
2204 1394 2352 1448 illum
2388 1404 2567 1448 autem
2608 1395 2857 1464 superius
2895 1393 3114 1448 allatum
3150 1393 3524 1466 Chrysostonti

1938 1482 2110 1537 locum
2158 1484 2402 1553 quredam
2447 1485 2783 1540 observanda
2823 1493 2968 1538 sunt.
2995 1483 3258 1538 Nimirum
3305 1499 3428 1540 cum
3469 1485 3522 1538 in

1939 1575 2118 1644 priore
2144 1576 2231 1628 illa
2277 1576 2534 1644 paraanesi
2571 1574 2812 1646 longiore
2856 1574 3274 1647 Chrysostomus
3319 1576 3522 1640 omnia,

1939 1680 2057 1734 qua:
2086 1664 2152 1719 ad
2179 1665 2517 1720 Theodorum
2563 1667 2629 1721 ad
2668 1667 2954 1722 stationem
2975 1709 2990 1734 ,
3016 1676 3074 1722 ut
3097 1667 3173 1722 ait
3215 1668 3304 1722 ille
3322 1709 3337 1734 ,
3365 1668 3526 1722 redu-

1940 1757 2167 1811 cendum
2203 1765 2498 1826 opportuna
2533 1766 2722 1824 erant,
2751 1757 3087 1812 exhausisset
3117 1775 3132 1812 :
3164 1759 3216 1812 in
3251 1759 3526 1828 sequenti-

1943 1851 2042 1903 bus
2089 1851 2332 1918 epistolis
2387 1849 2452 1903 ad
2513 1849 2652 1904 idem
2703 1851 3034 1920 propositum
3089 1851 3525 1920 pertinentibus.

1942 1941 2204 1996 dictorum
2245 1941 2558 1994 memoriam
2605 1940 2837 1994 breviter
2882 1940 3167 1996 refricabat
3196 1981 3212 2004 ,
3240 1943 3530 2011 paucisque

1943 2032 2120 2089 verbis
2179 2032 2434 2102 epistolas
2500 2032 2714 2086 texebat
2768 2047 2782 2083 :
2841 2029 3071 2100 indeque
3125 2039 3210 2085 est
3268 2029 3411 2100 quod
3476 2031 3530 2085 in

1944 2137 2212 2197 postrema
2238 2124 2579 2181 Theodorum
2604 2131 2796 2194 rogat,
2828 2123 3067 2193 ignoscat
3102 2122 3201 2176 sibi
3243 2123 3288 2176 si
3328 2123 3531 2190 episto-

1947 2221 2012 2275 la:
2039 2219 2237 2275 limites
2275 2218 2598 2281 excesserit;
2638 2232 2742 2270 non
2789 2215 2932 2270 enim
2975 2213 3091 2268 hare
3131 2213 3200 2268 de
3237 2212 3535 2282 posteriore

1945 2310 2206 2382 paramesi
2232 2350 2248 2376 ,
2280 2310 2324 2363 si
2371 2308 2534 2378 priori
2571 2313 2946 2376 comparetur,
2973 2303 3077 2359 dici
3118 2313 3379 2373 possunt;
3411 2316 3534 2356 tiam

1947 2404 2062 2458 hzce
2089 2402 2354 2472 posterior
2373 2441 2388 2466 ,
2419 2399 2544 2454 licet
2563 2397 2806 2468 epistolis
2830 2394 3286 2465 praecedentibus,
3313 2402 3372 2448 ut
3399 2395 3536 2448 veri-

1946 2494 2119 2548 simile
2142 2501 2241 2556 cst,
2269 2489 2498 2560 longior,
2525 2487 2736 2542 nonnisi
2765 2484 3139 2555 compendium
3170 2483 3362 2554 prioris
3385 2483 3534 2537 vide~

1950 2596 2034 2639 llll‘
2052 2599 2194 2639 esse.

2022 2677 2198 2746 Pergit
2233 2673 2604 2730 Tillemontins
2624 2713 2640 2740 ,
2663 2686 2762 2727 cur
2787 2671 2840 2725 in
2868 2669 3064 2740 prioris
3105 2667 3334 2724 decursu
3359 2667 3538 2723 Theo-

1949 2769 2139 2825 dorum
2159 2782 2449 2838 numquam
2464 2764 2752 2834 compellat
2764 2763 3178 2833 Chrysostomus
3203 2778 3215 2814 :
3240 2760 3296 2814 in
3313 2773 3538 2829 sequen-

1951 2862 2021 2916 tis
2044 2873 2172 2916 vero
2203 2858 2432 2914 decursu
2468 2855 2715 2911 eumdem
2757 2867 2902 2922 saepe
2931 2866 3028 2905 suo
3056 2851 3273 2905 nomine
3306 2850 3540 2918 compel-

1951 2953 2064 3008 lat?
2088 2951 2182 3006 Cui
2221 2964 2320 3020 ego
2345 2948 2492 3004 nullo
2528 2945 2741 3016 negotio
2765 2957 3018 3022 reponam
3048 2958 3062 2994 :
3090 2941 3198 2997 Cur
3216 2943 3268 2996 in
3293 2941 3540 3009 cpistola-

1949 3062 2069 3100 rum
2094 3044 2161 3098 ad
2190 3039 2555 3113 Olympiadem
2579 3052 2679 3091 una
2701 3037 2785 3091 vel
2806 3036 2972 3088 altera
2994 3032 3163 3101 ipsam
3192 3044 3292 3085 suo
3325 3030 3541 3085 nomine

1950 3135 2257 3206 compellat,
2278 3130 2709 3203 Chrysostomus,
2735 3127 2787 3179 in
2811 3124 2930 3178 aliis
2953 3137 3080 3177 vero
3099 3129 3153 3176 et
3172 3119 3466 3190 pra-sertis»
3490 3120 3546 3172 in

1951 3229 2122 3297 aliqua
2143 3239 2346 3287 earum,
2372 3238 2491 3292 qua:
2513 3218 2724 3274 caeteris
2751 3215 2960 3286 longior
2982 3222 3086 3280 est,
3113 3211 3358 3267 eamdem
3383 3227 3541 3265 num-

1951 3335 2111 3392 quam
2141 3315 2467 3386 compellat?
2491 3310 2596 3366 Sed
2625 3321 2882 3380 quorsum
2922 3302 3136 3359 aliunde
3171 3301 3413 3370 exempla
3451 3315 3540 3354 re-

1954 3409 2230 3483 petamus?
2251 3401 2747 3463 Licet'l‘illemontio
2762 3395 3183 3454 concederemus
3200 3392 3542 3449 Theodorqu

1957 3505 2130 3569 illum,
2161 3500 2227 3554 ad
2257 3513 2414 3570 quem
2443 3496 2589 3566 prior
2613 3492 2844 3548 mittitur
2865 3487 3156 3560 parzenesis
3178 3527 3195 3553 ,
3225 3485 3390 3540 alium
3421 3498 3545 3538 esse

1954 3612 1985 3651 a
2017 3595 2411 3664 Mopsucsteno,
2438 3588 2522 3644 cui
2553 3585 2790 3641 secunda
2815 3582 3062 3652 dirigitur
3093 3596 3108 3633 :
3137 3593 3320 3633 annon
3354 3576 3541 3631 eadem

1954 3649 2171 3756 Semper
2193 3681 2420 3756 quiestio
2444 3676 2650 3735 moveri
2683 3681 2898 3746 posset,
2926 3649 3026 3749 cur
3049 3669 3256 3725 scilicet
3288 3668 3342 3722 in
3372 3649 3550 3738 poste;

1957 3783 2101 3837 riore
2120 3793 2262 3847 sarpe
2279 3773 2618 3830 Theodorum
2638 3765 2945 3838 compellet,
2962 3764 3016 3819 in
3037 3762 3214 3833 priore
3241 3759 3549 3829 nummum?

1961 3875 2058 3930 llic
2082 3866 2438 3941 compellandi
2463 3861 2656 3920 modus
2681 3875 2747 3916 ex
2771 3873 2881 3914 uno
2899 3856 3100 3928 pendet
3127 3853 3389 3908 arbitrio:
3413 3867 3550 3905 unus

1959 3966 2374 4036 Chrysostomus
2391 3959 2570 4013 dicere
2595 3960 2775 4024 posset
2803 3993 2816 4011 .
2839 3964 2937 4004 cur
2957 3944 3115 4002 modo
3133 3942 3549 4013 compellaverit,

1955 4033 2124 4112 modo
2166 4068 2196 4107 a
2238 4045 2612 4120 compellando
2635 4039 2957 4098 abstinuerit
2985 4055 2999 4092 :
3028 4037 3074 4091 si
3102 4045 3280 4090 tamen
3323 4033 3553 4088 consilio

1964 4148 2094 4206 illud
2114 4147 2302 4217 egerit,
2326 4158 2433 4198 non
2459 4155 2587 4194 vero
2615 4152 2765 4202 casu,
2799 4141 2962 4205 prout
2986 4131 3032 4186 is
3052 4129 3137 4185 vel
3166 4127 3305 4184 alius
3337 4124 3551 4182 dicendi

1963 4237 2157 4293 modus
2181 4247 2301 4290 sese
2325 4231 2488 4286 menti
2518 4227 2798 4284 oll'crebat.

2037 4329 2155 4384 Jam
2197 4325 2265 4379 ad
2295 4320 2702 4385 validissimum,
2749 4325 2804 4370 ut
2832 4322 2983 4385 putat
3024 4308 3418 4372 Tillemontius,
3455 4306 3551 4362 de-

1969 4420 2270 4494 pellendum
2295 4416 2462 4472 telum
2491 4422 2862 4482 properemus.
2893 4405 3214 4460 Theodorus
3237 4403 3293 4457 in
3322 4401 3554 4457 secunda

1969 4492 2191 4584 epistola
2217 4513 2544 4563 memoratus
2571 4499 2806 4555 nondum
2830 4496 3149 4565 vigesimum
3177 4492 3428 4561 attigerat
3454 4505 3540 4544 an-

1969 4619 2134 4669 num;
2161 4609 2346 4658 contra
2373 4609 2523 4662 vero,
2555 4594 2671 4662 ipso
2707 4596 2924 4643 auctore
2955 4585 3368 4654 Chrysostomo,
3414 4581 3460 4635 is
3489 4581 3558 4635 ad

1971 4711 2130 4769 quem
2162 4695 2308 4765 prior
2330 4686 2621 4760 parmnesis
2660 4681 2907 4745 mittitur,
2950 4691 3121 4731 annos
3162 4675 3287 4730 vita:
3319 4671 3560 4744 reliquos

1973 4763 2079 4845 non
2120 4763 2240 4858 plus
2267 4777 2650 4854 quinquaginta
2692 4785 2910 4842 sperare
2953 4773 3186 4839 poterat,
3218 4764 3380 4820 etiam
3415 4763 3462 4818 si
3492 4763 3558 4818 ad

1973 4853 2700 4943 extre—mamiproveheretur
2747 4867 3104 4924 senectutem,
3148 4855 3292 4928 quod
3337 4853 3409 4911 de
3445 4855 3564 4909 viro

1961 4973 2180 5028 tantum
2209 4968 2321 5023 fere
2347 4958 2776 5036 quadragenario
2816 4956 2921 5012 dici
2963 4953 3155 5024 possit.
3186 4949 3327 5005 Vero
3348 4945 3561 5019 quidem

1977 5065 2050 5119 ait
2097 5061 2512 5133 Chrysostomus
2561 5055 2614 5108 in
2670 5048 2902 5107 secunda
2944 5045 3168 5116 cpistola
3222 5041 3563 5098 Theodorum

1979 5154 2216 5210 nondum
2252 5149 2564 5220 vigesimum
2607 5143 2846 5214 attigisse
2876 5153 3074 5193 annum
3103 5154 3116 5191 :
3146 5135 3199 5189 in
3230 5133 3402 5204 prima
3439 5145 3567 5185 vero

1983 5251 2129 5304 locus
2164 5243 2323 5316 paulo
2351 5254 2508 5297 secus
2535 5237 2693 5291 habet
2711 5248 2869 5304 quam
2897 5225 3269 5285 Tillemontius
3293 5223 3566 5279 extulerit.

1982 5339 2070 5394 Sic
2094 5312 2308 5406 legitur,
2329 5349 2382 5386 n.
2410 5331 2498 5396 10,
2529 5328 2670 5383 circa
2695 5325 2862 5379 ﬁnem
2883 5340 2895 5375 :
2914 5322 3115 5386 Quanto
3139 5328 3360 5387 tempore
3381 5315 3455 5370 vis
3483 5312 3567 5366 tibi

1985 5428 2243 5500 pm’sentis
2269 5425 2382 5479 vita
2407 5436 2633 5483 usuram,
2662 5417 2794 5478 sive,
2819 5421 2878 5468 ut
2906 5413 2973 5466 ita
3007 5413 3213 5480 loquar,
3240 5407 3567 5466 fruitioncm,

1986 5498 2227 5575 extendi?
2251 5515 2501 5586 Equidem
2530 5528 2630 5565 non
2661 5516 2780 5580 puto
2811 5506 2898 5558 tibi
2943 5504 3060 5572 plus
3083 5498 3450 5573 quinquaginta
3477 5510 3566 5546 an-

1986 5615 2064 5666 nis
2090 5612 2203 5664 vitm
2231 5621 2509 5678 superesse,
2544 5611 2596 5657 ut
2629 5601 2696 5653 ad
2734 5610 3006 5653 extremam
3035 5599 3340 5647 senectutem
3366 5583 3564 5638 uenias.

1989 5707 2046 5764 id
2089 5715 2189 5770 cst,
2233 5703 2276 5758 si
2319 5713 2490 5756 annos
2539 5696 2711 5751 adhuc
2737 5687 3116 5764 quinquaginta
3149 5680 3373 5744 vixeris,
3401 5682 3565 5729 tanta:
