4088 6138
565 265 673 321 27S

563 381 852 438 senectutis
876 379 1005 443 eris,
1036 385 1095 431 ut
1121 375 1242 428 vita:
1266 359 1494 426 fructum
1520 375 1575 422 ct
1599 365 1926 434 voluptatem
1957 375 2148 430 capere

564 488 668 527 non
699 468 890 542 possis.
919 467 1050 535 Quis
1079 473 1235 535 neget
1261 463 1376 517 haec
1403 457 1672 515 vicenario
1694 455 1874 526 juveni
1904 454 2152 524 apposite

564 566 664 618 ilici
701 563 886 632 posset
913 561 1054 614 Sane
1079 558 1166 612 vix
1198 570 1391 625 capere
1438 553 1636 623 possim
1663 549 1932 621 quomodo
1961 563 2026 604 es
2062 547 2151 601 tali

563 655 706 709 dicto
735 651 970 722 potuerit
1007 648 1382 706 Tillemontius
1426 655 1664 700 statuere
1695 642 1886 706 virum,
1923 641 2008 696 cui
2038 639 2152 694 bzec

563 749 825 810 dicantur,
873 760 1008 816 pene
1043 740 1520 814 quadragenarinm
1568 736 1800 792 essezsi
1853 751 1918 790 ex
1964 734 2151 804 hujus-

563 841 707 896 modi
747 839 923 894 verbis
970 836 1368 905 elnonologiam
1422 842 1738 896 statuamus,
1798 842 2043 898 magnam
2097 827 2150 880 in

561 941 862 1002 temporum
908 929 1113 984 ratione
1161 926 1616 994 perturbationem
1665 921 1968 979 alferemus.
2013 917 2150 985 Quid

559 1023 792 1092 exempli
821 1036 982 1077 causa
1013 1019 1082 1076 de
1101 1027 1259 1074 actate
1285 1017 1540 1072 Antliusa:
1565 1011 1934 1086 Chrysostomi
1963 1011 2149 1066 matris

559 1114 823 1182 quispiam
855 1112 1067 1174 dixerit,
1101 1110 1145 1165 si
1174 1110 1316 1163 illam
1355 1109 1406 1162 in
1448 1107 1596 1162 libris
1626 1106 1694 1160 de
1731 1103 2043 1160 Sacerdotio
2072 1103 2149 1156 sic

561 1207 867 1276 loquentem
909 1203 1131 1258 audiat:
1165 1200 1276 1255 Nos
1314 1217 1429 1256 vero
1466 1215 1608 1254 senes
1644 1198 1773 1252 nihil
1817 1197 1958 1252 aliud
1995 1212 2148 1266 quam

561 1310 773 1354 mortem
794 1307 1157 1366 ersliectamus.
1176 1298 1366 1349 Annon
1387 1295 1528 1348 illam
1553 1293 1662 1347 fere
1688 1291 2147 1362 septuagenariam

560 1388 1016 1460 pronuntiaverit?
1046 1387 1205 1456 Atqui
1253 1385 1364 1448 illa,
1397 1394 1458 1439 ut
1485 1393 1690 1438 certum
1718 1391 1828 1447 est,
1859 1393 1913 1436 et
1955 1380 2147 1435 fatetur

560 1484 674 1551 ipse
698 1479 1094 1542 Tillemontius,
1125 1475 1358 1531 nondum
1377 1474 1840 1545 quadragesimum
1858 1471 2142 1541 septimum

559 1573 729 1626 anatis
741 1585 938 1624 annum
953 1582 1171 1624 emensa
1187 1577 1436 1622 eratcum
1456 1565 1567 1618 ha‘c
1583 1564 1786 1618 diceret
1805 1581 1817 1616 :
1835 1576 1999 1630 usque
2011 1560 2146 1616 adeo

561 1677 745 1717 verum
779 1672 860 1716 est
889 1676 994 1714 non
1025 1675 1182 1728 posse
1209 1674 1276 1712 ex
1305 1656 1568 1726 ejusmodi
1593 1656 1749 1709 dictis
1778 1662 2145 1713 certamJem-

559 1755 704 1823 poris
729 1763 908 1807 notam
927 1751 1137 1806 deduci.
1157 1749 1338 1820 Neque
1365 1764 1464 1803 nos
1481 1757 1688 1802 moveat
1715 1761 1838 1811 vos,
1860 1754 1970 1815 πρὸς
1999 1751 2144 1812 ἔσκαι-

557 1868 637 1899 res
653 1861 818 1913 γῆρας,
841 1844 909 1898 ad
932 1854 1202 1898 extremam
1229 1850 1528 1896 senectutem
1555 1855 1574 1893 :
1597 1840 1738 1892 illam
1764 1838 1960 1907 quippe
1989 1851 2144 1890 usur-

558 1954 687 2006 pare
733 1938 876 1993 solet
916 1935 1350 2007 Clirysostomus,
1391 1950 1495 1987 non
1543 1947 1638 2002 pro
1678 1930 1946 1999 decrepita
1990 1944 2144 1984 sene-

553 2038 722 2096 ctute,
747 2045 870 2086 cum
904 2029 1024 2099 quis
1049 2027 1198 2083 verbi
1226 2027 1392 2096 gratia
1421 2025 1492 2079 ita
1518 2039 1780 2078 annorum
1807 2022 1947 2076 mole
1975 2021 2142 2076 obru-

557 2132 644 2177 tus
668 2130 770 2185 est,
803 2130 862 2176 ut
885 2121 994 2191 jam
1022 2134 1275 2175 sensuum
1306 2132 1404 2173 usu
1431 2131 1568 2188 pene
1593 2116 1899 2180 destitutus,
1931 2129 2058 2168 mox
2086 2113 2141 2168 in

553 2213 853 2283 sepulcrum
899 2211 969 2267 sit
1012 2210 1342 2274 inferendus,
1383 2219 1442 2264 ut
1482 2216 1609 2264 sunt
1649 2207 1992 2276 octogenario
2029 2220 2144 2260 ma-

553 2307 698 2375 jores
725 2312 780 2359 et
805 2303 1180 2374 nonagenarii;
1211 2301 1308 2356 sed
1330 2315 1429 2372 pro
1453 2301 1582 2355 viris
1607 2299 1696 2369 qui
1725 2299 1899 2353 adhuc
1929 2297 2140 2368 negotia

554 2394 950 2458 aduiiuistrare,
1001 2401 1056 2448 et
1103 2407 1292 2462 magna
1340 2398 1563 2461 possunt
1601 2390 1779 2444 officia
1835 2403 2136 2458 capessere.

553 2489 644 2543 Sic
673 2487 742 2542 de
779 2484 1094 2542 Sacerdotio
1121 2484 1214 2540 lib.
1259 2485 1314 2549 ὅ,
1344 2497 1395 2552 p.
1438 2483 1565 2548 393,
1607 2481 1699 2538 ubi
1741 2480 1874 2536 dicit
1907 2495 2022 2546 eos,
2049 2479 2139 2549 qui

552 2594 674 2635 cum
706 2577 863 2634 laude
900 2575 1303 2631 in‘ministeriis
1343 2573 1640 2628 minoribus
1681 2573 1843 2627 vitam
1891 2581 2135 2642 egerunt,

553 2669 644 2724 ubi
682 2668 747 2722 ad
785 2673 1116 2722 senectutem
1145 2665 1432 2730 devenere,
1464 2677 1572 2718 non
1616 2677 1738 2718 esse
1785 2677 2000 2732 semper
2029 2677 2139 2732 prae

553 2759 673 2812 aliis
681 2756 984 2828 junioribus
1005 2757 1057 2810 in
1073 2755 1438 2824 episcOpatum
1459 2752 1788 2819 evehendus,
1807 2754 1908 2808 nisi
1925 2752 2140 2810 aliunde

554 2847 732 2904 idonei
763 2847 987 2911 fuerint;
1018 2845 1090 2900 ilii
1119 2845 1286 2900 utitur
1307 2843 1496 2900 eadem
1531 2859 1663 2900 voce
1687 2844 1740 2898 in
1765 2852 2039 2899 extremam
2062 2857 2142 2898 se-

553 2949 798 2995 nectutem
843 2937 1097 3009 pervenit;
1141 2943 1198 2992 et
1240 2935 1376 2991 infra
1409 2935 1476 2991 de
1520 2935 1711 2990 iisdem
1755 2935 1809 2990 in
1857 2946 2141 3007 provectam

551 3037 872 3085 senectutem.
899 3027 1102 3096 Quibus
1144 3043 1276 3082 sane
1315 3034 1372 3080 et
1408 3027 1870 3097 septuagenarios,
1903 3034 1958 3082 et
2003 3023 2141 3084 forte

549 3117 978 3191 septuagenariis
1006 3118 1244 3172 minores
1288 3118 1322 3171 ii
1346 3115 1556 3187 telligit,
1603 3124 1662 3170 ut
1701 3131 1862 3173 nemo
1889 3116 2140 3172 cordatus

554 3226 664 3266 non
689 3210 903 3276 videat;
929 3223 1050 3265 nam
1085 3209 1175 3280 qui
1204 3209 1427 3264 omnino
1452 3209 1711 3280 decrepiti
1749 3217 1895 3276 sunt,
1929 3223 1995 3265 eo
2025 3210 2140 3278 ipso

555 3318 660 3360 non
703 3314 826 3359 sunt
854 3302 1051 3359 idonei.
1081 3300 1344 3358 Similiter
1372 3301 1529 3358 Hom.
1561 3303 1596 3357 3
1626 3301 1694 3358 de
1734 3301 1938 3357 Statuis
1965 3301 2138 3370 initio,

551 3409 674 3450 cum
715 3395 1001 3449 Flavianus
1038 3394 1322 3464 episcopus
1359 3392 1720 3449 Theodosium
1762 3393 2140 3463 Imperatorem

552 3487 822 3558 placatum
847 3486 1000 3551 adiit,
1029 3485 1100 3540 de
1134 3486 1225 3541 illo
1246 3487 1321 3540 ait
1343 3484 1781 3557 Chrysostomus,
1822 3496 1945 3541 auos
1970 3487 2040 3542 ad
2061 3486 2142 3542 ul-

553 3579 732 3631 timam
758 3587 991 3647 provecta
1034 3585 1351 3630 senectutem.
1382 3577 1540 3645 Atqui
1567 3576 1861 3632 secundum
1901 3577 2141 3648 Chryso-

547 3680 794 3726 -stomnm
825 3669 999 3740 ipsum
1029 3669 1214 3738 elapso
1241 3671 1403 3725 etiam
1430 3669 1660 3740 quodam
1687 3671 1758 3725 ab
1787 3672 1874 3725 illa
1904 3671 2141 3727 Flaviani

555 3758 820 3830 legatione
857 3758 924 3812 ad
968 3757 1326 3814 Theodosium
1368 3767 1629 3828 tempore,
1676 3760 1964 3816 Flavianus
2005 3776 2140 3818 non-

553 3850 683 3904 dum
713 3857 1028 3920 pervenerat
1055 3848 1124 3903 ad
1155 3857 1366 3904 aetatem
1400 3848 1457 3902 S.
1493 3849 1638 3905 Petri
1670 3851 1934 3921 Apostoli.
1961 3851 2143 3923 Siqui-

558 3942 682 3998 dem
719 3942 771 3996 in
813 3941 1008 3997 Homil.
1035 3941 1072 3996 3
1103 3941 1154 3994 in
1182 3940 1508 4010 Principium
1551 3941 1804 3996 Actorum
1842 3942 2142 4000 orationem

553 4032 811 4089 claudens
828 4029 1242 4105 Cbrysostomus
1271 4030 1528 4087 Flaviano
1556 4047 1724 4088 annos
1748 4035 1920 4090 atatis
1954 4035 2011 4092 Β.
2046 4037 2144 4093 Pe-

556 4127 625 4179 tri
656 4124 898 4196 Apostoli
925 4132 1262 4195 apprecatur,
1305 4132 1584 4193 postquam
1624 4124 1774 4181 illum
1816 4135 1942 4182 ante
1978 4143 2140 4184 unum

555 4215 746 4271 saltem
775 4229 972 4268 annum
996 4215 1105 4283 jam
1129 4214 1195 4268 ad
1236 4223 1530 4269 extremam
1569 4223 1924 4280 senectutem,
1952 4233 2143 4288 perve-

558 4321 705 4361 msse
743 4305 952 4360 dixerat
994 4306 1127 4375 :qui
1170 4303 1453 4361 Flavianus
1505 4309 1663 4361 etiam
1711 4315 1834 4377 post
1885 4307 2028 4364 illam
2073 4308 2142 4364 ad

558 4395 918 4453 Theodosium
961 4396 1280 4467 legatieriem
1326 4399 1482 4453 annis
1523 4399 1906 4470 septemdecim
1950 4402 2142 4458 Antio-

556 4486 745 4542 chea-12
769 4485 978 4557 praefuit
1011 4486 1268 4544 Ecclesia
1293 4503 1308 4540 :
1334 4496 1412 4543 tot
1453 4489 1596 4544 enim
1642 4498 1994 4546 numerantur
2016 4491 2142 4546 anni

557 4583 629 4635 ab
665 4594 808 4636 anno
862 4581 987 4647 387,
1036 4594 1144 4652 quo
1189 4581 1280 4636 ille
1331 4580 1690 4638 Theodosium
1733 4582 1883 4648 adiit,
1935 4583 2000 4637 ad
2047 4598 2143 4638 an-

557 4690 685 4730 num
712 4673 839 4738 40‘,
866 4688 974 4744 quo
1007 4683 1249 4728 mortuus
1273 4681 1552 4729 vacantem
1580 4672 1765 4730 sedem
1798 4673 2029 4746 reliquit.
2071 4676 2144 4730 De

549 4774 716 4821 relate
741 4780 900 4834 porro
927 4764 1044 4833 ejus
1085 4779 1207 4819 cum
1232 4762 1376 4818 diem
1417 4764 1610 4820 clausit
1645 4774 1944 4821 extremum
1977 4765 2139 4834 plurio

557 4858 661 4912 bus
687 4864 872 4926 agetur
898 4856 949 4908 in
982 4853 1098 4908 Vita
1125 4853 1512 4925 Chrysostomi.
1541 4855 1606 4910 Et
1635 4856 1833 4912 llomil.
1865 4856 1990 4912 ﬁde
2019 4857 2145 4913 Ρω-

558 4946 780 5002 nitentia
819 4961 875 4997 ιι.
918 4943 976 5010 2,
1023 4943 1092 4998 de
1121 4942 1318 4998 Davide
1360 4944 1582 5012 loquens
1621 4945 2034 5017 Chrysostomus
2070 4948 2145 5003 ait

559 5035 733 5097 illum,
763 5032 976 5103 quando
1005 5033 1058 5086 in
1096 5031 1418 5087 adulterium
1448 5034 1628 5102 lapsus
1671 5047 1774 5101 est,
1809 5038 1861 5092 in
1905 5049 2142 5094 extrema

557 5124 755 5180 canitie
777 5122 975 5185 fuisse;
1001 5123 1130 5178 illud
1156 5137 1282 5178 vero
1297 5123 1366 5179 de
1403 5123 1601 5179 Davide
1629 5126 1792 5182 nolim
1815 5143 1913 5196 pro
1937 5138 2144 5184 asserto

559 5215 762 5284 accipi;
794 5213 886 5269 sed
915 5224 972 5268 ut
999 5229 1157 5270 nemo
1184 5229 1344 5285 Spero
1374 5217 1606 5286 negabit,
1631 5217 1683 5272 id
1723 5219 2001 5288 probatum
2027 5235 2148 5276 cer-

560 5316 780 5377 tumque
815 5320 936 5362 esse
976 5306 1226 5373 arbitror,
1266 5306 1707 5380 Cln'ysostomum
1755 5310 1825 5364 ad
1871 5323 2147 5369 estremam

558 5405 862 5452 senectutem
919 5398 1115 5467 passim
1167 5398 1463 5470 intelligere
1505 5399 1575 5454 de
1627 5405 2046 5472 septuagenariis
2091 5415 2146 5462 et

561 5489 699 5543 forte
727 5501 1120 5559 nonnumquam
1149 5490 1216 5544 de
1240 5491 1645 5563 septuagenario
1670 5494 1982 5551 minoribus.

632 5579 798 5634 Instat
835 5579 1206 5638 Tillemontius
1233 5599 1244 5635 :
1272 5581 1319 5637 ls
1362 5598 1519 5652 quem
1565 5583 1617 5640 in
1666 5587 1842 5657 priore
1887 5591 2145 5660 paraenesi

561 5670 850 5741 alloquitur
876 5670 1309 5743 Chrysostomus,
1361 5674 1414 5729 in
1461 5685 1638 5746 aperta
1679 5678 1801 5734 vitia
1832 5689 1887 5736 ct
1921 5681 2142 5738 crimina

2023 238 2354 298 MONITUM.

3750 245 3853 303 276

2264 370 2599 434 proruperat,
2648 373 2706 420 ut
2733 379 2796 421 es
2828 365 2986 420 variis
3014 365 3270 421 orationis
3299 365 3430 420 locis
3457 365 3724 438 colligitur
3751 389 3764 426 :
3797 381 3853 430 at

2262 471 2366 511 non
2406 471 2643 527 eousque
2682 457 2932 528 perniciei
2963 457 3241 514 devenisse
3287 458 3501 514 videtur
3537 459 3853 519 Theodorus

2260 547 2685 618 Mopsuestcnus,
2735 547 2800 604 ad
2839 563 2996 618 quem
3036 547 3268 604 secunda
3312 550 3542 605 mittitur
3579 551 3846 620 epistola:

2258 639 2350 711 qui
2377 640 2420 694 si
2443 640 2552 710 iam
2583 640 2880 710 baptizatus
2921 641 2974 695 in
3005 655 3066 695 ea
3096 641 3322 695 erimina
3347 641 3530 712 lapsus
3555 653 3720 712 esset,
3752 661 3850 702 ne-

2256 746 2519 801 quaquam
2561 733 2821 801 potuisset
2857 731 3145 788 secundum
3181 748 3416 788 canones
3455 733 3506 788 iu
3541 736 3850 806 episcopum

2258 833 2440 894 postea
2500 825 2759 894 cceptari.
2832 825 2958 880 liae
3013 826 3160 880 nullo
3221 828 3436 896 negotio
3485 828 3846 898 depelluntur.

2257 913 2595 981 Theodorus,
2625 916 2714 986 qui
2760 930 2970 970 sacrum
3019 927 3217 974 costum
3256 916 3587 985 deseruerat,
3627 922 3847 992 negotia

2254 1005 2532 1061 satcularia
2569 1006 2848 1073 tractabat,
2892 1008 3253 1078 voluptatibus
3279 1009 3489 1064 deditus
3529 1024 3666 1079 erat,
3711 1014 3849 1070 lier-

2255 1098 2461 1152 miones
2488 1097 2678 1166 puella:
2716 1097 2994 1167 cujusdam
3023 1115 3209 1155 amore
3247 1099 3520 1171 ﬂagrabat.
3553 1102 3668 1158 Non
3699 1105 3848 1161 aliud

2254 1187 2321 1242 de
2348 1188 2634 1243 Theodoro
2663 1191 2866 1245 crimen
2905 1190 3068 1246 refert
3107 1193 3522 1264 Chrysostomns
3553 1213 3564 1246 :
3591 1196 3644 1251 id
3669 1207 3846 1254 Lamen

2254 1281 2346 1335 ille
2394 1281 2568 1350 magni
2609 1283 2851 1338 criminis
2897 1284 3014 1338 loco
3063 1283 3263 1339 habere
3313 1285 3522 1340 videtur
3569 1288 3618 1342 in
3667 1290 3849 1358 priore

2255 1372 2531 1442 paratncsi,
2561 1373 2647 1428 ubi
2681 1373 2794 1430 lucc
2836 1387 3204 1430 recensentur.
3242 1377 3548 1432 Secundum
3597 1380 3710 1434 haec
3749 1397 3849 1436 au-

2251 1474 2382 1530 tem,
2414 1482 2535 1520 cum
2565 1466 2651 1521 vel
2677 1465 2794 1520 aliis
2820 1467 3195 1534 referentibus,
3221 1469 3303 1521 νισι
3333 1484 3427 1537 per
3467 1470 3631 1538 ipsius
3668 1470 3847 1527 Theo-

2250 1557 2364 1611 dori
2409 1557 2591 1611 literas
2629 1558 2942 1627 accepisset,
2983 1557 3323 1613 Theodorum
3371 1559 3490 1613 ideo
3529 1561 3582 1615 in
3630 1564 3845 1631 negotia

2249 1649 2523 1703 secularia
2566 1663 2624 1704 se
2649 1651 2951 1714 immisisse,
2983 1659 3041 1704 ut
3069 1660 3408 1721 paternarum
3441 1668 3617 1707 rerum
3645 1654 3846 1708 solliei-

2252 1740 2489 1794 tudinem
2525 1751 2756 1810 gereret,
2787 1741 3126 1796 Hcrmionem
3157 1757 3359 1810 amare,
3386 1754 3442 1798 ut
3467 1760 3584 1800 eam
3618 1745 3844 1801 duceret

2249 1846 2504 1896 uxorem;
2532 1847 2636 1886 non
2683 1835 2843 1888 tantis
2867 1834 3103 1903 quidem,
3136 1837 3346 1905 quantis
3389 1845 3562 1898 antea,
3598 1838 3841 1907 implica—

2251 1931 2360 1976 tum
2393 1923 2546 1978 malis
2571 1922 2913 1980 Theodorum
2943 1940 3063 1981 esse
3089 1926 3328 1996 putavit;
3367 1927 3459 1982 sed
3492 1942 3598 1982 non
3629 1943 3658 1982 a
3683 1929 3842 1999 culpa

2248 2012 2474 2067 liberum
2503 2012 2676 2081 duxit,
2703 2024 2762 2068 ut
2788 2030 2884 2086 per
2912 2023 3077 2070 totam
3115 2017 3404 2071 secundam
3440 2018 3718 2087 epistolam
3751 2019 3838 2074 in-

2248 2103 2413 2170 dicat,
2442 2105 2594 2174 cujus
2630 2107 2920 2162 exordium
2949 2117 3031 2163 est
3071 2108 3374 2178 huiusmodi
3402 2128 3413 2163 :
3447 2093 3508 2166 Si
3535 2111 3686 2180 [lctus
3715 2128 3841 2181 pos-

2247 2207 2356 2250 sent
2384 2205 2430 2250 et
2459 2198 2671 2268 gemitus
2691 2214 2780 2268 per
2803 2198 2977 2252 literas
3007 2200 3248 2266 exhiberi,
3275 2201 3354 2254 his
3374 2201 3615 2271 repletam
3645 2202 3842 2270 episto-

2248 2291 2350 2346 lam
2388 2293 2457 2346 ad
2483 2302 2530 2347 te
2568 2293 2832 2349 misissem.
2861 2292 3111 2365 Equidem
3139 2295 3260 2364 ﬂeo,
3299 2311 3401 2349 non
3427 2295 3564 2362 quod
3588 2306 3834 2365 paterna-

2243 2400 2356 2438 rum
2380 2400 2549 2439 rerum
2571 2385 2963 2440 sollicitudinem
2985 2403 3151 2457 geras,
3178 2387 3267 2441 sed
3285 2387 3422 2458 quod
3451 2404 3513 2442 ea:
3538 2387 3756 2456 fratrum
3791 2397 3844 2443 te

2243 2477 2477 2548 catalogo
2504 2477 2763 2543 deleveris,
2786 2477 2922 2548 quod
2950 2488 3098 2548 pacta
3135 2494 3246 2532 cum
3274 2476 3475 2534 Christo
3500 2479 3629 2533 inita
3664 2479 3839 2534 calca-

2244 2568 2392 2622 veris.
2421 2567 2497 2623 De
2527 2567 2797 2624 connubio
2814 2577 2993 2624 autem
3025 2567 3143 2624 htee
3168 2568 3331 2625 habet
3357 2584 3411 2640 p.
3443 2570 3513 2626 33
3542 2587 3556 2625 :
3587 2567 3845 2641 Legitima

2242 2673 2323 2714 res
2347 2667 2422 2713 est
2462 2660 2773 2730 coniugium,
2803 2659 2858 2714 id
2889 2675 2983 2731 ego
3005 2663 3234 2731 fateor...
3266 2662 3355 2715 scd
3381 2661 3470 2715 tibi
3485 2661 3602 2730 jam
3634 2677 3738 2715 non
3763 2669 3845 2715 est

2242 2751 2493 2822 integrum
2524 2752 2652 2822 jura
2684 2752 2923 2806 connubii
2954 2768 3171 2807 servare.
3204 2751 3336 2806 Eum
3374 2753 3528 2816 enim,
3555 2753 3643 2820 qui
3682 2752 3844 2808 semel

2243 2842 2432 2897 scelesti
2451 2858 2638 2910 sponso
2654 2844 2868 2915 junctus
2886 2851 2980 2907 est,
2998 2843 3042 2898 si
3069 2843 3130 2897 ab
3150 2843 3240 2897 illo
3259 2841 3530 2898 divellatur
3553 2853 3599 2897 et
3629 2859 3845 2899 uxorem

2244 2931 2416 2997 ducat,
2445 2932 2754 2986 adulterium
2793 2933 3059 2988 admittere
3098 2943 3290 2988 certum
3333 2941 3428 2988 est.
3475 2931 3615 2988 Puto
3655 2943 3841 2989 autem

2245 3021 2584 3079 Theodorum
2609 3024 2844 3094 acceptis
2872 3023 3139 3094 prioribus
3165 3022 3531 3096 Chrysostomi
3567 3023 3837 3094 epistolis,

2242 3113 2436 3185 quibus
2463 3113 2532 3170 de
2555 3115 2902 3171 saecularibus
2939 3115 3203 3185 susceptis
3231 3115 3477 3185 negotiis,
3517 3123 3571 3169 et
3595 3113 3664 3170 de
3703 3114 3844 3171 iicr-

2245 3206 2454 3262 miones
2495 3221 2679 3263 amore
2719 3207 3155 3277 redarguebatur,
3200 3206 3268 3263 ad
3311 3206 3391 3262 sui
3434 3206 3842 3264 excttsationem

2247 3313 2342 3369 per
2363 3298 2616 3369 epistolas
2641 3307 2698 3354 et
2731 3308 3068 3370 paternarum
3096 3315 3276 3357 rerum
3315 3315 3522 3367 curam,
3561 3309 3616 3355 et
3651 3301 3840 3370 conju.

2253 3391 2399 3462 gium
2424 3405 2545 3446 cum
2572 3390 2861 3446 llermione
2887 3391 3176 3448 ineundum
3217 3392 3271 3447 in
3298 3391 3531 3447 medium
3573 3392 3843 3450 attulisse.

2245 3479 2404 3536 Certe
2442 3481 2495 3536 in
2532 3482 2774 3551 epistola:
2801 3490 3088 3552 postrema:
3127 3483 3277 3538 calce
3315 3493 3468 3555 rogat
3493 3483 3840 3540 Theodorum

2246 3568 2683 3643 Chrysostomus,
2712 3580 2772 3627 ut
2812 3573 2912 3628 sibi
2943 3573 3241 3629 rescribere
3265 3573 3543 3644 dignetur;
3586 3575 3630 3629 si
3663 3585 3739 3630 tot
3770 3576 3844 3630 li-

2247 3663 2379 3720 teris
2417 3673 2572 3719 antea
2613 3664 2812 3730 missis,
2860 3665 2990 3719 nihil
3035 3665 3419 3734 respondisset,
3460 3665 3842 3736 objurgaturus

2245 3769 2369 3811 eum
2397 3754 2533 3808 haud
2558 3753 2717 3809 dubie
2745 3763 2859 3809 erat
2888 3754 3304 3826 Chrysostomus
3329 3754 3398 3811 de
3426 3765 3575 3811 tanto
3600 3756 3836 3812 silentio.

2319 3845 2414 3900 His
2437 3859 2539 3914 ego
2561 3843 2630 3900 de
2663 3844 2842 3900 causis
2867 3843 3049 3900 Savilii
3077 3853 3134 3900 et
3177 3845 3463 3902 Frontonis
3491 3846 3728 3918 vestigiis
3757 3846 3840 3901 in-

2247 3939 2443 3994 sistens
2467 3953 2629 3994 unum
2659 3936 2822 3993 fuisse
2853 3937 3193 3994 Theodorum
3221 3948 3371 4008 puto,
3413 3938 3481 3994 ad
3504 3955 3664 4010 quem
3692 3948 3837 3995 utra-

2247 4047 2355 4104 que
2392 4031 2682 4102 paraenesis
2709 4032 2871 4087 missa
2898 4032 3015 4086 fuit.
3051 4030 3288 4102 Utraque
3313 4040 3462 4088 certe
3491 4031 3558 4086 ad
3586 4031 3832 4087 eumdem

2249 4123 2592 4180 Theodorum
2647 4122 2958 4178 inscribitur
3005 4121 3060 4177 in
3113 4122 3363 4177 omnibus
3421 4121 3834 4193 manuscriptis.

2251 4231 2480 4286 quorum
2529 4213 2750 4284 quidam
2803 4211 3178 4268 remotissima:
3227 4212 3508 4268 vetustatis
3557 4220 3725 4266 sunt:
3757 4210 3836 4264 Ad

2250 4307 2482 4362 eumdem
2535 4303 2857 4360 Theodorum
2879 4343 2896 4370 ,
2955 4301 3154 4359 habent
3191 4317 3381 4358 omnes
3419 4320 3432 4356 :
3470 4301 3608 4357 duos
3656 4309 3834 4356 autem

2253 4396 2567 4454 Theodoros
2589 4395 2941 4463 comminisci,
2955 4408 3180 4466 quorum
3207 4405 3431 4473 uterque
3453 4407 3574 4448 cum
3603 4390 3836 4463 Chryso-

2253 4499 2428 4547 stomo
2465 4489 2718 4546 societate
2749 4488 2964 4559 junctus
3000 4500 3156 4543 sacro
3195 4485 3405 4541 cuidam
3444 4484 3603 4541 etettii
3645 4500 3703 4538 se
3738 4481 3836 4538 ad-

2251 4583 2465 4647 dixerit,
2495 4590 2720 4651 uterque
2748 4578 3020 4643 resilierit,
3053 4589 3277 4648 uterque
3315 4585 3597 4633 revocatus
3619 4574 3778 4630 fuerit
3806 4589 3836 4628 a

2249 4675 2656 4748 Cbrysostomo,
2680 4672 2837 4744 idque
2866 4671 3014 4728 nullo
3040 4679 3261 4726 auctore
3286 4685 3459 4742 exque
3485 4667 3688 4724 levibus
3706 4676 3838 4723 cob-

2246 4767 2468 4838 jecturis
2491 4804 2507 4831 ,
2558 4764 2612 4820 id
2663 4763 2857 4820 mirum
2912 4770 3171 4834 quantum
3223 4762 3510 4817 abhorreat
3559 4759 3626 4812 ab
3676 4757 3835 4813 inali-

2253 4865 2367 4912 tuto
2391 4871 2531 4912 meo.

2324 4951 2475 5005 Circa
2515 4963 2735 5013 annum,
2761 4963 2868 5020 quo
2903 4948 2987 5004 lue
3018 4947 3140 5002 dure
3185 4946 3398 5016 scriptae
3437 4954 3563 5001 sunt
3603 4944 3837 5000 humilia:

2251 5054 2358 5096 non
2404 5039 2610 5095 modica
2647 5048 2732 5095 est
2767 5039 3073 5094 difﬁcultas.
3117 5038 3207 5094 Ait
3259 5035 3523 5096 Baronius
3559 5048 3840 5107 utramque

2253 5133 2549 5203 pamnesiu
2574 5149 2604 5186 ιι
2633 5129 3039 5204 Chrysostomo,
3065 5131 3192 5186 dum
3232 5131 3286 5186 in
3319 5131 3593 5186 montibus
3620 5131 3838 5202 degeret

2251 5222 2548 5290 solitarius,
2578 5221 2645 5278 ad
2691 5222 3031 5278 Theodorum
3077 5221 3296 5277 missam
3327 5221 3511 5276 fuisse.
3544 5220 3838 5276 Tillemou-

2255 5317 2359 5372 tius
2387 5331 2514 5370 vero
2536 5331 2600 5369 ex
2641 5314 2981 5385 prarjudicata
3017 5310 3269 5385 opinione
3295 5313 3543 5383 loquens,
3572 5311 3639 5366 de
3670 5310 3838 5381 prima

2253 5408 2320 5465 ad
2348 5409 2529 5471 alium,
2564 5416 2622 5460 ut
2647 5415 2800 5478 putat
2823 5405 2933 5469 ille,
2964 5420 3123 5476 quam
3145 5405 3578 5474 bIOpsuestenum
3606 5417 3766 5457 missa
3790 5399 3839 5453 id

2253 5500 2472 5557 concedi
2513 5514 2671 5570 posse
2716 5507 2902 5569 putat;
2949 5507 3017 5553 de
3061 5496 3294 5552 secunda
3345 5496 3584 5551 minime.
3635 5493 3736 5561 Qui
3796 5492 3840 5546 si

2254 5590 2718 5654 animadvertisset
2761 5587 2890 5645 illud
2943 5591 3086 5662 quod
3134 5588 3186 5642 in
3235 5587 3340 5642 line
3396 5587 3584 5658 prima:
3625 5582 3840 5644 dicitur.

2255 5685 2474 5757 perinde
2503 5683 2568 5738 de
2595 5683 2774 5754 prima
2808 5692 2968 5754 atque
3005 5688 3073 5736 de
3101 5681 3336 5739 secunda
3382 5696 3486 5736 non
3515 5691 3673 5750 posse
3714 5691 3836 5730 cen'
