4088 6138
433 252 552 307 73⁸

400 363 518 422 cedi
540 361 788 416 dicturus
810 366 947 414 erat.
973 355 1063 412 Sic
1080 357 1224 412 enim
1245 357 1475 429 primam
1498 357 1801 430 paraenesin
1820 358 1976 413 clau-

397 453 517 509 dit:
549 453 776 505 Tantum
814 465 876 503 ne
913 447 1176 518 desperes,
1210 464 1371 518 neque
1392 446 1664 502 concidas.
1697 451 1812 503 Hoc
1838 448 1979 502 enim

400 548 497 602 tibi
511 548 567 601 in
588 546 761 600 omnis
782 544 1040 599 sermonis
1058 559 1368 614 congressu,
1385 541 1696 614 ubicumque
1721 551 1767 597 te
1787 541 1964 597 videro

398 650 451 698 et
480 642 709 696 aliorum
731 639 895 693 etiam
910 653 999 692 ore
1016 645 1241 706 repetere
1266 652 1371 691 non
1386 635 1637 691 cessabo:
1661 635 1799 707 quod
1821 637 1869 691 si
1890 653 1983 690 au-

400 734 586 795 dieris,
611 732 735 786 aliis
753 729 982 801 amplius
1002 728 1247 783 remediis
1266 743 1370 782 non
1390 728 1580 799 egebis.
1596 728 1662 782 In
1676 728 1796 783 loco
1812 728 1982 799 igitur

398 832 519 881 erat
546 822 977 894 Chrysostomus
996 859 1012 884 ,
1055 819 1149 875 ubi
1189 834 1315 874 cum
1341 816 1633 874 Theodoro
1663 819 1897 889 negotiis
1926 826 1982 874 et

397 914 773 985 voluptatibus
800 912 1062 968 immerso
1085 910 1368 981 congredi,
1404 910 1697 980 ipsumque
1728 924 1863 964 casu
1887 908 1977 965 of-

399 1008 625 1065 fendere
644 1016 699 1062 et
720 1005 909 1061 videre
935 1011 1170 1075 poterat,
1199 1010 1361 1074 atque
1380 1000 1518 1056 adeo
1537 1000 1862 1055 Antiochiae.
1889 999 1981 1054 ld-

398 1117 509 1172 que
534 1099 601 1155 de
628 1098 871 1155 secunda
894 1099 1096 1170 pariter
1119 1096 1370 1152 oratione
1395 1093 1688 1150 dicendum
1716 1111 1734 1147 ι
1760 1106 1921 1162 quam
1946 1106 1979 1146 a

396 1193 793 1264 Chrysostomo
813 1191 1014 1247 editam
1041 1197 1096 1246 et
1112 1190 1340 1245 missam
1372 1187 1543 1242 fuisse
1573 1186 1831 1255 opinatur
1862 1182 1977 1238 Til-

398 1284 697 1341 lemontius
726 1296 872 1337 anno
898 1280 1118 1337 circiter
1143 1278 1269 1334 569.
1302 1277 1460 1333 Hunc
1480 1290 1614 1332 vero
1643 1288 1849 1329 annum
1878 1285 1979 1343 pro

400 1385 635 1446 utraque
656 1371 925 1445 paraenesi
942 1372 1176 1427 libenter
1196 1378 1251 1426 et
1269 1384 1371 1441 ego
1390 1369 1676 1425 statuerim
1698 1385 1714 1434 ;
1744 1365 1982 1421 maxime

400 1471 533 1540 quia
562 1483 673 1523 non
696 1466 915 1521 videtur
941 1464 1086 1520 alius
1124 1462 1464 1519 commodior
1493 1475 1671 1515 annus
1691 1456 1924 1514 indicari
1961 1473 1976 1512 :

400 1560 509 1617 etsi
541 1575 650 1614 non
679 1558 891 1613 modica
917 1555 1207 1611 dilIicultas
1239 1559 1499 1623 exsurgat
1528 1552 1673 1606 circa
1703 1550 1857 1606 illum
1891 1563 1981 1604 sa-

401 1668 562 1707 crum
585 1659 808 1713 coetum,
832 1649 921 1703 cui
950 1662 1149 1702 nomen
1178 1647 1441 1703 dederant
1462 1642 1701 1699 Joannes
1732 1643 1979 1712 Chryso-

403 1752 622 1801 stomus
642 1750 696 1797 et
721 1739 1048 1796 Theodorus
1077 1758 1090 1793 :
1118 1738 1211 1794 sed
1241 1737 1377 1793 illud
1403 1743 1680 1803 accurate,
1712 1742 1977 1804 quantum

402 1837 492 1892 fas
524 1835 650 1901 erit,
686 1835 996 1891 excutietur
1024 1833 1079 1887 in
1112 1829 1237 1885 Vita
1262 1826 1643 1901 Chrysostomi
1672 1824 1741 1881 ad
1770 1825 1980 1881 calcem

402 1927 573 1998 hujus
604 1925 861 1983 editionis
896 1922 1236 1980 adornanda.

480 2015 747 2073 Monitum
772 2016 1029 2072 lectorem
1052 2012 1234 2079 velim,
1261 2009 1424 2083 paulo
1454 2017 1580 2065 ante
1603 2007 1765 2062 ﬁnem
1790 2003 1979 2076 prima:

745 5630 1022 5697 Parnm.
1067 5629 1185 5692 Gn.
1224 5622 1478 5692 XLVII.
1516 5684 1517 5687 η

1857 237 2190 300 MONITUM.

3510 240 3618 295 276
3633 248 3664 285 υ

2088 357 2407 430 paraenesis,
2457 358 2665 416 scilicet
2710 358 2802 411 ubi
2844 356 3025 428 agitur
3071 354 3138 410 de
3187 355 3416 423 quodam
3460 358 3665 429 juvene

2085 449 2347 509 thnice
2370 450 2574 508 Urbani
2596 450 2709 506 ﬁlio
2729 450 2917 514 divite,
2943 447 3036 520 qui
3053 457 3341 521 postquam
3366 449 3433 505 ad
3446 459 3664 508 montes

2086 557 2211 598 cum
2234 543 2525 598 monachis
2550 542 2894 608 secessisset,
2920 541 3129 597 relictis
3145 547 3335 612 postea
3353 543 3660 607 monachis,

2085 640 2351 710 voluptati
2372 646 2427 695 et
2450 639 2664 695 libidini
2684 639 2741 693 in
2764 636 2901 693 urbe
2917 637 3133 693 deditus
3155 644 3293 703 erat;
3316 636 3371 691 id
3389 637 3537 708 quod
3564 638 3664 692 ad-

2081 732 2275 803 jicitur
2296 731 2363 787 de
2388 731 2596 787 sanctis
2619 730 2753 786 viris
2776 729 2870 800 qui
2902 729 3051 783 illum
3077 728 3143 783 ad
3169 728 3458 798 pristinam
3491 730 3661 784 vitam

2086 825 2347 901 reducere
2372 822 2673 889 tentabant,
2699 830 2753 878 et
2776 831 2836 877 ut
2859 820 3047 875 Graeca
3068 820 3289 886 habent,
3305 820 3502 875 εἴποτε
3524 818 3662 876 εἶδον

2087 915 2320 986 φανέντα
2341 916 2435 969 ἐπὶ
2447 914 2548 986 τῆς
2566 914 2797 985 ἀγορᾶς,
2811 914 2905 966 καὶ
2921 912 3227 984 προσῄεσαν
3243 912 3336 966 καὶ
3355 913 3663 983 ἠσπάζοντο

2089 1007 2257 1080 (quod
2272 1022 2375 1063 nos
2389 1006 2676 1070 vertimus,
2697 1006 2743 1059 si
2768 1004 2980 1075 quando
3006 1003 3239 1058 viderent
3263 1004 3320 1057 in
3346 1003 3486 1072 foro,
3514 1022 3662 1059 acce-

2085 1100 2279 1156 debant
2296 1111 2345 1155 et
2370 1097 2818 1169 amplectebantur
2840 1094 2979 1166 eum)
2996 1095 3398 1167 illud,inquam,
3414 1111 3659 1152 commo-

2088 1192 2210 1248 dius
2231 1191 2373 1246 verti
2393 1205 2580 1261 posse,
2606 1188 2923 1243 accedebant
2942 1195 2993 1242 et
3012 1187 3323 1242 salutabant
3339 1204 3477 1244 eum.
3496 1186 3655 1242 Prior

2086 1285 2462 1356 interpretatio
2483 1285 2686 1355 optime
2707 1282 3020 1354 quadraret,
3052 1281 3162 1337 nisi
3190 1295 3255 1337 ea
3280 1297 3402 1353 qua;
3424 1296 3549 1337 mox
3573 1298 3660 1338 se-

2086 1388 2329 1452 quuntur
2351 1378 2643 1451 posteriori
2666 1377 2839 1447 magis
2871 1374 3116 1430 faverent
3144 1391 3158 1428 :
3185 1382 3236 1429 et
3261 1373 3520 1442 principio
3543 1374 3661 1446 qui-

2085 1470 2201 1525 dem
2224 1469 2310 1524 ille
2338 1486 2467 1541 equo
2489 1478 2661 1523 vectus
2689 1467 3015 1535 insequentes
3032 1462 3154 1517 illos
3184 1462 3389 1533 oblique
3420 1461 3658 1533 alloque-

2087 1565 2263 1615 batur.
2289 1558 2443 1630 Equo
2467 1567 2681 1614 vectum
2704 1557 2947 1612 salutare
2975 1553 3193 1610 facilius
3221 1562 3325 1619 est,
3351 1568 3514 1624 quam
3543 1568 3660 1609 am-

2085 1655 2247 1725 plecti
2272 1672 2287 1709 :
2314 1652 2631 1723 ἀσπάζομαι
2662 1658 2841 1705 autem
2863 1656 3157 1719 utrumque
3184 1647 3476 1719 significat.

2156 1745 2662 1817 lnterpretationem
2687 1744 2972 1811 utriusque
2995 1740 3234 1795 homiliaz
3250 1740 3318 1795 ab
3339 1740 3546 1795 incerto
3573 1736 3657 1791 in-

2085 1847 2322 1911 terprete
2356 1840 2553 1893 factam
2573 1877 2587 1901 ,
2631 1845 2819 1905 utpote
2856 1851 2963 1891 non
2994 1843 3307 1891 accuratam
3338 1832 3653 1903 rejecimus,

2089 1947 2391 2003 novamque
2420 1929 2753 2001 paravimus.

3279 5597 3362 5665 15
