4088 6138
315 215 424 268 277

1445 206 1533 259 AD
1579 205 2006 261 THEODORUM
2051 204 2346 260 LAPSUM.
2389 205 2432 259 1.

3469 196 3571 251 27‘}

2083 431 3052 454 —.—__—_——-_‘a:‘——..—--—a—._---.
3077 432 3126 437 ...
3157 433 3160 435 λ
3191 432 3198 434 -
3287 433 3293 437 ,
3321 431 3381 437 -.κ
3471 433 3474 435 λ
3508 433 3514 436 .

2083 445 2568 454 -α--ᾜ
2641 444 3098 454 ’.ιν-α--ι-ν--ι-ο
3109 445 3188 453 —-——-
3201 446 3208 448 -
3222 445 3262 450 αρ-
3276 444 3484 453 νς-η-ιο-ιι--ν
3498 445 3504 450 ι

2237 443 3098 454 -υ--α--μ--ῇα--ι-ν--ι-ο
3109 445 3188 453 ...ν-
3201 446 3208 448 -
3222 445 3262 450 -.-
3276 444 3484 453 ..ς-...ιο-ι--ν
3498 445 3504 450 .
3517 443 3545 452 ~—

1233 724 1648 813 SANCTI
1729 723 2148 810 PATRIS
2225 719 2663 809 NOSTBI

327 1095 1458 1316 JOANNIS
1561 1081 3567 1339 CHRYSOSTOMI,

1141 1567 1748 1632 ABCHIEPISCOPI
1790 1564 2766 1636 CONSTANTINOPOLI'I‘ANI,

1253 1892 1880 2056 OPERA
1980 1889 2643 2046 OMNIA.

427 2643 1035 2738 l’AB/El‘iESlSil
1105 2653 1340 2733 SlVE
1415 2649 2085 2728 ADHURTATIO
2166 2653 2294 2726 AD
2367 2647 3024 2729 THEODURUM
3105 2651 3543 2729 LAPSUM.

1639 3411 2283 3448 ψ

380 3639 573 3703 LQuis
586 3637 732 3692 dabit
747 3634 898 3703 capiti
940 3647 1048 3686 meo
1079 3645 1281 3700 aquam,
1307 3638 1353 3681 et
1378 3627 1535 3679 oculis
1558 3626 1678 3678 meis
1707 3628 1894 3695 fontem

316 3735 661 3800 lacrymarum
685 3723 816 3795 (Jer.
850 3725 903 3778 9.
941 3722 1033 3791 l)?
1065 3721 1115 3775 id
1163 3719 1319 3788 longe
1361 3717 1711 3786 opportunius
1757 3730 1894 3770 nunc

314 3825 514 3888 dicam,
543 3835 699 3890 quam
731 3818 817 3872 ille
836 3814 1100 3886 quondam
1132 3811 1408 3881 propheta.
1435 3809 1576 3864 Licet
1619 3809 1759 3862 enim
1785 3822 1894 3862 non

317 3916 480 3970 urbes
548 3911 806 3980 plurimae,
877 3921 983 3960 non
1049 3911 1232 3974 gentes
1278 3901 1494 3969 integrae
1556 3897 1896 3968 deplorandae

319 4003 453 4060 mihi
496 4004 633 4062 sint,
684 4007 740 4053 at
777 3997 1006 4051 animam
1045 3993 1218 4049 deﬂeo
1256 3988 1555 4061 hujusmodi
1595 3989 1897 4043 nationibus

323 4094 576 4163 dignitate
595 4103 797 4160 parem,
825 4087 930 4141 imo
957 4085 1114 4140 etiam
1147 4080 1539 4152 pretiosiorem.
1566 4077 1698 4135 Nam
1737 4077 1784 4132 si
1813 4078 1896 4132 vel

323 4201 463 4241 unus
487 4183 578 4254 qui
597 4183 918 4236 voluntatem
943 4177 1034 4232 Dei
1059 4176 1217 4232 faciat
1233 4173 1501 4231 sexcentis
1517 4171 1694 4241 impiis
1713 4171 1898 4226 melior

325 4285 428 4342 est,
453 4291 583 4330 sane
611 4283 665 4327 tu
693 4271 882 4326 melior
899 4277 1050 4323 antea
1079 4282 1200 4323 eras
1233 4265 1523 4321 innumeris
1565 4264 1672 4318 illis
1690 4262 1900 4318 Judan-

328 4381 444 4420 rum
489 4364 743 4418 millibus.
773 4359 1130 4427 Quamobrem
1159 4371 1317 4410 nemo
1358 4354 1488 4410 mihi
1525 4354 1654 4408 vitio
1693 4359 1900 4418 vertat,

331 4457 466 4529 quod
505 4455 686 4510 ﬂetum
741 4465 1006 4506 assumam
1053 4448 1209 4518 longe
1252 4445 1507 4515 majorem
1534 4485 1551 4512 ,
1596 4445 1902 4529 luctumque

332 4524 677 4612 acerbiorem,
720 4558 878 4616 quam
919 4542 1006 4595 ille
1051 4539 1308 4610 propheta
1333 4537 1500 4592 literis
1524 4537 1753 4592 dederit.
1784 4524 1901 4591 Non

333 4641 468 4696 enim
513 4638 698 4692 urbem
724 4648 963 4689 eversam
995 4633 1169 4702 lugeo,
1201 4644 1308 4684 non
1336 4629 1697 4698 improborum
1727 4626 1900 4682 homi—

335 4749 476 4786 mnm
504 4729 884 4799 captivitatem,
924 4725 1017 4781 sed
1038 4725 1228 4780 anima:
1267 4737 1437 4785 sacrae
1480 4721 1810 4787 vastitatem,
1842 4735 1906 4774 ac

334 4822 628 4877 Christiferi
676 4819 859 4889 templi
903 4816 1168 4873 excidium
1212 4823 1370 4885 atque
1415 4815 1644 4868 ruinam.
1685 4812 1741 4868 Si
1785 4813 1904 4882 quis

336 4916 477 4968 enim
499 4921 743 4967 ornatum
773 4910 966 4967 mentis
997 4919 1118 4973 tuae,
1148 4922 1306 4977 quem
1333 4920 1475 4960 nunc
1498 4905 1698 4960 exussit
1718 4903 1906 4959 diabo-

339 5006 446 5072 lus,
471 5020 591 5058 eum
619 5003 904 5072 splendore
923 4981 1144 5071 fulgeret
1166 4998 1332 5069 probe
1359 4997 1584 5063 noverit,
1613 4995 1910 5062 annonuin-

337 5095 596 5164 gemiseat
619 5102 675 5148 et
698 5092 971 5164 prophetae
1014 5092 1186 5146 luctus
1231 5096 1482 5159 usurpet;
1512 5088 1558 5142 si
1585 5102 1779 5158 nempe
1815 5103 1911 5141 au-

403 5237 416 5264 ³
445 5235 496 5282 ln
517 5234 607 5282 hac
631 5233 942 5281 emendenda
965 5231 1203 5288 paraenesi
1223 5231 1297 5277 usi
1321 5241 1490 5276 sumus
1512 5231 1722 5288 quatuor
1744 5225 1926 5276 codici-

340 5295 430 5356 bus
453 5296 626 5356 Regiis
647 5301 698 5342 et
722 5299 931 5354 quatuor
952 5287 1264 5343 Colbertinis.
1278 5291 1418 5356 _Un_us
1429 5287 1615 5356 Regius
1636 5294 1688 5336 et
1706 5288 1804 5356 duo
1819 5289 1928 5356 Col-

340 5350 765 5404 bertini'hahent':
810 5355 963 5415 Λόγος
995 5352 1322 5415 παραινετιᾉρς
1348 5352 1395 5400 ἐν
1417 5351 1528 5415 εἷδει
1567 5350 1836 5415 ἐπισςιολῆς-
1863 5351 1928 5403 εἰ..

343 5419 610 5480 Θέὁδωρον,
625 5423 720 5465 etc.
737 5415 875 5480 Alius
894 5410 1054 5480 (1011).,
1067 5410 1148 5468 Εἰς
1169 5413 1418 5480 Θεόξωρφχ
1431 5412 1644 5480 ἀσκητὴν
1665 5410 1924 5480 ἐὲπξςόντα

344 5480 457 5542 πρὸς
486 5471 758 5542 ιίετάὺοιᾳ-νί
790 5477 888 5542 Alii
929 5477 1054 5542 utin
1081 5483 1239 5542 testu.
1272 5471 1508 5542 Savilius,
1531 5472 1646 5542 πρὸς
1679 5471 1929 5542 Θιεόδωρον

347 5532 609 5589 ἐὲπέόὸντα
631 5539 717 5586 τοῦ
743 5540 958 5602 ἐναρέτου
983 5539 1086 5602 βίου
1105 5537 1242 5602 λόγος
1267 5535 1495 5602 β’.ΑΟιιρς1
1522 5532 1685 5580 autem
1717 5532 1820 5579 haec
1842 5532 1927 5602 pa-

348 5604 550 5650 raencsis
573 5601 786 5661 secunda
808 5596 1017 5661 ponatur
1037 5601 1085 5647 in
1108 5596 1325 5661 editione
1339 5597 1597 5661 Saviiiana:
1612 5604 1782 5661 errore
1800 5596 1927 5640 acci-

338 5663 471 5713 disse
484 5669 713 5713 monetur
741 5660 788 5710 in
812 5655 942 5711 uotis
966 5661 1183 5724 ejusdem
1208 5660 1327 5709 edit.
1345 5655 1469 5708 Vide
1492 5659 1540 5705 in
1555 5655 1737 5704 Monito
1755 5668 1923 5718 supra.

2003 3626 2161 3682 dierit
2206 3625 2461 3682 barbaras
2504 3643 2692 3685 manus
2734 3641 2918 3686 sancta
2962 3641 3264 3689 sanctorum
3311 3637 3582 3705 polluisse,

2002 3729 2056 3773 et
2086 3718 2339 3789 subjectis
2372 3719 2583 3790 ignibus
2606 3722 2786 3776 omnia
2808 3723 3185 3796 combussisse,
3223 3727 3510 3786 Cherubim
3535 3734 3576 3798 ί,

2003 3824 2204 3878 arcam,
2254 3810 2699 3881 propitiatorium,
2740 3813 2974 3883 lapideas
3001 3815 3222 3883 tabulas,
3254 3835 3440 3875 urnam
3484 3837 3577 3877 au-

2003 3900 2189 3955 ream?
2218 3900 2345 3956 Hzec
2366 3902 2650 3973 siquidem,
2673 3902 2788 3959 hmo
2812 3904 3084 3961 calamitas
3109 3916 3256 3964 tanto
3295 3910 3384 3963 illa
3427 3927 3580 3968 acer-

2005 3988 2122 4044 bior
2145 3998 2248 4058 est,
2260 4001 2460 4061 quanto
2485 3993 2798 4064 pretiosiora
2823 3996 2928 4051 illis
2952 3997 3192 4068 symbola
3214 3999 3268 4053 in
3295 4000 3472 4055 anima
3498 4011 3580 4057 tua

2007 4081 2328 4138 residebant.
2357 4084 2473 4142 Hoc
2514 4088 2770 4158 templum
2809 4089 2902 4144 illo
2941 4089 3176 4147 sanctius
3225 4101 3341 4147 erat
3369 4112 3382 4148 :
3413 4109 3582 4165 neque

2007 4173 2151 4226 enim
2192 4187 2323 4228 auro
2364 4175 2450 4230 vel
2498 4187 2741 4247 argento,
2787 4179 2883 4234 sed
2923 4179 3150 4249 Spiritus
3195 4185 3364 4252 gratia
3413 4183 3582 4256 fulge-

2009 4263 2118 4330 bat,
2145 4278 2209 4318 ac
2237 4279 2335 4333 pro
2361 4281 2483 4321 arca
2513 4276 2570 4323 et
2593 4269 2880 4326 Cherubim
2920 4272 3188 4329 Christum
3233 4277 3452 4348 ejusque
3490 4279 3588 4335 Pa—

2012 4363 2144 4410 trem
2167 4363 2325 4426 atque
2348 4356 2681 4414 Paracletum
2712 4360 2895 4416 habuit
2921 4363 3327 4420 inhabitantem.

2080 4446 2277 4500 Anima:
2304 4448 2463 4518 lapsae
2485 4457 2662 4504 status.
2689 4479 2761 4490 —
2785 4452 2855 4504 At
2882 4467 3022 4506 nunc
3047 4468 3154 4507 non
3190 4454 3264 4508 ita
3305 4469 3364 4510 se
3396 4456 3589 4524 habet;

2010 4538 2102 4593 sed
2117 4537 2384 4594 desertum
2396 4539 2611 4610 quidem
2628 4550 2710 4596 est
2728 4541 3084 4612 nudatumque
3097 4543 3485 4614 pulchritudine
3507 4549 3594 4604 illa

2012 4637 2167 4700 atque
2181 4629 2394 4698 decore,
2407 4629 2586 4685 divino
2605 4630 2959 4701 inetl‘abilique
2974 4641 3162 4688 ornatu
3185 4635 3486 4703 spoliatum;
3507 4655 3598 4693 va-

2012 4735 2166 4776 cuum
2207 4731 2382 4777 autem
2427 4723 2571 4777 omni
2611 4725 2896 4779 securitate
2940 4733 3100 4795 atque
3143 4727 3401 4796 custodia,
3441 4731 3509 4786 ita
3538 4740 3595 4787 ut

2015 4827 2186 4882 neque
2202 4813 2360 4882 janua
2402 4829 2572 4883 neque
2610 4815 2772 4869 vectis
2815 4813 2974 4880 adsit,
2995 4816 3090 4872 sed
3129 4826 3306 4888 pateat
3342 4822 3591 4877 omnibus

2015 4908 2202 4963 animae
2219 4906 2456 4962 exitiosis
2473 4905 2732 4977 [cedisque
2751 4907 3175 4978 cogitationibus.
3196 4909 3319 4967 Sive
3339 4927 3596 4984 arrogan-

2019 4999 2134 5065 tiae,
2163 4999 2277 5054 sive
2298 4997 2680 5064 fornicationis,
2700 4999 2813 5054 sive
2833 5000 3067 5056 avaritiae
3088 5002 3304 5072 spiritus
3321 5043 3336 5069 ,
3358 5004 3470 5060 sive
3491 5007 3593 5064 illis

2017 5092 2312 5148 deteriores
2355 5093 2554 5147 intrare
2592 5092 2876 5158 voluerint,
2901 5106 3059 5148 nemo
3086 5093 3406 5163 prohibebit.
3437 5097 3590 5154 Prius

2019 5183 2629 5254 vero,quemadmodum
2649 5183 2842 5238 coelum
2873 5182 2957 5237 his
2991 5186 3238 5240 omnibus
3267 5186 3597 5245 inaccessum

2022 5285 2122 5343 est,
2149 5276 2222 5331 ita
2250 5285 2303 5332 et
2325 5277 2527 5346 puritas
2561 5275 2750 5330 mentis
2787 5283 2912 5329 tum.
2940 5275 3008 5330 Et
3041 5275 3266 5332 fortasse
3309 5277 3596 5336 incredibi-

2087 5415 2104 5444 ³
2139 5420 2267 5462 Unth
2290 5420 2412 5473 Mss,
2447 5408 2699 5473 Cherubim
2722 5408 2847 5459 dico.
2887 5416 2993 5473 M_ox_
3012 5423 3138 5473 unus
3173 5424 3281 5461 cum
3311 5411 3473 5472 savi|.,
3511 5424 3598 5460 au-

2024 5486 2174 5535 ream,
2204 5470 2407 5541 sacrum
2425 5472 2746 5541 εοηιϋιρηζᾳη,
2756 5470 3018 5522 sacerdotis
3040 5472 3164 5522 thus.
3191 5473 3316 5541 alius
3347 5470 3471 5541 post,
3511 5485 3598 5541 αυτ

2024 5533 2176 5596 ream,
2211 5535 2358 5604 addit,
2396 5545 2490 5584 non
2529 5533 2698 5604 ςπξιιάὶι
2726 5533 2996 5604 lacrumam
3022 5533 3364 5604 sympathicnni
3383 5534 3407 5582 ?
3427 5534 3594 5604 Ceteri

2024 5591 2462 5651 consentinnt’cum
2485 5591 2702 5647 editione
2725 5591 2998 5646 atorélliana
3017 5591 3154 5656 cujus
3192 5599 3450 5646 lectionem
3473 5598 3594 5642 reti—

2025 5669 2215 5707 nemus.
2723 5669 2768 5674 ⁷⁷’“
2789 5671 2792 5673 λ
2886 5668 2897 5673 ”
