4088 6138
534 238 639 293 279

532 351 601 406 lia
635 351 832 408 dixisse
875 349 1092 407 videbor
1139 351 1220 416 iis,
1262 352 1354 422 qui
1401 367 1542 409 nunc
1587 331 2106 410 vident'vastitatem

531 442 1042 514 subversionemque
1069 453 1212 498 tuam
1246 461 1259 497 :
1294 457 1620 517 quapropter
1664 461 1806 503 nunc
1836 445 1992 503 doleo
2032 450 2109 503 lu-

527 550 752 605 geoque,
795 548 968 604 neque
1007 533 1167 589 ﬁnem
1210 535 1424 608 lugendi
1474 537 1664 594 faciam
1711 538 1885 595 donec
1919 540 1969 594 in
2000 541 2105 608 pri-

527 625 666 678 stino
700 633 751 679 te
790 623 1075 693 Splendore
1119 626 1324 682 videro.
1364 627 1514 685 Licet
1550 629 1692 685 enim
1742 630 1794 685 id
1835 631 2104 685 hominum

527 718 830 772 tacultatem
883 732 1138 788 superare
1181 720 1465 789 videatur,
1517 723 1627 778 Deo
1687 732 1863 778 tamen
1927 727 2104 778 omnia

522 807 692 862 facilia
719 816 863 863 sunt.
884 807 1000 879 Ipse
1023 811 1164 866 enim
1187 823 1269 866 est
1292 811 1394 880 Qui
1412 815 1619 867 suscitat
1644 813 1706 867 de
1726 823 1859 868 terra
1880 815 2102 886 inapem,

518 909 564 952 et
585 900 646 952 tle
668 910 884 956 stercore
909 902 1056 972 erigit
1077 920 1378 975 pauperem,
1397 913 1452 958 ut
1478 921 1593 959 eum
1613 905 1785 960 sedere
1812 905 1968 974 faciat
1989 922 2104 958 cum

516 990 846 1060 principibus,
898 1008 1012 1046 cum
1050 993 1362 1064 principibus
1401 993 1578 1065 pepuli
1613 998 1712 1048 sui.
1753 997 1873 1066 lpse
1909 1007 1991 1053 est
2017 996 2102 1066 qui

516 1081 742 1136 habitare
766 1082 891 1152 facit
916 1083 1139 1138 sterilem
1166 1085 1217 1138 in
1239 1084 1408 1150 domo,
1439 1094 1650 1138 matrem
1677 1086 1739 1139 de
1764 1086 1886 1152 ﬁliis
1924 1085 2103 1140 [tetan-

514 1183 609 1226 tem
632 1171 804 1243 (Psal.
837 1175 958 1230 112.
989 1173 1127 1246 7-9).
1157 1175 1338 1246 Itaque
1367 1192 1434 1231 ne
1455 1177 1710 1246 desperes
1735 1185 1786 1232 te
1811 1176 1876 1231 ad
1900 1177 2099 1247 optima

513 1263 896 1319 immutandum
922 1279 1060 1320 csse.
1095 1265 1153 1321 Si
1191 1265 1334 1321 enim
1361 1266 1605 1322 diabolus
1651 1275 1852 1322 tantum
1902 1267 2094 1336 potuit,

511 1364 569 1409 ut
594 1363 696 1408 tea
723 1355 920 1410 vertice
965 1355 1055 1409 illo
1079 1365 1132 1411 et
1179 1354 1390 1428 fastigio
1437 1357 1649 1412 virtutis
1701 1358 1754 1412 in
1797 1367 2095 1413 extremum

508 1446 724 1519 malitia:
763 1445 1090 1513 detruderet,
1137 1448 1305 1503 multo
1351 1447 1518 1518 magis
1547 1457 1597 1503 te
1631 1449 1768 1503 Deus
1809 1449 2003 1519 poterit
2041 1449 2093 1503 in

508 1539 782 1608 pristinam
806 1539 1060 1594 reducere
1087 1537 1386 1594 libertatem
1413 1555 1426 1594 :
1457 1555 1554 1594 nec
1583 1540 1740 1594 talem
1781 1540 1965 1607 modo,
1998 1539 2091 1596 sed

507 1630 671 1684 multo
701 1629 989 1684 feliciorem
1025 1640 1076 1685 te
1102 1629 1327 1685 reddere
1351 1645 1508 1700 quam
1540 1630 1688 1700 prius
1716 1629 1910 1684 fueras.

580 1722 840 1776 Peccatori
865 1739 978 1793 spes
1021 1739 1295 1792 numquam
1333 1722 1629 1776 amittenda.
1661 1751 1730 1762 —
1755 1722 1982 1776 Tantum
2023 1737 2092 1778 ne

502 1813 772 1876 concidas,
797 1829 894 1868 nec
929 1827 1077 1882 spem
1101 1813 1293 1868 bonam
1313 1812 1656 1883 prtescindas,
1681 1828 1784 1869 neu
1806 1814 2087 1883 impiorum

501 1915 694 1960 statum
722 1905 934 1960 subeas.
965 1904 1147 1974 Neque
1174 1905 1316 1959 enim
1348 1913 1690 1975 peccatorum
1717 1905 2002 1960 multitudo
2033 1905 2086 1960 in

497 1999 923 2068 desperationem
947 1997 1212 2068 conjicere
1233 1998 1389 2063 solet,
1417 1997 1512 2053 sed
1536 1999 1714 2052 anima
1737 2013 1800 2052 ex
1824 2012 1882 2053 se
1903 1997 2083 2067 impia.

497 2090 830 2158 Quapropter
857 2088 1109 2145 Salomon
1134 2103 1241 2143 non
1275 2087 1408 2143 dixit
1435 2089 1747 2160 simpliciter
1774 2106 1787 2142 :
1822 2089 2076 2160 Quisquis

497 2181 626 2234 venit
663 2181 714 2233 in
741 2180 1051 2250 profundum
1097 2181 1371 2246 malorum,
1415 2182 1722 2247 contemnit;
1749 2182 1843 2237 sed
1883 2181 2084 2253 Impius

498 2282 701 2327 tantum
733 2271 911 2343 (Prov.
943 2272 1028 2328 18.
1053 2272 1134 2344 ⁸5).
1179 2271 1466 2343 Impiorum
1497 2277 1639 2328 enim
1684 2273 1961 2328 dumtaxat
2001 2282 2082 2328 est

494 2365 582 2420 ille
609 2365 846 2432 morbus,
867 2365 1080 2437 quando
1102 2365 1154 2420 in
1182 2365 1501 2436 profundum
1524 2367 1787 2421 malorum
1809 2366 2076 2421 venerint.

495 2457 559 2511 lit
587 2457 686 2511 hoc
713 2457 841 2526 ipsis
870 2472 938 2512 ne
964 2456 1285 2527 respiciendi
1307 2455 1521 2527 quidem
1558 2455 1860 2511 facultatem
1907 2457 2077 2512 relin-

490 2549 623 2618 quit,
673 2564 844 2619 neque
895 2564 960 2603 eo
1005 2548 1335 2616 revertendi,
1376 2548 1520 2604 unde
1568 2549 1896 2604 exciderant.
1938 2549 2073 2604 Nam

488 2641 750 2709 flagitiosa
799 2641 890 2695 illa
950 2640 1201 2710 cogitatio
1246 2648 1513 2711 tamquam
1563 2640 1749 2711 jugum
1807 2641 2073 2711 quoddam

490 2733 720 2803 ligneum
745 2733 935 2787 animae
959 2733 1154 2788 cervici
1181 2733 1488 2802 impositum
1519 2741 1572 2788 et
1593 2732 1917 2803 compellens
1940 2749 2073 2789 ocu-

486 2825 569 2879 los
595 2824 644 2878 in
673 2833 865 2879 terram
912 2823 1211 2892 demittere,
1259 2823 1511 2893 prohibet
1555 2838 1623 2879 ne
1672 2823 1738 2878 ad
1787 2824 2072 2879 Dominum

484 2931 640 2970 suum
661 2917 928 2985 respiciat.
956 2917 1025 2970 At
1054 2916 1150 2970 viri
1173 2925 1253 2971 est
1271 2917 1516 2987 generosi
1542 2924 1597 2972 et
1614 2914 1933 2983 admirandi,
1967 2917 2071 2974 hu-

483 3008 708 3076 jusmodi
735 3008 930 3078 lignum
953 3018 1254 3072 conterere,
1273 3016 1327 3062 et
1343 3008 1584 3063 lictorem
1605 3009 1697 3079 qui
1723 3008 1776 3064 id
1795 3008 2069 3079 imposue-

483 3111 563 3153 rat
621 3111 906 3165 excutcre,
957 3115 1019 3153 ac
1062 3101 1335 3170 prophetae
1378 3099 1538 3155 verba
1593 3099 1870 3171 proferre:
1933 3102 2068 3159 Nam

485 3197 628 3248 Sicut
672 3194 808 3248 oculi
847 3193 1048 3247 ancilla:
1089 3193 1141 3247 in
1179 3193 1408 3248 manibus
1440 3192 1658 3249 domina:
1679 3211 1805 3262 suae,
1835 3195 1907 3251 ita
1933 3197 2069 3252 oculi

479 3291 634 3344 nostri
680 3288 748 3342 ad
806 3286 1082 3342 Dominum
1147 3285 1311 3341 Deum
1371 3297 1596 3342 nostrum
1621 3327 1637 3355 ,
1692 3291 1849 3344 donec
1917 3290 2066 3343 mise-

479 3395 646 3439 rcalttr
665 3383 840 3438 nostri.
884 3382 1123 3437 Miserere
1148 3383 1324 3450 nostri,
1353 3381 1587 3451 Domine,
1616 3385 1846 3439 miserere
1881 3386 2061 3455 nostri,

479 3473 593 3544 quia
608 3473 819 3526 multum
839 3472 1013 3541 repleti
1037 3489 1211 3526 sumus
1237 3472 1552 3544 despectione
1574 3474 1746 3545 (Psal.
1769 3475 1888 3530 122.
1908 3478 1964 3532 2.
1980 3479 2058 3549 5).

486 3564 576 3616 llae
602 3577 726 3616 vere
756 3561 945 3616 divinm
968 3572 1088 3616 sunt
1117 3563 1433 3632 disciplinae,
1459 3573 1513 3619 et
1538 3581 1800 3635 supremae
1822 3567 2061 3636 philoso-

482 3654 618 3722 phire
644 3655 909 3726 dogmata.
941 3655 1148 3725 Repleti
1172 3671 1376 3721 sumus,
1397 3657 1584 3726 inquit,
1613 3658 1976 3728 despectione,
2006 3671 2061 3718 et

478 3747 694 3801 infinitis
729 3746 978 3800 aerumnis
1000 3747 1175 3801 amicti
1199 3765 1212 3802 :
1231 3756 1462 3802 attamen
1484 3749 1498 3778 ¹
1514 3747 1580 3802 ad
1599 3749 1763 3802 Deum
1783 3753 2052 3820 reSpicere

479 3855 580 3892 non
605 3839 954 3905 cessabimus,
985 3853 1082 3892 nec
1110 3838 1266 3892 finem
1299 3839 1549 3908 precandi
1577 3839 1851 3907 faciemus,
1884 3841 2058 3898 donec

475 3931 731 3997 postulata
757 3929 893 3983 nacti
941 3927 1213 3983 fuerimus.
1244 3929 1353 3983 Hoc
1375 3937 1456 3983 est
1501 3930 1641 3984 enim
1691 3931 1849 3985 animi
1893 3947 2057 4003 gene-

476 4019 581 4072 rosi
629 4035 732 4073 non
777 4018 1137 4084 consternari,
1190 4033 1287 4072 nec
1321 4032 1351 4071 a
1378 4031 1473 4086 spe
1515 4016 1788 4072 deturbari
1835 4030 2056 4092 propter

472 4113 575 4166 vim
604 4113 995 4173 calamitatum,
1026 4122 1200 4178 neque
1218 4107 1514 4177 discedere,
1557 4106 1765 4164 etiamsi
1811 4108 2053 4179 repetitis

479 4190 700 4244 subinde
724 4189 969 4257 precibus
995 4189 1128 4240 nilut
1155 4186 1473 4252 impetrarit,
1499 4187 1592 4240 sed
1615 4189 1859 4246 insistere
1878 4192 2048 4248 donec

478 4285 790 4339 misereatur
818 4282 999 4345 nostri,
1031 4280 1473 4350 quemadmodum
1500 4280 1576 4336 ait
1600 4280 1784 4336 beatus
1815 4282 1998 4338 David.

543 4397 596 4448 2.
628 4396 906 4463 Propterea
938 4395 1078 4449 enim
1125 4392 1363 4448 diabolus
1401 4407 1497 4447 nos
1526 4393 1578 4447 in
1623 4392 1928 4462 desperatas
1957 4409 2045 4450 co-

470 4485 1033 4556 gitationesinjieit,ut
1078 4499 1226 4554 spem
1255 4498 1380 4554 erga
1425 4483 1588 4537 Deum
1640 4483 2046 4552 praecidat;an-

468 4579 682 4632 choram
718 4593 906 4647 nempe
935 4585 1096 4630 tutam
1134 4575 1360 4645 vitasque
1387 4583 1580 4628 nostra:
1606 4574 2038 4637 sustentaculum,

467 4669 650 4724 ducem
686 4671 734 4722 in
765 4669 845 4722 via
869 4671 934 4724 ad
971 4668 1157 4722 emittm
1190 4677 1388 4731 nostra,
1437 4665 1661 4720 salutem
1716 4665 2040 4735 perditarum

464 4761 776 4815 animarum.
807 4760 914 4829 Spe
932 4761 1083 4825 enim,
1126 4759 1312 4828 inquit,
1357 4760 1483 4813 salvi
1508 4760 1628 4830 [acti
1654 4775 1828 4814 sumus
1859 4758 2014 4831 (Rom

463 4853 513 4906 8.
543 4853 658 4919 Ἡ).
712 4851 866 4915 ΠὶῺϐ,
899 4849 1134 4916 inquam.
1181 4849 1296 4902 haec
1331 4850 1479 4903 velut
1516 4860 1699 4904 catena
1731 4852 1751 4882 ³
1792 4849 1944 4906 fortis
1970 4849 2038 4906 dc

461 4943 590 4994 (ποια
620 4943 872 5009 pendens,
929 4941 1132 4992 animas
1183 4939 1410 4993 sustinet
1456 4949 1688 5006 nostras,
1735 4951 1787 4996 et
1829 4943 1895 4998 ad
1942 4960 2034 4998 ca-

459 5047 646 5086 Ctttltt'n
676 5031 796 5083 illud
830 5031 1075 5098 paulatim
1128 5029 1290 5084 trahit
1340 5044 1453 5096 eos,
1485 5032 1574 5100 qui
1631 5031 1769 5088 hanc
1810 5034 2035 5089 firmiter

387 5128 393 5135 '
461 5131 659 5186 tenent,
692 5132 745 5175 et
794 5137 823 5175 a
856 5121 1095 5189 procellis
1126 5122 1381 5175 malorum
1425 5125 1702 5191 praesentis
1745 5127 1867 5179 vitae
1891 5126 2032 5180 abri-

459 5217 551 5281 pit.
576 5213 627 5264 Si
657 5212 772 5280 quis
803 5212 960 5279 igitur
986 5228 1092 5279 prae
1137 5211 1357 5267 mollitie
1407 5211 1544 5268 hanc
1572 5227 1777 5269 sacram
1826 5216 2027 5271 ancho-

457 5321 565 5358 ram
584 5303 831 5367 dimittat,
857 5302 1032 5356 statim
1061 5302 1258 5355 decidit
1284 5311 1339 5357 et
1363 5304 1672 5367 suffocatur.
1703 5306 1756 5360 in
1778 5307 2026 5378 abyssum

455 5394 666 5450 malitia:
705 5393 995 5448 demersus.
1025 5393 1176 5460 Quod
1204 5395 1224 5425 ³
1254 5410 1374 5449 cum
1426 5397 1558 5450 sciat
1612 5399 1873 5469 malignus
1915 5399 2023 5468 ille,

520 5556 529 5583 ²
569 5550 763 5614 <avil.et
784 5563 909 5614 unus
926 5558 1061 5610 Begu,
1085 5556 1292 5614 attamen
1315 5549 1459 5614 etiam
1481 5549 1551 5600 sic
1573 5549 1731 5614 positi.

514 5619 529 5646 ³
567 5613 700 5663 ~avil.
727 5621 778 5662 et
799 5611 979 5676 aliquot
998 5620 1100 5662 Mss.
1126 5613 1325 5670 habent,
1363 5611 1487 5661 velut
1517 5611 1683 5663 catena
1705 5626 1874 5664 aurea.

513 5679 530 5709 ἲ
567 5689 676 5738 Heg.
708 5689 829 5725 unus
851 5675 1012 5732 habet,
1054 5685 1179 5735 (me.
1202 5676 1329 5722 Idem
1353 5688 1484 5735 mox,
1509 5683 1751 5736 postquam
1768 5688 1849 5725 nos
1873 5675 2018 5726 inm.

1278 235 1333 289 S.
1373 235 1647 292 JOANNIS
1669 237 2137 299 CllllYSOSTOMl
2179 242 2492 301 AllClllEP.
2533 244 3058 308 CONSTANTINOP.

3707 259 3814 316 Ξεθ

2219 368 2494 430 pestquam
2527 377 2626 435 nos
2680 364 2937 419 malorum
2987 380 3209 435 operum
3245 367 3574 428 conscientia
3625 385 3808 429 onera.

2217 460 2299 505 tos
2323 453 2510 518 sensit,
2540 453 2748 511 irruens
2790 466 2845 511 et
2872 457 2984 526 ipse
3011 458 3402 528 desperationis
3426 462 3802 530 cogitationem

2215 539 2431 609 plumbo
2480 543 2782 610 graviorem
2812 546 3082 612 immittit;
3108 563 3266 617 quam
3296 549 3341 603 si
3381 553 3800 621 susceperimus,

2213 646 2434 687 necesse
2462 641 2543 688 est
2567 635 2804 711 pondere
2849 638 3027 692 statim
3071 639 3285 695 avulsos
3310 649 3365 695 et
3412 657 3444 697 a
3487 654 3679 699 catena
3710 646 3802 701 illa

2210 723 2506 778 abstractos
2548 725 2600 779 in
2637 725 2958 796 profundum
2999 729 3258 786 malorum
3302 733 3548 804 deprimi,
3593 737 3646 791 in
3695 754 3805 810 quo

2211 821 2264 866 tu
2283 828 2426 868 nunc
2446 817 2676 870 versaris
2700 835 2715 872 :
2737 819 3160 890 quandoquidem
3183 824 3384 892 rejecto
3403 827 3542 882 mitis
3558 838 3611 883 et
3627 829 3804 885 humi-

2207 905 2274 962 lis
2323 907 2534 964 Domini
2595 913 2878 978 mandato,
2917 914 3146 971 crudelis
3200 917 3341 974 illius
3393 929 3548 991 atque
3583 925 3803 994 tyranni

2219 997 2672 1073 implacabilisque
2699 1005 2884 1060 salutis
2919 1017 3117 1063 nostrae
3153 1008 3353 1066 inimici
3409 1025 3670 1084 przecepta
3698 1031 3800 1071 cx-

2204 1092 2445 1162 sequeris
2473 1097 2670 1162 omnia,
2713 1098 2859 1152 suavi
2879 1097 3005 1169 jugo
3025 1100 3260 1171 dirupto,
3289 1102 3393 1158 levi
3430 1104 3637 1175 abjecto
3661 1122 3800 1165 one-

2204 1197 2281 1248 re,
2315 1185 2704 1255 circumpositis
2751 1189 2804 1243 iu
2833 1190 3002 1245 vicem
3033 1191 3245 1248 illorum
3276 1196 3519 1253 vectibus
3549 1197 3744 1256 ferreis
3779 1219 3794 1265 ;

2204 1273 2527 1346 insuperque
2558 1279 2751 1333 molam
2788 1280 3076 1336 asinariam
3097 1298 3126 1338 a
3147 1284 3288 1340 collo
3313 1294 3403 1342 tuo
3446 1291 3796 1360 suspendisti.

2201 1363 2301 1422 Ubi
2319 1372 2704 1438 nuncsteteris,
2755 1383 3032 1444 postquam
3071 1377 3334 1434 infelicem
3378 1383 3610 1438 animam
3647 1396 3795 1441 tuam

2199 1457 2520 1526 de'mersisti,
2536 1475 2599 1517 ac
2621 1463 2712 1518 tibi
2729 1479 2846 1518 eam
2867 1467 3240 1524 necessitatem
3261 1471 3534 1537 iuduxisti,
3558 1485 3614 1529 ut
3631 1476 3794 1531 deor-

2197 1563 2316 1603 sum
2343 1564 2556 1622 semper
2579 1553 2764 1609 tendas
2780 1555 2803 1609 ?
2819 1555 3006 1611 Mulier
3025 1559 3202 1630 itaque
3225 1561 3312 1616 illa
3333 1579 3450 1633 qua:
3471 1564 3793 1625 drachmam

2196 1655 2355 1696 uuam
2382 1642 2675 1712 invenerat,
2699 1647 2898 1702 vicinas
2924 1647 3220 1706 advocabat
3265 1653 3462 1710 lmtitiaa
3482 1671 3592 1712 sua:
3615 1660 3790 1729 parti-

2196 1732 2342 1800 cipes
2374 1773 2390 1800 ,
2439 1733 2623 1790 dicens
2654 1753 2667 1790 :
2701 1736 3138 1808 Congratulamini
3182 1742 3347 1812 mihi(
3374 1743 3501 1799 Luc.
3553 1748 3640 1802 l5.
3679 1753 3713 1802 9
3746 1749 3789 1818 ).

2193 1823 2306 1894 Ego
2336 1839 2462 1880 vero
2481 1827 2683 1883 amicos
2698 1841 2886 1885 omnes
2931 1839 2985 1885 et
3000 1846 3147 1888 meos
3169 1843 3221 1888 et
3244 1843 3362 1890 tuos
3388 1836 3454 1890 ad
3485 1851 3599 1892 rem
3628 1838 3791 1907 plane

2192 1916 2513 1971 contrariam
2543 1933 2682 1974 nunc
2719 1922 3024 1978 convocabo
3057 1941 3070 1977 :
3099 1940 3197 1980 nec
3225 1926 3397 1981 dicam
3433 1945 3445 1981 :
3476 1927 3790 2000 Congratu-

2192 2009 2373 2064 lamini
2423 2011 2743 2086 mihi;sed:
2783 2014 2984 2086 Lugete
3034 2033 3264 2083 mecum,
3313 2023 3789 2094 eumdemquelu-

2188 2109 2333 2155 ctum
2393 2103 2680 2170 assumite,
2711 2113 2765 2160 et
2818 2107 3142 2165 lamentabili
3195 2114 3468 2168 uobiscum
3501 2131 3631 2171 voce
3669 2119 3786 2172 cla.

2188 2199 2351 2246 mate.
2375 2191 2678 2250 Extremam
2701 2197 2895 2268 quippe
2917 2199 3176 2268 jacturam
3208 2202 3430 2259 fecimus
3454 2222 3468 2271 ;
3501 2223 3607 2262 non
3629 2209 3782 2278 quod

2189 2291 2265 2337 tot
2299 2291 2354 2338 et
2375 2292 2452 2338 tot
2476 2287 2590 2340 auri
2615 2287 2808 2343 talenta
2841 2304 2871 2343 e
2895 2292 3140 2348 manibus
3161 2295 3474 2361 exciderint,
3506 2314 3604 2353 nec
3631 2300 3785 2368 qum]

2185 2390 2374 2447 magna
2413 2379 2495 2433 vis
2541 2378 2772 2450 lapidum
2801 2383 3196 2453 pretiosorum;
3239 2389 3331 2442 sed
3381 2391 3517 2459 quod
3558 2393 3637 2446 vir
3694 2394 3787 2450 his

2183 2470 2433 2526 omnibus
2460 2473 2765 2541 pretiosior,
2793 2475 2883 2545 qui
2927 2477 2979 2531 in
3023 2477 3121 2534 hoc
3169 2496 3360 2552 magno
3385 2493 3438 2537 et
3465 2486 3784 2541 vastissimo

2183 2562 2317 2615 mari
2347 2563 2622 2618 nobiscum
2649 2566 2949 2634 navigabat,
2978 2571 3158 2624 nescio
3176 2588 3279 2641 quo
3300 2582 3452 2642 pacto
3478 2591 3775 2646 excussus,

2181 2653 2235 2707 in
2263 2653 2432 2722 ipsum
2463 2656 2717 2724 perniciei
2743 2657 3064 2728 profundum
3082 2661 3363 2720 deciderit.

2249 2747 2302 2800 5.
2329 2747 2482 2814 Quod
2502 2748 2546 2802 si
2573 2749 2662 2820 qui
2692 2766 2778 2806 me
2802 2767 2832 2805 a
2859 2752 3001 2808 luctu
3027 2753 3289 2811 abducere
3309 2759 3646 2826 tentaverint,
3672 2778 3777 2817 eos

2178 2835 2325 2893 hisce
2345 2839 2620 2909 prophetae
2639 2841 2817 2897 verbis
2861 2843 3101 2914 alloquar
3129 2864 3142 2900 :
3171 2845 3424 2902 Dimittite
3464 2866 3560 2916 me,
3592 2868 3776 2908 amare

2175 2931 2306 3000 ﬂebo
2336 2946 2354 2984 :
2397 2947 2460 2986 ne
2484 2933 2584 2985 vim
2637 2934 2837 3005 faciatis
2861 2935 2929 2989 ad
2965 2938 3332 2992 consolandum
3363 2944 3481 3014 me(
3513 2941 3645 2997 lsai.
3667 2944 3770 3000 22.

2173 3025 2266 3096 4).
2319 3023 2501 3096 Neque
2542 3027 2684 3082 enim
2715 3029 2810 3082 tali
2855 3029 2998 3083 luctu
3044 3046 3184 3085 nunc
3212 3031 3436 3100 afﬁcior,
3466 3036 3556 3104 qui
3607 3037 3770 3108 mihi,

2173 3117 2314 3190 quod
2340 3118 2719 3175 immoderatus
2742 3120 2830 3188 sit,
2862 3121 2991 3175 vitio
3033 3122 3166 3176 verti
3203 3124 3397 3192 possit;
3426 3126 3518 3180 sed
3546 3129 3768 3197 qualem

2171 3226 2273 3267 nec
2289 3210 2532 3279 Paulum,
2562 3227 2663 3267 nec
2688 3211 2922 3280 Petrum,
2951 3213 3096 3269 omni
3135 3215 3503 3272 consolatione
3533 3218 3764 3290 rejecta,

2169 3316 2444 3358 assumere
2467 3302 2759 3372 puduisset.

2239 3393 2556 3465 Deplorandi
2582 3394 2668 3465 qui
2718 3394 2772 3448 in
2818 3395 3034 3464 peccatis
3067 3407 3347 3451 versantur.
3381 3427 3453 3438 —
3480 3399 3759 3470 Siquidem

2169 3502 2282 3553 eos,
2301 3488 2390 3558 qui
2412 3487 2550 3542 hanc
2572 3503 2908 3543 communem
2930 3496 3157 3544 mortem
3178 3489 3477 3560 deplorant,
3490 3493 3613 3565 jure
3630 3496 3760 3565 quis

2167 3582 2342 3652 pusilli
2364 3582 2524 3635 animi
2555 3581 2789 3651 arguerit
2820 3601 2832 3636 :
2862 3581 3074 3652 quando
3119 3592 3296 3638 autem
3350 3584 3466 3640 vice
3506 3588 3759 3656 corporis

2164 3675 2338 3728 anima
2360 3683 2620 3742 prostrata
2635 3674 2778 3743 jacet
2803 3682 3030 3742 mortua,
3055 3673 3348 3732 innumeris
3361 3677 3606 3732 confossa
3629 3678 3755 3733 vul-

2163 3764 2399 3830 neribus,
2422 3774 2475 3818 et
2500 3763 2552 3816 in
2597 3763 2706 3833 ipsa
2735 3765 2894 3819 etiam
2927 3773 3095 3819 morte
3113 3765 3349 3834 pristinae
3400 3767 3593 3824 indolis
3608 3771 3757 3838 opti—

2162 3856 2326 3919 maz‘,
2357 3854 2672 3910 valetudinis
2713 3855 3013 3924 praeteritae,
3064 3857 3446 3927 exstinctaque
3500 3859 3752 3928 pulchri-

2161 3947 2358 4002 tudinis
2387 3948 2537 4018 signa
2563 3946 2796 4018 prarfert,
2823 3948 2941 4018 quis
2958 3955 3063 4002 tam
3093 3948 3339 4003 immanis
3363 3959 3621 4008 etsensus
3643 3969 3748 4009 ex-

2159 4052 2301 4108 pers,
2322 4039 2411 4109 qui
2456 4054 2552 4108 pro
2572 4038 2854 4108 gentilibus
2877 4047 2928 4093 et
2941 4039 3187 4111 lacrymis
3215 4041 3595 4097 consolationis
3619 4059 3744 4099 ver-

2156 4126 2518 4199 baproferat?
2553 4128 3014 4197 Quemadmodum
3056 4132 3199 4185 enim
3245 4131 3351 4188 illic
3378 4150 3479 4188 nou
3529 4136 3740 4204 lugere,

2153 4209 2224 4264 ita
2254 4207 2531 4276 hielugere
2567 4209 2989 4278 philosophicum
3017 4220 3119 4264 est.
3148 4211 3250 4278 Qui
3291 4211 3358 4267 ad
3392 4213 3579 4267 etclam
3608 4231 3718 4284 pcr-

2151 4305 2387 4362 venerat,
2407 4297 2498 4366 qui
2525 4297 2647 4351 vitae
2694 4300 2976 4355 vanitatem
3027 4299 3322 4368 deridebat,
3368 4304 3460 4373 qui
3496 4302 3724 4361 formam

2150 4402 2433 4457 corporum
2463 4389 2680 4458 perinde
2717 4398 2875 4460 atque
2916 4391 3117 4461 lapidea
3149 4393 3432 4449 simulacra
3464 4396 3722 4465 respicie-

2150 4479 2258 4543 bat,
2289 4480 2380 4549 qui
2424 4495 2610 4534 aurum
2650 4483 2798 4551 quasi
2836 4483 3039 4550 lutum,
3079 4484 3299 4541 delicias
3341 4502 3526 4542 omnes
3567 4490 3718 4558 quasi

2149 4585 2360 4625 caenum
2413 4573 2787 4627 contemnebat
2831 4575 2896 4626 ’τ
2938 4574 3025 4628 hic
3079 4575 3369 4645 derepente
3421 4577 3547 4632 febri
3591 4593 3716 4632 cor-

2147 4670 2330 4731 reptus
2374 4662 2588 4718 insulsa:
2629 4665 3090 4733 concupiscentize,
3124 4665 3481 4722 valetudinem
3504 4707 3520 4735 ,
3550 4668 3716 4722 robur

2143 4765 2198 4810 et
2240 4759 2471 4825 speciem
2512 4770 2723 4811 omnem
2767 4756 3027 4827 perdidit,
3063 4757 3498 4830 voluptatumque
3526 4774 3717 4815 servus

2146 4851 2365 4906 effectus
2408 4860 2510 4907 est.
2554 4852 2745 4908 Annon
2791 4853 2929 4908 hunc
2969 4853 3400 4922 deplorabimus,
3440 4853 3526 4910 dic
3565 4854 3717 4920 mihi,

2116 4955 2320 4996 ‘annon
2365 4943 2692 5012 lugebimus,
2739 4944 2908 4999 donec
2934 4959 3056 4999 eum
3085 4946 3508 5016 recuperemusi
3553 4947 3637 5000 An
3672 4948 3721 5001 id

2142 5033 2355 5086 humani
2397 5042 2539 5087 esset
2576 5034 2780 5088 animi?
2828 5035 3039 5090 Etenim
3082 5037 3272 5091 mortis
3301 5051 3572 5106 corporea:
3629 5028 3700 5092 de

2140 5127 2359 5179 structio
2387 5123 2472 5180 hic
2499 5126 2718 5180 inveniri
2749 5127 2949 5198 nequit,
2986 5143 3158 5199 neque
3188 5138 3363 5194 tamen
3392 5129 3443 5184 id
3469 5129 3632 5201 lugeo
3645 5137 3721 5184 tes

2197 5427 2211 5456 ³
2247 5422 2376 5492 Qelb.
2400 5437 2523 5492 unus
2553 5423 2673 5484 loco,
2696 5421 2871 5475 indolis
2891 5422 3096 5492 optimm,
3119 5424 3297 5492 babet,_
3331 5423 3601 5492 venustatis:
3627 5429 3706 5473 Sa-

2133 5483 2210 5534 vil.
2261 5487 2309 5534 in
2357 5488 2572 5549 margine
2611 5483 2763 5546 uetat,
2805 5483 3089 5541 venustatis.
3132 5499 3236 5548 pro,
3279 5485 3454 5537 indolis
3495 5483 3711 5548 optimc.

2131 5555 2340 5610 Uterque
2364 5551 2492 5597 enim
2514 5562 2689 5598 sensus
2710 5561 2871 5610 graece
2894 5562 3023 5609 pene
3045 5549 3173 5610 idem
3195 5557 3350 5597 sonat.

2190 5611 2213 5640 ι
2242 5605 2316 5657 sic
2336 5610 2474 5658 Savil.
2508 5618 2559 5659 et
2589 5605 2794 5672 quatuor
2941 5609 3103 5660 Morel.
3140 5609 3306 5665 habet,
3331 5622 3411 5670 qm
3432 5605 3702 5664 deridebat,

2127 5685 2283 5720 minus
2305 5680 2450 5721 recte.
