4088 6138
444 332 541 390 281

438 446 691 518 ἀφανίσαι
720 445 959 499 δυνατόν·
998 444 1098 518 Ἑν
1120 440 1227 509 γὰρ
1253 437 1335 503 τῷ
1357 437 1491 507 ᾄδῃ,
1522 439 1674 509 φησὶ,
1706 439 1798 505 τίς
1824 437 2104 507 ἐξομολο-

438 517 688 599 γήσεται
717 542 853 589 σου
890 523 1015 586 Πῶς
1049 517 1141 575 οὖν
1169 521 1231 574 οὐ
1275 521 1477 590 πολλῆς
1507 520 1760 591 βλακείας
1812 521 1944 574 ἐστὶ.
1979 520 2104 583 τοὺς

441 613 538 682 μὲν
552 612 641 665 τὸν
670 609 765 663 τοῦ
797 608 1046 679 σώματος
1067 605 1292 659 θάνατον
1322 604 1650 668 πενθοῦντας
1661 601 1805 657 οὕτω
1818 603 2062 674 σφοδρῶς
2076 613 2103 642 α

432 694 594 748 τοῦτο
629 695 818 757 ποιεῖν,
853 689 1138 746 καὶταῦτα
1168 690 1375 753 εἰδότας
1402 689 1605 742 ὅτιούκ
1634 689 1992 759 ἀναστήσουσι
2014 687 2105 739 τὸν

436 776 684 846 κείμενον
724 776 834 838 τοῖς
876 773 1130 845 ὀδυρμοῖς
1150 790 1163 803 ·
1203 772 1424 845 ἡμᾶςδέ
1452 771 1623 842 μηδὲν
1650 772 1889 825 τοιοῦτον
1917 770 2086 823 ἐπιδεί

436 857 685 919 κνυσθαι,
722 855 1006 911 καὶταῦτα
1036 856 1433 927 ἐπισταμένους
1455 858 1536 910 ὅτι
1565 856 1822 920 πολλάκις
1845 855 1993 908 ἐστὶν
2019 851 2106 904 ἐλ-

434 941 531 1004 πὶς
553 941 651 1011 τὴν
677 939 1016 994 ἀπολωλυῖαν
1045 939 1222 1011 ψυχὴν
1242 941 1322 1003 είς
1336 939 1433 1011 τὴν
1459 940 1731 1011 προτέραν
1764 939 1909 1009 ζωὴν
1938 938 2105 989 ἐπαν-

434 1026 695 1092 αγαγείν;
739 1023 931 1076 Πολλοὶ
961 1022 1068 1093 γὰρ
1097 1022 1191 1077 καὶ
1219 1020 1314 1076 νῦν
1351 1024 1444 1076 καὶ
1487 1023 1578 1076 ἐπὶ
1626 1022 1733 1075 τῶν
1764 1020 2041 1092 προγόνων
2080 1018 2104 1057 δ

434 1106 542 1158 τῶν
558 1105 838 1177 ἡμετέρων
859 1107 924 1158 ἐκ
966 1105 1065 1174 τῆς
1112 1104 1276 1176 ὀρθῆς
1302 1104 1725 1176 περιτραπέντες
1748 1102 1986 1163 στάσεως
2015 1100 2106 1152 καὶ

435 1190 500 1242 ἐκ
522 1189 620 1259 τῆς
647 1186 1156 1258 ἐστενοχωρημένης
1178 1184 1762 1255 κατακρημνισθέντες
1793 1181 1935 1243 ὁδοῦ,
1963 1180 2106 1234 οὕτω

434 1270 784 1339 διανέστησαν
797 1268 975 1333 πάλιν,
1004 1268 1079 1330 ὼς
1107 1267 1421 1336 ἀποκρύψαι
1445 1268 1558 1329 τοῖς
1574 1265 1843 1335 δευτέροις
1874 1264 1942 1315 τὰ
1976 1262 2107 1333 πρό-

434 1367 589 1422 τερα,
624 1350 717 1404 καὶ
749 1350 809 1403 τὸ
848 1349 1098 1423 βραϐεῖον
1140 1348 1343 1410 λαϐεῖν,
1384 1346 1479 1401 καὶ
1512 1347 1603 1400 τὸν
1635 1346 1896 1416 στέφανον
1918 1345 2108 1415 ἀναδή-

438 1432 650 1498 σασθαι,
686 1432 778 1485 καὶ
813 1430 949 1502 μετά
986 1429 1092 1484 τῶν
1117 1429 1390 1485 νικώντων
1404 1428 1866 1502 ἀνακηρυχθῆναι,
1897 1427 1990 1480 κα)⁵
2028 1427 2107 1489 είς

434 1515 526 1568 τὸν
548 1514 654 1566 τῶν
676 1512 842 1582 ἁγίων
868 1510 1235 1584 ἀριθμηθῆναι
1256 1512 1436 1583 χόρον.
1452 1509 1597 1575 Ἕως
1622 1510 1723 1582 μὲν
1743 1509 1851 1581 γὰρ
1879 1509 1944 1562 ἂν
1963 1510 2021 1561 ἐν
2039 1510 2104 1579 τῇ

435 1597 651 1667 καμίνῳ
676 1612 757 1658 τις
784 1595 1024 1665 ἐστήκῃο
1048 1592 1156 1646 τῶν
1176 1592 1401 1663 ἡδονῶν,
1422 1591 1524 1645 κᾶν
1548 1592 1714 1662 μυρία
1737 1589 1959 1644 τοιαῦτα
1984 1589 2109 1641 ὑπο-

434 1679 702 1749 δείγματα
744 1677 863 1748 ἐχῃ,
889 1676 1147 1730 ἀδύνατον
1203 1673 1352 1746 αὐτῷ
1386 1674 1447 1727 τὸ
1486 1676 1714 1746 πρᾶγμα
1758 1669 1897 1725 εἶναι
1927 1671 2102 1724 δοκεῖ’

434 1760 503 1815 ἂν
531 1761 590 1815 δέ
621 1759 795 1832 ἀρχὴν
839 1758 1103 1830 βραχεῖαν
1145 1758 1304 1829 μόνον
1355 1756 1496 1830 λάϐῃ
1526 1756 1627 1826 τῆς
1660 1754 1868 1809 ἐκεῖθεν
1904 1753 2104 1820 ἐξόδου,

436 1843 642 1917 προῖὼν
668 1844 754 1898 ἀεὶ
773 1843 835 1897 τὸ
864 1843 961 1914 μὲν
977 1842 1331 1914 σφοδρότερον
1354 1841 1449 1894 τοῦ
1463 1839 1631 1913 πυρὸς
1652 1841 1877 1893 κατόπιν
1893 1838 2104 1908 ἀφίησι,

436 1926 505 1979 τὰ
535 1926 589 1978 δὲ
609 1923 916 1996 ἔμπροσθεν
938 1924 1030 1976 καὶ
1065 1924 1169 1994 πρὸ
1200 1923 1307 1976 τῶν
1340 1921 1518 1976 ποδῶν
1553 1921 1743 1993 δρόσου
1775 1922 1867 1974 καὶ
1907 1919 2107 1990 πολλῆς

436 2007 674 2078 γέμοντα
704 2009 801 2076 τῆς
824 2005 1071 2069 εὐκολίας
1095 2004 1303 2074 ὄψεται·
1340 2004 1496 2076 μόνον
1515 2004 1589 2075 μὴ
1610 2002 1955 2074 ἀπογνῶμεν,
1974 2002 2108 2073 μηδὲ

436 2086 901 2158 ἀπαγορεύσωμεν
938 2086 1038 2157 τὴν
1071 2085 1327 2140 ἐπάνοδον
1347 2102 1361 2116 ο
1384 2087 1413 2139 6
1436 2084 1544 2157 γάρ
1566 2084 1722 2139 τοῦτο
1767 2082 1973 2150 παθὼν,
2004 2083 2108 2136 κᾶν

440 2170 638 2241 μυρίαν
658 2170 809 2239 ἰσχὺν
830 2169 921 2222 καὶ
943 2166 1251 2239 προθυμίαν
1267 2184 1433 2238 κεκτη
1443 2167 1600 2236 μένος
1621 2162 1678 2239 ᾖ,
1711 2165 1886 2237 μάτην
1912 2165 2109 2236 κέκτη-

434 2268 547 2305 ται.
573 2249 684 2321 Τὴν
706 2250 814 2321 γὰρ
856 2248 1025 2321 θύραν
1049 2247 1379 2312 ἀποκλείσας
1418 2247 1564 2313 ἅπαξ
1608 2246 1786 2318 ἐαυτῷ
1811 2248 1907 2317 τῆς
1945 2263 2109 2317 μετα-

436 2334 606 2397 νοίας,
635 2333 729 2385 καὶ
759 2331 857 2403 τὴν
886 2333 965 2394 είς
1002 2331 1062 2385 τὸ
1108 2330 1320 2384 στάδιον
1354 2329 1555 2383 εἴσοδον
1589 2328 1958 2400 ἀποτειχίσας,
1993 2330 2109 2392 πῶς

435 2416 719 2485 δυνήσεται
747 2413 849 2479 ἐξω
877 2414 1052 2484 μένων
1080 2413 1113 2483 ἢ
1142 2412 1335 2484 μικρὸν
1364 2411 1396 2483 ἢ
1431 2412 1571 2483 μέγα
1603 2411 1936 2483 ἐργάσασθαι
1975 2412 2110 2479 ἀγα-

435 2494 529 2551 θόν
551 2497 578 2536 d
602 2513 616 2562 ;
650 2496 750 2549 Διά
772 2495 928 2549 τοῦτο
949 2496 1126 2549 πάντα
1157 2495 1462 2567 μηχανᾶται
1484 2496 1512 2546 6
1539 2493 1792 2564 πονηρὸς,
1814 2493 1904 2547 ἵνα
1923 2492 2110 2547 τοῦτον

436 2580 637 2651 ἐνὴμῖν
663 2575 904 2649 φυτεύσῃ
928 2576 1020 2630 τὸν
1044 2576 1326 2646 λογισμόν·
1342 2576 1442 2629 οὐκ
1469 2574 1550 2627 έτι
1581 2574 1851 2647 γὰραύτῷ
1873 2574 2109 2647 ἱδρώτων

435 2660 616 2731 δεήσει
643 2658 736 2712 καὶ
786 2657 961 2711 πόνων
1012 2656 1148 2726 πρὸς
1173 2657 1271 2726 τὴν
1316 2655 1591 2727 ἡμετέραν
1621 2656 1960 2711 ἀντίστασιν·
1991 2657 2110 2723 πῶς

436 2741 570 2814 γὰρ,
598 2739 707 2794 τῶν
729 2739 999 2810 κειμένων
1027 2739 1121 2793 καὶ
1151 2738 1517 2792 πεπτωκότων
1568 2738 1664 2793 καὶ
1705 2739 1981 2810 ἀνταίρειν
2012 2743 2111 2795 οὐκ

437 2822 726 2879 ἐθελόντων
749 2820 928 2891 αὐτῷ;
952 2821 1010 2874 '0
1038 2821 1137 2891 μὲν
1159 2821 1266 2892 γὰρ
1286 2820 1475 2875 τοῦτον
1495 2820 1741 2893 δυνηθεὶς
1758 2821 1999 2876 διαδῦναι
2020 2823 2111 2877 τὸν

437 2905 636 2978 δεσμὸν
648 2904 732 2977 [5]
749 2904 844 2957 καὶ
873 2902 971 2974 τὴν
1003 2904 1156 2974 ίσχύν
1183 2904 1548 2975 ἀνακτήσεται
1571 2906 1671 2976 τὴν
1700 2904 2001 2970 αὐτοῦ,κα“ι
2032 2909 2113 2971 είς

438 2990 673 3060 ἐσχάτας
707 2988 766 3042 οὐ
797 2988 1065 3041 παύσεται
1094 2987 1243 3058 αὐτῷ
1278 2986 1521 3043 παλαίων
1572 2988 1865 3055 ἀναπνοὰς,
1902 2988 2004 3043 κᾶν
2032 2992 2121 3054 είς.

442 3073 611 3145 μυρία
630 3071 764 3128 ἀλλα
787 3071 927 3143 πέσῃ
955 3070 1246 3140 πτώματα,
1262 3071 1625 3141 ἀναστήσεται
1652 3070 1834 3134 πάλιν,
1859 3073 1953 3125 καὶ
1985 3088 2114 3141 συγ-

439 3154 596 3225 κόψει
627 3153 717 3208 τὸν
747 3152 971 3225 ἐχθρόν⁸
1000 3153 1030 3205 6
1061 3153 1118 3207 δέ
1149 3155 1260 3216 τοῖς
1287 3153 1385 3224 τῆς
1430 3150 1795 3222 ἀπογνώσεως
1822 3152 1997 3216 δεθεὶς
2028 3155 2113 3207 λο-

440 3240 679 3308 γισμοῖς,
708 3237 805 3290 καὶ
826 3236 926 3309 τὴν
954 3235 1107 3306 ίσχὺν
1135 3235 1452 3308 παραλύσας
1476 3235 1574 3307 τὴν
1598 3236 1786 3300 αὐτοῦ,
1816 3236 1932 3301 πῶς
1955 3237 2113 3307 δυνή-

441 3336 594 3374 σεται
622 3316 1006 3390 περιγενέσθαι
1035 3318 1131 3370 καὶ
1158 3318 1498 3388 ἀντιστῆναι,
1534 3318 1845 3384 ἐξεναντίας
1894 3318 2111 3387 φυγών;

510 3404 575 3459 δ’.
596 3403 707 3457 Kal
729 3403 806 3475 μή
828 3419 917 3474 μοι
931 3401 1058 3465 τοὺς
1073 3401 1227 3471 ὀλίγα
1244 3400 1633 3473 ἡμαρτηκότας
1648 3402 1826 3473 εἴπῃς,
1845 3401 1959 3455 ἀλλ’
1975 3401 2115 3455 ἔστω

438 3503 525 3550 τις
556 3485 737 3555 πάσης
777 3484 973 3544 κακίας
1020 3483 1346 3554 ἀνάμεστος,
1374 3482 1469 3537 καὶ
1501 3483 1680 3537 πάντα
1713 3483 2000 3555 πραττέτω
2047 3483 2117 3538 τά

438 3566 796 3623 ἀποκλείοντα
817 3564 913 3635 τῆς
938 3564 1212 3635 βασιλείας
1235 3564 1522 3632 αὐτὸν,καὶ
1539 3560 1691 3627 οὗτος
1715 3566 1788 3637 μὴ
1803 3566 1912 3618 τῶν
1937 3566 1996 3629 ἐξ
2016 3567 2116 3637 ἀρ-

441 3649 546 3721 χῆς
564 3649 826 3711 ἀπίστων,
848 3646 982 3700 ἀλλά
1007 3647 1114 3700 τῶν
1149 3647 1377 3714 πιστῶν,
1408 3648 1501 3700 καὶ
1543 3648 1989 3719 εὐηρεστηκότων
2038 3647 2116 3719 τῷ

442 3731 563 3801 Θεῷ
587 3729 849 3800 πρότερον
880 3726 979 3793 ὢν,
1010 3727 1233 3798 ὓστερον
1252 3727 1487 3796 γινέσθω
1512 3729 1730 3798 πόρνος,
1765 3728 1969 3799 μοιχὸς,
2014 3747 2118 3801 μα-

441 3813 627 3878 λακὸς,
646 3811 899 3880 κλέπτης,
925 3808 1179 3882 μέθυσος,
1209 3810 1610 3882 ἀρσενοκοίτης,
1639 3812 1903 3883 λοίδορος,
1929 3814 2024 3867 καί
2048 3814 2118 3868 τά

442 3896 666 3952 ἀλλατά
696 3906 720 3933 ε
752 3893 962 3957 τούτοις
989 3894 1177 3964 ὅμοια·
1211 3893 1341 3954 ,οὐδέ
1378 3894 1486 3965 γὰρ
1514 3895 1700 3948 τοῦτον
1722 3895 1832 3965 ἐγὼ
1865 3897 2120 3964 ἀποδέξο-

448 3997 550 4051 μαι
595 3976 1040 4047 ἀπογινώσκοντα
1097 3976 1289 4031 ἐαυτοῦ
1322 3974 1368 4041 ί,
1413 3975 1515 4030 κᾶν
1551 3979 1631 4040 είς
1680 3976 1906 4048 ἔσχατον
1941 3982 2118 4052 γῆρας

446 4064 615 4134 ἐλάσῃ
651 4061 786 4134 μετά
810 4061 909 4131 τῆς
923 4060 1132 4130 ἀφάτου
1156 4061 1251 4113 καὶ
1276 4057 1609 4129 τηλικαύτης
1645 4060 1862 4123 κακίας.
1908 4062 1971 4114 Εἰ
2018 4062 2118 4132 μὲν

446 4148 556 4217 γάρ
585 4145 756 4208 πάθος
790 4140 859 4215 ἦν
896 4146 930 4213 ἡ
966 4144 1104 4215 ὀργὴ
1122 4143 1217 4196 τοῦ
1241 4142 1403 4207 Θεοῦ,
1437 4141 1617 4206 καλῶς
1656 4142 1722 4195 ἀν
1764 4160 1847 4208 τις
1872 4145 2114 4214 ἀπέγνω,

443 4232 520 4294 ὡς
544 4229 606 4282 οὐ
637 4227 929 4296 δυνάμενος
963 4226 1264 4297 σϐέσαιτὴν
1283 4224 1476 4295 φλόγα,
1497 4224 1566 4297 ἢν
1594 4225 1683 4279 διά
1714 4226 1821 4279 τῶν
1852 4229 2118 4282 τοσούτων

445 4312 621 4384 ἀνῆψε
642 4311 847 4366 κακῶν·
865 4309 1052 4382 ἐπειδὴ
1065 4310 1122 4363 δὲ
1132 4309 1339 4374 ἀπαθὲς
1353 4308 1414 4363 τὸ
1425 4309 1575 4362 Θεῖόν
1602 4310 1740 4376 ἐστι,
1766 4309 1867 4365 κάν
1891 4311 2116 4385 κολάζῃ,

445 4395 550 4451 κᾶν
571 4394 897 4467 τιμωρῆται,
943 4394 1003 4448 οὐ
1036 4392 1152 4464 μετ’
1197 4393 1369 4464 ὀργῆς
1412 4391 1572 4446 τοῦτο
1597 4396 1761 4457 ποιεῖ,
1806 4393 1944 4447 ἀλλὰ
1979 4396 2119 4465 μετά

443 4478 769 4552 κηδεμονίας
798 4478 891 4533 καί
913 4475 1318 4550 φιλανθρωπίας
1344 4477 1571 4549 πολλῆς·
1604 4478 1683 4532 διὸ
1703 4480 1728 4518 Β
1752 4478 1954 4551 σφόδρα
1984 4478 2117 4549 θαρ-

448 4566 562 4633 ρεῖν
591 4563 716 4635 χρὴ,
735 4564 829 4617 καὶ
867 4561 1180 4616 πεποιθέναι
1195 4563 1261 4633 τῇ
1291 4562 1391 4633 τῆς
1420 4563 1710 4633 μετανοίας
1729 4562 1976 4632 δυνάμει.
2011 4565 2120 4617 Καὶ

445 4646 556 4719 γὰρ
570 4652 679 4712 τοῖς
700 4650 779 4711 είς
795 4646 957 4702 αὐτὸν
979 4646 1357 4718 ἡμαρτηκόσιν
1378 4645 1439 4699 οὐ
1467 4644 1533 4699 δι’
1554 4646 1746 4700 ἑαυτὸν
1774 4644 1965 4699 εἴωθεν
2018 4647 2119 4699 ἐπ-

445 4730 765 4802 εξέρχεσθαι
784 4748 797 4761 ’
827 4728 1054 4800 οὐδεμία
1080 4728 1190 4798 γάρ
1218 4730 1297 4786 είς
1328 4727 1426 4799 τὴν
1448 4728 1609 4798 φύσιν
1626 4729 1839 4799 ἐκείνην
1857 4727 2119 4781 διαϐαίνει

452 4812 645 4883 βλάϐη·
679 4811 819 4865 ἀλλά
850 4811 986 4881 πρὸς
1017 4811 1078 4864 τὸ
1112 4810 1389 4881 συμφέρον
1422 4814 1550 4882 ἡμῖν
1578 4811 1815 4875 σκοπῶν,
1852 4811 1948 4865 καλ⁹
1981 4811 2121 4883 ὑπὲρ

450 4894 544 4949 τοῦ
580 4896 655 4966 μὴ
684 4896 902 4965 χείρονα
936 4893 1189 4959 γενέσθαι
1229 4893 1327 4963 τὴν
1348 4893 1676 4965 διαστροφὴν
1707 4894 1805 4964 τὴν
1849 4895 2121 4965 ἡμετέραν

456 4977 802 5049 μελετώντων
822 4974 987 5029 αὐτοῦ
1005 4978 1364 5046 καταφρονεῖν
1401 4978 1494 5029 καὶ
1536 4978 1827 5048 ὑπερορᾷν.
1857 4977 2121 5046 Καθάπερ

517 5128 544 5190 f‘
566 5125 704 5190 Unus
722 5127 871 5177 habet
887 5126 1233 5190 σφοδροτέροις,
1256 5130 1311 5190 ut
1336 5130 1392 5190 et
1413 5125 1562 5190 Sayil.

513 5188 546 5227 L
571 5187 646 5237 lla
663 5189 815 5238 Suvil.
840 5193 893 5237 et
911 5186 1369 5248 t'res'mauuscripil,
1396 5187 1577 5235 melius
1598 5201 1741 5248 quam
1764 5187 1937 5235 Morel.
1965 5191 2019 5235 ei
2038 5186 2123 5238 alii

453 5252 536 5302 καὶ
571 5251 626 5315 ἐκ
648 5252 743 5315 τῶν
764 5250 1024 5315 προγόνων.
1048 5248 1159 5315 hic:
1183 5251 1369 5315 aliquot
1387 5262 1499 5296 mss.
1524 5251 1789 5315 τραπέντες.

522 5315 545 5343 ο
573 5311 741 5360 Monii.
763 5310 915 5361 hiabat
937 5312 1027 5366 ἕως
1051 5311 1242 5373 μὲνγὰρ
1266 5311 1314 5358 ἐν
1341 5316 1399 5372 τῇ
1425 5310 1609 5373 καμίνῳ
1628 5326 1697 5365 τις
1717 5310 1905 5373 ἔστηκε.
1930 5310 2126 5358 Rescri-

416 5374 419 5377 ’
454 5378 664 5437 pseyuni
685 5375 885 5436 ἑστήκῃ,
909 5370 1099 5437 adjgcio
1122 5370 1196 5432 ἄν,
1220 5370 1556 5437 Benediciimp
1580 5370 1804 5420 Secundus
1828 5371 2123 5437 qditogesta

453 5431 634 5497 Quibus
654 5435 778 5483 hanc
796 5431 1152 5497 curreciionem
1171 5431 1465 5484 mutuamur.
1494 5433 1604 5483 Mox
1624 5446 1751 5483 unus
1769 5431 1876 5482 cod.
1903 5436 1955 5480 el
1970 5431 2119 5483 Savil.

456 5496 537 5549 ἐὰν
560 5498 613 5546 δὲ
633 5497 787 5545 λάϐοι.
818 5496 956 5547 Εοιτ.
978 5496 1189 5545 Ρλτιιοι..
1506 5522 1511 5525 -

522 5557 550 5598 d
580 5558 776 5621 Ἀγαθὸν
798 5558 944 5621 deest
963 5559 1015 5606 iu
1036 5557 1326 5621 quibusdam
1349 5571 1465 5605 mss.

520 5629 545 5660 ο
571 5618 706 5671 Unus
724 5621 806 5670 καὶ
835 5620 895 5668 τὰ
916 5618 1037 5668 ἄλλα
1054 5618 1211 5667 πάντα
1222 5618 1300 5668 τά.

527 5688 537 5719 ί
568 5684 650 5731 Sic
689 5684 838 5731 Savll.
867 5686 921 5730 el.
955 5682 1142 5742 aliquol.
1165 5694 1278 5729 mss.
1305 5679 1476 5729 Morel.
1523 5678 1996 5742 ἀπογινώσκοντατᾲ
2011 5680 2121 5726 ἐαυ-

453 5747 559 5795 τοῦ.
586 5742 697 5792 Mox
719 5743 853 5795 Colb.
879 5756 1004 5792 unus
1039 5740 1161 5805 μετά
1181 5748 1265 5799 τῆς
1305 5741 1547 5805 ἀφράστου
1570 5740 1744 5800 ταύτης
1762 5740 1946 5797 κακίας.
1970 5740 2122 5790 Paulo

459 5814 564 5869 pust
586 5808 714 5869 idum
740 5812 793 5853 el
818 5806 966 5869 Savil.
988 5803 1248 5869 δυνάμενος
1273 5803 1436 5852 λοιπὸν
1463 5805 1649 5852 σϐέσαι.

521 5868 547 5906 3
571 5867 657 5915 Διό
678 5868 819 5917 deos!
840 5868 890 5918 in
913 5865 1199 5929 quibusdam
1221 5876 1336 5913 mss.

1216 327 1273 382 S.
1313 323 1598 381 JOANNIS
1635 320 2125 378 CHRYSOSTOMI
2164 319 2478 376 ARCHIEP.
2520 315 3062 376 CONSTANTINOP.

3760 318 3877 374 282

2211 434 2319 506 γὰρ
2348 432 2482 486 ότοῦ
2509 434 2682 503 φωτὸς
2712 433 2867 498 ἐκτὸς
2898 432 3065 486 ποιῶν
3082 432 3289 496 ἐαυτὶν,
3310 433 3483 485 ἐκεῖνο
3519 432 3615 502 μὲν
3637 431 3870 504 ἐζημίωο

2215 534 2304 569 σεν
2330 516 2501 580 οὐδὲν,
2529 517 2717 569 ἐαυτὸν
2744 516 2800 568 δέ
2825 516 2892 569 τά
2926 515 3157 585 μέγιστα
3186 513 3364 584 σκότῳ
3388 511 3416 550 ἰ
3447 514 3875 578 κατακλεισθείς·

2211 598 2353 652 οὕτω
2374 599 2510 652 καὶὸ
2533 598 2635 668 τῆς
2660 597 2965 660 παναλκοῦς
2988 595 3201 666 ἐκείνης
3221 596 3504 666 δυνάμεως
3520 599 3878 667 καταφρονεῖν

2211 679 2464 744 ἐθισθεὶς,
2518 679 2733 751 ἐκείνην
2783 680 2879 749 μὲν
2909 678 3138 748 ἔϐλαψεν
3184 678 3337 732 οὐδὲν
3377 681 3421 744 ί,
3474 680 3669 732 ἐαυτὸν
3696 680 3751 733 δέ
3777 680 3881 751 τὴν

2213 762 2443 833 ἐσχάτην
2473 762 2671 833 ἔϐλαψε
2689 762 2911 833 βλάϐην.
2939 762 3047 814 Καὶ
3073 760 3162 814 διά
3177 759 3373 814 τοῦτοό
3400 762 3534 825 Θεὸς
3561 762 3661 825 τάς
3706 780 3882 832 τιμω-

2213 845 2333 915 ρίας
2353 847 2483 917 ἡμῖν
2525 846 2766 913 ἀπειλεῖ,
2790 847 2883 899 καὶ
2911 846 3106 914 ἐπάγει
3138 843 3420 908 πολλάκις,
3451 845 3551 916 οὐχ
3582 845 3658 909 ὡς
3689 844 3884 897 ἐαυτὸν

2211 926 2458 991 ἐκδικῶν,
2487 928 2602 981 ἀλλ’
2628 930 2776 1000 ἡμᾶς
2798 928 2970 982 ἕλκων
3005 928 3139 998 πρὸς
3163 928 3374 981 ἐαυτόν.
3402 927 3511 980 Καὶ
3547 926 3655 998 γὰρ
3681 926 3778 980 καὶ
3802 929 3888 982 ἰα-

2209 1010 2337 1082 τρὸς
2352 1012 2444 1065 ἐπὶ
2462 1014 2582 1076 ταῖς
2604 1011 2712 1065 τῶν
2729 1010 3150 1084 παραπαιόντων
3181 1008 3403 1082 ὕϐρεσιν
3428 1010 3527 1062 οὐκ
3576 1009 3733 1079 ἀλγεῖ
3760 1008 3884 1079 μὲν,

2210 1095 2329 1148 οὐδὲ
2356 1096 2629 1162 δάκνεται,
2662 1096 2810 1165 ὅμως
2841 1094 2898 1147 δέ
2932 1093 3107 1151 πάντα
3125 1092 3354 1165 πράττει
3386 1093 3479 1146 καὶ
3500 1092 3889 1163 πραγματεύε-

2211 1195 2300 1232 ται
2334 1180 2470 1250 ὑπὲρ
2482 1179 2575 1232 τοῦ
2592 1177 2800 1232 παῦσαι
2819 1177 3042 1231 τοιαῦτα
3070 1176 3515 1247 ἀσχημονοῦντας
3544 1175 3805 1237 ἐκείνους,
3823 1176 3887 1228 οὐ

2210 1261 2278 1314 τά
2299 1261 2489 1315 ἐαυτοῦ
2519 1260 2533 1311 i
2570 1261 2807 1326 σκοπῶν,
2834 1260 2970 1314 ἀλλά
3022 1260 3122 1333 τὴν
3176 1260 3401 1313 ἐκείνων
3445 1259 3744 1328 ώφέλειαν·
3779 1257 3893 1311 κᾶν

2211 1345 2581 1412 ἐπιδείξωνται
2615 1345 2807 1416 μικρόν
2837 1360 2892 1397 τι
2937 1342 3291 1415 σωφροσύνης
3319 1344 3414 1396 καὶ
3445 1343 3677 1413 νήψεως,
3703 1342 3892 1412 χαίρει

2211 1430 2306 1482 καὶ
2330 1427 2678 1498 εὐφραίνεται
2716 1428 2812 1482 καὶ
2848 1424 3029 1497 πολλῷ
3053 1424 3407 1498 σφοδρότερον
3435 1425 3464 1465 ll
3512 1424 3580 1478 τά
3620 1426 3893 1495 φάρμακα

2211 1509 2649 1581 ἐπιτίθησιν,οὐχ
2678 1509 2821 1580 ὑπὲρ
2852 1508 2962 1563 τῶν
2992 1509 3273 1581 προτέρων
3294 1510 3493 1572 αὐτοὺς
3520 1509 3891 1579 ἀμυνόμενος,

2211 1591 2350 1645 ἀλλά
2376 1593 2475 1664 τὴν
2504 1591 2770 1662 ὠφέλειαν
2804 1590 2823 1631 ὶ
2855 1592 3087 1664 αὐξῆσαι
3109 1591 3298 1657 θέλων,
3339 1594 3434 1646 καὶ
3464 1592 3601 1663 πρὸς
3637 1590 3895 1661 καθαρὰν

2212 1675 2424 1742 ὑγίειαν
2444 1677 2808 1744 ἐπαναγαγεῖν
2824 1692 2837 1705 ·
2862 1674 3005 1728 οὕτω
3024 1677 3119 1728 καὶ
3134 1676 3163 1727 6
3184 1674 3336 1738 Θεὸς,
3359 1676 3486 1729 ὅταν
3507 1677 3586 1737 είς
3604 1674 3705 1745 τὴν
3726 1673 3896 1742 ἐσχά-

2210 1774 2310 1828 την
2340 1758 2533 1828 μανίαν
2558 1758 2899 1828 ἐκπέσωμεν,
2927 1758 3028 1811 οὐκ
3055 1757 3392 1828 ἀμυνόμενος
3415 1758 3554 1828 ὑπὲρ
3571 1758 3677 1810 τῶν
3701 1756 3898 1827 προτέ-

2213 1856 2343 1910 ρων,
2366 1839 2481 1893 ἀλλ’
2511 1838 2814 1904 ἀπαλλάξαι
2844 1840 2945 1911 τῆς
2972 1839 3128 1892 νόσου
3172 1840 3520 1910 βουλόμενος,
3551 1839 3769 1893 ἅπαντα
3799 1842 3898 1892 καὶ

2211 1920 2483 1991 λέγεικαὶ
2541 1926 2716 1976 ποιεῖ’
2770 1922 2865 1976 καὶ⁸
2918 1921 3078 1975 τοῦτο
3125 1922 3309 1975 ἱκανὸν
3358 1923 3455 1994 μὲν
3489 1923 3584 1976 καὶ
3622 1922 3734 1975 ἀπὸ
3781 1921 3897 1974 τῶν

2211 2002 2386 2076 ὀρθῶν
2415 2004 2694 2077 λογισμῶν
2745 2005 2996 2059 συνιδεῖν.

2283 2093 2345 2141 ε’.
2365 2088 2428 2141 Εἰ
2452 2087 2507 2141 δέ
2537 2105 2620 2151 τις
2650 2090 2782 2159 ἡμῖν
2815 2088 3187 2160 ἀμφισϐητοίη
3218 2089 3422 2142 τούτων
3440 2089 3643 2153 ἕνεκεν,
3669 2087 3765 2142 καὶ
3787 2087 3901 2141 ἀπὸ

2211 2172 2320 2224 τῶν
2340 2170 2498 2224 θείων
2514 2171 2686 2224 ταῦτα
2707 2180 2747 2208 ω
2765 2172 3146 2242 πιστωσόμεθα
3167 2172 3360 2242 λογίων
3397 2172 3493 2235 Τίς
3510 2173 3617 2243 γὰρ
3637 2171 3741 2244 [6],
3770 2172 3901 2226 εἰπέ

2216 2271 2327 2326 μοι,
2344 2252 2438 2309 τοῦ
2456 2253 2810 2310 Βαϐυλωνίων
2824 2254 3085 2325 βασιλέως
3095 2257 3286 2326 γέγονε
3307 2254 3646 2328 μιαρώτερος
3661 2274 3674 2323 ;
3690 2256 3747 2319 ὃς
3763 2254 3901 2309 τοσ-

2214 2337 2385 2408 αύτην
2419 2339 2517 2410 τῆς
2553 2336 2647 2391 τοῦ
2706 2336 2843 2390 Θεοῦ
2889 2339 3173 2409 δυνάμεως
3222 2343 3417 2411 πεῖραν
3460 2339 3660 2405 λαϐὼν,
3696 2340 3775 2403 ὡς
3806 2340 3901 2393 τὸν

2216 2422 2500 2492 προφήτην
2542 2420 2919 2492 προσκυνῆσαι
2967 2423 3060 2476 τὸν
3103 2422 3289 2487 αὐτοῦ,
3323 2424 3418 2477 καὶ
3452 2422 3705 2476 κελεῦσαι
3739 2422 3903 2494 αὐτῴ

2219 2504 2402 2575 μαναά
2436 2508 2654 2559 σπεῖσαι
2709 2505 2803 2559 καὶ
2841 2504 3005 2571 θεῖον,
3046 2507 3208 2561 πάλιν
3241 2507 3321 2570 είς
3353 2507 3445 2561 τὸν
3488 2507 3754 2578 πρότερον
3808 2505 3902 2571 ἐξ-

2215 2587 2417 2659 ηνέχθη
2431 2588 2621 2658 τῦφον,
2634 2588 2870 2653 καὶτοὺς
2888 2588 2963 2661 μὴ
2983 2591 3425 2662 προτιμήσαντας
3440 2590 3600 2643 αὐτὸν
3614 2590 3709 2643 τοῦ
3728 2589 3901 2652 Θεοῦ,

2215 2669 2529 2741 δεδεμένους
2553 2671 2633 2735 είς
2652 2671 2751 2743 τὴν
2780 2672 3011 2742 κάμινον
3033 2673 3309 2728 ἐνέϐαλεν.
3350 2672 3489 2726 Ἀλλ’
3522 2674 3673 2743 ὅμως
3696 2673 3795 2725 τὸν
3816 2673 3904 2726 οὓ-

2216 2771 2323 2817 τως
2340 2754 2491 2824 ώμὸν
2519 2764 2546 2791 ιι
2572 2756 2668 2808 καὶ
2689 2755 2862 2827 ἀσεϐῆ
2879 2756 2975 2810 καὶ
2992 2756 3186 2828 θηρίον
3200 2756 3449 2828 μᾶλλονῆ
3472 2756 3781 2827 ἄνθρωπον,
3796 2754 3903 2820 ἐίς

2221 2840 2510 2908 μετάνοιαν
2532 2841 2920 2912 προσκαλεῖται
2957 2850 3002 2906 ο,
3032 2841 3127 2894 καὶ
3150 2840 3367 2894 δίδωσιν
3400 2839 3551 2911 αὐτῷ
3580 2842 3673 2893 καὶ
3696 2839 3903 2911 ἐτέρας

2217 2919 2310 2972 τοῦ
2351 2921 2747 2991 μεταϐαλέσθαι
2779 2923 3056 2995 ἀφορμὰς,
3097 2923 3312 2994 πρῶτον
3356 2923 3454 2995 μὲν
3480 2923 3612 2977 αὐτὸ
3650 2923 3713 2977 τὸ
3746 2925 3811 2976 ἐν
3832 2926 3901 2995 τῇ

2219 3003 2434 3075 καμίνῳ
2460 3003 2647 3075 θαῦμα
2677 3004 2918 3073 γεγονὸς,
2940 3004 3076 3076 μετά
3102 3005 3158 3058 δέ
3192 3006 3374 3058 ἐκεῖνα
3395 3004 3495 3078 τὴν
3519 3006 3661 3074 δψιν,
3686 3005 3755 3076 ῆν
3787 3002 3903 3060 εἶδε

2223 3084 2321 3155 μὲν
2344 3087 2372 3138 6
2406 3085 2677 3156 βασιλεὺς,
2702 3089 3014 3160 ἡρμήνευσε
3047 3087 3103 3141 δὲ
3135 3088 3164 3140 6
3211 3087 3439 3160 Δανιὴλ,
3492 3088 3682 3159 ἱκανὴν
3727 3084 3904 3142 οὖσαν

2220 3169 2314 3221 καὶ
2344 3168 2554 3242 λιθίνην
2584 3171 2798 3241 κάμψαι
2830 3170 3009 3242 ψυχήν
3027 3182 3077 3221 Ρ·
3110 3173 3205 3225 καὶ
3239 3172 3377 3243 πρὸς
3403 3172 3614 3235 τούτοις
3640 3172 3785 3241 μετά
3798 3174 3904 3244 τὴν

2221 3253 2288 3305 ἐκ
2323 3253 2431 3306 τῶν
2465 3254 2806 3325 πραγμάτων
2836 3255 3159 3324 παραίνεσιν
3180 3294 3195 3320 ,
3225 3257 3322 3308 καὶ
3350 3256 3511 3320 αὐτὸς
3544 3257 3572 3309 6
3604 3258 3904 3328 προφήτης

2223 3336 2570 3391 συνεϐούλευε
2597 3338 2792 3406 λέγων·
2821 3338 2925 3391 Διά
2944 3338 3137 3399 τοῦτο.
3158 3339 3450 3405 βασιλεῦ,
3469 3339 3509 3406 ἡ
3540 3340 3744 3405 βουλή
3774 3358 3904 3409 μου

2219 3418 2490 3487 ἀρεσάτω
2510 3438 2631 3485 σοι,
2671 3421 2769 3474 καὶ
2798 3423 2904 3488 τὰς
2927 3422 3207 3491 ἁμαρτίας
3230 3437 3348 3477 σου
3366 3424 3435 3476 ἐν
3453 3423 3904 3493 ἐλεημοσύνας

2220 3503 2522 3571 λύτρωσιιι
2555 3515 2605 3567 (ι,
2641 3505 2741 3558 καί
2773 3504 2881 3571 τὰς
2911 3506 3164 3575 ἀνομίας
3185 3521 3302 3561 σου
3324 3506 3394 3561 ἐν
3436 3507 3761 3577 οίκτιρμοῖς
3788 3525 3903 3563 πε-

2221 3585 2451 3652 νήτων·
2482 3586 2629 3652 ἴσως
2667 3587 2842 3642 ἔσται
2889 3590 3262 3658 μακροθυμία
3295 3588 3423 3656 τοῖς
3456 3589 3902 3659 παραπτώμασί

2222 3681 2359 3721 σου.
2384 3667 2449 3720 Τί
2479 3663 2740 3735 λέγεις,ὧ
2759 3670 2891 3739 σοφέ
2921 3671 3015 3724 καὶ
3048 3671 3323 3742 μακάριε;
3352 3672 3466 3725 ἐστι
3499 3675 3593 3726 καὶ
3628 3678 3768 3743 μετά
3800 3676 3898 3746 τήν

2220 3749 2490 3821 τοσαύτην
2517 3751 2835 3807 ἀπόπτωσιν
2861 3755 3020 3808 πάλιν
3036 3757 3317 3821 ἐπάνοδος,
3343 3757 3437 3810 καὶ
3455 3756 3595 3825 μετά
3626 3757 3898 3828 τοσαύτην

2223 3833 2376 3887 νόσον
2392 3833 2590 3902 ὑγίεια,
2627 3836 2721 3889 καὶ
2756 3836 2895 3907 μετά
2912 3838 3010 3909 τήν
3037 3837 3306 3910 τοσαύτην
3338 3840 3537 3910 μανίαν
3559 3839 3722 3893 πάλιν
3742 3840 3896 3903 Emi;

2229 3918 2585 3993 σωφροσύνης
2605 3930 2652 3987 ι’;
2686 3921 2873 3993 Πάσης
2894 3922 3087 3976 ἑαυτὸν
3111 3921 3395 3995 προλαϐὼν
3430 3922 3725 3994 ἐστέρησεν
3742 3924 3894 3977 ἐλπίς

2222 4002 2309 4065 δος
2337 4003 2365 4053 6
2392 4002 2663 4073 βασιλεὺς,
2701 4005 2915 4077 πρῶτον
2939 4006 3037 4076 μέν
3064 4005 3335 4076 ἀγνοήσας
3359 4004 3449 4059 τὸν
3474 4008 3778 4077 ποιήσαντα
3798 4006 3896 4060 αὐ-

2223 4085 2333 4151 τὸν,
2373 4087 2469 4140 καὶ
2493 4089 2574 4151 είς
2590 4089 2687 4159 τὴν
2711 4090 2877 4159 τιμὴν
2904 4088 3181 4157 ἀγαγόντα
3206 4088 3444 4158 ἐκείνην,
3474 4089 3657 4141 καίτοι
3683 4092 3782 4159 τῆς
3802 4088 3897 4142 δυ-

2223 4170 2440 4240 νάμεως
2479 4172 2646 4226 αὐτοῦ
2685 4174 2780 4227 καὶ
2806 4172 3063 4243 προνοίας
3093 4174 3368 4244 τεκμήρια
3394 4172 3702 4242 διηγεῖσθαι
3732 4173 3893 4243 ἔχων,

2225 4253 2319 4305 καὶ
2343 4254 2429 4305 ἐπ’
2456 4256 2644 4319 αὐτοῦ,
2670 4257 2765 4309 καὶ
2798 4255 3019 4309 ἐπὶτῶν
3049 4255 3327 4327 προγόνων
3357 4254 3525 4309 αὐτοῦ
3550 4256 3896 4326 γεγενημένα

2224 4332 2427 4386 πολλά·
2463 4337 2602 4405 μετά
2632 4337 2689 4389 δὲ
2715 4337 2876 4390 τοῦτο
2915 4337 3077 4391 πάλιν
3105 4337 3206 4408 τῆς
3252 4335 3444 4405 σοφίας
3477 4336 3641 4389 αὐτοῦ
3664 4338 3759 4389 καὶ
3795 4338 3896 4407 τῆς

2226 4417 2585 4487 προγνώσεως
2619 4420 2824 4493 ἐναργῆ
2861 4423 3062 4491 σημεῖα
3102 4417 3305 4482 λαϐὼν,
3349 4418 3444 4472 καὶ
3490 4419 3750 4490 μαγικήν,
3796 4422 3895 4474 καὶ

2225 4500 2611 4573 ἀστρονομίαν,
2641 4502 2736 4558 καὶ
2762 4503 2942 4574 πάσης
2972 4504 3070 4575 τῆς
3089 4500 3402 4574 διαϐολικῆς
3432 4501 3765 4573 μαγγανείας
3790 4503 3896 4572 τήν

2285 4620 2315 4660 ιι
2334 4624 2483 4674 Savil.
2508 4626 2555 4674 ἐν
2576 4627 2754 4677 σκότει.
2774 4626 2911 4678 Colb.
2935 4626 2960 4676 1
2988 4628 3035 4676 ἐν
3060 4627 3240 4678 σκότω.

2293 4684 2308 4723 ί
2335 4686 2664 4760 υιιοτιηεεμέν
2684 4689 2837 4761 οὐδέν,
2857 4691 2945 4762 hic_
2956 4690 3136 4760 omisso
3158 4684 3352 4798 ἐϐλαηῒιε.
3366 4687 3519 4738 Paulo
3538 4693 3652 4749 post
3669 4686 3892 4740 Oolbert.

2297 4762 2351 4795 us
2372 4751 2484 4798 ἡμιν
2505 4751 2587 4797 καὶ
2604 4751 2803 4798 ἀπειλει.
2830 4756 2885 4798 et.
2905 4764 2978 4798 sic
2996 4758 3144 4798 etiam
3170 4750 3281 4798 Savn
3307 4787 3319 4798 .

2226 4761 2355 4811 unus
2372 4749 2484 4811 ἡμῖν
2505 4749 2803 4808 καὶάπειλεῖ,
2830 4756 2885 4800 et
2905 4750 2978 4811 sic
2996 4750 3144 4800 etiam
3170 4749 3319 4800 Savil.

2293 4808 2306 4858 i
2342 4808 2450 4858 Duo
2472 4824 2585 4859 mss.
2611 4812 2666 4859 οὐ
2687 4811 2742 4872 τὸ
2768 4810 2958 4872 ἑαυτοῦ,
2978 4818 3032 4863 el
3055 4811 3125 4861 sic
3148 4814 3295 4861 etiam
3316 4809 3499 4871 Savil.;
3522 4809 3694 4859 Morel.
3724 4817 3891 4861 autem

2228 4879 2277 4919 ει
2299 4872 2381 4918 alii
2402 4872 2456 4919 οὐ
2474 4872 2535 4920 τὰ
2552 4871 2739 4921 ἑαυτοῦ.

2291 4932 2313 4998 [ι
2340 4931 2550 4998 ροιδεπι.
2576 4947 2701 4998 unus
2723 4935 3028 4998 σφοδρότεραἷ

2292 4991 2309 5031 Ι
2348 4994 2437 5059 ξαν
2446 5030 2456 5040 .
2469 4995 2555 5050 τὴν
2565 4991 2791 5059 ὠφέλειαν
2800 4991 2990 5059 ταύτηνἐ
3003 4995 3140 5047 Colb.
3156 5008 3280 5059 unus
3288 4996 3371 5059 τῂν
3381 4996 3532 5059 καλήν
3542 4995 3718 5059 ταύτην
3727 4994 3887 5059 ἀρχή*

2290 5063 2326 5085 ι-
2347 5052 2461 5101 Sav.
2485 5061 2537 5103 el
2560 5052 2744 5116 aliquot
2767 5070 2881 5106 mss.
2903 5052 3062 5105 τοῦτο.
3091 5056 3190 5107 Alii
3209 5063 3263 5105 et
3287 5057 3403 5106 Mor.
3426 5056 3600 5106 ταῦτα.
3631 5052 3892 5106 Ιηϊτιϊῦετο

2230 5125 2384 5189 μαναᾴ
2395 5128 2473 5172 est
2485 5138 2574 5189 vc}
2588 5125 2715 5174 Heb.
2728 5129 2900 5181 nmis.
2915 5128 3082 5177 (ἔνθεο
3095 5139 3155 5189 ει
3164 5140 3331 5187 pressa
3338 5140 3464 5188 .quae
3473 5126 3717 5189 signiﬁcat
3726 5139 3893 5178 mium

2228 5193 2313 5234 aui
2331 5186 2635 5235 donum.Vox
2658 5200 2889 5248 sequens,
2903 5190 3041 5246 θεῖον,
3061 5186 3208 5250 vulgp
3219 5186 3444 5250 sulphur,
3456 5186 3547 5238 sed
3558 5190 3637 5237 hic
3648 5190 3893 5239 sufﬁmen-

2230 5253 2335 5313 tum
2354 5250 2611 5313 δειράσι-εδ
2634 5251 2914 5313 cupi-iniere
2939 5248 3233 5313 τωρωι-,χιιι
3261 5248 3432 5313 Bibliis
3454 5253 3639 5313 legitur
3659 5251 3868 5307 εὐωδίας.

2291 5311 2318 5338 ³
2344 5308 2482 5372 βαι),
2505 5324 2632 5372 unus
2652 5308 2753 5357 ἀλλ’
2776 5312 2927 5367 οὕτως
2946 5312 3027 5359 τὸν
3044 5308 3262 5358 τοιοῦτον
3285 5311 3433 5372 ὠμόν.

2290 5378 2315 5435 ξξ
2338 5369 2421 5435 Sic
2462 5369 2610 5418 Savil.
2638 5377 2691 5418 et
2709 5372 2903 5435 aliquoi
2917 5386 3039 5435 mss,
3060 5372 3231 5421 Morel.
3255 5369 3581 5435 προκαλεῖται.

2290 5432 2846 5496 Ρουαὶυοτηῐηδελκανὴ
2884 5434 2943 5491 ἢν
2984 5434 3171 5496 κάμψαι
3208 5432 3364 5495 ψυχὴν
3398 5437 3481 5482 καὶ
3505 5435 3694 5492 λιθίνην.
3726 5434 3895 5495 Savil.,

2229 5489 2402 5545 Morel.
2428 5499 2482 5540 ci
2499 5493 2600 5548 alii,
2625 5500 2677 5540 ui
2700 5495 2748 5539 in
2772 5489 2930 5543 textui.

2292 5558 2319 5619 fl
2343 5552 2490 5619 Legit
2512 5553 2723 5619 Sayilius
2747 5556 2967 5619 καθαρόν,
2994 5554 3114 5619 LXX
3135 5563 3188 5605 ul
3214 5557 3264 5604 in
3292 5561 3454 5619 lexin.

2293 5618 2317 5647 ¹’
2343 5616 2485 5679 Unus
2502 5623 2555 5661 ei
2574 5615 2683 5661 Sav.
2709 5615 2882 5676 μανίαν
2899 5616 3087 5665 ἐλπίσαι
3098 5618 3411 5679 σωφροσύνην
3430 5617 3551 5666 τινά.
3582 5617 3696 5666 ΙιιὶιΙ⁶
3725 5630 3895 5667 omnes

2227 5692 2342 5727 mss.
2352 5713 2365 5735 ,
2378 5676 2569 5741 duphus
2579 5689 2637 5723 ex
2646 5690 2700 5741 ce_
2708 5679 2821 5741 piis,
2834 5678 2991 5741 πάσης
3012 5678 3177 5725 ἑαυτὸν
3184 5676 3299 5741 προ)
3310 5681 3440 5726 αϐὼν
3451 5680 3704 5741 ἐστέρησεν
3716 5680 3896 5735 ἐλπίδος

2228 5742 2253 5804 6
2266 5737 2502 5804 βασιλεύς,
2513 5738 2627 5804 ξεν.
2636 5738 2796 5804 πάσης
2807 5739 2971 5804 ἑαυτὸν
2980 5737 3497 5804 προλαὲἷὼνάπολογὶας
3526 5737 3847 5803 ἀπεστέρησεν
3869 5741 3895 5785 6

2231 5797 2467 5862 βασιλεύς.
2487 5797 2753 5862 Iguusilmn
2766 5800 2915 5846 codex
2938 5797 3196 5859 ἀπολογίας
3222 5797 3425 5848 iunium.
3450 5802 3566 5849 Mor.
3592 5807 3645 5849 et
3670 5797 3796 5849 uinus
3816 5815 3894 5848 cc.

2229 5860 2666 5915 ὅριπάοηςέαυτὲκν
2686 5862 2931 5922 προλαϐὼν
2961 5863 3142 5916 ἐλπὶξης
3169 5863 3418 5922 ἀέηὶοχῖας
3444 5863 3691 5922 atq-acri
3720 5866 3742 5909 ὁ
3766 5868 3873 5918 (ius.
