4088 6138
449 274 544 330 281

446 404 478 442 a
505 386 631 442 fietu
657 383 910 452 cohibet;
938 385 1128 439 animae
1150 399 1275 440 vero
1304 400 1448 440 mors
1476 385 1560 442 hic
1583 395 1786 441 tantum
1815 386 2015 442 destrui

447 485 622 549 potest
652 494 666 531 :
694 472 764 530 In
788 477 987 548 inferno
1011 475 1156 533 enim
1182 477 1297 546 quis
1316 517 1331 542 ,
1362 476 1561 546 inqtnt,
1591 476 1904 546 conﬁtebitur
1933 476 2021 531 tibi

448 566 617 638 (Psat.
642 567 700 622 6.
720 566 816 637 6)?
840 566 957 635 Quo
984 575 1145 636 pacto.
1162 566 1324 637 igitur
1345 581 1451 621 non
1479 581 1698 622 summa:
1719 568 2019 622 stoliditatis

452 660 633 728 fuerit,
662 674 784 715 cum
810 659 849 714 ii
878 659 969 728 qui
995 659 1235 728 corporis
1255 668 1480 714 mortem
1508 659 1705 730 iugem,
1735 669 1839 714 tam
1861 658 2022 714 vehe-

443 759 655 806 menter
692 750 711 782 ¹
738 748 795 805 id
833 748 1056 815 faciant,
1102 749 1224 804 licet
1273 749 1447 804 sciant
1484 764 1542 804 se
1594 748 1897 804 defunctum
1953 749 2018 804 ad

445 844 609 898 vitam
638 840 891 914 lacrymis
931 856 1036 896 non
1065 849 1407 897 revocaturos
1432 855 1585 906 esse;
1616 856 1715 896 uos
1754 841 1883 895 nihil
1916 842 2016 894 hu-

399 946 416 1007 ξ
441 933 677 1006 jusmodi
718 931 975 988 exhibere
996 973 1012 999 ,
1049 932 1136 1003 qui
1167 931 1369 987 scimus
1409 946 1555 1001 spem
1594 945 1714 987 esse
1738 931 1806 987 de
1845 931 2020 986 anima

446 1036 655 1084 mortua
704 1025 759 1080 in
813 1024 1093 1097 pristinam
1142 1025 1304 1080 vitam
1349 1023 1695 1079 reducenda?
1748 1021 2020 1093 Siquidem

445 1119 599 1174 multi
625 1116 810 1173 ethoc
833 1125 1074 1185 tempore
1100 1123 1156 1171 et
1192 1115 1451 1186 majorum
1482 1124 1782 1170 nostrorum
1808 1130 1923 1170 aevo
1941 1157 1955 1179 ,
1988 1130 2019 1171 a

446 1218 594 1264 recta
635 1206 865 1262 statione
902 1205 1143 1261 subversi
1183 1206 1330 1262 etab
1354 1215 1573 1276 angusta
1603 1206 1690 1260 via
1721 1206 2018 1276 prmeipitcs

448 1300 578 1365 dati,
608 1301 679 1363 ita
709 1314 995 1355 surrexere
1021 1298 1217 1364 denuo,
1247 1308 1302 1353 ut
1328 1298 1625 1369 posteriore
1651 1299 1756 1352 vita
1787 1298 2017 1367 priorem

450 1392 784 1462 obtegerent,
809 1391 1034 1460 palmam
1056 1390 1378 1461 acciperent,
1405 1404 1602 1445 corona
1622 1389 2015 1454 redimirentur,

449 1498 570 1538 cum
601 1481 890 1536 victoribus
928 1470 1376 1550 prmdicarentur,
1421 1489 1475 1534 et
1516 1489 1816 1534 sanctorum
1857 1478 2020 1533 choro

449 1581 946 1629 annumerarentur.
1007 1571 1267 1640 Quamdiu
1318 1580 1492 1627 tamen
1539 1571 1658 1642 quis
1706 1571 1757 1626 in
1811 1570 2021 1625 fornace

452 1662 777 1734 voluptatum
822 1663 1101 1728 consistit,
1154 1662 1360 1717 etiamsi
1404 1662 1679 1717 innumera
1720 1660 2018 1730 hujusmodi

449 1756 689 1826 exempla
720 1754 987 1827 proposita
1018 1753 1242 1820 habeat,
1275 1754 1373 1825 ipsi
1416 1768 1502 1808 res
1531 1768 1651 1808 esse
1690 1768 1851 1824 supra
1882 1753 2021 1808 vires

448 1853 671 1916 apparet
699 1863 712 1898 :
741 1854 796 1900 at
825 1844 868 1899 si
898 1844 979 1907 vel
1013 1844 1276 1899 tantillum
1303 1843 1526 1914 coeperit
1549 1843 1693 1898 illinc
1721 1842 1923 1914 egredi,
1954 1843 2020 1897 ad

448 1920 702 1993 ulteriora
728 1951 939 2006 semper
967 1935 1288 2005 procedens,
1323 1942 1517 1990 statum
1545 1934 1692 1989 illum
1720 1933 2022 2003 diligentius

449 2046 606 2102 quam
643 2030 816 2101 ignem
845 2045 872 2082 a
901 2037 1050 2099 tergo
1088 2027 1384 2098 relinquet,
1428 2042 1490 2083 ea
1516 2042 1642 2082 vero
1672 2042 1789 2096 quae
1816 2034 1937 2080 ante
1963 2040 2022 2081 se

448 2120 619 2191 posita
648 2127 773 2175 sunt
796 2118 933 2174 roris
960 2118 1330 2188 facilitatisque
1355 2116 1514 2188 plena
1539 2117 1832 2187 conspiciet
1861 2135 1874 2170 :
1905 2126 2019 2171 tan-

450 2220 560 2265 tum
588 2225 655 2265 ne
679 2208 1048 2278 desperemus,
1078 2222 1211 2263 neve
1236 2207 1303 2262 de
1327 2206 1498 2262 reditu
1527 2205 1828 2261 dubitemus
1859 2223 1872 2261 :
1899 2220 2018 2258 nam

449 2301 539 2373 qui
565 2301 643 2356 sic
666 2298 883 2355 affectus
909 2309 1011 2365 est,
1042 2299 1240 2368 ingenti
1271 2299 1396 2354 licet
1425 2297 1731 2354 fortitudine
1756 2309 1809 2352 ct
1832 2297 2021 2351 alacri-

451 2399 556 2446 tate
598 2389 851 2460 praeditns
880 2390 983 2454 sit,
1029 2404 1145 2443 eam
1192 2388 1387 2443 frustra
1418 2387 1671 2458 possidet.
1716 2387 1850 2443 Cum
1877 2387 2018 2442 enim

445 2481 660 2550 januam
686 2478 787 2534 sibi
829 2480 1155 2549 prnaitentire
1183 2479 1349 2534 semel
1390 2478 1690 2545 occluserit,
1723 2487 1778 2533 et
1800 2478 1867 2533 ad
1907 2486 2018 2532 sta-

449 2572 596 2626 dium
638 2570 996 2625 intercluserit
1037 2569 1270 2636 aditum,
1309 2569 1575 2639 quomodo
1623 2576 1772 2623 extra
1818 2568 2020 2638 positus

450 2663 645 2734 poterit
686 2662 769 2717 vel
818 2677 1063 2731 magnum
1096 2659 1179 2716 vel
1229 2660 1491 2715 modicum
1538 2660 1805 2731 quidpiam
1845 2659 1968 2714 boui
1994 2661 2015 2690 ³

447 2752 702 2822 operari?
754 2751 1088 2821 Quapropter
1115 2749 1377 2821 malignus
1407 2750 1496 2805 ille
1526 2750 1655 2804 nihil
1681 2765 1788 2805 non
1815 2748 2017 2804 machi-

448 2853 625 2912 natur,
671 2859 776 2915 quo
816 2843 969 2899 nobis
1011 2842 1146 2898 hanc
1186 2843 1561 2913 cogitationem
1591 2843 1749 2897 altius
1777 2841 2015 2912 deligat:

451 2954 574 2992 nam
602 2945 785 3007 postea
816 2950 919 2990 non
952 2935 1249 2991 sudandum
1278 2936 1326 2990 ei
1348 2976 1363 3001 ,
1400 2949 1501 2989 nec
1535 2934 1880 2989 laborandum
1920 2935 2022 2989 erit

450 3041 507 3085 ut
544 3045 642 3084 nos
679 3038 979 3100 oppugnet;
1022 3029 1270 3083 nimirum
1307 3028 1417 3097 jam
1459 3028 1634 3098 lapsos
1663 3037 1716 3083 et
1755 3028 2018 3098 iacentes,

446 3130 609 3193 atque
637 3121 685 3176 ei
715 3121 973 3176 obsistere
1000 3120 1261 3174 nolentes.
1290 3119 1390 3186 Qui
1419 3118 1559 3174 enim
1586 3119 1654 3174 ab
1684 3117 1783 3173 hoc
1812 3118 2022 3173 vinculo

448 3230 510 3269 se
539 3213 792 3284 expedire
822 3213 1047 3282 poterit,
1089 3212 1365 3282 pristinam
1397 3209 1756 3265 fortitudinem
1800 3223 2023 3279 recupe-

451 3306 608 3371 rabit,
636 3319 738 3359 nec
766 3304 995 3359 cessabit
1023 3303 1089 3357 ad
1118 3310 1413 3358 extremum
1439 3316 1607 3372 usque
1633 3301 1851 3356 halitum
1897 3316 2019 3355 cum

450 3395 541 3453 illo
572 3409 805 3465 pugnare
833 3410 847 3447 :
881 3393 1087 3449 etiamsi
1114 3408 1242 3448 vero
1272 3392 1325 3446 in
1364 3400 1643 3447 sexcentos
1684 3391 1863 3460 lapsus
1892 3405 2019 3460 pro-

453 3499 589 3555 ruat,
618 3499 798 3560 surget
824 3490 1040 3555 iterum,
1070 3497 1123 3543 et
1148 3486 1354 3543 hostem
1384 3486 1648 3542 conficiet.
1677 3484 1872 3541 Contra
1895 3499 2023 3539 vero

450 3583 537 3653 qui
566 3580 955 3652 desperationis
983 3578 1305 3651 cogitatione
1330 3579 1549 3649 ligatur,
1577 3576 1774 3633 fractus
1799 3574 2018 3642 viribus,

450 3673 716 3743 quomodo
742 3687 997 3742 superare
1034 3671 1226 3742 poterit
1252 3671 1336 3726 vel
1363 3670 1624 3726 obsistere
1642 3710 1658 3738 ,
1683 3684 1803 3725 cum
1834 3685 1896 3723 ex
1926 3667 2019 3721 ad-

452 3781 608 3821 verso
635 3764 843 3835 fugiat?

520 3859 574 3911 4.
611 3856 808 3921 ρυωυὶδ
836 3855 1024 3909 scelera
1050 3854 1341 3926 panitentia
1378 3852 1625 3908 delentur.
1653 3885 1721 3895 -—
1745 3854 1853 3911 Nec
1876 3855 2021 3912 dicas

456 3948 566 4003 lucc
596 3947 659 4003 ad
706 3962 799 4002 eos
838 3947 928 4017 qui
959 3946 1165 4002 modice
1206 3945 1546 4016 deliquerunt
1585 3948 1852 4016 pertinere
1883 3967 1896 4004 :
1927 3951 2019 4005 sed

453 4056 590 4109 pune
616 4039 913 4110 quempiam
957 4037 1100 4093 omni
1130 4036 1326 4108 ﬂagitio
1354 4038 1567 4107 plenum
1589 4080 1601 4103 ,
1636 4039 1723 4108 qui
1755 4038 1884 4093 nihil
1917 4058 2019 4095 non

452 4131 640 4200 egerit,
666 4127 807 4198 quod
832 4144 862 4183 a
902 4143 1066 4199 regno
1110 4127 1200 4182 illo
1235 4125 1504 4193 excludat,
1538 4129 1624 4198 qui
1665 4143 1694 4181 a
1739 4130 2017 4201 principio,

453 4234 558 4276 non
601 4235 667 4275 ex
712 4218 1022 4283 infidelium,
1069 4218 1161 4272 sed
1207 4233 1268 4273 ex
1316 4217 1581 4286 fidelium,
1613 4233 1902 4289 eorumque
1932 4222 2019 4290 qui

457 4310 568 4366 Deo
591 4308 900 4380 placuerunt
919 4322 1139 4363 numero
1160 4306 1339 4375 fuerit,
1359 4304 1551 4363 deinde
1566 4323 1712 4373 vero,
1738 4317 2018 4373 scortator,

453 4402 692 4455 moechus
712 4441 727 4466 ,
756 4399 931 4454 mollis
952 4440 966 4466 ,
995 4399 1107 4463 fur,
1137 4398 1377 4453 ebriosus
1397 4440 1411 4462 ,
1441 4397 1787 4467 paederastes,
1822 4400 2023 4454 calum-

453 4495 622 4548 niator
665 4492 928 4557 evaserit,
967 4499 1020 4546 et
1065 4491 1167 4545 alia
1209 4489 1230 4522 ³
1274 4489 1324 4544 id
1362 4505 1528 4559 genus
1579 4491 1801 4546 erimina
1854 4492 2021 4547 admi-

450 4584 579 4639 serit
603 4601 617 4638 :
639 4598 709 4638 ne
734 4581 873 4637 hunc
894 4581 1106 4652 quidem
1128 4581 1172 4636 si
1197 4581 1446 4650 desperet
1468 4582 1852 4651 approbaturus
1875 4599 2016 4651 sum,

449 4673 659 4728 etiamsi
683 4671 748 4727 ad
779 4681 1075 4728 extremam
1106 4687 1271 4742 usque
1299 4681 1569 4727 senectam
1596 4673 1650 4727 in
1676 4673 1895 4730 nefariis
1918 4676 2023 4732 illis

452 4765 821 4835 atrocibusque
866 4764 1076 4834 flagitiis
1119 4764 1558 4835 perseveraverit.
1588 4764 1718 4819 Nam
1747 4766 1791 4821 si
1821 4767 1899 4822 ira
1926 4768 2020 4825 Dei

414 4845 417 4848 ⁴
449 4860 609 4915 animi
643 4857 900 4929 aegritudo
931 4868 1104 4921 esset,
1145 4859 1265 4927 jure
1307 4859 1425 4930 quis
1464 4859 1809 4934 desperaret,
1839 4873 2021 4932 utpote

448 4952 536 5021 qui
579 4967 684 5007 non
718 4962 896 5019 posset
930 4949 952 4982 ⁸
999 4950 1263 5005 flammam
1308 4960 1383 5005 tot
1421 4953 1709 5007 sceleribus
1741 4956 2019 5010 excitatam

449 5044 826 5113 exstinguere;
877 5042 999 5111 quia
1042 5058 1166 5097 vero
1202 5044 1435 5096 divinum
1484 5060 1677 5098 numen
1707 5046 2021 5115 aegritudine

447 5135 607 5189 animi
637 5150 858 5190 vacuum
901 5144 1004 5202 est,
1050 5150 1114 5190 ac
1158 5136 1283 5190 licet
1325 5138 1527 5206 puniat,
1575 5138 1697 5192 licet
1734 5139 2018 5194 vindictam

448 5240 641 5298 sumat,
675 5247 778 5287 non
808 5233 885 5287 ira
913 5242 1213 5288 commotus
1243 5234 1292 5288 id
1322 5235 1449 5304 agit,
1473 5234 1564 5289 sed
1592 5250 1773 5289 curam
1796 5245 1845 5290 et
1874 5251 2020 5289 amo-

452 5334 559 5377 rem
610 5322 774 5377 nostri
817 5338 1030 5393 semper
1072 5327 1253 5394 gerit:
1300 5324 1419 5379 ideo
1444 5325 1465 5356 ⁸
1501 5309 1638 5379 bono
1682 5340 1802 5381 esse
1842 5326 2020 5382 animo

510 5457 528 5485 ι
562 5460 689 5503 Unus
717 5453 882 5512 habet,
904 5454 1236 5515 t'eliernemius,
1274 5464 1333 5505 ut
1363 5465 1415 5507 et
1433 5456 1573 5508 Savil.

509 5515 532 5594 ς
562 5521 726 5594 ξξιεοδῑ,ἔ
766 5514 889 5594 (iani,
921 5517 969 5594 in
998 5514 1289 5594 quibusdam
1310 5528 1409 5568 Mss.

565 5577 870 5633 Unnshabet,
895 5583 939 5627 et
961 5577 1059 5627 alia
1088 5579 1265 5630 onmia.

512 5637 535 5703 ξ
562 5635 691 5685 roth.
719 5644 772 5703 et
791 5638 949 5703 _savil.,
974 5652 1067 5703 non
1079 5640 1187 5703 jam
1210 5648 1379 5703 posset.

512 5695 535 5728 ε
569 5703 730 5754 Deest,
755 5697 878 5755 ideo,
920 5702 966 5748 in
988 5695 1269 5765 quihusdam
1305 5710 1401 5755 MSS.

1583 275 1673 330 AD
1711 274 2125 333 TilEODORUM
2164 276 2454 335 LAPSUM.
2492 277 2531 334 Ι.

3590 285 3691 340 282

2124 403 2219 457 par
2237 396 2341 457 est,
2365 400 2418 444 et
2442 391 2492 444 vi
2516 392 2840 461 poenitentiae
2861 394 3147 451 confidere.
3174 380 3445 467 Siquidem
3467 412 3581 462 eos,
3603 398 3691 467 qui

2124 477 2177 531 in
2203 492 2262 533 se
2291 489 2676 548 peccaverunt,
2708 498 2814 538 non
2842 484 2925 540 sui
2949 499 3106 542 causa
3136 487 3271 542 solet
3298 487 3479 543 ulcisci
3511 506 3525 543 :
3558 488 3687 543 nihil

2124 567 2264 622 enim
2302 578 2476 638 potest
2506 571 2559 626 in
2588 571 2893 643 hujusmodi
2919 584 3158 632 naturam
3189 578 3367 633 damni
3392 579 3607 646 induci;
3639 582 3689 635 id

2129 672 2253 712 vero
2279 660 2387 728 agit
2413 660 2479 714 ad
2505 671 2741 717 nostram
2773 674 3020 733 spectans
3049 667 3345 735 utilitatem,
3375 684 3441 724 ne
3466 670 3517 723 in
3545 670 3691 725 dete-

2126 747 2320 803 riorem
2353 759 2548 805 statum
2573 755 2896 822 perversitas
2919 766 3096 811 nostra
3117 742 3348 827 decidat,
3375 759 3501 815 dum
3523 760 3692 830 ipsum

2126 853 2239 893 rem
2265 849 2609 898 contemnere
2637 858 2700 898 ac
2727 844 3000 915 despicere
3034 857 3300 918 putamus.
3343 849 3695 918 Quemadmo-

2125 927 2251 984 dum
2295 930 2436 985 enim
2481 931 2527 987 is
2554 932 2642 1003 qui
2672 947 2702 987 a
2739 934 2859 991 luce
2899 937 3135 1000 recedit,
3165 938 3295 992 nihil
3338 939 3442 995 luci
3471 940 3564 996 sed
3594 940 3693 996 sibi

2126 1021 2351 1076 multum
2391 1022 2568 1078 damni
2608 1023 2802 1094 infert,
2831 1027 2956 1082 dum
2986 1029 3039 1082 in
3070 1030 3314 1085 tenebras
3351 1046 3411 1088 se
3436 1033 3649 1102 conjicit
3678 1052 3691 1088 :

2123 1112 2201 1165 sic
2249 1113 2339 1183 qui
2388 1114 2809 1185 omnipotentem
2860 1117 3000 1173 illam
3048 1120 3299 1175 virtutem
3351 1131 3695 1180 contemnere

2124 1202 2313 1258 solitus
2339 1212 2438 1270 est,
2470 1204 2637 1276 ipsam
2660 1206 2871 1277 quidem
2902 1208 3031 1263 nihil
3059 1208 3223 1275 laedit,
3249 1219 3544 1267 extremam
3569 1229 3697 1269 vero

2124 1292 2223 1347 sibi
2257 1293 2544 1363 perniciem
2575 1295 2767 1351 adfert.
2800 1298 2909 1353 liae
2950 1298 3016 1353 de
3059 1313 3215 1355 causa
3248 1301 3385 1357 Deus
3412 1302 3696 1358 vindictam

2124 1380 2281 1438 nobis
2306 1384 2681 1451 comminatur,
2706 1401 2954 1458 smpeque
2985 1388 3237 1454 immittit,
3267 1406 3373 1446 non
3402 1401 3457 1448 ut
3484 1407 3542 1449 se
3571 1395 3699 1449 ulci-

2124 1481 2302 1529 scatur
2320 1515 2337 1541 ,
2369 1474 2462 1530 sed
2493 1485 2548 1532 ut
2573 1491 2673 1533 nos
2697 1477 2765 1541 ad
2793 1494 2852 1534 se
2878 1480 3171 1550 pertrahat.
3203 1482 3271 1536 At
3295 1486 3433 1539 enim
3461 1486 3697 1542 medicus

2125 1562 2191 1618 de
2219 1565 2555 1622 contumeliis
2591 1566 2929 1624 delirantium
2971 1585 3075 1626 non
3106 1570 3249 1625 dolet
3272 1614 3285 1638 ,
3328 1589 3499 1646 neque
3526 1576 3695 1632 offen-

2124 1651 2299 1720 ditur;
2342 1653 2434 1710 sed
2465 1663 2640 1712 tamen
2672 1657 2802 1712 nihil
2845 1673 2950 1714 non
2981 1660 3118 1730 agit,
3151 1669 3210 1716 ut
3238 1677 3331 1717 eos
3362 1664 3431 1717 ita
3476 1666 3697 1734 turpiter

2126 1757 2185 1799 se
2209 1757 2457 1814 gerentes
2484 1759 2940 1828 compescathnon
2965 1766 3113 1806 suam
3141 1763 3387 1823 spectans
3406 1796 3420 1819 ,
3452 1756 3545 1812 sed
3575 1757 3696 1813 illo-

2125 1851 2240 1890 rum
2283 1837 2563 1894 utilitatem
2603 1840 2693 1895 :si
2738 1850 2912 1897 autem
2959 1844 3084 1913 aegri
3126 1845 3210 1900 vel
3252 1847 3513 1903 tantillum
3554 1865 3698 1906 sanie

2126 1928 2320 1983 mentis
2346 1930 2647 1998 ostendant,
2672 1932 2868 2002 gaudet
2894 1942 2950 1989 ct
2972 1933 3195 2001 laetatur,
3237 1938 3507 2009 multoque
3540 1943 3699 1997 vehe—

2124 2019 2357 2075 mentius
2383 2021 2617 2076 remedia
2645 2021 2918 2088 admovet,
2962 2040 3065 2078 non
3103 2025 3243 2095 quod
3289 2043 3473 2097 poenas
3511 2041 3698 2086 contu-

2124 2111 2298 2167 meliae
2338 2121 2586 2183 expetat,
2642 2114 2736 2169 sed
2795 2126 2851 2171 ut
2918 2118 3194 2173 utilitatem
3245 2131 3435 2191 augeat
3488 2124 3545 2187 ί,
3590 2125 3697 2178 imo

2123 2212 2178 2259 et
2201 2205 2490 2274 perfectam
2523 2207 2803 2262 sanitatem
2835 2208 3068 2264 inducat.
3113 2211 3315 2267 Eodem
3339 2215 3499 2270 modo
3536 2217 3693 2284 Deus,

2126 2305 2401 2367 postquam
2446 2312 2545 2353 nos
2591 2299 2642 2353 in
2689 2310 2981 2355 extremam
3026 2302 3322 2360 decidimus
3368 2308 3690 2374 amentiam,

2125 2399 2229 2439 non
2257 2396 2313 2440 ut
2344 2388 2610 2456 pralterita
2638 2389 2944 2459 ulciscatur,
2975 2391 3068 2447 sed
3097 2402 3153 2447 ut
3183 2410 3279 2450 nos
3304 2411 3335 2451 a
3356 2397 3543 2453 morbo
3568 2399 3699 2455 libe-

2124 2483 2229 2541 ret,
2264 2475 2392 2530 nihil
2426 2492 2530 2530 non
2573 2477 2699 2532 dicit
2735 2489 2789 2534 et
2827 2478 2993 2536 facit:
3027 2483 3167 2552 quod
3196 2498 3325 2540 sane
3355 2486 3526 2557 quivis
3553 2497 3699 2545 recto

2123 2578 2251 2620 usus
2275 2565 2553 2621 ratiocinio
2584 2570 2889 2637 perspicere
2918 2570 3075 2625 valet.

2193 2656 2246 2713 5.
2287 2657 2343 2715 Si
2369 2674 2496 2713 vero
2531 2659 2791 2731 quispiam
2820 2661 2935 2727 haec
2961 2662 3014 2716 in
3040 2663 3255 2719 dubium
3282 2668 3548 2723 vocaverit
3584 2709 3601 2736 ,
3631 2685 3696 2725 ex

2123 2747 2314 2804 divinis
2342 2750 2630 2821 Scripturis
2654 2766 2715 2806 ea
2753 2752 2865 2821 ipsa
2896 2753 3210 2812 confirmare
3240 2758 3294 2812 in
3322 2768 3564 2831 prompto
3594 2771 3693 2818 est.

2123 2839 2253 2894 Nam
2271 2842 2410 2910 quis,
2439 2857 2649 2914 quaeso,
2666 2859 2791 2915 rege
2806 2844 3213 2917 Babyloniorum
3243 2850 3550 2910 sceleratior
3572 2854 3699 2911 fuit?

2123 2930 2211 3001 qui
2241 2946 2358 2986 cum
2386 2941 2583 2987 tantam
2623 2935 2712 2990 Dei
2731 2937 3016 3006 potentiam
3032 2938 3282 3011 expertus
3313 2953 3475 3012 esset,
3488 2930 3552 3000 ut
3571 2963 3695 3016 pro-

2125 3021 2335 3089 phetam
2362 3023 2478 3093 ejus
2514 3024 2793 3091 adoraret,
2810 3026 3128 3099 juberetque
3151 3031 3200 3086 ei
3228 3048 3412 3087 manaa
3441 3036 3460 3065 ²
3489 3076 3505 3100 ,
3542 3035 3592 3090 id
3616 3046 3700 3092 est

2122 3109 2282 3176 dona,
2314 3121 2369 3167 et
2392 3111 2586 3168 odores
2614 3112 2810 3181 offerri,
2842 3131 3029 3172 rursus
3059 3121 3111 3172 in
3142 3121 3419 3189 pristinam
3450 3139 3697 3182 reversus

2123 3200 2423 3270 superbiam
2461 3216 2574 3268 eos,
2613 3202 2703 3273 qui
2741 3203 2913 3273 ipsum
2946 3205 3055 3261 Deo
3096 3208 3349 3276 praeferre
3390 3212 3692 3282 noluerant,

2122 3290 2311 3362 ligatos
2331 3292 2382 3346 in
2405 3292 2673 3349 fornacem
2702 3295 2948 3366 conjecit.
2969 3298 3215 3354 Attamen
3243 3300 3384 3358 hunc
3407 3303 3478 3359 ita
3506 3307 3696 3364 crude-

2124 3383 2227 3437 lem
2249 3425 2264 3450 ,
2296 3383 2514 3454 impium
2536 3426 2550 3451 ,
2584 3384 2856 3457 feramque
2891 3389 3065 3458 potius
3092 3405 3249 3461 quam
3294 3392 3561 3453 hominem
3583 3441 3599 3466 ,
3625 3401 3694 3456 ad

2126 3476 2488 3546 paenitentiam
2513 3486 2786 3548 provocat,
2808 3478 3043 3551 aliasque
3060 3482 3215 3538 offert
3228 3485 3327 3555 ipsi
3348 3488 3696 3558 resipiscendi

2125 3567 2462 3633 occasiones;
2488 3568 2660 3639 primo
2688 3569 2862 3640 ipsum
2895 3571 3209 3628 miraculum
3233 3576 3372 3645 quod
3397 3578 3447 3632 in
3478 3579 3692 3640 fornace

2124 3658 2379 3729 contigit;
2406 3659 2597 3715 deinde
2618 3660 2895 3730 visionem,
2924 3662 3034 3734 regi
3061 3664 3311 3734 oblatam,
3338 3684 3495 3739 quam
3524 3673 3690 3732 inter,-

2125 3758 2358 3818 pretatus
2379 3759 2460 3805 est
2475 3750 2680 3820 Daniel,
2702 3767 2819 3822 quae
2849 3761 3059 3823 poterat
3078 3756 3163 3812 vel
3179 3757 3441 3828 lapideam
3462 3765 3692 3823 animam

2124 3840 2340 3896 flectere
2372 3859 2385 3894 :
2416 3841 2624 3896 tandem
2647 3852 2766 3912 post
2789 3843 2935 3899 illam
2961 3861 3024 3901 ex
3047 3847 3206 3904 rebus
3234 3850 3364 3921 ipsis
3391 3851 3579 3911 factam
3605 3859 3693 3913 ad-

2126 3932 2469 3987 monitionem
2493 3976 2507 4001 ,
2538 3934 2651 4004 ipse
2689 3928 2946 4006 propheta
2981 3939 3260 3995 consilium
3289 3943 3435 4000 dedit
3472 3946 3555 4003 his
3577 3965 3696 4005 ver-

2125 4022 2205 4076 bis
2236 4042 2249 4075 :
2281 4021 2575 4091 Propterea,
2610 4041 2700 4079 rex
2722 4067 2737 4092 ,
2766 4026 3029 4080 consilium
3057 4045 3221 4082 meum
3254 4031 3340 4085 tibi
3381 4033 3616 4104 placeat,
3648 4050 3694 4094 et

2124 4123 2326 4183 peccata
2348 4124 2432 4167 tua
2458 4115 2511 4168 in
2534 4115 2854 4187 eteemosynis
2891 4118 3097 4187 redime,
3129 4130 3177 4173 et
3192 4121 3476 4192 iniquitates
3506 4131 3694 4197 tuasjn

2135 4203 2537 4258 miserationibus
2583 4223 2860 4277 pauperum
2903 4224 2924 4262 :
2960 4210 3172 4279 forsitan
3208 4213 3301 4266 erit
3346 4214 3696 4287 longanimitas

2126 4292 2316 4348 delictis
2358 4296 2454 4349 tuis
2496 4295 2655 4367 (Dan.
2692 4298 2746 4353 4.
2775 4297 2892 4369 24).
2935 4299 3070 4368 Quid
3108 4302 3277 4371 dicis,
3323 4321 3356 4359 ο
3389 4311 3602 4379 sapiens
3643 4324 3693 4369 et

2125 4385 2325 4442 beate?
2356 4396 2507 4443 estne
2544 4396 2664 4457 post
2711 4397 2912 4444 tantum
2954 4392 3161 4461 lapsum
3205 4397 3441 4464 reditus,
3478 4412 3533 4457 et
3575 4415 3699 4475 post

2126 4486 2327 4533 tantum
2380 4478 2622 4533 morbum
2671 4479 2925 4533 sanitas?
2976 4497 3258 4541 rursumne
3306 4497 3429 4556 post
3496 4500 3695 4551 tantam

2125 4571 2407 4626 amentiam
2434 4584 2555 4639 spes
2578 4570 3229 4639 resipiscentiaz?0mnem
3256 4577 3406 4645 prius
3426 4595 3574 4649 spem
3598 4585 3700 4641 sibi

2124 4662 2363 4732 prtecidit
2397 4677 2511 4727 rex,
2555 4662 2727 4732 primo
2762 4676 2883 4716 cum
2926 4672 3221 4720 creatorem
3258 4681 3434 4737 suum,
3466 4688 3698 4748 eumque

2126 4752 2213 4821 qui
2240 4769 2299 4806 se
2318 4751 2383 4805 ad
2404 4760 2601 4804 tantum
2618 4750 2875 4806 honorem
2901 4762 3168 4823 evexerat,
3188 4755 3470 4829 ignoravit,
3487 4765 3695 4824 etiamsi

2124 4844 2241 4913 ejus
2294 4842 2542 4913 potentiae
2586 4852 2745 4914 atque
2794 4844 3136 4913 providentiae
3194 4863 3506 4922 argumenta
3562 4857 3699 4917 bene

2126 4933 2312 5000 multa,
2338 4941 2445 4986 tum
2473 4948 2596 5001 erga
2621 4948 2699 4996 se,
2724 4943 2833 4988 tum
2859 4949 2984 5004 erga
3005 4939 3369 5007 progenitores
3393 4958 3519 5000 suos
3541 4948 3694 5003 exhi-

2126 5023 2254 5089 bita,
2287 5023 2584 5078 enarranda
2613 5021 2853 5079 haberet.
2878 5024 3081 5082 Deinde
3107 5043 3254 5096 vero,
3285 5045 3405 5086 cum
3432 5043 3551 5102 post
3575 5034 3695 5092 data

2124 5114 2397 5185 sapientia:
2426 5123 2480 5169 et
2509 5115 2850 5183 prtescientia:
2879 5117 2993 5185 ejus
3030 5118 3177 5187 signa
3215 5123 3519 5193 conspicua,
3553 5139 3696 5196 post-

2125 5223 2283 5277 quam
2315 5208 2571 5277 magiccn,
2604 5208 3015 5275 astronomiam,
3047 5225 3367 5284 omnemque
3402 5216 3693 5274 diabolica-

2128 5312 2246 5353 rum
2276 5297 2656 5368 praestigiarum
2683 5309 2897 5352 scenam
2927 5312 3164 5354 eversam
3183 5301 3419 5371 vidisset,
3447 5308 3689 5375 graviora

2176 5597 2188 5624 ι
2213 5597 2431 5641 Lttlltct‘l.
2458 5600 2599 5643 intus,
2623 5586 2708 5636 sed
2730 5592 2778 5635 ut
2801 5582 3056 5646 pulchrum
3078 5578 3414 5646 illuu‘mitium
3434 5586 3625 5637 augeat.

2175 5658 2194 5685 ²
2222 5655 2398 5700 Maura
2439 5657 2515 5697 est.
2540 5661 2628 5698 vox
2653 5643 2900 5706 hebra‘ica,
2938 5659 3049 5706 qua:
3091 5644 3335 5703 significat
3381 5647 3567 5690 ntunus.
3607 5643 3699 5685 aut

2112 5714 2309 5765 damon.
