4088 6138
404 282 512 340 9.85

404 403 668 474 prioribus
691 400 918 456 admisit.
937 398 1066 452 Nam
1085 411 1148 452 ea
1174 411 1293 467 qua:
1315 395 1581 466 sapientes
1610 395 1685 449 illi
1711 395 1848 466 magi
1865 394 1970 451 Ga-

402 493 581 550 zareni
606 491 872 562 explicare
897 503 1002 542 non
1033 497 1298 558 poterant,
1331 486 1427 542 sed
1453 485 1840 542 confitebantur
1863 501 1975 539 ma-

402 586 518 655 jora
544 600 681 646 esse,
705 597 862 652 quam
887 581 1114 634 humana
1136 579 1356 633 facultas
1375 587 1611 648 caperet,
1642 593 1703 632 ea
1726 578 1817 632 Dei
1846 585 1974 630 nutu

405 681 777 745 interpretatus
795 673 1050 743 puerulus
1075 671 1331 742 captivus,
1357 670 1532 740 ipsum
1553 669 1854 739 hujusmodi
1877 668 1975 721 mi-

409 768 592 822 raculo
622 779 857 834 eousque
882 763 1130 828 deduxit,
1162 772 1220 818 ut
1251 779 1357 818 non
1393 763 1550 817 modo
1572 761 1850 824 crederet,
1879 759 1971 814 sed

401 860 561 914 etiam
591 857 707 913 orbi
736 865 995 911 terrarum
1038 856 1132 909 toti
1175 854 1328 910 fleret
1365 854 1479 923 ejus
1508 853 1771 924 dogmatis
1800 865 1975 922 praeco

399 961 453 1002 et
479 950 668 1004 doctor
696 949 943 1019 publicus
969 966 982 1001 :
1011 948 1082 1002 ita
1108 957 1166 1001 ut
1205 948 1248 1002 si
1287 956 1411 1002 ante
1437 947 1644 1017 signum
1671 943 1974 1014 hujusmodi

403 1041 555 1095 venia
577 1038 824 1110 indignus
851 1047 986 1100 erat,
1015 1037 1153 1108 quod
1181 1038 1347 1092 Deum
1375 1037 1663 1106 ignoraret,
1695 1034 1862 1088 multo
1895 1034 1976 1088 in-

400 1131 610 1200 dignior
646 1139 766 1200 post
806 1129 934 1183 illud
977 1128 1288 1182 miraculum
1332 1136 1387 1182 et
1425 1134 1544 1197 post
1589 1124 1974 1180 confessionem

402 1237 552 1276 suam
576 1233 734 1291 atque
777 1221 1073 1276 doctrinam
1103 1219 1219 1274 aliis
1249 1218 1590 1274 declaratam.
1619 1216 1800 1287 Neque
1832 1216 1974 1270 enim

403 1314 502 1368 nisi
527 1313 683 1383 plane
706 1311 1024 1366 credidisset
1043 1311 1214 1381 ipsum
1244 1309 1415 1366 solum
1437 1323 1556 1365 esse
1575 1323 1762 1363 verum
1785 1307 1972 1372 Deum,

393 1413 607 1457 tantum
635 1417 792 1457 servo
811 1401 925 1472 ejus
941 1401 1199 1456 honorem
1219 1399 1519 1462 detulisset,
1547 1412 1647 1453 nec
1670 1395 1974 1467 hujusmodi

403 1492 650 1549 mandata
691 1493 898 1548 ueteris
932 1492 1184 1548 dedisset.
1227 1492 1472 1546 Attamen
1507 1498 1627 1559 post
1671 1487 1973 1559 hujusmodi

403 1586 788 1642 confessionem
815 1586 868 1639 in
891 1585 1241 1639 idololatrian)
1269 1585 1459 1637 iterum
1489 1582 1738 1651 delapsus
1768 1590 1849 1636 est
1876 1597 1890 1635 :
1921 1589 1977 1635 et

401 1677 493 1747 qui
539 1688 834 1748 prostratus
874 1676 926 1730 in
981 1676 1168 1730 faciem
1221 1691 1433 1730 servum
1482 1674 1575 1728 Dei
1617 1672 1973 1738 adoraverat,

406 1776 553 1821 tanto
584 1778 764 1836 postea
795 1766 974 1820 furore
1001 1775 1277 1834 correptus
1315 1772 1416 1830 est,
1447 1775 1504 1817 ut
1532 1764 1621 1818 Dei
1645 1778 1858 1829 servos,
1885 1761 1974 1832 qui

404 1862 573 1930 ipsum
592 1861 814 1914 adorare
832 1860 1130 1924 noluerant,
1147 1858 1195 1910 in
1215 1857 1479 1912 fornacem
1495 1856 1819 1910 immitteret.
1838 1854 1973 1922 Quid

409 1950 602 2020 igitur?
633 1966 756 2003 num
784 1949 921 2004 Deus
950 1958 1243 2018 apostatam
1276 1947 1417 2002 ultus
1444 1956 1524 2001 est
1543 1987 1559 2013 ,
1590 1957 1644 1999 ut
1674 1945 1852 2000 ulcisci
1878 1945 1972 1998 de-

407 2042 603 2098 bebat?
628 2040 875 2106 Quinimo
899 2041 1097 2108 majora
1122 2038 1220 2109 ipsi
1253 2037 1500 2108 potentia:
1535 2052 1644 2092 sua:
1669 2037 1815 2107 signa
1843 2051 1975 2106 pra:-

409 2134 540 2200 buit,
561 2133 839 2202 ipsumque
867 2141 987 2201 post
1019 2140 1218 2186 tantam
1258 2131 1526 2185 vesaniam
1553 2129 1618 2184 ad
1649 2130 1862 2198 pristina
1881 2130 1976 2184 ite-

403 2241 521 2279 rum
556 2225 784 2280 reduxit.
803 2223 1059 2294 Quodque
1089 2223 1380 2278 mirabilius
1406 2231 1504 2288 est,
1531 2237 1598 2278 ne
1618 2222 1686 2276 oh
1710 2223 1976 2297 prodigio-

411 2333 528 2372 rum
550 2317 961 2388 magnitudinem
987 2317 1118 2371 fides
1139 2317 1266 2387 ipsis
1291 2323 1594 2385 negaretur,
1618 2319 1671 2369 in
1700 2315 1846 2369 nullo
1871 2314 1976 2368 alio

407 2407 613 2478 signum
643 2407 788 2472 fecit,
822 2409 923 2462 nisi
949 2408 1002 2461 in
1033 2407 1143 2477 ipsa
1180 2407 1393 2461 fornace
1417 2448 1431 2473 ,
1471 2420 1628 2476 quam
1663 2405 1977 2460 accenderat

410 2501 498 2555 ille
525 2511 709 2554 contra
745 2515 937 2570 pueros
975 2515 1108 2569 quos
1137 2499 1324 2571 ligatos
1353 2513 1417 2553 eo
1442 2497 1688 2568 conjecit.
1721 2497 1860 2552 Sane
1889 2512 1975 2552 res

409 2593 542 2646 mira
582 2593 946 2662 stupendaque
973 2590 1192 2654 fuisset,
1219 2591 1263 2644 si
1291 2592 1559 2644 ﬂammam
1588 2590 1928 2644 exstinxisset
1959 2606 1972 2641 :

405 2696 455 2738 at
480 2684 925 2741 clementissimus
965 2683 1072 2749 ille,
1101 2691 1158 2736 ut
1195 2683 1450 2753 majorem
1494 2691 1691 2737 metum
1721 2682 1971 2750 adferret,

404 2777 805 2846 gravioremque
831 2782 1087 2829 terrorem
1114 2774 1395 2838 incuteret,
1427 2773 1652 2843 ejusque
1682 2775 1972 2828 caecitatem

408 2868 616 2936 penitus
640 2866 888 2933 solveret,
914 2865 1083 2936 majus
1105 2865 1373 2936 quippiam
1398 2872 1451 2918 et
1472 2865 1768 2920 mirabilius
1783 2879 1974 2934 opera-

407 2969 491 3015 tus
533 2969 635 3016 est.
661 2959 791 3014 Cum
825 2959 965 3013 enim
995 2957 1323 3028 permisisset
1357 2956 1500 3010 illam
1534 2955 1782 3010 succendi
1807 2970 1973 3026 quan-

407 3061 514 3104 tum
537 3051 651 3120 ipse
679 3049 908 3113 volebat,
932 3047 1003 3102 ita
1029 3062 1177 3102 suam
1201 3045 1432 3101 ostendit
1451 3045 1760 3115 potentiam,
1791 3055 1844 3099 ut
1871 3045 1974 3099 ini-

407 3143 659 3198 micorum
688 3141 1111 3195 machinamenta
1153 3153 1258 3193 non
1296 3137 1630 3200 dissolveret,
1658 3134 1750 3191 sed
1789 3135 1974 3190 eadem

409 3233 770 3303 permanentia
801 3232 946 3286 irrita
993 3230 1214 3286 faceret.
1260 3228 1338 3284 Ne
1378 3230 1496 3299 quis
1530 3243 1659 3285 vero
1690 3228 1832 3298 ipsos
1860 3237 1978 3298 post

405 3333 681 3393 superatas
721 3323 961 3377 flammas
1006 3322 1360 3390 conspiciens,
1388 3321 1697 3390 phantasma
1729 3335 1847 3374 esse
1881 3335 1978 3388 pu-

408 3425 562 3476 taret,
593 3430 687 3467 eos
707 3413 944 3466 comburi
971 3413 1230 3480 permisit,
1260 3411 1349 3480 qui
1383 3413 1524 3480 ipsos
1551 3411 1862 3480 injccerant,
1891 3427 1979 3465 os-

408 3506 628 3558 tendens
655 3519 835 3559 verum
873 3505 1045 3572 ignem
1073 3518 1192 3556 esse
1222 3502 1274 3556 id
1302 3501 1441 3571 quod
1477 3503 1818 3561 cernebatur:
1850 3501 1980 3556 alio-

407 3598 530 3665 quin
559 3610 660 3649 non
681 3594 987 3662 uaphlham,
1028 3593 1535 3662 stupam,palmites,
1556 3600 1735 3662 totque
1755 3607 1977 3661 corpora

408 3687 804 3742 eonibussissct.
829 3684 932 3740 Sed
959 3687 1075 3752 ejus
1098 3684 1323 3751 imperio
1353 3683 1480 3736 nihil
1515 3685 1784 3752 potentius
1811 3700 1824 3735 :
1859 3683 1975 3736 uni-

407 3793 664 3847 versaque
701 3791 878 3831 rerum
918 3783 1103 3828 natura
1147 3773 1221 3827 illi
1252 3772 1581 3843 obsequitur,
1623 3773 1710 3842 qui
1754 3788 1870 3826 eam
1911 3788 1978 3829 ex

409 3870 572 3925 nihilo
618 3868 882 3938 produxit,
915 3866 1055 3939 quod
1094 3880 1225 3920 sane
1250 3874 1374 3918 tunc
1407 3865 1826 3922 demonstratum
1863 3873 1974 3918 est:

408 3961 600 4016 etenim
624 3959 832 4014 flamma
871 3975 992 4014 eum
1023 3956 1382 4026 corruptibilia
1412 3970 1631 4026 corpora
1666 3957 1976 4025 accepisset,

412 4053 476 4108 ab
501 4053 565 4107 iis
595 4053 744 4123 quasi
769 4050 1258 4121 incorruptibilibus
1283 4048 1553 4109 abstinuit,
1576 4047 1977 4119 depositumque

409 4145 613 4198 salvum
640 4144 884 4206 reddidit,
917 4144 1075 4211 idque
1102 4141 1268 4194 multo
1293 4155 1412 4194 eum
1435 4139 1747 4210 splendore.
1776 4139 1976 4209 Quem-

408 4233 690 4288 admodum
721 4235 863 4287 enim
885 4249 949 4287 ex
968 4232 1128 4301 regiis
1154 4231 1356 4290 mdibus
1377 4245 1548 4303 reges,
1571 4232 1647 4285 sic
1673 4247 1734 4286 ex
1760 4231 1974 4288 fornace

409 4325 557 4396 pueri
579 4326 827 4378 exierunt
852 4341 865 4388 ;
895 4322 1038 4377 nullo
1068 4332 1192 4377 tunc
1217 4336 1396 4394 regem
1423 4323 1661 4393 aSpicere
1686 4322 1938 4392 dignantc
1956 4364 1973 4390 ,

408 4417 500 4472 sed
534 4416 768 4470 omnium
812 4417 980 4472 oculis
1005 4456 1019 4481 ,
1065 4415 1286 4472 dimisso
1325 4415 1452 4480 illo,
1481 4415 1547 4470 ad
1591 4426 1698 4470 tam
1737 4417 1980 4471 mirabile

408 4509 762 4578 spectaculum
803 4507 1115 4562 conversis:
1162 4522 1225 4562 ac
1267 4522 1437 4578 neque
1480 4507 1721 4562 diadema
1753 4549 1769 4574 ,
1808 4523 1980 4578 neque

411 4615 661 4670 purpura,
697 4616 868 4670 neque
897 4599 1038 4653 aliud
1062 4598 1330 4671 quidpiam
1354 4599 1515 4669 regiae
1547 4613 1774 4667 pompa},
1798 4599 1980 4654 turbas

413 4693 702 4745 infidelium
749 4691 969 4763 perinde
1015 4691 1314 4758 permovit,
1346 4697 1505 4758 atque
1533 4690 1738 4759 species
1767 4689 1976 4744 illorum

413 4786 669 4848 lidelimn,
698 4785 786 4853 qui
812 4785 972 4853 longo
1012 4784 1224 4854 quidem
1264 4791 1506 4854 tempore
1541 4782 1592 4836 in
1624 4782 1743 4853 igne
1783 4781 1979 4837 versati

411 4885 554 4941 sunt,
595 4874 688 4928 sed
727 4873 945 4944 perinde
988 4873 1252 4937 exierunt,
1287 4887 1350 4926 ac
1378 4873 1420 4924 si
1449 4887 1543 4941 per
1567 4873 1832 4928 somnium
1868 4871 1982 4927 lucc

413 4965 648 5036 perpessi
675 4972 870 5016 essent.
896 4963 1103 5016 Atenim
1135 4961 1274 5030 quod
1297 4961 1349 5014 in
1379 4963 1530 5016 nobis
1555 4962 1756 5017 facilius
1785 4978 1980 5018 consu-

423 5058 604 5116 mitur,
637 5067 826 5123 nempe
855 5053 1163 5124 capillorum
1193 5060 1397 5116 natura,
1422 5061 1546 5104 tunc
1572 5053 1850 5106 adamante
1871 5051 1979 5105 for-

415 5147 516 5198 tius
547 5144 785 5196 flammas
829 5143 1005 5195 onmia
1051 5141 1389 5197 devorantes‘
1411 5143 1698 5210 superavit.
1724 5142 1905 5211 Neque
1934 5142 1984 5196 id

420 5236 592 5288 solum
628 5231 870 5288 mirabile
903 5241 1044 5298 erat,
1076 5232 1215 5305 quod
1248 5232 1297 5285 in
1325 5231 1459 5303 ignis
1488 5231 1719 5286 medium
1755 5233 1980 5302 conjecti

419 5327 546 5380 nihil
579 5333 904 5394 paterentur,
937 5324 1031 5379 scd
1077 5323 1215 5393 quod
1256 5323 1414 5377 etiam
1443 5323 1783 5391 loquerentur
1814 5322 1981 5376 conti-

419 5434 523 5472 nno
551 5435 564 5472 :
599 5430 756 5471 nemo
783 5425 960 5470 autent
987 5416 1154 5470 nescit
1187 5429 1281 5468 eos
1304 5413 1391 5484 qui
1423 5415 1473 5467 in
1509 5412 1735 5466 flammis
1768 5428 1984 5467 versan-

422 5519 529 5572 tur,
558 5507 726 5562 donec
751 5505 942 5561 clausis
965 5505 1115 5560 labiis
1133 5513 1273 5569 sunt,
1299 5503 1507 5556 modico
1527 5503 1717 5556 saltem
1743 5511 1984 5571 tempore

422 5599 668 5654 incendio
705 5598 987 5663 resistere;
1023 5598 1068 5653 si
1097 5607 1272 5654 autem
1320 5611 1382 5649 os
1433 5595 1766 5666 aperuerint,
1809 5595 1985 5648 statim

421 5692 647 5749 annuam
681 5707 706 5745 a
749 5707 971 5758 corp-ure
1015 5690 1244 5744 avolare.
1285 5688 1659 5743 Verumtamen
1709 5694 1784 5744 tot
1830 5685 1984 5743 editis

1112 281 1168 338 S.
1208 278 1483 336 JOANNIS
1519 273 1992 334 CllllYSOSTOMl
2028 275 2342 332 ARCIIIEP.
2386 276 2914 336 CONSTANTINOP.

3548 282 3653 339 284

2087 391 2374 451 miraculis.
2413 395 2760 467 omnibusque
2796 393 3052 465 attonltls,
3082 404 3191 453 tam
3217 399 3571 470 praesentibus
3599 409 3653 454 et

2082 487 2445 555 spectantibus
2469 503 2625 556 quam
2655 489 2982 556 absentibus,
3011 489 3102 560 qui
3135 489 3187 546 id
3219 506 3316 562 per
3339 491 3522 547 literas
3541 493 3654 548 edi-

2083 577 2342 645 dicerunt,
2377 593 2470 633 rex
2497 579 2585 634 ille
2609 579 2696 650 qui
2721 579 2852 634 alios
2885 580 3156 647 docuerat,
3184 581 3484 639 obstinatus
3506 599 3652 640 mari-
3683 613 3698 620 ν

2084 667 2175 735 sit,
2205 668 2338 723 etad
2364 669 2638 739 pristinam
2670 685 2916 726 reversus
2943 679 3027 727 est
3045 671 3460 741 improbitatem.
3483 675 3561 730 Ac
3582 692 3652 731 ne

2082 759 2161 815 sic
2180 760 2389 830 quidem
2417 762 2566 817 illum
2594 763 2734 818 Deus
2759 764 2981 834 punivit,
3009 763 3105 818 sed
3130 766 3396 834 patienter
3422 767 3559 835 tulit,
3587 783 3652 823 ac

2081 864 2179 919 per
2223 852 2486 906 somnium
2528 867 2725 923 perque
2761 853 3075 926 prophetam
3114 869 3493 923 commoneas,
3524 873 3646 913 cum

2080 943 2170 998 tali
2198 944 2281 998 via
2315 944 2479 1000 nihilo
2515 946 2703 1001 melior
2741 948 3013 1014 evaderet,
3045 962 3259 1017 poenam
3288 947 3502 1004 demum
3542 950 3648 1005 im-

2079 1034 2242 1098 misit,
2287 1049 2391 1089 non
2429 1037 2695 1105 praeterita
2739 1037 3034 1104 ulciscens,
3070 1038 3160 1094 sed
3192 1037 3366 1094 futura
3395 1041 3649 1110 praesciu-

2079 1125 2213 1181 dens
2259 1126 2418 1190 mala,
2459 1135 2514 1182 et
2549 1127 2941 1198 improbitatem
2979 1143 3046 1184 ne
3071 1129 3292 1184 ulterius
3335 1131 3648 1200 procederet

2081 1232 2374 1274 coercens:
2419 1234 2592 1289 neque
2633 1227 2806 1275 tamen
2846 1236 3018 1289 usque
3055 1223 3108 1276 in
3147 1221 3338 1288 finem;
3370 1232 3648 1293 postquam

2078 1309 2219 1365 enim
2250 1311 2432 1379 paucis
2469 1311 2616 1366 illum
2651 1313 2804 1368 annis
2846 1313 3192 1383 castigasset,
3220 1314 3444 1384 pristino
3469 1315 3648 1371 reddi-

2079 1399 2159 1456 dit
2190 1399 2415 1466 honori,
2446 1403 2590 1457 nullo
2613 1402 2805 1458 damno
2831 1403 3106 1459 multatum
3139 1419 3204 1460 ex
3233 1419 3408 1475 paena,
3439 1405 3533 1461 sed
3555 1405 3648 1461 bo-

2084 1507 2211 1546 num
2233 1493 2466 1548 omnium
2490 1497 2779 1549 maximum
2805 1494 3062 1550 lucratum
3082 1535 3099 1563 ,
3129 1503 3186 1550 ut
3210 1511 3399 1566 nempe
3427 1496 3648 1553 firmiter

2080 1583 2202 1639 fidei
2241 1600 2366 1654 erga
2420 1585 2588 1640 Deum
2617 1584 2880 1654 haereret,
2911 1600 2975 1642 ac
3003 1585 3070 1642 de
3108 1587 3336 1657 peccatis
3377 1588 3646 1658 prioribus

2082 1674 2450 1744 penitentiam
2476 1685 2674 1746 ageret.

2150 1781 2204 1840 6.
2252 1784 2547 1857 Numquam
2567 1796 2821 1841 aversatur
2848 1786 2984 1842 Deus
3012 1788 3256 1843 sinceram
3285 1790 3645 1858 pmnitentiam.

2077 1906 2146 1916 —
2181 1877 2491 1948 Hujusmodi
2527 1878 2720 1948 quippe
2755 1887 2835 1934 est
2869 1879 2964 1935 Dei
2995 1894 3120 1950 erga
3145 1879 3384 1936 homines
3412 1880 3648 1938 clemen-

2079 1968 2148 2024 tia
2172 1986 2185 2025 :
2219 1984 2504 2041 numquam
2532 1979 2806 2023 aversatur
2833 1970 3092 2027 sinceram
3122 1971 3517 2040 paenitentiam;
3551 1973 3646 2029 sed

2077 2059 2283 2118 etiamsi
2313 2059 2430 2132 quis
2455 2059 2506 2112 in
2535 2069 2828 2116 extremum
2869 2059 3217 2129 improbitatis
3249 2062 3521 2132 pertigerit
3542 2105 3558 2130 ,
3594 2074 3650 2121 et

2077 2148 2200 2203 hinc
2225 2148 2292 2203 ad
2320 2149 2528 2204 virtutis
2554 2150 2692 2204 viam
2723 2150 2896 2206 redire
2921 2153 3146 2207 voluerit
3170 2194 3186 2220 ,
3226 2153 3400 2222 ipsum
3430 2155 3649 2225 suscipit

2077 2250 2130 2296 et
2156 2241 2507 2312 amplexatur,
2534 2242 2774 2312 nihilque
2801 2257 2903 2298 non
2934 2244 3040 2314 agit
3061 2253 3116 2299 ut
3139 2260 3260 2300 eum
3289 2247 3343 2301 in
3369 2247 3646 2316 pristinum

2077 2339 2272 2386 statum
2300 2331 2558 2386 restituat.
2583 2331 2836 2402 Quodque
2861 2333 3076 2401 majoris
3102 2343 3184 2389 est
3210 2334 3524 2402 clementia,
3546 2338 3648 2392 etsi

2077 2421 2196 2491 quis
2219 2435 2325 2475 non
2351 2420 2608 2491 integram
2635 2422 2994 2491 paenitentiam
3016 2425 3298 2493 exhibeat,
3327 2425 3540 2482 brevem
3562 2437 3645 2482 ta-

2079 2527 2201 2565 men
2227 2511 2370 2565 illam
2397 2520 2450 2566 et
2469 2511 2534 2566 ad
2564 2511 2828 2566 modicum
2857 2513 3143 2569 exhibitam
3172 2531 3276 2570 non
3307 2516 3522 2583 abnuit,
3551 2519 3646 2575 sed

2078 2618 2321 2673 magnam
2348 2601 2470 2657 huic
2494 2601 2790 2658 mercedem
2819 2603 3001 2658 tribuit
3034 2621 3046 2658 :
3077 2606 3216 2674 quod
3258 2621 3385 2662 sane
3424 2608 3646 2664 manife-

2078 2703 2218 2749 stum
2246 2703 2327 2749 est
2355 2709 2419 2749 ex
2445 2694 2530 2760 iis,
2549 2709 2667 2764 qme
2695 2693 2760 2748 de
2785 2694 2978 2762 populo
3001 2695 3300 2751 Judaeorum
3331 2697 3458 2756 dicit
3485 2699 3648 2754 lsaias

2081 2787 2332 2856 propheta
2359 2785 2440 2840 his
2466 2785 2639 2841 verbis
2669 2801 2683 2838 :
2713 2783 2930 2855 Propter
2966 2798 3220 2855 peccatum
3247 2789 3502 2858 paulisper
3524 2807 3649 2847 con-

2080 2882 2272 2936 tristavi
2295 2899 2427 2950 eum,
2460 2892 2506 2937 et
2535 2884 2755 2952 percussi
2775 2898 2912 2948 eunt,
2939 2892 2987 2937 et
3014 2883 3171 2936 averti
3191 2883 3370 2953 faciem
3397 2898 3557 2935 meam
3587 2885 3648 2937 ab

2079 2987 2136 3025 eo
2159 2988 2176 3024 :
2206 2980 2252 3025 et
2276 2975 2596 3027 contristatae
2625 2982 2732 3040 est,
2767 2984 2812 3027 et
2838 2973 3108 3026 ambulavit
3138 2983 3374 3035 nuestus;
3403 2981 3449 3026 et
3476 2979 3648 3027 sanast

2079 3078 2212 3128 eam,
2234 3071 2280 3116 et
2299 3063 2580 3119 consolatus
2604 3081 2715 3118 sum
2741 3081 2853 3118 eum
2897 3063 3063 3135 (Isai.
3088 3064 3176 3119 57.
3205 3064 3288 3118 17.
3314 3061 3440 3133 18).
3476 3062 3651 3117 Testis

2079 3162 2254 3208 autem
2280 3154 2432 3209 nobis
2456 3155 2558 3210 erit
2595 3156 2935 3225 impiissimus
2981 3171 3076 3211 rex
3120 3155 3206 3209 ille
3229 3197 3244 3218 ,
3275 3155 3365 3224 qui
3390 3155 3457 3208 ab
3486 3169 3654 3209 uxore

2080 3245 2290 3316 quidem
2322 3247 2549 3316 peccatis
2575 3246 2798 3302 traditus
2823 3258 2905 3302 est
2931 3264 2944 3300 :
2972 3255 3026 3304 at
3053 3247 3140 3302 ubi
3171 3247 3397 3318 primum
3424 3246 3575 3311 luxit,
3597 3256 3651 3301 et

2081 3351 2235 3390 sacco
2264 3335 2475 3390 indutus
2503 3335 2736 3392 facinora
2765 3352 2855 3392 sua
2885 3337 3173 3403 damnavit,
3203 3337 3272 3391 ita
3298 3337 3395 3391 sibi
3431 3337 3520 3392 Dei
3548 3339 3650 3392 mi-

2082 3426 2423 3487 scricordiam
2468 3428 2802 3492 conciliavit,
2848 3436 2906 3483 ut
2952 3429 3129 3483 omnia
3172 3429 3271 3484 sibi
3320 3429 3649 3484 imminentia

2081 3517 2218 3574 mala
2238 3518 2478 3574 evitaret.
2501 3519 2630 3577 Nam
2653 3520 2790 3576 Deus
2812 3520 2974 3576 Heliae
2998 3521 3162 3577 dixit:
3201 3521 3385 3575 Vidisti
3399 3523 3656 3588 quomodo

2080 3617 2405 3678 compunctus
2418 3618 2488 3664 cst
2506 3609 2676 3664 Achab
2695 3628 2726 3664 a
2745 3611 2874 3680 [acie
2895 3612 3040 3666 mea?
3057 3611 3178 3666 Non
3200 3612 3435 3666 inducam
3463 3613 3654 3666 malum

2081 3699 2131 3751 in
2159 3700 2329 3753 diebus
2352 3701 2480 3770 ejus,
2511 3717 2567 3754 eo
2591 3702 2724 3770 quod
2759 3703 2948 3771 ﬂeverit
2973 3719 3004 3756 a
3031 3704 3160 3772 facie
3179 3721 3288 3758 mea
3305 3702 3379 3777 (5.
3404 3705 3530 3774 Reg.
3551 3705 3617 3759 2|
3635 3743 3649 3760 .

2080 3791 2194 3860 29).
2213 3792 2339 3849 Post
2366 3791 2505 3847 hunc
2525 3793 2683 3848 etiam
2709 3793 2976 3849 Manasses
3001 3795 3074 3866 (2.
3098 3794 3280 3849 Paral.
3303 3797 3392 3851 '53.
3425 3795 3537 3865 15),
3561 3795 3655 3864 qui

2082 3900 2265 3940 omnes
2294 3885 2496 3942 insania
2524 3887 2792 3958 superavit
2815 3895 2971 3957 atque
3001 3887 3278 3958 tyrannide
3298 3929 3314 3954 ,
3346 3895 3401 3942 et
3429 3886 3656 3956 legalem

2082 3976 2271 4033 evertit
2293 3976 2510 4040 cultum,
2542 3977 2794 4045 templum
2815 3977 3024 4042 clausit,
3054 3985 3108 4033 et
3132 3976 3393 4032 idolorum
3415 3989 3656 4033 errorem

2085 4067 2274 4123 florere
2294 4067 2434 4131 fecit,
2457 4067 2797 4139 omniumque
2815 4069 2909 4137 qui
2925 4076 3048 4124 ante
3073 4066 3281 4123 fuerant
3308 4065 3656 4136 impiissimus

2083 4156 2201 4222 fuit,
2229 4173 2347 4213 cum
2376 4169 2558 4232 postea
2588 4158 2928 4228 resipuisset,
2956 4159 3152 4214 relatus
3177 4166 3260 4220 est
3287 4157 3340 4211 in
3371 4172 3653 4212 numerum

2083 4250 2372 4305 amicorum
2403 4249 2515 4303 Dei.
2552 4249 2606 4304 Si
2636 4258 2813 4309 autem
2847 4257 3132 4318 conspecta
3169 4248 3503 4317 iniqui‘tatum
3531 4263 3654 4308 sua-

2085 4357 2200 4396 rum
2229 4341 2586 4411 magnitudine
2608 4383 2621 4407 ,
2651 4342 2719 4398 de
2747 4343 2917 4400 reditu
2945 4357 3008 4398 ac
3035 4343 3102 4398 de
3131 4343 3423 4403 mutatione
3458 4342 3648 4412 despe-

2085 4443 2272 4497 rasset,
2300 4433 2544 4487 omnilms
2570 4442 2714 4488 certe
2742 4449 2861 4504 qua:
2881 4442 3063 4504 postea
3088 4443 3440 4511 consequutus
3458 4441 3537 4488 est
3557 4447 3650 4487 ex-

2085 4525 2330 4580 cidisset:
2354 4540 2494 4582 nunc
2512 4535 2706 4592 autem,
2730 4541 2834 4581 non
2855 4525 2922 4581 ad
2945 4527 3142 4581 molem
3167 4536 3496 4596 peccatorum
3527 4538 3652 4580 suo-

2087 4634 2224 4684 rum,
2253 4617 2346 4674 sed
2372 4617 2437 4672 ad
2467 4618 2778 4676 immensam
2812 4617 2902 4672 Dei
2929 4617 3442 4674 commiserationem
3478 4613 3652 4693 respi-
3723 4674 3728 4688 Ι

2087 4713 2232 4766 ciens
2249 4751 2264 4776 ,
2291 4711 2516 4781 diruptis
2535 4711 2730 4766 diaboli
2756 4711 2999 4778 vinculis,
3023 4709 3252 4766 surrexit
3271 4717 3325 4764 et
3345 4707 3652 4774 decertavit,

2089 4801 2389 4870 bonumque
2415 4817 2628 4857 cursum
2665 4800 3068 4861 consummavit.
3110 4799 3227 4860 Non
3267 4799 3442 4854 solum
3480 4806 3658 4852 autem

2089 4907 2153 4945 ex
2180 4874 2523 4960 verbis,.qu:e
2548 4892 2614 4946 ad
2639 4907 2732 4948 eos
2759 4893 3004 4962 loquutus
3024 4899 3126 4956 est,
3154 4889 3250 4946 sed
3271 4889 3428 4945 etiam
3454 4904 3520 4944 ex
3541 4889 3662 4944 aliis

2091 4995 2184 5048 per
2202 4981 2511 5050 prophetam
2538 4983 2884 5050 pronuntiatis
2907 4982 3052 5039 Deus
3069 4995 3257 5036 omnes
3277 4980 3664 5057 desperationis

2090 5073 2433 5141 cogitationes
2459 5073 2760 5142 prazscindit
2791 5092 2804 5128 :
2835 5072 3002 5126 Hodie
3020 5113 3034 5138 ,
3067 5073 3258 5143 inquit,
3286 5073 3329 5126 si
3359 5087 3527 5125 vocem
3551 5071 3664 5141 eius

2093 5164 2349 5218 audieritis
2369 5205 2383 5228 ,
2412 5165 2565 5219 nolite
2591 5165 2838 5220 obdurare
2860 5165 3015 5220 corda
3039 5175 3200 5221 vestra
3225 5166 3355 5224 sicut
3377 5166 3431 5219 in
3459 5180 3662 5220 exacer—

2094 5256 2289 5311 batione
2315 5255 2482 5327 (Psal.
2510 5257 2598 5312 94.
2626 5257 2704 5328 9).

2169 5367 2288 5423 Non
2315 5386 2378 5424 ea:
2408 5381 2627 5440 tempore
2646 5411 2662 5434 ,
2694 5369 2781 5425 sed
2808 5385 2872 5425 ea:
2897 5367 3080 5435 affectu
3121 5367 3412 5436 pmnitcutia
3437 5367 3660 5420 restium-

2097 5473 2196 5515 tur.
2215 5491 2288 5502 -—
2318 5462 2444 5516 Illud
2470 5472 2645 5518 autem
2673 5462 2820 5516 hodie
2844 5475 2937 5530 per
2965 5468 3128 5514 totam
3150 5459 3314 5514 vitam
3339 5457 3443 5513 dici
3470 5465 3660 5525 potest.

2098 5554 2224 5619 imo,
2244 5553 2290 5607 si
2314 5553 2459 5617 libet,
2482 5552 2546 5607 ad
2567 5561 2891 5608 senectutem
2912 5565 3080 5621 usque
3102 5566 3117 5603 :
3143 5565 3249 5604 non
3270 5549 3412 5605 enim
3439 5563 3504 5600 ex
3528 5555 3667 5599 teni-

2097 5646 2240 5715 poris
2273 5645 2632 5715 longitudine,
2672 5645 2762 5702 sed
2805 5661 2868 5700 ex
2911 5644 3067 5699 animi
3120 5643 3308 5695 alii-ctu
3361 5637 3667 5710 pmniteutia
