4088 6138
220 375 327 435 283

221 491 429 564 σκηνὴν
457 492 863 563 ἀνατραπεῖσαν
888 490 1035 557 ἰδὼν,
1068 490 1428 564 χαλεπώτερα
1465 493 1574 546 τῶν
1616 492 1897 565 προτέρων

216 575 556 641 ἐπεδείξατο.
587 576 657 629 Ἀ
679 574 789 647 γὰρ
805 576 855 629 οἰ
887 575 1042 645 σοφοὶ
1059 575 1224 645 μάγοι
1243 575 1552 648 Γαζαρηνοὶ
1563 575 1899 648 διασαφῆσαι

214 659 314 711 οὐκ
352 658 603 729 ἴσχυσαν,
631 643 1079 729 ἀλλ’-ὡμολόγουν
1116 643 1338 728 μείζονα
1368 643 1410 728 ἠ’
1433 643 1579 710 κατά
1624 643 1901 728 ἀνθρωπί-

213 756 314 810 νην
343 739 510 808 φύσιν
534 734 695 801 εἶναι,
730 738 904 793 ταῦτα
921 738 1132 792 παιδίον
1160 738 1510 810 αἰχμάλωτον
1539 737 1899 793 ἐπιλύσασθαι

220 822 455 893 ποιήσας
484 819 656 893 αὐτῷ,
690 820 863 885 οὕτως
906 822 1071 875 αὐτὸν
1092 822 1407 892 ἐπηγάγετο
1440 821 1633 893 ἐκείνῳ
1658 821 1736 892 τῷ
1770 820 1897 874 θαύ-

223 921 367 976 ματι,
396 904 474 968 ῶς
510 905 586 976 μὴ
625 904 784 976 μόνον
813 904 976 959 αὑτὸν
1002 905 1313 971 πιστεῦσαι,
1347 905 1484 959 ἀλλά
1509 906 1607 959 καὶ
1630 907 1696 977 τῇ
1723 907 1902 959 οἰκου-

224 989 355 1060 μένῃ
400 989 557 1059 πάσῃ
589 988 683 1041 τοῦ
723 987 999 1057 δόγματος
1044 988 1236 1043 τούτου
1264 991 1521 1058 γενέσθαι
1553 991 1776 1063 κήρυκα
1806 988 1899 1043 καὶ

218 1068 531 1124 διδάσκαλον
549 1069 720 1140 σαφῆ.
748 1070 910 1123 Ὥστε
945 1071 995 1123 εἰ
1029 1071 1123 1125 καὶ
1145 1072 1276 1143 πρὶν
1304 1077 1527 1144 σημεῖον
1546 1073 1787 1127 τοιοῦτον
1805 1073 1899 1126 λα-

217 1154 328 1206 ϐεῖν
354 1152 742 1222 ἀσύγγνωστος
762 1148 831 1224 ἦν
857 1152 1068 1221 ἀγνοῶν
1083 1154 1174 1208 τὸν
1191 1154 1344 1221 Θεὸν,
1363 1156 1542 1228 πολλῷ
1566 1156 1762 1229 μᾶλλον
1781 1155 1898 1226 μετ’

216 1238 398 1292 ἐκεῖνο
430 1235 493 1289 τὸ
523 1235 733 1306 θαῦμα,
769 1236 866 1290 καὶ
893 1237 995 1308 τὴν
1022 1237 1316 1309 ὁμολογίαν
1345 1240 1535 1305 αὐτοῦ,
1575 1242 1670 1295 καὶ
1694 1240 1792 1311 τὴν
1820 1239 1899 1292 δι-

212 1318 508 1375 δασκαλίαν
539 1318 639 1389 τὴν
664 1319 746 1379 εἰς
770 1318 992 1391 ἐτέρους
1026 1323 1402 1395 γεγενημένην
1430 1335 1479 1378 ι.
1529 1322 1668 1378 Οὔτε
1693 1324 1802 1394 γὰρ
1831 1322 1896 1376 ἂν

212 1403 288 1476 μὴ
317 1401 618 1466 πιστεύσας
636 1401 838 1468 καλῶς,
864 1404 949 1458 ὅτι
976 1404 1135 1474 μόνος
1158 1403 1355 1460 ἐστὶν”ὁ
1368 1406 1500 1470 Θεὸς
1528 1407 1756 1478 ἀληθὴς,
1772 1422 1898 1459 τοσ-

208 1486 384 1557 αύτην
416 1489 496 1551 εἰς
524 1487 616 1540 τὸν
663 1486 874 1541 ἐκείνου
924 1487 1233 1560 θεράποντα
1256 1490 1420 1560 τιμὴν
1448 1488 1778 1555 ἐπεδείξατο.
1803 1488 1897 1543 καὶ

206 1571 440 1625 τοιαῦτα
459 1572 574 1634 τοῖς
604 1569 786 1635 ἀλλοις
808 1572 1221 1643 ἐνομοθέτησεν.
1269 1573 1409 1626 Ἀλλ’
1452 1574 1601 1645 ὅμως
1640 1572 1777 1645 μετά
1798 1572 1896 1644 τὴν

204 1653 467 1723 τοιαύτην
510 1654 800 1725 ὁμολογίαν
846 1656 925 1718 εἰς
956 1654 1402 1727 είδωλολατρείαν
1450 1657 1610 1711 πάλιν
1647 1655 1891 1722 ἐξέπεσε,

207 1737 309 1792 καὶ
349 1738 380 1789 ὁ
412 1735 596 1788 πεσὼν
616 1736 710 1789 ἐπὶ
739 1736 1054 1806 πρόσωπον,
1080 1738 1176 1792 καὶ
1198 1738 1290 1792 τὸν
1307 1738 1402 1793 τοῦ
1431 1739 1566 1792 Θεοῦ
1588 1739 1896 1810 προσκυνή-

206 1833 310 1880 σας
332 1816 538 1883 δοῦλον,
554 1811 708 1881 οὗτος
728 1820 807 1880 εἰς
837 1817 1092 1872 τοσοῦτον
1112 1818 1480 1891 ἐξεϐακχεύθη
1513 1822 1729 1892 μανίας,
1753 1820 1893 1873 ὥστε

203 1903 338 1964 τοὺς
367 1901 465 1955 τοῦ
482 1899 620 1954 Θεοῦ
640 1900 860 1965 δούλους
880 1903 955 1973 μὴ
981 1904 1423 1975 προσκυνοῦντας
1440 1905 1602 1959 αὐτὸν
1620 1907 1698 1968 εἰς
1724 1904 1893 1976 κάμι-

203 2001 298 2037 νον
330 1984 617 2055 ἐμϐαλεῖν.
656 1984 722 2037 Τί
755 1980 882 2051 οῦν;
922 1986 1191 2057 μετῆλθεν
1219 1990 1248 2040 ὁ
1283 1987 1415 2052 Θεὸς
1439 1988 1531 2042 τὸν
1556 1989 1891 2059 ἀποστάτην,

201 2067 280 2131 ὡς
311 2069 595 2139 μετελθεῖν
619 2068 762 2136 ἕδει;
794 2069 1035 2133 Μείζονα
1067 2070 1166 2141 μὲν
1194 2066 1288 2125 οῦν
1320 2071 1471 2143 αὐτῷ
1503 2071 1894 2144 τεκμήριατῆς

198 2151 414 2215 οἰκείας
434 2153 680 2223 παρέσχε
715 2152 1001 2222 δυνάμεως
1023 2195 1037 2219 ,
1077 2154 1217 2223 μετά
1237 2155 1336 2225 τὴν
1352 2155 1619 2225 τοσαύτην
1635 2157 1893 2208 ἀπόνοιαν

198 2234 383 2287 ῑλκων
403 2234 498 2288 ἐπὶ
523 2235 594 2287 τά
624 2235 870 2308 πρότερα
904 2237 932 2276 b
967 2238 1129 2291 πάλιν
1154 2237 1346 2290 αὐτόν·
1375 2238 1469 2291 καὶ⁵
1494 2238 1556 2291 τὸ
1585 2238 1651 2309 δὴ
1686 2238 1896 2309 θαυμα-

201 2317 466 2389 στότερον
486 2335 497 2345 ·
542 2318 629 2371 ἴνα
671 2317 781 2391 γάρ
811 2319 886 2390 μὴ
915 2318 1217 2390 ἀπιστῆται
1251 2318 1412 2373 πάλιν
1431 2319 1517 2373 διά
1531 2318 1630 2391 τὴν
1653 2319 1891 2391 ὑπερϐο-

197 2400 303 2476 λὴν
324 2401 436 2454 τῶν
472 2401 770 2472 θαυμάτων
798 2401 867 2455 τά
893 2403 1176 2473 γινόμενα,
1200 2405 1300 2457 οὐκ
1320 2405 1379 2457 ἐν
1405 2403 1548 2474 ἄλλῳ
1579 2406 1686 2458 τινὶ
1717 2406 1778 2458 τὸ
1801 2421 1894 2476 ση-

200 2490 360 2557 μεῖον
387 2486 668 2558 ἐποίησεν,
693 2485 810 2539 ἀλλ’
840 2486 935 2538 ἐπὶ
960 2487 1058 2555 τῆς
1094 2488 1351 2558 καμίνου,
1381 2488 1448 2560 ἢν
1466 2486 1767 2560 [ηάνῆψεν
1789 2488 1889 2541 αὑ-

192 2569 293 2633 τὸς
321 2570 418 2622 ἐπὶ
448 2568 559 2622 τῶν
598 2568 828 2635 παίδων,
862 2566 957 2632 οὓς
1007 2569 1168 2639 ἔδησε
1204 2573 1293 2623 καὶ
1335 2569 1610 2623 ἐνέϐαλεν.
1642 2566 1752 2623 Ἦν
1790 2570 1890 2641 μὲν

129 2639 137 2647 ’
195 2648 300 2705 οὖν
332 2652 428 2704 καὶ
447 2651 508 2705 τὸ
537 2651 729 2704 σϐέσαι
756 2650 855 2722 τὴν
885 2652 1058 2721 φλόγα
1093 2653 1533 2724 θαυμαστὸνκαὶ
1565 2639 1887 2724 παράδοξον·

191 2733 225 2789 6
243 2734 310 2787 δὲ
334 2733 723 2805 φιλάνθρωπος
748 2712 1009 2806 ὑπέρποῦ
1043 2712 1264 2806 μείζονα
1294 2712 1528 2792 ἐνθείῖναι
1556 2712 1749 2807 φόϐον,
1787 2712 1890 2791 *καὶ

195 2817 427 2870 πλείονα
461 2818 688 2888 ποιῆσαι
718 2819 819 2878 τὴν
842 2818 1124 2889 ἔκπληξιν,
1163 2820 1259 2875 καὶ
1290 2820 1472 2872 πᾶσαν
1529 2818 1696 2874 αὐτοῦ
1728 2820 1889 2881 λῦσαι

190 2902 294 2972 τὴν
316 2899 602 2971 πώρωσιν,
630 2899 692 2953 τὸ
716 2898 911 2954 τούτου
947 2900 1131 2972 μεῖζον
1158 2902 1385 2972 ἐποίησε
1409 2904 1502 2957 καὶ
1527 2900 1889 2975 παραδοξότε-

197 3001 310 3057 ρον.
354 2985 541 3054 ’Λφεὶς
564 2983 673 3055 γάρ
693 2985 864 3057 αὐτὴν
888 2984 1230 3055 ἐκκαυθῆναι
1252 2986 1523 3052 τοσοῦτον,
1548 2988 1673 3041 ὅσον
1692 2986 1889 3059 ἠθέλη-

196 3083 287 3121 σεν
312 3068 552 3130 ἐκεῖνος,
585 3065 730 3120 οῦτω
762 3067 861 3136 τὴν
899 3067 1109 3121 οἰκείαν
1157 3068 1494 3123 ἐνδείκνυται
1530 3068 1779 3141 δύναμιν,
1825 3072 1886 3125 οὐ

192 3148 488 3210 καταλύων
529 3149 599 3202 τά
647 3151 1017 3221 μηχανήματα
1057 3148 1167 3204 τῶν
1213 3151 1425 3222 ἐχθρῶν
1448 3193 1463 3216 ,
1504 3151 1632 3205 ἀλλ’
1675 3153 1888 3206 ἑστῶτα

191 3233 381 3305 ἄκυρα
409 3232 600 3287 ποιῶν.
627 3233 745 3286 Ἵνα
776 3233 834 3287 δέ
869 3234 942 3306 μή
967 3251 1050 3298 τις
1076 3235 1275 3300 αὐτοὺς
1305 3235 1431 3289 ἰδὼν
1465 3226 1889 3308 περιγεγονότας

189 3317 291 3388 τῆς
322 3308 550 3387 φλογὸς,
577 3317 869 3391 φάντασμα
893 3314 1032 3373 εἶναι
1066 3318 1263 3391 νομίσῃ
1294 3359 1307 3380 ,
1358 3319 1707 3392 συνεχώρησε
1754 3338 1888 3375 καυ-

189 3400 361 3473 θῆναι
387 3402 514 3462 τοὺς
534 3401 873 3471 ἐμϐαλόντας
909 3402 1132 3469 αὐτοὺς,
1165 3402 1381 3468 δεικνὺς
1418 3405 1502 3457 ὅτι
1533 3402 1647 3476 πῦρ
1686 3405 1782 3475 μὲν
1819 3401 1887 3475 ἦν

187 3483 419 3557 ἀληθῶς
446 3485 507 3537 τὸ
536 3484 843 3557 ὁρώμενον’
878 3486 939 3539 οὑ
975 3485 1084 3559 γὰρ
1110 3485 1175 3539 ἂν
1204 3486 1414 3557 νάφθαν
1447 3489 1543 3542 καὶ
1578 3486 1842 3542 στύππιον
1861 3498 1883 3527 ο

188 3572 288 3628 καὶ
320 3567 666 3638 κληματίδας
697 3568 792 3621 καὶ
819 3565 1058 3622 τοσαῦτα
1090 3568 1370 3640 κατέφαγε
1400 3568 1659 3642 σώματαο
1702 3572 1797 3642 τῆς
1831 3571 1888 3626 δὲ

188 3650 367 3706 αὑτοῦ
384 3652 700 3723 προσταγῆς
728 3652 1073 3725 ἰσχυρότερον
1092 3653 1265 3706 οὐδέν·
1286 3653 1402 3707 ἀλλ’
1439 3654 1634 3708 ἐπεται
1672 3653 1781 3708 τῶν
1802 3655 1889 3708 δν-

188 3753 301 3789 των
334 3734 596 3788 ἁπάντων
629 3737 663 3807 ή
687 3734 851 3805 φύσις
883 3734 963 3808 τῷ
988 3738 1052 3789 ἐκ
1079 3735 1174 3789 τοῦ
1214 3738 1289 3808 μὴ
1323 3736 1475 3801 ὄντος
1501 3738 1671 3808 αὐτὴν
1719 3739 1800 3802 εἰς
1826 3737 1889 3792 τό

191 3815 339 3874 εἶναι
371 3820 784 3891 παραγαγόντι·
825 3821 964 3892 ὅπερ
1011 3817 1106 3874 οῦν
1153 3819 1248 3874 καὶ
1288 3820 1410 3874 τότε
1449 3820 1752 3874 ἐδείκνυτο*
1779 3821 1883 3874 σώ·

196 3920 351 3982 ματα
387 3905 497 3974 γὰρ
524 3906 557 3974 ή
598 3902 731 3975 φλὸξ
758 3903 1105 3958 ἀπολαϐοῦσα
1137 3904 1378 3974 φθαρτά,
1403 3904 1659 3977 καθάπερ
1678 3905 1889 3976 ἀφθάρ-

192 4004 304 4040 των
344 3985 636 4057 ἀπέσχετο,
673 3986 771 4040 καὶ
802 3985 949 4041 σώαν
971 3987 1071 4058 τὴν
1105 3986 1591 4059 παρακαταθήκην
1613 3989 1884 4053 ἀπέδωκε,

192 4069 289 4121 καὶ
319 4067 463 4138 μετὰ
487 4068 689 4139 πολλῆς
713 4068 812 4139 τῆς
833 4068 1239 4141 λαμπρότητος.
1267 4069 1482 4140 Ὠσπερ
1509 4070 1618 4140 γὰρ
1635 4071 1700 4122 ἐκ
1737 4069 1885 4140 βασι-

192 4156 361 4211 λείων
383 4156 548 4211 τινῶν
578 4156 848 4228 βασιλεῖς,
882 4157 1056 4223 οὕτως
1078 4158 1188 4213 ἀπὸ
1218 4159 1316 4229 τῆς
1354 4157 1587 4229 καμίνου
1613 4157 1889 4231 προῄεσαν

193 4247 245 4297 οἱ
280 4245 475 4309 παῖδες
507 4248 736 4311 ἐκεῖνοι,
767 4246 985 4310 οὐδενὸς
1023 4246 1107 4309 εἰς
1143 4245 1237 4300 τὸν
1282 4246 1511 4318 βασιλέα
1557 4246 1887 4318 ἀνεχομένου

194 4330 390 4391 λοιπὸν
431 4334 589 4405 ὀρᾷν,
638 4332 779 4387 ἀλλά
804 4333 1024 4393 πάντων
1047 4334 1174 4398 τοὺς
1195 4334 1506 4406 ὀφθαλμοὺς
1548 4334 1644 4389 ἀπ’
1678 4334 1887 4393 ἐκείνου

201 4422 550 4491 μεταθέντων
572 4421 601 4463 (ι
635 4422 729 4477 ἐπὶ
761 4423 861 4495 τὴν
893 4422 1198 4497 παράδοξον
1233 4423 1470 4496 θεωρίαν
1489 4463 1505 4489 ,
1540 4425 1638 4478 καί
1671 4423 1795 4479 οὔτε
1828 4425 1888 4478 τὸ

195 4510 464 4581 διάδημα,
487 4508 611 4564 οὔτε
633 4513 668 4582 ή
694 4511 975 4584 ἁλουργὶς,
991 4510 1116 4565 οὔτε
1140 4511 1268 4567 ἀλλο
1282 4530 1333 4566 τι
1350 4513 1449 4583 τῆς
1474 4514 1775 4582 φαντασίας
1789 4514 1889 4584 τῆς

198 4596 512 4668 βασιλικῆς.
533 4596 679 4652 οὕτω
703 4601 831 4663 τοὺς
861 4598 1052 4670 ὄχλους
1088 4599 1198 4654 τῶν
1233 4601 1482 4654 ἀπίστων
1524 4601 1883 4672 ἐπέστρεψεν.

196 4684 277 4748 ὼς
307 4686 345 4755 ή
366 4685 465 4739 θέα
495 4685 608 4741 τῶν
642 4687 853 4741 πιστῶν
890 4688 1151 4752 ἐκείνων,
1193 4687 1628 4759 ἐγχρονισάντων
1678 4688 1776 4757 μὲν
1811 4687 1887 4758 τῷ

195 4772 363 4845 πυρὶ,
393 4773 537 4829 οὕτω
571 4776 626 4830 δὲ
680 4774 1006 4843 ἐξελθόντων
1042 4773 1280 4839 ἐκεῖθεν,
1326 4775 1403 4839 ὡς
1435 4775 1565 4837 τοὺς
1608 4776 1666 4829 ἐν
1693 4775 1887 4846 ὀνείρῳ

195 4860 369 4913 τοῦτο
398 4861 673 4927 παθόντας
706 4863 853 4928 εἰκὸς
876 4858 967 4935 ἦν.
998 4862 1111 4917 Καὶ
1128 4861 1240 4935 γὰρ
1256 4862 1284 4916 ὃ
1316 4862 1534 4917 πάντων
1556 4861 1888 4934 εὐθραυστό-

196 4947 365 5018 τερόν
390 4949 508 5003 ἐστι
531 4949 641 5004 τῶν
672 4952 730 5005 ἐν
756 4952 909 5022 ἡμῖν,
934 4952 968 5022 ή
991 4951 1102 5004 τῶν
1120 4949 1327 5021 τριχῶν
1356 4949 1518 5018 φύσις
1537 4990 1552 5014 ,
1577 4949 1887 5020 ἀδάμαντος

195 5037 330 5089 τότε
355 5036 702 5110 ἰσχυρότερον
729 5039 952 5110 ἐκράτει
982 5038 1082 5109 τῆς
1105 5038 1406 5108 παμφάγου
1433 5036 1650 5107 φλογός.
1681 5037 1791 5091 Καὶ
1823 5039 1884 5091 ού

193 5122 369 5186 τοῦτο
394 5125 553 5193 μόνον
571 5121 638 5195 ἦν
663 5127 724 5179 τὸ
749 5124 1085 5196 θαυμαστὸν,
1112 5126 1194 5179 ὅτι
1219 5127 1298 5189 εἰς
1322 5124 1485 5196 μέσον
1504 5135 1528 5163 ε
1548 5125 1884 5197 ἀπορριφέν-

195 5229 300 5278 τες
330 5213 526 5273 ἔπαθον
557 5215 730 5282 οὐδὲν,
751 5214 865 5269 ἀλλ’
888 5216 969 5270 ὅτι
991 5216 1086 5273 καὶ
1113 5213 1475 5284 φθεγγόμενοι
1497 5208 1638 5284 ἦσαν
1658 5213 1886 5267 διαπαν-

196 5302 322 5365 τός·
345 5302 489 5356 ἴσασι
505 5303 561 5357 δέ
590 5302 792 5367 πάντες
822 5303 938 5357 ὅσοι
951 5305 1065 5367 τοῖς
1082 5299 1395 5370 καιομένοις
1418 5300 1881 5372 παραγεγόνασιν,

197 5390 286 5454 ὡς
314 5388 335 5428 ί
364 5389 470 5454 ἕως
498 5390 597 5461 μὲν
624 5389 692 5444 ἂν
720 5389 887 5468 ἔχωσι
920 5389 1206 5468 μεμυκότα
1246 5387 1449 5440 ἐκεῖνοι
1483 5386 1553 5439 τά
1580 5386 1755 5458 χείλη,
1784 5388 1887 5441 κάν

199 5478 389 5550 βραχὺ
406 5478 537 5548 γοῦν
552 5477 839 5552 ἀντέχουσι
856 5479 992 5552 πρὸς
1012 5478 1103 5532 τὸν
1126 5476 1475 5550 ἐμπρησμὸν
1496 5477 1546 5529 εἰ
1568 5475 1625 5530 δέ
1645 5477 1883 5550 συμϐαίη

270 5627 301 5693 f‘
324 5625 410 5693 Sic
432 5626 584 5693 Sayil.
610 5635 659 5693 οι
687 5642 862 5693 omnes
885 5629 990 5679 fere
1015 5642 1132 5678 mss.
1146 5627 1334 5693 ﬂore].
1355 5627 1624 5693 γενομένην.

269 5685 303 5724 δ
324 5688 460 5755 Unus
500 5691 663 5755 31:11:69
697 5692 954 5755 πρότερον.
969 5693 1079 5742 Duo
1115 5688 1201 5740 alii
1237 5689 1315 5739 ἐπὶ
1341 5685 1676 5754 τδιπρότερον.
1712 5686 1883 5748 Sa\'il.,

196 5749 384 5817 Μαι-ει.
409 5757 464 5817 οι
485 5753 667 5817 reliqui
692 5749 768 5800 ἐπὶ
786 5749 857 5800 τὰ’
867 5753 1087 5817 πρότερα.

274 5813 300 5877 ’ξ
326 5813 475 5877 ξανὶί.
500 5818 556 5862 et
573 5812 762 5874 aliquot
792 5812 917 5877 mgm'
955 5812 1381 5877 mgwjdox
1414 5822 1511 5861 duo
1533 5818 1789 5877 προταγῆς.

270 5870 301 5937 τι
328 5874 544 5937 SicSav.
568 5881 622 5925 el
644 5870 818 5924 umnes
842 5875 947 5924 fere
969 5888 1087 5925 mss.
1117 5876 1208 5924 Ed.
1232 5875 1404 5924 Morel.
1429 5870 1782 5937 μετατιθέντων.

196 5935 584 6026 -hliafik‘ff'
612 5937 1282 6026 “31:3;‘932LEWOX‘13Q08'VTIC.
1313 5935 1535 5998 Quatuor
1572 5936 1659 5985 alii
1688 5936 1883 5984 ἀπολει-

1427 375 1519 432 Αι)
1567 374 1997 434 THEODORUM
2040 374 2341 432 LAPSUM.
2387 376 2425 431 Ι.

3561 381 3672 441 284

1998 492 2181 562 διᾶραι
2206 492 2267 545 τὸ
2295 492 2467 562 στόμα
2486 492 2663 547 αὐτῶν
2684 496 2732 560 ε,
2749 493 2953 559 εὐθέως
2978 492 3389 563 ἀφίπταταιτοῦ
3420 494 3674 570 σώματος

2000 575 2032 644 ή
2061 575 2228 645 ψυχή.
2267 574 2405 627 Ἀλλ’
2434 576 2583 647 ὅμως
2612 576 2881 632 τοσούτων
2902 575 3209 648 γενομένων
3229 568 3544 649 θαυμάτων.
3575 585 3671 637 καὶ

2000 656 2216 711 πάντων
2257 658 2720 727 καταπλαγέντων
2759 660 2869 714 τῶν
2897 661 3181 732 παρόντων
3225 662 3320 715 καὶ
3360 662 3673 735 θεωμένων,

1998 742 2094 795 καὶ
2115 742 2224 795 τῶν
2241 743 2490 796 ἀπόντων
2509 743 2598 797 διά
2632 745 2978 816 γραμμάτων
3007 743 3167 797 τοῦτο
3193 745 3614 816 μεμαθηκότων.
3645 748 3679 806 6

1998 825 2124 888 τοὺς
2149 825 2343 889 ἄλλους
2360 826 2574 891 διδάξας
2602 825 2854 896 βασιλεὺς
2879 829 3204 901 ἀδιόρθωτος
3233 829 3434 901 ἔμεινε,
3459 832 3555 885 καὶ
3570 832 3680 887 πά-

1998 906 2082 961 λιν
2110 910 2203 963 ἐπὶ
2230 911 2328 979 τὴν
2363 910 2635 983 προτέραν
2665 912 2934 982 ἐπανῄειὶι
2961 899 3202 970 κακίαν.’
3220 899 3331 967 Καὶ
3359 915 3480 968 οὐδέ
3503 913 3675 979 οὕτως

1998 993 2162 1047 αὐτὸν
2197 996 2226 1047 ὁ
2267 993 2398 1057 Θεὸς
2446 993 2735 1056 ἐκόλασεν,
2775 993 2891 1048 ἀλλ’
2943 994 3402 1068 ἐμακροθύμησεν
3427 996 3528 1058 ἔτι,
3578 996 3675 1051 καὶ

1996 1076 2065 1129 δι’
2091 1077 2387 1149 ὀνειράτων
2419 1077 2515 1131 καὶ
2533 1077 2624 1132 διὰ
2655 1079 2749 1132 τοῦ
2774 1079 3053 1149 προφήτου
3097 1078 3479 1149 συμϐουλεύων
3501 1078 3671 1150 αὐτῷ.

2010 1160 2228 1232 Ἐπειδὴ
2267 1162 2325 1214 δέ
2352 1162 2506 1214 οὐδὲν
2543 1161 2722 1216 οὐδενὶ
2763 1162 2970 1216 τούτων
3010 1162 3235 1234 βελτίων
3290 1163 3523 1232 ἐγένετο,
3551 1163 3674 1216 τότε

1998 1243 2194 1312 ἐπάγει
2230 1243 2330 1316 τὴν
2369 1245 2642 1316 τιμωρίαν
2668 1244 2990 1317 λοιπὸν,οὐχ
3018 1245 3157 1317 ὑπὲρ
3183 1245 3293 1299 τῶν
3322 1245 3422 1317 ήδη
3457 1241 3676 1314 γεγονός·

1996 1343 2104 1380 των
2132 1329 2492 1398 ἀμυνόμενος,
2520 1328 2656 1382 ἀλλά
2684 1328 2754 1383 τά
2780 1329 3043 1400 μέλλοντα
3067 1329 3349 1384 ἐκκόπτων
3377 1329 3548 1393 δεινά,
3580 1327 3674 1382 καὶ

1994 1409 2092 1484 τὴν
2114 1413 2195 1477 είς
2217 1413 2280 1466 τὸ
2305 1412 2615 1485 ἔμπροσθεν
2630 1413 2972 1468 ἀναστέλλων
2994 1413 3214 1479 κακίαν,
3245 1413 3340 1467 καὶ
3370 1414 3487 1467 οὐδὲ
3515 1410 3674 1465 τοῦτο

1996 1496 2076 1558 εἰς
2106 1496 2279 1561 τέλος,
2295 1497 2408 1551 ἀλλ’
2432 1497 2518 1551 ἐπ’
2534 1496 2739 1566 ὀλίγοις
2766 1497 2927 1551 αὐτὸν
2952 1496 3249 1560 παιδεύσας
3276 1496 3439 1558 ἔτεσι,
3456 1499 3521 1566 τῇ
3539 1511 3674 1566 προ-

1993 1577 2130 1650 τέρᾳ
2163 1579 2325 1632 πάλιν
2349 1579 2598 1634 ἀπέδωκε
2632 1583 2800 1651 τιμῇ,
2822 1579 3169 1652 ζημιωθέντα
3200 1579 3300 1650 μὲν
3330 1579 3437 1632 ἀπὸ
3459 1579 3557 1649 τῆς
3580 1594 3672 1630 κο-

1997 1659 2206 1725 λάσεως
2223 1662 2462 1727 οὐδὲν,κε
2469 1663 2737 1735 ρδάναντα
2750 1663 2808 1717 δὲ
2822 1663 2883 1717 τὸ
2901 1665 3122 1718 πάντων
3141 1662 3396 1734 μέγιστον
3412 1662 3521 1716 τῶν
3536 1662 3673 1730 ἀγα-

1996 1742 2124 1809 θῶν,
2152 1745 2214 1798 τὸ
2246 1746 2491 1818 στερρῶς
2518 1748 2618 1818 τῆς
2653 1748 2735 1810 εἰς
2759 1746 2849 1800 τὸν
2876 1747 3008 1800 Θεὸν
3039 1746 3262 1818 ἔχεσθαι
3288 1747 3548 1810 πίστεως,
3574 1745 3672 1799 καὶ

1997 1828 2340 1899 μεταγνῶναι
2388 1830 2482 1883 ἐπὶ
2532 1832 2646 1894 τοῖς
2703 1830 2971 1902 πρότερον
3019 1831 3431 1902 ἡμαρτημένοις
3467 1828 3635 1900 αὐτῷ.

2066 1911 2146 1985 [8]
2166 1918 2220 1977 ς’
2230 1954 2243 1966 .
2268 1911 2501 1983 Τοιαύτη
2519 1912 2628 1985 γὰρ
2644 1916 2678 1984 ή
2700 1913 2794 1968 τοῦ
2813 1913 2948 1967 Θεοῦ
2976 1915 3355 1987 φιλανθρωπία
3374 1931 3388 1945 ⁸
3418 1916 3671 1971 οὐδέποτε

1997 1995 2285 2065 μετάνοιαν
2302 1996 2596 2067 γινομένην
2628 1998 2935 2068 εἰλικρινῶς
2964 1998 3386 2068 ἀποστρέφεται.
3411 1999 3545 2052 ἀλλὰ
3564 2000 3669 2054 κᾶν

1993 2080 2132 2150 πρὸς
2153 2080 2285 2132 αὐτό
2311 2098 2396 2144 τις
2414 2081 2516 2150 τῆς
2538 2081 2738 2144 κακίας
2761 2082 2929 2153 ἐλάσῃ
2959 2082 3020 2136 τὸ
3047 2082 3242 2154 πέρας,
3266 2083 3518 2137 κάκεῖθεν
3538 2085 3672 2138 ὐπο-

1996 2164 2226 2235 στρέψαι
2255 2166 2422 2221 πάλιν
2439 2166 2631 2238 ἕληται
2658 2167 2792 2239 πρὸς
2806 2166 2904 2239 τήν
2926 2169 3035 2239 τῆς·
3055 2169 3253 2238 ἀρετῆς
3289 2168 3428 2226 ὁδὸν.
3455 2167 3551 2221 καὶ
3583 2168 3670 2221 δέ·

1992 2265 2146 2317 χεται
2175 2250 2269 2304 καί
2290 2250 2572 2321 προσίεται
2602 2249 2811 2313 τοῦτον,
2842 2252 2937 2305 καὶ
2959 2251 3139 2305 πάντα
3168 2252 3314 2304 ποιεῖ
3343 2250 3483 2304 ὥστε
3505 2251 3667 2307 αὐτὸν

1991 2332 2073 2395 είς
2101 2331 2198 2402 τὴν
2227 2332 2500 2404 προτέραν
2516 2332 2847 2387 κατάστασιν
2876 2336 3248 2403 ἐπαναγαγεῖν
3272 2336 3315 2392 ί.
3333 2336 3442 2389 Καὶ
3454 2333 3513 2389 τὸ
3533 2334 3665 2389 πολ-

1990 2412 2068 2485 λῷ
2100 2416 2290 2469 τούτου
2328 2414 2839 2487 φιλανθρωπότερον
2864 2433 2878 2448 ·
2920 2415 3024 2471 κᾶν
3080 2416 3189 2490 γάρ
3234 2417 3309 2489 μὴ
3352 2418 3531 2471 πᾶσάν
3584 2434 3669 2480 τις

1989 2497 2323 2569 ἐπιδείξηται
2339 2497 2440 2569 τὴν
2458 2497 2771 2568 μετάνοιαν,
2810 2498 2931 2552 ούδέ
2961 2497 3061 2569 τὴν
3098 2497 3359 2569 βραχεῖαν
3399 2499 3492 2552 καὶ
3529 2497 3668 2569 πρὸς

1987 2576 2167 2648 ὀλίγον
2182 2578 2555 2650 γεγενημένην
2579 2579 3035 2652 παραπέμπεται,
3057 2579 3194 2633 ἀλλά
3212 2581 3307 2632 καὶ
3331 2580 3506 2650 ταύτῃ
3534 2578 3547 2629 i
3584 2580 3670 2632 τί-

1989 2661 2116 2733 θησι
2142 2662 2309 2716 πολὺν
2338 2663 2432 2717 τὸν
2461 2662 2652 2734 μισθόν
2670 2681 2684 2695 ο
2704 2663 2798 2716 καὶ
2832 2661 2992 2716 τοῦτο
3014 2662 3170 2734 δῆλον
3191 2662 3251 2729 ἐξ
3271 2657 3344 2715 ὧν
3377 2665 3606 2728 Ἡσαΐας
3637 2663 3670 2716 ό

1990 2746 2275 2817 προφήτης
2322 2744 2455 2816 περὶ
2501 2743 2597 2797 τοῦ
2647 2743 2756 2797 τῶν
2822 2743 3095 2797 Ἰουδαίων
3138 2742 3269 2798 λαοῦ
3307 2745 3508 2798 οὑτωσί
3552 2744 3670 2809 πώς

1990 2844 2142 2898 φησι·
2168 2829 2246 2880 Δι’
2265 2827 2771 2898 ἁμαρτίανβραχύ
2798 2845 2853 2881 τι
2873 2827 3158 2897 ἐλύπησα
3182 2830 3389 2893 αὐτὸν,
3416 2825 3671 2883 καίἑπά-

1987 2910 2140 2975 ταξα
2184 2910 2392 2975 αὑτὸν,
2428 2910 2529 2965 καὶ
2569 2909 2925 2978 ἀπέστρεψά
2953 2911 3019 2964 τὸ
3052 2914 3378 2979 πρόσωπόν
3413 2929 3533 2980 μου
3565 2910 3671 2965 ἀπ’

1987 2992 2195 3059 αὐτοῦ,
2220 2994 2317 3047 καὶ
2337 2993 2635 3062 ἐλυπήθη,
2658 2993 2757 3047 καί
2771 2994 3063 3062 ἐπορεύθη
3081 2994 3367 3064 στυγνὸς,
3387 2997 3482 3048 καὶ
3505 2992 3670 3048 laod-

1983 3092 2112 3144 μην
2141 3075 2348 3137 αὐτὸν,
2372 3075 2488 3131 local
2522 3073 2912 3142 παρεκάλεσα
2949 3076 3157 3129 αὐτόν.
3201 3078 3583 3147 Μαρτυρήσειε
3620 3075 3666 3130 δ’

1990 3157 2056 3211 ἂν
2083 3161 2215 3229 ήιιῖν
2248 3158 2343 3211 καὶ
2387 3160 2415 3211 ό
2443 3157 2805 3220 ἀσεϐέστατος
2840 3156 3089 3226 βασιλεὺς
3118 3158 3345 3221 ἐκεῖνος,
3369 3158 3397 3208 ό
3428 3155 3667 3225 γεγονὼς

1992 3243 2090 3313 μὲν
2116 3241 2331 3303 ἔκδοτος
2351 3243 2463 3304 τοῖς
2489 3240 2885 3312 ἁμαρτήμασιν
2914 3238 3019 3292 ὑπὸ
3036 3239 3134 3309 τῆς
3160 3239 3443 3307 γυναικός·
3476 3239 3664 3310 ἐπειδὴ

1987 3326 2044 3379 δὲ
2073 3326 2232 3394 μόνον
2261 3323 2547 3393 ἐπένθησε,
2571 3323 2666 3377 καὶ⁸
2683 3323 2886 3377 σάκκον
2906 3322 3281 3393 περιεϐάλετο,
3304 3323 3398 3375 καὶ
3418 3323 3666 3391 κατέγνω

1987 3409 2094 3463 τῶν
2147 3407 2645 3478 πλημμεληθέντων
2704 3406 2876 3476 αύτῷ,
2928 3404 3102 3468 οὕτως
3134 3404 3532 3458 ἐπεσπάσατοιι
3569 3403 3664 3458 τοῦ

1986 3490 2121 3544 Θεοῦ
2150 3492 2239 3544 τὸν
2254 3489 2423 3557 ἔλεον,
2445 3490 2520 3553 ὼς
2546 3489 2759 3543 πάντων
2777 3488 2944 3542 αὑτὸν
2968 3487 3278 3553 ἀπαλλάξαι
3294 3489 3400 3542 τῶν
3419 3491 3522 3560 ἐπη
3534 3506 3665 3561 ρτη-

1991 3574 2166 3644 μένων
2184 3573 2389 3626 κακῶν.
2408 3567 2544 3625 Εἷπε
2571 3571 2680 3643 γάρ
2702 3572 2731 3624 ό
2746 3569 2878 3633 Θεὸς
2899 3568 2976 3639 τῷ
3015 3568 3187 3641 Ὴλίᾳο
3223 3568 3524 3636 Ἑώρακας
3539 3568 3662 3637 πῶς

1987 3659 2284 3729 κατενύτη
2330 3656 2551 3726 Ἀχαὰό
2593 3656 2712 3711 ἀπὸ
2745 3653 3072 3724 προσώπου
3101 3671 3258 3724 you;
3304 3657 3423 3708 Οὐκ
3461 3654 3663 3720 ἐπάξω

1986 3743 2103 3812 τὴν
2120 3744 2341 3798 κακίαν
2358 3742 2429 3796 ἐν
2453 3742 2584 3808 ταῖς
2597 3740 2844 3811 ἡμέραις
2857 3738 3069 3807 αὐτοιὶ,
3089 3741 3220 3794 ἀνθ’
3235 3733 3323 3793 ὧν
3339 3739 3426 3792 ὅτι
3444 3739 3664 3794 ἔκλαυ-

1986 3843 2101 3882 σεν
2141 3827 2259 3882 ἀπὸ
2301 3825 2625 3896 προσώπου
2652 3842 2793 3894 μου.
2831 3825 2942 3877 Καὶ
2979 3822 3119 3894 μετά
3141 3822 3298 3876 τοῦτο
3320 3823 3664 3877 πάλινόΜα-

1987 3912 2191 3982 νασσῆς
2208 3912 2414 3974 πάντας
2434 3912 2499 3981 τῇ
2535 3909 2702 3981 μανίᾳ
2719 3908 3036 3980 παρελάσας
3055 3909 3148 3962 καὶ
3160 3910 3226 3978 τῇ
3245 3908 3541 3978 τυραννίδι,
3568 3909 3664 3962 καὶ

1987 3997 2086 4067 τὴν
2115 3995 2342 4065 νομικὴν
2359 3993 2667 4065 ἀνατρέψας
2697 3991 2974 4063 λατρείαν,
3008 3991 3219 4044 καὶτὸν
3251 3990 3378 4044 ναὸν
3407 3991 3663 4045 ἀποκλεί-

1990 4095 2108 4142 σας,
2139 4079 2232 4132 καὶ
2255 4078 2351 4147 τὴν
2383 4077 2492 4131 τῶν
2535 4076 2771 4129 εἰδώλων
2813 4074 3024 4144 πλάνην
3055 4074 3283 4143 ποιήσας
3316 4073 3521 4137 ἀνθεῖν,
3570 4074 3663 4126 καὶ

1989 4162 2205 4215 πάντων
2241 4161 2350 4214 τῶν
2396 4159 2702 4232 ἔμπροσθεν
2740 4158 3030 4228 γενόμενος
3050 4156 3428 4227 ἀσεϐέστερος,
3473 4156 3663 4228 ἐπειδὴ

1992 4243 2315 4315 μετενόησεν
2332 4241 2578 4312 ὕστερον,
2594 4243 2676 4305 εἰς
2684 4241 2811 4304 τοὺς
2821 4238 2916 4294 τοῦ
2931 4237 3068 4293 Θεοῦ
3081 4256 3208 4292 κατε
3217 4239 3436 4292 τάττετο
3453 4256 3484 4307 φ
3495 4236 3659 4300 ίλους.

1989 4326 2126 4379 Εἰδέ
2148 4327 2228 4388 εἰς
2252 4325 2311 4377 τὸ
2330 4323 2554 4394 μέγεθος
2576 4321 2782 4376 ἀπιδὼν
2796 4322 2905 4375 τῶν
2928 4322 3145 4376 οἰκείων
3168 4320 3426 4391 ἀνομιῶν,
3441 4321 3665 4388 ἀπέγνω

1986 4409 2085 4481 τὴν
2122 4408 2377 4461 ἐπάνοδον
2411 4407 2505 4460 καὶ
2526 4405 2625 4477 τὴν
2657 4404 2959 4476 μεταϐολὴν
2980 4444 2995 4466 ,
3027 4404 3243 4457 πάντων
3281 4402 3347 4456 ἂν
3383 4402 3660 4468 ἐξέπεσεν,

1989 4486 2062 4545 ὧν
2099 4491 2236 4562 μετά
2257 4490 2428 4543 ταῦτα
2455 4488 2706 4558 ἐπέτυχε’
2728 4488 2823 4540 νῦν
2845 4487 2922 4548 δέ,
2946 4487 3067 4539 ἀντὶ
3095 4487 3193 4555 τῆς
3224 4484 3525 4555 ὑπερϐολῆς
3553 4485 3661 4539 τῶν

1988 4571 2389 4646 ἡμαρτημένων
2409 4570 2577 4640 αὐτῷ,
2593 4573 2672 4634 εἰς
2691 4571 2753 4622 τὸ
2772 4568 2998 4638 ἄπειρον
3012 4568 3109 4637 τῆς
3126 4567 3523 4635 εὐσπλαγχνίας
3540 4565 3662 4620 ἰδὼν

1986 4657 2079 4711 τοῦ
2094 4657 2251 4717 Θεοῦ,
2280 4654 2376 4710 καὶ
2394 4654 2463 4709 τά
2485 4652 2659 4723 δεσμὰ
2669 4650 2966 4724 διαρρήξας
2981 4652 3075 4704 τοῦ
3096 4649 3365 4712 διαϐόλου,
3382 4650 3659 4722 διανέστη,

1986 4740 2082 4795 καὶ
2108 4738 2434 4808 ἠγωνίσατο,
2465 4734 2673 4791 καὶτὸν
2701 4733 2900 4806 δρόμον
2949 4731 3163 4786 ἐτέλεσε
3216 4730 3307 4785 τὸν
3351 4730 3532 4784 καλόν.
3584 4733 3659 4785 Οὐ

1990 4824 2149 4894 μόνον
2177 4822 2234 4876 δέ
2257 4822 2346 4876 διὰ
2373 4820 2483 4875 τῶν
2522 4821 2603 4884 εἰς
2627 4818 2852 4881 τούτους
2873 4819 3275 4889 γεγενημένων,
3298 4815 3432 4869 ἀλλά
3455 4816 3549 4870 καὶ
3573 4815 3662 4870 διά

1985 4908 2093 4961 τῶν
2107 4906 2200 4964 τοῦ
2227 4907 2505 4978 προφήτου
2536 4903 2797 4977 ῥημάτων
2824 4902 3080 4956 ἐκκόπτει
3124 4903 3249 4964 τοὺς
3276 4900 3378 4971 τῆς
3413 4897 3663 4968 ἀπογνώ-

1987 5008 2126 5056 σεως
2163 4991 2460 5060 λογισμοὺς
2489 4991 2518 5042 ὁ
2543 4988 2698 5054 Θεὸς,
2748 4987 2951 5041 οὑτωσί
2979 4986 3155 5056 λέγων
3175 5003 3189 5018 ο
3221 4986 3503 5055 Σιήμερον
3552 4982 3663 5037 ἐὰν

1985 5070 2096 5143 τῆς
2127 5072 2334 5142 φωνῆς
2370 5071 2556 5126 αὑτοῦ
2603 5070 2947 5138 ἀκούσητε,
2982 5069 3069 5140 μὴ
3118 5070 3501 5138 σκληρύνητε
3556 5065 3663 5132 τὰς

1986 5157 2232 5232 καρδίας
2250 5156 2436 5225 ὑμῶν,
2452 5157 2532 5222 ὡς
2559 5157 2628 5209 ἐν
2647 5153 2728 5220 τῷ
2757 5153 3255 5225 παραπικρασμῷ.

2059 5241 2131 5294 Τὸ
2150 5242 2229 5299 δὲ,
2245 5241 2530 5307 σήμερον,
2557 5241 2613 5290 ἐν
2636 5239 2800 5292 παντὶ
2818 5237 2895 5309 τῷ
2925 5238 3023 5310 βίῳ
3039 5238 3292 5307 λέγεσθαι
3307 5236 3549 5301 δυνατὸν,
3564 5234 3660 5289 καὶ

1987 5324 2123 5395 πρὸς
2133 5326 2280 5395 αύτῷ
2300 5325 2313 5363 ι
2331 5326 2407 5389 δὲ,
2423 5328 2470 5378 εἰ
2488 5324 2640 5395 βούλε
2651 5322 2769 5392 mc?)
2787 5324 2853 5391 γὴ
2865 5340 2949 5392 ραν
2967 5322 3028 5374 ού
3041 5321 3148 5392 γάρ
3159 5321 3368 5392 χρόνων
3379 5320 3657 5389 ποσότητι,

1984 5408 2121 5463 ἀλλά
2151 5411 2387 5463 διαθέσει
2426 5410 2601 5479 ψυχῆς
2640 5410 2672 5478 ή
2705 5406 2962 5478 μετάνοια
2996 5406 3259 5477 κρίνεται.
3296 5404 3402 5457 Καὶ
3457 5403 3566 5474 γάρ
3603 5400 3659 5455 οι

2048 5567 2074 5628 β
2101 5565 2297 5628 Ποῖ-ειη
2319 5567 2430 5617 Sav.
2461 5573 2513 5628 et
2533 5580 2659 5616 unus
2676 5566 2783 5615 cod.
2809 5565 2966 5628 στόμα
2988 5562 3175 5628 αὐτούς,
3194 5563 3278 5628 alii
3299 5563 3469 5628 αὐτῶν.

2046 5625 2075 5664 Ῑι
2116 5629 2223 5677 Duo
2264 5621 2579 5690 manuscripti
2624 5628 2852 5685 ἐπάνεισι,
2900 5621 2953 5675 'el
2997 5628 3069 5690 sic
3108 5621 3258 5690 Suvil.
3309 5626 3358 5672 in
3415 5621 3653 5682 margine.

1986 5688 2158 5754 Mqrgl.
2181 5696 2363 5754 autem.
2388 5688 2547 5754 Savil’1
2567 5692 2617 5738 in
2645 5697 2805 5754 textu.
2830 5696 2883 5736 et
2901 5690 2981 5754 a_lii
3007 5688 3244 5754 ἐπανῄει..
3486 5742 3505 5754 υ

2051 5752 2066 5819 ξ
2095 5741 2691 5819 ί.ρεςδοιιιι·ἀγαγεῖν,ερᾴ
2717 5741 3072 5819 ρταὲειξιιξεριίυ
3099 5741 3210 5819 85v:
3226 5742 3549 5819 ἐπαναγαγεῖν.
3566 5741 3639 5791 En

2050 5814 2067 5875 ι
2096 5809 2245 5862 ςηῦἰι.
2272 5823 2323 5861 el
2350 5809 2587 5862 uuusi’nd‘
2606 5809 2794 5875 ταύτης.
2867 5810 3028 5875 k_|)_uo
3052 5823 3165 5875 mss.
3182 5809 3578 5875 ἐπισπασάμενος.

2058 5874 2076 5914 ι
2103 5876 2184 5923 Sic
2204 5888 2392 5933 omnes,
2408 5880 2620 5935 oxmplo
2645 5865 2752 5921 Μυιί
2768 5865 2878 5932 ,(ιυὶ
2903 5868 3173 5935 ἰιειίιοιπρρς
3192 5865 3531 5935 αὐτοῦ-μυρία
3554 5870 3662 5926 post
3702 5908 3709 5915 ,

1988 5928 2397 6011 uflus'éézﬁﬁpaaf
2421 5928 2702 6011 xgévéoixal.
2967 5930 3074 5979 Mox
3099 5928 3224 5977 'Snv.
3240 5934 3306 6002 ,ιιι
3332 5928 3522 6011 aII-illum
3542 5941 3653 6000 tum-

1994 6000 2072 6053 τὴν
2113 5992 2347 6059 ἁμαρτω...
2370 5992 2549 6026 ἒυῖἶυνι.
2587 5995 2737 6026 P-uoln
2759 5992 2861 6026 ιἰηάι
2891 5992 2988 6026 dun
3012 6004 3109 6026 me:
3143 5992 3311 6026 νεηνίην
3332 6001 3419 6026 nm
3441 5992 3653 6026 r‘nmui‘lm

1865 6096 1874 6100 .
1990 6058 2093 6100 Mm
2113 6061 2199 6100 βεεν
