4088 6138
369 404 474 459 285

368 515 677 571 :estimatur.
697 510 947 567 Ninivita:
963 509 1223 581 siquidem
1243 524 1347 562 non
1371 508 1549 563 multis
1567 509 1755 564 diebus
1779 511 1794 541 ⁸
1817 524 1952 579 opus

372 607 690 668 habuerunt,
707 612 763 659 ut
785 614 1056 673 peccatum
1078 603 1319 656 delerent
1341 604 1507 655 sunm'
1521 604 1564 664 ',
1584 601 1675 656 sed
1704 602 1946 671 exiguum

370 698 476 754 diei
507 704 713 766 tempus
758 695 928 764 potuit
968 695 1267 749 universam
1297 709 1483 747 eorum
1510 694 1723 748 abolere
1757 694 1949 763 iniqui-

373 797 532 841 tatem
564 803 578 838 :
612 793 667 839 et
705 786 842 839 latro
871 801 974 838 non
1004 785 1171 838 multo
1202 794 1437 853 tempore
1476 785 1703 852 paradisi
1746 786 1950 853 ingres-

367 894 486 934 sum
513 877 834 947 impetravit,
863 876 957 931 sed
982 891 1048 930 eo
1074 876 1243 944 spatio
1270 892 1373 944 quo
1402 875 1617 929 verbum
1645 892 1804 929 unum
1834 892 1954 944 pro-

369 971 537 1026 .‘ertur
559 1011 574 1036 ,
615 984 679 1023 eo
708 977 978 1023 momento
1005 966 1257 1021 abstersis
1286 967 1446 1020 totius
1480 966 1598 1019 vita:
1627 982 1736 1019 sua:
1764 981 1952 1034 pecca-
1994 1008 1995 1011 η

372 1063 461 1126 tis,
495 1061 654 1115 etiam
682 1069 806 1113 ante
833 1058 1104 1128 apostolos
1136 1057 1458 1127 probationis
1490 1057 1765 1125 prmmium
1803 1072 1954 1110 accc-

371 1155 469 1223 pit.
500 1152 755 1208 Videmus
783 1151 941 1205 etiam
974 1160 1266 1220 martyres,
1295 1164 1399 1203 non
1441 1149 1621 1204 multis
1646 1149 1798 1203 annis
1817 1191 1831 1213 ,
1859 1148 1952 1202 sed

371 1248 533 1302 etiam
561 1246 751 1301 diebus
780 1244 983 1315 paucis,
1014 1244 1123 1299 imo
1146 1243 1231 1299 vel
1261 1258 1364 1299 una
1390 1242 1478 1298 die
1501 1242 1808 1312 splendidas
1827 1258 1953 1296 con-

372 1346 629 1408 sequutos
653 1351 898 1391 coronas.

439 1438 499 1488 '7.
533 1430 871 1500 Quapropter
905 1429 1101 1500 ubique
1139 1429 1294 1484 nobis
1327 1428 1599 1483 alacritate
1621 1469 1636 1495 ,
1664 1428 1955 1497 seduloque

375 1522 538 1576 animi
564 1522 755 1575 affectu
775 1530 855 1574 est
877 1535 1041 1589 opus:
1066 1521 1206 1590 quod
1235 1523 1278 1574 si
1308 1520 1378 1574 ita
1411 1536 1655 1589 paremus
1680 1522 1956 1575 conscien-

375 1612 524 1679 tiam,
548 1621 605 1666 ut
625 1620 766 1665 tanta
789 1611 1121 1666 vehementia
1145 1612 1420 1682 pristinam
1440 1612 1692 1665 malitiam
1716 1611 1952 1667 deteste—

377 1719 518 1768 mur,
532 1712 586 1757 et
599 1703 917 1758 contrariam
941 1703 1078 1757 viam
1098 1702 1413 1773 deligamus,
1433 1711 1680 1773 quantam
1705 1703 1843 1757 Deus
1867 1704 1958 1757 im-

377 1802 529 1862 perat
555 1808 619 1848 ac
647 1794 884 1863 requirit,
914 1792 1043 1847 nihil
1071 1793 1142 1847 ob
1169 1795 1423 1862 temporis
1448 1793 1756 1848 brevitatem
1790 1794 1956 1849 habe-

376 1883 552 1938 bimus
578 1885 752 1938 minus
772 1925 789 1951 ,
825 1883 1251 1954 quandoquidem
1283 1884 1430 1938 multi
1460 1885 1736 1939 novissimi
1758 1885 1956 1954 primos

374 1974 531 2044 longe
544 1976 991 2030 antecesseruut'.
1007 1976 1118 2029 Non
1136 1977 1277 2030 enim
1292 1976 1548 2031 cecidisse
1562 1992 1722 2046 grave
1743 1987 1841 2042 est,
1861 1976 1956 2031 sed

373 2064 582 2133 lapsum
598 2064 798 2134 jacere,
828 2080 926 2120 nec
954 2081 1254 2136 resurgere,
1281 2067 1375 2122 sed
1407 2067 1558 2123 malis
1581 2068 1718 2122 ultro
1747 2068 1953 2122 lueren-

373 2164 483 2209 tem
509 2166 561 2210 et
587 2164 882 2226 torpentem
921 2158 1213 2227 desperatis
1241 2160 1648 2228 cogitationibus
1694 2160 1952 2229 propesiti

374 2246 791 2303 imbecillitatem
822 2260 1017 2319 legere.
1040 2249 1346 2320 Cuiusmodi
1364 2251 1663 2306 hominibus
1683 2252 1831 2322 quasi
1854 2252 1956 2306 du-

374 2337 550 2394 bitans
568 2340 820 2409 propheta
841 2341 1080 2396 diccbat:
1106 2340 1159 2394 N
1162 2359 1248 2395 um
1268 2343 1354 2413 qui
1374 2343 1506 2395 cadit
1522 2359 1622 2397 non
1646 2353 1888 2412 resurget,
1912 2353 1958 2397 et

372 2432 462 2502 qui
476 2434 715 2487 avertitur
738 2450 835 2513 non
851 2444 1123 2489 revertetur
1151 2434 1358 2506 (Jerem.
1374 2434 1426 2489 8.
1451 2434 1539 2507 4)?
1560 2435 1710 2502 Quod
1737 2436 1780 2489 si
1801 2449 1957 2504 quos-

379 2523 522 2591 piam
550 2537 580 2576 a
606 2523 758 2578 nobis
783 2540 1011 2593 quarras.
1037 2525 1124 2593 qui
1152 2535 1429 2595 postquam
1458 2525 1795 2580 crediderant
1820 2525 1961 2580 ceci-

376 2614 592 2679 derint,
627 2613 740 2668 hmc
770 2630 898 2669 sane
933 2615 1109 2669 omnia
1157 2614 1180 2647 "
1229 2616 1296 2670 de
1325 2616 1430 2670 illis
1476 2616 1612 2670 dicta
1643 2624 1769 2670 sunt
1796 2633 1810 2669 :
1838 2632 1957 2670 nam

375 2706 470 2774 qui
496 2706 690 2760 cecidit
710 2721 775 2761 ex
793 2721 975 2761 eorum
1008 2722 1229 2761 numero
1250 2717 1350 2773 est,
1384 2708 1473 2776 qui
1497 2709 1641 2777 prius
1671 2717 1955 2773 steterunt,

375 2813 487 2851 nou
516 2797 606 2867 qui
627 2797 939 2867 jacuerunt:
970 2800 1057 2868 qui
1090 2802 1229 2853 enim
1275 2799 1417 2868 jacet
1456 2801 1724 2869 quomodo
1762 2802 1958 2856 cadat?

374 2888 496 2941 Alia
524 2903 739 2958 quoque
782 2888 1024 2943 dicentur
1068 2899 1174 2943 tum
1212 2906 1307 2961 per
1346 2891 1660 2959 parabolas,
1714 2902 1822 2946 tum
1868 2909 1961 2961 per

373 2978 608 3032 clariora
650 2978 783 3032 facta
817 2980 897 3033 vel
944 2978 1081 3033 dicta
1135 3000 1144 3032 :
1195 2981 1389 3035 taenim
1433 2982 1547 3034 ovis
1587 2980 1677 3035 illa
1720 2997 1749 3034 a
1787 2997 1959 3035 nona-

375 3068 524 3135 ginta
548 3083 735 3121 novem
760 3054 1000 3138 separata
1026 3108 1039 3132 ,
1081 3078 1136 3123 et
1162 3079 1343 3138 postea
1375 3070 1588 3125 reducta
1613 3111 1628 3136 ,
1658 3073 1789 3125 nihil
1817 3072 1959 3126 aliud

332 3198 337 3199 κ
375 3159 537 3213 nobis
576 3158 841 3224 declarat,
872 3174 1031 3229 quam
1077 3160 1308 3214 lidelinm
1344 3161 1547 3229 lapsum
1586 3171 1640 3215 et
1679 3163 1909 3216 reditum
1943 3180 1956 3217 :

376 3249 645 3318 siquidem
690 3250 803 3304 ha-c
832 3252 948 3305 ovis
977 3267 1082 3305 non
1122 3252 1341 3305 alterius
1369 3252 1545 3321 gregis
1583 3262 1700 3306 erat
1722 3294 1736 3319 ,
1769 3253 1863 3307 sed
1891 3269 1958 3307 ex

375 3338 705 3407 reliquarum
752 3355 1017 3407 numero,
1083 3342 1151 3394 ab
1206 3341 1500 3411 eodemque
1549 3350 1757 3410 pastore
1815 3343 1960 3412 prius

379 3429 699 3500 pascebatur
737 3448 750 3482 :
781 3439 940 3500 atque
985 3446 1169 3485 errore
1203 3445 1308 3485 non
1345 3431 1544 3501 vulgari
1589 3431 1815 3486 abducta
1853 3442 1956 3499 est,

378 3521 479 3576 sed
507 3535 602 3591 per
625 3533 833 3578 montes
857 3532 910 3577 et
939 3525 1105 3578 saltus
1131 3565 1146 3589 ,
1176 3533 1487 3593 remotaque
1520 3525 1604 3578 via
1627 3565 1642 3586 ,
1687 3532 1741 3578 ct
1765 3539 1794 3576 a
1816 3535 1959 3578 recta

379 3612 542 3681 longe
562 3612 811 3667 distante.
853 3613 988 3667 Num
1015 3629 1141 3683 ergo
1167 3614 1401 3684 neglexit
1422 3614 1726 3671 errantem?
1747 3614 1959 3684 Nequa-

378 3704 702 3773 quam:sed
744 3704 958 3760 reduxit
998 3719 1102 3758 non
1149 3705 1474 3773 compellens
1520 3715 1578 3759 et
1625 3706 1957 3761 verberans:

383 3796 499 3850 imo
523 3796 759 3852 humeris
784 3806 1087 3868 reportans.
1116 3797 1573 3865 Quemadmodum
1601 3798 1741 3853 enim
1771 3798 1959 3852 medici

382 3888 668 3955 peritiores
720 3902 892 3957 aegros
934 3887 1184 3942 diuturno
1212 3888 1400 3943 morbo
1444 3887 1464 3919 ⁵
1505 3896 1721 3942 vexatos
1755 3902 1961 3941 summa

379 3990 516 4031 cura
539 3977 823 4032 valetudini
849 3979 1164 4043 restituunt,
1208 3994 1315 4032 non
1341 3977 1500 4033 modo
1526 3978 1803 4033 medicina:
1827 3978 1962 4047 legi-

382 4064 490 4120 bus
512 4075 745 4135 utentes,
768 4068 863 4123 sed
889 4068 1151 4123 interdum
1179 4068 1514 4138 indulgentes
1536 4068 1713 4138 aegris,
1738 4068 1810 4122 ita
1834 4083 1966 4139 quo-

383 4171 495 4226 que
538 4157 679 4211 Deus
721 4157 1006 4213 admodum
1051 4167 1333 4228 corruptos
1363 4173 1469 4217 non
1511 4158 1815 4213 vehementi
1859 4159 1959 4212 im-

387 4247 548 4317 pulsu
583 4247 651 4302 ad
688 4249 933 4303 virtutem
978 4248 1162 4316 ducit,
1212 4249 1309 4305 sed
1358 4250 1612 4319 paulatim
1666 4257 1723 4305 et
1763 4250 1963 4305 sensim

385 4346 711 4406 supportans
737 4339 948 4408 ubique,
973 4353 1041 4394 ne
1058 4339 1143 4394 vel
1169 4340 1339 4409 major
1367 4340 1617 4406 scissura,
1647 4339 1732 4396 vel
1752 4342 1964 4410 gravius

385 4437 623 4484 erratum
651 4431 877 4491 accidat.
926 4429 1106 4500 Neque
1136 4431 1187 4486 id
1213 4431 1298 4485 illa
1320 4431 1490 4485 solum
1511 4431 1766 4501 parabola
1789 4431 1966 4485 subin-

386 4520 630 4587 dicatur,
666 4521 760 4576 sed
780 4531 835 4577 et
860 4522 961 4576 alia
992 4523 1152 4577 etiam
1183 4523 1249 4578 de
1278 4522 1386 4577 filio
1411 4523 1654 4594 prodigo.
1691 4522 1963 4592 Siquidem

389 4609 479 4666 hic
501 4627 607 4667 non
650 4613 856 4668 alienus
893 4622 1006 4668 erat
1029 4655 1045 4681 ,
1089 4615 1196 4668 imo
1237 4613 1374 4667 ﬁlius
1398 4655 1413 4680 ,
1450 4613 1719 4684 fraterque
1748 4614 1843 4668 ﬁlii
1872 4615 1961 4683 qui

391 4702 528 4770 patri
557 4710 807 4773 acceptus
848 4710 1002 4758 erat:
1036 4704 1081 4757 is
1128 4704 1183 4756 in
1220 4703 1611 4772 improbitatem
1663 4704 1840 4771 lapsus
1886 4712 1967 4757 est

392 4807 500 4847 non
523 4793 797 4863 vulgarem
822 4834 838 4861 ,
867 4793 963 4849 sed
990 4794 1041 4847 in
1067 4793 1238 4863 ipsum
1257 4833 1271 4857 ,
1304 4800 1364 4846 ut
1385 4793 1453 4845 ita
1481 4791 1673 4856 dicam,
1705 4791 1964 4847 malorum

395 4895 692 4941 extremum
721 4903 734 4939 :
766 4885 914 4940 dives
937 4927 952 4949 ,
984 4885 1152 4949 liber,
1175 4884 1368 4938 nobilis
1387 4924 1404 4951 ,
1435 4882 1665 4950 famulis,
1696 4882 1966 4938 extraneis

396 4976 840 5045 mercenariisque
867 4975 1111 5029 miserior
1134 4973 1354 5030 effectus
1378 4981 1480 5027 est.
1509 4974 1757 5028 Attamen
1786 4973 1965 5044 pristi-

399 5082 520 5121 num
551 5068 606 5122 in
629 5076 823 5123 statum
849 5067 1047 5133 rediit,
1087 5067 1442 5135 amissamque
1478 5065 1701 5135 gloriam
1741 5078 1965 5134 recupe-

398 5158 552 5212 ravit.
597 5159 651 5215 Si
695 5159 1060 5229 desperasset,
1091 5168 1145 5214 et
1164 5164 1231 5213 oh
1256 5159 1608 5213 calamitatem
1631 5157 1967 5227 despondeas

399 5252 629 5307 animum
670 5256 721 5306 in
760 5254 930 5307 aliena
959 5265 1096 5306 terra
1132 5253 1430 5317 mansisset,
1461 5268 1749 5321 numquam
1775 5266 1965 5306 conseo

465 5558 479 5588 ι
517 5563 642 5605 t‘nus
661 5556 830 5616 habet,
867 5554 1030 5606 multis
1080 5554 1373 5617 annisatque
1398 5553 1578 5617 diebus.

463 5622 482 5649 ²
516 5618 653 5680 savii.
678 5625 727 5667 et
745 5617 927 5680 aliquot
950 5625 1074 5680 Mss,
1102 5616 1349 5680 peccatum
1366 5616 1576 5667 delerent
1597 5616 1757 5666 istum.

463 5681 485 5711 ³
517 5678 657 5729 savii.
685 5687 737 5728 et
759 5676 1191 5742 trés_ttss.,_louge
1210 5677 1279 5729 sic
1303 5684 1662 5730 antecesserunt.

465 5742 486 5770 ⁸
523 5748 638 5798 Vox,
662 5739 837 5799 omnia,
861 5741 1006 5790 deest
1028 5740 1078 5788 in
1099 5739 1259 5790 tritius
1281 5749 1384 5790 Mss.

465 5802 487 5837 ³
516 5800 649 5851 Call).
673 5814 814 5857 unus,
835 5803 1040 5859 quod-1m
1070 5800 1246 5851 morbo.

1566 396 1659 451 AD
1698 391 2119 451 THEODORUM
2158 394 2447 455 LAPSUM.
2483 394 2558 451 ι..

2054 522 2314 579 qnuturus
2381 520 2496 566 erat
2553 526 2651 580 ea,
2700 527 2820 583 qua:
2868 514 3205 581 postmodum
3253 517 3486 586 recepit,
3537 519 3630 575 sed

2056 598 2195 656 fame
2214 610 2578 671 consumptus,
2596 603 2892 659 miserrima
2908 606 3144 659 omnium
3163 616 3333 661 morte
3349 609 3595 678 periisset
3614 627 3628 662 :

2058 708 2242 746 verum
2279 693 2401 763 quia
2444 693 2663 764 resipuit
2688 736 2704 761 ,
2751 711 2852 750 nec
2892 695 3229 766 desperavit,
3274 709 3393 768 post
3421 709 3618 755 tantam

2054 785 2486 854 corruptionem,
2529 786 2773 842 eumdem
2824 788 2996 857 ipsum
3040 800 3359 860 assequutus
3405 792 3630 849 fortuna:

2056 874 2418 943 Splendorem,
2469 876 2825 944 pulcherrimo
2872 879 3105 934 induitur
3156 884 3372 949 amictu,
3421 894 3475 940 et
3520 901 3629 938 ma.

2050 964 2257 1033 jnribus
2286 965 2477 1020 fruitur
2506 966 2658 1021 bouis
2682 1010 2697 1034 ,
2745 984 2900 1038 quam
2934 969 3094 1024 frater
3139 988 3242 1026 non
3285 973 3482 1042 lapsus.
3534 975 3630 1029 Tot

2056 1058 2202 1110 anuis
2224 1100 2240 1124 ,
2266 1057 2433 1127 inquit
2459 1057 2567 1122 ille,
2597 1059 2758 1111 servio
2789 1058 2876 1112 tibi
2893 1102 2909 1127 ,
2955 1069 3002 1113 et
3031 1078 3303 1129 numquam
3332 1065 3627 1118 mandatum

2058 1158 2200 1200 tuum
2244 1150 2524 1217 prteterivi,
2581 1161 2628 1204 et
2680 1167 2953 1219 numquam
2999 1152 3184 1205 dedisti
3231 1153 3355 1207 mibi
3404 1156 3626 1222 haedum,

2056 1250 2109 1293 ut
2135 1257 2252 1294 cum
2273 1242 2449 1295 amicis
2490 1244 2614 1297 meis
2656 1245 2852 1298 laetarer
2878 1260 2897 1297 :
2923 1245 3012 1299 sed
3052 1254 3313 1316 postquam
3343 1247 3480 1317 [ilius
3519 1259 3633 1303 tuus

2058 1331 2138 1384 hic
2153 1371 2174 1403 ,
2203 1331 2288 1401 qui
2310 1332 2560 1386 devoravit
2597 1332 2921 1386 substantiam
2958 1352 3099 1388 ruam
3126 1352 3239 1389 cum
3270 1339 3629 1404 meretricibus,

2057 1422 2207 1484 venit,
2247 1422 2472 1475 occidisti
2523 1422 2600 1476 illi
2656 1408 2864 1476 vitulum
2916 1425 3200 1495 saginatum
3246 1425 3396 1497 (Luc.
3429 1429 3512 1483 15.
3538 1427 3629 1483 29.

2057 1514 2169 1579 ΞΟ).
2202 1514 2369 1569 Tanta
2398 1523 2482 1569 est
2506 1515 2670 1569 virtus
2696 1518 3040 1584 pmnitcntim.
3560 1508 3567 1513 ’

2131 1607 2183 1661 8.
2217 1606 2432 1659 Nullum
2453 1616 2522 1660 est
2543 1617 2799 1676 peccatum
2819 1610 2900 1661 cui
2923 1612 3197 1663 remedium
3209 1610 3382 1678 afferri
3399 1630 3497 1666 non
3515 1631 3632 1683 pos-

2058 1698 2346 1752 sit.—Tot
2367 1699 2627 1767 tantisque
2644 1700 2902 1768 exemplis
2932 1701 2949 1731 ί
2990 1702 3202 1754 excitati
3237 1719 3302 1756 ne
3328 1718 3636 1759 maneamur

2062 1790 2112 1844 in
2144 1790 2296 1843 malis
2315 1832 2329 1854 ,
2362 1804 2458 1843 nec
2483 1788 2550 1843 de
2580 1791 2928 1845 conversione
2954 1790 3329 1859 desperemus;
3368 1793 3459 1847 δα]
3485 1794 3631 1848 dica-

2061 1898 2177 1935 tnns
2201 1892 2253 1936 et
2275 1896 2389 1943 nos,
2434 1880 2626 1933 Vadam
2646 1880 2713 1933 ad
2734 1880 2937 1933 Patrem
2964 1899 3147 1948 meum,
3176 1893 3228 1937 et
3253 1885 3635 1955 appropinque-

2060 1989 2178 2029 mus
2205 1974 2333 2028 Deo.
2365 1973 2659 2043 Numquam
2691 1973 2831 2028 enim
2859 1974 2944 2028 ille
2972 1989 3066 2028 nos
3093 1986 3386 2042 aversatur,
3419 1977 3512 2031 sed
3535 1978 3636 2047 ipsi.

2059 2067 2127 2122 ab
2156 2080 2219 2122 eo
2254 2066 2408 2136 longe
2445 2066 2743 2121 recedimus
2773 2084 2785 2118 :
2820 2066 2956 2121 Deus
2989 2069 3156 2136 enim,
3212 2070 3379 2139 inquit
3431 2072 3450 2101 ³
3474 2112 3487 2135 ,
3534 2088 3635 2138 ap.

2062 2159 2405 2227 prapinquans
2447 2175 2535 2228 ego
2585 2175 2698 2212 sum
2721 2200 2735 2225 ,
2783 2167 2829 2212 et
2877 2175 2977 2212 non
3008 2157 3145 2213 Deus
3173 2160 3352 2231 procul
3380 2161 3512 2231 (Jer.
3541 2164 3631 2219 23.

2060 2249 2176 2318 25).
2222 2252 2297 2302 Ac
2327 2264 2422 2318 per
2466 2249 2618 2304 hunc
2662 2249 2974 2319 prophetam
3018 2266 3225 2305 rursum
3268 2240 3474 2307 incusat
3496 2269 3586 2307 eos
3615 2254 3635 2285 ³

2063 2339 2144 2393 his
2170 2340 2343 2393 verbis
2377 2356 2388 2390 :
2424 2338 2609 2393 Nonne
2632 2350 2838 2408 peccata
2864 2349 3023 2393 vestra
3063 2340 3292 2394 dividunt
3328 2343 3456 2395 inter
3482 2359 3565 2397 vos
3589 2356 3634 2397 et

2061 2448 2140 2485 me
2164 2430 2314 2500 (1εαὶ.
2338 2431 2426 2487 59.
2456 2433 2559 2501 2)ἳ
2597 2431 2730 2486 Cum
2777 2433 2953 2502 itaque
2996 2433 3110 2487 haec
3143 2448 3239 2487 nos
3276 2445 3635 2491 removeanta

2065 2521 2207 2586 Deo,
2262 2521 2695 2575 molestissimum
2753 2521 2853 2574 hoc
2892 2530 3097 2589 septum
3126 2563 3142 2591 ,
3194 2522 3334 2591 quod
3384 2532 3530 2578 arcet
3566 2526 3634 2579 ab

2065 2632 2314 2684 accessu,
2343 2617 2411 2672 de
2435 2617 2608 2671 medio
2639 2618 2908 2670 tollamus.
2931 2617 3069 2671 Audi
3091 2617 3199 2686 jam
3228 2633 3292 2672 ex
3325 2619 3484 2674 rebus
3507 2619 3635 2688 ipsis

2064 2707 2112 2760 id
2145 2708 2285 2775 quod
2333 2707 2558 2761 dicimus
2601 2706 2956 2774 comprobari.
3009 2708 3162 2777 Apud
3211 2709 3513 2763 Corinthios
3558 2711 3635 2763 vir

2061 2798 2271 2866 quidam
2323 2797 2542 2852 illustris
2573 2797 2675 2851 tale
2707 2806 2980 2866 peccatum
3021 2797 3340 2862 admiserat,
3388 2800 3542 2870 quale
3570 2815 3637 2855 ne

2062 2888 2199 2957 apud
2226 2888 2448 2957 gentiles
2488 2888 2697 2957 quidem
2735 2887 3146 2942 memorabatur.
3196 2887 3243 2942 ls
3269 2898 3444 2944 autem
3469 2889 3638 2945 ﬁdelis

2063 2991 2176 3035 crat
2220 2980 2287 3035 de
2329 2981 2675 3036 familiaribus
2716 2982 2912 3037 Christi
2948 3000 2960 3035 :
3003 2991 3126 3035 sunt
3170 2981 3258 3050 qui
3300 2981 3630 3036 sacerdotem

2065 3087 2275 3142 quoque
2300 3071 2464 3125 fuisse
2491 3072 2692 3131 dicant.
2725 3072 2859 3137 Quid
2884 3072 3082 3141 igitur?
3114 3072 3377 3124 Paulusne
3406 3072 3575 3139 ipsum
3604 3087 3632 3125 a

2062 3173 2206 3218 Sorte
2245 3179 2465 3229 eorum,
2497 3163 2585 3232 qui
2634 3162 2854 3216 salutem
2897 3170 3327 3230 consequuntur,
3371 3160 3636 3214 abscidit?

2060 3254 2400 3323 Nequaquam
2432 3272 2443 3306 :
2471 3255 2581 3322 ipse
2594 3253 2881 3322 quippeest
2905 3252 2991 3320 qui
3009 3250 3313 3322 sexcenties
3332 3248 3637 3304 Corinthios

2064 3345 2222 3398 variis
2248 3344 2422 3397 modis
2445 3345 2644 3413 carpit,
2690 3341 2831 3412 quod
2862 3358 2980 3395 cum
3010 3341 3073 3393 ad
3120 3340 3481 3411 patuitentiam
3529 3356 3632 3395 non

2063 3438 2413 3508 redegerint:
2454 3446 2513 3490 ut
2558 3446 2732 3491 autem
2784 3434 3030 3489 ostendat
3076 3434 3226 3487 nobis
3267 3433 3469 3487 nullum
3516 3447 3635 3486 esse

2062 3537 2334 3601 peccatum
2357 3569 2371 3589 ,
2403 3529 2485 3581 cui
2518 3525 2812 3581 remedium
2856 3525 3031 3579 all'crri
3066 3540 3167 3576 non
3202 3524 3390 3593 possit,
3425 3537 3635 3576 rursum

2065 3621 2132 3676 de
2158 3621 2249 3674 illo
2274 3660 2288 3683 ,
2320 3619 2407 3688 qui
2434 3618 2643 3687 gravius
2672 3632 2827 3686 quam
2853 3624 3039 3685 gentes
3079 3621 3422 3683 peccaverat,
3455 3613 3524 3665 ita
3560 3613 3636 3665 lo-

2063 3714 2241 3782 quitur
2273 3730 2285 3765 :
2330 3711 2531 3765 Tradite
2577 3710 2721 3764 illum
2764 3718 2954 3762 satana:
2989 3708 3039 3759 in
3071 3708 3326 3758 interitum
3355 3705 3550 3765 carnis,
3582 3712 3637 3757 ut

2063 3805 2268 3873 spiritus
2308 3802 2475 3859 salvus
2518 3802 2578 3855 sit
2620 3802 2671 3854 in
2714 3802 2795 3853 die
2838 3799 3037 3852 Domini
3080 3800 3235 3851 nostri
3275 3797 3399 3851 Jcsu
3449 3796 3637 3852 Christi

2065 3896 2140 3964 (l.
2172 3893 2289 3950 Cor.
2309 3893 2457 3961 5.5).
2481 3892 2583 3947 Sed
2610 3890 2661 3945 id
2686 3891 2897 3960 quidem
2924 3897 3045 3943 ante
3070 3888 3428 3958 paenitentiam
3455 3906 3467 3940 :
3505 3898 3637 3957 post-

2065 4000 2223 4055 quam
2249 3993 2424 4039 autem
2452 3983 2673 4051 resipuit
2705 3998 2717 4034 :
2752 3980 2947 4051 Sufficit
2971 4021 2985 4044 ,
3029 3979 3228 4046 inquit,
3258 3979 3359 4042 illi,
3388 3978 3473 4046 qui
3501 3979 3638 4045 ejus-

2065 4077 2203 4132 modi
2230 4084 2318 4140 est,
2344 4074 2625 4145 objurgatio
2653 4072 2674 4104 ⁵
2701 4087 2811 4142 quae
2830 4072 2885 4140 ﬁt
2923 4088 2953 4123 a
2989 4070 3212 4138 pluribus
3231 4066 3312 4136 (2.
3333 4066 3452 4120 (.‘or.
3473 4066 3525 4120 ‘2.
3547 4066 3598 4137 6)
3620 4084 3633 4119 :

2066 4167 2381 4236 scripsitque
2406 4166 2486 4220 eis
2509 4206 2522 4229 ,
2557 4174 2613 4217 ut
2639 4162 3043 4219 consolarentur
3069 4176 3215 4225 cum,
3248 4170 3302 4214 et
3325 4161 3436 4230 ejus
3462 4159 3633 4229 pomi-

2069 4259 2285 4313 tentiam
2331 4256 2707 4317 admitterent,
2751 4270 2818 4307 ne
2858 4252 3329 4308 circumveniretur
3365 4268 3394 4305 a
3429 4259 3633 4309 satana.

2069 4349 2198 4404 Item
2225 4347 2526 4401 universam
2550 4345 2851 4400 Galatarum
2890 4345 3154 4399 nationem
3182 4352 3298 4412 post
3326 4350 3625 4411 susceptam

2068 4440 2249 4504 ﬁdem,
2280 4447 2402 4507 post
2441 4444 2640 4505 patrata
2668 4435 2838 4502 signa,
2871 4444 2923 4487 et
2952 4433 3145 4487 multas
3177 4446 3272 4500 pro
3293 4419 3486 4485 Christi
3518 4429 3622 4484 title

2067 4537 2339 4600 superatas
2367 4527 2699 4582 tentationes.
2723 4524 2922 4594 lapsos,
2951 4524 3181 4591 inquam,
3203 4521 3417 4575 Galatas
3444 4521 3634 4572 iterum

2069 4621 2242 4692 erigit.
2288 4619 2439 4686 Quod
2479 4616 2620 4671 enim
2666 4613 2917 4668 miracula
2958 4611 3238 4675 iecissent,
3284 4610 3371 4662 ille
3398 4607 3636 4662 declarat

2069 4713 2152 4768 his
2175 4709 2346 4766 verbis
2378 4726 2392 4762 :
2428 4707 2527 4774 Qui
2550 4721 2666 4775 ergo
2694 4704 2861 4756 tribuit
2887 4702 3024 4760 vobis
3039 4700 3290 4769 spiritum,
3322 4708 3371 4751 et
3399 4708 3637 4767 aperatur

2066 4806 2271 4857 virtutes
2306 4801 2360 4852 in
2392 4797 2528 4852 vobis
2561 4795 2752 4868 (Colat.
2782 4793 2835 4848 5.
2866 4793 2921 4863 5)
2957 4811 2970 4847 :
3003 4789 3139 4861 quod
3191 4805 3314 4844 vero
3341 4788 3503 4842 multa
3536 4803 3633 4857 pro

2072 4894 2172 4948 (ide
2187 4890 2474 4946 certamina
2502 4886 2732 4950 inierint,
2761 4886 2812 4939 id
2833 4886 2990 4940 etiam
3018 4882 3303 4938 declaravit
3319 4880 3402 4935 his
3424 4880 3633 4934 verbis:

2071 4983 2235 5040 Tanta
2256 4981 2388 5053 passi
2411 4980 2528 5034 estis
2547 4980 2654 5033 sine
2680 4994 2865 5042 causa,
2892 4977 2936 5029 si
2963 4986 3128 5029 tamen
3156 4974 3262 5028 sine
3281 4989 3452 5028 causa.
3482 4971 3637 5025 Atta-

2072 5090 2194 5129 men
2222 5080 2340 5143 post
2385 5080 2584 5126 tantum
2627 5069 2835 5124 virtutis
2885 5068 3305 5131 incrementum,
3354 5070 3631 5134 peccatum

2073 5167 2418 5230 admiserunt,
2445 5162 2584 5233 quod
2609 5170 2785 5230 posset
2812 5174 2905 5214 eos
2928 5175 2958 5211 a
2975 5150 3185 5212 Christo
3209 5156 3408 5208 alienos
3433 5154 3639 5211 fama:

2072 5258 2139 5313 de
2164 5273 2267 5328 quo
2299 5257 2409 5325 ipse
2433 5256 2570 5309 hanc
2597 5252 2796 5322 profert
2821 5249 3134 5305 sententiam
3171 5265 3185 5301 :
3218 5246 3348 5299 Ecce
3372 5262 3461 5314 ego
3490 5242 3629 5295 Pau-

2073 5352 2150 5404 lus
2185 5349 2297 5401 dico
2331 5348 2499 5414 vobis,
2540 5346 2582 5399 si
2611 5341 3039 5398 circumcidamini
3056 5382 3071 5408 ,
3099 5339 3326 5394 Christus
3352 5338 3478 5390 nihil
3506 5333 3640 5388 vobis

2138 5548 2154 5579 ι
2191 5543 2330 5594 savil.
2355 5549 2406 5591 et
2432 5554 2556 5590 unus
2577 5547 2703 5598 Mss,
2736 5536 2797 5586 iis
2840 5535 3088 5602 exemplis.
3219 5593 3231 5602 _
3316 5601 3321 5602 γ

2138 5612 2157 5640 ε
2191 5585 2266 5677 sic
2279 5585 2960 5660 savii.Et'd’tt‘oirtanuSCripti.
2981 5585 3052 5647 ἰη
3091 5593 3252 5668 Morel.
3280 5601 3326 5642 et
3354 5589 3457 5639 aliis
3479 5585 3636 5644 deest,

2075 5674 2247 5732 inquit.
2495 5726 2504 5737 _

2139 5736 2159 5766 ³
2191 5736 2359 5793 Deesu
2379 5740 2473 5793 eos,
2493 5740 2541 5774 ιιι
2558 5725 2744 5793 duobus

2141 5795 2163 5828 δ
2192 5791 2321 5843 Coll).
2349 5784 2513 5844 habet.
2557 5784 2822 5845 objurgatio
2839 5784 2941 5832 illa.
