4088 6138
467 398 568 455 287

467 513 690 583 proderit
715 531 734 564 :
771 519 825 564 et
851 511 1066 574 iterum,
1089 509 1396 578 Quicumque
1427 511 1479 562 in
1501 509 1605 578 lege
1625 508 1978 577 justiﬁcamini
2005 523 2036 559 a

464 605 628 674 gratia
657 601 908 656 excidisti:
943 597 1082 669 (Gal.
1108 599 1159 653 5.
1183 598 1218 650 2
1255 607 1300 651 et
1322 599 1398 668 4).
1431 599 1677 650 Attamen
1709 605 1827 666 post
1856 595 2039 664 hujus-

466 693 608 746 modi
638 693 863 760 lapsum,
894 689 1037 759 ipsos
1068 688 1289 757 recipit,
1313 687 1493 742 dicens
1526 703 1541 740 :
1573 685 1750 740 Fitioli
1778 686 1893 749 mei,
1919 700 2039 754 quos

466 784 646 834 iterum
669 779 922 850 periurio,
953 779 1108 830 donec
1135 777 1379 846 formetur
1406 776 1632 830 Christus
1658 776 1711 829 in
1737 777 1872 829 vobis
1894 773 2036 845 (Gal.

466 876 516 926 ι.
554 874 667 943 l9),
687 871 992 932 ostendens,
1016 871 1172 923 etiam
1195 879 1310 938 post
1329 879 1619 922 extremam
1645 868 2039 936 corruptionem

466 978 626 1030 posse
657 977 840 1015 rursus
868 961 1136 1014 Christum
1178 959 1428 1012 divinitus
1466 958 1730 1012 elTormari
1773 959 1824 1010 in
1854 957 2037 1022 nobis;

477 1068 582 1108 non
611 1053 751 1107 enim
779 1053 891 1105 vult
920 1061 1142 1104 mortem
1170 1050 1483 1119 peccatoris,
1508 1048 1602 1102 sed
1628 1058 1686 1102 ut
1705 1056 2042 1102 convertatur

465 1156 521 1201 et
543 1148 682 1200 viVat
710 1144 918 1216 (Ezech.
947 1144 1035 1198 3'5.
1069 1144 1176 1212 ll).

540 1239 593 1292 9.
627 1237 863 1291 Gehenna
892 1237 1022 1305 ignis
1047 1233 1374 1299 daemonibus,
1405 1249 1614 1302 regnum
1640 1232 1876 1286 ctelorum
1902 1230 2042 1284 nobis

469 1329 756 1398 deputatur.
785 1357 856 1366 -——
882 1326 1265 1380 Convertuntur
1298 1327 1492 1394 itaque,
1527 1341 1559 1378 ο
1585 1325 1832 1378 dilectum
1862 1330 2038 1392 caput,

468 1429 522 1472 et
548 1418 868 1471 voluntatem
901 1417 990 1470 Dei
1019 1415 1371 1484 perficiamus.
1404 1413 1527 1468 Ideo
1552 1415 1744 1482 quippe
1769 1428 1866 1466 nos
1891 1427 2042 1466 crea-

471 1510 544 1562 vit
571 1520 626 1563 et
655 1507 928 1578 produxit,
957 1517 1013 1561 ut
1042 1508 1332 1562 cadestium
1363 1505 1620 1560 bonorum
1657 1513 1933 1559 consortes
1961 1503 2041 1557 fa—

475 1609 656 1666 ceret,
709 1609 765 1654 ut
803 1615 1022 1669 regnum
1069 1600 1318 1654 caelorum
1364 1599 1619 1651 tribueret
1675 1599 1716 1659 ⁸,
1749 1612 1852 1650 non
1893 1605 1950 1649 ιιι
1989 1596 2042 1649 in

471 1690 763 1758 gehennam
785 1690 1090 1758 conjicercl,
1116 1689 1326 1758 ignique
1348 1687 1577 1740 traderet
1601 1703 1614 1737 :
1639 1687 1724 1740 hic
1744 1685 1882 1739 enim
1909 1686 2043 1755 ignis

472 1797 573 1836 non
598 1793 809 1851 propter
832 1797 945 1846 nos,
970 1781 1059 1833 sed
1083 1790 1296 1849 propter
1314 1779 1576 1833 diabolum
1600 1779 1912 1833 constitutus
1931 1787 2041 1843 est;

470 1889 688 1941 regnum
720 1887 845 1925 vero
887 1871 1037 1924 nobis
1077 1879 1314 1938 paratum
1355 1870 1594 1938 primitus
1632 1878 1686 1924 et
1722 1869 2043 1938 assignatum

468 1973 568 2015 est.
601 1961 890 2030 Utrumque
931 1976 1056 2014 vero
1094 1960 1389 2014 subindicat
1428 1975 1544 2013 cum
1575 1960 1702 2014 dicit
1741 1961 1804 2014 iis
1833 1960 2042 2029 quidem

468 2051 556 2119 qui
586 2066 613 2101 a
641 2050 840 2104 dextris
866 2059 988 2104 sunt
1019 2069 1031 2102 :
1069 2048 1259 2114 Venite,
1292 2049 1533 2103 benedicti
1567 2049 1738 2104 Putris
1765 2050 1881 2113 mei,
1924 2066 2043 2118 pos-

469 2143 623 2196 sidete
671 2152 901 2213 paratum
950 2142 1084 2196 vobis
1132 2160 1341 2212 regnum
1387 2160 1419 2196 a
1469 2144 1818 2198 constitutione
1870 2145 2046 2198 mundi

471 2233 683 2303 (Matth.
711 2234 800 2288 ‘25.
831 2234 957 2303 '54);
991 2234 1055 2287 iis
1084 2248 1210 2287 vero
1239 2233 1327 2303 qui
1366 2248 1394 2286 a
1433 2233 1662 2288 sinistris
1692 2253 1704 2286 :
1737 2233 1988 2287 Discedite
2012 2249 2045 2286 a

471 2341 586 2389 me,
630 2325 914 2390 maledicti,
957 2325 1010 2379 in
1058 2327 1224 2395 ignem
1282 2336 1522 2379 atternum
1556 2327 1597 2389 ⁸,
1626 2335 1888 2396 paratum;
1938 2341 2042 2380 non

471 2417 651 2486 utique
687 2417 865 2481 vobis,
897 2415 990 2470 sed
1020 2416 1218 2470 diabolo
1248 2426 1293 2468 et
1331 2415 1522 2486 angelis
1560 2417 1665 2486 ejus
1692 2416 1735 2470 ³.
1754 2415 1864 2470 Non
1889 2415 2045 2486 igitur

471 2508 623 2562 nobis
652 2517 826 2576 parata
853 2515 935 2561 est
960 2506 1219 2576 gehenna,
1245 2507 1336 2561 sed
1363 2507 1571 2561 diabolo
1596 2516 1648 2560 et
1672 2507 1873 2575 angelis
1893 2507 2039 2575 ejus;

473 2615 695 2668 regnum
725 2608 900 2652 autem
932 2615 962 2653 a
991 2599 1364 2652 constitutione
1410 2598 1589 2652 mundi
1630 2599 1782 2652 nobis
1815 2599 2042 2653 adorna-

471 2698 583 2743 tum
604 2700 704 2744 est.
734 2690 812 2744 Ne
837 2691 1011 2760 itaque
1038 2704 1135 2743 nos
1161 2689 1372 2743 thalami
1402 2689 1640 2759 ingressu
1667 2691 1906 2759 indignos
1924 2690 2046 2746 red-

472 2780 696 2834 damus:
739 2780 986 2849 quamdiu
1027 2780 1166 2835 enim
1197 2777 1218 2810 ‘
1248 2779 1333 2833 hic
1372 2795 1574 2845 sumus,
1619 2781 1822 2834 etiamsi
1853 2781 2044 2836 millies

473 2886 752 2934 peccemus
774 2918 788 2943 τ
821 2870 992 2932 omnia
1038 2871 1158 2933 hcet
1198 2871 1378 2932 eluere
1421 2881 1752 2939 peccatorum
1784 2872 2046 2940 pmniten—

474 2976 596 3026 tiam
638 2973 1008 3028 exhibeutibus
1040 2991 1052 3025 :
1084 2987 1200 3026 cmn
1246 2979 1420 3024 autem
1467 2963 1591 3016 illuc
1629 2963 1839 3017 abdllCli
1881 2963 2043 3020 fueri-

473 3082 607 3128 mus,
633 3064 839 3120 etiamsi
861 3065 1122 3134 ingentem
1147 3065 1508 3133 penitentiam
1527 3055 1892 3120 exhibeamus,
1912 3057 2040 3111 nihil

472 3157 624 3211 nobis
655 3155 918 3226 proderit;
951 3153 1043 3211 sed
1071 3155 1406 3225 quantumvis
1434 3147 1677 3209 dentibus
1713 3147 2038 3214 frendamus,

471 3250 804 3319 quantumvis
847 3249 1149 3318 lugeamus,
1190 3247 1524 3318 quantumvis
1563 3246 1935 3309 obsecramus,
1975 3256 2042 3299 ne

470 3351 709 3396 extremo
735 3341 946 3409 quidem
973 3340 1137 3410 digito
1171 3341 1429 3409 quispiam
1470 3339 1622 3394 nobis
1660 3337 1856 3407 aliquid
1888 3337 2042 3391 refri—

471 3432 597 3498 gerii
619 3431 921 3494 distillabit;
951 3431 1042 3485 sed
1063 3446 1122 3484 ea
1149 3431 1260 3500 ipsa
1290 3430 1582 3495 audiemus,
1607 3445 1724 3498 qua:
1748 3429 1896 3482 dives
1917 3428 2040 3482 olim

471 3519 560 3574 ille
580 3560 596 3586 ,
627 3535 816 3588 nempe
835 3561 850 3586 ,
886 3518 1132 3589 Magnum
1160 3520 1310 3572 chaos
1335 3519 1463 3573 inter
1488 3535 1578 3571 nos
1603 3527 1648 3571 et
1672 3533 1756 3572 vos
1790 3518 2044 3585 firmatum

470 3619 540 3661 est
568 3607 715 3681 (Luc.
749 3608 832 3663 16.
859 3608 972 3678 '26).
1010 3608 1393 3676 Resipiscamus
1423 3609 1618 3677 itaque,
1646 3609 1886 3669 obsecro,
1915 3606 2041 3660 dum

471 3699 559 3755 hic
585 3700 841 3770 degimus,
875 3707 928 3752 ct
957 3699 1232 3752 Dominum
1263 3713 1636 3767 agnoscamus,
1669 3707 1727 3750 ut
1755 3711 2043 3766 agnoscere

471 3799 697 3859 oportet.
728 3789 876 3843 Tunc
915 3788 1054 3842 enim
1101 3789 1270 3841 solum
1308 3787 1374 3842 de
1412 3787 1719 3856 poenitentia
1751 3787 2040 3856 desperan-

472 3882 596 3936 dum
628 3880 748 3947 erit,
777 3895 895 3933 cum
925 3879 975 3933 in
1006 3878 1212 3932 inferno
1238 3877 1503 3933 conSIituti
1529 3877 1726 3932 erimus
1750 3895 1762 3928 :
1787 3877 1859 3930 ibi
1888 3893 2041 3931 nam-

471 3989 575 4042 que
611 3974 779 4026 solum
822 3972 922 4028 hoc
968 3972 1260 4026 remedium
1299 3970 1561 4024 infirmum
1600 3969 1886 4039 inutileque
1907 3977 2037 4024 est:

471 4067 592 4117 dum
615 4073 790 4118 autem
813 4063 896 4116 hic
918 4077 1206 4125 versamur,
1225 4061 1428 4114 etiamsi
1452 4061 1502 4112 in
1526 4060 1635 4127 ipsa
1657 4068 1924 4115 senectute
1943 4059 2040 4114 ad-

472 4156 738 4217 hibeatur,
780 4153 886 4206 vim
927 4153 1083 4207 habet
1113 4153 1414 4206 maximam.
1443 4152 1772 4221 Quapropter
1798 4152 2040 4206 diabolus

471 4243 599 4297 nihil
630 4257 733 4297 non
760 4243 1108 4307 machinatur,
1137 4252 1194 4296 ut
1218 4242 1602 4312 desperationis
1630 4243 1861 4297 radicem
1891 4243 2040 4297 nobis

472 4345 632 4406 ponat
659 4353 672 4388 ε
702 4335 848 4389 novit
879 4335 1018 4389 enim
1038 4378 1052 4400 ,
1083 4335 1125 4389 si
1154 4335 1240 4390 vel
1271 4335 1524 4389 tantillum
1556 4335 1959 4403 resipuerimus,
1988 4333 2039 4388 id

471 4441 573 4479 non
604 4427 719 4481 sine
745 4425 992 4480 mercede
1021 4425 1249 4480 futurum
1280 4441 1416 4481 esse.
1445 4425 1548 4481 Sed
1588 4426 1725 4479 sicut
1759 4428 1803 4480 is
1829 4426 1917 4494 qui
1953 4440 2041 4479 ca-

473 4519 622 4572 licem
651 4533 798 4588 aqua:
823 4516 1026 4588 frigidae
1052 4518 1362 4587 porrexerit,
1389 4516 1678 4585 depositam
1708 4515 1865 4568 habet
1888 4515 2042 4569 retri-

470 4610 768 4673 butionem,
800 4608 876 4664 sic
912 4608 992 4675 is,
1021 4623 1177 4677 quem
1205 4607 1271 4662 de
1308 4607 1553 4661 admissis
1582 4622 1609 4658 a
1640 4622 1696 4662 se
1723 4605 2042 4660 facinoribus

470 4701 724 4769 munitet,
769 4700 893 4753 licet
938 4699 1148 4767 dignam
1203 4698 1566 4766 paenitentiam
1609 4713 1714 4751 non
1762 4696 2036 4763 exhibeat,

469 4792 706 4858 ejusdem
739 4801 910 4844 tamen
938 4791 1336 4845 retributionem
1360 4791 1599 4859 accipiet.
1623 4788 1760 4844 Nihil
1782 4790 1923 4844 enim
1946 4789 2042 4843 bo-

471 4897 658 4933 norum
682 4922 694 4943 ,
737 4881 1070 4945 quantumvis
1103 4882 1348 4949 exiguum
1388 4881 1484 4944 sit,
1552 4896 1580 4933 a
1618 4880 1764 4948 justo
1803 4882 1824 4912 ⁵
1864 4881 2040 4949 judice

490 4972 810 5041 lespieietur.
844 4971 974 5024 Nam
1014 4972 1055 5024 si
1105 4980 1318 5039 peccata
1356 4986 1477 5024 cum
1517 4979 1658 5023 tanta
1704 4974 2043 5028 accuratioue

481 5062 864 5130 Jisquiruntur,
910 5070 968 5114 ut
1011 5061 1166 5114 etiam
1211 5059 1278 5113 de
1320 5059 1496 5113 verbis
1535 5067 1589 5113 et
1633 5062 2035 5129 cogitationibus

473 5140 652 5220 poenas
678 5153 884 5217 demus,
916 5163 1113 5220 quanto
1141 5151 1306 5220 magis
1336 5151 1469 5203 bona
1500 5165 1679 5218 opera,
1705 5165 1798 5204 seu
1826 5167 2034 5220 magna,

469 5259 560 5296 seu
591 5258 747 5311 parva
777 5242 987 5308 fuerint,
1018 5241 1170 5296 nobis
1196 5242 1286 5296 illo
1312 5251 1551 5310 tempore
1573 5243 2032 5310 comptitabuntur.

468 5335 644 5400 Quare
671 5335 792 5388 licet
817 5333 881 5387 ad
913 5334 1182 5402 pristinam
1212 5333 1352 5386 illam
1377 5332 1700 5403 diligentiam
1729 5332 1899 5388 redire
1928 5349 2034 5389 non

531 5475 547 5502 ι
583 5469 722 5520 savii.
756 5478 807 5520 et
828 5483 953 5519 unus
972 5468 1119 5527 Colh.,
1145 5468 1277 5520 nobis
1299 5468 1544 5519 tribueret.

531 5536 550 5564 ²
583 5536 654 5605 sic
676 5531 814 5580 savii.
840 5536 892 5582 et
911 5541 1113 5595 quatuor
1137 5539 1241 5582 Mss.
1285 5530 1446 5580 Morel.
1480 5539 1530 5580 et
1548 5530 1644 5579 duo
1661 5529 1756 5592 alii,
1802 5534 1854 5581 tn
1875 5531 2032 5596 ignem

471 5605 862 5727 ei‘fbﬂhﬁnbouus
882 5654 1047 5713 habet,
1066 5660 1286 5712 paratum
1317 5651 1505 5704 diabolo
1527 5661 1570 5705 et
1594 5653 1775 5719 angelis
1796 5652 1916 5718 ejus,
1942 5667 2034 5704 non

471 5719 721 5827 νοῗιδξίινὶι.
749 5785 798 5827 et
820 5789 944 5825 unus
963 5783 1065 5831 tus,
1085 5774 1228 5830 enim.
1253 5785 1408 5828 recte.
1434 5783 1482 5825 tn
1504 5778 1609 5828 aliis
1629 5777 1790 5837 deest,
1814 5777 1955 5829 enim.

528 5841 549 5873 ³
583 5848 630 5888 lu
655 5856 748 5891 uno
763 5839 894 5890 Coll).
927 5839 1086 5900 deest,
1107 5837 1250 5899 iusto.

1177 396 1232 454 5.
1272 394 1548 450 JOA‘NNIS
1585 391 2056 449 CHRYSOSTOMI
2097 389 2408 446 ARClIIEl’.
2451 392 2974 450 CONSTANTINOP.

3244 350 3261 382 Ι

3619 401 3722 460 9.88

2148 505 2344 570 valeas,
2370 505 2463 560 sed
2487 507 2675 576 quovis
2703 508 2912 564 tandem
2943 509 3100 565 modo
3127 523 3156 563 a
3184 512 3430 581 przesenti
3459 513 3644 569 morbo
3671 527 3722 570 et

2147 594 2348 650 luxuria
2379 605 2432 651 te
2459 596 2711 664 abducas,
2746 615 2812 654 ne
2838 598 2938 654 hoc
2966 600 3177 670 quidem
3216 601 3307 655 tibi
3337 601 3720 660 infructuosum

2145 688 2247 741 erit
2272 705 2286 742 :
2312 687 2393 743 fac
2420 689 2566 744 ineas
2589 704 2742 759 opus,
2769 698 2824 745 et
2849 691 3045 744 aditum
3071 691 3135 746 ad
3161 693 3447 747 certamina
3473 696 3682 763 aperias
3709 713 3722 749 :

2146 779 2394 847 quamdiu
2436 781 2579 834 enim
2623 791 2772 835 extra
2809 782 3080 847 manebis,
3107 782 3227 852 jure
3257 783 3348 837 tibi
3383 784 3595 840 difficile
3629 801 3719 839 ar-

2146 869 2412 940 duumque
2435 872 2451 902 ί
2489 871 2771 926 videbitur.
2810 871 2940 927 Nam
2975 882 3255 943 antequam
3286 875 3575 944 periculum
3599 878 3716 941 fiat,

2146 962 2481 1028 quantumvis
2517 962 2697 1019 faciles
2726 973 2778 1017 et
2806 965 3064 1032 expedita:
3097 981 3183 1020 res
3212 964 3442 1033 fuerint,
3473 984 3720 1038 magnam

2147 1059 2319 1105 tamen
2360 1051 2680 1107 difficultatis
2739 1055 2970 1123 speciem
3043 1070 3151 1123 prae
3211 1071 3271 1110 se
3307 1055 3446 1113 ferre
3495 1059 3718 1125 solent;

2145 1153 2266 1193 eum
2295 1149 2468 1194 autem
2507 1157 2598 1195 eas
2632 1151 2850 1197 strenuo
2875 1143 3165 1213 audacique
3204 1146 3383 1199 animo
3421 1147 3679 1203 adiviinus
3703 1189 3719 1211 .

2147 1245 2335 1299 magna
2367 1246 2489 1300 pars
2518 1232 2714 1286 laboris
2740 1235 2948 1298 evolat;
2979 1249 3041 1288 ac
3071 1235 3260 1290 fiducia
3279 1277 3296 1304 ,
3327 1237 3444 1292 loco
3474 1242 3723 1296 tremoris

2147 1322 2636 1393 desperationisque
2662 1325 3017 1395 subiugressa,
3047 1337 3243 1382 metum
3268 1329 3476 1394 minuit,
3507 1331 3724 1386 facilita-

2148 1424 2254 1469 tem
2295 1423 2480 1484 auget,
2524 1415 2818 1485 bonamque
2854 1431 3002 1486 Spem
3043 1419 3274 1473 roborat.
3305 1419 3428 1475 Ideo
3463 1421 3723 1490 malignus

2150 1507 2237 1561 ille
2259 1506 2449 1561 Judam
2476 1521 2540 1560 ex
2569 1507 2669 1562 hac
2698 1508 2801 1561 vita
2829 1507 3077 1574 abduxit,
3103 1524 3171 1564 ne
3197 1509 3348 1564 initio
3379 1511 3721 1580 resipisceudi

2148 1595 2307 1662 facto,
2341 1612 2433 1664 per
2456 1597 2816 1666 paenitentiam
2844 1598 2908 1651 ad
2936 1598 3110 1652 locum
3137 1599 3277 1654 unde
3309 1601 3574 1654 exciderat
3602 1601 3722 1655 red-

2149 1688 2268 1742 iret.
2305 1685 2412 1757 Ego
2437 1688 2575 1741 enim
2597 1730 2610 1754 ,
2641 1689 2738 1742 etsi
2780 1704 2936 1758 supra
2959 1688 3118 1744 ﬁdem
3148 1689 3290 1760 loqui
3319 1690 3518 1757 videar,
3548 1706 3720 1762 neque

2150 1778 2276 1832 illud
2316 1778 2536 1849 (Judae)
2579 1789 2850 1848 peccatum
2893 1781 3064 1850 majus
3105 1796 3224 1836 esse
3264 1781 3522 1849 dixerim,
3562 1801 3720 1853 quam

2149 1871 2406 1925 auxilium
2432 1912 2447 1938 ,
2475 1872 2615 1942 quod
2653 1872 2806 1927 nobis
2835 1887 2863 1926 a
2898 1873 3210 1942 paenitentia
3245 1872 3483 1929 offertur.
3521 1876 3721 1941 Quam-

2148 1963 2332 2017 obrem
2362 1978 2490 2032 rogo
2515 1974 2569 2017 et
2597 1963 2846 2032 obsecro,
2875 1964 3018 2017 omni
3057 1963 3278 2033 depulsa
3312 1965 3544 2020 satanica
3572 1967 3720 2037 cogi-

2151 2056 2349 2110 tatione
2391 2056 2457 2110 ab
2499 2055 2673 2108 anima
2715 2064 2830 2120 tua,
2870 2054 2936 2109 ad
2979 2055 3114 2109 hanc
3155 2055 3378 2110 salutem
3422 2056 3626 2111 redeas.
3665 2057 3722 2113 Si

2149 2161 2375 2214 namque
2410 2145 2688 2200 confestim
2719 2145 2784 2199 ad
2813 2145 2940 2199 illud
2981 2154 3032 2200 te
3071 2145 3335 2215 fastigium
3364 2145 3724 2202 conscendere

2142 2237 2407 2306 jubercm,
2437 2237 2486 2291 id
2513 2236 2634 2306 jure
2665 2237 2887 2292 moleste
2916 2237 3102 2301 ferres,
3128 2245 3310 2306 utpote
3337 2253 3446 2291 rem
3478 2237 3726 2293 diﬂicilli-

2149 2341 2330 2390 mam;
2379 2341 2500 2380 cum
2545 2325 2802 2380 autemid
2839 2334 3038 2381 tantum
3081 2341 3223 2380 nunc
3273 2329 3293 2359 ³
3338 2327 3632 2396 postulem,
3665 2337 3725 2382 ut

2151 2417 2498 2486 praesentibus
2527 2416 2679 2470 malis
2714 2415 2846 2469 nihil
2873 2415 3091 2484 adjicias
3110 2457 3125 2481 ,
3157 2415 3250 2470 sed
3278 2430 3498 2486 surgens
3527 2416 3592 2470 ad
3622 2417 3726 2472 iter

2149 2508 2470 2562 contrarium
2501 2516 2551 2560 te
2581 2515 2880 2572 convertas,
2907 2507 3030 2576 quid
3058 2507 3359 2563 cunctaris?
3381 2523 3476 2562 cur
3501 2509 3720 2579 refugis,

2148 2605 2204 2653 et
2227 2597 2292 2651 ad
2322 2599 2616 2667 posteriora
2649 2607 2698 2652 te
2725 2597 2996 2652 retrahis?
3024 2597 3212 2652 Annon
3248 2597 3424 2653 vidisti
3463 2601 3720 2668 quosdam

2147 2689 2237 2758 qui
2266 2689 2317 2742 in
2346 2688 2579 2754 deliciis,
2608 2697 2662 2742 et
2706 2689 2758 2742 in
2789 2688 3130 2743 ebrietatibus
3168 2696 3223 2743 et
3259 2689 3311 2742 in
3335 2689 3469 2757 jocis
3498 2689 3520 2720 ⁸
3541 2730 3557 2754 ,
3586 2700 3639 2744 et
3665 2690 3717 2743 in

2148 2779 2352 2848 reliquo
2396 2778 2553 2848 hujus
2594 2780 2714 2834 vitae
2749 2779 2977 2833 ludibrio
3017 2779 3211 2834 mortui
3252 2779 3416 2833 sunt?
3451 2779 3546 2834 Ubi
3581 2796 3723 2836 nunc

2147 2878 2271 2924 sunt
2303 2867 2392 2939 qui
2433 2869 2617 2924 tumidi
2660 2869 2904 2938 superbia
2932 2883 3050 2923 cum
3081 2868 3260 2923 multis
3287 2869 3598 2938 sequacibus
3626 2884 3722 2938 per

2147 2960 2324 3015 forum
2356 2959 2713 3015 incedebant?
2740 2961 2827 3030 qui
2857 2960 3040 3014 sericis
3068 2958 3236 3013 induti
3278 2960 3509 3013 vestibus
3537 2971 3589 3014 et
3617 2975 3722 3013 un-

2145 3063 2397 3124 guentum
2423 3053 2645 3119 olentes,
2673 3051 3035 3121 parasitosque
3057 3050 3282 3116 alentes,
3311 3065 3484 3106 scenae
3508 3066 3721 3119 semper

2148 3145 2290 3199 affixi
2317 3145 2504 3200 erant?
2529 3143 2619 3198 ubi
2645 3157 2784 3197 nunc
2811 3141 3094 3196 ostentatio
3126 3141 3213 3194 illa
3237 3149 3292 3195 et
3319 3139 3546 3210 pompa?
3573 3139 3718 3196 Abiit

2147 3251 2418 3292 coenarum
2444 3244 2712 3304 sumptus,
2745 3233 3066 3309 musicorum
3110 3233 3298 3297 turba,
3333 3231 3714 3286 assentantium

2147 3328 2419 3392 clientela,
2453 3326 2590 3384 risus
2626 3324 2964 3393 immodicus,
3003 3323 3162 3378 animi
3207 3323 3481 3390 remissio,
3523 3323 3714 3378 mentis

2147 3422 2365 3486 effusio,
2399 3421 2500 3472 vita
2543 3418 2748 3482 mollis,
2781 3418 2985 3479 otiosa,
3015 3417 3140 3470 luxu
3178 3414 3401 3485 perdita.
3431 3417 3546 3481 Quo
3575 3428 3716 3470 nunc

2146 3513 2423 3567 evolarunt
2450 3510 2670 3565 omnia?
2697 3509 2822 3579 quid
2852 3508 3053 3562 factum
3077 3516 3159 3562 est
3196 3507 3262 3561 de
3295 3522 3546 3576 corpore,
3574 3508 3716 3576 quod

2148 3603 2350 3672 pridem
2389 3609 2535 3655 tanto
2576 3599 2832 3654 famulitio
2855 3639 2870 3665 ,
2901 3606 3040 3651 tanta
3081 3596 3344 3650 munditia.
3377 3597 3718 3651 abundabat?

2146 3696 2313 3764 Perge
2349 3709 2488 3747 nunc
2530 3693 2596 3747 ad
2638 3692 2937 3762 sepulcrum
2971 3707 2984 3746 :
3013 3689 3373 3758 contemplare
3401 3689 3669 3758 pulverem
3695 3731 3717 3757 ,

2145 3787 2382 3851 cineres,
2436 3800 2678 3849 vermes,
2728 3783 2828 3837 loci
2865 3781 2888 3813 ⁸
2931 3780 3319 3836 deformitatem
3363 3782 3597 3845 intuere,
3665 3793 3720 3837 et

2145 3894 2325 3933 amare
2350 3877 2575 3946 suspira.
2608 3878 2791 3947 Atque
2806 3875 3004 3929 utinam
3030 3872 3096 3927 ad
3125 3873 3331 3928 cineres
3367 3872 3618 3927 damnum
3645 3874 3722 3927 si-

2145 3977 2340 4034 steret;
2365 3969 2472 4039 jam
2494 3976 2668 4022 autem
2692 3982 2722 4020 a
2748 3965 2993 4035 sepulcro
3013 3973 3067 4018 et
3085 3979 3114 4017 a
3135 3963 3403 4018 vermibus
3425 3964 3720 4032 cogitatum

2149 4061 2377 4117 transfer
2400 4061 2463 4114 ad
2491 4057 2845 4114 immortalem
2874 4057 3020 4110 illum
3049 4065 3305 4120 vermem,
3333 4053 3399 4106 ad
3431 4054 3605 4124 ignem
3632 4054 3720 4108 in-

2146 4151 2567 4222 exstinguibilem
2589 4190 2604 4214 ,
2641 4147 2709 4201 ad
2753 4145 3030 4202 fremitum
3062 4143 3297 4200 dentium
3318 4185 3334 4210 ,
3364 4142 3443 4198 ad.
3472 4143 3721 4199 tenebrae

2145 4248 2466 4311 exteriores,
2498 4243 2562 4298 ad
2589 4243 2927 4297 afﬂictionem
2955 4249 3010 4295 et
3037 4239 3330 4309 angustiam
3350 4279 3364 4302 ,
3393 4236 3459 4290 ad
3489 4237 3716 4306 parabo-

2145 4341 2247 4394 lam
2275 4337 2453 4394 Lazari
2478 4346 2532 4390 et
2552 4337 2747 4396 divitis,
2779 4335 2864 4403 qui
2895 4343 2969 4386 tot
2997 4332 3233 4402 pecuniis
3259 4331 3565 4392 instructus,
3594 4344 3722 4397 pur-

2147 4444 2381 4501 puraque
2413 4428 2622 4481 indutus
2645 4467 2660 4491 ,
2691 4442 2757 4480 ne
2798 4426 2992 4479 stillam
3032 4421 3242 4492 quidem
3273 4435 3423 4490 aquae
3448 4427 3629 4488 postea
3659 4418 3713 4470 in

2148 4521 2405 4590 potestate
2446 4518 2628 4573 habuit
2657 4518 2678 4549 '
2703 4557 2718 4583 ,
2751 4517 2802 4569 in
2855 4523 2995 4569 tanta
3036 4513 3339 4566 calamitate
3376 4509 3710 4564 constitutus.

2146 4611 2312 4682 Hujus
2339 4611 2479 4665 enim
2514 4609 2634 4662 vitae
2662 4606 2896 4661 conditio
2934 4602 3155 4658 somniis
3197 4602 3362 4654 nihilo
3397 4598 3581 4653 melior
3605 4606 3712 4652 est.

2145 4699 2598 4770 Quemadmodum
2627 4696 2766 4751 enim
2791 4696 2880 4765 qui
2907 4692 3115 4747 metalla
3142 4689 3416 4754 effodiunt,
3437 4694 3528 4740 aut
3550 4685 3712 4740 aliam

2144 4793 2424 4862 quamdam
2451 4805 2661 4860 poenam
2683 4789 2839 4842 luunt
2858 4786 2956 4840 hac
2975 4784 3296 4856 graviorem,
3318 4781 3362 4836 si
3387 4778 3593 4850 quando
3615 4779 3717 4834 sub

2145 4884 2290 4938 duris
2330 4882 2436 4936 illis
2467 4881 2732 4935 laboribus
2768 4887 2822 4933 et
2859 4875 3200 4932 acerbissima
3224 4873 3332 4927 vita
3369 4871 3720 4925 dormitantes

2147 4989 2239 5044 per
2262 4972 2525 5026 somnium
2550 4986 2609 5025 se
2633 4969 2860 5023 viderint
2887 4967 2938 5020 in
2965 4965 3188 5028 deliciis,
3211 4971 3263 5018 et
3287 4976 3465 5017 rerum
3494 4959 3743 5014 aflluen-‘

2143 5065 2249 5130 tia,
2279 5063 2575 5133 experrecti
2621 5069 2835 5130 postea,
2882 5057 3079 5111 nullam
3119 5053 3349 5109 somniis.
3368 5052 3592 5120 gratiam
3622 5048 3721 5102 ha-

2144 5158 2303 5210 bent:
2333 5155 2412 5209 sic
2433 5163 2485 5207 et
2510 5152 2656 5206 dives
2685 5151 2800 5214 ille,
2824 5163 2943 5204 cum
2974 5163 3026 5202 in
3059 5141 3457 5216 prmsentivita,
3487 5139 3640 5210 quasi
3671 5139 3720 5190 in

2143 5247 2373 5310 somnio,
2394 5244 2587 5299 divitiis
2612 5240 2953 5303 abundasset,
2980 5249 3324 5308 posteaquam
3349 5232 3475 5289 hinc
3495 5230 3720 5300 emigra-

2204 5468 2219 5498 ι
2255 5467 2326 5514 sic
2348 5461 2487 5513 savii.
2508 5469 2559 5510 et
2578 5460 2674 5508 duo
2692 5465 2798 5507 Mss.
2822 5463 2940 5504 Tres
2961 5454 3057 5512 alii,
3081 5449 3500 5514 interdictumque.

2203 5531 2222 5560 ι
2255 5506 2884 5580 ἒὲιῖίίιῖέίέιίιὸὶῖδὲ.,ἆιιιηστ
2910 5506 3064 5567 recte?
3099 5520 3146 5562 ιιι
3172 5511 3276 5560 aliis
3298 5521 3348 5560 ει
3373 5506 3558 5567 Wa"
3575 5519 3722 5566 """"'

2139 5590 2307 5640 deest.
2516 5645 2525 5646 ί
2581 5644 2588 5646 ξ
2655 5641 2666 5646 _
2734 5643 2746 5646 _
3106 5635 3157 5646 _.

2203 5629 2418 5706 twueest,
2440 5650 2485 5695 et
2506 5645 2555 5695 in
2562 5641 2715 5706 jocis,
2734 5643 2781 5706 in
2803 5653 2900 5706 uno
2922 5636 3051 5706 (‘_.olb.
3072 5643 3122 5684 et
3145 5635 3192 5706 in
3217 5633 3429 5706 editione
3453 5629 3719 5678 ttontcfale

2139 5715 2285 5775 Hujus
2310 5697 2437 5775 vocis
2473 5697 2580 5775 loco
2599 5697 2908 5775 $avil.hahet,
2930 5700 2978 5775 in
2993 5697 3269 5775 Aeet'qt‘uitqte:

2202 5765 2223 5805 ί
2252 5771 2388 5820 Savil.
2414 5771 2576 5826 habet,
2598 5765 2782 5814 tumuli.
2807 5772 2924 5828 Tres
2942 5769 3076 5828 _\ts_s.,_
3093 5765 3328 5822 imaginis.

2203 5834 2223 5867 ⁵
2255 5832 2392 5883 δίινίι.
2421 5840 2470 5879 et
2494 5821 2672 5878 aliquot
2694 5834 2824 5884 31:55.,
2847 5823 2912 5874 ibi
2933 5821 3112 5870 habuit.
