4088 6138
292 288 402 348 289

289 419 413 471 ροις
448 403 593 456 ίσασι
615 410 770 474 χάριν
823 402 961 455 οὕτω
990 406 1081 457 καὶ
1102 405 1130 457 ὁ
1160 404 1412 470 πλούσιος
1434 405 1549 478 [15]
1567 407 1771 468 ἐκεῖνος
1799 404 1970 459 καθά-

291 501 399 559 περ
446 488 504 539 ἐν
549 486 741 558 ὀνείρῳ
917 486 1142 555 παρόντι
1188 486 1286 558 βίῳ
1316 488 1646 559 πλουτήσας,
1707 489 1843 559 μετά
1874 490 1971 559 τὴν

290 570 503 624 ἐνθένδε
530 582 556 610 ι
591 569 918 639 ἀποδημίαν,
956 568 1052 639 τὴν
1075 570 1278 641 πικρὰν
1309 571 1526 643 ἐκείνην
1557 571 1846 636 ἐκολάζετο
1881 573 1972 625 κό-

290 652 445 707 λασιν
486 653 667 706 Ταῦτα
685 652 956 723 ἐννόησον,
987 653 1082 706 καὶ
1115 654 1176 707 τὸ
1198 655 1309 726 πῦρ
1341 655 1673 724 ἀντιστήσας
1696 655 1872 707 ἐκεῖνο
1897 654 1974 726 τῷ

292 737 576 807 κατέχοντί
598 752 655 788 σε
684 734 779 788 νῦν
806 733 883 806 τῷ
898 735 1006 788 τῶν
1031 736 1339 809 ἐπιθυμιῶν
1365 738 1705 810 ἐμπρησμῷ,
1734 739 1975 794 ἀπαλλά-

292 822 420 891 γηθι
446 821 544 891 τῆς
569 818 801 889 καμίνου
827 820 976 873 ποτέ.
1015 820 1074 872 ’0
1113 821 1212 892 μέν
1238 823 1347 895 γὰρ
1377 822 1582 893 ταύτην
1605 823 1792 877 ἐνθάδε
1836 824 1975 877 ἀπο-

296 905 495 968 σϐέσας
523 903 724 966 καλῶς,
742 903 864 957 ούδέ
902 904 1120 975 ἐκείνης
1154 906 1389 977 λήψεται
1438 909 1637 976 πεῖραν
1661 924 1676 939 ⁸
1725 909 1772 960 εί
1810 906 1867 959 δέ
1894 923 1979 968 τις

294 988 496 1057 ταύτης
532 984 605 1057 μὴ
651 986 1010 1057 περιγένοιτο,
1058 989 1417 1062 σφοδρότερον
1459 991 1621 1045 αὑτὸν
1675 987 1976 1044 ἀπελθόντα

295 1070 508 1124 ἐνθένδε
548 1069 768 1134 καθέξει
790 1069 911 1122 τότε
958 1071 1165 1142 ἐκείνη.
1195 1073 1367 1127 Πόσον
1391 1073 1569 1144 βούλει
1590 1091 1672 1128 σοι
1704 1088 1974 1144 παρεκταο

298 1155 455 1224 θῆναι
478 1154 507 1194 b
536 1152 628 1206 τοῦ
663 1152 932 1223 παρόντος
956 1152 1072 1223 βίου
1108 1155 1207 1223 τὴν
1246 1156 1547 1210 ἀπόλαυσιν
1575 1155 1797 1228 νρόνον;
1841 1149 1983 1218 Ἐγὼ

302 1238 401 1306 μέν
439 1237 548 1308 γὰρ
582 1237 682 1290 οὐκ
719 1232 874 1307 οἶμαί
910 1254 991 1289 σοι
1036 1237 1200 1291 πλέον
1229 1238 1263 1310 ἢ
1312 1242 1652 1312 πεντήκοντα
1684 1236 1777 1307 ἔτη
1803 1234 1985 1288 λείπε-

301 1320 445 1379 σθαι,
476 1321 616 1373 ὥστε
642 1319 778 1390 πρὸς
810 1320 1036 1390 ἔσχατον
1077 1322 1256 1393 γῆρας
1287 1323 1483 1389 ἐλθεῖν,
1537 1323 1736 1394 μᾶλλον
1760 1320 1817 1373 δὲ
1864 1318 1984 1372 ούδέ

299 1403 454 1455 τοῦτό
475 1420 574 1455 που
606 1401 763 1473 δῆλόν
794 1404 941 1455 ἐστιν
971 1404 1122 1474 ἡμῖν·
1153 1404 1327 1477 οίγάρ
1344 1406 1479 1477 μηδὲ
1500 1406 1662 1477 μέχρι
1694 1402 1793 1473 τῆς
1823 1401 1985 1455 ἐσπέ-

304 1505 402 1558 ρας
428 1488 569 1559 ὑπὲρ
589 1487 690 1556 τῆς
713 1487 857 1557 ζωῆς
882 1486 1098 1557 ἔχοντες
1128 1487 1353 1561 θαρρεῖν
1381 1493 1482 1561 τῆς
1512 1488 1742 1551 ἑαυτῶν,
1778 1485 1894 1549 πῶς
1920 1483 1985 1538 ἂν

302 1570 443 1641 ὑπὲρ
469 1569 743 1622 τοσούτων
776 1568 1199 1640 διισχυρίσαιντο
1232 1571 1402 1638 ἐτῶν;
1427 1573 1536 1625 Καὶ
1562 1572 1621 1625 ού
1642 1570 1803 1627 τοῦτο
1828 1568 1986 1638 μόνον

302 1654 448 1706 ἐστὶν
481 1652 694 1722 ἄδηλον,
716 1651 851 1704 ἀλλά
882 1655 977 1705 καὶ
997 1651 1058 1706 τὸ
1091 1654 1191 1725 τῆς
1218 1653 1327 1706 τῶν
1356 1653 1698 1724 πραγμάτων
1757 1648 1987 1721 μεταϐο-

302 1737 399 1805 λῆς
423 1755 436 1767 ·
461 1735 720 1797 πολλάκις
743 1734 852 1805 7&9
892 1734 992 1805 τῆς
1021 1734 1167 1806 ζωῆς
1198 1736 1525 1806 ἐκταθείσης
1559 1738 1635 1798 είς
1666 1735 1855 1805 χρόνον
1881 1750 1988 1802 μα-

302 1819 455 1891 κρὸν,
476 1819 536 1870 οὐ
565 1816 891 1888 ωνεξετάθη
914 1816 982 1869 τὰ
997 1817 1097 1887 τῆς
1121 1818 1357 1887 τρυφῆς,
1386 1817 1649 1888 ἀλλ’ὁμοῦ
1671 1815 1767 1868 καὶ
1786 1813 1987 1884 ἐπέστη

305 1900 400 1953 καὶ
438 1900 760 1970 ἀπεπήδησε
778 1909 838 1972 .0.
876 1898 1025 1968 Πλὴν
1048 1898 1165 1952 ἀλλ’
1189 1901 1238 1952 εί
1258 1898 1459 1970 βούλει,
1503 1898 1803 1969 κείσθωτῷ
1824 1896 1988 1967 λόγῳ,

305 1981 400 2036 καὶ
427 1983 687 2053 ζήσεσθαι
724 1982 819 2054 ἔτη
846 1981 1105 2047 τοσαῦτα,
1138 1984 1233 2037 καὶ
1251 1983 1526 2056 μηδεμίαν
1583 1980 1989 2051 ὑποστήσεσθαι

308 2065 631 2139 μεταϐολὴν,
660 2066 713 2119 τί
740 2065 904 2120 τοῦτο
935 2066 1073 2138 πρὸς
1098 2067 1226 2132 τοὺς
1239 2068 1633 2141 ἀτελευτήτους
1652 2067 1992 2133 αἰῶνας,καὶ

304 2151 403 2214 τὰς
426 2149 677 2212 κολάσεις
698 2147 793 2213 τὰς
822 2149 1026 2219 πικρὰς
1059 2151 1153 2202 καὶ
1185 2151 1496 2223 ἀφορήτους
1523 2150 1550 2190 ά
1580 2151 1825 2217 ἐκείνας;
1876 2150 1994 2204 Ἐν-

305 2233 481 2287 ταῦθα
508 2233 605 2303 μὲν
641 2232 749 2304 γὰρ
769 2234 865 2286 καὶ
891 2233 961 2287 τά
994 2232 1179 2301 ἁγαθά
1203 2234 1299 2287 καὶ⁵
1332 2234 1403 2287 τὰ
1440 2235 1653 2305 χαλεπά
1676 2234 1826 2299 τέλος
1856 2234 1990 2307 ἔχει,

307 2319 403 2372 καὶ
430 2316 586 2370 τοῦτο
608 2316 882 2386 τάχιστονο
923 2318 1041 2370 ἐκεῖ
1068 2316 1122 2370 δὲ
1157 2315 1445 2381 ἀθανάτοις
1461 2318 1747 2389 ἀμφότερα
1788 2335 1995 2390 παρεκ-

307 2399 538 2453 τείνεται
586 2399 744 2453 αἰῶσι
769 2438 784 2463 ,
833 2400 929 2452 καὶ
970 2401 1036 2472 τῇ
1079 2399 1417 2471 ποιότητιδέ
1466 2401 1721 2456 τοσοῦτον
1748 2401 1857 2456 τῶν
1902 2402 1996 2456 νῦν

308 2483 633 2555 διενήνοχεν,
656 2484 779 2537 ὅσον
808 2482 930 2536 οὐδὲ
965 2482 1113 2537 ἔστιν
1143 2484 1341 2539 εἰπεῖν.

381 2573 432 2621 ι’.
452 2567 542 2638 Μὴ
573 2566 683 2638 7&9
703 2578 726 2606 ο
753 2566 944 2638 ἐπειδὴ
977 2567 1088 2640 πῦρ
1124 2568 1385 2638 ἤκουσας,
1404 2567 1642 2623 τοιοῦτον
1680 2564 1818 2622 εἶναι
1841 2571 1996 2641 νομί-

313 2669 410 2723 σῃς
428 2653 605 2703 ἐκεῖνο
623 2650 683 2702 τδ
715 2650 827 2720 πῦρ
848 2667 860 2680 ·
889 2650 1049 2703 τοῦτο
1085 2653 1183 2722 μὲν
1237 2652 1376 2722 7&9,
1408 2652 1546 2723 ὅπερ
1575 2653 1640 2707 ἂν
1668 2652 1830 2724 λάϐῃ,
1863 2671 1996 2707 κατ-

310 2734 509 2787 έκαυσε
550 2734 648 2789 καὶ
674 2733 984 2805 ἀπήλλαξεν
1028 2733 1072 2772 τ·
1110 2736 1288 2789 ἐκεῖνο
1319 2734 1376 2788 δέ
1408 2736 1534 2798 τοὺς
1552 2734 1700 2799 ἅπαξ
1725 2753 1995 2807 κατασχε-

311 2818 504 2882 θὲντας
533 2818 677 2872 καίει
709 2819 1024 2884 διαπαντὸς,
1044 2819 1141 2874 καὶ
1172 2819 1429 2873 οὐδέποτέ
1461 2818 1692 2873 παύεται
1715 2819 1829 2874 ’διά
1844 2821 1999 2875 τοῦτο

313 2903 408 2956 καὶ
447 2902 711 2957 ἄσϐεστον
745 2902 986 2975 εἴρηται.
1029 2904 1141 2958 Καὶ
1177 2904 1288 2977 γὰρ
1313 2903 1409 2960 καὶ
1449 2905 1578 2967 τοὺς
1612 2904 2000 2975 ἡμαρτηκότας

312 2982 622 3053 ἀφθαρσίαν
648 2983 976 3039 ἐνδύσασθαι
1013 2985 1112 3052 δεῖ,
1134 2986 1194 3039 ού
1218 2987 1357 3058 πρὸς
1381 2985 1568 3057 τιμὴν,
1600 2984 1715 3037 ἀλλ’
1753 2984 1893 3037 ὥστε
1922 2984 1999 3037 δι-

312 3066 507 3138 ηνεκὲς
540 3066 751 3136 ἐφόδιον
770 3066 916 3139 ἔχειν
932 3067 1032 3137 τῆς
1064 3066 1333 3140 τιμωρίας
1358 3069 1600 3139 ἐκείνης·
1628 3065 1789 3120 τοῦτο
1807 3065 1850 3119 δ’
1876 3067 2000 3120 ὅσον

314 3150 435 3203 ἐστὶ
463 3150 657 3211 δεινὸν.
685 3150 714 3203 ὁ
749 3151 847 3221 μὲν
897 3150 1056 3220 λόγος
1090 3153 1115 3192 8
1143 3151 1245 3205 οὐκ
1272 3150 1337 3205 ἂν
1379 3150 1616 3222 ίσχύσειε
1648 3148 1999 3221 παραστῆσαί

314 3250 466 3300 ποτε,
499 3233 606 3287 ἀπὸ
627 3234 683 3287 δὲ
711 3233 812 3304 τῆς
853 3233 1049 3304 πείρας
1083 3233 1193 3287 τῶν
1229 3233 1444 3306 μικρῶν
1478 3234 1700 3287 δυνατὸν
1740 3232 1999 3305 βραχεῖάν

313 3335 436 3372 τινα
475 3316 684 3372 ἔννοιαν
701 3317 809 3374 τῶν
847 3318 1100 3389 μεγάλων
1137 3319 1364 3373 ἐκείνων
1394 3317 1599 3372 λαϐεῖν.
1638 3318 1702 3372 Et
1730 3318 1838 3391 γάρ
1867 3333 2001 3370 ποτε

314 3401 372 3453 ἐν
401 3398 668 3470 βαλανείῳ
719 3400 898 3469 γένοιο
942 3399 1296 3472 σφοδρότερον
1326 3400 1824 3471 κατεσκευασμένῳ
1847 3400 1874 3439 h
1903 3397 2000 3452 τοῦ

312 3481 546 3546 δέοντος,
574 3483 696 3535 τότε
723 3500 813 3551 μοι
851 3482 912 3535 τὸ
939 3483 1041 3552 τῆς
1085 3482 1313 3552 γεέννης
1352 3482 1603 3553 ἐννόησον
1638 3481 1770 3552 πῦρο
1808 3483 1902 3537 καὶ
1953 3483 2007 3536 εί

316 3583 446 3619 ποτε
480 3565 643 3619 πάλιν
668 3565 773 3618 ὑπὸ
804 3565 1045 3636 πυρετοῦ
1090 3564 1525 3636 καταφλεχθείης
1560 3564 1799 3635 χαλεποῦ
1819 3606 1835 3631 ,
1866 3564 2003 3638 πρὸς

317 3649 531 3718 ἐκείνην
546 3647 645 3719 τὴν
670 3646 844 3716 φλόγα
871 3648 963 3701 τὸν
986 3646 1111 3701 νοῦν
1141 3648 1501 3719 μετάστησον,
1534 3648 1630 3701 καὶ
1643 3648 1765 3700 τότε
1797 3647 2002 3722 δυνήσῃ

315 3730 613 3785 διαστεῖλαι
644 3731 660 3771 ί
692 3729 894 3792 καλῶς.
928 3729 1118 3800 Είγάρ
1149 3730 1428 3800 βαλανεῖον
1453 3731 1549 3783 καὶ
1575 3729 1810 3801 πυρετὸς
1830 3729 2005 3797 οὕτως

317 3816 465 3886 ἡμᾶς
480 3815 651 3869 θλίϐει
672 3816 766 3869 καὶ
796 3814 1036 3885 θορυϐεῖ,
1066 3815 1195 3868 ὅταν
1224 3816 1303 3878 είς
1333 3813 1423 3868 τὸν
1452 3813 1697 3884 ποταμὸν
1727 3812 1820 3867 τοῦ
1833 3814 2005 3885 πυρὸς

320 3899 654 3970 ἐμπέσωμεν
684 3901 895 3952 ἐκεῖνον
925 3898 1016 3952 τὸν
1052 3897 1346 3968 ἑλκόμενον
1380 3896 1487 3966 πρὸ
1508 3895 1605 3949 τοῦ
1643 3896 1881 3967 βήματος
1908 3897 2002 3950 τοῦ

320 3980 554 4053 φοϐεροῦ
573 4023 586 4045 ,
620 3980 737 4045 πῶς
762 3980 883 4035 τότε
913 3979 1332 4051 διακεισόμεθα;
1381 3980 1526 4052 Ἀρα
1579 3978 1848 4051 βρύξομεν
1878 3981 2004 4045 τοὺς

212 4070 214 4072 ’
319 4063 539 4128 ὀδόντας
577 4065 682 4119 ὑπὸ
712 4065 821 4119 τῶν
861 4064 1040 4119 πόνων
1079 4064 1173 4117 καὶ
1203 4064 1312 4117 τῶν
1370 4063 1664 4133 ἀφορήτων
1697 4061 2004 4134 ἀλγηδόνων

321 4148 607 4202 ἐκείνων-ὁ
632 4147 689 4200 δὲ
705 4147 1000 4216 ἐπαμύνων
1031 4147 1185 4200 ἔσται
1208 4147 1401 4211 οὐδείς·
1430 4146 1544 4200 ἀλλ’
1574 4144 1881 4218 οίμὼξομεν
1905 4165 2002 4219 με-

320 4229 462 4299 γάλα
481 4271 496 4295 ,
522 4230 878 4302 σφοδρότερον
898 4229 1282 4303 ἐπιτιθεμένης
1313 4228 1326 4280 i
1362 4233 1492 4302 ἡμῖν
1519 4230 1620 4300 τῆς
1648 4231 2004 4302 φλογὸς,ὀψό-

326 4313 467 4383 μεθα
480 4312 537 4364 δέ
557 4313 769 4377 οὐδένα,
796 4313 935 4384 πλὴν
965 4313 1073 4366 τῶν
1098 4312 1481 4384 κολαζομένων
1504 4315 1600 4369 σὺν
1630 4315 1890 4386 ἡμῖν,κα“ι
1904 4313 2002 4383 τῆς

323 4395 560 4467 ἐρημίας
578 4396 677 4466 τῆς
701 4396 921 4466 πολλῆς.
958 4396 1022 4449 Τί
1061 4395 1126 4450 ἄν
1156 4414 1238 4460 τις
1271 4399 1416 4452 εἴποι
1433 4397 1502 4450 τὰ
1524 4396 1633 4450 ἀπὸ
1654 4397 1748 4451 τοῦ
1781 4397 2005 4462 σκότους

322 4478 554 4549 δείματα
574 4481 697 4544 ταῖς
728 4478 1028 4552 ἡμετέραις
1063 4479 1391 4551 ἐγγινόμενα
1424 4480 1624 4551 ψυχαῖς
1649 4498 1663 4547 ;
1687 4480 1875 4552 ὥσπερ
1897 4478 2004 4551 γὰρ

325 4563 425 4615 οὐκ
466 4561 613 4617 ἐστιν
644 4562 980 4617 ἁναλωτικὸν
1018 4564 1194 4617 ἐκεῖνο
1222 4562 1285 4617 τὸ
1312 4562 1445 4637 πῦρ,
1475 4563 1647 4626 οὕτως
1682 4563 1804 4615 ούδέ
1842 4579 2005 4632 φωτι-

326 4646 510 4700 στικόν
534 4663 548 4676 ’
579 4647 702 4700 ούδέ
740 4647 852 4719 7&9
876 4647 943 4701 ἂν
974 4647 1167 4711 σκότος
1202 4642 1291 4718 ἦν.
1341 4647 1445 4700 Τὸν
1468 4648 1649 4701 τοίνυν
1678 4646 1787 4700 ἀπὸ
1810 4646 2002 4700 τούτου

325 4728 553 4801 θόρυϐον
585 4730 936 4801 ἐγγινόμενον
959 4729 1081 4783 τότε
1113 4732 1268 4800 ἡμῖν,
1302 4730 1399 4785 καὶ
1428 4729 1519 4784 τὸν
1553 4729 1759 4802 τρόμον
1787 4729 1881 4782 καὶ
1906 4730 2004 4800 τὴν

389 4889 417 4918 ⁸
443 4889 595 4939 Savil.
618 4895 671 4939 et
692 4902 821 4939 unus
851 4890 937 4948 τήν
964 4886 1187 4937 ἐντεῦθεν.
1230 4887 1386 4938 Paulo
1410 4892 1523 4950 post
1557 4901 1683 4939 unus
1725 4889 1834 4939 cod.
1855 4886 2007 4938 ταῦτα

322 4950 517 5008 νοήσας.

392 5009 421 5048 ιι
440 5010 671 5090 ξενικίιι
693 5025 849 5090 τιιειτι-
1103 5010 1535 5090 ε.ιιξ;τεαριξιιιεῑγρξις
1553 5011 1660 5090 ιίρξ
1681 5011 1832 5090 $932!-
1848 5014 2008 5090 ειειίι

325 5072 543 5137 όυοέγὼ
566 5074 648 5137 μὲν
670 5074 760 5137 γὰρ
780 5072 869 5137 οῦκ
907 5074 1088 5137 οἴομαι,
1120 5072 1317 5137 Μοτειξ
1337 5072 1390 5119 et
1414 5074 1498 5120 alii
1525 5080 1581 5120 ut
1607 5074 1660 5120 in
1689 5078 1850 5122 textu.
1884 5075 2007 5124 Tres

326 5136 418 5198 alii
434 5134 527 5198 ἐγὼ
552 5134 634 5198 μέν
657 5134 746 5198 γὰρ
766 5136 854 5198 ob}
880 5134 1028 5198 οἶμαι.
1057 5136 1175 5198 Qua;
1214 5134 1462 5198 diversum
1486 5146 1683 5181 sensum
1706 5140 2004 5194 exprimunt.

327 5195 464 5258 νῆσε
498 5195 774 5246 ΙηΜοιιὶιο.
808 5195 964 5246 Paulo
1003 5195 1285 5258 posthaivil.
1313 5200 1367 5243 et
1391 5207 1563 5244 omnes
1595 5206 1725 5256 pene
1756 5208 1872 5245 mss.
1899 5198 2008 5247 οὐδὲ

327 5254 470 5304 τοῦτό
491 5273 583 5305 που
604 5259 761 5316 δῆλον.
788 5259 961 5308 Morel.
985 5254 1041 5305 ᾱο
1065 5255 1207 5306 τοῦτό
1229 5273 1330 5313 πως
1353 5257 1511 5315 δῆλον.

390 5320 416 5379 ἐ
439 5319 588 5368 Savil.
618 5325 670 5368 et
690 5335 816 5370 unus
833 5321 1128 5378 ἀπεπήδησε.
1159 5319 1393 5367 Morel.el
1416 5318 1498 5367 alii
1524 5317 1820 5379 ἀπεδήμησε.

391 5378 417 5447 f1
437 5381 660 5447 Quatuor
674 5396 790 5447 mss.
819 5381 1131 5447 ἀπορρήτους,
1155 5380 1317 5447 minu_s_
1338 5386 1497 5447 reple,
1521 5380 1573 5428 ni
1595 5378 1755 5429 fallOr.

389 5441 575 5506 {Linus
600 5445 755 5493 codex
781 5455 835 5494 et
862 5441 1012 5492 Sa'i’il.
1040 5443 1190 5506 habet
1211 5444 1330 5506 μηδὲ
1345 5442 1451 5506 γάρ.

395 5459 410 5466 '
441 5459 575 5492 unus
600 5459 755 5493 coaex
781 5459 835 5494 et
862 5459 1012 5492 ham.
1040 5459 1190 5492 naDet
1211 5459 1330 5506 μηοε
1376 5459 1444 5505 αρ.

395 5501 418 5543 ί
449 5504 586 5554 Unus
616 5506 775 5555 codex
799 5506 1062 5565 ἀπήλασεν,
1092 5505 1243 5555 Savil.
1271 5459 1444 5562 ἔληξεν.

394 5568 420 5607 ε
444 5566 649 5618 SioS'w.
674 5575 727 5617 et
743 5580 917 5617 omnes
932 5566 1038 5616 fere
1052 5564 1173 5616 mss.
1191 5565 1310 5616 Mor.
1338 5565 1505 5625 δεινὸν,
1528 5564 2009 5627 61670;.lb.Sav.et

327 5633 435 5694 {res
453 5642 569 5694 φεῦ.
596 5636 920 5694 παραστῆσαι,
941 5630 1119 5679 melius
1139 5643 1281 5692 quam
1303 5628 1420 5694 Μιηξ.
1437 5629 1580 5694 {etalii
1592 5628 2005 5694 παραστήσασθαι.

394 5689 423 5755 ξι
446 5691 593 5756 ξςίινὶι.
622 5689 973 5756 ἐκκεκαυμνῳ,
1002 5698 1054 5740 et
1070 5689 1183 5756 moi
1203 5691 1590 5756 κατεφλέχθηςίη
1614 5689 1894 5756 indicativo.

398 5752 531 5802 iSic
575 5754 750 5815 Savil.,
798 5752 972 5804 Morel.
1016 5758 1070 5802 et
1102 5755 1290 5816 aliquot
1318 5752 1430 5800 mss.
1476 5753 1575 5802 Alii
1619 5752 1893 5812 διαστῆσαι,
1922 5752 2007 5802 alii

332 5811 661 5873 διαναστῆσαι.

378 5870 411 5922 ’1
440 5870 572 5947 (ῗοῖῧ.
597 5891 721 5928 unus
747 5877 1007 5943 οἰμώξομεν
1049 5877 1230 5942 σφόδρα
1269 5875 1597 5938 ἐπιτιθεμένης.
1624 5874 1772 5926 Savil.
1804 5877 2008 5940 οἰμώξο-

334 5949 415 5993 μεν
439 5951 574 5996 μέγα-

1078 290 1133 346 S.
1178 290 1469 346 JUANMS
1508 289 2004 345 CIIRYSOSTOMI
2044 289 2377 345 ARCHEEP.
2421 289 2973 346 CONSTAATISOP.

3653 284 3762 346 290

2082 405 2390 476 παράλυσιν
2438 405 2531 459 καὶ
2554 406 2651 474 τὴν
2699 405 2956 458 ἔκστασιν
3001 402 3101 473 τὴν
3128 399 3328 473 πολλὴν
3356 402 3561 465 ἐκεῖνος
3603 401 3763 472 μόνος

2081 488 2431 558 παραστῆσαι
2464 488 2493 540 ὀ
2528 488 2716 559 καιρὸς
2739 487 2922 552 ἱκανός
2952 485 3001 541 ¹ι.
3028 483 3145 558 [14]
3168 483 3349 539 Πολλά
3383 485 3494 558 γὰρ
3523 484 3619 537 καὶ
3647 501 3770 537 ποι-

2083 572 2210 625 κίλα
2238 575 2353 626 ἐκεῖ
2393 571 2462 626 τά
2493 571 2913 644 βασανιστήρια,
2944 573 3041 626 καὶ
3069 569 3288 641 νιφάδες
3317 569 3583 625 πάντοθεν
3607 570 3773 625 κολά-

2084 672 2223 708 σεων
2270 655 2566 725 ἐπάγονται
2616 659 2681 727 τῇ
2718 656 2888 729 ψυχῇ.
2921 656 2987 710 El
3018 656 3076 710 δὲ
3108 655 3257 724 λέγοι
3280 672 3387 721 τις,
3402 653 3516 709 Καὶ
3529 654 3644 718 πῶς
3677 656 3775 726 ἀρ-

2082 737 2241 791 κέσαι
2275 738 2483 793 δύναιτ’
2520 740 2585 794 ἂν
2615 742 2648 811 ἡ
2687 739 2834 811 ψυχὴ
2863 739 3002 811 πρὸς
3047 739 3304 793 τοσοῦτον
3331 737 3533 810 πλῆθος
3591 756 3770 810 τιμω-

2083 822 2236 893 ριῶν,
2273 824 2368 877 καὶ
2385 806 3015 895 ἀτελευτήτουξαίῶνας
3036 824 3315 895 διαμεῖναι
3344 806 3684 892 κολαζομένη
3722 820 3769 887 1;
3800 806 3809 825 ’

2082 907 2391 976 ἐννοησάτω
2419 906 2485 960 τά
2520 905 2755 961 ἐνταῦθα
2805 908 3091 979 γινόμενα,
3132 907 3250 973 πῶς
3299 907 3480 962 πολλοὶ
3504 906 3774 969 πολλάκις

2082 990 2218 1060 πρὸς
2244 989 2399 1043 νόσον
2435 989 2653 1062 μακρὰν
2680 993 2777 1046 καὶ
2806 991 3053 1064 χαλεπὴν
3079 993 3344 1063 ἤρκεσαν.
3362 992 3425 1044 Et
3452 990 3508 1043 δέ
3528 991 3623 1044 καὶ
3652 991 3777 1043 ἐτε-

2080 1072 2372 1142 λεύτησαν,
2407 1074 2467 1127 ού
2484 1074 2585 1144 τῆς
2599 1074 2777 1146 ψυχῆς
2808 1075 3200 1148 ἀναλωθείσης,
3229 1074 3367 1129 ἀλλά
3395 1073 3490 1128 τοῦ
3517 1074 3774 1144 σώματος

2084 1156 2585 1225 ἀπαγορεύσαντος,
2646 1159 2723 1222 ὼς
2744 1158 2798 1212 εί
2846 1177 2910 1228 γε
2947 1162 3126 1214 ἐκεῖνο
3158 1161 3233 1232 μὴ
3282 1160 3534 1224 ἐνεδίδου,
3569 1158 3669 1211 οὐκ
3702 1157 3773 1210 ἂν

2086 1236 2364 1290 ἐπαύσατο
2410 1236 2808 1311 βασανιζομένη
2860 1244 2893 1313 ἡ
2930 1241 3100 1314 ψυχή.
3143 1243 3312 1298 Ὅταν
3357 1239 3453 1296 οὖν
3492 1239 3775 1312 ἄφθαρτον

2086 1318 2246 1371 τοῦτο
2269 1317 2409 1390 λάϐῃ
2453 1319 2549 1373 καὶ
2580 1321 2876 1387 ἀνάλωτον,
2911 1324 3063 1378 οὐδὲν
3091 1324 3153 1378 τὸ
3183 1323 3393 1379 κωλύον
3435 1325 3517 1386 είς
3544 1321 3774 1392 ἄπειρον

2087 1398 2493 1471 ἐκταθῆναιτὴν
2523 1401 2760 1456 κόλασιν.
2792 1404 3057 1460 Ἐνταῦθα
3087 1406 3187 1478 μὲν
3210 1406 3321 1478 7&9
3334 1406 3436 1461 οὐκ
3464 1405 3611 1458 ἐστιν
3632 1404 3774 1474 ὁμοῦ

2088 1477 2158 1531 τά
2183 1480 2471 1553 ἀμφότερα
2517 1483 2821 1544 συνελθεῖν,
2851 1477 3189 1559 σφοδρότητα
3236 1477 3379 1557 λέγω
3430 1488 3706 1541 κολάσεων
3730 1498 3773 1525 ω

2089 1563 2182 1614 καὶ
2199 1563 2542 1636 παραμονὴν,
2556 1565 2694 1618 ἀλλά
2717 1567 2944 1642 θάτερον
2964 1569 3179 1639 θατέρῳ
3207 1570 3461 1640 μάχεται,
3484 1569 3573 1622 διά
3592 1571 3654 1622 τὸ
3674 1569 3778 1640 τὴν

2090 1642 2186 1697 τοῦ
2238 1644 2494 1716 σώματος
2533 1648 2697 1716 φύσιν
2727 1645 2868 1704 εἶναι
2916 1650 3185 1723 φθαρτὴν,
3216 1652 3312 1705 καὶ
3348 1651 3421 1723 μὴ
3457 1651 3643 1723 φέρειν
3668 1652 3778 1719 ἀμ-

2092 1726 2339 1797 φοτέρων
2372 1727 2471 1799 τὴν
2516 1730 2732 1784 σύνοδον
2752 1749 2764 1761 ο
2798 1732 2899 1803 τῆς
2952 1734 3261 1807 ἀφθαρσίας
3289 1735 3347 1788 δέ
3381 1734 3719 1805 ἐπελθούσης
3749 1744 3779 1771 ιι

2091 1809 2300 1873 λοιπὸν,
2335 1810 2434 1882 τῆς
2464 1813 2643 1884 μάχης
2666 1814 2871 1886 ταύτης
2898 1816 3140 1882 διάλυσις
3171 1819 3367 1887 γένοιτ’
3388 1817 3477 1882 ἂν,
3510 1817 3604 1871 καὶ
3638 1817 3781 1888 μετά

2094 1891 2296 1964 πολλῆς
2317 1894 2417 1964 τῆς
2448 1894 2696 1960 ἐξουσίας
2721 1899 2802 1961 εἰς
2828 1899 3056 1969 ἄπειρον
3080 1903 3228 1972 ἡμᾶς
3248 1901 3539 1972 ἀμφότερα
3561 1900 3782 1964 καθέξει

2092 1973 2163 2026 τὰ
2195 1974 2362 2030 δεινά.
2396 1975 2490 2049 Μὴ
2526 1979 2710 2033 τοίνυν
2745 1981 2820 2045 ὼς
2848 1983 2948 2054 τῆς
2981 1984 3289 2055 ὑπερϐολῆς
3320 1984 3430 2038 τῶν
3460 1984 3785 2054 βασανιστη-

2100 2056 2229 2127 ρίων
2262 2064 2287 2091 °
2318 2058 2720 2134 ἀναλισκούσης
2748 2064 2904 2134 ἡμῶν
2938 2076 2967 2115 Ρ
3011 2066 3110 2138 τὴν
3138 2066 3499 2139 ψυχὴν,οὕτω
3519 2066 3784 2121 διατεθῶ-

2099 2156 2198 2210 μεν
2226 2140 2323 2195 νῦν
2349 2158 2363 2171 ·
2390 2142 2512 2197 οὐδὲ
2549 2145 2657 2218 7&9
2685 2147 2746 2200 τὸ
2779 2148 2937 2220 σῶμα
2970 2151 3255 2223 δυνήσεται
3287 2150 3446 2205 τοῦτο
3481 2153 3540 2204 ἐν
3586 2150 3785 2221 ἐκείνῳ

2099 2222 2295 2278 παθεῖν
2319 2224 2400 2295 τῷ
2438 2227 2640 2299 καιρῷ,
2678 2223 2814 2283 ἀλλά
2842 2235 2995 2302 μενεῖ
3035 2222 3174 2304 μετά
3196 2234 3297 2304 τῆς
3314 2233 3496 2305 ψυχῆς
3548 2234 3786 2298 αὶωνίως

2096 2306 2484 2379 κολαζόμενον,
2518 2311 2614 2365 καὶ
2646 2313 2820 2385 πέρας
2842 2315 3028 2386 ἕτερον
3081 2316 3235 2371 ἔσται
3272 2317 3447 2373 οὐδέν.
3483 2318 3666 2388 Πόσην
3687 2313 3786 2372 οὖν

2100 2389 2280 2461 βούλει
2320 2394 2559 2465 τρυφὴν,
2588 2397 2685 2451 καὶ
2715 2398 2880 2451 πόσον
2909 2399 3100 2469 καιρὸν
3140 2399 3437 2454 ἀντιθεῖναι
3456 2403 3523 2472 τῇ
3560 2401 3785 2455 κολάσει

2096 2473 2268 2546 ταύτῃ
2308 2474 2404 2528 καὶ
2435 2478 2501 2547 τῇ
2538 2477 2824 2549 τιμωρίᾳ;
2865 2478 3052 2533 Βούλει
3076 2481 3270 2552 χρόνον
3295 2481 3430 2534 ἐτῶν
3465 2482 3661 2536 ἑκατὸν
3690 2483 3785 2536 καὶ

2100 2554 2184 2619 δὶς
2203 2557 2459 2612 τοσοῦτον
2481 2574 2496 2624 ;
2522 2560 2618 2612 καὶ
2640 2560 2693 2612 τί
2720 2560 2877 2614 τοῦτο
2909 2561 3044 2633 πρὸς
3072 2564 3198 2625 τοὺς
3229 2563 3619 2634 ἀτελευτήτους
3653 2567 3787 2618 αἰζ-

2101 2655 2198 2702 νας
2218 2656 2234 2704 ;
2265 2640 2445 2712 Ὅπερ
2468 2640 2576 2708 γὰρ
2599 2641 2734 2713 ὄναρ
2763 2643 2975 2715 ἡμέρας
2992 2646 3117 2713 μιᾶς
3150 2647 3206 2696 ἐν
3224 2644 3411 2716 τῷβίῳ
3428 2647 3787 2710 παντὶ,τοῦτο

2100 2722 2133 2791 ἡ
2159 2722 2269 2774 τῶν
2305 2722 2494 2776 ἐνθάδε
2526 2724 2828 2790 ἀπόλαυσίς
2856 2729 2972 2780 ἐστι
3004 2728 3139 2799 πρὸς
3172 2731 3273 2799 τὴν
3318 2729 3428 2784 τῶν
3483 2731 3785 2802 μελλόντων

2102 2803 2654 2861 κατάστασιν.Ἔστιν
2681 2804 2774 2861 οῦν
2806 2808 2911 2880 ἄρα
2929 2811 3078 2873 ὅστις
3107 2810 3248 2881 ὑπὲρ
3276 2811 3371 2865 τοῦ
3396 2812 3630 2883 χρηστὸν
3650 2812 3785 2883 ὄναρ

2105 2885 2231 2940 ίδεῖν
2268 2887 2563 2953 διαπαντὸς
2595 2889 2921 2955 κολάζεσθαι
2960 2891 3120 2946 ἕλοιτ’
3159 2894 3262 2959 ἆν;
3325 2895 3424 2947 καὶ
3482 2894 3566 2957 τίς
3611 2894 3787 2958 οὕτως

2104 2968 2352 3040 ἀνόητος,
2370 2970 2448 3034 ὡς
2474 2972 2568 3025 ἐπὶ
2592 2972 2797 3044 ταύτην
2818 2973 2994 3027 ἐλθεῖν
3012 2974 3111 3045 τήν
3141 2976 3445 3042 ἀντίδοσινς
3479 2977 3649 3031 Οὔπω
3674 2977 3789 3048 γὰρ

2102 3051 2377 3109 διαϐάλλω
2407 3054 2507 3126 τήν
2531 3056 2764 3128 τρυφὴν,
2814 3057 2936 3110 οὐδὲ
2967 3059 3064 3128 τὴν
3094 3059 3153 3112 ἐν
3210 3059 3349 3129 αὐτῇ
3388 3060 3650 3131 κειμένην
3703 3078 3792 3114 πι-

2103 3135 2264 3206 κρίαν
2286 3137 2539 3192 ἀποκαλύ
2550 3156 2666 3193 πτω
2693 3139 2786 3192 νῦν
2804 3157 2817 3169 υ
2852 3140 2914 3192 ού
2943 3139 3052 3211 γὰρ
3073 3135 3228 3203 οὗτος
3261 3141 3371 3195 τῶν
3388 3140 3564 3210 λόγων
3580 3142 3790 3195 τούτων

2102 3219 2131 3271 ὁ
2168 3220 2378 3292 καιρὸς,
2414 3221 2529 3274 ἀλλ’
2559 3223 2689 3277 ὃταν
2744 3224 2913 3294 αὐτὴν
2950 3227 3210 3295 ἐκφυγεῖν
3242 3225 3496 3298 δυνηθῇς.
3532 3226 3647 3280 Νῦν
3685 3225 3792 3295 μὲν

2102 3302 2213 3373 γάρ
2246 3306 2564 3375 ἐνεχόμενος
2581 3306 2658 3376 τῷ
2677 3306 2862 3373 πάθει,
2894 3308 2988 3360 καὶ
3008 3308 3196 3379 ληρεῖν
3229 3311 3378 3381 ἡμᾶς
3399 3307 3791 3370 ύποπτεύσεις,

2103 3387 2152 3439 εἰ
2181 3385 2279 3456 τὴν
2315 3387 2506 3459 ἡδονὴν
2567 3389 2864 3461 καλοίημεν
2889 3400 2915 3439 q
2950 3391 3154 3463 πικράν
3174 3409 3188 3422 ·
3222 3392 3351 3446 ὅταν
3376 3392 3433 3445 δέ
3466 3391 3793 3462 ἀπαλλαγῇς

2102 3470 2169 3540 τῇ
2187 3468 2283 3521 τοῦ
2296 3468 2430 3523 Θεοῦ
2459 3471 2643 3541 χάριτι
2682 3472 2776 3525 τοῦ
2799 3474 3124 3544 νοσήματος,
3139 3474 3259 3529 τότε
3289 3476 3410 3548 εἴσῃ
3440 3477 3534 3530 καὶ
3561 3476 3661 3546 τὴν
3690 3492 3799 3530 κα-

2102 3553 2229 3605 κίαν
2257 3552 2423 3605 αὐτοῦ
2457 3554 2656 3617 καλῶς,
2684 3556 2774 3608 Διὸ
2796 3556 3022 3622 τούτους
3046 3558 3104 3609 ἐν
3127 3559 3301 3630 ἑτέρῳ
3322 3559 3504 3630 καιρῷ
3520 3560 3647 3623 τοὺς
3673 3558 3798 3612 πλό-

2105 3650 2242 3702 γους
2288 3638 2725 3707 ταμιευσάμενοι
2744 3680 2757 3694 .
2806 3641 2983 3693 ἐκεῖνο
3026 3640 3260 3712 ἐροῦμεν
3288 3642 3409 3696 νῦν·
3437 3644 3622 3697 Ἔστω
3649 3637 3797 3697 εἶναι

2102 3716 2317 3788 τρυφὴν
2345 3718 2446 3790 τὴν
2479 3721 2713 3792 τρυφὴν,
2745 3724 2840 3775 καὶ
2865 3724 3060 3794 ἡδονὴν
3080 3724 3179 3794 τὴν
3221 3725 3419 3796 ἡδονὴν
3443 3765 3458 3790 ,
3494 3727 3590 3780 καὶ
3625 3727 3796 3797 μηδὲν

2104 3800 2250 3871 ἔχειν
2276 3801 2501 3874 ἀνιαρὸν
2535 3804 2671 3875 μηδὲ
2695 3807 3079 3869 ἐπονείδιστον,
3116 3808 3171 3860 τί
3202 3809 3340 3881 πρὸς
3370 3809 3470 3881 τὴν
3498 3810 3799 3882 ἀποκειμέ-

2103 3900 2202 3955 νην
2230 3883 2455 3941 κόλασιν
2480 3888 2717 3959 ἐροῦμεν
2742 3906 2756 3955 ;
2788 3889 2843 3942 τί
2870 3889 2929 3942 δέ
2944 3890 3068 3943 τότε
3090 3891 3392 3963 πράξομεν,
3411 3892 3669 3964 ἡσθέντες
3691 3895 3797 3964 μὲν

2103 3966 2179 4031 ὡς
2208 3970 2268 4023 ἐν
2293 3972 2423 4041 σκιᾷ
2444 3972 2541 4025 καὶ
2563 3972 2732 4027 εἰκόνι
2763 3972 2952 4039 τανῦν,
2979 3972 3129 4046 ἔργῳ
3154 3974 3213 4028 δέ
3252 3975 3352 4047 τὴν
3396 3976 3630 4047 βάσανον
3660 3978 3799 4030 αἰω-

2104 4053 2224 4110 νίαν
2248 4054 2559 4120 τιννύοντες
2591 4065 2613 4094 ⁸
2645 4058 2784 4120 ἐκεῖ,
2816 4058 2911 4110 καὶ
2947 4056 3123 4112 ταῦτα
3149 4057 3269 4124 ἐξὸν
3309 4060 3369 4114 ἐν
3396 4058 3589 4131 βραχεῖ
3615 4063 3801 4132 χρόνῳ

2105 4138 2175 4192 τά
2215 4156 2275 4192 τε
2307 4139 2579 4212 εἰρημένα
2620 4139 3029 4214 στρεϐλωτήρια
3056 4141 3364 4212 διαφυγεῖν,
3395 4144 3490 4197 καὶ
3518 4143 3628 4197 τῶν
3654 4144 3799 4198 ἀπο-

2109 4222 2383 4292 κειμένων
2423 4221 2729 4278 ἀπολαῦσαι
2751 4223 2964 4292 καλῶν;
2988 4226 3102 4279 Καὶ
3122 4224 3234 4297 γὰρ
3260 4226 3358 4282 καὶ
3396 4226 3557 4281 τοῦτο
3573 4227 3676 4298 τῆς
3692 4227 3795 4281 τοῦ

2040 4374 2051 4380 Α
2107 4303 2244 4359 Θεοῦ
2265 4304 2673 4377 φιλανθρωπίας
2704 4305 2886 4378 ἔργον,
2922 4307 2985 4362 τὸ
3016 4308 3092 4381 μὴ
3120 4311 3202 4373 εἰς
3244 4309 3418 4381 μῆκος
3459 4313 3592 4382 ἡμῖν
3631 4313 3797 4365 ἐκτα-

2107 4386 2265 4459 θῆναι
2284 4388 2411 4449 τοὺς
2437 4386 2655 4455 ἀγῶνας
2687 4390 2918 4462 μακρὸν,
2944 4391 3058 4449 ἀλλῗ
3087 4395 3144 4446 ἐν
3173 4392 3366 4465 βραχεῖ
3386 4395 3480 4447 καὶ
3516 4396 3796 4467 ἀκαριαίῳ

2107 4469 2202 4521 καὶ
2247 4467 2527 4540 ὀφθαλμοῦ
2585 4471 2717 4542 ῥιπῇ
2745 4472 2935 4543 (τοῦτο
2962 4472 3070 4545 γὰρ
3118 4477 3145 4545 ἡ
3204 4475 3455 4546 παροῦσα
3494 4476 3607 4548 ζωὴ
3652 4478 3797 4548 πρὸς

2108 4550 2342 4622 ἐκείνην)
2358 4552 2819 4632 ἀγωνισαμένους,
2837 4556 2895 4608 ἐν
2915 4559 3029 4619 τοῖς
3054 4557 3303 4629 ἀπείροις
3321 4560 3744 4629 στεφανωθῆναι
3771 4563 3794 4597 ι

2111 4633 2323 4688 αἰῶσιν.
2365 4635 2480 4706 Ούχ
2526 4636 2601 4698 ὡς
2633 4635 2791 4708 ἔτυχε
2843 4637 2901 4691 δέ
2938 4638 3033 4692 καὶ
3063 4639 3221 4693 τοῦτο
3254 4640 3502 4714 τότε[151
3537 4642 3639 4705 τὰς
3680 4643 3797 4699 τῶν

2107 4715 2491 4788 κολαζομένων
2516 4717 2731 4773 ἀνιάσει
2752 4720 3097 4792 ψυχὰς,ὃταν
3118 4724 3446 4795 ἐννοήσωσιν
3474 4726 3577 4787 ὅτι,
3613 4726 3798 4796 παρὸν

2107 4801 2168 4856 ἐν
2203 4805 2327 4867 ταῖς
2364 4802 2576 4873 ὀλίγαις
2607 4804 2848 4876 ἡμέραις
2883 4805 3110 4870 ταύταις
3154 4808 3500 4880 κατορθῶσαι
3546 4808 3609 4861 τὺ
3655 4810 3795 4876 πᾶν,

2109 4884 2488 4955 ἀμελήσαντες
2508 4888 2621 4952 τοῖς
2644 4887 2934 4953 ἀθανάτοις
2968 4890 3195 4954 ἑαυτοὺς
3224 4890 3548 4963 παρέδωκαν
3575 4894 3789 4955 κακοῖς.

2110 4967 2288 5042 Ὅπερ
2309 4969 2398 5023 ἵνα
2427 4969 2502 5041 μὴ
2518 4971 2802 5042 πάθωμεν,
2822 4972 3195 5046 διαναστῶμεν
3215 4974 3320 5039 ἕως
3342 4975 3532 5046 καιρὸς
3553 4975 3793 5046 εὐπρόσ-

2171 5075 2632 5156 ξ-εῃιιῐὶίηθιρίίοιίξ.
2659 5091 2796 5156 utins-
2825 5080 2911 5137 τήν
2941 5080 3128 5156 ’πολλὴν
3166 5081 3365 5142 ἐκείνην,
3408 5081 3587 5139 ἐκεῖνος
3630 5083 3795 5145 σαφῶς

2108 5143 2414 5235 παραστῆσαι
2438 5142 2577 5201 μόνος
2598 5142 2757 5197 ἱκανὸς
2776 5142 2802 5189 ὁ
2819 5142 2997 5206 καιρός.

2218 5198 2370 5248 Addit
2389 5201 2500 5249 Sav.
2527 5202 2557 5258 ἡ
2584 5201 2717 5258 σάρξ.
2730 5216 2947 5258 moxque
2978 5204 3127 5255 habet
3158 5205 3480 5258 composilum
3504 5204 3680 5258 ἐπήρκε

2178 5215 2194 5235 ι
2218 5215 2370 5248 AGON.
2389 5215 2500 5249 δην.
2527 5215 2557 5258 η
2584 5215 2717 5265 σαρξ.
2730 5216 2947 5264 moxque
2978 5215 3127 5255 habet
3158 5215 3480 5266 composuum
3504 5215 3788 5267 επήρκεσαν.

2170 5268 2208 5291 ⁸·
2235 5258 2318 5326 εἰς
2359 5262 2512 5326 Ξενίι.
2534 5270 2587 5326 e_t
2611 5268 2713 5326 tres
2735 5278 2849 5313 mss.
2879 5264 3052 5315 Morel.
3076 5279 3195 5315 vero
3215 5266 3479 5322 κολάσεως.
3506 5264 3645 5313 Unus
3666 5265 3789 5326 Reg.

2111 5324 2285 5403 lglung‘
2294 5324 2453 5403 l‘qcul’n
2475 5325 2545 5372 sic
2560 5323 2728 5403 habet,
2751 5327 3068 5403 σφοδροτέραν
3103 5328 3228 5391 λέγω
3250 5328 3451 5376 κόλασιν
3470 5327 3552 5375 καὶ
3573 5323 3794 5391 παραμιό-

2107 5384 2756 5511 νὴἷι’ἕέἓὲ⁵ἷ.τὲἔιιῗέυ⁰έῖξὲἓῗ
2778 5384 3157 5510 ἓὲἔῗὲὅδοιοης.
3706 5402 3715 5417 ’

2178 5506 2199 5574 Ϊ
2222 5508 2370 5574 ξρνίιι
2392 5506 2743 5574 ἕολαστηρῐωὶε

2173 5569 2200 5635 ξ’
2224 5569 2364 5635 pnus
2391 5570 2517 5633 Reg.
2542 5577 2595 5618 et
2617 5569 2776 5635 Sail.
2793 5572 2932 5635 fimiv.

2172 5631 2199 5698 ξι
2220 5630 2368 5698 ξᾳγῇ.
2411 5630 2614 5698 βίύυυε
2637 5633 2757 5695 Reg.
2783 5630 3149 5698 ἀποκαλοίημεν.

2174 5693 2197 5720 τ
2221 5693 2301 5742 Sic
2320 5693 2470 5759 ngil.
2496 5701 2547 5759 οι
2567 5693 2783 5759 ηυᾳιιιὸιζ
2802 5709 2914 5759 mss.
2939 5693 3119 5759 Morel-7
3136 5702 3189 5745 et
3210 5695 3292 5759 alii
3315 5696 3360 5744 ἐν
3382 5700 3527 5759 ἑτέρῳ
3556 5695 3683 5753 τούς.
3710 5693 3792 5744 ln-

2109 5751 2332 5821 fra‘uqus
2346 5754 2474 5821 lleg.
2502 5751 2690 5821 ἀνιαρὸν
2710 5756 2792 5821 καὶ
2815 5757 3056 5821 ἐπίπονον,
3077 5758 3123 5806 τί
3140 5758 3257 5821 πρὸς
3276 5759 3374 5821 τήν.

2175 5817 2196 5844 ⁵
2246 5814 2396 5881 S_a\'il.
2423 5817 2544 5881 ἔργῳ
2570 5814 2623 5865 δέ
2643 5818 2836 5866 αἰωνίαν
2873 5820 2958 5878 τήν
2982 5814 3189 5868 κόλασιν
3213 5819 3454 5874 τιννὺντες.
3494 5815 3552 5865 In
3576 5824 3793 5880 quatuor

2111 5891 2226 5928 mss.
2242 5878 2434 5925 αἰωνίαν
2451 5878 2613 5929 deest.

2182 5938 2370 5989 ‘Savil.
2397 5941 2445 5988 in
2483 5946 2623 5989 lcxtu
2663 5938 3021 6005 στεφανοῦσθαι,
3053 5943 3102 5991 in
3128 5954 3279 6003 marg.
3315 5943 3690 6005 στεφανωθῆναι.
