4088 6138
203 295 305 351 289

202 415 389 471 verat,
433 405 567 461 duro
617 405 875 476 supplicio
927 402 1270 473 plectebatur.
1319 403 1443 457 "1‘0
1483 403 1695 470 cogita,
1743 409 1794 455 et

203 503 378 572 ignem
412 499 558 552 illum
589 498 868 550 conferens
893 511 1011 548 eum
1052 511 1116 548 eo
1137 536 1150 560 ,
1192 511 1296 564 quo
1333 510 1473 548 nunc
1502 494 1754 548 detinens
1781 532 1793 554 ,

203 590 552 660 cupiditatum
580 587 847 649 incendio,
873 586 1086 640 tandem
1109 602 1138 639 a
1163 587 1374 640 fornace
1397 587 1484 641 illa
1513 597 1561 640 te
1583 589 1790 656 expedi.

205 682 335 736 Nam
362 680 450 749 qui
483 679 619 732 hanc
653 677 738 732 hic
781 677 944 748 probe
990 677 1269 742 restinxit,
1314 692 1412 732 nec
1453 677 1596 731 illam
1637 678 1794 732 aliam

207 771 512 842 experietur
539 788 550 823 :
582 770 624 823 si
654 771 770 839 quis
798 785 924 823 vero
951 768 1086 823 hanc
1110 784 1212 821 non
1244 770 1607 837 superaverit,
1636 769 1796 824 vehe-

206 862 438 919 mentius
462 861 586 914 hinc
611 861 876 931 profectus
903 860 954 914 in
985 859 1069 913 illa
1099 869 1222 914 tunc
1248 860 1590 915 cruciabitur.
1617 862 1796 926 Quan-

207 965 256 1010 to
285 964 527 1023 tempore
557 953 634 1005 vis
670 951 761 1004 tibi
807 950 1084 1018 praesentis
1127 950 1248 1003 vita:
1291 965 1504 1004 usuram
1543 950 1797 1004 extendi?

207 1045 467 1114 Equidem
507 1059 614 1097 non
658 1052 783 1111 puto
813 1042 906 1097 tibi
944 1042 1059 1111 plus
1089 1043 1466 1112 quinquaginta
1493 1043 1647 1096 annis
1676 1043 1796 1097 vitae

205 1151 484 1206 superesse
505 1141 606 1202 ,Ἧι
636 1134 702 1189 ad
739 1143 1030 1189 extremam
1071 1143 1399 1188 senectutem
1441 1135 1658 1198 venias;
1690 1134 1797 1187 imo

207 1245 271 1284 ne
299 1229 400 1284 hoc
431 1226 647 1297 quidem
674 1236 878 1281 certum
921 1225 1075 1280 nobis
1105 1236 1185 1280 est
1217 1243 1228 1278 :
1259 1240 1380 1278 nam
1408 1225 1498 1294 qui
1535 1241 1600 1278 ne
1630 1239 1796 1294 usque

206 1323 268 1376 ad
295 1313 574 1392 vesperam
604 1320 670 1375 de
699 1321 802 1374 vita
840 1320 1014 1374 securi
1045 1334 1251 1384 sumus,
1281 1318 1548 1389 quomodo
1581 1326 1655 1373 tot
1683 1317 1797 1372 fore

207 1415 327 1468 vita:
353 1427 523 1467 annos
552 1413 818 1468 afﬁrmare
843 1412 1168 1480 possumus?
1191 1410 1378 1480 Neque
1409 1410 1460 1466 id
1488 1419 1691 1464 tantum
1723 1409 1797 1464 la-

208 1516 302 1572 tet,
331 1505 424 1561 sed
455 1505 615 1560 etiam
643 1503 818 1558 futura
849 1519 1028 1559 rerum
1061 1504 1284 1558 mutatio
1316 1521 1329 1556 :
1365 1517 1603 1574 persche
1631 1502 1794 1563 enim,

205 1599 330 1655 licet
359 1600 462 1654 vita
489 1599 544 1653 in
570 1599 786 1668 longum
810 1608 1018 1668 tempus
1041 1598 1385 1668 producatur,
1411 1613 1516 1651 non
1543 1597 1652 1667 pari
1680 1612 1800 1667 gra-

207 1690 280 1745 du
311 1689 605 1761 procedunt
631 1689 930 1760 voluptates
959 1707 971 1742 :
1002 1689 1095 1744 sed
1133 1690 1313 1744 statim
1347 1699 1504 1759 atque
1532 1688 1801 1744 aﬂ‘ucruut

204 1783 535 1839 dilabuntur.
559 1781 756 1837 Verum
779 1797 874 1852 per
898 1797 983 1837 me
1010 1781 1155 1845 licet,
1180 1795 1318 1848 pone
1346 1781 1390 1834 si
1419 1781 1497 1834 vis
1526 1789 1576 1834 te
1603 1788 1678 1833 tot
1704 1795 1798 1858 an-

205 1890 307 1929 nos
336 1874 597 1929 victurum
637 1888 785 1938 esse,
824 1887 923 1928 nec
953 1872 1114 1926 ullam
1141 1871 1256 1926 fore
1285 1872 1336 1926 in
1367 1872 1524 1926 rebus
1551 1871 1652 1925 tuis
1678 1887 1797 1924 mu-

207 1968 463 2022 tationem
501 1985 514 2022 :
545 1966 672 2037 quid
715 1967 816 2020 hoc
841 1974 923 2021 est
947 1965 1013 2020 ad
1045 1965 1246 2019 inﬁnita
1292 1965 1515 2030 szeeula,
1544 1964 1669 2035 quid
1698 1963 1801 2018 hoc

203 2061 274 2115 ad
321 2061 548 2116 acerbos
592 2060 714 2115 illos
773 2067 827 2114 et
885 2059 1248 2114 intolerabiles
1282 2059 1299 2088 ¹
1348 2058 1650 2113 cruciatus?
1705 2057 1800 2112 llic

201 2154 351 2208 enim
381 2164 487 2206 tam
519 2153 680 2217 bona,
712 2167 868 2222 quam
901 2151 1035 2205 mala
1065 2150 1221 2205 ﬁnem
1251 2149 1471 2216 habent,
1506 2150 1797 2220 etquidem

201 2244 588 2308 celerrimum;
623 2243 731 2298 illic
764 2259 891 2297 vero
920 2253 1141 2311 utraque
1175 2241 1563 2296 immortalibus
1591 2241 1800 2294 saeculis

201 2346 488 2408 aequantur
518 2355 530 2388 :
562 2351 663 2391 nec
692 2335 794 2391 dici
833 2344 1007 2406 potest
1031 2343 1286 2404 quantum
1324 2333 1575 2389 diﬂ‘erant
1599 2348 1629 2387 a
1661 2349 1797 2404 pra:-

200 2429 468 2484 sentibus.

278 2519 368 2575 {0.
416 2518 561 2590 Ignis
608 2519 794 2589 inferni
831 2535 932 2572 non
962 2518 1076 2571 huic
1102 2517 1208 2588 igni
1250 2518 1447 2572 similis.
1487 2547 1560 2556 ——-
1587 2516 1797 2572 Etenim

201 2627 328 2665 cum
354 2610 528 2682 ignem
558 2610 730 2676 audis,
759 2625 888 2664 cave
918 2619 1071 2675 putes
1097 2625 1214 2664 esse
1242 2609 1365 2663 huic
1393 2609 1499 2679 igni
1527 2608 1755 2662 similem
1782 2625 1795 2660 :

204 2705 297 2758 hic
318 2704 461 2758 enim
506 2703 760 2774 quidquid
793 2702 1034 2772 corripit,
1067 2703 1288 2757 devorat
1333 2712 1384 2756 et
1415 2701 1678 2766 absumit;
1712 2701 1799 2755 ille

203 2812 337 2851 vero
365 2811 500 2866 quos
522 2796 692 2851 semel
711 2796 1084 2866 apprehendit,
1112 2806 1366 2865 perpetuo
1393 2795 1676 2860 comburit,
1703 2808 1800 2848 nec

203 2905 444 2960 unquam
473 2889 719 2954 desistit;
754 2889 980 2959 ideoque
1006 2889 1442 2958 incxstinguibilis
1469 2889 1680 2943 dicitur.
1711 2890 1796 2942 Si-

206 2981 425 3051 quidem
465 2981 624 3035 etiam
669 2992 977 3051 peccatores
1003 2990 1211 3050 oportet
1238 2980 1457 3035 induere
1483 2981 1799 3034 immortali-

209 3082 396 3135 tatem,
427 3087 532 3127 non
565 3071 630 3125 ad
674 3073 954 3138 honorem,
984 3071 1078 3126 sed
1110 3080 1166 3125 ut
1194 3079 1507 3141 perpetuum
1541 3071 1610 3124 sit
1659 3071 1801 3126 illius

205 3164 456 3234 supplicii
506 3163 796 3217 viaticum:
832 3163 884 3218 id
939 3177 1066 3217 vero
1112 3177 1271 3233 quam
1317 3163 1389 3215 sit
1432 3162 1754 3215 horrendum
1783 3203 1797 3226 ,

207 3256 358 3308 nullo
378 3264 819 3325 umquam-potest
835 3269 1080 3309 sermone
1101 3254 1386 3317 declarari;
1404 3254 1498 3307 sed
1516 3270 1542 3305 a
1558 3253 1803 3308 minima-

205 3362 329 3400 rum
361 3361 537 3399 rerum
565 3347 930 3414 experimento
954 3355 1164 3400 tenuem
1187 3361 1495 3414 magnarum
1523 3359 1802 3413 possumus

203 3437 577 3506 conjecturam
624 3451 835 3506 capere.
867 3438 920 3490 Si
950 3436 1164 3506 quando
1196 3435 1361 3491 fueris
1393 3438 1442 3490 in
1481 3437 1674 3492 balneo
1719 3437 1802 3490 ni-

205 3529 378 3582 mium
429 3527 830 3591 eﬂervcsccntc,
866 3539 989 3583 tunc
1032 3527 1100 3582 de
1149 3527 1390 3597 gelienna
1423 3529 1556 3597 ignis
1585 3529 1754 3598 cogita
1787 3546 1799 3582 :

205 3629 262 3674 et
291 3619 338 3673 si
368 3619 583 3688 quando
611 3619 804 3673 acriori
847 3619 996 3674 febre
1021 3620 1240 3685 arseris,
1267 3619 1333 3674 ad
1363 3619 1630 3673 ﬂammam
1660 3620 1801 3674 illam

208 3720 452 3766 mentem
485 3709 746 3766 traducito
770 3729 784 3778 ;
816 3721 874 3766 et
894 3722 1018 3765 tunc
1045 3712 1242 3781 poteris
1267 3713 1430 3781 probe
1455 3712 1802 3782 distinguere.

211 3801 350 3857 Nam
383 3801 432 3855 si
462 3801 709 3856 balneum
741 3811 797 3857 et
839 3803 999 3857 febris
1030 3817 1128 3857 nos
1155 3801 1288 3856 adeo
1332 3805 1569 3857 cruciant
1597 3813 1651 3857 et
1676 3819 1807 3856 con-

213 3896 478 3959 turbant,
525 3909 646 3949 cum
719 3895 775 3949 in
821 3893 1038 3950 ﬂuvium
1091 3897 1226 3965 ignis
1271 3896 1416 3949 illum
1466 3896 1807 3951 inciderimus

211 3985 491 4049 ﬂuentem,
529 3996 658 4040 ante
686 3985 1011 4041 horrendum
1061 3986 1188 4040 illud
1221 3986 1469 4049 tribunal,
1498 4001 1604 4056 quo
1629 3987 1806 4041 animo

209 4078 376 4132 futuri
441 4092 628 4132 sumus
669 4077 901 4151 ?‘Saue
970 4078 1219 4134 dentibus
1287 4078 1630 4133 stridebimus
1707 4093 1803 4147 op-

214 4170 386 4238 pressi
421 4169 691 4224 laboribus
715 4178 770 4225 et
799 4170 1146 4225 intolerandis
1185 4170 1528 4236 cruciatibus,
1569 4178 1624 4223 et
1651 4186 1808 4224 nemo

211 4260 491 4328 suppetias
521 4257 694 4318 feret;
726 4261 820 4315 sed
862 4261 1269 4331 ingemisccmus
1311 4261 1562 4331 graviter,
1596 4260 1806 4316 ﬂamma

214 4349 373 4404 nobis
437 4349 806 4406 vehementius
867 4352 1130 4417 instante;
1191 4353 1458 4406 neminem
1511 4351 1808 4406 videbimus

215 4449 418 4509 printer
440 4442 769 4498 cruciatuum
799 4451 1098 4511 consortes,
1130 4451 1185 4498 et
1229 4443 1512 4498 immanem
1561 4443 1806 4499 solitudi-

218 4550 364 4590 nem.

290 4623 637 4697 Infcruaiium
657 4641 918 4696 pinnarum:
939 4626 1226 4694 descriptio.
1249 4655 1318 4666 —-
1335 4625 1464 4692 Quis
1479 4626 1810 4680 enarraverit

220 4729 458 4774 terrores
503 4734 533 4775 a
583 4719 820 4775 tenebris
877 4719 984 4774 illis
1041 4720 1271 4788 injectus
1328 4719 1518 4772 animis
1568 4721 1810 4774 nostris?

216 4809 690 4877 Quemadmodum
719 4809 863 4864 enim
917 4810 1051 4879 ignis
1098 4809 1187 4864 ille
1235 4823 1338 4862 non
1387 4811 1684 4875 consumit,
1739 4811 1807 4864 ita

218 4917 394 4970 neque
423 4902 568 4956 lucet
594 4918 608 4955 :
636 4901 868 4972 alioquin
896 4915 1005 4957 non
1033 4911 1216 4957 essent
1243 4901 1495 4958 tenebrae.
1527 4901 1812 4958 Perturba-

217 4995 420 5048 tioncm
453 4995 634 5064 itaque
661 4994 816 5050 nobis
841 4995 1151 5060 immissam,
1193 5004 1500 5062 tremorem,
1530 4996 1810 5050 resolutio-

217 5112 380 5160 nem,
425 5105 743 5163 stuporem,
792 5094 922 5150 illud
977 5095 1149 5150 solum
1197 5103 1406 5165 tempus
1470 5094 1744 5150 declarare
1789 5095 1808 5124 ⁸

216 5195 417 5256 potest.
453 5186 615 5241 Multa
642 5187 837 5257 quippe
867 5187 973 5241 illic
1001 5187 1253 5255 variaque
1292 5195 1573 5250 tormenta,
1607 5185 1782 5241 crucia

217 5285 477 5347 tuumque
506 5279 694 5347 ingens
721 5279 953 5348 procella
1002 5278 1237 5348 undique
1279 5277 1581 5332 immittitur
1611 5279 1666 5332 in
1690 5279 1806 5333 ani-

215 5383 382 5424 mam.
424 5369 579 5437 Quod
630 5371 675 5425 si
719 5371 840 5442 quis
883 5371 1077 5426 dixerit
1109 5390 1122 5426 :
1154 5371 1433 5438 Quomodo
1475 5380 1673 5425 tantam
1705 5373 1809 5430 vim

218 5461 550 5515 cruciatuum
582 5461 722 5517 ferre
762 5463 928 5532 possit
956 5463 1154 5530 anima,
1187 5471 1242 5517 et
1267 5460 1487 5516 inﬁnitis
1516 5461 1727 5516 saeculis
1758 5463 1810 5516 in

286 5684 306 5751 ξ
337 5693 548 5751 matnor
586 5692 692 5751 Mss.
735 5686 934 5746 habent,
957 5691 1197 5751 infandos.

283 5745 306 5775 ¹
337 5748 474 5797 Savil.
512 5754 565 5798 et
596 5747 726 5798 ϐου).
756 5762 880 5799 unus
908 5745 1106 5812 habent,
1145 5749 1400 5811 perspicue
1423 5750 1697 5803 declarare.

1355 289 1442 342 AD
1482 283 1901 360 TlllﬂODOBllM
1943 286 2234 342 L.\l’SUM.
2279 289 2318 342 Ι.

3385 297 3490 352 290

1907 403 2165 473 supplicio
2209 405 2547 472 perdurare?
2576 408 2620 461 is
2668 409 2862 478 cogitet
2903 424 2964 463 ea
3013 426 3129 478 qum
3160 410 3212 464 in
3261 413 3356 466 hac
3387 414 3486 468 vita

1904 501 2249 563 contingunt,
2281 497 2546 564 quomodo
2581 499 2784 553 scilicet
2827 500 2975 553 multi
3021 501 3326 556 diuturnum
3369 520 3488 574 gra-

1904 599 2129 654 vemque
2160 586 2402 641 morbum
2449 589 2807 644 toleraverant.
2843 592 2900 645 Si
2930 601 3106 646 autem
3135 603 3360 648 mortem
3387 596 3485 648 ob-

1905 673 2083 737 ierint,
2113 675 2163 730 id
2194 677 2385 732 accidit
2427 694 2531 733 non
2558 681 2700 750 quod
2729 681 2903 734 anima
2933 693 3244 753 consumpta
3275 687 3362 750 sit,
3391 685 3484 740 sed

1902 770 2040 837 (μού
2085 785 2278 841 corpus
2319 772 2612 838 defecerit;
2644 774 2689 828 si
2721 790 2826 830 non
2868 777 3117 831 cessisset
3147 777 3296 845 illud,
3329 795 3487 834 num-

1903 879 2058 933 quam
2089 866 2264 918 anima
2294 865 2519 920 cruciari
2548 866 2813 922 desiisset.
2846 867 3020 934 Quare
3052 878 3327 940 postquam
3364 887 3484 926 cor-

1903 970 2001 1024 pus
2030 956 2131 1010 hoc
2156 957 2553 1026 iucorruptibilc
2581 968 2633 1012 et
2659 959 3021 1015 indissolubile
3043 964 3328 1030 acceperit,
3354 964 3486 1019 nihil

1903 1048 2150 1116 impediet
2200 1050 2483 1119 quominus
2534 1065 2690 1119 pcena
2734 1053 2788 1105 in
2818 1059 3076 1107 :rtcrnum
3122 1054 3480 1122 protrahatur.

1904 1139 1999 1193 llic
2029 1148 2203 1194 autem
2252 1155 2356 1194 non
2413 1149 2584 1210 potest
2616 1151 2896 1210 utrumque
2923 1143 3079 1196 simul
3123 1145 3433 1214 contingere
3465 1187 3481 1211 ,

1901 1233 2237 1288 vehementia
2300 1249 2489 1302 nempe
2562 1236 2804 1304 supplicii
2871 1245 2926 1291 et
2991 1235 3308 1292 diuturnitas
3348 1239 3486 1293 :sed

1902 1325 2128 1380 alterum
2168 1340 2286 1381 cum
2315 1327 2484 1381 altero
2512 1336 2729 1397 pugnat,
2761 1343 2826 1382 eo
2855 1329 2996 1398 quod
3037 1332 3276 1399 corporis
3303 1341 3486 1386 natura

1903 1418 2226 1486 corruptioni
2281 1418 2509 1473 obnoxia
2557 1434 2737 1474 earum
2795 1436 3111 1476 concursum
3159 1439 3262 1477 non
3308 1424 3484 1478 ierat:

1904 1506 2298 1563 immortalitate
2319 1517 2495 1565 autem
2527 1510 2864 1578 succedente,
2894 1513 3130 1568 solvetur
3150 1515 3262 1568 haec
3288 1531 3478 1585 pugna,

1901 1605 1957 1652 et
2001 1613 2192 1668 magna
2240 1615 2360 1653 cum
2407 1600 2658 1655 violentia
2707 1602 2757 1655 in
2807 1613 3064 1657 aeternum
3113 1621 3209 1658 nos
3263 1614 3484 1675 utraque

1903 1691 2042 1746 mala
2084 1692 2356 1746 tenebunt.
2401 1692 2479 1748 Ne
2525 1693 2718 1764 itaque,
2771 1709 2831 1749 ac
2875 1695 2918 1749 si
2966 1696 3292 1750 crueiatuum
3325 1698 3484 1752 vehe-

1904 1782 2101 1836 mentia
2125 1783 2357 1837 animam
2389 1795 2622 1838 nostram
2661 1787 2900 1840 consumi
2937 1797 3200 1856 oporteat,
3230 1804 3294 1843 eo
3326 1790 3486 1844 modo

1903 1889 2045 1929 nunc
2070 1875 2241 1929 aﬂ'ecti
2276 1877 2443 1930 simus
2473 1895 2486 1929 :
2514 1892 2688 1947 neque
2717 1879 2856 1932 enim
2880 1895 3071 1948 corpus
3096 1889 3221 1935 tunc
3241 1885 3481 1937 consumi

1905 1965 2097 2032 poterit
2122 1976 2180 2018 ut
2207 1966 2258 2019 in
2305 1969 2586 2036 prtesenti;
2620 1968 2714 2024 sed
2759 1985 2880 2024 cum
2926 1972 3098 2024 anima
3131 1983 3386 2027 a:tcrnum
3430 1975 3480 2027 iu

1903 2055 2174 2124 suppliciis
2205 2057 2463 2124 manebit,
2511 2074 2610 2114 nec
2638 2049 2758 2114 ﬁnis
2785 2061 2920 2114 ullus
2951 2061 3069 2115 erit.
3121 2062 3355 2128 Quantas
3385 2065 3484 2134 igi-

1906 2154 1990 2200 tur
2031 2147 2248 2204 delicias
2293 2159 2346 2204 et
2374 2159 2627 2218 quantum
2681 2154 2935 2222 temporis
2967 2153 3070 2208 illis
3099 2156 3372 2224 suppliciis
3403 2158 3480 2209 vis

1903 2243 2200 2310 comparari
2224 2243 2246 2294 ?
2272 2243 2420 2298 visne
2447 2255 2658 2299 centum
2691 2260 2879 2310 annos,
2912 2257 3002 2300 aut
3025 2247 3186 2318 duplo
3217 2249 3484 2317 amplius?

1902 2329 2036 2396 Quid
2071 2331 2170 2386 hoc
2207 2333 2311 2387 erit
2337 2334 2380 2387 si
2427 2345 2765 2403 comparetur
2801 2351 2921 2390 eum
2973 2338 3182 2391 saeculis
3216 2339 3484 2392 inlinitis?

1901 2421 2052 2490 Quod
2093 2424 2234 2477 enim
2265 2435 2344 2479 est
2387 2427 2652 2480 somnium
2682 2427 2836 2481 unius
2865 2428 2968 2482 diei
3017 2429 3083 2482 ad
3129 2439 3290 2484 totam
3321 2432 3480 2484 vitam

1902 2517 2174 2583 collatum,
2205 2517 2254 2571 id
2285 2519 2454 2587 ipsum
2483 2527 2565 2573 est
2607 2535 2781 2574 rerum
2816 2522 3152 2590 praesentium
3184 2537 3364 2589 usura,
3399 2523 3483 2576 fu-

1905 2616 2142 2664 turorum
2171 2611 2330 2664 statui
2351 2623 2678 2680 comparata.
2710 2612 2844 2666 Num
2865 2613 3056 2681 aliquis
3082 2623 3184 2679 est,
3211 2615 3298 2683 qui
3322 2629 3484 2670 suave

1903 2703 2168 2757 somnium
2215 2712 2380 2770 optet,
2433 2719 2492 2757 ca
2537 2703 2840 2758 conditione
2871 2715 2930 2757 ut
2975 2720 3066 2773 per
3112 2716 3272 2758 totam
3323 2708 3482 2760 vitam

1901 2795 2207 2850 crucietur?
2237 2797 2417 2864 ecquis
2461 2798 2528 2849 ita
2560 2797 2753 2851 stultus
2796 2807 2896 2860 est,
2931 2807 2987 2850 ut
3016 2797 3081 2851 ad
3129 2799 3286 2852 talem
3328 2802 3486 2853 retri-

1904 2885 2175 2941 butionem
2217 2888 2471 2942 accedat?
2503 2888 2767 2943 Nihildum
2795 2888 2968 2941 dicam
2997 2898 3180 2942 contra
3226 2889 3442 2944 delicias
3466 2931 3481 2955 ,

1907 2991 2002 3031 nec
2047 2988 2240 3046 quanta
2289 2979 2395 3031 illic
2428 2979 2662 3033 resideat
2703 2981 3010 3038 amaritudo,
3035 2996 3173 3034 nunc
3200 2983 3433 3050 aperiam

1905 3082 2078 3136 neque
2097 3068 2238 3122 enim
2252 3068 2358 3135 jam
2379 3079 2582 3136 tempus
2600 3079 2681 3124 est
2696 3070 3222 3137 hzrccnarrandi,scd
3241 3087 3357 3124 eum
3376 3075 3485 3140 pri-

1907 3174 2049 3211 nnnu
2079 3173 2170 3211 eas
2197 3159 2429 3228 elfugere
2459 3159 2715 3228 potueris.
2748 3159 2898 3214 Nunc
2922 3160 3117 3214 etenim
3149 3163 3270 3229 quia
3298 3163 3486 3216 morbo

1907 3250 1999 3303 illo
2041 3250 2317 3314 detineris,
2367 3251 2551 3319 nugari
2602 3251 2694 3304 tibi
2743 3252 3034 3314 vidi-amur,
3082 3253 3125 3304 si
3157 3251 3483 3322 voluptatem

1906 3356 2140 3395 amaram
2183 3345 2420 3397 dicamus
2452 3363 2465 3398 :
2493 3359 2612 3396 cum
2653 3355 2830 3398 autem
2881 3360 2975 3412 per
3022 3345 3116 3400 Dei
3162 3347 3385 3414 gratiam
3419 3349 3486 3402 ab

1907 3432 2219 3502 aegritudine
2249 3434 2498 3489 liberatus
2520 3434 2700 3498 literis,
2733 3444 2858 3489 tunc
2881 3437 2996 3506 ejus
3019 3437 3285 3491 miseriam
3319 3439 3486 3506 probe

1907 3539 2214 3594 cognosces.
2244 3526 2420 3593 Quare
2462 3527 2600 3580 iisin
2631 3527 2786 3580 aliam
2833 3529 3281 3595 Opportunitatem
3316 3539 3486 3582 trans-

1909 3617 2106 3680 missis,
2159 3618 2259 3672 hoc
2303 3634 2442 3674 inme
2485 3618 2742 3674 dicemus.
2795 3619 3061 3674 Ponamus
3110 3620 3325 3674 delicias
3367 3637 3489 3676 esse

1909 3723 2032 3762 vere
2061 3708 2298 3772 delicias,
2343 3721 2397 3763 et
2439 3710 2758 3778 voluptatem
2790 3726 2914 3764 vere
2953 3712 3298 3780 voluptatem,
3332 3711 3464 3767 nihil

1909 3816 2014 3870 quc
2042 3801 2240 3856 habere
2282 3803 2544 3872 ingratum
2577 3804 2656 3857 vel
2681 3803 2944 3872 vituperio
2968 3804 3182 3873 dignum
3213 3821 3226 3857 :
3259 3804 3382 3874 quid
3421 3804 3490 3859 de

1911 3893 2170 3961 supplicio
2215 3893 2480 3948 destinato
2524 3896 2804 3949 dicemus?
2831 3895 2957 3964 quid
3004 3911 3128 3948 vero
3162 3907 3284 3948 tunc
3325 3896 3488 3950 facie-

1911 4001 2051 4051 mus,
2077 3990 2166 4055 qui
2197 3989 2247 4040 in
2275 3988 2520 4057 pra-senti
2551 3988 2653 4040 vita
2698 3987 2779 4041 his
2806 3987 2956 4055 quasi
2985 3987 3036 4040 in
3069 3986 3253 4040 umbra
3279 3996 3332 4039 ct
3361 3987 3464 4038 ima

1911 4078 2032 4148 gine
2090 4081 2236 4146 potiti
2283 4097 2498 4146 sumus,
2542 4097 2600 4134 re
2649 4090 2822 4134 autem
2876 4081 2987 4147 ipsa
3030 4080 3135 4133 illic
3177 4089 3431 4133 attcrnum
3467 4081 3485 4113 ⁸

1912 4169 2229 4238 supplicium
2280 4171 2484 4224 luemus
2513 4189 2525 4224 :
2560 4171 2716 4240 idque
2756 4185 2875 4225 Cum
2908 4169 3221 4224 brevissimo
3253 4181 3492 4238 tempore

1915 4259 2197 4329 prtedietos
2238 4261 2502 4314 cruciatus
2552 4260 2786 4329 cﬂ'ugere
2805 4301 2819 4324 ,
2849 4267 2904 4314 et
2933 4261 3162 4328 reposita
3211 4261 3345 4313 bona
3374 4260 3489 4312 adi-

1915 4353 2044 4423 pisci
2073 4351 2344 4406 licuisset?
2378 4352 2490 4405 lloc
2513 4362 2597 4406 est
2625 4353 2764 4406 enim
2793 4367 2930 4420 Opus
2949 4353 3242 4406 clementia:
3275 4352 3486 4416 divinzr,

1913 4445 2054 4515 quod
2079 4445 2233 4500 nobis
2275 4443 2562 4508 certamina
2590 4459 2695 4497 non
2723 4444 2774 4496 in
2805 4443 3017 4512 longum
3052 4453 3258 4510 tempus
3284 4453 3490 4511 protra-

1915 4538 2133 4604 hantur,
2160 4537 2254 4592 sed
2299 4550 2416 4590 cum
2445 4535 2588 4590 brevi
2621 4544 2673 4590 et
2699 4535 2752 4588 in
2784 4535 2893 4588 ictui
2920 4535 3055 4586 oculi
3098 4534 3491 4604 (momentanea

1913 4632 2058 4685 enim
2103 4638 2185 4683 est
2229 4641 2464 4698 pra-scus
2517 4625 2622 4681 vita
2667 4625 2742 4679 illi
2784 4621 3110 4693 comparata)
3141 4623 3493 4676 decertaveri-

1915 4736 2052 4786 mus,
2086 4719 2306 4774 inﬁnitis
2349 4719 2401 4773 in
2428 4719 2636 4772 smculis
2671 4731 3026 4780 coronemur;
3058 4715 3215 4783 idque
3246 4723 3370 4768 tunc
3394 4715 3494 4767 da-

1917 4821 2214 4867 mnatorum
2243 4812 2448 4866 animas
2477 4810 2821 4876 excruciabit,
2846 4807 3057 4878 quando
3080 4807 3384 4877 cogitabunt
3410 4822 3492 4874 se,

1913 4920 2036 4960 cum
2063 4913 2243 4974 posset
2271 4919 2367 4974 per
2405 4919 2604 4974 paucos
2648 4905 2777 4957 istos
2820 4902 2934 4957 dies
2962 4902 3136 4958 omnia
3167 4899 3451 4955 emendare
3479 4941 3495 4966 ,

1916 4999 2229 5068 negligentia
2258 5013 2384 5052 usos
2410 4996 2798 5051 immortalibus
2827 5009 2946 5048 sese
2993 4993 3146 5047 malis
3190 4991 3494 5046 tradidisse.

1917 5091 2066 5157 Quod
2091 5105 2156 5144 ne
2184 5091 2463 5158 patiamur,
2494 5101 2793 5158 surgamus,
2818 5085 2988 5139 donec
3021 5095 3226 5154 tempus
3250 5092 3496 5151 acceptas

1918 5182 2042 5246 bile,
2081 5180 2394 5235 donecdies
2436 5178 2622 5234 salutis
2667 5178 2838 5243 adest,
2870 5176 3040 5232 donec
3079 5177 3158 5228 vis
3185 5188 3371 5242 magna
3417 5182 3500 5227 est

1917 5277 2262 5348 pmnitentim.
2307 5274 2486 5344 Neque
2527 5273 2667 5326 enim
2714 5270 2964 5338 prmdicta
3011 5267 3184 5322 solum
3223 5267 3358 5320 mala
3401 5279 3498 5319 nos

1919 5373 2152 5443 segniter
2193 5378 2409 5438 agentes
2459 5367 2742 5435 excipient,
2792 5363 2900 5418 imo
2947 5371 3001 5416 ct
3043 5362 3145 5414 alia
3191 5360 3292 5414 illis
3331 5357 3499 5412 multo

1918 5465 2181 5534 graviora.
2211 5462 2336 5515 llaec
2363 5459 2504 5514 enim
2535 5465 2661 5513 sunt
2695 5471 2812 5526 qua:
2843 5456 2892 5508 in
2918 5454 3159 5524 gehenna
3204 5459 3455 5520 parantur
3480 5485 3496 5510 ,

1920 5563 1974 5609 et
2002 5554 2065 5608 iis
2091 5555 2246 5623 longe
2281 5550 2552 5606 acerbiora
2577 5567 2592 5603 :
2614 5563 2645 5602 a
2673 5547 2832 5602 tantis
2860 5556 3034 5599 autem
3061 5542 3321 5597 excidisse
3348 5539 3499 5593 bonis

1987 5747 2004 5780 ί
2039 5738 2198 5800 savil.,
2219 5744 2452 5790 aztcrnum
2470 5748 2487 5796 ;
2505 5745 2601 5784 vox
2618 5731 2761 5781 deest
2781 5731 2828 5778 in
2846 5732 3046 5786 quatuor
3071 5729 3169 5769 .uss.
3200 5728 3326 5774 quae.
