4088 6138
572 287 670 340 191

578 410 781 456 tantum
802 401 961 456 infert
982 401 1200 467 doloris,
1221 403 1543 468 afflictionis,
1569 405 1847 474 angustiae,
1868 414 1925 458 ut
1946 405 2151 459 etiamsi

579 493 779 546 nullum
809 493 949 546 aliud
993 502 1137 548 esset
1165 495 1478 566 supplicium
1523 495 1888 564 peccatoribus
1917 497 2154 551 destina-

583 593 726 648 tum,
775 582 900 636 illud
946 583 1116 636 solum
1160 595 1340 653 posset
1385 587 1679 655 graviorem
1731 587 1848 640 aliis
1897 585 2156 657 gehenna:

579 673 898 728 cruciatibus
946 673 1141 730 inferre
1199 691 1408 745 ptenam
1457 677 1754 747 animatque
1797 678 2155 747 perturbatio-

581 779 724 818 nem.

653 855 741 910 11.
797 853 1166 910 ίΕιεγηιευίιω
1185 857 1416 927 felicitas.
1440 885 1512 898 —~
1536 858 1724 913 Animo
1757 868 1926 914 tecum
1970 867 2156 929 reputa

583 947 706 1001 vitae
752 946 889 1000 illius
918 957 1113 1002 statum
1157 957 1208 1002 et
1237 950 1593 1004 conditionem
1614 991 1629 1016 ,
1661 961 1914 1020 quantum
1957 951 2159 1004 scilicet

584 1051 776 1105 capere
814 1045 964 1104 potes
990 1055 1004 1090 :
1028 1039 1274 1106 nam‘pro
1312 1040 1387 1092 rei
1428 1039 1682 1108 dignitate
1730 1039 1874 1092 nullo
1911 1053 2159 1094 sermone

586 1127 848 1181 declarari
877 1129 1022 1182 valet
1046 1147 1058 1182 :
1084 1129 1176 1182 sed
1199 1145 1261 1182 ex
1291 1130 1352 1183 iis
1381 1146 1499 1199 quae
1529 1130 1826 1184 audivimus
1845 1171 1858 1195 ,
1888 1130 2036 1200 quasi
2067 1144 2161 1198 per

586 1218 888 1287 aenigmata,
912 1218 1190 1273 obscuram
1220 1220 1500 1288 quamdam
1539 1221 1654 1290 ejus
1683 1221 1760 1275 rei
1802 1221 2158 1290 conjecturam

586 1312 856 1364 faciamus.
907 1311 1136 1382 Aufugit,
1185 1313 1372 1382 inquit,
1404 1313 1569 1378 dolor,
1618 1313 1816 1366 tristitia
1858 1323 1907 1367 et
1951 1312 2162 1382 gemitus

592 1403 747 1474 (Isai.
776 1405 864 1459 '55.
894 1402 1004 1476 40).
1033 1405 1166 1470 Quid
1207 1405 1365 1474 igitur
1408 1421 1469 1459 ea
1499 1406 1602 1459 vita
1639 1405 1844 1460 felicius
1885 1405 2003 1460 est?
2045 1403 2158 1458 Non

587 1503 671 1548 est
708 1495 778 1547 ibi
813 1493 1093 1548 metuenda
1149 1504 1430 1564 paupertas
1479 1504 1534 1551 et
1573 1496 1850 1565 wgritudo,
1888 1495 2065 1550 nullus
2090 1495 2161 1549 ibi

588 1584 751 1649 lmdit,
776 1583 952 1637 nullus
970 1583 1202 1651 lmditur,
1227 1584 1404 1639 nullus
1433 1585 1604 1638 irritat
1624 1601 1722 1640 nec
1753 1585 2006 1652 irritatur,
2039 1585 2162 1640 nul-

587 1673 674 1728 lus
702 1675 966 1737 irascitur,
994 1683 1085 1729 aut
1122 1675 1349 1739 invidet,
1379 1685 1468 1730 aut
1522 1677 1748 1731 absurda
1784 1678 2164 1748 concupiscen-

591 1765 658 1817 tia
703 1765 1016 1829 exardescit,
1074 1781 1232 1820 nemo
1283 1765 1350 1820 de
1395 1766 1812 1821 necessariorum
1865 1776 2164 1824 commeatu

589 1856 777 1910 anxius
818 1864 922 1921 est,
957 1870 1116 1910 nemo
1152 1871 1314 1926 super
1366 1859 1677 1927 magistratu
1729 1867 1820 1912 aut
1869 1858 2164 1929 principatu

589 1947 737 2001 dolet
763 1966 777 2002 :
801 1948 974 2002 omnis
994 1949 1138 2004 enim
1163 1947 1448 2005 affectuum
1479 1950 1709 2019 procella
1735 1951 1917 2006 sedata
1961 1951 2160 2007 exstin-

588 2039 785 2108 guitur,
815 2038 993 2094 omnia
1020 2039 1071 2094 in
1093 2053 1244 2110 pace,
1273 2039 1454 2094 laetitia
1489 2050 1544 2095 et
1565 2040 1756 2111 gaudio
1774 2081 1789 2106 ,
1813 2040 1990 2095 omnia
2020 2051 2167 2096 tran-

589 2131 750 2200 quilla
779 2140 834 2186 et
858 2146 1064 2196 serena,
1093 2132 1273 2186 omnia
1301 2131 1437 2196 dies,
1463 2132 1733 2201 Splendor,
1769 2132 1860 2186 lux
1892 2149 1906 2186 :
1933 2148 2038 2186 non
2074 2132 2166 2187 lux

594 2220 870 2289 hodierna,
907 2221 1002 2276 sed
1039 2221 1140 2277 alia
1171 2231 1317 2278 tanto
1343 2222 1444 2277 hac
1470 2222 1813 2293 splendidior,
1845 2234 2044 2294 quanto
2085 2224 2168 2279 lu-

591 2327 752 2367 cerna
768 2312 856 2367 lux
867 2311 997 2368 diei.
1019 2312 1173 2368 Nulla
1198 2313 1269 2368 ibi
1290 2322 1447 2369 nocte
1474 2330 1645 2383 neque
1666 2314 1884 2370 nubium
1905 2329 2166 2370 concursu

589 2403 928 2471 obscuratur;
953 2418 1052 2460 nec
1077 2403 1247 2472 ardet,
1275 2419 1374 2460 nec
1397 2419 1619 2476 corpora
1637 2405 1830 2461 adurit.
1847 2405 1998 2460 Nulla
2020 2407 2165 2461 enim

594 2511 722 2563 nox,
777 2511 950 2568 neque
994 2512 1219 2569 vespera
1263 2498 1356 2567 ibi,
1391 2513 1500 2553 non
1529 2499 1692 2570 frigus
1720 2515 1820 2556 nec
1840 2510 2032 2568 testus,
2059 2517 2166 2557 non

592 2586 692 2640 alia
720 2595 1095 2656 tempestatum
1122 2588 1382 2654 mutatio;
1422 2588 1514 2643 sed
1542 2589 1679 2644 alius
1713 2590 1864 2645 adest
1896 2598 2066 2646 status
2090 2598 2171 2645 ta-

595 2675 786 2746 lisque,
807 2677 1018 2746 qualem
1041 2677 1078 2732 ii
1103 2677 1273 2732 solum
1294 2677 1606 2748 intelligent,
1624 2680 1712 2750 qui
1732 2678 1908 2750 adepti
1933 2679 2165 2748 fuerint;

593 2781 700 2822 non
728 2765 834 2822 illic
873 2775 1154 2834 senectus,
1184 2783 1284 2824 nec
1333 2770 1622 2825 senectutis
1673 2771 2026 2838 incommoda,
2073 2771 2168 2827 sed

594 2859 792 2924 omnia,
817 2873 936 2929 quae
959 2860 1024 2914 ad
1045 2860 1436 2930 corruptionem
1461 2869 1733 2931 spectant,
1774 2861 1843 2916 de
1871 2861 2044 2917 medio
2068 2862 2169 2917 tol-

594 2947 795 3014 luntur,
823 2948 945 3019 quia
971 2949 1383 3020 incorruptibilis
1409 2951 1576 3021 gloria
1602 2951 1796 3022 ubique
1846 2951 2166 3006 dominatur.

593 3040 852 3112 Quodque
905 3041 1140 3097 omnium
1180 3043 1435 3112 optimum
1491 3053 1610 3110 est,
1667 3043 1859 3098 Christi
1905 3045 2171 3100 consortio

595 3133 836 3187 fruentur
861 3148 980 3188 cum
1007 3133 1228 3205 angelis,
1259 3149 1379 3189 cum
1401 3134 1752 3205 archangelis,
1776 3149 1894 3189 cum
1922 3134 2168 3204 superio-

595 3223 743 3280 ribus
767 3225 1136 3295 potestatibus.
1180 3224 1552 3295 Contemplare
1582 3240 1725 3280 nunc
1760 3226 1965 3290 caelum,
1985 3234 2040 3280 et
2083 3239 2167 3289 ea,

597 3331 719 3388 quas
759 3332 920 3388 super
955 3317 1115 3372 caelos
1149 3325 1293 3384 sunt,
1321 3316 1553 3388 cogitatu
1593 3315 1908 3373 transcende
1941 3331 1956 3369 :
1999 3315 2169 3386 cogita

596 3407 758 3463 totius
777 3416 1038 3463 creatura:
1077 3409 1602 3473 trausmutationem;
1635 3422 1740 3462 non
1766 3407 1907 3462 enim
1939 3414 1994 3460 ut
2031 3420 2172 3460 nunc

596 3500 941 3568 estmanebit,
953 3499 1048 3555 sed
1061 3502 1226 3556 multo
1237 3500 1512 3571 pulchrior
1525 3501 1625 3555 erit
1640 3508 1694 3555 et
1707 3500 1919 3567 clarior,
1937 3509 1993 3554 et
2005 3512 2174 3569 quan-

601 3612 711 3656 tum
740 3601 958 3672 plumbo
984 3601 1234 3671 fulgidius
1261 3610 1346 3656 est
1372 3614 1590 3666 aurum,
1622 3605 1823 3653 tantum
1864 3597 1964 3651 hac
1993 3611 2169 3651 rerum

599 3694 939 3764 praesentium
963 3693 1268 3748 conditione
1294 3672 1630 3762 praestantior
1655 3692 1754 3746 erit
1777 3690 1884 3756 illa,
1913 3687 2171 3760 quemad-

515 3835 517 3838 .
598 3784 814 3840 modum
839 3785 913 3839 ait
935 3785 1119 3840 beatus
1143 3783 1377 3838 Paulus:
1412 3782 1544 3850 Quia
1569 3790 1616 3835 et
1649 3781 1762 3851 ipsa
1797 3789 2027 3834 creatura
2053 3779 2176 3834 libe-

598 3875 792 3929 rabitur
843 3891 874 3928 a
918 3874 1152 3929 servitute
1201 3874 1534 3944 corruptionis
1591 3872 1763 3943 (Rom.
1791 3872 1846 3927 8.
1871 3871 1988 3942 2i).
2025 3871 2174 3926 Nunc

599 3966 764 4033 enim,
797 3973 976 4036 utpote
1025 3965 1380 4034 corruptionis
1416 3963 1700 4034 particeps,
1738 3962 1902 4017 multa
1955 3962 2171 4031 patitur,

601 4069 716 4127 qua:
741 4057 952 4127 corpori
991 4055 1344 4119 conveniunt;
1374 4064 1499 4109 tunc
1527 4067 1653 4108 vero
1679 4052 1761 4107 his
1786 4053 2033 4108 omnibus
2073 4067 2174 4107 ex-

605 4157 715 4214 uta,
745 4146 1205 4216 incorruptibilem
1233 4146 1388 4200 nobis
1432 4145 1684 4200 decorem
1710 4144 2000 4199 exhibebit.
2029 4141 2176 4210 Quo-

604 4239 745 4294 niam
776 4238 916 4294 enim
953 4246 1143 4292 natura
1173 4235 1592 4307 incorruptibilia
1629 4250 1851 4306 corpora
1895 4242 2175 4304 acceptura

603 4339 701 4395 est,
734 4329 846 4401 ipsa
875 4343 1088 4400 quoque
1129 4328 1342 4384 denmm
1398 4327 1450 4382 in
1502 4327 1692 4383 melius
1743 4325 2174 4382 commutabitur.

603 4423 756 4479 Nulla
784 4431 910 4477 tunc
935 4421 1037 4477 erit
1058 4420 1248 4477 seditio
1276 4427 1369 4475 aut
1396 4433 1567 4490 pugna
1598 4434 1612 4472 :
1643 4433 1830 4488 magna
1856 4417 2049 4488 quippe
2076 4415 2180 4470 erit

603 4516 655 4569 in
676 4515 841 4570 choro
863 4521 1168 4569 sanctorum
1193 4511 1496 4576 concordia,
1537 4511 1783 4566 omnibus
1803 4523 2014 4578 semper
2037 4508 2178 4562 inter

600 4621 659 4661 se
683 4604 1158 4661 consentientibus.
1180 4603 1297 4659 Non
1324 4603 1432 4658 illic
1469 4601 1714 4657 diabolus
1753 4598 2044 4665 timendus,
2071 4612 2176 4652 non

607 4698 909 4754 daemonum
950 4697 1178 4764 insidiae,
1215 4711 1322 4752 non
1365 4695 1624 4766 gehenna:
1671 4691 2029 4758 comminatio,
2075 4705 2182 4746 non

603 4803 768 4855 mors,
797 4804 968 4858 neque
994 4787 1228 4842 humana
1262 4787 1399 4852 haec,
1423 4801 1596 4857 neque
1630 4785 1718 4840 illa
1741 4784 1846 4839 alia
1877 4782 2046 4838 multo
2065 4798 2185 4854 gra-

603 4877 752 4942 vior;
782 4876 877 4930 sed
905 4877 1079 4931 omnis
1110 4876 1476 4945 hujuscemodi
1522 4886 1697 4930 metus
1724 4876 1931 4930 solutus
1963 4883 2068 4930 est.
2107 4875 2186 4930 Ac

603 4966 742 5020 sicut
763 4980 892 5035 puer
917 4966 1095 5035 regius
1117 5005 1132 5030 ,
1172 4964 1400 5033 primum
1441 4963 1668 5033 simplici
1707 4964 1866 5019 modo
1894 4964 2182 5032 educatur,

607 5057 886 5112 timoribus
911 5065 1068 5126 atque
1087 5055 1244 5110 minis
1264 5064 1560 5120 coercetur,
1591 5070 1660 5110 ne
1681 5070 1779 5124 per
1801 5055 2183 5124 indulgentiam

605 5147 756 5217 pejor
781 5145 990 5214 evadat,
1020 5161 1187 5216 seque
1205 5153 1423 5215 paterna
1452 5143 1726 5215 indignum
1745 5144 1934 5200 reddat
1961 5143 2189 5199 haeredi-

607 5247 746 5303 tate;
779 5245 1058 5307 postquam
1075 5245 1254 5291 autem
1281 5236 1478 5305 regiam
1500 5235 1806 5306 dignitatem
1836 5235 2060 5306 adeptus
2078 5244 2184 5301 est,

607 5327 691 5383 his
714 5327 961 5384 omnibus
980 5327 1260 5385 c0nfestim
1285 5327 1562 5399 depositis,
1592 5342 1822 5397 purpura
1852 5325 2185 5383 diademate-

608 5435 714 5490 que
738 5430 990 5488 ornatus,
1011 5437 1074 5476 ac
1111 5436 1398 5477 numeroso
1433 5421 1684 5477 satellitio
1711 5422 1936 5490 stipatus
1954 5463 1970 5487 ,
1997 5435 2185 5491 magna

610 5530 731 5570 cum
757 5515 1002 5572 libertate
1034 5515 1314 5586 praesidet,
1341 5514 1553 5586 abjecto
1584 5515 1654 5570 ab
1693 5514 1868 5569 anima
1917 5529 2012 5569 sua
2049 5523 2188 5568 statu

610 5608 703 5664 illo
732 5608 915 5664 humili
951 5616 1110 5679 atque
1152 5608 1406 5676 demisso,
1435 5607 1644 5677 aliaque
1683 5606 1964 5661 substitute
2008 5619 2187 5659 rerum

611 5699 914 5757 conditione
950 5717 964 5754 :
1009 5700 1080 5756 ita
1107 5709 1234 5757 tunc
1274 5700 1546 5772 continget
1575 5697 1772 5755 sanctis
1801 5697 2066 5756 omnibus.
2112 5695 2191 5752 Ne

1276 291 1332 346 S.
1367 290 1644 347 JOANNIS
1681 288 2144 345 CHRYSOSTOMI
2185 290 2492 349 .\RClllEi‘.
2534 291 3062 350 CONSTANTINOP.

3722 298 3822 356 29‘!

2265 417 2618 474 ptttesautem
2647 407 2759 462 hazc
2803 421 2901 462 ceu
2945 405 3171 476 quadam
3201 404 3488 460 verborum
3520 422 3696 476 pompa
3738 424 3812 478 jac

2259 499 2411 558 ctari,
2443 497 2508 551 ad
2535 508 2768 552 montem
2799 512 3079 568 pergamus
3099 497 3189 552 ubi
3213 495 3457 551 Christus
3485 498 3809 567 transfigura~

2262 598 2342 643 tus
2363 598 2442 644 est
2464 608 2476 643 :
2504 589 2923 660 contemplemur
2941 590 3087 644 illum
3108 588 3392 658 splendore
3411 602 3597 658 magno
3618 589 3811 660 fulgen.

2263 690 2367 734 tem
2393 721 2409 747 ,
2438 682 2557 735 licet
2578 691 2752 736 tamen
2783 682 2895 752 ipse
2921 696 3029 735 non
3058 690 3224 736 totum
3254 679 3415 733 futuri
3444 680 3620 734 saeculi
3648 682 3813 751 splen-

2262 773 2446 826 dorem
2475 771 2791 827 exhibuerit.
2813 772 2942 826 Nam
2959 772 3099 842 quod
3120 771 3553 840 attemperatione
3576 771 3814 842 quadam,

2263 877 2367 915 non
2394 870 2636 916 accurata
2655 876 2836 916 rerum
2865 861 3332 924 demonstratione,
3363 860 3477 914 talis
3504 864 3816 930 apparuerit.

2263 967 2327 1006 ex
2353 953 2480 1021 ipsis
2505 952 2843 1021 evangelistae
2871 951 3047 1006 verbis
3072 949 3390 1004 ostenditur.
3407 949 3542 1016 Quid
3566 951 3702 1005 enim
3720 950 3820 1004 ait?

2267 1043 2594 1113 Resplenduit
2620 1044 2750 1098 sicut
2773 1044 2849 1097 sol
2883 1041 3093 1113 (Matth.
3123 1042 3210 1096 17.
3241 1040 3319 1111 2).
3352 1040 3819 1110 lncorruptibilinm

2263 1143 2441 1189 autem
2473 1149 2756 1204 corporum
2780 1133 2942 1202 gloria
2989 1147 3094 1186 non
3149 1139 3348 1184 tantam
3400 1129 3592 1183 emittit
3633 1129 3819 1191 lucem,

2263 1235 2510 1295 quantam
2557 1239 2749 1294 corpus
2795 1223 2898 1277 hoc
2944 1221 3303 1290 corruptibile,
3328 1235 3502 1289 neque
3529 1219 3683 1274 talem
3717 1225 3822 1274 uta

2264 1315 2576 1370 mortalibus
2602 1314 2770 1369 oculis
2803 1312 2970 1368 videri
2997 1313 3199 1382 possit;
3230 1310 3323 1366 sed
3347 1309 3825 1380 incorruptibilibus

2265 1415 2320 1462 et
2339 1405 2722 1461 immortalibus
2749 1403 2916 1460 oculis
2962 1413 3043 1459 est
3088 1416 3221 1472 opus
3257 1401 3321 1456 ad
3352 1403 3472 1471 ejus
3515 1398 3826 1469 contempla-

2267 1498 2487 1553 tionem.
2521 1497 2576 1552 ln
2605 1505 2785 1552 monte
2814 1505 2988 1550 autem
3018 1504 3214 1551 tantam
3246 1494 3374 1564 ipsis
3404 1492 3643 1562 aperuit,
3670 1508 3826 1564 quan-

2270 1601 2378 1646 tam
2429 1592 2544 1646 sine
2592 1591 2864 1646 oculorum
2917 1590 3135 1644 laesione
3178 1587 3315 1643 ferre
3355 1599 3602 1657 poterant
3630 1601 3826 1657 :neque

2268 1695 2444 1742 tamen
2475 1684 2740 1739 sustinere
2763 1690 3066 1753 potuerunt,
3096 1680 3191 1736 sed
3219 1681 3530 1735 ceciderunt
3569 1679 3620 1732 in
3651 1677 3827 1733 faciem

2268 1790 2416 1830 suam
2433 1775 2473 1826 ί.
2493 1773 2586 1828 Dic
2610 1773 2757 1838 mihi,
2776 1785 2976 1842 quasso,
3001 1772 3047 1827 si
3065 1771 3179 1841 quis
3207 1779 3256 1825 te
3289 1770 3340 1824 in
3359 1771 3538 1824 locum
3560 1767 3827 1838 quemdam

2268 1863 2601 1936 splendidum
2632 1864 2652 1894 ²
2675 1862 2985 1927 induceret,
3011 1861 3101 1916 ubi
3149 1875 3334 1916 omnes
3375 1859 3628 1914 sederent
3667 1857 3830 1912 aureis

2270 1955 2441 2010 induti
2471 1955 2725 2022 vestibus,
2759 1963 2814 2009 et
2838 1954 2890 2008 in
2917 1953 3092 2008 medio
3133 1959 3275 2007 cmtu
3311 1950 3480 2004 alium
3515 1947 3829 2009 ostenderet,

2269 2048 2356 2118 qui
2381 2057 2436 2102 et
2455 2055 2654 2103 vestem
2682 2054 2735 2102 et
2758 2046 2946 2115 capitis
2975 2059 3227 2099 coronam
3250 2042 3474 2096 haberet
3496 2056 3562 2097 ex
3586 2039 3833 2109 lapidibus

2272 2147 2475 2192 tantum
2499 2137 2744 2208 pretiosis
2785 2145 3108 2205 compaCIas,
3155 2133 3454 2202 deindeque
3507 2131 3837 2201 polliceretur

2273 2238 2324 2283 te
2363 2229 2414 2282 in
2444 2243 2720 2282 numerum
2748 2226 2906 2296 hujus
2937 2224 3118 2295 populi
3151 2222 3549 2293 adscripturum
3576 2236 3727 2284 esse;
3757 2235 3841 2272 an-

2272 2333 2376 2373 non
2397 2317 2602 2388 quidvis
2628 2317 2850 2384 faceres,
2878 2325 2934 2370 ut
2949 2316 3054 2370 tale
3074 2314 3395 2384 promissum
3413 2309 3845 2382 consequerere?

2270 2411 2430 2482 Aperi
2459 2425 2596 2466 nunc
2623 2409 2825 2476 oculos,
2856 2417 2910 2464 et
2927 2407 3054 2462 illud
3079 2408 3284 2476 respice
3305 2405 3601 2471 theatrum,
3629 2418 3731 2457 non
3753 2400 3843 2454 hu-

2267 2502 2503 2571 jusmodi
2532 2501 2658 2556 viris
2681 2499 3108 2570 frequentatum,
3140 2496 3234 2552 sed
3265 2497 3356 2561 iis,
3381 2497 3482 2566 qui
3529 2503 3584 2550 et
3610 2509 3769 2559 auro,
3798 2499 3846 2544 et

2273 2595 2534 2664 lapidibus
2573 2593 2840 2664 pretiosis,
2871 2601 2926 2647 et
2964 2590 3127 2646 radiis
3153 2589 3432 2654 solaribus,
3469 2597 3530 2644 et
3572 2585 3714 2642 omni
3762 2584 3844 2654 qui

2272 2688 2371 2744 sub
2391 2693 2660 2756 aspectum
2685 2683 2826 2739 cadit
2861 2682 3145 2754 Splendore
3162 2723 3176 2747 ,
3205 2681 3359 2750 longe
3382 2679 3662 2750 digniores
3696 2685 3844 2732 sunt:

2272 2794 2378 2835 non
2404 2776 2705 2834 hominibus
2727 2774 2907 2838 modo,
2939 2773 3034 2829 sed
3064 2773 3220 2828 etiam
3250 2771 3315 2827 iis
3333 2771 3422 2842 qui
3443 2770 3694 2826 homines
3722 2767 3850 2821 mul-

2274 2880 2328 2925 to
2373 2869 2544 2940 spatio
2585 2866 2926 2930 antecellunt,
2973 2863 3175 2933 angelis
3220 2876 3432 2932 nempe,
3499 2855 3846 2928 archangelis,

2275 2961 2499 3027 thronis,
2527 2958 2997 3023 dominationibus,
3036 2953 3441 3027 principatibus,
3477 2949 3846 3024 potestatibus.

2277 3051 2357 3106 De
2382 3065 2509 3121 rege
2539 3063 2800 3116 namque,
2827 3047 2998 3117 qualis
3026 3046 3096 3100 sit
3120 3059 3188 3099 ne
3215 3042 3393 3098 dicere
3417 3042 3636 3112 quidem
3666 3053 3849 3110 possu-

2277 3155 2424 3206 mus;
2452 3140 2586 3196 adeo
2607 3152 2905 3195 sermonem
2937 3146 2993 3194 et
3017 3143 3249 3192 mentem
3271 3148 3489 3189 omnem
3514 3129 3849 3198 exeeditejus

2280 3232 2639 3304 pulchritudo,
2671 3230 2898 3302 species,
2927 3228 3199 3300 splendor,
3222 3227 3414 3298 gloria,
3446 3224 3723 3295 majestas,
3743 3237 3850 3275 ma-

2275 3323 2597 3395 gnificentia.
2633 3322 2806 3377 Totne
2834 3321 2855 3353 ³
2897 3319 3073 3386 bonis,
3107 3318 3192 3374 dic
3215 3317 3366 3384 mihi,
3388 3329 3486 3370 nos
3503 3312 3849 3384 privabimus,

2277 3424 2336 3470 ut
2359 3415 2686 3471 declinemus
2713 3412 2886 3482 exigui
2911 3410 3163 3482 temporis
3193 3407 3464 3465 laborem?
3488 3405 3626 3460 Nam
3670 3404 3713 3458 si
3741 3402 3854 3456 mil-

2276 3507 2374 3561 lies
2396 3505 2632 3576 quotidie
2652 3502 2984 3557 moriendum
3014 3511 3177 3568 esset,
3203 3501 3248 3556 si
3280 3500 3525 3571 gehenna
3552 3498 3668 3567 ipsa
3699 3493 3858 3548 susti-

2277 3598 2450 3653 nenda
2472 3597 2628 3661 foret,
2653 3605 2710 3650 ut
2729 3595 2996 3650 Christum
3023 3596 3074 3649 in
3096 3593 3260 3664 gloria
3285 3607 3380 3647 sua
3396 3591 3707 3646 venientem
3732 3603 3860 3641 cnu-

2276 3688 2633 3758 spiceremus,
2683 3695 2737 3741 et
2781 3693 3086 3741 sanctorum
3137 3683 3303 3736 choro
3341 3692 3862 3736 annumeraremur,

2278 3795 2456 3836 nonne
2505 3779 2684 3835 omnia
2731 3778 2820 3832 illa
2872 3775 3088 3831 ferenda
3131 3772 3345 3829 essent?
3365 3768 3504 3826 Audi
3534 3767 3666 3836 quid
3723 3767 3869 3820 dicat

2278 3874 2464 3928 beatus
2485 3871 2670 3928 Petrus
2697 3887 2712 3924 :
2739 3869 2934 3924 Bonum
2952 3876 3025 3923 est
3050 3883 3140 3920 nos
3170 3865 3250 3918 hic
3278 3879 3382 3918 esse
3413 3858 3632 3932 (Matth.
3661 3859 3753 3912 i7.
3788 3859 3867 3923 4).

2280 3963 2433 4033 Quod
2458 3963 2505 4018 si
2546 3961 2637 4017 ille
2675 3961 2898 4017 obscura
2949 3957 3178 4029 quadam
3221 3960 3506 4022 conspecta
3557 3947 3867 4004 futurorum

2282 4055 2531 4126 imagine,
2554 4053 2728 4109 omnia
2755 4052 2932 4106 statim
2960 4048 3145 4120 rejecit
3163 4047 3230 4100 ab
3248 4045 3446 4109 animo,
3473 4039 3546 4096 ob
3581 4039 3810 4095 inditam
3840 4052 3868 4089 a

2284 4151 2372 4205 tali
2394 4148 2598 4202 visione
2625 4143 2951 4213 voluptatem
2973 4139 3126 4211 :quid
3165 4139 3370 4193 dicetur
3396 4132 3614 4205 quando
3636 4133 3754 4202 ipsa
3785 4145 3868 4183 re-

2283 4255 2402 4296 rum
2448 4237 2645 4292 veritas
2695 4233 2887 4298 aderit,
2941 4229 3174 4302 quando,
3202 4226 3399 4296 apertis
3431 4221 3596 4292 regiis
3623 4219 3864 4280 aedibus,

2285 4333 2455 4402 ipsum
2477 4341 2655 4399 regem
2681 4323 2989 4393 conspicere
3015 4319 3216 4386 licebit,
3235 4331 3340 4372 non
3367 4315 3506 4369 ultra
3528 4312 3585 4367 in
3608 4311 3867 4390 aenigmae

2284 4434 2357 4490 te,
2389 4435 2563 4491 neque
2591 4433 2688 4489 per
2717 4415 3012 4486 speculum,
3051 4411 3144 4467 sed
3202 4410 3335 4465 facie
3381 4405 3449 4462 ad
3497 4403 3717 4470 faciem,
3761 4413 3866 4454 non

2231 4535 2240 4544 ο
2285 4516 2423 4571 ultra
2452 4528 2546 4584 per
2573 4511 2752 4575 fidem,
2776 4507 2870 4564 sed
2889 4521 2985 4577 per
3007 4502 3278 4576 speciem?

2359 4605 2445 4660 l2.
2465 4603 2680 4658 Amissio
2701 4600 2842 4672 regni
2863 4597 3073 4654 ctelestis
3101 4595 3298 4667 gravior
3316 4591 3518 4646 internis
3541 4584 3865 4643 cruciatibus.

2287 4730 2359 4740 —
2384 4697 2528 4753 Multi
2549 4709 2678 4751 sane
2706 4701 2850 4758 sunt,
2876 4691 2965 4762 qui
2990 4685 3220 4743 absurdo
3243 4684 3444 4755 judicio
3468 4683 3580 4749 usi,
3609 4695 3641 4735 a
3666 4678 3866 4750 gehen-

2290 4806 2359 4847 na
2381 4789 2552 4845 solum
2573 4783 2789 4842 liberari
2833 4788 3117 4854 peroptant
3146 4795 3160 4830 :
3193 4790 3291 4846 ego
3319 4787 3447 4829 vero
3465 4771 3720 4843 gehenna
3747 4765 3870 4821 mulo

2290 4890 2347 4938 to
2371 4879 2671 4952 graviorem
2698 4889 2819 4930 esse
2845 4885 3057 4943 poenam
3083 4878 3229 4940 puto,
3255 4880 3363 4920 non
3388 4870 3741 4952 assequutum
3757 4868 3874 4913 esse

2292 4951 2516 5044 gloriam
2539 4971 2705 5036 illam,
2728 4967 2886 5036 eique
2930 4962 3021 5034 qui
3064 4959 3187 5015 inde
3236 4954 3493 5012 exciderit
3518 4951 3720 5024 opinor
3770 4960 3872 5044 non

2293 5038 2426 5130 adeo
2439 5059 2728 5132 lugendum
2752 5070 2872 5114 esse
2891 5054 2961 5111 de
2991 5051 3250 5124 gehennae
3275 5045 3432 5102 malis
3450 5083 3466 5110 ,
3494 5053 3558 5099 ut
3585 5042 3658 5099 de
3683 5038 3875 5132 amisso

2293 5131 2544 5212 ett-lorum
2597 5165 2763 5222 regno
2803 5148 2935 5203 :bic
2989 5145 3131 5200 enim
3181 5149 3265 5198 est
3313 5137 3586 5194 cruciatus
3640 5131 3874 5189 omnium

2295 5220 2694 5302 acerbissimus.
2733 5240 2885 5297 Nunc
2926 5245 3072 5294 certe
3094 5249 3214 5290 cum
3239 5245 3419 5303 regem
3468 5227 3718 5284 videmus
3770 5220 3875 5276 fre-

2293 5340 2476 5413 quenti
2495 5353 2618 5394 cum
2636 5333 2885 5393 satellitio
2904 5331 3100 5401 regiam
3127 5325 3434 5389 adeuntem,
3464 5321 3697 5376 clientes
3721 5315 3838 5382 ejus
3858 5349 3876 5377 ,

2361 5520 2374 5549 ι
2414 5522 2576 5571 Deest,
2600 5525 2754 5571 suam,
2781 5512 2830 5559 in
2853 5521 2949 5558 uno
2964 5506 3073 5571 Cod.

2357 5581 2377 5612 ν
2401 5553 2624 5627 gilii};
2629 5553 2754 5623 i331};
2773 5553 3076 5632 cambies:
3100 5565 3254 5616 locum
3276 5560 3533 5626 quemdam
3549 5553 3879 5621 splendidum.

2298 5641 2496 5696 habent,
2518 5637 2569 5686 in
2591 5637 2845 5686 theatrum.

2366 5687 2557 5751 i’saé-u.
2585 5707 2634 5747 et
2653 5710 2780 5746 unus
2806 5703 2929 5759 post,
2948 5698 3090 5751 tome,
3110 5687 3307 5750 addunt,
3331 5697 3387 5735 ac
3404 5689 3566 5737 tanta.
