4088 6138
345 309 451 365 993

353 417 632 486 sermonis,
655 418 862 475 consilii
892 430 945 476 et
962 423 1143 493 gloriae
1165 425 1449 496 participes
1469 469 1483 493 ,
1513 429 1698 485 beatos
1729 433 1924 502 prmdi-

355 525 552 576 eamus,
589 525 790 580 nosque
819 514 1065 580 miseros,
1097 517 1197 571 etsi
1227 517 1447 574 inﬁnitis
1489 521 1642 577 bonis
1691 525 1928 584 abunde-

357 617 490 666 mus,
517 617 740 671 quorum
772 617 986 659 sensum
1013 621 1118 660 non
1143 609 1482 678 percipimus,
1507 627 1690 668 eorum
1705 615 1927 684 gloriam

351 695 659 759 intuentes;
694 694 902 748 etiamsi
928 709 1259 765 compertum
1287 701 1354 754 sit
1383 701 1555 768 nobis,
1588 702 1729 760 hunc
1749 707 1929 774 splen-

355 782 539 836 dorem
562 781 804 838 fallacem
836 799 955 839 esse
977 786 1302 858 minimeque
1321 801 1548 859 certum,
1583 801 1694 847 tum
1721 795 1791 849 ob
1823 797 1932 850 bel-

358 874 424 936 la,
455 881 566 926 tum
595 871 665 927 ob
693 872 914 928 insidias
940 875 1332 946 invidiamque,
1363 888 1472 934 tuin
1491 882 1673 948 etiam,
1696 883 1838 953 quod
1867 885 1931 939 iis

356 963 603 1018 omnibus
632 964 879 1032 sepositis
911 965 1024 1034 ipse
1053 981 1148 1034 per
1195 983 1255 1022 se
1310 983 1406 1037 pro
1450 969 1615 1024 nihilo
1661 971 1932 1030 habendus

357 1056 444 1108 sit.
476 1055 553 1109 Ac
585 1055 673 1109 ubi
717 1056 894 1125 agitur
934 1056 1000 1111 de
1050 1056 1195 1128 Rege
1250 1060 1638 1129 universorum,
1688 1065 1777 1133 qui
1825 1081 1931 1121 non

358 1153 584 1210 partem,
616 1143 708 1197 sed
735 1159 924 1214 gyrum
972 1152 1138 1199 totum
1178 1153 1336 1201 terra:
1389 1148 1640 1218 possidet,
1690 1152 1797 1206 imo
1843 1155 1932 1222 qui

361 1243 522 1288 totam
545 1235 690 1289 illam
719 1251 894 1305 pugno
911 1237 1280 1305 complectitur
1300 1280 1316 1306 ,
1348 1248 1403 1294 et
1426 1241 1599 1309 palmo
1627 1244 1788 1298 caelos
1814 1259 1929 1298 me-

359 1326 506 1390 titur,
523 1325 612 1394 qui
641 1333 814 1393 portat
842 1326 1017 1379 omnia
1062 1327 1226 1382 verbo
1249 1329 1459 1383 virtutis
1485 1345 1613 1395 suae,
1637 1332 1723 1386 cui
1741 1347 1934 1388 omnes

360 1426 545 1486 gentes
575 1417 722 1485 quasi
751 1417 884 1470 nihil
903 1427 954 1472 et
971 1419 1119 1487 quasi
1134 1419 1296 1474 saliva
1318 1430 1690 1489 computantur
1717 1439 1733 1477 :
1757 1438 1932 1478 annon

362 1509 670 1576 putabimus
717 1519 1016 1563 extremum
1061 1525 1179 1564 esse
1207 1511 1522 1580 supplicium
1542 1553 1557 1579 ,
1585 1513 1631 1566 si
1686 1513 1738 1568 in
1769 1514 1934 1570 choro

362 1599 462 1665 ipsi
479 1599 853 1668 circumposito
873 1613 978 1653 non
992 1600 1399 1666 constituamur,
1425 1602 1520 1657 sed
1545 1611 1627 1657 sat
1645 1604 1798 1659 nobis
1814 1619 1934 1660 esse

357 1687 660 1754 credemus,
689 1688 732 1741 si
760 1687 1056 1756 gehennam
1081 1688 1453 1760 ell‘ugerimus?
1496 1691 1631 1759 Quid
1661 1694 1833 1747 anima
1857 1695 1935 1749 sic

360 1775 547 1832 atl‘ecta
577 1777 993 1834 miserius?Rex
1025 1780 1166 1833 enim
1208 1781 1299 1835 ille
1357 1797 1464 1836 non
1509 1783 1636 1852 jugo
1690 1783 1932 1838 alborum

355 1874 622 1928 mulorum
643 1915 656 1937 ,
679 1888 784 1926 non
813 1888 978 1928 aureo
1020 1889 1179 1928 curru
1203 1883 1416 1937 νθοιυε.
1447 1890 1551 1930 11011
1581 1891 1810 1946 purpura
1836 1891 1935 1932 nec

355 1980 555 2020 corona
581 1974 821 2032 ornatus,
851 1981 957 2020 non
985 1967 1082 2033 sic,
1117 1967 1352 2037 inquam,
1377 1967 1709 2037 judicaturus
1737 1977 1931 2024 terram

353 2059 554 2111 veniet.

429 2147 735 2200 Testimonia
780 2149 841 2202 de
869 2148 1042 2217 futuro
1073 2149 1286 2218 judicio.
1312 2179 1382 2188 —
1409 2147 1686 2217 Quomodo
1725 2150 1884 2221 igitur
1909 2152 1933 2205 ἲ

352 2238 491 2293 Audi
515 2238 800 2309 prophetas
822 2239 1114 2294 clamantes
1147 2247 1200 2295 et
1236 2240 1474 2296 dicentes
1497 2283 1513 2308 ,
1537 2250 1792 2310 quantum
1829 2242 1929 2296 ho-

353 2330 591 2384 minibus
617 2330 794 2384 dicere
819 2330 896 2384 fas
925 2339 1008 2386 est
1032 2349 1044 2384 :
1074 2332 1209 2386 alius
1229 2331 1440 2402 quidem
1467 2333 1542 2386 ait
1572 2350 1586 2387 :
1618 2332 1750 2386 Deus
1771 2333 1934 2386 mani-

352 2423 482 2490 feste
504 2420 692 2484 veniet,
721 2420 857 2474 Deus
886 2429 1070 2488 noster,
1096 2432 1142 2475 et
1187 2408 1291 2476 non
1315 2423 1474 2477 silebit
1507 2439 1526 2476 :
1551 2423 1681 2493 ignis
1725 2423 1778 2477 in
1808 2439 1932 2476 con-

349 2518 525 2576 spectu
553 2509 665 2578 ejus
696 2509 979 2563 exardescet
1003 2552 1016 2574 ,
1045 2519 1092 2563 et
1119 2511 1170 2564 in
1192 2511 1401 2564 circuitu
1431 2512 1538 2582 ejus
1562 2521 1823 2582 tempestas
1847 2527 1934 2564 va-

349 2599 461 2652 lida
485 2616 502 2651 :
528 2598 785 2653 advocabit
820 2601 1000 2654 cadum
1040 2601 1334 2668 desursum,
1355 2612 1404 2656 et
1443 2612 1626 2656 terram
1655 2603 1933 2656 discernere

350 2690 601 2758 pupulum
624 2707 769 2743 suum
795 2689 959 2761 (Psal.
988 2691 1076 2746 49.
1107 2693 1159 2746 5.
1182 2690 1259 2762 4).
1288 2691 1449 2746 lsaias
1476 2707 1599 2748 vero
1616 2693 1931 2763 supplicium

347 2781 527 2850 ipsum
577 2779 730 2834 nobis
776 2781 1020 2850 pi‘Oponit
1055 2781 1136 2837 bis
1175 2781 1350 2836 verbis
1385 2799 1396 2834 :
1429 2781 1562 2838 Ecce
1591 2784 1695 2838 dies
1724 2781 1932 2838 Domini

345 2871 486 2925 venit
530 2871 824 2924 insanabilis
861 2873 1046 2940 furoris
1089 2883 1134 2927 et
1176 2874 1302 2939 iraz,
1336 2875 1402 2927 ad
1445 2876 1730 2944 ponendum
1774 2885 1930 2931 totum

346 2963 524 3018 orbem
554 2971 800 3017 terrarum
828 2964 1078 3018 desertum
1097 3006 1111 3030 ,
1140 2975 1184 3019 et
1214 2967 1281 3018 ad
1310 2967 1619 3036 perdendum
1649 2979 1930 3038 peceatores

344 3071 410 3109 ea:
462 3071 539 3108 eo.
600 3053 738 3106 Nam
779 3056 939 3109 stellae
957 3056 1102 3122 ca'li,
1130 3067 1177 3110 et
1219 3057 1412 3123 Orion,
1441 3067 1487 3111 et
1515 3059 1676 3113 omnis
1723 3071 1930 3114 ornatus

342 3146 503 3209 caeli,
536 3146 698 3198 lucem
733 3162 878 3200 suam
903 3163 1002 3200 non
1029 3147 1216 3200 dabunt
1246 3165 1264 3202 :
1294 3158 1340 3203 et
1370 3149 1727 3204 obtenebrescet
1763 3149 1842 3205 sol
1876 3154 1929 3206 in

342 3244 677 3299 exat-(usue,
707 3244 752 3288 et
793 3236 913 3289 luna
955 3253 1055 3290 non
1085 3237 1222 3290 dabit
1269 3239 1437 3292 lumen
1482 3255 1647 3293 suum.
1678 3238 1744 3292 Et
1785 3256 1928 3294 man-

339 3325 483 3378 dabo
531 3326 757 3378 universo
805 3325 911 3378 orbi
958 3327 1128 3392 mala,
1181 3338 1227 3381 et
1270 3329 1440 3398 impiis
1482 3339 1685 3399 peccata
1724 3346 1818 3383 sua
1845 3341 1928 3384 :et

337 3415 562 3482 perdam
607 3417 955 3470 contumeliam
999 3417 1320 3486 iniquorum,
1365 3429 1412 3473 et
1449 3421 1801 3474 contumeliam
1837 3437 1926 3474 su-

336 3505 619 3575 perborum
645 3506 918 3560 Inuniliabo
943 3523 961 3561 :
986 3517 1032 3562 et
1053 3518 1197 3562 erant
1220 3511 1306 3576 qui
1326 3511 1486 3565 relicti
1514 3512 1718 3582 fuerint,
1741 3514 1928 3582 pretio-

337 3614 504 3652 siores
533 3614 685 3668 quam
713 3614 894 3650 aurum
936 3599 1186 3653 incoctum
1208 3642 1222 3667 ,
1251 3612 1295 3654 et
1338 3603 1485 3656 homo
1531 3604 1793 3672 pretiosior
1835 3605 1926 3656 erit

342 3705 505 3759 quam
533 3689 662 3757 lapis
699 3703 763 3742 ea:
787 3687 1002 3758 Suphir.
1033 3688 1232 3744 Etenim
1279 3692 1456 3745 caelum
1505 3693 1814 3746 concutietur
1834 3732 1849 3758 ,
1881 3702 1926 3747 et

338 3788 482 3830 terra
523 3778 910 3832 commovebitur
931 3795 962 3830 a
991 3779 1332 3848 fundamentis
1364 3782 1495 3848 suis,
1531 3792 1734 3851 propter
1780 3787 1925 3853 furo-

338 3885 452 3923 rem
481 3869 574 3922 irae
603 3867 808 3922 Domini
837 3869 1090 3935 Sabaoth,
1116 3872 1169 3924 in
1198 3872 1279 3925 die
1302 3889 1400 3942 qua
1445 3875 1753 3942 superveniet
1784 3879 1926 3943 [uror

336 3962 456 4030 ejus
485 3958 638 4031 (Isai.
668 3960 753 4015 15.
780 3961 952 4030 915).
982 3961 1049 4015 Et
1098 3977 1340 4028 rursum,
1382 3961 1671 4030 Fenestraz,
1720 3965 1920 4035 inquit,

336 4055 405 4106 de
452 4052 583 4106 ctelo
634 4052 936 4121 aperientur,
982 4062 1028 4106 et
1101 4038 1535 4108 commovebuntur
1596 4055 1924 4124 fundamenta

336 4151 492 4197 terra:
503 4155 520 4192 :
533 4137 825 4193 turbatione
839 4143 1130 4196 turbabitur
1145 4150 1301 4213 terra,
1315 4153 1537 4217 egestate
1547 4146 1728 4214 egebit,
1744 4146 1918 4215 agita-

337 4234 483 4287 tione
525 4233 798 4302 agitabitur
833 4233 962 4286 sicut
1005 4234 1168 4286 ebrius
1206 4245 1252 4288 et
1279 4236 1549 4306 crapulans
1578 4239 1926 4296 :concutietur

335 4323 473 4376 sicut
523 4323 778 4392 tugurium
825 4323 1104 4394 pomarium
1157 4334 1291 4379 terra
1327 4341 1346 4380 :
1385 4328 1561 4394 cadet,
1612 4345 1700 4382 nec
1747 4329 1924 4398 poterit

333 4430 608 4482 resurgere
636 4429 654 4466 :
679 4415 885 4468 invaluit
912 4416 1044 4468 enim
1071 4433 1221 4485 super
1247 4433 1357 4472 eam
1380 4419 1636 4488 iniquitas.
1663 4420 1731 4473 Et
1768 4421 1922 4474 indu-

333 4513 418 4558 cet
451 4504 590 4557 Deus
609 4521 761 4574 super
785 4515 1018 4559 ornatum
1040 4507 1147 4560 cwli
1169 4507 1222 4560 in
1246 4508 1348 4561 alto
1372 4526 1577 4561 manum
1599 4526 1744 4563 suam
1769 4512 1819 4564 in
1844 4513 1925 4564 die

331 4595 434 4647 illa
459 4635 474 4660 ,
505 4604 553 4648 et
579 4611 731 4662 super
759 4611 916 4663 regna
955 4607 1100 4649 terrce
1131 4611 1150 4649 :
1173 4605 1220 4649 et
1247 4598 1616 4669 congregabuut
1644 4617 1922 4671 congrega-

333 4684 531 4735 tionem
562 4684 672 4754 ejus
711 4684 764 4737 in
791 4700 1037 4737 carcerem
1061 4725 1074 4749 ,
1105 4695 1151 4738 et
1187 4687 1449 4740 occladent
1497 4689 1550 4741 in
1598 4690 1924 4745 munitionem

333 4772 856 4844 (lsai.24.19-22).
883 4775 1167 4830 Malacbias
1215 4776 1339 4830 item
1371 4776 1454 4832 his
1497 4793 1727 4833 consona
1771 4781 1922 4836 locu-

331 4875 429 4920 tus
461 4875 542 4919 cst
575 4882 588 4918 :
623 4863 750 4918 Ecce
777 4866 904 4919 venit
937 4866 1181 4920 Dominus
1207 4869 1558 4938 omnipotens,
1587 4879 1633 4922 et
1657 4871 1772 4938 quis
1814 4889 1924 4926 sus.

331 4955 520 5009 tiuebit
574 4957 706 5008 diem
752 4957 1006 5025 ingressus
1046 4960 1153 5030 ejus
1178 4959 1203 5011 ἵ)
1230 4968 1315 5010 aut
1357 4960 1467 5029 quis
1514 4961 1744 5014 subsistet
1770 4964 1821 5015 in
1852 4964 1925 5017 vi-

331 5047 485 5099 sione
512 5047 668 5116 ejus?
701 5045 832 5112 Quia
860 5051 966 5118 ipse
993 5049 1270 5120 ingreditur
1292 5052 1418 5104 sicut
1447 5051 1576 5122 ignis
1602 5055 1886 5121 con/latorii
1904 5097 1919 5121 ,

330 5148 381 5188 et
418 5137 551 5189 sicut
577 5137 728 5189 herba
751 5137 1022 5190 lavantium
1052 5155 1070 5194 :
1098 5150 1142 5191 et
1165 5139 1348 5193 sedebit
1372 5143 1599 5210 con/laus
1626 5153 1670 5196 et
1701 5161 1925 5214 purgans

329 5227 492 5298 quasi
511 5237 775 5296 argentum
803 5239 848 5282 et
868 5246 1044 5282 aurum
1075 5229 1324 5301 (.llalach.
1352 5233 1403 5285 5.
1424 5232 1479 5285 2.
1508 5233 1584 5305 5).
1608 5234 1672 5287 Et
1691 5249 1921 5298 rursum,

327 5317 518 5385 Ecce,
553 5319 756 5389 inquit,
801 5321 907 5374 dies
935 5319 1140 5375 Domini
1173 5323 1298 5376 venit
1324 5339 1531 5378 accensa
1563 5333 1615 5376 ut
1645 5329 1846 5394 [οι-παπ,
1880 5335 1925 5378 et

326 5413 680 5480 irﬂammabit
709 5429 811 5466 eos.
846 5413 908 5466 Et
937 5423 1081 5468 erunt
1106 5431 1275 5468 omnes
1305 5415 1600 5485 alienigena:
1627 5433 1644 5469 :
1674 5426 1722 5470 et
1746 5433 1920 5470 armies

324 5514 610 5577 ope'rantes
635 5505 806 5574 iniqua
829 5546 842 5571 ,
868 5504 1064 5558 arundo
1090 5521 1108 5560 :
1134 5514 1179 5562 et
1201 5506 1434 5559 accendet
1459 5522 1539 5561 eos
1569 5507 1672 5559 dies
1693 5517 1916 5572 ventura,

324 5595 471 5650 dicit
490 5593 740 5650 Dominus
770 5598 1102 5668 omnipotens,
1135 5613 1223 5652 nec
1251 5596 1592 5667 relinquentur
1628 5598 1798 5663 radix,
1829 5615 1920 5652 ne-

325 5702 440 5757 que
467 5691 657 5756 palmes
683 5687 931 5758 (Malaeh.
955 5691 1006 5744 4.
1045 5692 1116 5759 1).
1151 5691 1242 5744 Vir
1281 5700 1456 5746 autem
1505 5691 1590 5746 ille
1623 5691 1914 5748 desiderio.

1444 318 1533 372 AD
1573 317 1987 376 TilEODORUM
2024 318 2314 382 LAPSUM.
2351 324 2392 380 l.

3494 336 3592 391 9.05

2037 448 2154 489 rum
2180 477 2194 501 ,
2238 436 2510 505 Videbam,
2541 440 2742 512 inquit,
2772 444 2926 497 donec
2967 444 3134 497 throni
3175 444 3326 513 μοδίιί
3367 456 3480 496 sunt
3505 486 3520 509 ,
3557 456 3610 496 σν

2034 528 2269 594 antiquus
2295 529 2487 584 dierum
2515 532 2712 586 sedebat
2743 549 2760 585 :
2787 542 2830 585 et
2859 535 3195 586 vestimentum
3235 534 3340 602 ejus
3369 536 3494 585 sicut
3520 535 3612 584 nia:

2037 615 2205 668 album
2228 659 2242 682 ,
2266 619 2480 688 capillus
2504 622 2684 690 capitis
2710 623 2818 690 ejus
2841 623 2982 690 quasi
3009 624 3128 674 lana
3150 621 3337 674 munda
3355 635 3374 674 :
3400 621 3608 673 thronus

2039 706 2147 772 ejus
2174 706 2379 772 ﬂamma
2405 708 2535 776 ignis
2555 748 2569 772 ,
2599 719 2644 762 et
2670 719 2793 763 rota:
2817 710 2924 778 ejus
2951 710 3081 778 ignis
3105 710 3428 777 inﬂammans
3453 724 3470 761 :
3501 710 3600 777 ﬂu-

2038 795 2146 848 vius
2182 796 2314 865 ignis
2339 797 2564 851 trahebat
2599 799 2927 867 progrediens
2955 808 3070 851 ante
3112 815 3243 851 eum.
3272 797 3415 850 Mille
3448 798 3606 850 millia

2039 886 2387 940 ministrabant
2424 888 2490 953 ei,
2520 897 2567 941 et
2608 888 2769 941 decies
2818 888 3000 941 millies
3048 887 3179 940 dena
3229 887 3390 940 millia
3433 887 3577 939 adsto

2037 973 2157 1028 bant
2205 976 2258 1028 in
2299 986 2571 1044 conspectu
2598 977 2724 1046 ejus.
2755 975 3014 1029 Iudicium
3039 977 3184 1039 sedit,
3217 985 3262 1028 et
3292 975 3408 1028 libri
3444 975 3604 1042 aperti

2044 1074 2160 1117 sunt
2203 1064 2363 1135 (Dan.
2409 1067 2463 1120 7.
2495 1065 2547 1120 9.
2579 1065 2688 1136 10).
2718 1067 2784 1119 Et
2826 1067 3004 1134 paucis
3059 1065 3380 1134 interpositis
3403 1105 3418 1129 ,
3455 1064 3606 1116 Vide-

2039 1152 2188 1219 bam,
2212 1155 2410 1224 inquit,
2447 1157 2501 1208 in
2549 1156 2736 1209 visione
2776 1156 2969 1221 noctis,
3004 1165 3050 1209 et
3102 1171 3212 1208 ecce
3252 1171 3364 1207 cum
3405 1155 3610 1206 nubibus

2041 1246 2152 1298 ειειὶ
2174 1247 2317 1314 quasi
2337 1247 2472 1314 [ilius
2497 1247 2711 1300 hominis
2743 1247 2938 1300 veniens
2964 1255 3104 1311 erat,
3133 1255 3180 1298 et
3211 1261 3365 1313 usque
3385 1246 3453 1297 ad
3477 1247 3608 1297 anti-

2038 1349 2192 1402 quum
2231 1333 2422 1388 dierum
2466 1336 2724 1404 pervenit,
2775 1345 2822 1388 et
2860 1351 3031 1388 coram
3091 1350 3150 1387 eo
3193 1333 3498 1388 oblatusest
3526 1350 3544 1386 :
3569 1347 3611 1384 rt

2040 1425 2139 1492 ipsi
2167 1425 2340 1478 datum
2371 1435 2443 1479 est
2478 1427 2778 1496 imperium,
2806 1427 2966 1478 honor
3004 1434 3050 1478 et
3077 1442 3283 1494 regnum
3316 1440 3332 1477 :
3360 1434 3405 1476 et
3443 1441 3611 1476 onmcs

2041 1514 2249 1583 populi,
2276 1515 2430 1570 tribus
2453 1525 2498 1568 et
2525 1515 2711 1586 lingua:
2729 1516 2827 1585 ipsi
2850 1516 3086 1570 serviunt.
3115 1514 3344 1568 Potestas
3365 1516 3494 1586 ejus,
3514 1530 3576 1582 po
3593 1544 3606 1550 -

2040 1613 2191 1658 testas
2217 1609 2561 1674 «sempiterna,
2591 1622 2703 1676 qute
2727 1622 2826 1659 non
2857 1605 3124 1674 prwteribit
3146 1645 3160 1669 ,
3194 1614 3240 1659 et
3266 1622 3474 1675 regnum
3499 1603 3609 1671 ejus

2041 1709 2140 1747 non
2175 1694 2473 1748 destruetur.
2504 1693 2768 1747 Inhorruit
2810 1694 3018 1763 spiritus
3065 1710 3203 1747 meus
3222 1733 3238 1759 ,
3269 1709 3358 1764 ego
3382 1691 3572 1745 Daniel
3593 1732 3608 1752 ,

2041 1784 2094 1836 in
2116 1783 2286 1837 habitu
2319 1801 2426 1838 meo
2450 1824 2465 1849 ,
2493 1793 2537 1838 et
2566 1784 2778 1838 visiones
2807 1785 2984 1853 capitis
3008 1785 3102 1837 mei
3144 1785 3502 1837 conturbabant
3535 1800 3611 1836 me

2039 1873 2147 1943 (Ib.
2225 1872 2434 1944 15-15).
2495 1873 2649 1928 Tunc
2711 1873 3022 1942 aperientur
3085 1887 3274 1928 omnes
3320 1874 3607 1928 caelestium

2039 1964 2296 2018 fornicum
2337 1973 2534 2034 portae;
2565 1965 2673 2018 imo
2701 1972 2756 2019 et
2784 1963 2954 2033 ipsum
2981 1963 3172 2018 cmluni
3203 1978 3234 2018 e
3274 1964 3450 2018 medio
3481 1974 3610 2018 sun-

2037 2055 2277 2110 ducetur.
2340 2055 2574 2109 Volvetur
2619 2055 2783 2122 enim,
2815 2056 3013 2124 inquit,
3067 2056 3246 2108 coitum
3300 2057 3442 2125 quasi
3488 2057 3610 2107 iiber

2039 2146 2191 2217 (Isai.
2216 2148 2304 2201 54.
2327 2147 2382 2218 αἱ)
2415 2166 2426 2200 :
2463 2147 2624 2202 veluti
2665 2147 2937 2217 cujusdam
2972 2147 3293 2202 tabernaculi
3338 2148 3492 2217 pellis
3529 2159 3610 2200 at-

2037 2252 2139 2306 que
2163 2237 2334 2291 velum
2363 2254 2391 2292 e
2421 2237 2598 2292 medio
2626 2239 2972 2303 contrahitur,
2997 2239 3063 2292 ita
3090 2246 3148 2292 ut
3175 2239 3225 2291 in
3249 2238 3435 2292 melius
3461 2253 3608 2292 coni-

2038 2336 2287 2382 mutetur.
2313 2329 2443 2382 Tum
2471 2331 2645 2383 omnia
2674 2341 2911 2398 stupore,
2945 2329 3162 2383 horrore
3189 2339 3345 2398 atque
3381 2337 3611 2383 tremore

2036 2421 2296 2489 completa
2335 2430 2508 2474 erunt.
2555 2420 2689 2474 Tum
2741 2422 2897 2474 etiam
2947 2429 3118 2475 melus
3162 2420 3346 2490 ingens
3394 2420 3611 2489 angelos

2037 2512 2180 2580 ipsos
2211 2513 2522 2582 occupabit;
2552 2527 2724 2580 neque
2771 2512 2986 2581 angelos
3031 2521 3270 2577 tantum,
3316 2511 3407 2565 sed
3451 2513 3608 2564 etiam

2035 2601 2381 2672 archangelos
2407 2642 2423 2667 ,
2455 2603 2674 2655 thronos
2699 2642 2711 2665 ,
2751 2601 3139 2656 dominationes
3163 2642 3178 2666 ,
3201 2601 3528 2670 principatus
3555 2612 3612 2654 et

2037 2701 2366 2762 potestates:
2414 2692 2634 2746 Virtutes
2681 2693 2851 2759 enim,
2900 2693 3002 2759 ait,
3045 2691 3283 2746 cazlorum
3336 2708 3610 2744 commore-

2036 2784 2218 2838 buntur
2240 2783 2447 2856 (Matth.
2467 2784 2557 2838 24.
2583 2783 2697 2854 29),
2724 2784 2844 2853 quia
2867 2783 3096 2852 ipsorum
3141 2782 3384 2837 conservi
3425 2796 3610 2851 pinnas

2034 2878 2206 2933 daturi
2235 2885 2359 2932 sunt
2392 2876 2457 2931 de
2497 2886 2706 2946 peracta
2746 2877 2800 2929 in
2835 2874 3032 2929 mundo
3077 2875 3205 2927 vita.
3234 2874 3362 2928 Nam
3408 2874 3451 2926 si
3489 2888 3608 2926 eum

2034 2967 2102 3021 de
2142 2982 2244 3021 una
2286 2967 2302 2997 ³
2347 2966 2557 3020 civitate
2581 2965 2835 3035 judicium
2881 2965 3187 3027 instituitur,
3220 2963 3300 3016 his
3330 2964 3609 3032 magistra—

2035 3055 2174 3111 tibus
2199 3097 2214 3121 ,
2253 3055 2623 3110 inhorrescunt
2665 3067 2850 3107 omnes
2893 3054 3049 3108 etiam
3083 3053 3152 3118 ii,
3176 3053 3262 3121 qui
3291 3061 3435 3105 extra
3467 3052 3607 3120 peri-

2033 3146 2210 3201 culum
2245 3153 2396 3210 sunt,
2423 3161 2543 3199 cum
2579 3144 2644 3198 de
2688 3145 2937 3198 universo
2964 3143 3091 3197 orbe
3112 3142 3431 3212 judicabitur
3457 3157 3487 3194 a
3519 3143 3604 3193 tali

2029 3238 2207 3307 judice
2227 3278 2241 3303 ,
2271 3237 2360 3307 qui
2387 3250 2557 3306 neque
2599 3234 2848 3298 tcSiibus,
2876 3248 3045 3303 neque
3086 3231 3486 3302 probationibus
3522 3232 3604 3284 in.

2032 3327 2175 3396 diget
2195 3368 2210 3392 ,
2242 3325 2334 3380 sed
2364 3326 2562 3395 absque
2588 3325 2670 3378 his
2699 3325 2943 3378 omnibus
2967 3365 2981 3389 ,
3011 3332 3066 3377 et
3094 3338 3254 3392 opera
3285 3332 3337 3377 et
3357 3323 3517 3377 verba
3545 3331 3599 3375 et

2030 3419 2377 3489 cogitationes
2419 3418 2472 3472 in
2518 3416 2749 3471 medium
2796 3415 3040 3481 adducit,
3087 3415 3370 3484 omniaque
3411 3429 3505 3469 ceu
3553 3415 3602 3466 in

2031 3511 2260 3582 imagine
2284 3519 2338 3565 et
2375 3507 2714 3578 peccantibus
2763 3516 2817 3562 et
2853 3507 3216 3578 ignorantibus
3245 3505 3602 3560 demonstrat.

2031 3601 2297 3673 quomodo
2319 3600 2432 3657 ﬁeri
2460 3609 2670 3671 potest,
2700 3609 2758 3653 ut
2795 3598 3042 3668 quaelibet
3072 3597 3238 3651 virtus
3279 3613 3382 3650 non
3416 3605 3603 3650 tremat

2030 3704 2082 3749 et
2106 3691 2477 3749 concutiatur?
2506 3692 2656 3746 Licet
2683 3690 2822 3745 enim
2854 3688 3044 3742 ﬂuvius
3079 3689 3261 3756 igneus
3291 3701 3394 3740 non
3425 3685 3601 3739 trahe.

2030 3796 2194 3849 retur,
2226 3799 2397 3854 neque
2430 3782 2600 3852 angeli
2642 3780 2915 3836 adstarent
2955 3777 3349 3844 formidabiles;
3384 3777 3480 3829 soli
3511 3791 3601 3828 au-

2030 3885 2136 3930 tem
2193 3875 2435 3929 homines
2483 3871 2791 3937 convocati,
2831 3870 2920 3924 alii
2965 3868 3204 3923 laudibus
3237 3875 3294 3921 et
3329 3867 3604 3936 praeconis

2030 3968 2463 4031 celebrarentur;
2495 3965 2582 4018 alii
2617 3979 2738 4018 cum
2785 3959 3068 4032 ignominia
3117 3957 3503 4028 obiicerentur,
3538 3973 3602 4008 ne

2030 4058 2271 4113 viderent
2319 4057 2538 4126 gloriam
2594 4055 2684 4108 Dei
2717 4071 2730 4107 :
2764 4053 2992 4107 Tollatur
3016 4052 3036 4082 ³
3063 4090 3076 4115 ,
3134 4048 3336 4118 inquit,
3380 4047 3562 4116 impius
3585 4087 3598 4107 ,

2030 4167 2093 4204 ne
2111 4148 2276 4202 videat
2299 4148 2512 4218 gloriam
2538 4144 2776 4209 Domini;
2801 4157 2974 4198 nonne
2997 4139 3178 4211 quavis
3200 4137 3435 4207 gebeuna
3456 4151 3603 4190 acer-

2029 4240 2147 4294 bius
2173 4238 2254 4292 vel
2295 4237 2346 4290 id
2395 4235 2596 4298 solum,
2629 4233 2771 4304 quod
2803 4248 2832 4286 a
2867 4231 3025 4286 tantis
3064 4229 3385 4284 excidissent
3409 4225 3560 4280 bonis
3588 4268 3599 4284 ,

2030 4331 2355 4398 abjectorum
2382 4325 2584 4380 animas
2610 4323 2988 4379 excruciaret?
3032 4321 3160 4374 Illud
3195 4334 3322 4373 vero
3349 4326 3600 4388 quantum

2029 4421 2096 4474 sit
2126 4418 2356 4484 malum,
2389 4431 2526 4470 nunc
2552 4415 2762 4484 quidem
2804 4426 3049 4466 sermone
3083 4408 3339 4464 declarari
3381 4409 3556 4475 nequit
3592 4451 3602 4464 .

2032 4520 2154 4571 tunc
2201 4525 2327 4564 vero
2368 4524 2432 4563 cx
2487 4522 2545 4561 re
2587 4507 2697 4576 ipsa
2741 4503 3015 4557 manifeste
3073 4513 3470 4568 cognoscemus.
3522 4497 3600 4549 Tu

2029 4616 2159 4656 vero
2189 4613 2328 4654 nunc
2356 4598 2439 4652 his
2465 4595 2599 4650 adde
2643 4593 2954 4663 supplicium
2987 4589 3112 4643 illud
3139 4630 3153 4656 ,
3196 4601 3370 4657 neque
3399 4593 3600 4639 tantum

2031 4694 2272 4748 homines
2299 4689 2502 4760 pudore
2529 4685 2775 4749 suffusos,
2807 4683 2892 4737 vel
2921 4688 3106 4751 operto
3133 4679 3302 4749 capite
3321 4719 3334 4744 ,
3360 4686 3412 4730 ct
3437 4675 3604 4728 oculis

2033 4785 2084 4838 in
2125 4791 2321 4837 terram
2349 4777 2567 4844 defixis,
2600 4775 2693 4831 sed
2737 4775 2895 4829 etiam
2941 4780 3137 4826 tractos
3183 4784 3277 4838 per
3316 4768 3451 4821 viain
3486 4783 3604 4836 qua:

2032 4875 2200 4931 tendit
2224 4871 2290 4926 ad
2330 4871 2504 4940 ignem
2530 4911 2544 4936 ,
2573 4876 2628 4923 et
2655 4867 2719 4921 ad
2751 4875 3012 4921 tormenta
3041 4865 3287 4932 abreptos
3311 4905 3326 4930 ,
3354 4861 3607 4916 traditus--

2031 4979 2132 5035 que
2162 4962 2478 5017 immanibus
2503 4956 2852 5029 potestatibus
2881 4973 2892 5008 :
2925 4955 3080 5024 idque
3101 4967 3164 5008 eo
3195 4961 3432 5022 tempore
3455 4992 3471 5019 ,
3500 4966 3606 5021 quo

2032 5066 2372 5122 coronantur,
2401 5053 2736 5108 celebrantur
2766 5050 3060 5118 thronoque
3089 5048 3231 5116 regio
3257 5048 3514 5102 sistuntur
3547 5047 3606 5104 ii.

2031 5150 2117 5219 qui
2149 5149 2284 5204 bona
2313 5153 2532 5217 egerunt
2552 5152 2605 5199 et
2625 5143 2785 5214 gestis
2810 5141 2919 5195 suis
2939 5150 3136 5194 interna
3163 5138 3267 5192 vita
3293 5137 3434 5206 digni
3461 5149 3584 5190 sunt

2104 5241 2189 5293 15.
2215 5238 2432 5292 Ccelestis
2462 5234 2714 5308 felicitatis
2743 5231 3073 5301 imago.—F.t
3116 5229 3228 5282 hinc
3267 5227 3477 5298 quidem
3521 5227 3603 5278 illa

2031 5330 2149 5384 die:
2182 5345 2300 5400 quae
2327 5317 2454 5382 vero
2490 5334 2606 5396 post
2628 5323 2801 5378 futura
2831 5331 2953 5375 sunt
2987 5321 3104 5391 quis
3133 5333 3306 5373 sermo
3338 5317 3488 5371 nobis
3513 5333 3602 5368 eii-

2033 5421 2246 5490 primat,
2275 5419 2598 5482 voluptatem
2631 5427 2819 5484 nempe
2847 5427 2910 5466 ex
2931 5409 3124 5465 Christi
3146 5406 3433 5472 consortio,
3466 5407 3603 5459 utili-

2102 5581 2118 5612 ²
2141 5578 2367 5641 Quinque
2408 5575 2623 5641 Mss.,_de
2650 5585 2816 5637 parva.
2843 5568 3026 5641 ator-el”
3049 5564 3471 5641 Savil.‘_etaliil,__de
3493 5573 3596 5641 uirili.

2095 5644 2115 5672 ¹
2146 5620 2616 5694 ξίῖἔᾶὧέάῦῐὶἱιίίό
2652 5620 2837 5685 mssito
2861 5620 3024 5680 Morel:
3051 5637 3102 5680 et
3124 5625 3325 5685 reliquis
3364 5624 3492 5680 hiec,
3517 5620 3603 5670 tol-

2038 5702 2181 5763 latur,
2211 5710 2327 5762 etc.,
2352 5702 2546 5749 desunt.
