4088 6138
486 326 587 381 295

486 453 690 509 tatem,
742 440 990 510 gaudium
1049 440 1109 494 ’τ
1157 441 1345 495 Anima
1415 441 1610 512 quippe
1663 442 1731 497 ad
1795 442 2061 512 propriam

487 532 703 587 reducta
733 530 1081 596 nobilitatem,
1104 544 1223 599 quae
1237 530 1427 586 deinde
1456 532 1737 586 Dominum
1765 547 1919 587 suum
1943 547 2063 586 cum

489 621 731 677 libertate
757 618 1071 689 conspicere
1099 621 1256 682 valet,
1286 631 1480 690 quanta
1507 622 1779 692 voluptate
1807 622 2067 677 afﬁciatur

487 719 543 765 et
565 719 819 780 quantum
847 709 978 764 lucri
1004 708 1218 775 referat,
1244 711 1481 771 enarrari
1504 713 1688 781 nequit
1712 729 1725 765 :
1774 712 1892 766 laeta
1919 713 2063 766 sciti.

488 810 592 868 cet,
627 815 731 854 non
754 807 954 854 tantum
977 801 1116 869 quod
1144 800 1299 855 bonis
1321 802 1679 870 praesentibus
1702 800 1909 856 fruatur
1931 843 1946 867 ,
1974 800 2067 855 sed

491 891 630 960 quod
658 897 803 946 certa
826 890 895 945 sit
921 905 983 945 ea
1004 905 1291 960 numquam
1315 890 1551 946 desitura
1585 892 1725 947 esse.
1754 891 1900 946 [lane
1921 898 2068 946 certe

492 982 726 1037 lzetitiam
770 995 870 1036 nec
915 981 1091 1037 verbis
1140 985 1439 1051 exprimere
1467 1022 1483 1049 ,
1512 996 1612 1037 nec
1653 991 1832 1037 mente
1876 996 2069 1051 capere

494 1085 776 1146 possumus
841 1073 903 1126 ἐ
963 1071 1189 1126 obscure
1255 1079 1429 1127 tamen
1465 1112 1481 1139 ,
1526 1081 1787 1142 quatenus
1848 1079 2072 1140 possunt

491 1177 680 1232 magna
712 1162 887 1232 parvis
912 1161 1189 1227 declarari,
1217 1177 1335 1216 eam
1363 1163 1662 1219 describere
1684 1163 1916 1218 tentabo.
1947 1163 2071 1218 Per-

493 1251 787 1322 pendamus
812 1262 905 1306 eos
927 1252 1017 1322 qui
1039 1251 1091 1304 in
1126 1251 1371 1319 praisenti
1393 1253 1499 1306 vita
1529 1252 1686 1322 hujus
1709 1251 1891 1306 mundi
1919 1267 2067 1307 cont-

493 1342 667 1397 modis
696 1341 961 1410 fruuntur,
988 1341 1205 1408 divitiis,
1239 1342 1473 1413 inqnant,
1504 1345 1833 1414 magistratu,
1864 1343 2030 1414 gloria
2059 1362 2072 1398 :

492 1448 601 1502 quo
638 1434 793 1503 pacto
821 1432 1022 1488 scilicet
1044 1432 1110 1488 de
1136 1432 1272 1488 bona
1301 1432 1507 1487 fortuna
1538 1432 1906 1504 superbientes
1931 1474 1947 1501 ,
1976 1449 2074 1488 ne-

500 1537 605 1591 que
625 1536 683 1577 se
707 1523 760 1578 in
792 1532 931 1579 terra
962 1523 1165 1593 positos
1191 1524 1554 1590 arbitrantur;
1589 1525 1800 1580 tametsi
1827 1525 1892 1579 iis
1922 1524 2076 1580 bonis

480 1616 739 1669 meatur
766 1654 781 1680 ,
824 1629 943 1684 qua:
972 1628 1146 1685 neque
1167 1615 1302 1668 bona
1328 1628 1447 1669 esse
1472 1612 1764 1669 creduntur
1783 1655 1798 1680 ,
1828 1620 2002 1683 ireque
2024 1615 2074 1667 in

482 1721 680 1761 eorum
712 1707 1049 1777 posseSsione
1088 1715 1433 1777 permanent,
1474 1706 1570 1760 sed
1599 1706 1809 1761 sonmio
1835 1704 2077 1761 velocius

497 1798 754 1853 avolant:
782 1797 924 1869 quod
966 1798 1009 1852 si
1043 1797 1311 1868 paulisper
1348 1795 1635 1868 aliquando
1662 1797 1991 1858 consistant.
2025 1796 2077 1849 in

494 1889 746 1961 praesenti
786 1890 957 1944 solum
998 1888 1105 1943 vita
1149 1888 1264 1944 usui
1304 1902 1425 1944 esse
1448 1897 1672 1958 possunt
1699 1930 1714 1955 ,
1740 1903 1836 1943 nec
1861 1887 2080 1942 ulterius

498 1997 601 2035 una
629 1981 878 2053 progredi
905 1982 1101 2037 valent.
1133 1981 1187 2038 Si
1206 1989 1381 2037 autem
1402 1981 1705 2052 hujusmodi
1736 1981 1877 2055 bona
1905 1980 2077 2035 domi-

497 2088 595 2129 nos
625 2073 1008 2148 tanto~gaudio
1044 2073 1305 2130 extollunt
1335 2114 1349 2139 ,
1387 2072 1513 2144 quid
1558 2073 1792 2128 futurum
1837 2081 1988 2143 putas
2015 2071 2082 2126 de

497 2165 779 2221 animabus
808 2167 912 2221 illis
938 2208 951 2230 ,
980 2165 1252 2221 accersitis
1278 2166 1343 2220 ad
1366 2164 1570 2221 inﬁnita
1596 2165 1681 2220 illa
1705 2181 1823 2236 quae
1852 2165 1905 2220 in
1933 2165 2080 2221 caelis

499 2265 627 2312 sunt
664 2257 801 2312 bona
834 2298 848 2324 ,
880 2273 999 2328 qua:
1030 2257 1183 2312 ﬁrma
1211 2271 1424 2328 semper
1464 2264 1521 2314 et
1570 2256 1785 2312 immota
1816 2266 2031 2311 manent
2060 2257 2083 2310 ?

496 2345 684 2418 Neque
713 2362 773 2402 ea
799 2362 857 2403 re
883 2348 1055 2404 solum
1099 2347 1428 2403 antecellunt
1454 2389 1468 2414 ,
1510 2348 1603 2405 sed
1634 2348 1793 2404 etiam
1820 2347 2085 2419 magnitu-

502 2438 630 2495 dine
651 2448 704 2494 et
730 2438 1037 2495 conditione
1086 2454 1181 2494 sua
1214 2440 1292 2495 ita
1330 2440 1686 2509 praesentibus
1714 2440 2082 2509 praestantiora

498 2540 629 2591 eunt
649 2530 670 2562 ³
689 2571 705 2598 ,
756 2541 813 2585 ut
843 2546 1012 2603 neque
1030 2531 1081 2585 in
1116 2547 1210 2588 cor
1229 2531 1469 2586 hominis
1502 2532 1554 2586 id
1576 2531 1868 2588 ascendere
1895 2533 2081 2600 possit.

492 2622 654 2677 ‘Nunc
693 2625 888 2678 etenim
931 2622 1375 2692 quemadmodum
1414 2624 1467 2678 in
1512 2631 1663 2678 utero
1685 2624 1855 2678 infans
1885 2667 1897 2687 ,
1929 2625 2083 2679 sicin

503 2715 605 2769 hoc
629 2703 828 2769 mundo
852 2715 1108 2785 anguStiis
1131 2715 1364 2770 conclusi
1386 2714 1645 2786 degimus,
1677 2730 1776 2770 nec
1806 2729 2089 2785 possumus

498 2805 669 2861 futuri
696 2807 875 2861 scecnli
905 2807 1243 2878 splendorem
1275 2817 1330 2863 et
1375 2808 1680 2864 libertatem
1709 2810 1951 2865 contueri
1986 2826 2000 2863 :
2032 2818 2089 2865 at

496 2899 598 2953 'ubi
631 2908 814 2970 partus
855 2910 1063 2970 tempus
1101 2901 1380 2956 advenerit
1409 2942 1426 2968 ,
1457 2916 1750 2972 omneSquc
1796 2901 2038 2957 homines
2068 2943 2084 2969 ,

505 3007 639 3062 quos
657 3001 982 3064 susceperat,
1000 2986 1085 3049 hic
1102 2992 1329 3047 mundus
1345 2992 1410 3048 ad
1431 2992 1572 3049 diem
1585 2992 1770 3063 judicii
1785 2993 2086 3064 protulerit,

498 3083 734 3137 .abortivi
765 3083 978 3153 quidem
1000 3096 1032 3139 e
1058 3083 1292 3138 tenebris
1318 3083 1369 3139 in
1404 3082 1652 3139 tenebras
1681 3083 2054 3154 ingrcdientur
2074 3125 2087 3148 ,

506 3183 561 3229 et
587 3191 650 3229 ex
673 3175 935 3247 angustiis
962 3175 1015 3231 in
1047 3176 1318 3246 angustias
1345 3176 1646 3246 graviores;
1689 3166 1885 3232 maturi
1912 3185 2089 3232 antem

506 3263 665 3331 fctus,
699 3265 786 3336 qui
815 3266 975 3337 regite
999 3266 1246 3336 imaginis
1270 3264 1496 3326 formam
1524 3277 1579 3322 ct
1607 3277 1761 3324 notas
1787 3256 2088 3333 servarunt,

513 3355 623 3426 regi
647 3356 930 3422 sistentur,
959 3355 1195 3426 illudque
1225 3357 1578 3414 ministerium
1609 3368 1893 3428 eapessent
1913 3399 1929 3425 ,
1949 3357 2090 3429 quod

508 3446 678 3515 angeli
710 3454 763 3499 et
799 3445 1103 3516 archangeli
1149 3448 1518 3504 universorum
1552 3448 1660 3504 Deo
1690 3449 1988 3520 perhibent.
2017 3448 2094 3505 Nc

510 3537 687 3604 itaque
710 3534 805 3590 hos
833 3536 1171 3591 characteres
1195 3579 1210 3604 ,
1236 3554 1268 3593 ο
1293 3539 1463 3593 amice
1492 3580 1508 3606 ,
1544 3554 1710 3610 usque
1730 3539 1783 3594 in
1814 3538 1973 3594 ﬁnem
1996 3538 2092 3594 de-

510 3626 619 3680 lere
639 3625 791 3692 velis,
823 3625 916 3682 sed
946 3641 1040 3681 eos
1059 3629 1451 3698 quamprimum
1474 3631 1797 3685 instauratos
1824 3630 1876 3685 in
1903 3630 2091 3686 melio-

512 3732 624 3770 rt‘m
670 3714 892 3771 formam
934 3716 1180 3772 reducas.
1225 3719 1357 3772 Nam
1389 3716 1848 3789 pulchritudinem
1881 3720 2093 3790 quidem

509 3822 823 3878 corpoream
852 3809 986 3863 intra
1010 3817 1214 3865 natura:
1258 3809 1454 3866 limites
1490 3811 1749 3866 conclusit
1774 3811 1944 3867 Deus:
1976 3814 2094 3867 ani-

514 3916 615 3955 nne
640 3915 769 3955 vero
789 3898 952 3957 decor
968 3901 1076 3955 illic
1095 3917 1125 3956 a
1149 3902 1464 3958 necessitate
1475 3912 1523 3957 et
1540 3903 1796 3959 servitute
1817 3902 2093 3969 liberatur,

512 3999 695 4062 utpote
721 4006 978 4062 corporea
1015 3991 1181 4049 forma
1215 3992 1371 4064 longe
1413 3994 1793 4064 praestantior:
1840 4004 2000 4067 atque
2043 3997 2095 4051 in

515 4084 668 4138 nobis
694 4094 745 4138 et
772 4085 824 4138 in
858 4085 948 4140 Dei
990 4097 1119 4140 nutu
1143 4085 1278 4142 situs
1308 4095 1389 4141 cst
1413 4097 1573 4142 totus.
1608 4086 1881 4158 Siquidem
1910 4089 2095 4143 Domi-

517 4190 617 4229 nus
647 4187 826 4231 noster
852 4176 1122 4233 beneﬁcus
1159 4192 1279 4233 cum
1319 4179 1409 4246 sit,
1443 4178 1543 4234 hoc
1573 4180 1810 4235 maxime
1836 4179 1976 4237 dono
2001 4197 2098 4252 ge-

515 4280 615 4322 nus
644 4275 882 4321 nostrmn
911 4269 1230 4333 exornavit,
1286 4277 1342 4323 ut
1379 4285 1499 4341 qua:
1545 4271 1750 4327 minora
1803 4280 1965 4340 sunt,
1998 4287 2097 4328 nec

515 4358 689 4428 magni
721 4358 1001 4427 intersunt,
1032 4376 1130 4415 nec
1158 4359 1324 4417 refert
1360 4363 1628 4433 quidpiam
1660 4363 1705 4420 si
1730 4365 2049 4420 intercidant
2077 4404 2093 4432 ,

513 4465 574 4502 ea
608 4461 809 4505 naturre
838 4452 1144 4508 necessitati
1184 4451 1487 4520 addixerit;
1522 4470 1766 4510 verorum
1797 4464 1975 4510 autem
2003 4454 2097 4510 bo-

515 4556 705 4597 norum
737 4558 833 4598 nos
857 4543 1076 4613 opiﬁces
1100 4559 1220 4599 esse
1244 4548 1588 4601 concesserit.
1629 4546 1841 4602 Atenim
1886 4546 1930 4600 si
1976 4544 2095 4616 pul-

515 4634 833 4689 chritudinis
881 4649 1157 4704 corporea:
1241 4650 1339 4689 nos
1410 4636 1657 4692 dominos
1729 4633 2093 4715 reddidisset“

516 4724 839 4796 superfluam
881 4726 1289 4781 sollicitudinem
1343 4730 1806 4800 suscepissemns,
1856 4722 2098 4801 atquein

515 4817 678 4875 rebus
768 4813 1115 4872 infructuosis
1208 4826 1376 4872 totum
1452 4828 1663 4891 tempus
1730 4817 2099 4889 impendisse-

518 4922 658 4973 mus,
688 4906 879 4961 anima:
904 4920 1033 4961 cura
1056 4920 1271 4976 prorsus
1299 4908 1556 4978 neglecta.

593 4995 832 5071 Corpon's
852 4996 1180 5067 pulchritudo
1190 4999 1364 5069 augeri
1381 5013 1481 5054 non
1502 5008 1682 5070 potest,
1705 5000 1891 5056 anima:
1910 5017 2105 5071 seraper

522 5090 899 5159 potest—Cum
911 5091 1047 5147 enim
1059 5089 1398 5163 negalanobis
1410 5085 1953 5159 huiusmodifocultatc
1966 5106 2105 5145 nunc

520 5183 695 5236 omnia
716 5180 989 5243 faciamus,
1014 5179 1190 5235 omnia
1212 5179 1512 5247 moliamur,
1534 5194 1595 5233 ac
1614 5195 1735 5235 cum
1761 5195 1939 5235 veram
1958 5195 2103 5236 asse-

524 5274 612 5342 qui
642 5274 1227 5342 speciemnequeamus,
1250 5270 1526 5341 pigmentis
1545 5269 1684 5323 illam
1706 5268 1859 5324 nobis
1873 5270 2105 5325 vindice-

525 5377 665 5427 mns,
694 5378 758 5416 ac
782 5360 1067 5427 coloribus,
1096 5359 1342 5431 picturis,
1370 5359 1683 5430 capillorum
1721 5358 2103 5424 concinnitate,

590 5502 610 5571 ξ
644 5507 768 5571 rest,
790 5498 1040 5571 gaudium,
1066 5499 1209 5571 aliqui
1223 5497 1423 5571 addunt.
1432 5495 1809 5571 jucundimtctn.
1872 5560 1882 5570 ι

590 5564 611 5595 ι
645 5536 1884 5624 ὲὲἷὶἰιίξῖἓιέξ.“”ὲὶ’ἱὶὶὶἲὶὶὶεῖιῗῖἑιῖιῖἴιὲἱῇὶὶὶὶἰὶἶὲῐίίἷξιιιί
1913 5560 1982 5609 sic
2014 5558 2102 5608 ιω-

524 5626 665 5684 bent,
696 5636 785 5674 mc
850 5624 1006 5676 verbis
1041 5620 1335 5686 cmprimere,
1400 5635 1487 5673 nec
1528 5620 1703 5672 mente.
1762 5620 1968 5672 obscure
2031 5630 2105 5674 1.;-

808 5755 856 5799 et
871 5748 967 5798 duo
992 5755 1093 5799 uss.
1121 5745 1316 5805 addunt,
1340 5747 1443 5806 alta,
1467 5755 1591 5806 post,
1611 5753 1732 5797 szmt.

1194 327 1250 383 S.
1289 325 1568 386 JOANNIS
1603 325 2078 386 CHRYSOSTOMI
2117 326 2429 385 ARCIHEP.
2472 326 3000 388 CONSTANTINOP.

3631 330 3729 387 αρε

2175 442 2397 496 vestium
2450 443 2678 507 amictu,
2721 440 2993 498 oculorum
3034 441 3258 497 artiﬁcio
3301 440 3520 512 aliisque
3567 447 3735 500 inultis

2173 530 2432 585 machinis
2445 529 2631 587 falsam
2651 530 3090 601 pulchritudinem
3106 531 3735 602 ementiamur,quodnam

2174 619 2406 674 studium
2432 621 2623 675 anima:
2650 631 2704 677 et
2729 621 2889 676 rebus
2911 621 3144 675 honestis
3167 634 3483 690 poneremus
3501 661 3516 685 ,
3545 622 3587 676 si
3619 637 3736 677 cor-

2174 722 2275 780 pus
2305 712 2356 765 in
2395 712 2669 781 pulchram
2699 711 2922 767 formam
2961 720 3167 766 mutare
3203 712 3513 780 possemus?
3536 711 3739 768 Nullam

2176 798 2399 855 fortasse
2421 802 2576 856 aliam
2605 817 2821 871 operam
2852 801 3241 870 suseiperemus
3268 802 3307 864 ¹,
3336 800 3380 854 si
3411 799 3525 855 hanc
3553 811 3739 858 nostra:

2179 888 2443 946 facultatis
2471 902 2610 945 esset
2634 932 2650 958 ,
2682 892 2776 947 sed
2805 900 2970 946 totum
2998 906 3432 946 consumeremus
3465 900 3665 961 tempus
3690 904 3742 949 nt

2177 997 2386 1038 servam
2410 984 2626 1039 inﬁnitis
2644 985 2971 1039 ornamentis
2987 984 3379 1048 decoraremus,
3399 982 3523 1037 dttm
3538 984 3742 1040 domina

2179 1073 2297 1142 plus
2322 1088 2480 1143 quam
2508 1074 2610 1129 vile
2637 1075 2956 1144 mancipium
2986 1075 3036 1129 in
3077 1072 3411 1129 deformitate
3448 1080 3505 1127 et
3534 1075 3748 1143 segnitie

2174 1164 2397 1234 jaceret.
2437 1165 2549 1231 Qua
2573 1167 2639 1221 de
2679 1181 2837 1220 causa
2882 1167 3053 1228 Deus,
3086 1164 3330 1234 adempta
3367 1163 3562 1218 infelici
3593 1179 3747 1231 cura,

2181 1257 2420 1311 melioris
2450 1257 2525 1310 rei
2552 1267 2718 1310 artem
2747 1257 2899 1310 nobis
2930 1254 3157 1320 indidit;
3186 1256 3254 1308 ita
3281 1262 3337 1309 ut
3359 1254 3444 1324 qni
3479 1268 3668 1324 corpus
3687 1270 3778 1309 ex:

2181 1346 2402 1403 deformi
2425 1348 2641 1416 elegans
2662 1347 2886 1401 redderc
2907 1361 3011 1401 non
3035 1353 3226 1415 potest,
3254 1345 3299 1398 is
3320 1344 3489 1413 possit
3507 1344 3750 1410 animam,

2184 1437 2391 1492 etiamsi
2418 1438 2467 1491 in
2494 1446 2786 1503 extremam
2815 1436 3203 1492 deformitatem
3226 1433 3509 1500 deciderit,
3535 1435 3587 1488 in
3612 1450 3751 1490 sum-

2184 1543 2324 1583 mam
2366 1520 2823 1613 pulchritudingg
2856 1527 3150 1592 reducere,
3196 1526 3439 1595 adeoque
3481 1524 3755 1579 amabilem

2178 1620 2569 1690 jucundamque
2590 1618 2810 1674 reddere
2830 1659 2844 1681 ,
2878 1626 2935 1671 ut
2960 1632 3065 1672 non
3094 1617 3245 1686 probi
3272 1623 3476 1670 tantum
3509 1616 3601 1669 viri
3625 1656 3640 1681 ,
3667 1614 3758 1670 sed

2184 1711 2343 1767 etiam
2370 1711 2605 1765 omnium
2637 1712 2745 1766 llex
2777 1720 2831 1766 et
2874 1710 3013 1765 Deus
3043 1710 3095 1763 in
3136 1709 3249 1779 ejus
3278 1708 3760 1777 concupiscentiam

2180 1801 2365 1856 veniat
2399 1819 2412 1855 :
2443 1800 2885 1871 quemadmodum
2918 1809 2971 1854 ct
3001 1799 3270 1869 psalmista
3299 1798 3366 1853 de
3401 1799 3498 1853 illa
3533 1798 3762 1868 pulchri-
3800 1794 3803 1801 ’

2188 1892 2369 1947 tudine
2385 1892 2616 1962 loquitur
2634 1908 2647 1945 :
2674 1891 2741 1945 Et
2756 1892 3066 1962 concupiscet
3088 1904 3178 1944 rex
3192 1890 3418 1944 decorem
3439 1899 3581 1943 tuum
3598 1886 3761 1961 (Prol.

2185 1983 2254 2037 u
2274 2024 2290 2050 ,
2322 1983 2430 2056 l2).
2455 1986 2643 2038 Annon
2672 1982 2821 2037 vides
2852 1983 2904 2037 in
2936 1981 3274 2052 lupanaribus
3297 1979 3572 2034 deformes
3600 1987 3655 2034 et
3673 1979 3766 2032 im-

2186 2074 2448 2147 pudentes
2479 2074 2729 2130 mulieres
2758 2089 2823 2128 ne
2853 2087 2881 2126 a
2913 2071 3290 2143 gladiatoribus
3316 2070 3560 2141 quidem,
3591 2070 3764 2140 fugiti-

2186 2166 2289 2232 vis,
2318 2174 2372 2221 et
2396 2167 2461 2220 iis
2485 2166 2573 2235 qui
2597 2181 2717 2221 cum
2744 2164 2928 2220 bestiis
2950 2162 3251 2234 depugnant
3276 2204 3291 2230 ,
3322 2162 3569 2227 admitti;
3599 2162 3642 2216 si
3673 2177 3767 2232 qua

2188 2272 2315 2313 vero
2341 2258 2409 2312 sit
2435 2257 2689 2323 formosa,
2720 2256 2947 2327 ingenua
2971 2263 3025 2310 et
3057 2252 3378 2322 pudibunda,
3403 2268 3527 2322 quae
3554 2252 3769 2307 calami-

2190 2360 2299 2406 tale
2343 2348 2569 2419 quadam
2617 2350 2668 2405 in
2714 2349 2872 2403 talem
2920 2346 3165 2402 inciderit
3209 2344 3629 2410 necessitatem,
3656 2357 3771 2397 eam

2190 2457 2410 2498 uxorem
2432 2441 2627 2496 ducere
2651 2454 2717 2495 ne
2744 2441 2885 2493 viros
2912 2437 3122 2508 quidem
3151 2448 3371 2507 magnos
3399 2443 3455 2488 et
3484 2432 3774 2504 splendidm

2192 2535 2415 2589 fortuna:
2444 2531 2802 2589 erubescere?
2830 2529 2979 2598 Quod
3011 2529 3054 2582 si
3080 2537 3224 2583 tanta
3247 2535 3329 2581 est
3358 2525 3505 2594 apud
3538 2523 3777 2578 homines

2190 2624 2573 2690 misericordia,
2587 2631 2642 2677 et
2662 2630 2835 2677 tantus
2846 2621 3028 2692 gloriae
3043 2628 3252 2675 contem
3261 2628 3466 2688 ptus,ut
3481 2631 3625 2686 δειξρο
3640 2614 3772 2677 illas,

2191 2728 2309 2785 qum
2334 2715 2384 2768 in
2409 2714 2611 2768 fornice
2631 2712 2914 2783 ignominia
2938 2720 3060 2765 sunt
3081 2708 3302 2772 aﬁ‘eetre,
3322 2707 3388 2762 ab
3411 2706 3506 2761 illa
3529 2706 3779 2760 servitute

2192 2802 2421 2858 liberent
2441 2842 2459 2871 ,
2490 2810 2545 2858 et
2586 2816 2682 2872 pro
2712 2801 3024 2872 coniugibus
3062 2798 3293 2854 habeant
3325 2815 3338 2851 :
3370 2807 3573 2865 quanto
3612 2796 3780 2862 major

2192 2893 2331 2963 apud
2372 2893 2543 2948 Deum
2565 2891 2667 2947 erit
2705 2906 2828 2961 erga
2867 2890 3100 2954 animas,
3144 2903 3260 2958 qua:
3300 2900 3394 2957 per
3442 2884 3778 2957 tyrannidem

2194 2985 2388 3041 diaboli
2430 3001 2461 3040 a
2507 2986 2681 3057 prisca
2721 2983 2808 3038 illa
2857 2983 3131 3038 nobilitate
3171 2982 3193 3011 ’
3242 2980 3293 3033 in
3337 2976 3624 3048 praesentis
3664 2976 3782 3028 vita:

2196 3076 2419 3149 lupanar
2462 3075 2694 3131 reducta:
2737 3075 2898 3130 sunt?
2942 3070 3256 3142 llujusmodi
3300 3068 3544 3137 exempla
3586 3065 3781 3136 passim

2196 3169 2334 3242 apud
2362 3168 2646 3240 prophetas
2672 3167 2926 3237 reperias,
2949 3179 3070 3219 eum
3096 3160 3385 3217 Jerusalem
3408 3158 3780 3226 alloquuntur,

2195 3279 2312 3333 qua:
2341 3261 2519 3331 utique
2548 3260 2601 3314 in
2644 3257 3044 3314 fornicationem
3078 3252 3370 3315 inciderat,
3403 3250 3512 3302 imo
3552 3244 3782 3300 fornice.

2200 3355 2396 3408 tionem
2437 3351 2562 3406 novi
2630 3351 2863 3423 generis,
2904 3341 3354 3420 quemadmodum
3384 3340 3461 3393 ait
3490 3336 3741 3393 Ezechiel
3774 3352 3787 3389 :

2202 3444 2443 3497 Omnibus
2468 3441 2809 3496 meretricibus
2828 3443 3013 3493 dantur
3033 3433 3302 3499 mercedes,
3328 3439 3380 3484 tu
3403 3445 3516 3484 vero
3539 3428 3790 3481 mercedes

2198 3532 2373 3597 dabas,
2404 3540 2452 3586 et
2480 3531 2621 3601 apud
2645 3538 2690 3583 te
2714 3532 2907 3583 diverso
2937 3527 3085 3582 modo
3113 3525 3308 3597 agitur,
3340 3535 3488 3591 quam
3514 3518 3658 3589 apud
3688 3533 3790 3572 ca:-

2191 3631 2329 3676 ‘tcras
2357 3621 2583 3695 (Escclt.
2613 3622 2700 3675 16.
2727 3622 2794 3676 55
2814 3619 2857 3691 ).
2891 3619 2957 3672 Et
2984 3617 3136 3682 alius,
3165 3612 3357 3670 Sediin
3387 3617 3689 3679 exspectans
3711 3623 3795 3660 eos

2200 3724 2455 3784 tamquam
2498 3712 2675 3767 cornix
2703 3712 2894 3764 deserta
2921 3709 2940 3739 ³
2967 3706 3096 3780 (Jcr.
3126 3707 3178 3761 5.
3203 3705 3241 3758 2
3264 3704 3304 3771 ).
3333 3700 3477 3753 lianc
3506 3698 3691 3765 itaque
3719 3699 3801 3753 sic

2203 3802 2512 3858 fornicatam
2535 3816 2741 3857 rursum
2766 3808 2950 3854 evocat
2969 3797 3124 3850 Deus.
3146 3790 3356 3848 Etenim
3379 3787 3665 3856 captivitas
3688 3801 3801 3840 non

2204 3907 2307 3951 tam
2331 3895 2397 3950 ad
2425 3894 2707 3949 vindictam
2728 3889 3014 3953 acciderat,
3037 3901 3193 3956 quam
3215 3882 3279 3937 ad
3304 3877 3724 3936 conversionem
3746 3886 3804 3931 et

2201 3987 2649 4043 emendationem.
2670 3981 2940 4052 Siquidem
2963 3979 3008 4034 si
3028 3993 3121 4032 eos
3143 3990 3357 4047 prorsus
3378 3968 3567 4028 ulcisci
3591 3969 3804 4023 voluis-

2202 4089 2284 4135 set
2306 4080 2465 4143 Deus,
2490 4093 2593 4132 non
2611 4075 2912 4130 reduxisset
2930 4071 3168 4133 domum,
3194 4081 3293 4123 nec
3315 4066 3502 4121 urbem
3524 4060 3800 4131 majorem

2202 4178 2253 4224 et
2266 4168 2698 4240 splendidiorem,
2713 4178 2810 4218 nec
2823 4161 3074 4230 templum
3088 4159 3269 4213 itidem
3284 4157 3456 4212 denuo
3469 4157 3794 4211 CXCilaSSt‘i:

2204 4260 2314 4313 Erit
2332 4260 2484 4323 enim,
2507 4260 2599 4318 ait,
2619 4255 2783 4326 gloria
2807 4255 2985 4306 domus
3005 4252 3156 4321 hujus
3177 4248 3444 4303 novissima
3467 4248 3799 4317 praestantior

2203 4351 2368 4421 priore
2395 4345 2753 4421 (Agg.2.10).
2785 4343 2936 4412 Quod
2967 4344 3009 4397 si
3039 4344 3178 4396 Dens
3207 4355 3350 4411 smpc
3375 4349 3798 4407 conspurcatam

2203 4438 2419 4493 libidine
2453 4452 2482 4491 a
2522 4435 2832 4506 pasttitentia
2863 4448 2969 4489 non
2995 4432 3252 4499 exclusit,
3280 4431 3446 4484 multo
3473 4431 3645 4499 magis
3676 4427 3796 4482 ani-

2204 4545 2343 4584 mam
2367 4538 2512 4583 tuam
2532 4524 2938 4595 amplexabitur,
2962 4537 3080 4592 qua:
3102 4536 3241 4575 nunc
3262 4520 3487 4590 primum
3513 4518 3669 4588 lapsa
3696 4529 3797 4572 cst.

2206 4620 2374 4675 Nemo
2395 4619 2559 4682 enim,
2584 4631 2742 4672 nemo
2763 4629 3035 4685 corporea:
3056 4619 3259 4666 amator
3278 4610 3485 4675 formm,
3509 4617 3801 4680 quantum-

2206 4715 2335 4770 libet
2374 4714 2592 4768 insanus
2612 4752 2624 4774 ,
2656 4717 2800 4763 tanta
2832 4706 3017 4760 amica:
3055 4719 3166 4758 sure
3193 4701 3212 4733 ⁸
3233 4700 3384 4758 ardet
3406 4701 3805 4769 concupiscen-

2210 4807 2301 4871 tia,
2331 4812 2531 4874 quanto
2560 4799 2735 4855 studio
2766 4798 2908 4853 Deus
2934 4796 3230 4850 animarum
3262 4800 3566 4846 nostrarum
3597 4788 3804 4858 appetit

2208 4898 2432 4952 salutem
2465 4911 2478 4949 :
2502 4892 2642 4964 quod
2671 4902 2780 4945 tum
2809 4906 2872 4944 ex
2900 4890 2963 4944 iis
2985 4903 3102 4958 qua:
3124 4883 3360 4956 quotidie
3384 4882 3663 4948 accidunt,
3690 4892 3803 4936 tum

2209 5003 2273 5042 ex
2292 4987 2590 5041 divinarum
2610 4984 3000 5054 Scripturarum
3017 4979 3171 5035 dictis
3191 4976 3368 5031 videre
3391 4975 3535 5030 licet.
3561 4974 3804 5029 Observa

2212 5089 2316 5136 tam
2346 5079 2396 5133 in
2425 5080 2538 5148 ipso
2557 5074 2804 5131 Ieremia:
2830 5071 3070 5139 exordio,
3098 5085 3253 5143 quam
3280 5068 3408 5123 alibi
3433 5067 3641 5137 passim
3665 5063 3806 5136 apud

2212 5172 2517 5243 prophetas,
2546 5167 2812 5240 quomodo
2833 5166 3116 5234 despectus
3138 5172 3189 5216 et
3213 5160 3541 5229 contemptui
3565 5158 3805 5223 habitus,

2213 5276 2422 5321 rursum
2454 5261 2615 5316 instet
2647 5268 2702 5315 et
2725 5257 3011 5312 amicitiam
3045 5269 3231 5309 eorum
3257 5295 3272 5319 ,
3302 5252 3389 5322 qtti
3430 5251 3498 5305 ab
3539 5265 3603 5306 se
3632 5248 3807 5305 aversi

2214 5360 2423 5414 fuerant
2448 5398 2460 5424 ,
2490 5355 2735 5425 exquirat
2762 5371 2774 5406 :
2806 5351 2949 5423 quod
2968 5349 3126 5405 etiam
3155 5348 3267 5418 ipse
3295 5349 3346 5400 in
3376 5345 3687 5415 Evangeliis
3716 5343 3809 5397 de-

2279 5562 2291 5591 '
2330 5557 2468 5609 Savil.
2492 5565 2543 5608 et
2560 5555 2755 5618 quidam
2782 5561 2892 5618 ptas.
2918 5551 3116 5618 addunt,
3136 5550 3185 5599 in
3206 5549 3315 5618 rita.

2276 5624 2297 5653 ²
2331 5620 2469 5669 Savil.
2490 5627 2539 5669 et
2561 5610 2689 5665 unus
2706 5615 2840 5673 Cod.,
2866 5611 3109 5663 nobilitate
3127 5621 3168 5661 cl
3196 5610 3384 5660 decore.

2281 5684 2301 5716 ³
2332 5666 2474 5730 savii.
2494 5666 2542 5729 et
2560 5688 2764 5742 quatuor
2781 5666 2908 5742 Mss...
2930 5675 3099 5725 turnia?
3119 5672 3166 5723 in
3191 5676 3381 5721 (λάθει-ιο
3400 5666 3519 5719 sola.

2283 5749 2307 5776 δ
2336 5748 2501 5800 Deest,
2523 5740 2644 5797 star,
2663 5740 2711 5788 in
2735 5740 2913 5802 aliquot
2934 5744 3041 5786 atas.
