4088 6138
379 329 480 382 297

385 447 550 498 claret
576 440 657 498 liis
694 443 868 498 verbis
901 459 915 498 :
946 443 1228 498 Jerusalem
1251 484 1265 510 ,
1295 443 1575 498 Jerusalem
1595 485 1608 508 ,
1639 459 1752 515 qua
1773 444 1958 498 occidis

383 533 684 603 prophetas,
712 543 760 588 et
797 535 996 606 lapides
1030 552 1112 590 eos
1135 537 1222 605 qui
1258 537 1324 589 ad
1359 545 1404 591 te
1436 535 1574 590 missi
1599 545 1741 602 sunt,
1773 536 1962 604 quoties

386 627 516 681 volui
535 640 841 696 congregare
864 627 1000 696 ﬁlios
1028 637 1158 696 tuos,
1182 629 1602 696 quemadmodum
1625 629 1816 699 gallina
1838 646 1960 684 cono
2004 660 2026 670 ε

384 726 554 788 gregat
575 718 743 787 pullos
763 735 881 772 suos
899 720 992 774 sub
1011 721 1141 788 alas,
1167 730 1213 776 et
1232 721 1464 775 noluistis
1488 719 1698 793 (Matth.
1719 721 1810 777 23.
1833 720 1962 792 57)?

387 810 451 863 Et
470 809 666 864 Paulus
692 811 745 864 in
770 807 1000 880 Epistola
1027 812 1091 866 ad
1116 811 1418 867 Corinthios
1436 811 1648 868 dicebat
1671 830 1684 866 :
1711 811 1964 880 Quoniam

386 898 520 953 Deus
560 908 668 953 erat
704 900 758 952 in
792 898 991 954 Christo
1011 944 1025 966 ,
1059 903 1303 956 mundum
1340 904 1668 958 reconcilians
1704 904 1831 970 sibi,
1861 919 1962 958 non

383 997 620 1056 reputans
642 990 746 1044 illis
773 991 954 1045 delicta
982 993 1227 1062 ipsorum,
1257 1004 1302 1048 et
1329 995 1493 1064 posuit
1517 997 1571 1050 in
1595 997 1738 1051 nobis
1761 997 1961 1051 verbum

384 1081 822 1136 reconciliationis.
853 1082 958 1138 Pro
984 1083 1183 1140 Christo
1225 1103 1343 1157 ergo
1376 1087 1625 1158 legatione
1666 1089 1960 1160 fungimur,

387 1180 623 1240 tanquam
649 1170 756 1224 Deo
781 1173 1076 1227 exhortante
1094 1190 1184 1245 per
1207 1191 1317 1230 nos.
1348 1175 1676 1232 Obsecremus
1701 1195 1793 1248 pro
1816 1178 1966 1235 Chri-

385 1271 480 1326 sto,
504 1264 895 1318 reconciliantini
917 1265 1024 1321 Deo
1047 1267 1122 1338 (2.
1153 1266 1269 1322 Cor.
1292 1270 1345 1324 5.
1373 1270 1460 1325 l9.
1488 1270 1601 1342 90).
1629 1271 1756 1328 Haec
1775 1271 1842 1327 ad
1864 1287 1966 1327 nos

388 1366 530 1406 nunc
556 1352 694 1408 dicta
717 1361 899 1422 putato
925 1373 939 1409 :
965 1372 1067 1410 non
1089 1359 1234 1413 enim
1256 1359 1598 1416 incredulitas
1619 1369 1844 1430 tantum,
1869 1363 1964 1420 sed

387 1444 546 1499 etiam
575 1446 682 1500 vita
711 1445 979 1502 immunda
1007 1449 1247 1508 odiosam
1282 1451 1418 1506 bane
1444 1453 1772 1524 inimicitiam
1816 1456 1963 1510 exei-

389 1544 503 1589 tare
529 1543 700 1604 potest
725 1553 737 1588 :
766 1534 905 1589 Nam
928 1539 1173 1608 sapientia
1197 1541 1382 1606 carnis,
1403 1543 1592 1612 inquit,
1610 1543 1872 1598 inimicitia
1894 1553 1966 1599 est

301 1699 310 1705 _
389 1623 498 1676 Deo
528 1623 722 1700 (Rom.
752 1628 804 1680 8.
834 1628 866 1680 7
891 1628 931 1697 ).
963 1628 1305 1684 Destruamus
1334 1632 1492 1701 igitur
1516 1632 1619 1688 hoc
1643 1645 1874 1704 septum,
1903 1650 1968 1692 ac

389 1717 664 1770 dii-namus
693 1726 1063 1788 mortuumque
1094 1736 1375 1790 ponamus,
1399 1732 1456 1776 ut
1483 1723 1690 1778 beatam
1723 1728 1966 1782 reeonei-

383 1805 662 1859 liationem
687 1804 1043 1874 adipiscamur
1061 1851 1075 1876 ,
1105 1819 1162 1866 ut
1187 1810 1470 1868 reddumur
1497 1814 1688 1870 iterum
1715 1818 1970 1874 amabiles

393 1906 440 1948 et
473 1894 852 1952 desiderabiles
877 1900 1004 1955 Deo.

487 2004 574 2058 li.
628 2005 932 2060 Theodorus
965 2005 1272 2062 Ilermiones
1304 2025 1482 2062 amore
1507 2017 1716 2078 captus.
1752 2037 1823 2048 —
1854 2007 1980 2062 Seio

412 2107 466 2152 te
499 2111 644 2151 nunc
676 2095 1000 2153 Hermiones
1033 2101 1263 2154 formam
1290 2101 1500 2164 mirari,
1523 2099 1766 2169 nihilque
1790 2099 1842 2152 in
1873 2105 1980 2152 ter-

407 2187 492 2244 ris
541 2189 664 2257 ejus
699 2189 1111 2258 pulchritudine
1142 2205 1240 2260 par
1273 2205 1398 2245 esse
1437 2197 1650 2258 putare.
1702 2189 1900 2244 Verum
1934 2189 1979 2243 si

407 2280 568 2345 velis,
602 2295 636 2334 ο
667 2280 863 2345 amice,
907 2287 1058 2334 tanto
1108 2281 1199 2334 illa
1249 2279 1549 2350 elegantior
1592 2287 1646 2334 et
1701 2279 1982 2350 pulchrior

407 2370 544 2435 eris,
567 2371 950 2440 quantoluteis
981 2386 1161 2425 aurea:
1183 2378 1398 2426 statuae.
1423 2369 1557 2424 Nam
1593 2372 1638 2424 si
1662 2371 1714 2423 in
1747 2384 1980 2439 corpore

415 2461 768 2532 pulchritudo
804 2461 1100 2516 multorum
1141 2461 1356 2517 animos
1388 2461 1462 2516 ita
1499 2461 1748 2531 percellit
1782 2467 1835 2514 et
1890 2475 1985 2514 ex-

405 2553 562 2618 citat,
613 2552 832 2622 quando
877 2567 942 2608 ea
977 2554 1032 2606 in
1066 2553 1249 2606 anima
1285 2551 1582 2615 refulserit,
1619 2551 1748 2621 quid
1804 2551 1986 2619 huius»

403 2643 556 2697 modi
584 2635 797 2712 speciei
828 2658 892 2698 ac
916 2641 1308 2713 pulchritudini
1345 2641 1525 2696 simile
1567 2641 1774 2696 fuerit?
1805 2640 1985 2710 Siqui-

303 2753 311 2761 -
406 2735 532 2789 dem
561 2734 724 2803 hujus
755 2733 1180 2804 pulchritudinis
1211 2733 1522 2788 substantia
1551 2733 1688 2786 nihil
1715 2730 1863 2784 aliud
1881 2738 1986 2796 est,

399 2837 569 2891 quam
598 2822 870 2891 phlegma,
900 2821 1150 2891 sanguis,
1186 2821 1404 2884 humor,
1425 2821 1572 2884 bilis,
1597 2827 1652 2876 et
1682 2819 1788 2874 cibi
1812 2818 1986 2874 mansi

407 2926 630 2966 succus.
668 2909 765 2966 His
806 2910 1006 2979 quippe
1053 2910 1218 2965 rebus
1249 2911 1420 2976 oculi,
1468 2925 1620 2980 gente
1666 2916 1721 2964 et
1775 2908 1986 2978 reliqua

391 3002 647 3058 membra
698 3001 996 3071 irrigantur
1037 3001 1230 3072 :quod
1280 3001 1327 3056 si
1376 3001 1752 3071 irrigationem
1803 2999 1990 3069 hujus-

396 3091 548 3145 modi
592 3106 623 3144 a
677 3099 866 3147 ventre
892 3099 947 3146 et
975 3106 1005 3145 a
1029 3091 1218 3160 iecore
1255 3099 1672 3161 promanantem
1706 3107 1813 3148 non
1846 3107 1984 3162 quo-

399 3183 537 3237 tidie
551 3181 848 3252 accipiant,
866 3192 991 3237 cute
1014 3183 1676 3249 indeeoremareesceute,
1692 3185 1978 3254 oculisque

397 3274 701 3344 depressis,
735 3273 848 3328 oris
879 3274 1093 3343 species
1129 3282 1240 3328 tota
1279 3275 1544 3329 continuo
1581 3275 1781 3329 avolat.
1812 3273 1888 3329 lta
1923 3284 1982 3329 ut

395 3368 447 3423 si
489 3365 827 3429 consideres,
869 3381 991 3436 quae
1028 3365 1380 3434 pulchritudo
1431 3366 1562 3422 insit
1610 3366 1809 3432 oculis,
1862 3382 1984 3436 qua:

397 3462 550 3510 recte
579 3455 902 3524 compositis
926 3456 1174 3520 naribus,
1203 3471 1325 3526 quae
1355 3457 1572 3526 corpori
1603 3464 1658 3511 et
1687 3457 1863 3528 genis,
1895 3456 1978 3510 ni.-

395 3544 476 3598 bil
508 3542 654 3598 aliud
685 3559 809 3600 esse
833 3546 1084 3615 corporis
1110 3547 1576 3616 pulchritudinem
1609 3547 1786 3615 dicas,
1814 3561 1980 3618 quam

395 3635 755 3706 sepulchrum
796 3636 1109 3691 dealbatam
1154 3656 1168 3692 :
1200 3644 1355 3692 tanta
1385 3654 1582 3708 nempe
1628 3639 1779 3695 intus
1819 3638 1981 3695 sorde

397 3728 628 3798 plenum
681 3735 784 3784 est.
823 3726 1030 3784 Deinde
1067 3744 1312 3798 pannum
1363 3731 1410 3784 si
1442 3729 1648 3786 videris
1688 3731 1982 3786 intinctum

395 3818 716 3886 huiusmodi
758 3819 948 3886 rebus,
993 3819 1193 3890 pituita
1237 3821 1492 3877 videlicet
1534 3830 1630 3877 aut
1680 3821 1874 3887 liuore,
1910 3837 1979 3878 ne

391 3906 657 3961 extremis
685 3906 902 3976 quidem
927 3907 1112 3977 digitis
1138 3909 1477 3980 contingere,
1514 3911 1626 3966 imo
1668 3926 1769 3966 nec
1802 3911 1978 3982 respi-

391 4012 520 4051 cere
548 3996 720 4052 audes
755 4017 768 4052 :
810 4005 868 4053 et
897 4007 1078 4054 tamen
1121 4000 1436 4070 huiusmodi
1477 4016 1660 4057 rerum
1694 4003 1976 4057 conclavia

391 4097 448 4144 et
483 4089 781 4158 apothecas
811 4091 1033 4161 plurimi
1069 4091 1246 4149 facis?
1269 4093 1341 4147 At
1365 4095 1714 4163 pulchritudo
1745 4101 1836 4150 tua
1864 4109 1974 4150 non

391 4180 714 4248 huiusmodi
749 4191 889 4246 erat,
933 4183 1025 4237 sed
1063 4183 1135 4238 ita
1173 4185 1526 4255 praestantior
1574 4185 1687 4251 illa,
1735 4194 1795 4241 ut
1847 4187 1975 4243 caeli

390 4280 596 4326 terram
627 4275 1004 4340 antecellunt;
1043 4275 1152 4330 imo
1181 4275 1336 4332 ccelis
1363 4276 1502 4346 ipsis
1533 4277 1702 4332 multo
1730 4277 1973 4347 splendi-

392 4361 519 4414 dior
557 4371 611 4416 et
651 4362 862 4417 melior.
893 4363 1145 4418 Animam
1189 4365 1392 4436 quippe
1434 4365 1695 4422 nudatam
1738 4383 1970 4438 corpore

389 4457 550 4536 nemo
576 4444 835 4536 hactenus
879 4450 1010 4506 vidit
1048 4472 1062 4507 :
1107 4454 1320 4512 aliunde
1348 4466 1522 4516 tamen
1561 4462 1680 4534 eius
1723 4465 1814 4520 tibi
1846 4471 1968 4536 pul-

386 4531 745 4592 ehritudinem
798 4538 1166 4600 demonstrare
1212 4549 1466 4618 tentabo,
1511 4567 1542 4606 a
1592 4531 1971 4622 potentiis'ni-

387 4623 583 4678 mirum
634 4627 946 4697 maioribus.
975 4634 1110 4688 Audi
1153 4635 1313 4706 igitur
1341 4641 1607 4709 quomodo
1631 4644 1800 4699 virum
1824 4647 1970 4701 desi-

388 4713 658 4770 deriorum
681 4717 694 4748 ¹
717 4717 925 4778 illarum
949 4715 1112 4778 decor
1140 4728 1451 4794 perculscrit
1472 4748 1484 4784 :
1503 4746 1623 4786 eum
1645 4735 1807 4790 vellet
1825 4739 1967 4792 enim

387 4817 570 4899 earum
607 4807 1062 4899 pulchritudinem
1105 4815 1396 4886 declarare,
1425 4835 1524 4887 nec
1554 4834 1735 4892 posset
1775 4840 1970 4899 corpus

391 4894 472 4949 bis
498 4897 672 4953 simile
701 4903 959 4970 reperire,
982 4905 1048 4960 ad
1071 4908 1390 4964 metallicam
1411 4914 1686 4970 materiam
1710 4894 1966 4989 confugit,

387 5001 559 5056 neque
602 4989 684 5045 his
728 5001 1033 5063 contentus,
1081 4998 1300 5070 fulguris
1329 5003 1668 5072 splendorem
1700 5008 1752 5064 in
1780 5025 1966 5067 exem-

389 5084 529 5151 plum
559 5085 756 5142 attulit.
789 5088 902 5144 Etsi
943 5099 1120 5146 autem
1159 5094 1267 5149 illa:
1299 5111 1404 5152 non
1437 5114 1630 5168 puram
1666 5100 1967 5170 nudamque

385 5175 733 5233 substantiam
779 5195 926 5235 suam
973 5183 1320 5250 ostenderint,
1367 5187 1462 5242 sed
1505 5188 1733 5246 obscure
1778 5191 1965 5247 admo-

385 5265 533 5333 dum,
563 5284 626 5324 ae
657 5272 800 5326 velut
829 5273 879 5327 in
911 5273 1134 5340 umbris,
1177 5279 1248 5330 ita
1279 5287 1454 5333 tamen
1494 5279 1962 5349 resplenduerunt,

385 5367 442 5410 ut
471 5375 562 5414 eas
590 5377 848 5433 apparere
873 5367 1158 5422 verisimile
1177 5377 1259 5423 est
1277 5385 1397 5424 cum
1429 5385 1587 5425 omne
1606 5373 1961 5430 velamentum

385 5461 646 5507 remotum
677 5455 853 5510 fuerit.
887 5457 1014 5514 Tale
1041 5460 1307 5530 quidpiam
1333 5461 1400 5517 de
1429 5463 1821 5532 pulchritudine
1850 5467 1964 5520 ani-

390 5609 1038 5685 ?_‘s'(;n115c‘odcxnetSa\‘il.
1077 5617 1122 5685 in
1157 5619 1626 5685 margine,__tentabo.
1660 5621 1794 5685 tifnde
1817 5622 1963 5685 igitur

457 5670 827 5745 demonstrabo?
848 5690 880 5745 ᾳ
908 5677 1177 5745 μ’ςειεδιίὺιῳ
1221 5669 1455 5745 petendis.
1484 5689 1534 5731 Et
1577 5680 1695 5732 andi
1730 5669 1964 5745 quomodo

384 5735 823 5787 supernaturalibus
848 5737 1084 5788 initiatum
1110 5735 1262 5790 vii-uin
1287 5742 1636 5794 desideriorum
1662 5781 1671 5792 .
1705 5781 1716 5794 .
1743 5735 1754 5794 ἶ
1776 5780 1790 5795 .
1822 5785 1832 5796 .

1542 330 1632 387 Αἰ)
1671 327 2092 388 TllEODORUM
2134 326 2420 387 LAPSUM.
2461 330 2503 387 l.

3539 323 3643 384 $93

2076 461 2176 501 mae
2205 449 2436 518 cogitare
2459 451 2684 517 oportet.
2717 443 2900 511 Erunt,
2931 443 3117 515 inquit,
3145 443 3270 498 sicut
3300 445 3465 517 angeli
3496 444 3644 514 (Luc.

2072 542 2166 597 20.
2192 541 2305 613 30).
2337 541 2392 596 ln
2421 539 2734 609 corporibus
2757 553 2965 610 quoque
2991 553 3075 604 ea,
3103 551 3221 608 quae
3244 536 3438 592 leviora
3465 545 3518 592 et
3565 545 3646 591 te-

2072 632 2260 686 nuiora
2292 640 2438 696 sunt,
2464 644 2687 702 qumque
2710 644 2805 700 per
2826 629 2964 683 viam
2988 627 3227 682 feruntur
3246 625 3312 682 ad
3336 627 3646 697 incorporea

2071 721 2401 786 tendentem,
2429 721 2586 791 longe
2608 720 2976 789 praestantiora
3009 727 3063 773 et
3089 717 3411 772 mirabiliora
3439 717 3648 772 caeteris

2075 812 2354 867 habentur.
2381 810 2582 866 Ctelum
2614 811 2770 882 igitur
2795 811 2974 877 terris,
3011 810 3147 881 ignis
3172 810 3342 880 aquis,
3373 809 3538 865 stella:
3573 808 3650 862 la-

2072 903 2281 973 pidibus
2327 904 2607 974 pretiosis,
2655 904 2813 974 longe
2869 901 3193 973 speciosiora
3237 910 3361 955 sunt
3398 919 3411 956 :
3459 899 3646 956 iridem

2077 996 2244 1050 multo
2273 996 2460 1066 magis,
2507 1010 2664 1066 quam
2691 995 2877 1060 violas,
2914 1007 3065 1048 rosas
3091 1001 3420 1062 czeterosqne
3462 1007 3650 1046 omnes

2077 1097 2235 1144 terra:
2267 1087 2427 1143 ﬂores
2451 1087 2795 1143 admiramur.
2825 1085 2883 1140 ln
2904 1100 3109 1140 summa
3149 1085 3192 1139 si
3234 1099 3418 1155 posses
3457 1083 3649 1139 animae

2080 1177 2529 1248 pulchritudinem
2571 1178 2738 1232 oculis
2783 1175 3059 1246 corporeis
3106 1174 3298 1229 intueri
3327 1216 3341 1240 ,
3391 1188 3649 1244 corporea

2077 1268 2190 1323 haec
2233 1268 2474 1339 exempla
2519 1268 2814 1336 derideres,
2863 1282 3031 1336 usque
3059 1265 3192 1321 adeo
3228 1265 3456 1320 tenuiter
3500 1264 3652 1319 nobis

2077 1361 2267 1415 animae
2313 1360 2537 1415 formam
2584 1360 2938 1430 decoremque
2979 1359 3268 1414 delineant.
3295 1356 3393 1423 Ne,
3446 1371 3646 1427 quaeso,

2079 1452 2236 1507 talem
2269 1451 2679 1521 possessionem,
2716 1460 2768 1507 et
2804 1451 3108 1521 huiusmodi
3152 1451 3455 1506 felicitatem
3488 1451 3653 1521 negli~

2073 1557 2261 1613 gamus
2301 1562 2314 1598 :
2361 1559 2482 1599 cum
2528 1544 2756 1598 maxime
2799 1543 2966 1598 facilis
2998 1543 3152 1598 nobis
3193 1543 3366 1598 aditus
3397 1543 3462 1598 ad
3509 1543 3652 1597 illam

2075 1633 2518 1704 pulchritudinem
2548 1632 2702 1688 detur
2722 1649 2817 1703 per
2836 1647 2983 1703 spem
3013 1632 3350 1688 futurorum‘.
3373 1631 3426 1686 Μ
3432 1643 3657 1687 omenta-

2076 1743 2225 1779 neum
2253 1726 2405 1793 enim,
2448 1726 2637 1796 inquit,
2671 1738 2716 1780 et
2755 1728 2858 1782 leue
2907 1726 3246 1780 tribulationis
3290 1737 3472 1782 nostra:
3500 1743 3656 1797 supra

2075 1817 2281 1870 modum
2305 1817 2357 1870 in
2381 1817 2700 1883 sublimitate,
2724 1827 2962 1871 (sternunt
2989 1815 3166 1887 gloria:
3180 1818 3380 1888 pondus
3397 1827 3653 1887 operatur,

2078 1924 2177 1960 non
2203 1905 2651 1976 contemplantibus
2689 1906 2831 1960 nobis
2858 1921 2971 1978 qua:
2994 1907 3244 1972 videntur,
3274 1908 3361 1961 sed
3401 1923 3518 1980 qua:
3554 1923 3658 1960 non

2076 1998 2347 2052 videntur:
2389 2015 2500 2068 qua:
2535 1999 2665 2052 enim
2711 1999 2938 2053 ridentur
2988 1999 3282 2069 temporalia
3331 2007 3498 2062 sunt;
3545 2015 3658 2070 quas

2077 2099 2242 2143 autem
2266 2106 2365 2143 non
2392 2091 2642 2157 videntur,
2683 2100 2868 2145 mterna
2896 2089 2970 2164 (2.
3003 2089 3121 2146 Cor.
3150 2092 3201 2146 4.
3253 2090 3362 2161 l7).
3412 2089 3566 2157 Quod
3611 2093 3656 2146 si

2080 2179 2467 2245 tribulationes,
2497 2197 2628 2250 quas
2650 2180 2809 2248 nosti,
2836 2181 2980 2236 leves
3003 2180 3208 2236 vocavit
3228 2181 3416 2237 beatus
3435 2181 3654 2247 Paulus,

2077 2270 2200 2340 quia
2227 2285 2330 2324 non
2363 2271 2645 2340 respicitur
2667 2271 2733 2325 ad
2760 2286 2820 2326 ea
2843 2285 2961 2341 quae
2991 2271 3257 2336 videntur,
3290 2272 3456 2326 multo
3487 2270 3659 2326 levius.

2078 2371 2132 2416 et
2160 2360 2368 2416 facilius
2410 2363 2512 2416 erit
2549 2362 2818 2417 libidinem
2869 2362 3076 2417 sedare.
3107 2361 3351 2418 Nondum
3403 2363 3547 2417 enim
3591 2361 3656 2416 ad

2080 2453 2314 2524 pericula
2346 2461 2397 2509 te
2428 2453 2517 2508 illa
2542 2469 2817 2521 vocamus,
2847 2469 2950 2508 non
2982 2453 3047 2507 ad
3078 2463 3277 2508 mortes
3298 2453 3656 2523 quotidianas,

2079 2560 2184 2600 non
2213 2545 2279 2599 ad
2308 2545 2484 2615 plagas
2514 2545 2842 2616 frequentes,
2884 2545 3126 2610 verbera,
3170 2545 3398 2612 vii'icnla,
3430 2544 3657 2599 inimici.—

2079 2636 2179 2689 tias
2209 2650 2327 2690 cum
2357 2635 2486 2690 orbe
2516 2644 2800 2701 terrarum,
2844 2649 2946 2690 non
2978 2635 3046 2689 ad
3072 2635 3191 2690 odia
3217 2634 3668 2700 domesticorum,

2081 2740 2185 2780 non
2233 2727 2298 2780 ad
2329 2726 2533 2796 vigilias
2581 2726 2907 2796 frequentes,
2955 2726 3141 2796 longas
3181 2726 3657 2796 peregrinationes,

2077 2815 2370 2887 naufragia,
2416 2818 2679 2872 latronum
2725 2817 2989 2883 incursus,
3021 2826 3368 2886 cognatorum
3419 2816 3658 2881 insidias,

2078 2909 2291 2965 dolores
2311 2911 2603 2966 amicorum
2633 2926 2827 2974 causa;
2858 2925 2962 2964 non
3005 2909 3070 2964 ad
3101 2910 3315 2974 famem,
3345 2907 3533 2979 frigus,
3560 2926 3659 2963 nu-

2077 3001 2314 3067 ditatem,
2344 3002 2699 3068 exustionem,
2732 3000 3037 3056 maestitiam
3075 3015 3172 3070 pro
3206 3002 3364 3056 rebus
3389 3000 3503 3055 sive
3534 2999 3654 3064 tuis,

2078 3092 2189 3146 sive
2211 3106 2317 3146 non
2349 3091 2471 3147 tuis.
2511 3091 2654 3147 Nihil
2702 3092 2890 3146 horum
2932 3091 3041 3160 iam
3071 3092 3398 3160 postulamus
3439 3092 3575 3158 ;sed
3607 3092 3658 3144 id

2076 3184 2246 3238 solum
2267 3199 2534 3254 rogamus,
2557 3199 2588 3238 a
2615 3183 2896 3237 maledicta
2917 3183 3173 3238 servitute
3202 3183 3393 3239 liberes
3416 3193 3486 3248 te,
3507 3192 3564 3240 et
3592 3185 3659 3238 ad

2078 3276 2354 3348 pristinam
2400 3276 2699 3332 libertatem
2745 3284 3051 3339 revertare,
3095 3284 3266 3330 tecum
3317 3284 3568 3344 reputans
3605 3283 3661 3330 et

2077 3367 2309 3422 libidinis
2333 3381 2538 3437 poenas,
2572 3375 2628 3423 et
2655 3365 2890 3422 debitum
2911 3365 3151 3437 pristina:
3171 3365 3352 3420 virtuti
3390 3373 3494 3420 tua:
3523 3379 3660 3436 pra:-

2077 3459 2262 3513 mium.
2287 3456 2418 3512 Nam
2466 3457 2608 3529 quod
2638 3456 2898 3512 increduli
2922 3456 3063 3512 circa
3095 3456 3538 3512 resurrectionem
3567 3469 3658 3511 se-

2076 3550 2252 3622 gniter
2281 3549 2455 3605 affecti
2500 3549 2626 3616 sint,
2659 3563 2760 3603 nec
2805 3562 3055 3619 umquam
3085 3545 3210 3602 inde
3244 3555 3446 3603 metum
3491 3547 3660 3602 susci-

2077 3643 2243 3712 piant,
2269 3641 2401 3696 nihil
2427 3651 2572 3697 certe
2615 3641 2809 3695 mirum
2837 3648 2962 3695 est:
2994 3638 3092 3695 sed
3137 3638 3277 3710 quod
3307 3653 3405 3694 nos
3449 3639 3539 3709 qui
3590 3636 3658 3694 de

2077 3733 2267 3790 futuris
2296 3735 2463 3804 magis
2505 3748 2664 3804 quam
2706 3735 2774 3788 de
2817 3732 3171 3802 praesentibus
3214 3731 3374 3788 rebus
3418 3732 3656 3802 persuasi

2075 3839 2282 3888 sumus,
2320 3831 2428 3879 tam
2454 3824 2648 3880 misere
2675 3823 2950 3895 degamus,
2983 3832 3090 3878 tam
3119 3821 3446 3888 calamitose,
3478 3822 3656 3878 nullo-

2076 3929 2178 3986 que
2204 3930 2365 3971 sensu
2395 3930 2460 3971 ex
2490 3931 2674 3971 earum
2712 3914 2969 3970 memoria
2993 3913 3309 3977 efficiamur,
3349 3913 3446 3970 sed
3481 3913 3534 3968 in
3563 3929 3664 3970 ex—

2078 4014 2301 4062 tremam
2349 4006 2608 4061 incuriam
2638 4003 2966 4070 delabamur,
2999 4003 3051 4058 id
3096 4017 3227 4059 sane
3251 4003 3498 4058 amentia:
3540 4001 3656 4072 ple-

2076 4113 2202 4153 num
2229 4105 2332 4154 est.
2362 4098 2418 4155 Si
2444 4099 2587 4154 enim
2619 4113 2718 4154 nos
2753 4097 2938 4153 fideles
2959 4095 3146 4152 eadem
3175 4110 3294 4166 quin
3319 4093 3560 4151 infideles
3579 4093 3654 4149 illi

2077 4187 2319 4252 facimus,
2343 4189 2452 4242 imo
2473 4188 2829 4244 miserabilius
2851 4202 3007 4257 quam
3032 4185 3106 4240 illi
3129 4185 3300 4241 allecti
3327 4185 3651 4256 sumus(non

2076 4278 2268 4333 desunt
2283 4278 2424 4334 enim
2447 4279 2585 4334 inter
2600 4279 2738 4345 illos,
2755 4279 2841 4349 qui
2860 4279 3089 4334 humana
3111 4278 3302 4334 virtute
3320 4275 3652 4346 claruerint):

2075 4382 2194 4438 quae
2224 4367 2376 4422 nobis
2406 4367 2510 4422 erit
2555 4367 2870 4433 consolatio,
2901 4383 3020 4437 qua:
3046 4367 3260 4423 demum
3277 4363 3474 4422 venia?
3503 4365 3652 4421 Multi

2077 4457 2290 4529 quidem
2313 4466 2638 4512 mercatores
2659 4456 2988 4526 naufragium
3010 4458 3152 4526 passi
3181 4470 3288 4512 non
3312 4457 3490 4510 animo
3523 4471 3653 4510 con-

2075 4548 2438 4616 ciderunt,sed
2462 4549 2646 4604 eadem
2673 4547 2916 4602 institere
2934 4547 3037 4613 via;
3062 4561 3379 4616 quamquam
3402 4545 3452 4600 id
3473 4545 3650 4600 damni

2075 4659 2180 4699 non
2209 4657 2274 4698 ex
2303 4641 2525 4712 segnitie
2553 4640 2792 4696 evenerit
2815 4639 2915 4695 sibi
2945 4680 2960 4706 ,
2987 4637 3082 4694 sed
3111 4639 3158 4692 vi
3192 4644 3469 4692 ventorum
3508 4655 3522 4693 :
3555 4654 3650 4693 nos

2073 4747 2272 4801 autem,
2313 4735 2504 4805 quibus
2550 4733 2618 4788 de
2662 4733 2803 4788 bono
2851 4732 2957 4788 fine
2985 4747 3199 4802 semper
3244 4745 3460 4802 sperare
3503 4731 3649 4797 licet,

2074 4842 2191 4880 cum
2233 4826 2400 4895 probe
2453 4826 2704 4893 sciamus,
2755 4841 2925 4896 neque
2973 4825 3326 4897 naufragium,
3359 4840 3532 4896 neque
3557 4825 3653 4882 de-

2077 4918 2306 4972 trimenti
2334 4916 2591 4987 quidlibet
2612 4918 2789 4972 invitis
2817 4917 2972 4972 nobis
3001 4916 3355 4972 obventurum
3382 4931 3522 4984 esse,
3556 4934 3652 4972 an-

2075 5025 2179 5064 non
2204 5024 2318 5063 rem
2344 5008 2746 5079 aggrediemur?
2767 5022 2945 5062 annon
2984 5007 3248 5074 eamdem,
3279 5022 3438 5078 quam
3481 5007 3648 5078 prius,

2073 5109 2425 5156 mercaturam
2474 5114 2826 5167 resumemus,
2869 5100 2962 5155 sed
2998 5100 3174 5170 supini
3219 5100 3480 5155 consertis
3509 5101 3647 5170 apud

2073 5209 2170 5249 nos
2219 5195 2462 5249 manibus
2503 5193 2839 5264 iacebimus?
2877 5193 2946 5248 Et
2987 5193 3186 5248 utinam
3230 5193 3368 5263 apud
3399 5207 3498 5248 nos
3529 5203 3644 5247 tan-

2074 5296 2206 5352 tum,
2257 5296 2311 5341 et
2342 5303 2447 5342 non
2475 5288 2633 5342 etiam
2665 5295 2848 5341 contra
2871 5299 2990 5350 nos,
3018 5283 3161 5354 quod
3189 5294 3387 5354 aperta:
3427 5285 3646 5339 insania:

2071 5385 2172 5431 est.
2203 5376 2337 5432 Nam
2369 5377 2414 5431 si
2442 5378 2559 5447 quis
2604 5376 2747 5446 pugil
2788 5375 2990 5430 omisso
3027 5375 3354 5442 adversario,
3404 5376 3455 5429 in
3484 5383 3647 5442 caput

2071 5485 2222 5525 suum
2255 5483 2444 5524 manus
2467 5475 2804 5528 converteret
2831 5466 3124 5537 faciemque
3165 5480 3314 5521 suam
3344 5463 3664 5520 eontunde-.

2071 5571 2172 5625 rel,
2202 5575 2378 5614 annon
2406 5575 2527 5616 eum
2551 5561 2686 5616 inter
2716 5558 2944 5615 furiosos
2971 5554 3483 5613 annumeraremus?
3506 5553 3645 5620 Sups

2136 5677 2147 5703 ι
2170 5676 2344 5736 Regius
2364 5687 2488 5723 unus
2505 5673 2657 5722 addit:
2677 5677 2731 5722 Et
2753 5672 2879 5736 quod
2902 5671 2990 5722 hoc
3014 5684 3183 5736 rerum
3199 5675 3284 5736 est,
3309 5663 3674 5736 audit‘aulunt-

2069 5735 2191 5789 illud
2211 5725 2340 5790 nobis
2363 5725 2838 5787 denwnstt'antem'iis
2863 5747 2970 5798 qua:
2987 5735 3052 5782 ad
3075 5725 3332 5782 roriutht'os
3350 5725 3527 5778 scribit.
