4088 6138
356 313 460 369 299

359 429 610 500 plantavit
636 442 732 484 nos
762 427 1001 484 diabolus
1039 440 1103 482 ac
1130 427 1324 496 dejecit
1351 441 1366 480 :
1395 436 1719 498 quapropter
1746 441 1926 482 resur-

357 534 484 588 gere
525 526 754 589 oportet,
797 531 1094 586 curareque
1133 531 1202 571 ne
1246 517 1605 586 abripiamur,
1653 533 1787 573 neve
1835 531 1933 573 nos

363 608 661 678 praecipites
687 607 894 673 demus,
925 621 1028 660 neu
1071 605 1189 673 ejus
1218 605 1383 675 plagis
1412 607 1540 660 alias
1568 622 1596 660 a
1625 607 1778 662 nobis
1806 607 1934 676 ipsis

367 697 541 754 illatas
566 699 901 768 adjiciamus.
929 696 1202 766 Siquidem
1238 697 1423 750 beatus
1452 697 1614 751 David
1650 698 1701 751 in
1731 697 1934 766 lapsum

362 788 557 842 decidit
607 796 697 841 tuo
739 785 992 849 similem,
1035 785 1141 839 imo
1186 793 1240 838 et
1283 785 1442 839 alium
1485 785 1695 853 adjecit,
1746 801 1937 853 nempe

367 875 732 932 homicidium.
780 875 917 943 Quid
967 875 1166 946 igitur?
1209 891 1334 928 nmn
1384 885 1675 943 prostratus
1703 875 1940 928 mansit?

361 982 542 1024 annon
583 967 759 1022 statim
791 967 962 1022 erexit
1007 981 1100 1033 se,
1134 975 1454 1035 strenueque
1497 966 1692 1020 bellum
1739 965 1944 1034 paravit

267 1103 274 1122 ,
364 1070 549 1116 contra
595 1060 908 1115 inimicum?
937 1060 1048 1113 lmo
1079 1059 1148 1112 ita
1188 1059 1395 1112 fortiter
1423 1058 1594 1127 ipsum
1637 1057 1940 1121 debellavit,

277 1221 280 1234 Ι
368 1151 621 1206 utetiam
667 1159 909 1205 mortuus
952 1149 1224 1220 progeniei
1277 1165 1386 1204 sua:
1436 1148 1682 1218 prtesidio
1728 1156 1872 1203 esset
1902 1150 1942 1200 '.

376 1242 649 1298 Salomoni
681 1243 875 1312 quippe
907 1243 1090 1311 ingens
1119 1241 1372 1311 ﬂagitium
1404 1256 1673 1310 aggresso,
1719 1249 1773 1295 et
1802 1240 1948 1294 mille

379 1343 580 1388 mortes
612 1334 923 1402 promerito,
970 1343 1187 1402 propter
1227 1333 1388 1386 David
1421 1349 1638 1401 regnum
1685 1333 1946 1402 integrum

373 1439 434 1480 se
460 1423 757 1494 relinquere
786 1423 911 1477 dicit
934 1423 1073 1478 Deus
1103 1423 1185 1476 his
1206 1423 1380 1476 verbis
1409 1439 1420 1475 :
1451 1423 1700 1476 Scindens
1722 1423 1950 1476 scindant

386 1529 594 1583 regnum
640 1522 779 1565 tuum
823 1512 885 1564 de
916 1529 1069 1565 manu
1110 1523 1215 1576 tua,
1245 1522 1292 1566 et
1313 1511 1441 1573 dabo
1490 1511 1619 1564 illud
1661 1528 1804 1566 servo
1844 1521 1950 1564 tuo.

391 1598 574 1656 Verum
613 1602 666 1654 in
711 1599 884 1655 diebus
928 1602 1024 1654 tuis
1055 1601 1148 1654 hoc
1185 1603 1204 1631 ²
1237 1618 1336 1654 non
1376 1601 1560 1670 faciam
1608 1603 1680 1669 (3.
1709 1602 1834 1670 Reg.
1864 1602 1952 1655 11.

385 1693 498 1762 Η).
545 1691 759 1758 Quare?
813 1691 1032 1761 Propter
1081 1691 1248 1744 David
1285 1701 1475 1760 patrem
1519 1702 1658 1744 tuum
1705 1707 1722 1744 :
1761 1693 1821 1746 de
1845 1709 1957 1745 ma-

382 1784 525 1837 nibus
551 1785 646 1852 filii
675 1783 748 1836 tui
772 1783 900 1836 illud
925 1783 1190 1848 accipiam.
1219 1782 1458 1852 Ezechire
1488 1798 1696 1851 quoque
1722 1783 1790 1837 de
1811 1798 1959 1837 sum-

376 1875 466 1916 ma
494 1850 674 1914 rerum
699 1854 1050 1929 periclitanti,
1075 1864 1406 1924 quamquam
1425 1850 1624 1920 justus
1661 1855 1826 1913 esset,
1854 1861 1969 1917 pro-

379 1962 502 2025 pter
527 1951 746 2006 beatum
787 1947 938 2002 illum
973 1945 1153 1999 virum
1182 1942 1444 1997 auxilium
1487 1939 1735 2011 promisit
1767 1955 1780 1991 :
1826 1937 1958 1992 Pro-

381 2053 578 2114 tegam,
605 2039 803 2111 inquit,
830 2037 1010 2091 urbem
1030 2035 1187 2100 hanc,
1218 2042 1277 2088 ut
1297 2048 1494 2088 servem
1517 2048 1632 2085 eam
1656 2039 1870 2098 propter
1893 2045 1972 2083 me

377 2147 430 2191 et
453 2147 668 2206 propter
696 2133 868 2188 David
883 2147 1100 2201 puerum
1120 2145 1291 2184 meum
1311 2128 1383 2198 (λι,
1407 2127 1533 2196 Reg.
1562 2125 1646 2180 19.
1667 2124 1777 2195 54).
1800 2123 1972 2178 Tanta

381 2239 485 2288 test
507 2228 837 2302 paenitentia:
859 2227 1051 2281 virtus.
1077 2223 1250 2279 Porro
1274 2225 1316 2278 si
1344 2239 1429 2286 ea,
1455 2237 1562 2291 qua
1581 2228 1638 2276 tu
1662 2236 1826 2284 nunc,
1846 2235 1972 2274 sen-

393 2323 551 2380 entia
599 2321 816 2385 fuisset,
858 2318 1023 2372 Deum
1072 2331 1179 2370 non
1236 2329 1396 2384 posse
1426 2313 1683 2382 deinceps
1714 2311 1914 2381 placari
1959 2329 1971 2364 :

393 2420 466 2472 et'
497 2416 542 2473 si
589 2415 731 2469 intra
784 2410 1138 2474 se'dixisset,
1175 2406 1395 2462 llonore
1434 2421 1630 2476 magno
1671 2420 1756 2458 me
1800 2401 1978 2458 affecit

388 2511 560 2573 Deus,
594 2507 738 2562 inter
765 2504 1059 2576 prOphetas
1087 2497 1392 2562 constituit,
1429 2497 1482 2550 in
1513 2494 1848 2551 eontribulcs
1877 2494 1978 2546 im-

387 2599 597 2671 perium
629 2595 876 2658 tradidit,
905 2591 1287 2659 sexcentisque
1319 2604 1405 2643 me
1441 2587 1702 2657 periculis
1729 2584 1930 2639 exemit
1959 2601 1972 2636 :

393 2687 667 2758 quomodo
708 2695 830 2755 post
869 2691 950 2736 tot
973 2680 1236 2736 beneficia
1277 2680 1487 2748 lapsus,
1523 2685 1578 2730 et
1607 2684 1849 2732 extrema
1880 2684 1979 2726 au'

391 2793 488 2834 sus
511 2775 784 2837 facinora,
811 2773 1019 2844 possim
1041 2786 1164 2827 eum
1188 2769 1368 2823 demto
1391 2767 1522 2822 mihi
1543 2767 1836 2837 propitium
1859 2765 1980 2819 red-

392 2868 564 2926 dere?
606 2866 653 2921 si
681 2867 798 2920 haec
841 2864 896 2918 in
930 2871 1111 2916 mente
1141 2860 1460 2920 habuisset,
1511 2873 1618 2911 non
1668 2856 1843 2910 solum
1878 2871 1975 2921 ea,

395 2977 517 3032 quae
547 2967 737 3031 postea
768 2965 917 3014 recte
956 2955 1148 3026 gessit,
1186 2968 1295 3007 non
1330 2950 1603 3006 effecisset
1626 2990 1640 3014 ,
1689 2945 1782 3002 sed
1811 2947 1976 3002 etiam

398 3051 582 3124 priora
610 3063 829 3120 pessum
859 3045 1014 3101 dedis
1028 3053 1132 3099 set.

471 3142 557 3198 15.
585 3137 977 3195 Animwmorbi
997 3133 1216 3208 quilibet
1235 3149 1435 3203 semper
1457 3131 1638 3185 curari
1661 3136 1985 3198 possunt.—

398 3235 584 3305 Neqne
636 3232 782 3288 enim
830 3231 1007 3286 solum
1051 3228 1070 3258 ³
1115 3225 1400 3296 corporis,
1433 3223 1528 3279 sed
1575 3223 1738 3277 etiam
1780 3219 1981 3273 animae

399 3331 630 3385 vulnera
667 3323 938 3379 inducunt.
970 3326 1222 3374 mortem.
1270 3317 1522 3371 Attamen
1557 3329 1622 3368 eo
1656 3309 1986 3380 insipientia:

400 3423 674 3482 venimus,
693 3427 751 3473 ut
768 3417 860 3471 illa
873 3413 1163 3485 diligenter
1176 3423 1457 3472 curemus,
1474 3407 1588 3460 haec
1609 3403 1951 3474 negligamus
1969 3417 1982 3452 :

405 3527 737 3587 quamquam
775 3521 979 3579 corpus
1016 3501 1309 3560 insanabili
1345 3516 1489 3570 saepe
1523 3498 1716 3552 morbo
1751 3496 1983 3557 laboret,

407 3581 544 3664 nihil
575 3581 758 3658 tamen
784 3601 853 3655 de
881 3598 1059 3654 salute
1092 3596 1450 3663 desperamus
1483 3608 1496 3644 :
1539 3604 1604 3644 ac
1631 3588 1756 3640 licet
1789 3581 1984 3637 medici

409 3702 723 3769 frequenter
739 3690 1146 3753 dicant,morho
1164 3701 1269 3741 non
1287 3698 1448 3756 posse
1464 3677 1762 3735 remedium
1783 3671 1984 3736 aﬂ‘erri,

408 3764 680 3848 instamus
699 3781 1058 3840 nihilominus
1071 3785 1348 3846 rogantes,
1365 3773 1600 3841 aliquam
1622 3768 1702 3822 vel
1722 3764 1986 3820 tantillam

415 3883 598 3940 all'erri
621 3863 1078 3936 consolationem:
1105 3871 1160 3926 in
1187 3867 1396 3925 morbis
1419 3872 1600 3920 autem
1621 3861 1835 3923 animae,
1860 3870 1990 3927 quo-

414 3992 535 4033 rum
560 3973 692 4029 nulli
723 3967 1055 4026 insanabiles
1083 3969 1232 4024 sunt,
1257 3960 1457 4031 quippe
1481 3955 1572 4026 qui
1606 3968 1636 4006 a
1667 3960 1874 4006 naturre
1899 3961 1992 4002 ne—

413 4069 670 4124 cessitate
696 4080 803 4120 non
838 4058 1157 4133 procedant,
1184 4070 1248 4110 ac
1270 4053 1314 4109 si
1343 4052 1534 4106 alienas
1553 4053 1738 4105 essent
1763 4039 1992 4099 inﬁrmi—

416 4172 556 4216 tates
575 4162 616 4225 δ,
638 4155 861 4228 perinde
881 4151 1214 4222 negligenter
1231 4145 1462 4218 agimus,
1479 4143 1588 4196 imo
1605 4139 1990 4208 desperamus:

412 4251 572 4313 atque
599 4246 685 4296 ubi
713 4250 898 4294 natura
928 4239 1097 4292 morbi
1136 4236 1463 4305 deploratam
1493 4233 1846 4287 \aletudincm
1872 4244 1991 4284 esse

412 4333 628 4398 suadet,
660 4345 722 4386 ac
746 4331 790 4384 si
819 4344 942 4400 spes
963 4337 1102 4382 esset
1124 4327 1286 4381 multa
1314 4325 1496 4379 salutis
1515 4367 1529 4390 ,
1561 4338 1740 4378 curam
1769 4321 1992 4375 adhibe-

418 4440 567 4491 mus;
597 4423 684 4478 ubi
723 4436 848 4477 vero
875 4420 1017 4474 nulla
1045 4418 1360 4488 desperandi
1387 4431 1576 4481 causa,
1606 4412 1998 4482 chpondemus

419 4518 690 4582 animum,
735 4521 788 4567 et
831 4511 898 4565 ab
941 4508 1084 4564 omni
1125 4522 1250 4562 cura
1293 4506 1826 4571 absistimuszusque
1868 4499 2002 4556 adeo

423 4611 684 4681 majorem
733 4603 969 4675 corporis
997 4645 1010 4666 ,
1050 4617 1206 4671 quam
1250 4599 1470 4663 animm,
1516 4597 1774 4650 rationem
1837 4590 2001 4644 habe-

427 4716 568 4757 mus.
591 4699 920 4768 Quapropter
943 4711 1006 4748 ne
1027 4706 1220 4760 corpus
1240 4691 1449 4760 quidem
1476 4701 1687 4740 servare
1704 4695 2004 4753 possumus.

1026 310 1080 366 S.
1119 308 1397 368 JOANNIS
1435 309 1901 367 CHRYSOSTOMI
1941 307 2257 367 ARCBIEP.
2297 309 2825 369 CONSTANTINOP.

432 4793 564 4850 Nam
596 4792 686 4863 qui
707 4790 846 4862 quod
877 4789 1198 4857 praecipuum
1229 4793 1309 4837 est
1337 4781 1554 4850 negligit
1577 4821 1591 4844 ,
1624 4787 1678 4831 ct
1708 4777 1757 4830 in
1789 4770 2012 4828 minori-

437 4897 536 4952 bus
565 4904 778 4946 omnem
807 4881 1214 4940 sollicitudinem
1248 4876 1415 4944 ponit,
1461 4882 1680 4939 utraque
1711 4868 1935 4921 destruit
1963 4875 2018 4918 et

444 4981 763 5058 perditzqui
806 4985 982 5029 autem
1012 4970 1252 5023 ordinem
1283 4970 1489 5025 servat,
1520 4969 1573 5014 et
1601 4959 1738 5028 quod
1772 4958 1918 5026 prius
1941 4964 2023 5009 est

450 5048 869 5133 inasimeicurat
894 5107 910 5133 ,
958 5059 1165 5119 etiamsi
1193 5055 1334 5126 quod
1367 5053 1628 5122 posterius
1654 5059 1733 5102 est
1761 5048 2025 5114 negligat,

454 5185 550 5241 per
576 5165 802 5221 salutem
833 5158 974 5214 illius
997 5156 1098 5207 hoc
1126 5150 1284 5205 etiam
1313 5148 1610 5200 conservat.
1637 5137 1689 5191 Id
1723 5152 1847 5190 vero
1871 5134 2029 5187 Chri—

459 5229 572 5324 stus
619 5256 814 5314 nobis“
860 5249 1095 5308 declarat
1148 5245 1231 5297 his
1280 5238 1492 5295 verbis:
1525 5231 1695 5286 Nolite
1737 5229 1910 5280 timere
1946 5240 2029 5276 eos

527 5382 545 5413 ⁸
571 5383 700 5427 Unus
734 5381 837 5432 515.,
857 5379 957 5420 esse
982 5366 1152 5429 posset.
1183 5355 1325 5407 savii.
1351 5359 1476 5416 post,
1500 5352 1730 5403 mortuus,
1755 5339 1900 5396 addit,
1927 5337 2039 5385 bea-

464 5453 561 5534 ιη’.
585 5498 726 5552 Savil.
755 5505 807 5547 et
819 5494 1153 5556 aliquot-“55.,
1171 5484 1294 5534 lucc.

537 5566 556 5596 ³
588 5545 927 5615 ⁷Μειδῖ,
952 5545 1288 5615 δοιαμυιιιξιετα,
1321 5613 1328 5615 Ξ
1392 5598 1446 5615 Α,

537 5591 554 5596 '
591 5591 670 5613 nua
694 5591 776 5612 υυι
800 5591 927 5615 ηυδε,
952 5591 1054 5602 vv-..
1079 5591 1150 5597 ν-.-
1173 5591 1223 5595 ---
1244 5591 1287 5594 ,μ
1438 5599 1446 5607 _

537 5630 558 5658 δ
584 5591 723 5676 Savil.
751 5631 802 5672 et
823 5631 949 5672 unus
971 5611 1130 5660 codex
1156 5598 1538 5676 halicut_,_alteu_a

547 5655 554 5658 '
586 5655 723 5676 auus.
751 5655 802 5672 υι.
826 5655 949 5672 ιιι-υ...
976 5655 1126 5660 --ν-νη
1158 5655 1168 5656 κ
1345 5655 1352 5661 ,
1569 5662 1580 5671 ξ
1620 5656 1627 5662 Ι

547 5691 564 5718 ³
594 5693 667 5738 sic
705 5685 842 5738 Savil.
871 5689 923 5731 et
967 5683 1136 5726 omnes
1159 5682 1288 5734 pene
1467 5667 1516 5709 ιιι
1555 5655 1671 5706 wit.
1706 5659 1864 5701 Morel.

481 5757 628 5806 nobis.

1896 5644 2056 5701 deest,

3503 303 3602 366 300

2039 431 2126 499 qui
2145 429 2375 484 occidunt
2411 446 2594 501 corpus
2613 470 2628 494 ,
2660 430 2878 483 animam
2903 436 3070 483 autem
3096 443 3195 481 non
3223 434 3432 496 possunt
3469 429 3600 478 occl-

2041 519 2197 583 dere;
2240 519 2327 573 sed
2370 520 2532 588 potius
2577 521 2738 572 timete
2775 535 2885 572 eum
2928 518 3015 588 qui
3044 525 3200 588 potest
3231 525 3276 569 et
3314 515 3534 568 animam
3561 523 3607 568 et

2041 625 2221 680 corpus
2255 610 2460 681 perdere
2499 611 2550 663 in
2579 611 2802 681 gehenna
2823 609 3034 680 (Matth.
3076 609 3162 662 10.
3203 606 3316 675 28).
3349 604 3608 675 Numquid

2038 701 2147 771 jam
2181 701 2274 755 tibi
2320 716 2626 772 persuasum
2665 711 2747 756 est
2784 716 3068 770 numquam
3094 699 3159 754 de
3189 699 3379 752 anima:
3414 698 3611 752 morbis

2045 792 2192 860 quasi
2216 791 2590 845 insanabilibus
2607 791 2993 859 desperandum
3011 804 3147 853 esse,
3171 803 3236 840 an
3257 803 3383 842 vero
3398 802 3614 842 necesse

2047 889 2130 934 est
2154 888 2208 934 et
2247 881 2348 934 alia
2384 881 2636 936 adhibere
2681 880 2992 934 ratiocinia?
3031 876 3428 945 Quantumlibet
3469 877 3611 931 enim

2049 973 2162 1042 ipse
2187 974 2421 1028 animum
2443 973 2796 1043 despondeas,
2827 987 2924 1026 nos
2949 986 3230 1042 numquam
3252 971 3318 1025 de
3347 978 3397 1025 te
3424 969 3616 1040 despe-

2053 1064 2287 1118 rabimus
2311 1081 2323 1116 :
2348 1079 2518 1133 neque
2546 1063 2597 1118 id
2627 1065 2766 1133 quod
2794 1063 2910 1116 aliis
2936 1063 3067 1115 vitio
3095 1061 3367 1126 vertimus,
3397 1059 3497 1129 ipsi
3522 1059 3619 1113 ad-

2053 1155 2355 1219 mittemus;
2401 1153 2522 1208 licet
2565 1167 2670 1207 non
2713 1167 2807 1222 par
2835 1161 2889 1207 et
2928 1151 3129 1219 aequale
3155 1151 3256 1214 sit,
3291 1149 3519 1219 aliquem
3557 1148 3624 1201 de

2054 1247 2232 1316 seipse
2269 1245 2554 1314 desperare
2575 1286 2588 1310 ,
2637 1253 2730 1297 aut
2765 1244 2922 1297 alium
2955 1242 3023 1297 de
3058 1242 3172 1310 ipso
3205 1241 3242 1292 ¹.
3273 1239 3404 1293 Nam
3440 1238 3527 1308 qui
3556 1236 3629 1292 de

2055 1337 2160 1390 alio
2190 1336 2345 1389 talem
2377 1334 2535 1388 habet
2576 1334 2914 1403 opinionem,
2956 1332 3061 1386 cito
3099 1329 3307 1384 veniam
3335 1328 3625 1392 obtinebit;

2057 1427 2146 1498 qni
2173 1433 2348 1479 autem
2376 1425 2443 1480 de
2471 1425 2668 1494 seipso,
2697 1440 2802 1478 non
2827 1425 2972 1478 item.
2995 1422 3207 1489 Quare?
3237 1420 3368 1487 Quia
3396 1420 3482 1474 ille
3512 1419 3631 1489 qui-

2060 1519 2181 1572 dem
2209 1518 2324 1586 ejus
2353 1515 2584 1570 Studium
2627 1525 2679 1569 et
2725 1515 3088 1584 paenitentiam
3132 1512 3183 1565 in
3232 1518 3490 1580 potestate
3527 1525 3632 1562 non

2062 1607 2220 1662 habet
2245 1626 2257 1662 :
2281 1607 2374 1662 sed
2397 1608 2508 1675 ipse
2529 1606 2672 1660 solus
2693 1605 2914 1660 obtinet.
2938 1603 3111 1658 Nihilo
3132 1602 3298 1671 magis
3317 1609 3491 1654 tamen
3515 1599 3639 1654 ideo

2063 1700 2130 1755 de
2161 1708 2211 1753 te
2240 1697 2639 1766 desperabimus
2661 1738 2676 1763 ,
2717 1695 2925 1750 etiamsi
2957 1703 3012 1747 tu
3043 1693 3234 1747 millies
3275 1692 3508 1745 animum
3537 1689 3638 1744 de-

2065 1791 2330 1862 spondeas
2355 1808 2367 1844 :
2392 1788 2618 1844 fortasse
2645 1789 2785 1843 enim
2808 1829 2823 1855 ,
2852 1787 3077 1842 fortasse
3099 1787 3336 1855 inquam,
3360 1783 3549 1854 aliquis
3575 1783 3645 1837 ad

2067 1885 2314 1939 virtutem
2335 1897 2631 1952 regressus,
2648 1882 2821 1952 aliqua
2851 1881 3087 1950 pristina:
3115 1880 3237 1933 vitae
3262 1876 3648 1947 redintegratio

2067 1976 2296 2032 dabitur.
2311 1975 2446 2029 Audi
2463 1973 2754 2043 sequentia.
2769 1971 3010 2027 Ninivita:
3025 1970 3202 2024 audito
3215 1968 3473 2038 propheta
3488 1965 3653 2021 vehe-

2070 2075 2277 2120 menter
2304 2064 2682 2128 comminantc,
2703 2062 2882 2116 Adhuc
2911 2071 3009 2115 tres
3038 2061 3222 2126 dies,et
3247 2057 3656 2112 Ninivesubver-

2073 2169 2201 2212 tetur
2230 2155 2533 2228 (Jon.'5.4),
2565 2172 2630 2210 ne
2655 2156 2723 2210 ita
2745 2153 2957 2224 quidem
2984 2149 3655 2214 animoconciderunt,sed

2074 2251 2280 2307 etiamsi
2304 2249 2444 2304 nulla
2461 2248 2528 2303 de
2544 2250 2650 2301 Deo
2671 2245 2937 2301 exorando
2955 2259 3075 2314 spes
3095 2243 3362 2296 videretur
3381 2254 3520 2304 esse,
3544 2239 3660 2292 imo

2078 2345 2250 2414 potius
2263 2341 2583 2395 contrarium
2599 2353 2663 2394 ex
2677 2336 2891 2393 oraculo
2903 2334 3219 2389 suaderetur
3234 2333 3360 2402 (non
3372 2331 3512 2385 enim
3531 2344 3660 2383 eum

2077 2434 2416 2488 distinctione
2464 2430 2706 2499 quapiam
2752 2427 2803 2481 id
2835 2426 3032 2480 dictum
3069 2423 3260 2488 fuerat,
3293 2420 3387 2475 sed
3414 2428 3662 2489 apertum

2081 2525 2351 2580 decretum
2382 2521 2540 2593 erat);
2574 2521 2738 2575 nihilo
2765 2528 2942 2573 tamen
2965 2517 3138 2570 minus
3164 2513 3531 2584 paenitentiam
3565 2527 3664 2566 ex-

2083 2617 2303 2671 hibuere
2331 2616 2566 2670 dicentes
2597 2631 2610 2667 :
2645 2613 2770 2678 Quis
2795 2613 2887 2664 scit
2917 2626 3036 2663 num
3077 2606 3416 2678 paenitentiam
3451 2613 3588 2672 aget,
3619 2613 3666 2656 et

2085 2710 2376 2766 exorabitur
2399 2707 2555 2771 Deus,
2575 2715 2624 2759 et
2647 2714 2896 2758 evertetur
2925 2703 2986 2755 ab
3012 2703 3090 2754 ira
3125 2699 3312 2769 furoris
3349 2695 3444 2762 sui,
3481 2705 3525 2749 ct
3561 2712 3668 2750 non

2089 2799 2394 2870 peribimus?
2421 2797 2485 2850 Et
2512 2797 2632 2850 vidit
2659 2795 2797 2848 Deus
2827 2810 2978 2863 opera
2999 2807 3191 2855 eorum,
3224 2790 3358 2859 quod
3395 2788 3554 2841 aversi
3583 2803 3667 2841 es-

2089 2898 2196 2945 sent
2223 2908 2254 2942 η
2281 2890 2372 2943 viis
2398 2888 2505 2941 suis
2539 2886 2704 2939 malis.
2741 2885 2801 2936 Et
2829 2883 3056 2953 prenituit
3092 2881 3228 2934 Deus
3267 2895 3418 2947 super
3446 2877 3669 2941 malitia,

2091 2999 2242 3054 quam
2286 2981 2481 3035 dixerat
2553 2994 2609 3033 se
2667 2978 2964 3049 facturum,
3015 2981 3064 3027 et
3119 2988 3221 3026 non
3264 2971 3384 3041 fecit
3420 2965 3584 3036 (Ibid.
3626 2968 3687 3023 9.

2095 3076 2208 3147 10).
2226 3073 2378 3140 Quod
2397 3073 2440 3127 si
2457 3071 2699 3126 homines
2724 3068 2932 3123 barbari
2955 3076 3009 3121 et
3027 3064 3223 3120 indocti
3253 3070 3453 3116 tantum
3477 3069 3672 3130 potue-

2094 3176 2219 3221 runt
2253 3165 2577 3233 intelligere,
2606 3162 2774 3216 multo
2805 3159 2971 3228 magis
3002 3172 3098 3213 nos
3143 3156 3193 3210 id
3225 3153 3400 3209 facere
3435 3160 3674 3222 oportet,

2097 3260 2186 3328 qui
2216 3257 2407 3328 divinis
2436 3255 2768 3326 dogmatibus
2805 3251 2995 3308 eruditi
3037 3263 3240 3311 sumus,
3283 3255 3334 3301 et
3364 3245 3526 3300 multa
3569 3241 3676 3298 hu-

2095 3348 2329 3420 jusmodi
2359 3345 2603 3415 exempla
2636 3340 2752 3399 tam
2773 3341 2946 3397 verbis
2982 3354 3138 3410 quam
3167 3336 3416 3406 operibus
3443 3332 3678 3388 exhibita

2101 3441 2348 3496 vidimus.
2382 3438 2501 3493 Non
2524 3438 2674 3501 enim,
2694 3435 2877 3504 inquit,
2902 3441 3017 3486 sunt
3039 3427 3247 3484 consilia
3275 3443 3385 3481 mea
3403 3427 3531 3479 sicut
3552 3439 3675 3476 con-

2103 3531 2218 3586 silia
2246 3539 2429 3596 vestra,
2463 3543 2616 3598 neque
2643 3527 2734 3578 vite
2762 3538 2886 3576 ntere
2909 3521 3032 3574 sicut
3062 3520 3154 3571 via:
3175 3525 3385 3580 vestrar;
3406 3513 3493 3566 sed
3518 3527 3683 3582 quau-

2107 3633 2214 3676 tum
2251 3623 2405 3675 distat
2441 3619 2617 3672 caelum
2643 3633 2674 3668 a
2711 3624 2876 3679 terra,
2910 3619 3102 3662 tantum
3131 3607 3317 3658 distant
3356 3601 3685 3672 cogitationes

2108 3729 2232 3768 mea:
2277 3729 2309 3766 a
2351 3708 2650 3779 cogitatione
2687 3714 2879 3766 vestra,
2924 3708 2971 3752 et
3009 3695 3216 3750 consilia
3237 3709 3347 3746 mea
3384 3708 3415 3744 a
3457 3689 3682 3742 consiliis

2109 3805 2283 3860 vestris
2325 3801 2473 3874 (Isai.
2503 3799 2589 3853 55.
2621 3797 2674 3851 8.
2707 3794 2785 3863 9).
2822 3792 2878 3846 Si
2918 3803 3046 3843 vero
3087 3784 3316 3840 famulos
3347 3788 3558 3835 nostros
3585 3779 3677 3846 qui

2112 3911 2254 3966 saepe
2268 3873 2602 3962 deliquerint,
2626 3903 2745 3942 eum
2774 3884 3084 3954 promittunt
3104 3893 3161 3932 se
3183 3875 3430 3930 meliores
3456 3873 3685 3934 futuros,

2115 4002 2169 4045 et
2188 3965 2512 4042 admittimus
2537 3991 2592 4038 et
2629 3981 2682 4035 in
2726 3977 3001 4049 pristinum
3029 3972 3286 4026 honorem
3316 3965 3650 4022 restituimns
3671 4003 3690 4024 ,

2119 4083 2225 4137 imo
2254 4081 2554 4147 frequenter
2582 4075 2836 4142 majorem
2869 4067 2995 4137 ipsis
3026 4062 3267 4117 liduciam
3289 4059 3499 4123 damus,
3524 4055 3693 4108 multo

2119 4171 2286 4240 magis
2316 4146 2366 4222 id
2389 4168 2620 4221 facturus
2647 4163 2732 4216 ille
2757 4171 2856 4214 est.
2881 4157 3009 4210 Nam
3041 4153 3084 4207 si
3119 4151 3238 4205 ideo
3269 4162 3368 4203 nos
3396 4146 3609 4201 fecisset
3635 4153 3695 4197 ut

2121 4259 2379 4329 supplicio
2408 4255 2682 4315 afliceret,
2709 4246 2828 4318 jure
2866 4242 3226 4314 desponderes
3268 4238 3502 4291 animum
3529 4248 3590 4288 ac
3630 4232 3699 4286 de

2122 4352 2290 4407 salute
2316 4357 2400 4401 tua
2428 4343 2700 4398 dubitares
2729 4356 2742 4392 :
2775 4339 2818 4393 si
2851 4349 2980 4390 vero
3011 4347 3114 4387 non
3136 4331 3235 4384 alia
3258 4329 3324 4382 de
3352 4340 3509 4380 causa
3537 4338 3698 4394 quam

2126 4439 2361 4496 bonitate
2381 4450 2474 4490 sua
2498 4442 2691 4497 motus,
2721 4444 2817 4483 nos
2839 4425 3118 4488 creaverit,
3149 4429 3201 4474 ut
3227 4417 3440 4473 aeternis
3467 4415 3704 4468 fruamur

2127 4532 2303 4597 bonis,
2349 4539 2508 4599 atque
2549 4525 2668 4580 idco
2713 4521 2889 4577 omnia
2933 4517 3041 4587 agit
3087 4525 3140 4569 et
3167 4519 3417 4581 operatur
3459 4522 3491 4561 a
3533 4503 3704 4574 prima

2129 4639 2296 4696 usque
2330 4621 2394 4675 ad
2425 4625 2741 4689 praesentem
2773 4612 2934 4675 diem,
2967 4605 3093 4677 quid
3137 4618 3232 4657 nos
3261 4601 3325 4654 ad
3352 4613 3469 4653 cam
3501 4593 3710 4650 dubita-

2133 4688 2331 4772 tionem
2378 4688 2650 4780 impellat?
2696 4704 2849 4758 lllnm
2893 4698 3237 4754 vehementer
3279 4688 3614 4746 oil‘cndiinus,
3655 4691 3714 4735 et

2133 4818 2387 4882 quantum
2429 4804 2564 4857 alius
2588 4797 2780 4855 nemo?
2807 4805 2859 4849 at
2881 4792 3005 4847 ideo
3050 4787 3277 4843 maxime
3301 4798 3329 4836 a
3358 4775 3710 4851 praesentibus

2135 4871 2391 4956 absistere
2425 4901 2652 4964 oportet,
2678 4899 2732 4944 et
2761 4882 3121 4958 paenitentiam
3157 4878 3223 4932 de
3251 4871 3530 4945 praeteritis
3555 4881 3716 4936 agere

2141 5001 2490 5062 magnamque
2531 4984 2876 5037 mutationem
2923 4973 3192 5029 exhibere.
3240 4966 3422 5034 Neque
3448 4959 3588 5014 cnim
3627 4971 3717 5057 ea,

2143 5046 2260 5153 qua;
2301 5084 2607 5149 perpetrare
2631 5072 2746 5126 ausi
2785 5081 2988 5131 sumus,
3013 5065 3158 5117 illum
3202 5060 3371 5122 ',tam
3398 5046 3720 5153 possuntir-

2146 5136 2327 5235 ritarc,
2358 5181 2514 5237 quam
2537 5162 2676 5234 quod
2705 5160 2938 5215 nolimus
2965 5154 3179 5208 denmtn
3217 5145 3552 5215 resipiscere.
3587 5136 3721 5190 Nam

2153 5235 2626 5334 peccarcvquidem,
2655 5253 2943 5307 humanum
2981 5255 3096 5309 est;
3126 5250 3180 5296 at
3208 5241 3258 5295 in
3289 5235 3520 5308 peccatis
3547 5242 3729 5302 perse-

2225 5591 2242 5620 ι
2277 5585 2421 5643 Quida
2438 5597 2486 5640 η,
2514 5580 2716 5644 aliquem
2741 5577 2800 5644 de
2825 5589 2871 5624 se.
2896 5574 2996 5644 ipso
3013 5577 3060 5644 et
3079 5572 3144 5644 de
3164 5567 3257 5644 alio
3275 5566 3549 5644 desperare:

2227 5655 2246 5684 ι
2510 5626 2677 5692 alii},
2699 5639 2860 5688 codice
2886 5626 3044 5694 deest,
3070 5631 3222 5690 illaut,
3252 5637 3302 5678 ct
3329 5626 3448 5676 infra
3471 5629 3596 5684 ιιοςῑ,
3619 5629 3723 5682 pos-

2167 5723 2290 5772 sunt,
2321 5712 2551 5773 adjicitur,
2585 5716 2744 5754 natm.
