4088 6138
272 307 367 367 5οῒ

264 438 472 490 vetare,
504 422 558 479 id
584 437 691 478 non
713 423 1007 481 humanum
1029 432 1131 491 est,
1160 423 1261 480 sed
1283 423 1502 479 omnino
1522 425 1839 479 satanicum.

264 514 673 572 Animadvertas
699 514 841 568 enim
867 513 1136 584 quomodo
1157 528 1250 583 per
1267 513 1579 583 prophetam
1605 513 1704 567 hoc
1726 514 1843 582 plus

262 622 421 679 quam
452 605 581 660 illud
618 604 973 676 reprehendat
1006 605 1152 660 Deus
1185 623 1198 658 :
1228 605 1296 658 Et
1326 605 1452 670 dixi,
1486 605 1673 674 inquit,
1699 615 1841 673 post-

259 716 412 771 quam
437 698 685 767 fornicata
714 706 786 750 est
808 696 888 750 his
911 696 1157 758 omnibus,
1182 695 1251 749 ad
1282 711 1362 749 me
1379 704 1638 760 revertere,
1667 704 1713 748 et
1740 711 1839 748 non

262 805 456 844 reversa
495 795 568 841 est
610 787 741 856 (Jer.
783 787 837 842 5.
879 788 954 857 7).
988 785 1058 841 Et
1090 785 1213 840 alibi
1252 798 1465 839 rursum
1500 792 1559 838 ut
1595 786 1843 840 ostendat

261 898 416 954 quam
441 894 743 952 propensus
781 878 849 932 sit
887 878 955 931 ad
995 886 1234 932 nostram
1276 876 1524 940 salutem,
1552 876 1674 944 quia
1720 883 1843 945 post

261 974 424 1029 multa
446 972 637 1027 delicta
655 969 1008 1040 promiserant
1025 983 1083 1023 se
1099 974 1243 1023 recta
1263 968 1347 1021 via
1372 967 1693 1032 incessuras,
1716 980 1837 1020 cum

261 1066 311 1119 id
339 1062 596 1126 audisset,
629 1061 705 1114 ait
733 1057 898 1124 :Quis
924 1057 1061 1112 dabit
1090 1067 1144 1111 ut
1172 1057 1244 1111 ita
1267 1056 1368 1111 sint
1397 1055 1551 1108 corda
1575 1071 1747 1108 eorum
1783 1056 1838 1107 in

259 1153 380 1224 ipsis
407 1161 461 1205 ut
491 1152 695 1204 timeam
710 1165 811 1215 me,
834 1157 885 1203 et
907 1147 1192 1202 custodiant
1215 1144 1457 1199 mattdata
1475 1161 1586 1198 mea
1606 1143 1837 1198 omnibus

258 1247 435 1300 diebus
458 1245 582 1307 suis,
612 1250 668 1294 ut
709 1244 830 1293 bene
858 1240 924 1293 sit
949 1240 1020 1293 eis
1062 1247 1108 1292 et
1150 1238 1272 1306 ﬁliis
1303 1252 1477 1292 eorum
1506 1236 1557 1289 in
1594 1235 1836 1289 siccatum

257 1335 433 1407 (Deut.
459 1334 513 1388 5.
541 1330 674 1402 29)?
705 1332 769 1386 Et
792 1329 1000 1401 Moyses
1023 1329 1170 1398 ipsos
1194 1327 1522 1397 compellans
1550 1325 1664 1380 haec
1693 1325 1836 1380 dice-

256 1427 389 1480 bat:
423 1423 489 1477 Et
515 1437 668 1484 nunc,
708 1418 896 1485 Israel,
940 1418 1063 1489 quid
1100 1417 1353 1473 Dominus
1381 1415 1518 1470 Deus
1556 1416 1678 1486 petit
1707 1431 1739 1469 a
1765 1424 1833 1482 te,

255 1516 355 1568 nisi
383 1522 436 1567 ut
459 1514 633 1566 timeas
658 1510 932 1565 Dominum
955 1508 1121 1563 Deum
1140 1516 1300 1574 tuum,
1323 1516 1372 1560 et
1396 1506 1619 1559 ambules
1646 1507 1699 1559 in
1725 1522 1836 1561 om-

253 1603 401 1658 nibus
428 1603 520 1656 aiis
548 1603 676 1673 ejus.
702 1610 751 1656 et
775 1600 959 1671 diligas
983 1600 1153 1668 ipsum
1180 1596 1362 1669 (Deut.
1394 1596 1483 1652 10.
1508 1596 1639 1666 12)ἳ
1668 1595 1829 1666 Igitur

250 1693 340 1763 qui
375 1692 578 1761 expetit
605 1706 635 1745 a
667 1691 821 1745 nobis
847 1689 1055 1757 amari,
1091 1696 1147 1743 et
1180 1695 1403 1758 prepter
1436 1686 1539 1742 hoc
1566 1686 1698 1741 nihil
1726 1700 1833 1740 non

248 1787 377 1856 agit,
400 1786 490 1856 qui
530 1800 598 1840 ne
635 1783 742 1838 lilio
781 1783 997 1853 quidem
1040 1796 1138 1836 suo
1165 1781 1234 1836 ob
1272 1793 1510 1834 amorem
1542 1778 1710 1834 nostri
1740 1792 1833 1847 pe-

250 1879 441 1948 percit,
472 1892 535 1932 ac
559 1876 747 1947 quovis
772 1886 1009 1944 tempore
1034 1881 1095 1929 ut
1127 1888 1247 1929 cum
1273 1871 1364 1926 illo
1400 1871 1827 1937 reconciliemur,

248 1986 362 2024 rem
394 1968 498 2025 sibi
528 1967 911 2038 optatissimam
932 1964 1114 2030 habet,
1139 1966 1229 2034 qui
1256 1964 1366 2017 fieri
1389 1962 1559 2033 possit
1578 1970 1636 2015 ut
1661 1961 1832 2031 poeni-

247 2069 423 2116 tentes
466 2075 573 2113 non
613 2058 857 2112 admittat
899 2065 953 2113 et
991 2056 1362 2126 amplexetur?
1402 2054 1539 2109 Audi
1582 2054 1706 2124 quid
1738 2069 1832 2123 per

247 2152 566 2223 prOphetam
594 2149 768 2204 dicat:
791 2148 888 2202 Dic
918 2157 991 2212 tu,
1022 2147 1114 2213 ait,
1139 2147 1425 2217 iniquitates
1462 2154 1575 2199 tuas
1600 2144 1741 2214 prior
1785 2145 1829 2213 ⁸,

244 2255 299 2298 ιι
331 2241 803 2317 justi/icerisUsai.
846 2242 934 2296 45.
962 2238 1076 2310 9.6).
1118 2239 1173 2294 Id
1217 2254 1365 2303 vero,
1393 2252 1500 2308 quo
1527 2237 1828 2292 vehementi

246 2336 303 2390 in
326 2350 449 2390 eum
483 2347 668 2387 amore
694 2332 1002 2402 ﬂagremus,
1031 2329 1232 2399 expetit
1263 2344 1292 2383 a
1319 2328 1498 2384 nobis.
1521 2327 1653 2382 Cum
1683 2328 1826 2384 enim

243 2428 291 2482 is
314 2426 406 2497 qui
428 2434 574 2480 amat
590 2465 606 2489 ,
636 2424 705 2478 ab
731 2423 797 2478 iis
822 2423 915 2493 qui
937 2430 1184 2477 amantur
1204 2420 1541 2476 contumeliis
1569 2419 1790 2474 allectus
1808 2461 1824 2486 ,

243 2535 355 2573 non
378 2527 553 2572 tamen
584 2515 877 2584 exstinguit
896 2528 1133 2569 amorem
1157 2529 1171 2578 ;
1200 2527 1308 2566 non
1344 2511 1443 2565 alia
1470 2511 1538 2566 de
1572 2525 1733 2566 causa
1760 2511 1826 2565 il-

242 2610 379 2664 latas
407 2607 758 2662 contumelias
783 2605 837 2659 in
866 2603 1097 2659 medium
1132 2602 1311 2658 atl'erri
1351 2601 1559 2668 studet,
1586 2616 1744 2671 quant
1769 2610 1828 2659 ut

241 2702 637 2759 vehementiam
665 2701 869 2755 amoris
894 2701 977 2755 sui
998 2699 1299 2766 declarans,
1325 2698 1392 2754 ad
1421 2700 1705 2755 arctiorcm
1731 2713 1826 2754 eos

240 2807 295 2852 et
324 2797 581 2865 majorem
603 2794 938 2850 dilectionem
963 2792 1254 2863 pertrahat.
1282 2792 1337 2847 Si
1361 2799 1537 2847 autent
1558 2791 1826 2848 confessio

241 2896 583 2957 peccatorum
613 2894 812 2939 tantum
834 2883 990 2939 affert
1016 2883 1214 2949 solatii,
1242 2883 1410 2938 multo
1436 2883 1609 2953 majus
1636 2882 1825 2939 afferet

238 2994 426 3035 eorum
448 2994 544 3050 per
569 2979 704 3032 bona
725 2992 886 3046 Opera
907 2976 1124 3031 ablutio.
1145 2976 1416 3047 Siquidem
1445 2976 1545 3030 nisi
1566 2978 1637 3030 ita
1658 2983 1819 3045 esset,

238 3072 337 3128 sed
366 3071 532 3126 semel
560 3070 764 3125 aversis
797 3084 826 3123 a
856 3077 1001 3124 recta
1033 3070 1118 3122 via
1145 3068 1210 3122 ad
1239 3069 1459 3139 pristina
1486 3068 1713 3122 reditum
1738 3068 1822 3122 in-

239 3161 589 3223 tercluderet,
632 3174 803 3215 nemo
832 3159 1019 3228 plane,
1052 3159 1155 3213 nisi
1199 3157 1338 3214 forte
1377 3157 1680 3228 paucissimi
1721 3173 1818 3212 nu-

235 3268 412 3321 rnero,
448 3254 503 3307 in
532 3267 756 3322 regnum
785 3253 1035 3307 caelorum
1063 3250 1463 3322 ingrederetur;
1492 3248 1639 3320 atqui
1678 3265 1820 3319 prm-

230 3346 497 3401 clariores
523 3344 683 3399 fuisse
719 3358 811 3399 eos
841 3343 1189 3412 reperiemus,
1217 3342 1306 3411 qui
1350 3342 1494 3410 prius
1523 3340 1663 3410 lapsi
1708 3340 1825 3397 fue-

233 3446 381 3492 rant.
410 3437 511 3505 Qui
538 3437 681 3492 enim
706 3450 951 3505 magnam
981 3434 1036 3488 in
1066 3433 1221 3489 malis
1247 3433 1496 3503 operibus
1522 3431 1819 3486 vehemen-

233 3529 367 3582 tiam
409 3527 781 3591 adhibuerant,
820 3524 1062 3580 eamdcm
1101 3531 1285 3594 postea
1327 3522 1381 3576 in
1421 3520 1576 3577 bonis
1601 3519 1821 3591 agendis

230 3619 600 3684 exhibebunt,
632 3627 814 3687 utpote
851 3617 943 3688 qui
979 3617 1153 3671 sciant
1189 3615 1402 3686 quantis
1442 3614 1550 3669 sint
1581 3614 1821 3669 obstricti

232 3712 435 3767 debitis
463 3729 478 3766 :
510 3709 651 3780 quod
678 3719 733 3764 et
755 3709 995 3764 Christus
1025 3708 1334 3772 declaravit,
1365 3706 1578 3777 quando
1613 3705 1820 3762 Simoni

233 3806 379 3861 circa
410 3804 689 3858 mulierem
732 3802 1086 3872 loquebatur:
1117 3800 1290 3867 Vides,
1321 3802 1424 3866 ait,
1470 3801 1601 3855 hanc
1637 3800 1821 3855 mulie-

234 3913 344 3950 rem
360 3896 386 3949 i’
410 3894 609 3949 Intraui
635 3894 687 3947 in
715 3894 919 3946 domum
950 3905 1109 3959 tuam,
1133 3908 1317 3963 aquam
1338 3891 1544 3962 pedibus
1576 3892 1699 3946 meis
1720 3907 1823 3946 non

234 3987 425 4041 dediin
458 4001 478 4040 :
507 3985 613 4039 haec
638 3994 803 4037 autem
828 3984 1064 4054 larrymis
1086 3983 1266 4053 rigavit
1292 3981 1444 4052 pedes
1472 3998 1629 4046 meos,
1661 3990 1707 4036 et
1736 3997 1824 4035 ca-

236 4078 381 4148 pillis
400 4077 506 4130 suis
537 4077 694 4129 tersit.
723 4075 966 4128 Osculum
992 4074 1115 4128 milii
1139 4090 1240 4127 non
1269 4073 1490 4137 dedisti;
1510 4072 1619 4126 hac
1653 4081 1823 4126 autem

235 4184 305 4222 ea:
329 4184 426 4237 quo
458 4165 663 4231 intraui,
692 4181 790 4219 non
825 4165 1035 4220 cessauit
1072 4162 1294 4218 osculari
1321 4162 1470 4233 pedes
1510 4177 1667 4216 meos.
1696 4160 1821 4216 Oleo

236 4267 394 4328 caput
424 4273 591 4310 meum
625 4273 724 4310 non
760 4256 951 4310 auxisti
986 4271 1005 4309 :
1039 4255 1146 4309 haec
1181 4264 1349 4308 autem
1386 4262 1640 4323 unguento
1678 4253 1822 4307 unxit

236 4350 392 4421 pedes
418 4364 576 4404 mssa.
606 4345 824 4417 Propter
850 4345 988 4418 quod
1009 4346 1122 4400 dico
1152 4346 1260 4410 tibi,
1293 4345 1613 4399 remittuntur
1632 4342 1679 4396 ei
1703 4359 1822 4412 pec-

236 4450 357 4494 cata
386 4454 480 4494 sua
518 4438 699 4503 nauita,
727 4439 845 4508 quia
873 4437 1048 4490 dilexit
1077 4435 1314 4489 multum.
1341 4434 1436 4488 Cui
1465 4443 1631 4487 autem
1656 4433 1826 4485 minus

236 4531 530 4592 dimittitur,
553 4529 719 4582 minus
745 4528 932 4597 diligit.
962 4526 1103 4579 Dixit
1122 4536 1289 4579 autem
1314 4526 1382 4578 ad
1410 4524 1555 4578 illam
1584 4539 1603 4578 :
1632 4522 1822 4577 Remit-

237 4629 418 4677 tuntur
441 4620 527 4674 tibi
559 4629 760 4690 peccata
792 4617 939 4691 (Luc.
972 4618 1024 4671 7.
1049 4617 1263 4688 4M8).

316 4714 402 4769 16.
436 4712 640 4766 Idcirco
667 4711 909 4765 diabolus
939 4722 1135 4779 gnarus
1163 4722 1276 4771 eos,
1303 4707 1393 4775 qui
1423 4706 1654 4776 ingentia
1683 4705 1821 4758 mala

244 4812 638 4875 rerpetrarunt,
658 4801 745 4856 ubi
765 4801 990 4870 primum
1001 4797 1257 4867 cmperint
1273 4795 1550 4866 pcnnitere,
1568 4793 1619 4848 id
1634 4809 1823 4863 magno

242 4898 415 4953 studio
431 4911 613 4967 agere,
628 4902 809 4965 utpote
824 4892 1069 4948 conscios
1085 4890 1401 4945 delictorum
1418 4901 1654 4954 suorum,
1676 4886 1825 4941 timet

243 4997 297 5045 et
329 4988 581 5043 formidat
611 5001 677 5041 ne
706 4983 918 5056 quando
959 4997 1072 5037 rem
1101 4980 1463 5035 exordiantur.
1501 4977 1631 5032 Nam
1671 4984 1821 5047 post~

240 5096 398 5151 quam
434 5077 722 5147 eruperint,
753 5072 1014 5129 contineri
1048 5073 1187 5126 ultra
1214 5076 1516 5140 nequeunt,
1551 5080 1615 5121 ac
1656 5065 1828 5136 poeni-

242 5173 404 5229 tentia
431 5171 580 5242 quasi
608 5171 726 5240 igne
750 5167 1016 5235 succensi,
1040 5181 1169 5219 auro
1196 5179 1326 5234 puro
1356 5162 1595 5231 puriores
1622 5159 1827 5213 animas

242 5282 364 5322 suas
391 5264 652 5330 efficiunt,
683 5261 1007 5317 conscientia
1047 5271 1241 5326 nempe
1262 5270 1324 5310 ac
1352 5252 1607 5308 memoria
1638 5264 1827 5321 peccao

244 5369 417 5413 torum
463 5370 681 5411 suorum
720 5355 870 5425 quasi
921 5358 1082 5405 vento
1124 5347 1353 5418 quodam
1402 5342 1728 5399 validissimo
1772 5342 1824 5394 in

243 5450 450 5506 virtutis
476 5450 499 5481 ⁸
531 5454 740 5519 portum
785 5443 1017 5515 impulsi.
1050 5442 1229 5510 anue
1270 5438 1323 5492 in
1370 5452 1428 5491 re
1467 5442 1718 5506 prurstant
1764 5432 1827 5488 iis

307 5605 322 5634 '
356 5609 479 5651 Tres
516 5606 644 5656 stas,
674 5593 759 5645 Dic
779 5601 832 5644 tu
869 5593 1079 5656 primum
1120 5586 1392 5656 iniquitates
1414 5591 1536 5634 tuas.
1574 5584 1645 5633 sic
1683 5581 1827 5631 etiam

245 5665 399 5719 saril..
427 5661 520 5712 sed
546 5651 653 5722 pro,
676 5651 914 5722 primunt.-
939 5655 1104 5722 habet,
1128 5651 1277 5722 prior.
1411 5707 1443 5722 Δ,
1465 5707 1475 5722 ρ

304 5707 570 5785 δ”ῥῖιέίᾶοὶ
591 5707 688 5770 λιέέ
718 5720 840 5781 loco,
864 5707 1066 5776 virtutis,
1087 5707 1282 5773 habent,
1311 5707 1537 5773 aput/tite.

1429 309 1524 364 AD
1559 308 1978 369 TllEODORUM
2015 311 2307 374 LAPSUM.
2349 319 2391 375 1.

3430 337 3534 391 302

1951 429 2041 497 qui
2072 445 2357 504 numquam
2378 437 2706 506 ceciderunt,
2729 444 2869 513 quod
2890 446 3089 517 majore
3106 456 3323 507 utantur
3337 455 3530 511 alacri-

1949 528 2075 585 tate,
2104 524 2147 576 si
2173 534 2392 593 tantum,
2426 540 2479 584 ut
2503 533 2613 600 jam
2640 534 2769 602 dixi,
2794 553 2907 593 rem
2940 544 3332 610 aggrediantur.

2018 611 2332 707 frustulenta:
2350 621 2547 677 initium
2568 625 2806 696 arduum,
2827 642 3006 685 autem
3026 633 3256 707 deinceps
3275 637 3526 706 faciliora.
3581 668 3588 674 -

1943 730 2015 742 -—
2036 702 2167 758 Nam
2196 706 2298 761 hoc
2323 724 2487 778 Opus,
2521 713 2609 769 hic
2635 717 2783 772 labor
2806 732 2886 774 est
2909 764 2924 788 ,
2958 738 3111 792 posse
3134 702 3405 784 introitum
3435 746 3528 799 pe-

1945 802 2082 894 tere,
2102 812 2167 853 ac
2186 801 2447 894 vestibula
2467 806 2788 873 paenitentia-
2805 815 3128 885 contingere,
3153 819 3529 894 inimicumque

1944 887 2164 942 multum
2195 891 2483 983 spirantem
2512 905 2568 951 et
2595 897 2876 957 instantem
2917 904 3185 974 depellere
3213 921 3371 981 atque
3398 887 3527 983 pro.

1940 985 2203 1036 sternere.
2228 982 2431 1041 Deinde
2459 1002 2585 1043 vero
2615 1006 2719 1045 non
2748 1002 2949 1049 tantum
2978 997 3068 1053 ille
3104 1000 3334 1058 furorem
3375 982 3529 1061 ἐκιιὶ-

1939 1066 2105 1135 bebit,
2135 1074 2298 1129 semel
2323 1087 2604 1146 superatus
2633 1088 2686 1136 et
2709 1097 2809 1152 qua
2833 1097 2981 1153 parte
3010 1088 3199 1145 fortior
3226 1103 3339 1147 erat
3382 1095 3532 1165 deje-

1939 1169 2204 1253 etusmos
2230 1175 2405 1221 autem
2431 1170 2701 1228 alacritate
2727 1188 2992 1248 resumpta
3012 1181 3231 1251 majore,
3253 1186 3528 1253 pulchrum

1941 1249 2046 1306 hoe
2071 1254 2298 1310 stadium
2328 1257 2576 1316 facillime
2600 1263 2968 1324 decurremus.
3009 1249 3395 1342 Aggrediamur
3424 1278 3526 1333 ita-

1939 1356 2045 1412 que
2070 1344 2298 1401 reditum
2324 1388 2339 1412 ,
2388 1365 2727 1411 recurramus
2754 1356 2807 1411 in
2846 1359 3115 1417 civitatem
3159 1366 3427 1423 caelestem
3467 1371 3521 1424 in

1937 1448 2094 1502 quam
2123 1434 2401 1508 adscripti,
2431 1441 2519 1497 ubi
2539 1442 2732 1514 degere
2756 1447 2891 1516 jussi
2911 1465 3113 1506 sumus.
3133 1453 3264 1510 Nam
3286 1456 3353 1512 de
3373 1459 3525 1515 nobis

1938 1523 2067 1619 ipsis
2096 1525 2383 1597 desperare
2413 1547 2518 1587 non
2564 1534 2615 1589 id
2641 1534 2813 1592 solum
2840 1539 2993 1597 affert
3035 1545 3159 1599 mali
3183 1587 3198 1612 ,
3241 1549 3379 1617 quod
3410 1552 3524 1619 ejus

1938 1615 2082 1708 urbis
2110 1626 2291 1686 portas
2321 1623 2474 1677 nobis
2498 1624 2847 1697 intercludat,
2879 1646 2976 1687 nec
3013 1635 3157 1704 quod
3181 1637 3233 1690 in
3259 1615 3517 1708 majorem

1935 1706 2215 1775 segnitiem
2245 1718 2301 1764 et
2328 1724 2693 1784 contemptum
2717 1718 2976 1789 deducat,
3000 1726 3091 1780 sed
3122 1727 3263 1796 quod
3295 1706 3357 1783 in
3378 1728 3517 1785 furo~

1935 1811 2049 1851 rem
2078 1814 2177 1855 nos
2209 1804 2503 1859 satanicum
2533 1807 2765 1877 dejiciat.
2797 1812 3002 1869 Etenim
3027 1816 3269 1874 diabolus
3295 1837 3398 1876 non
3421 1824 3519 1877 alia

1935 1885 2004 1981 de
2030 1903 2190 1945 causa
2213 1892 2332 1947 talis
2362 1888 2570 1964 evasit',
2607 1914 2763 1968 quam
2792 1904 2913 1972 quia
2941 1894 3169 1974 primum
3199 1910 3517 1981 desperavit.

1934 1976 2253 2053 demumque
2284 2000 2349 2040 ex
2375 1985 2748 2057 desperatione
2790 1993 2844 2047 in
2872 1995 3130 2053 insaniam
3172 1976 3385 2056 decidit.
3417 2002 3519 2060 Ubi

1935 2073 2162 2142 primum
2184 2077 2327 2132 enim
2371 2080 2547 2134 anima
2596 2097 2744 2152 spem
2793 2086 2982 2143 salutis
3018 2091 3230 2156 amisit,
3262 2109 3331 2149 ne
3359 2097 3520 2151 sentit

1933 2163 2147 2232 quidem
2173 2167 2401 2236 amplius
2429 2185 2535 2239 quo
2565 2182 2720 2241 pacto
2756 2189 2994 2247 praeceps
3022 2189 3227 2248 agatur,
3257 2191 3308 2237 et
3336 2186 3514 2239 omnia

1932 2264 2117 2311 contra
2171 2260 2398 2315 salutem
2445 2265 2713 2333 propriam
2759 2267 2946 2336 agitet
2976 2269 3123 2326 dicit.
3154 2273 3231 2330 Ac
3258 2276 3516 2344 quemad-

1934 2346 2149 2402 modum
2178 2347 2362 2406 furiosi
2395 2353 2481 2407 ubi
2533 2356 2700 2409 semel
2725 2371 2754 2410 a
2783 2371 2912 2413 sana
2957 2370 3135 2417 mente
3181 2365 3514 2434 exciderunt,

1931 2437 2062 2493 nihil
2087 2440 2309 2507 timent,
2362 2444 2508 2497 nullo
2529 2444 2731 2514 pudore
2760 2455 3007 2504 tenentur
3029 2494 3042 2516 ,
3074 2453 3167 2509 sed
3189 2455 3304 2509 sine
3334 2455 3514 2512 formi-

1929 2527 2054 2583 dine
2081 2531 2258 2585 omnia
2300 2531 2562 2602 andent',
2589 2550 2689 2591 nec
2733 2537 2908 2607 ignem
2953 2556 3052 2598 nec
3074 2558 3220 2598 mare
3246 2560 3346 2601 nec
3382 2562 3516 2615 pra:-

1929 2621 2105 2691 cipitia
2132 2623 2278 2679 adire
2304 2627 2720 2694 pertimescunt;
2750 2630 2826 2685 sic
2855 2639 2912 2687 et
2945 2633 2977 2686 ii
3009 2636 3095 2702 qui
3125 2634 3512 2706 deSperationis

1927 2713 2145 2768 vesania
2188 2716 2418 2785 correpti
2463 2726 2626 2782 sunt,
2672 2721 3031 2777 intolerabiles
3054 2724 3247 2780 deinde
3275 2728 3327 2780 in
3356 2744 3514 2785 omne

1930 2804 2188 2859 malorum
2214 2822 2384 2876 genus
2409 2807 2731 2876 decurrunt;
2760 2820 2815 2866 et
2841 2813 2940 2867 nisi
2985 2829 3131 2870 mors
3154 2831 3249 2871 eos
3273 2818 3340 2871 ab
3369 2819 3512 2873 insa-

1927 2894 2014 2948 nia
2039 2904 2095 2950 et
2122 2897 2320 2967 impetu
2369 2909 2650 2966 coerceat,
2696 2902 2974 2959 innumera
3019 2905 3118 2960 sibi
3163 2906 3291 2975 ipsis
3332 2909 3509 2977 gravia

1927 2994 2252 3054 perpetrant.
2280 2987 2453 3054 Quare
2480 2988 2722 3054 obsecro,
2751 3000 3034 3062 antequam
3057 2995 3125 3049 ab
3143 2995 3228 3049 illa
3254 2996 3512 3052 ebrietate

1926 3076 2084 3131 altius
2111 3076 2458 3146 demergaris,
2491 3079 2776 3148 resipisces
2803 3090 2857 3135 et
2885 3084 3291 3153 expergiscaris,
3322 3085 3508 3139 diabo-

1926 3165 2188 3235 lieamque
2228 3166 2371 3221 illam
2397 3168 2666 3237 crapulam
2710 3172 2981 3236 excutias;
3012 3173 3153 3241 quod
3179 3174 3223 3227 si
3250 3173 3300 3227 id
3331 3173 3513 3229 confc-

1924 3257 2046 3310 stim
2072 3272 2231 3326 agere
2260 3273 2365 3312 non
2387 3261 2578 3328 possis,
2611 3260 2809 3315 sensim
2834 3270 2887 3315 et
2908 3263 3155 3330 paulatim
3176 3264 3359 3318 facias.
3382 3265 3508 3319 Mihi

1924 3355 2069 3401 certe
2092 3347 2248 3417 longe
2275 3346 2482 3403 facilius
2499 3350 2727 3418 videtur,
2769 3359 2828 3406 ut
2849 3352 2915 3407 ab
2938 3353 3185 3409 omnibus
3207 3355 3366 3409 simul
3391 3358 3510 3425 qui-

1924 3437 2023 3492 bus
2048 3438 2387 3507 eomplicaris
2414 3439 2627 3496 funibus
2656 3441 2979 3498 abstractum
3009 3453 3061 3500 te
3087 3447 3139 3499 in
3182 3449 3508 3515 pmnitentia

1924 3531 2256 3600 gymnasium
2276 3532 2585 3587 transferas.
2610 3534 2665 3587 Si
2696 3541 2872 3588 tamen
2891 3535 2981 3590 tibi
2998 3537 3223 3593 arduum
3244 3539 3504 3605 videatur,

1927 3629 1986 3676 ut
2017 3623 2247 3678 volueris
2278 3624 2416 3678 viam
2440 3624 2508 3678 ad
2545 3624 2767 3680 meliora
2794 3626 3076 3682 ducentem
3101 3628 3261 3685 adeas
3281 3671 3297 3695 ,
3345 3633 3506 3687 modo

1925 3728 2037 3767 rem
2068 3715 2326 3784 suscipias
2345 3724 2399 3770 et
2417 3715 2656 3771 obtineas
2670 3716 2829 3770 vitam
2850 3726 3126 3773 teternam.
3154 3720 3323 3776 Etiam
3347 3731 3506 3792 atque

1924 3804 2085 3860 etiam
2110 3820 2241 3876 rogo
2258 3814 2317 3861 et
2338 3807 2564 3863 obsecro
2589 3822 2685 3877 per
2705 3808 2976 3877 pristinam
3006 3819 3147 3865 tuam
3169 3811 3506 3881 probitatem,

1925 3912 2020 3964 per
2048 3896 2290 3952 fiduciam
2314 3898 2478 3964 illam,
2503 3899 2760 3954 teiterum
2785 3899 3056 3954 videamus
3077 3901 3128 3956 in
3152 3901 3241 3957 illo
3254 3903 3505 3969 culmine,

1925 3987 1977 4041 in
2003 3986 2091 4042 illa
2111 3991 2525 4057 perseverantia.
2542 3990 2793 4046 Miserere
2821 3993 3119 4062 eorum,qui
3144 4002 3359 4064 propter
3381 3996 3504 4049 tein

1924 4077 2297 4135 offendiculum
2318 4080 2667 4152 impegcrunt,
2690 4083 2778 4152 qui
2803 4083 2940 4153 lapsi
2964 4093 3107 4152 sunt,
3130 4085 3214 4140 vel
3233 4087 3507 4157 segniores

1925 4170 2122 4237 etfecti,
2152 4173 2244 4243 qui
2270 4173 2338 4228 de
2363 4173 2577 4228 virtutis
2596 4173 2679 4229 via
2705 4176 3075 4245 desperarunt.
3106 4176 3257 4232 Nunc
3291 4177 3504 4248 quidem

1926 4261 2138 4316 tristitia
2162 4261 2385 4317 fratrum
2411 4262 2633 4318 chorum
2657 4274 2914 4336 occupat,
2944 4266 3188 4339 voluptas
3233 4279 3409 4323 autem
3450 4278 3507 4323 et

1928 4352 2107 4407 laetitia
2134 4352 2425 4407 infidelium
2453 4366 2804 4420 conventum,
2835 4370 2934 4410 nec
2959 4371 3064 4410 non
3101 4356 3356 4425 iuvenum
3394 4358 3505 4411 otio

1925 4445 2242 4500 deditorum.
2266 4445 2319 4500 Si
2340 4453 2515 4500 autem
2540 4446 2605 4500 ad
2625 4456 2925 4501 accuratam
2948 4447 3088 4501 illam
3104 4449 3226 4501 vitze
3244 4449 3503 4504 rationem

1927 4538 2150 4595 redieris
2168 4579 2183 4604 ,
2210 4536 2531 4593 contrarium
2559 4535 2790 4600 accidet,
2823 4545 3105 4605 nostraque
3142 4537 3428 4606 ignominia
3451 4538 3504 4592 in

1927 4632 2262 4687 adversarios
2311 4638 2419 4685 tota
2464 4630 2485 4662 ³
2522 4629 2897 4685 derivabitur:
2942 4643 3040 4682 nos
3083 4636 3260 4682 autem
3307 4627 3496 4682 ﬁducia

1932 4723 2096 4777 multa
2127 4721 2368 4777 instructi
2398 4721 2620 4785 erimus,
2655 4728 2708 4774 te
2741 4718 2927 4788 majori
2958 4716 3239 4788 Splendore
3277 4732 3504 4773 corona-

1930 4822 2038 4868 tum
2095 4812 2546 4883 prmdicatumque
2589 4808 2850 4865 videntes.
2893 4808 3049 4863 Tales
3086 4810 3231 4889 enim
3271 4808 3505 4863 victoria:

1929 4906 2185 4976 majorem
2219 4905 2399 4960 ferunt
2421 4916 2471 4960 et
2497 4904 2721 4975 gloriam
2754 4911 2809 4959 et
2833 4903 3177 4973 voluptatem.
3221 4900 3336 4956 Non
3361 4901 3503 4957 enim

1930 4999 2185 5069 prteclare
2223 5006 2493 5066 gestorum
2535 5006 2738 5051 tantum
2784 4995 3084 5052 mercedem
3116 4993 3365 5064 recipies,
3412 4993 3506 5048 sed

1930 5091 2087 5146 etiam
2110 5089 2336 5144 aliorum
2358 5088 2740 5143 cohortationis
2758 5096 2814 5143 et
2835 5086 3231 5151 consolationis,
3254 5085 3306 5138 in
3327 5098 3505 5139 exem-

1931 5184 2073 5253 plum
2112 5183 2454 5253 conspicuum
2494 5180 2732 5251 positus;
2782 5186 2842 5233 ut
2870 5177 2916 5232 si
2954 5177 3072 5247 quis
3100 5176 3152 5230 in
3183 5175 3328 5245 paria
3369 5174 3506 5227 mala

1930 5274 2227 5338 delabatur,
2270 5280 2514 5343 resurgat
2542 5272 2733 5325 iterum
2755 5310 2770 5333 ,
2797 5278 2851 5324 et
2876 5267 2942 5322 ad
2984 5267 3258 5322 meliorem
3303 5264 3502 5333 frugem

1930 5382 1989 5423 se
2009 5366 2248 5436 recipiat.
2288 5365 2368 5421 Ne
2399 5373 2599 5421 tantum
2641 5361 2775 5417 lucri
2819 5369 3160 5424 contemnas,
3207 5372 3375 5428 neque
3417 5356 3502 5412 de-

1996 5636 2011 5666 ι
2048 5631 2187 5681 savii.
2210 5636 2260 5678 et
2276 5628 2373 5679 duo
2392 5625 2501 5677 Cod.
2528 5630 2654 5687 post,
2676 5621 2869 5683 audent,
2899 5617 3094 5678 addunt,
3121 5619 3165 5666 et
3184 5609 3384 5677 faciunt.

1994 5698 2013 5727 ι
2048 5703 2097 5745 tu
2120 5688 2260 5744 Savil.
2286 5690 2537 5750 omittitur,
2563 5693 2675 5737 tota.
