4088 6138
517 349 622 406 303

519 462 683 515 ducas
701 454 902 510 animas
921 457 1130 505 nostras
1156 457 1276 499 cum
1303 437 1514 495 tristitia
1539 434 1604 489 ad
1632 431 1850 496 inferos,
1883 426 1974 483 sed
2008 425 2087 479 fac

519 549 843 618 respiremus
862 584 878 607 ,
912 549 966 597 et
993 536 1239 592 nebulam
1268 531 1514 595 tristitiae,
1542 540 1660 596 qua:
1704 523 1777 576 tui
1813 532 1968 575 causa
1998 530 2094 569 nos

521 647 763 708 occupat,
783 632 1129 689 excutiamus.
1155 625 1305 681 Nunc
1332 621 1472 677 enim
1497 618 1705 673 damnis
1727 610 1923 667 nostris
1942 609 2094 661 omis-

518 731 615 795 sis,
636 730 967 784 calamitates
986 720 1320 792 deploramus
1353 724 1487 767 tuas.
1531 707 1681 777 Quod
1706 706 1751 759 si
1781 702 2093 771 resipiscere

523 822 653 877 velis
699 827 754 874 et
792 816 975 872 oculos
1021 811 1269 882 aperire,
1319 814 1476 873 atque
1518 799 1769 868 angelica:
1827 792 2028 849 militiae
2074 790 2091 820 ¹

521 905 911 972 eonuumerari,
937 912 991 959 et
1027 917 1123 957 nos
1152 917 1178 952 a
1208 899 1346 952 luctu
1373 893 1586 963 eripies,
1617 898 1672 944 et
1699 900 1940 955 magnam
1969 896 2094 951 pec-

520 1012 758 1058 catorum
793 1006 1094 1055 nostrorum
1141 998 1343 1063 partem
1380 987 1674 1051 ahsterges.
1713 975 1866 1043 Quod
1916 982 2092 1025 autem

524 1095 835 1163 contingat,
877 1103 973 1144 eos
994 1086 1082 1156 qui
1127 1098 1218 1153 per
1253 1076 1614 1149 paenitentiam
1663 1066 1889 1125 restituti
1933 1068 2092 1126 sunt,

521 1184 804 1241 admodum
846 1176 1190 1249 resplendere
1211 1215 1224 1236 ,
1255 1181 1308 1224 et
1336 1181 1478 1236 saepe
1508 1163 1697 1231 magis,
1743 1171 1901 1228 quam
1942 1155 1975 1207 ii
2004 1151 2093 1221 qui

521 1291 807 1347 numquam
836 1244 970 1343 lapsi
1009 1276 1132 1323 sunt
1156 1308 1170 1327 ,
1203 1264 1252 1318 id
1279 1278 1342 1315 ex
1373 1255 1666 1325 Scripturis
1693 1249 1882 1305 divinis
1922 1244 2094 1314 palam

521 1368 763 1423 fecimus.
795 1362 884 1419 Sic
921 1371 975 1416 et
1004 1354 1267 1428 publicani
1305 1361 1359 1405 et
1403 1345 1708 1401 meretrices
1748 1351 1966 1407 regnum
2004 1332 2096 1387 Dei

523 1459 817 1529 possident,
829 1454 902 1510 sic
917 1468 987 1508 ex
1006 1445 1305 1505 novissimis
1322 1441 1469 1495 multi
1490 1436 1670 1508 primis
1687 1435 2095 1500 anteponuntur.

597 1551 683 1604 17.
725 1545 956 1600 Historia
999 1536 1358 1599 adolescentis,
1395 1531 1481 1600 qui
1521 1530 1692 1597 lapsus
1726 1522 1931 1591 rcsipuit
1959 1525 2096 1587 post-

522 1658 600 1694 ea.
643 1668 715 1679 -—-
744 1614 981 1691 Narrabo
1009 1631 1125 1695 tibi,
1152 1643 1270 1698 qua:
1294 1634 1477 1679 nostro
1504 1631 1742 1686 tempore
1764 1613 2101 1680 contigerunt

523 1744 578 1788 et
605 1744 829 1803 quorum
861 1727 975 1796 ipse
1020 1722 1170 1777 testis
1213 1732 1333 1773 esse
1373 1712 1625 1783 potueris.
1667 1707 1815 1763 Nosti
1848 1705 2096 1774 juvenem

524 1792 669 1878 illum
698 1820 861 1875 lilium
882 1792 1099 1878 Urbani,
1127 1806 1457 1869 thnieem,
1481 1802 1569 1870 qui
1601 1801 1908 1853 immaturus
1928 1792 2101 1848 adhuc

527 1913 751 1984 pupillus
773 1907 982 1971 mansit,
1011 1901 1269 1973 pecuniis,
1302 1893 1558 1950 famulitio
1579 1899 1632 1945 et
1654 1889 1796 1960 agris
1816 1883 2098 1941 admodum

525 2007 830 2059 instructus.
865 1998 913 2053 Is
937 1996 1166 2067 primtnn
1195 1990 1280 2045 ubi
1313 1986 1419 2042 ludi
1453 1982 1715 2053 magistris
1740 1981 1954 2049 longum
1984 1976 2101 2028 vale

526 2095 769 2156 dixisset,
802 2066 976 2160 posito
1000 2078 1431 2154 Splendidiss'nno
1455 2074 1671 2135 amictu,
1706 2080 1923 2138 totoque
1941 2066 2101 2155 hujus

527 2190 649 2244 vita:
679 2185 819 2241 fastu
843 2224 857 2247 ,
888 2188 1105 2251 repente
1134 2174 1326 2231 vestitu
1350 2186 1409 2225 se
1444 2167 1628 2221 viliore
1652 2161 1882 2219 contexit
1908 2146 2006 2224 ;‘et
2035 2155 2100 2209 ad

528 2279 786 2336 montium
822 2249 1161 2331 solitudinem
1210 2264 1494 2326 secedens,
1541 2258 1808 2328 egregiam
1860 2249 2103 2308 exhibuit

528 2367 953 2443 philosophiam,
1006 2377 1110 2415 non
1154 2354 1442 2413 secundum
1493 2350 1664 2405 :rtatis
1714 2344 1964 2406 modum,
2009 2339 2102 2395 sed

527 2462 737 2534 qualem
782 2465 961 2528 posset
989 2454 1069 2507 vir
1109 2449 1369 2521 quispiam
1411 2457 1631 2511 magnus
1659 2448 1711 2493 et
1740 2432 2100 2490 admirandus.

530 2522 731 2607 ﬁeinde
752 2522 902 2603 sacra
927 2542 1299 2615 mysteriorum
1322 2533 1617 2591 initiatione
1644 2529 1910 2597 dignatus,
1939 2522 2105 2576 multo

530 2642 697 2711 magis
725 2640 777 2692 in
811 2613 1001 2691 virtute
1031 2641 1338 2701 progressus
1358 2633 1472 2688 est;
1517 2624 1585 2675 ita
1614 2631 1670 2674 ut
1697 2631 1882 2673 omnes
1912 2613 2107 2684 gaude-

533 2702 653 2785 reni
678 2729 891 2797 Deoque
923 2724 1146 2794 gloriam
1174 2718 1469 2780 referrent,
1500 2710 1642 2782 quod
1684 2708 1737 2763 in
1758 2706 1954 2762 divitiis
1978 2702 2107 2758 edu-

530 2832 712 2887 catus,
755 2817 913 2874 claris
952 2814 1120 2869 atavis
1144 2820 1291 2866 ortus
1331 2803 1721 2871 admodumque
1762 2797 2105 2860 adolescens,

534 2912 833 2984 proculcata
857 2906 1137 2965 confestim
1160 2904 1281 2958 vitre
1310 2914 1522 2971 pompa,
1542 2894 1605 2949 ad
1630 2908 1812 2948 verum
1842 2886 2107 2956 fastigium

533 2999 1046 3061 ascendisset.'Cum
1077 2997 1178 3051 hoc
1208 2995 1258 3049 in
1289 2999 1427 3046 statu
1457 2997 1636 3051 esset,
1664 2994 1715 3039 et
1751 2981 1987 3038 omnium
2017 2976 2109 3031 ad—

536 3099 872 3156 mirationem
901 3097 1176 3157 moveret,
1222 3091 1564 3154 corruptores
1606 3077 1819 3149 quidam
1861 3073 1952 3143 qui
1991 3069 2111 3140 jure

534 3190 869 3265 cognationis
910 3186 1028 3255 ejus
1065 3196 1247 3239 curam
1284 3176 1551 3234 habebant
1571 3212 1588 3239 ,
1619 3169 1683 3224 ad
1713 3167 1963 3237 pristinos
1987 3174 2110 3218 eum

539 3257 729 3342 fluctus
756 3281 1101 3340 reduxerunt.
1135 3272 1370 3343 Rc-jectis
1395 3269 1552 3339 igitur
1575 3265 1753 3320 denuo
1772 3257 2016 3315 omnibus
2033 3294 2050 3321 ,
2081 3268 2112 3307 a

539 3376 807 3433 montibus
835 3373 889 3427 in
918 3369 1152 3426 medium
1193 3366 1362 3419 lorum
1386 3375 1445 3414 sc
1474 3355 1729 3417 contulit,
1770 3358 1826 3407 et
1847 3364 1986 3419 equo
2016 3360 2110 3400 ve-

536 3479 656 3524 ctus
685 3463 1049 3530 famulitioque
1086 3455 1253 3511 muito
1304 3452 1564 3519 stipatus,
1606 3446 1685 3500 sic
1725 3449 1889 3496 totam
1929 3437 2113 3491 urbem

539 3556 816 3612 circuibat,
838 3565 936 3605 nec
954 3548 1019 3602 ad
1042 3558 1222 3599 sanam
1243 3540 1422 3595 redire
1444 3546 1673 3591 mentem
1696 3529 1922 3585 volebat.
1944 3522 2113 3579 Nimia

490 3638 493 3639 ν
540 3649 736 3720 quippe
764 3643 1031 3711 voluptate
1061 3646 1383 3695 succensus,
1415 3630 1468 3683 in
1498 3623 1760 3680 absurdos
1785 3633 1995 3674 amores
2025 3631 2116 3669 ne-

542 3709 776 3794 cessario
804 3709 1120 3803 perpellitur
1148 3742 1161 3778 :
1195 3734 1458 3790 nemoque
1486 3725 1600 3772 erat
1623 3730 1689 3769 ex
1726 3712 1791 3766 iis
1814 3710 1904 3780 qui
1929 3709 1981 3762 in
2008 3720 2120 3760 me-

544 3829 632 3886 dio
659 3796 1030 3882 versabantur,
1061 3815 1187 3886 quin
1218 3813 1333 3882 ejus
1362 3810 1585 3864 salutem
1606 3803 1932 3873 deploratam
1954 3796 2120 3852 babe-

547 3932 666 3984 ret;
699 3924 841 3972 tanta
877 3913 1024 3968 illum
1068 3902 1432 3963 circumdabat
1459 3899 1789 3953 adulatorum
1818 3894 1968 3949 turba
1990 3935 2004 3958 ,
2033 3891 2120 3945 cui

547 4009 871 4068 accedebant
895 4008 1172 4076 parentum
1194 3996 1415 4060 orbitas,
1430 3993 1681 4063 juventus
1696 3996 1752 4044 et
1770 4002 1898 4058 opes
1919 3986 2118 4040 multae.

546 4107 646 4174 Qui
677 4112 854 4158 autem
880 4097 1057 4154 omnia
1085 4092 1234 4148 facile
1263 4088 1436 4144 solent
1460 4082 1769 4141 calumniari
1788 4123 1801 4148 ,
1834 4077 2122 4150 reprehen-

547 4197 741 4253 debant
770 4207 862 4247 eos
882 4190 971 4261 qui
1002 4187 1069 4241 ab
1098 4184 1246 4240 initio
1283 4180 1432 4236 illum
1461 4177 1526 4232 ad
1551 4177 1650 4230 hoc
1671 4176 1795 4229 vita:
1821 4184 1988 4241 genus
2015 4178 2123 4221 tra-

548 4288 858 4348 duxissent,
901 4258 1257 4343 dieebantque
1285 4288 1405 4327 eum
1435 4278 1488 4324 et
1526 4284 1553 4321 a
1595 4263 1954 4336 spiritualibus
1978 4258 2125 4315 defe-

549 4379 720 4441 eisse,
751 4384 807 4430 et
831 4372 907 4428 rei
936 4366 1175 4424 familiari
1206 4373 1388 4435 postea
1416 4360 1652 4415 inutilem
1685 4356 1827 4421 fore,
1854 4368 1974 4409 cum
2003 4358 2126 4405 ante

549 4483 757 4540 tmnpus
782 4483 812 4522 a
835 4466 1107 4520 literarum
1135 4458 1311 4514 Studio
1344 4454 1642 4516 resiliisset,
1670 4449 1975 4514 nullumque
2004 4441 2126 4496 inde

549 4565 782 4621 fructum
805 4559 1093 4627 decerpere
1120 4551 1397 4622 potuisset.
1427 4546 1558 4601 Cum
1584 4542 1636 4596 hi
1669 4550 1945 4594 sermones
1967 4533 2129 4602 jacta-

557 4667 742 4714 rentur
771 4652 1073 4718 multusque
1100 4648 1519 4711 consequeretur
1545 4634 1668 4690 inde
1695 4630 1884 4702 pudor,
1913 4624 2127 4697 quidam

552 4747 725 4804 sancti
769 4744 870 4798 viri
917 4741 1009 4811 qui
1062 4747 1432 4806 smpenumero
1478 4727 1635 4782 talem
1685 4722 1913 4795 pra‘dam
1955 4716 2129 4772 venali

554 4838 797 4900 fuerant,
829 4842 884 4886 ct
931 4826 1260 4897 experientia
1300 4821 1465 4892 probe
1510 4818 1840 4875 didicerant,
1895 4826 1961 4865 ne
1990 4808 2130 4863 circa

556 4932 674 4987 illos
724 4924 936 4997 quidem
985 4916 1376 4989 desperandum
1416 4927 1535 4967 esse
1572 4911 1674 4974 iis,
1718 4907 1806 4976 qui
1837 4904 2010 4959 divina
2038 4915 2133 4969 Spe

556 5027 681 5076 sunt
709 5011 955 5070 instructi
975 5052 990 5077 ,
1021 5008 1371 5063 observantes
1410 5016 1529 5055 eum
1573 4997 1820 5059 assidue,
1848 4995 1892 5049 si
1923 4990 2134 5064 quando

558 5111 801 5166 viderent
821 5105 873 5160 in
901 5102 1016 5157 foro
1039 5142 1055 5166 ,
1087 5095 1411 5152 accedebant
1431 5099 1484 5145 et
1509 5087 1965 5157 amplectebantur
1988 5097 2132 5138 eum.

564 5205 624 5258 Et
650 5197 907 5270 principio
934 5192 1146 5264 quidem
1181 5189 1267 5243 ille
1302 5201 1334 5241 e
1367 5182 1578 5238 sublimi
1607 5193 1745 5248 equo
1773 5186 1954 5230 vectus
1994 5177 2137 5244 ipsos

562 5266 901 5363 insequentes
920 5285 1133 5354 oblique
1160 5276 1528 5349 alloquebatur
1552 5289 1565 5322 :
1599 5279 1738 5325 tanta
1766 5274 1882 5320 erat
1905 5266 2135 5334 primum

563 5358 889 5456 impudentia
935 5374 1185 5431 hominis.
1239 5373 1309 5426 At
1352 5367 1428 5422 illi
1477 5358 1837 5418 misericordia
1879 5365 1932 5411 et
1956 5369 2138 5408 amore

564 5473 817 5536 commoti
838 5514 853 5541 ,
882 5468 1255 5527 contumeliam
1301 5456 1605 5530 hujusmodi
1636 5469 1739 5507 non
1768 5457 2046 5512 curantes,
2076 5460 2140 5501 eo

564 5569 736 5628 solum
759 5539 1087 5637 Spectahant,
1113 5566 1169 5613 ut
1189 5569 1380 5626 agnum
1407 5549 1543 5620 lupis
1565 5543 1970 5601 Sllilil'oiltll'Clili
1999 5539 2138 5610 quod

631 5745 647 5777 ¹
685 5750 811 5792 t'nus
833 5739 942 5787 md.
968 5745 1015 5786 ct
1040 5734 1176 5784 Savil.
1196 5735 1241 5781 in
1262 5732 1495 5792 margine,
1522 5730 1564 5773 ct
1589 5718 1779 5772 rirituti.

1254 331 1311 387 S.
1350 320 1625 384 JOANNIS
1653 313 2127 375 CHRYSOSTOMI
2150 311 2465 371 ARCHIEP.
2506 309 3034 371 CONSTANTINOP.

3668 308 3770 367 804

2204 433 2259 478 et
2296 438 2392 492 per
2422 423 2725 492 patientiam
2776 421 3132 492 perfecerunt.
3174 419 3414 475 Tandem
3451 421 3594 476 enim
3634 422 3777 478 velut

2203 533 2265 569 ex
2291 515 2518 585 quadam
2544 516 2774 570 amentia
2801 529 3046 570 reversus
3069 556 3084 581 ,
3110 513 3178 568 de
3201 513 3413 569 assidua
3438 528 3625 569 eorum
3648 530 3776 571 cura

2198 608 2397 661 rubore
2427 606 2688 671 suffusus,
2719 607 2763 660 si
2802 605 3014 676 quando
3051 607 3195 674 ipsos
3236 604 3425 674 procul
3462 605 3777 660 accedentes

2203 698 2426 764 videret,
2458 698 2636 751 statim
2660 697 2726 750 ab
2740 711 2877 766 equo
2896 697 3190 761 desiliebat,
3208 696 3563 766 dentissisque
3584 697 3776 763 oculis,

2203 803 2387 842 eorum
2421 787 2618 842 monita
2649 802 2769 842 cum
2818 787 3032 841 silentio
3064 785 3344 851 audiebat,
3387 800 3451 840 ac
3493 800 3779 856 progressu

2204 879 2460 949 temporis
2512 879 2770 948 majorem
2829 879 2957 947 ipsis
3006 878 3357 932 reverentiam
3412 878 3781 950 honoremque

2203 970 2462 1025 exhibuit.
2493 968 2687 1039 Sicque
2715 968 2807 1023 Dei
2848 969 3015 1038 gratia
3053 968 3305 1039 paulatim
3346 983 3467 1021 eum
3495 968 3563 1022 ab
3589 969 3778 1037 hujus-

2203 1060 2343 1114 modi
2387 1060 2589 1114 retibus
2640 1060 2983 1127 expeditum,
3029 1060 3262 1127 pristinre
3303 1059 3574 1113 solitudini
3619 1069 3781 1130 atque

2204 1152 2552 1222 philosophia:
2581 1152 2947 1206 reddiderunt.
2987 1150 3135 1204 Nune
3164 1150 3376 1203 demum
3415 1157 3562 1203 tanto
3591 1151 3776 1220 splen—

2202 1244 2334 1299 dore
2361 1245 2537 1308 fulsit,
2567 1253 2624 1298 ut
2646 1244 2869 1313 pristina
2900 1243 3015 1312 cjus
3041 1244 3142 1296 vita
3170 1282 3187 1307 ,
3217 1243 3261 1296 si
3290 1251 3631 1312 comparetur
3656 1257 3778 1297 cum

2204 1354 2263 1391 ea
2296 1352 2397 1405 qua
2430 1345 2546 1405 post
2572 1336 2775 1405 lapsum
2806 1336 3033 1398 claruit,
3066 1332 3215 1387 nihili
3243 1332 3493 1388 habenda.
3512 1333 3775 1387 videatur.

2204 1428 2336 1482 Cum
2361 1427 2502 1481 enim
2525 1427 2889 1495 experimento
2916 1425 3187 1479 didicisset
3204 1438 3322 1493 qua:
3344 1433 3485 1479 esset
3506 1424 3775 1490 illecebra,

2204 1521 2500 1589 absumptis
2518 1521 2569 1574 in
2596 1536 2882 1591 egenorum
2903 1535 3029 1574 usus
3048 1520 3287 1588 pecuniis
3307 1520 3572 1585 omnibus,
3595 1518 3780 1588 hujus-

2205 1611 2346 1665 modi
2372 1611 2514 1665 curis
2542 1611 2818 1678 expeditus
2837 1651 2850 1673 ,
2880 1625 3093 1665 omnem
3123 1607 3516 1663 insidiatoribus
3542 1606 3782 1678 praecidit

2204 1702 2539 1757 occasionem
2572 1720 2586 1755 :
2630 1710 2684 1755 et
2718 1716 2857 1755 nunc
2884 1700 2936 1755 in
2966 1701 3051 1755 illa
3073 1715 3190 1770 quae
3215 1700 3360 1754 ducit
3387 1699 3452 1754 ad
3477 1700 3665 1754 cadum
3698 1700 3781 1755 via

2207 1807 2521 1863 progressus
2545 1792 2610 1846 ad
2641 1792 2849 1846 virtutis
2875 1792 3077 1860 apicem
3107 1792 3319 1846 demum
3353 1792 3611 1861 pervenit.

2280 1883 2583 1953 Exemplum
2617 1882 2779 1936 aliud.
2819 1912 2883 1923 ——
2921 1884 2992 1936 At
3021 1883 3108 1936 ille
3135 1882 3350 1951 quidem
3372 1923 3386 1946 ,
3419 1881 3630 1951 juvenis
3658 1896 3784 1938 cum

2206 1985 2369 2041 esset,
2397 1976 2575 2044 lapsus
2600 1984 2681 2029 est
2722 1982 2776 2029 et
2811 1974 3040 2028 surrexit
3065 1993 3078 2028 :
3104 1973 3242 2027 alius
3269 1988 3396 2028 vero
3422 1973 3634 2043 quidam
3663 1984 3785 2043 post

2208 2067 2403 2121 multos
2447 2066 2497 2119 in
2534 2066 2639 2119 vita
2670 2065 2936 2119 eremitica
2967 2064 3188 2119 sudores
3208 2106 3223 2130 ,
3260 2079 3367 2118 uno
3395 2072 3597 2118 tantum
3634 2064 3785 2118 socio

2208 2159 2367 2213 vitam
2406 2159 2696 2228 angelicam
2745 2171 3027 2220 emensus,
3074 2171 3194 2211 eum
3218 2156 3327 2226 jam
3356 2155 3422 2209 ad
3452 2165 3784 2211 senectutem

2207 2252 2514 2316 accederet,
2547 2251 2726 2305 nescio
2750 2265 2855 2321 quo
2882 2259 3034 2320 pacto
3061 2258 3260 2303 satana:
3288 2250 3520 2304 versutia
3550 2248 3785 2305 cireum-

2208 2353 2398 2398 ventus
2418 2384 2432 2407 ,
2477 2351 2529 2396 et
2555 2341 2693 2411 quod
2725 2341 2998 2396 remissius
3026 2349 3209 2410 ageret
3236 2340 3370 2396 dans
3398 2341 3596 2396 aditum
3626 2343 3784 2397 mali-

2207 2451 2341 2508 gno,
2395 2436 2445 2489 in
2486 2434 2967 2505 concupiscentiam
3006 2434 3283 2487 mulierum
3324 2432 3503 2503 lapsus
3543 2443 3661 2498 est,
3694 2435 3786 2503 qui

2212 2537 2387 2583 tamen
2409 2568 2424 2593 ,
2459 2543 2523 2581 ex
2554 2541 2659 2597 quo
2685 2526 3032 2580 monasticam
3054 2526 3212 2578 vitam
3244 2526 3467 2591 inierat,
3496 2540 3785 2595 numquam

2213 2623 2488 2676 mulierem
2518 2621 2738 2675 viderat.
2776 2620 2845 2673 Et
2883 2618 3055 2688 primo
3095 2616 3307 2687 quidem
3348 2617 3787 2672 contubernalem

2214 2712 2464 2783 rogabat,
2508 2711 2607 2766 sibi
2643 2725 2857 2765 carnem
2886 2718 2941 2764 et
2976 2709 3156 2763 vinum
3184 2708 3542 2771 ministraret,
3565 2708 3788 2778 adjectis

2214 2805 2369 2860 minis
2407 2819 2466 2859 se
2485 2845 2501 2872 ,
2532 2804 2635 2858 nisi
2664 2801 2715 2857 id
2742 2803 3089 2872 impetraret,
3117 2800 3170 2855 in
3201 2802 3369 2856 forum
3407 2800 3788 2859 descensurum

2214 2911 2354 2951 esse.
2386 2893 2539 2963 Quod
2571 2908 2674 2948 non
2705 2908 2769 2947 ex
2796 2891 3063 2947 desiderio
3092 2892 3327 2945 carnium
3354 2889 3581 2956 dicebat,
3613 2889 3706 2943 sed
3734 2899 3792 2943 ut

2216 2988 2339 3043 hinc
2375 3002 2556 3043 ausam
2584 2985 2845 3054 arriperet
2878 2984 3166 3038 descensus
3212 2982 3263 3035 in
3306 2981 3509 3035 urbem.
3546 2980 3635 3035 llle
3664 2994 3793 3034 vero

2216 3080 2407 3135 anxius
2444 3093 2507 3133 ae
2547 3078 2739 3132 timens
2768 3092 2866 3141 ne,
2895 3075 2941 3130 si
2970 3075 3020 3129 id
3047 3076 3364 3144 denegaret,
3399 3073 3450 3127 in
3478 3072 3647 3142 majus
3681 3073 3793 3126 cri-

2218 3191 2340 3231 men
2367 3191 2487 3231 eum
2515 3173 2843 3243 conjiceret,
2877 3171 2995 3240 ejus
3018 3169 3219 3239 optatui
3262 3166 3469 3223 abunde
3510 3164 3791 3221 satisfecit.

2221 3269 2317 3322 llic
2357 3273 2532 3320 autem
2561 3274 2623 3318 ut
2657 3264 2790 3318 vidit
2830 3262 3025 3317 frustra
3054 3259 3281 3315 cessisse
3324 3256 3571 3312 callidum
3610 3254 3795 3309 consi-

2221 3361 2384 3424 lium,
2438 3357 2773 3427 impudenter
2822 3354 3035 3409 demum
3068 3366 3230 3423 agens
3274 3348 3663 3405 simulationem
3694 3345 3796 3401 de-

2222 3454 2380 3518 texit,
2432 3460 2486 3506 et
2531 3450 2666 3505 dixit
2707 3462 2928 3502 necesse
2958 3458 3174 3515 prorsus
3212 3457 3330 3497 esse
3367 3440 3464 3494 sibi
3510 3440 3563 3492 in
3608 3437 3797 3491 urbem

2222 3542 2508 3614 proficisci.
2558 3539 2659 3596 Ubi
2707 3550 2884 3591 autem
2937 3533 3312 3589 animadvertit
3354 3531 3443 3584 ille
3495 3544 3553 3583 se
3600 3527 3798 3581 frustra

2225 3634 2413 3698 obniti,
2438 3631 2646 3686 tandem
2667 3628 2887 3691 dimisit,
2908 3634 2961 3680 et
2980 3624 3162 3693 procul
3187 3631 3439 3690 sequutus
3460 3619 3797 3681 observabat,

2223 3741 2324 3795 qua
2370 3724 2438 3778 de
2485 3736 2641 3776 causa
2684 3717 3051 3772 descenderet.
3097 3713 3195 3768 Ubi
3227 3712 3358 3766 vidit
3399 3711 3695 3778 ingressum
3745 3710 3801 3763 in

2227 3818 2465 3882 lupanar,
2495 3826 2689 3880 gnarus
2735 3824 2856 3863 eum
2884 3821 3003 3862 eum
3036 3812 3212 3861 scorto
3242 3817 3352 3856 rem
3391 3799 3638 3854 habuisse
3659 3841 3674 3863 ,
3708 3815 3805 3854 ex-

2225 3912 2514 3974 spectavn;
2561 3910 2615 3957 et
2643 3909 2919 3969 pOStquam
2962 3897 3007 3950 is
3035 3892 3265 3948 absurdo
3300 3888 3562 3945 desiderio
3603 3890 3810 3955 potitus

2226 4010 2472 4069 egressus
2500 4003 2583 4050 est
2605 4035 2620 4060 ,
2663 3991 2867 4060 supinis
2904 4002 3024 4043 eum
3057 3983 3299 4039 manibus
3327 3980 3574 4049 excepit;
3603 3987 3657 4033 et
3683 3993 3807 4032 am-

2226 4091 2469 4159 plexatus
2498 4093 2840 4152 amanterque
2869 4077 3237 4143 exosculatus,
3269 4073 3403 4128 nihil
3427 4072 3713 4140 ohjurgans
3733 4070 3807 4124 ob

2231 4181 2451 4244 facinus,
2471 4177 2689 4247 rogabat
2710 4182 2936 4236 tantum,
2953 4178 3008 4225 ut
3028 4177 3304 4240 postquam
3319 4161 3804 4231 concupiscentiam

2231 4287 2382 4325 suam
2414 4269 2753 4337 expleverat,
2802 4263 2854 4316 in
2894 4258 3194 4316 solitudinis
3218 4254 3539 4312 domicilium
3582 4251 3805 4306 rediret.

2231 4360 2325 4414 Ille
2352 4373 2482 4412 vero
2509 4356 2579 4410 ob
2607 4364 2801 4408 tantam
2827 4348 3284 4405 mansuetudinem
3313 4345 3514 4415 pudore
3541 4341 3770 4396 suffusus
3789 4382 3805 4406 ,

2231 4452 2517 4519 animoque
2558 4446 2865 4517 perculsus,
2919 4452 2973 4498 et
3016 4443 3083 4497 de
3127 4440 3366 4494 facinore
3417 4442 3809 4502 compunctus,

2235 4545 2405 4613 ipsum
2462 4541 2514 4595 in
2569 4549 2805 4593 montem
2868 4543 3085 4591 euntem
3136 4528 3378 4600 sequitur
3431 4543 3445 4579 :
3501 4523 3587 4577 ubi
3639 4522 3810 4574 virum

2236 4644 2424 4706 rogat,
2471 4648 2529 4687 se
2579 4633 2629 4685 in
2678 4630 2843 4685 altera
2893 4627 3084 4682 cellula
3131 4619 3442 4682 concludat,
3489 4624 3544 4671 et
3583 4612 3814 4667 occlusis

2237 4725 2490 4782 domicilii
2553 4722 2754 4777 foribus
2793 4761 2809 4787 ,
2876 4718 3025 4773 statis
3086 4713 3274 4769 diebus
3337 4708 3437 4763 sibi
3503 4718 3693 4774 panem
3760 4707 3818 4753 et

2240 4833 2428 4889 aquam
2483 4813 2753 4885 praebeat,
2808 4825 2871 4864 ac
2926 4803 3348 4877 perquirenlibus
3400 4795 3720 4866 respondeat
3757 4807 3818 4845 se

2241 4908 2646 4965 obdormivisse.
2724 4899 3011 4957 Postulatis
3085 4892 3371 4950 assentitur
3438 4886 3662 4944 socius:
3728 4882 3820 4937 ille

2242 5010 2419 5055 autem
2471 4997 2739 5057 inclusus,
2781 4991 3010 5046 assiduis
3050 4985 3266 5056 jejuuiis
3306 5023 3320 5047 ,
3360 4979 3604 5051 precibus
3644 4984 3698 5028 et
3739 4975 3817 5027 la-

2245 5091 2441 5160 cr_vmis
2462 5088 2654 5141 anima:
2674 5084 2858 5138 sordes
2880 5082 3184 5148 abstergere
3228 5073 3467 5127 curabat.
3491 5067 3607 5121 Neu
3654 5064 3826 5118 multo

2247 5194 2420 5237 autem
2452 5179 2635 5247 elapso
2666 5185 2904 5243 tempore
2927 5211 2942 5235 ,
2971 5184 3096 5223 cum.
3114 5164 3325 5220 siccitas
3364 5160 3633 5229 regionem
3661 5167 3825 5207 occu-

2246 5281 2394 5344 patct
2413 5311 2429 5336 ,
2455 5282 2745 5336 omnesque
2770 5263 2955 5318 incola:
2975 5261 3025 5313 in
3059 5269 3287 5311 maerore
3309 5253 3586 5318 degerent,
3609 5243 3829 5315 quidam

2248 5381 2342 5437 per
2368 5376 2611 5418 somnum
2638 5361 2817 5428 jussus
2850 5364 2931 5408 est
2955 5351 3102 5404 abire
3120 5359 3174 5401 et
3199 5346 3366 5398 virum
3387 5341 3531 5394 iilnm
3563 5337 3826 5390 int'lllSllill

2248 5459 2531 5514 obsecrare
2552 5495 2565 5518 ,
2594 5462 2654 5505 ut
2675 5456 2975 5519 preearetur
3005 5453 3059 5498 et
3107 5438 3401 5496 siccitatem
3455 5432 3705 5484 auferret.
3740 5425 3830 5479 ille

2252 5548 2468 5610 amicis‘
2498 5540 2872 5599 comitantibus
2924 5531 3318 5606 proficiscitur:
3357 5524 3446 5595 qui
3487 5521 3659 5592 primo
3686 5516 3829 5570 illius

2317 5719 2333 5743 ³
2370 5716 2472 5767 Pro,
2499 5700 2684 5761 amicis,
2709 5698 2906 5749 Savilius
2925 5703 2975 5746 et
2994 5692 3090 5742 duo
3112 5696 3242 5748 διες,
3266 5683 3390 5736 eius.
