4088 6138
196 325 313 393 ‘50:;

203 447 405 506 socium
434 442 708 498 dumtaxat
741 437 1090 500 invenerunt,
1112 432 1365 488 sciscitati
1393 440 1568 487 autem
1598 430 1771 486 edidi—

203 543 393 599 cerunt
418 531 593 601 ipsum
622 527 839 584 obiisse.
860 525 982 582 Rati
1004 538 1064 581 se
1091 523 1344 593 deceptos
1365 537 1485 577 esse
1503 562 1519 587 ,
1543 521 1610 576 ad
1660 536 1780 589 pre-

203 644 294 686 ωε
341 628 536 683 iterum
564 628 962 686 convertuntur,
992 627 1047 673 et
1088 631 1272 672 rursus
1304 615 1357 668 in
1391 614 1549 670 simili
1576 613 1782 666 visione

204 717 390 775 eadem
410 755 427 782 ,
457 728 576 782 quae
631 712 816 782 prius,
851 709 1149 763 audierunt.
1177 707 1327 761 Tunc
1365 720 1486 760 eum
1533 705 1623 773 qui
1655 717 1783 758 vere

196 806 631 865 dissimulaverat
649 843 666 868 ,
692 799 1043 856 obsecrabant
1061 797 1268 853 ostendi
1296 795 1397 851 sibi
1421 795 1611 861 virum,
1637 790 1782 847 affir-

198 907 418 955 mantes
464 909 569 948 non
615 892 845 956 obiisse,
873 889 967 944 sed
1019 888 1193 943 adhuc
1224 887 1423 940 vivere.
1457 884 1550 938 llis
1588 881 1783 937 auditis

209 987 327 1052 ille,
354 998 476 1038 cum
513 981 719 1036 videret
760 993 866 1034 non
903 991 1058 1046 posse
1098 985 1242 1031 stare
1284 981 1530 1045 pactum,
1559 970 1681 1025 illos
1715 968 1784 1024 ad

206 1082 448 1133 sanctum
473 1070 663 1126 “virum
714 1068 975 1123 adducit:
1028 1075 1083 1120 ct
1151 1061 1356 1134 pariete
1407 1066 1589 1122 diruto
1650 1057 1782 1131 (ad-

212 1166 341 1221 itum
370 1163 512 1219 enim
553 1175 768 1215 omnem
818 1158 1201 1224 obstruxerat),
1240 1155 1464 1224 ingressi
1498 1166 1689 1207 omnes
1729 1157 1782 1205 et

210 1255 276 1311 ad
300 1252 464 1324 pedes
482 1251 598 1320 ejus
618 1247 865 1318 prostrati
882 1287 896 1313 ,
918 1261 1038 1316 qua:
1061 1246 1197 1300 facta
1223 1243 1435 1299 fuerant
1469 1240 1751 1296 renuntian
1765 1266 1782 1280 -

209 1353 326 1409 tes,
393 1340 652 1410 rogabant
697 1345 973 1407 urgentem
1018 1335 1211 1390 famem
1258 1335 1276 1366 ³
1326 1332 1634 1403 depelleret.
1690 1329 1785 1386 Ille

212 1432 441 1502 primum
464 1426 714 1493 obstitit,
744 1441 804 1482 se
831 1441 859 1480 a
891 1425 983 1479 tali
1019 1423 1207 1479 fiducia
1247 1424 1404 1492 longe
1431 1422 1618 1476 abesse
1656 1434 1782 1490 pro-

212 1522 384 1579 fessus
414 1531 578 1576 :‘nam
600 1520 670 1575 ita
692 1525 966 1587 peccatum
989 1531 1141 1572 suum
1163 1516 1232 1571 ob
1254 1515 1438 1571 oculos
1464 1513 1708 1578 habebat,
1723 1525 1787 1566 ac

209 1613 258 1668 si
282 1628 456 1682 nuper
487 1610 806 1666 admisisset.
837 1607 1072 1663 Tandem
1095 1613 1575 1662 commemorantes
1608 1603 1784 1658 omnia

209 1717 334 1773 quas
380 1701 481 1756 sibi
529 1700 895 1768 contigerant,
948 1704 1324 1766 persuaserunt
1367 1702 1426 1748 ut
1448 1701 1693 1749 κοῖαι-εις
1731 1699 1787 1747 et

208 1806 334 1848 cum
381 1798 624 1860 precatus
664 1798 840 1853 esset,
866 1787 1077 1843 siccitas
1112 1782 1323 1840 desiit.’
1345 1784 1477 1853 Qtue
1500 1798 1627 1838 vero
1666 1796 1789 1853 per-

204 1882 386 1938 tinent
409 1880 475 1935 ad
500 1880 749 1950 juvenem
777 1878 955 1946 illum,
981 1879 1070 1948 qui
1106 1888 1262 1933 antea
1306 1876 1594 1946 discipulus
1621 1876 1784 1931 Joan—

216 1972 303 2027 nis
333 1966 698 2027 tilii'lebedazi
725 1968 929 2032 fuerat,
962 1976 1143 2038 postea
1163 1976 1342 2022 autem
1372 1966 1530 2036 longo
1549 1973 1788 2035 tempore

204 2061 481 2116 ian-onum
524 2059 630 2114 dux
670 2057 800 2124 fuit,
822 2057 1014 2115 deinde
1050 2058 1217 2113 sacris
1240 2056 1379 2112 beati
1405 2057 1503 2111 viri
1543 2056 1789 2111 manibus

210 2162 428 2223 captus,
456 2168 489 2208 a
527 2152 825 2208 recessibus
850 2159 905 2207 et
922 2150 1190 2221 speluncis
1218 2150 1481 2204 latronum
1514 2149 1580 2204 ad
1604 2148 1787 2219 pristi-

213 2252 341 2299 nam
367 2243 618 2299 virtutem
649 2242 839 2308 rediit,
871 2242 984 2311 ipse
1008 2256 1112 2295 non
1145 2241 1354 2310 ignoras
1373 2281 1389 2307 ,
1412 2239 1509 2297 sed
1553 2256 1659 2295 non
1688 2239 1788 2293 mi-

211 2349 318 2391 nus
340 2349 499 2404 quam
528 2348 627 2390 nos
655 2333 772 2389 haec
794 2333 971 2387 omnia
994 2331 1155 2401 probe
1196 2330 1335 2385 nosti
1355 2348 1367 2384 :
1390 2338 1549 2400 teque
1595 2329 1791 2399 saepius
1830 2356 1839 2365 ·

212 2422 396 2478 audivi
416 2422 765 2479 admirantem
793 2421 935 2477 illius
964 2419 1419 2475 mansuetudinem
1445 2460 1460 2485 ,
1488 2418 1630 2489 quod
1671 2434 1793 2473 cru-

212 2523 395 2571 catam
420 2522 577 2568 antea
605 2513 878 2569 dexteram
902 2513 1239 2569 exosculatus
1271 2513 1340 2567 sit
1364 2513 1573 2567 hatrens
1595 2513 1646 2565 in
1674 2527 1791 2567 am-

215 2605 378 2675 plexu
401 2603 757 2659 adolescentis
776 2644 792 2670 ,
821 2604 1002 2674 sicque
1026 2603 1173 2657 illum
1201 2603 1270 2657 ad
1298 2603 1471 2672 priora
1502 2602 1789 2657 reduxerit.

286 2696 379 2751 18.
418 2695 614 2751 Beatus
668 2695 796 2751 item
842 2696 1034 2751 Paulus
1098 2696 1442 2763 Onesimum,
1512 2693 1789 2765 inutilem,

212 2785 544 2855 transfugam
566 2794 620 2840 ct
656 2784 825 2841 furem
843 2827 858 2852 ,
888 2785 1032 2840 illum
1054 2827 1069 2853 ,
1095 2786 1306 2856 inquam
1328 2827 1343 2853 ,
1372 2802 1476 2840 non
1504 2785 1662 2840 modo
1680 2801 1794 2840 sm-

216 2877 486 2945 plectitur.
517 2875 726 2945 quando
747 2885 979 2930 mutatus
1003 2887 1081 2930 est
1103 2918 1118 2942 ,
1151 2875 1244 2931 sed
1269 2878 1427 2932 etiam
1467 2876 1653 2932 lterum
1680 2877 1794 2947 ejus

214 2976 404 3035 rogat,
430 2966 584 3020 illum
614 2966 1013 3034 resipiscentcm
1040 2966 1155 3034 pari
1185 2966 1379 3021 habeat
1412 2967 1613 3021 honore
1633 2976 1795 3036 atque

216 3063 605 3122 prccceptorem
626 3054 789 3122 ipsius
807 3094 823 3119 ,
853 3053 936 3108 his
958 3054 1135 3109 verbis
1162 3069 1320 3108 usus:
1349 3053 1563 3108 Obsecro
1607 3064 1654 3108 te
1703 3072 1793 3124 pro

215 3160 329 3197 meo
353 3145 498 3212 ﬁlio,
525 3160 669 3213 quem
714 3147 862 3214 genui
892 3146 956 3197 in
990 3146 1233 3210 uinculis,
1270 3146 1537 3210 Onesimo,
1586 3149 1670 3215 qui
1709 3145 1796 3198 tibi

214 3233 499 3302 aliquando
514 3232 719 3287 inutilis
738 3234 864 3302 fuit,
893 3250 1027 3289 nunc
1048 3246 1213 3291 autem
1233 3243 1281 3288 et
1302 3235 1425 3288 mihi
1448 3244 1494 3288 et
1514 3235 1602 3288 tibi
1625 3233 1791 3301 utilis,

212 3338 367 3392 quem
391 3320 563 3375 remisi
604 3322 728 3375 tibi:
750 3332 804 3375 tu
831 3332 998 3375 autem
1018 3323 1164 3376 illum
1184 3363 1197 3388 ,
1219 3324 1272 3377 id
1299 3332 1372 3377 est
1417 3339 1525 3377 mea
1568 3323 1757 3377 uiscera
1777 3363 1792 3387 ,

208 3414 437 3483 suscipe.
474 3411 631 3477 Quem
659 3427 748 3483 ego
790 3413 1042 3466 volueram
1062 3429 1255 3467 mecum
1273 3413 1488 3467 detinere
1510 3452 1527 3479 ,
1546 3421 1601 3467 ut
1628 3428 1721 3482 pro
1752 3422 1798 3466 te

214 3503 351 3555 mihi
382 3502 688 3555 ministraret
707 3502 758 3553 in
776 3499 992 3557 vinculis
1007 3500 1267 3572 Evangelii
1284 3518 1304 3556 :
1331 3503 1438 3556 sine
1472 3503 1680 3556 consilio
1703 3518 1796 3555 au-

213 3602 321 3647 tem
344 3601 434 3647 tuo
478 3592 604 3647 nihil
637 3594 768 3647 volui
811 3597 975 3663 facere
993 3635 1005 3657 ,
1030 3595 1107 3647 uti
1153 3609 1215 3647 ne
1246 3593 1375 3648 velut
1407 3610 1470 3648 ea:
1511 3594 1798 3649 necessitate

214 3683 408 3737 bonum
463 3690 606 3735 tuum
652 3692 807 3749 esset,
835 3682 923 3737 sed
970 3682 1326 3739 voluntarium.
1375 3680 1615 3736 Forsitan
1666 3682 1797 3735 enim

214 3775 336 3829 ideo
365 3774 595 3829 discessit
618 3774 685 3829 ad
708 3784 900 3843 tempus
918 3815 932 3837 ,
957 3783 1010 3827 ut
1037 3783 1276 3827 internum
1323 3773 1467 3828 illum
1518 3773 1794 3841 reciperes,

216 3882 325 3920 non
339 3866 459 3935 jam
489 3874 541 3917 ut
565 3880 785 3928 seruum,
807 3865 894 3919 sed
921 3881 1012 3933 pro
1035 3880 1173 3918 seruo
1190 3864 1502 3919 carissimum
1525 3867 1734 3934 fratrem
1752 3862 1794 3928 ³,

216 3958 450 4010 maxime
483 3955 646 4011 mihi:
669 3965 861 4026 quanto
887 3964 1054 4008 autent
1074 3956 1236 4025 magis
1263 3955 1385 4021 tibi,
1416 3964 1462 4008 et
1490 3954 1543 4007 in
1576 3969 1727 4007 carne
1750 3963 1798 4008 et

214 4046 276 4099 in
298 4044 552 4099 Domino?
573 4044 635 4099 Si
654 4061 771 4115 ergo
794 4045 943 4099 habes
961 4061 1038 4098 me
1059 4047 1268 4108 socium,
1287 4045 1481 4113 suscipe
1502 4045 1646 4097 illum
1666 4044 1794 4098 sicut

219 4154 308 4192 nte
339 4136 589 4209 (Philem.
640 4135 705 4191 10
732 4167 754 4179 -
782 4136 893 4205 18).
932 4137 1013 4190 Ad
1044 4136 1345 4191 Corinthios
1388 4136 1513 4189 item
1554 4135 1792 4189 scribens

217 4229 298 4283 ait
323 4247 338 4284 :
372 4226 458 4281 Ne
484 4228 682 4291 iterum,
705 4243 819 4281 cum
858 4243 1058 4293 venero,
1090 4228 1284 4297 lugeant
1324 4227 1508 4280 multos
1535 4242 1598 4280 ea;
1629 4225 1691 4278 iis
1714 4226 1801 4296 qui

218 4328 343 4372 ante
369 4325 714 4386 peccaverunt,
732 4326 778 4370 et
798 4332 896 4370 non
915 4326 1115 4387 egerunt
1131 4318 1465 4386 paenitentiam
1479 4315 1553 4388 (2.
1570 4315 1685 4370 Cor.
1709 4314 1795 4373 12.

219 4408 289 4463 21
315 4418 363 4462 et
393 4408 482 4462 15.
503 4406 581 4475 2).
612 4406 677 4460 Et
708 4416 936 4462 rursum:
975 4405 1119 4461 Sicut
1163 4406 1375 4478 prtedixi
1394 4447 1408 4469 ,
1438 4408 1617 4459 iterum
1660 4421 1797 4476 prat-

221 4499 341 4551 ἀίω
366 4535 384 4563 ,
402 4497 536 4566 quod
562 4497 607 4550 si
632 4512 809 4551 venero
836 4498 1051 4561 iterum,
1071 4513 1169 4551 non
1200 4514 1424 4568 parcant.
1451 4495 1633 4553 Viden‘
1661 4512 1796 4568 quos

221 4586 437 4656 lugeat,
465 4587 656 4655 quibus
701 4600 806 4640 non
837 4587 1048 4655 parcat?
1077 4586 1190 4641 Non
1221 4588 1284 4641 iis
1311 4588 1399 4656 qui
1430 4597 1796 4657 peccaverunt,

222 4678 321 4732 sed
345 4677 410 4731 iis
428 4678 520 4747 qui
548 4677 912 4746 penitentiam
953 4694 1056 4731 non
1105 4689 1352 4746 egerunt;
1384 4693 1558 4747 neque
1598 4680 1801 4748 simpli-

221 4768 362 4822 citer
391 4767 460 4820 iis
479 4767 567 4835 qui
604 4766 964 4835 pmnitentiam
1004 4781 1108 4820 non
1151 4774 1407 4836 egerunt,
1459 4767 1555 4821 sed
1599 4769 1663 4822 iis
1710 4770 1799 4838 qui

223 4857 398 4913 semel
426 4866 482 4911 et
509 4860 699 4911 iterum
728 4858 910 4910 moniti
933 4857 1301 4926 obtemperare
1335 4858 1637 4913 noluerunt.
1666 4858 1798 4914 Illud

220 4950 394 5012 enim,
424 4946 655 5002 Praedixi
675 4988 688 5010 ,
718 4956 763 5000 et
787 4947 1006 5018 praedico
1027 4957 1083 5001 ut
1103 4965 1322 5018 prmsens
1343 4991 1357 5015 ,
1379 4950 1595 5004 secundo
1614 4959 1660 5003 et
1685 4950 1800 5004 abs-

220 5056 312 5092 ens
354 5037 521 5092 scribo
540 5077 555 5100 ,
583 5036 712 5090 nihil
737 5037 876 5091 aliud
922 5037 1119 5092 indicat
1139 5080 1154 5104 ,
1183 5054 1338 5108 quam
1369 5039 1419 5094 id
1446 5040 1584 5107 quod
1608 5041 1796 5111 nejam

222 5128 368 5181 inter
392 5142 491 5181 nos
515 5128 724 5181 eveniat
750 5127 1227 5195 pertimescendum
1266 5139 1367 5185 est.
1397 5129 1615 5184 Etiamsi
1658 5133 1798 5185 enim

221 5217 425 5273 Paulus
453 5217 544 5287 qui
567 5226 692 5272 tunc
717 5216 1003 5273 Corinthiis
1030 5220 1473 5285 comminabatur,
1501 5236 1607 5274 non
1635 5220 1795 5283 adsit,

221 5309 317 5362 sed
343 5305 499 5361 adest
532 5306 810 5375 Christus,
838 5308 928 5379 qui
958 5317 1083 5364 tunc
1106 5323 1202 5378 per
1245 5309 1416 5379 ipsum
1465 5309 1793 5380 loquebatur.

287 5440 308 5471 ⁸
334 5439 544 5500 Aliquot
568 5437 706 5500 Mss,
730 5437 918 5488 turbam
938 5438 1219 5500 depelleret.

287 5452 308 5471 ι
334 5452 544 5500 Aliqum
568 5452 706 5498 mss,
730 5452 918 5488 turbam
938 5452 1000 5489 ae
1033 5452 1219 5488 exteret.

285 5503 306 5530 '
332 5499 428 5549 Hic
470 5504 610 5547 notat
647 5499 697 5546 in
725 5500 946 5559 margine
987 5452 1299 5559 gomet-tinus
1343 5512 1486 5559 unus,
1523 5503 1625 5558 Τῆς
1659 5501 1809 5557 αὐτῆς

216 5560 696 5629 (asapia-pluma:
705 5619 715 5629 Ι
731 5560 812 5608 καὶ
833 5557 1066 5622 Ἦλήμης.
1106 5557 1334 5624 Ejusdem
1355 5557 1589 5612 historin
1603 5559 1809 5610 mentio-

215 5619 471 5682 nem'facit
494 5619 641 5671 etiam
662 5619 896 5682 Clemens.

177 5726 181 5734 .
283 5682 305 5715 ³
321 5670 479 5735 S'avil.
502 5670 556 5733 in
582 5681 802 5744 margine
824 5686 879 5732 et
900 5694 1027 5732 unus
1049 5670 1229 5745 cedes,
1270 5679 1588 5735 carissimum
1611 5675 1785 5731 tilium.

1332 319 1423 375 At)
1459 301 2205 377 rueouonuu'napsuu.
2245 317 2285 375 ι.

3356 319 3458 371 31W.

1879 433 1958 485 Ac
1985 433 2029 485 si
2059 433 2321 487 obstinate
2346 446 2769 502 perseveremus,
2800 445 2906 486 non
2933 440 3113 500 parcet
3147 432 3300 488 nobis
3321 473 3335 497 ,
3363 433 3458 487 sed

1881 515 2147 583 percutiet
2160 517 2314 586 plaga
2329 532 2521 586 magna
2536 529 2589 574 et
2601 520 2687 575 hic
2698 534 2747 576 et
2764 523 2816 577 in
2833 524 3013 578 futuro
3028 528 3248 580 saeculo.
3265 526 3470 581 Pricae-

1880 616 2125 669 supernus
2148 605 2512 675 igiturfaciem
2526 609 2639 679 ejus
2662 611 2719 664 in
2736 613 3250 686 confessione(Psal.
3272 616 3363 671 9i.
3388 617 3465 686 2);

1880 692 2231 751 effundimus
2248 697 2302 751 in
2321 711 2620 769 conspectu
2647 701 2766 770 ejus
2784 705 2948 758 corda
2967 713 3178 761 nostra.
3198 705 3468 766 Peccasti,

1881 779 2082 851 inquit,
2110 800 2173 838 ne
2194 785 2362 840 addas
2396 788 2608 854 iterum,
2630 801 2679 844 et
2701 795 2765 846 de
2784 794 3050 859 prioribus
3088 797 3192 850 tuis
3223 797 3468 864 supplico

1884 881 2068 953 (Eccti.
2101 881 2191 936 21.
2223 882 2313 954 1);
2341 891 2395 937 et
2418 897 2629 938 rursum
2653 923 2669 948 ,
2690 880 2871 938 Justus
2899 893 3160 940 accusator
3179 886 3260 940 sui
3281 895 3354 942 est
3402 888 3458 941 in

1884 972 2131 1042 principio
2176 973 2418 1027 sermonis
2471 972 2653 1044 (Prov.
2688 973 2775 1029 18.
2806 973 2920 1043 Π).
2956 974 3035 1030 Ne
3086 985 3457 1044 exspectemus

1881 1061 2043 1131 igitur
2082 1072 2446 1119 accusatorem
2470 1105 2484 1126 .
2516 1061 2609 1118 sed
2649 1062 2766 1133 ejus
2809 1070 2990 1133 partes
3034 1075 3455 1134 praevertamns,

1882 1167 2054 1222 eoque
2098 1152 2278 1208 officio
2319 1153 2551 1223 judicem
2590 1151 2747 1208 nobis
2787 1153 3109 1222 pacatiorem
3152 1153 3454 1212 reddamus.

1886 1242 1960 1298 Te
1974 1243 2188 1313 quidem
2216 1252 2429 1314 peccata
2442 1243 2683 1300 conﬁteri
2701 1253 2807 1311 tua,
2835 1251 2994 1311 teque
3009 1244 3258 1299 miserum
3275 1243 3458 1299 admo-

1884 1329 2011 1385 dum
2036 1330 2283 1386 arbitrari
2299 1340 2630 1401 compertum
2649 1327 2817 1386 habeo
2835 1346 2850 1396 ;
2865 1346 3051 1387 verum
3069 1347 3172 1386 non
3190 1332 3240 1387 id
3259 1340 3460 1388 tantum

1885 1423 2119 1492 requiro,
2137 1424 2292 1492 cupio
2316 1432 2493 1478 autem
2517 1432 2572 1476 ut
2598 1436 2909 1492 persuasum
2932 1422 3149 1489 habeas,
3165 1432 3217 1478 te
3244 1422 3345 1478 hac
3369 1440 3460 1477 ra-

1887 1511 2030 1566 tione
2060 1525 2217 1580 posse
2238 1511 2496 1581 justitiam
2523 1512 2751 1582 assequi.
2776 1511 3036 1580 Quamdiu
3051 1513 3192 1567 enim
3221 1514 3461 1568 inutilem

1886 1600 2044 1655 talem
2059 1600 2443 1656 confessionem
2469 1601 2721 1668 edideris,
2751 1602 2956 1657 etiamsi
2978 1602 3202 1671 teipsum
3221 1602 3459 1669 accuses,

1886 1707 1994 1747 non
2016 1694 2212 1763 poteris
2231 1708 2480 1763 umquam
2499 1694 2550 1747 in
2572 1702 2840 1762 posterum
2858 1708 2886 1747 a
2910 1695 3144 1763 peccatis
3165 1694 3459 1750 discedere.

1886 1781 2053 1836 Nemo
2081 1782 2224 1838 enim
2264 1782 2550 1853 quidquam
2604 1782 2760 1837 faciet
2806 1798 2926 1838 omn
2971 1785 3243 1840 alacritate
3279 1793 3334 1840 et
3358 1787 3462 1840 ritu

1886 1875 2228 1944 congruenti,
2262 1875 2361 1929 nisi
2391 1875 2536 1946 prius
2566 1891 2875 1945 persuasum
2920 1875 3139 1942 habeat,
3172 1894 3283 1933 rem
3318 1880 3462 1933 utili.

1884 1965 1981 2019 tati
2012 1965 2115 2019 sibi
2142 1965 2274 2020 fore.
2305 1964 2576 2035 Siquidem
2607 1966 2650 2020 is
2675 1967 2763 2034 qui
2802 1967 3050 2032 seminat,
3078 1976 3355 2036 postquam
3382 1983 3489 2029 sua

1888 2071 2011 2110 men
2036 2056 2249 2124 sparsit,
2268 2057 2372 2111 nisi
2400 2071 2629 2113 messem
2648 2066 2938 2127 exspectet,
2969 2074 3251 2128 numquam
3279 2069 3463 2114 metet.

1889 2146 2017 2214 Quis
2038 2148 2187 2202 enim
2213 2163 2463 2217 umquam
2508 2148 2752 2203 laborare
2787 2147 2984 2203 frustm
3034 2149 3192 2215 velit,
3222 2150 3351 2203 nihil
3398 2165 3465 2205 ex

1890 2236 2072 2291 labore
2109 2236 2232 2291 boui
2291 2238 2756 2307 consequuturus?
2813 2238 2903 2293 Sic
2941 2254 3068 2309 ergo
3106 2240 3194 2310 qui
3241 2241 3468 2295 seminat

1893 2327 2077 2392 verba,
2105 2328 2385 2399 lacrymas,
2418 2328 2829 2396 confessionem,
2858 2330 2959 2385 nisi
2991 2331 3127 2385 bona
3168 2347 3263 2401 spe
3304 2331 3468 2387 fultus

1893 2416 1945 2472 id
1975 2417 2154 2482 faciat,
2180 2434 2208 2470 a
2239 2419 2467 2488 peccatis
2490 2418 2747 2474 desistere
2773 2436 2877 2474 non
2907 2422 3118 2490 poterit,
3153 2431 3335 2492 utpote
3363 2423 3461 2477 de-

1890 2508 2208 2576 sperationis
2237 2509 2375 2562 malo
2403 2508 2685 2564 cohibitus.
2717 2509 2820 2565 Sed
2846 2512 3294 2580 quemadmodum
3332 2515 3471 2583 agri-

1892 2598 2009 2653 cola
2043 2599 2134 2652 ille
2179 2600 2264 2669 qui
2313 2599 2380 2654 de
2435 2611 2693 2669 proventu
2737 2600 3002 2656 fructuum
3051 2604 3329 2673 desperat,
3365 2621 3468 2658 non

1893 2690 2097 2745 Curabit
2124 2705 2186 2744 ea
2215 2704 2493 2744 removere
2521 2706 2637 2759 qua:
2664 2690 2902 2759 frugibus
2929 2692 3083 2746 noxia
3113 2702 3236 2747 sunt
3270 2709 3284 2745 :
3320 2697 3388 2747 ita
3418 2704 3473 2749 et

1890 2780 1985 2836 ille
2010 2781 2099 2850 qui
2142 2795 2236 2849 per
2274 2780 2536 2851 lacrymas
2578 2779 2971 2836 confessionem
3019 2784 3293 2849 seminat,
3338 2784 3470 2838 nihil

1886 2878 2186 2939 expectans
2216 2869 2338 2924 inde
2362 2869 2520 2935 lucri,
2548 2869 2850 2939 neutiquam
2875 2873 3073 2940 poterit
3100 2888 3162 2929 ca
3189 2888 3470 2929 removere

1892 2976 2013 3031 quae
2052 2961 2378 3029 paenitentia:
2400 2960 2620 3015 exitiosa
2646 2970 2788 3014 sunt.
2819 2962 3185 3017 Paenitentiam
3217 2978 3346 3019 vero
3374 2965 3472 3019 dc-

1895 3051 2051 3104 struit
2101 3050 2288 3103 iisdem
2338 3051 2393 3104 in
2428 3050 2659 3119 peccatis
2706 3052 3120 3119 perseverantia.
3177 3050 3354 3117 Unus,
3389 3054 3472 3107 in-

1894 3140 2028 3208 quit,
2055 3139 2315 3206 adiﬁcans
2346 3136 2402 3193 et
2450 3155 2581 3192 unus
2618 3138 2903 3200 destruens,
2954 3140 3074 3207 quid
3125 3140 3306 3194 [aerati
3357 3152 3473 3196 sunt

1897 3239 2076 3299 preter
2096 3228 2349 3283 laborem?
2379 3228 2477 3295 Qui
2502 3228 2786 3298 baptizatur
2814 3245 2846 3280 a
2867 3239 3060 3281 mortua
3087 3230 3103 3295 (
3125 3229 3162 3283 i.
3194 3244 3245 3282 e.
3270 3245 3300 3283 a
3332 3238 3470 3283 tactu

1895 3322 2091 3378 mortui
2117 3321 2135 3391 )
2166 3331 2212 3376 et
2240 3338 2412 3375 rursus
2437 3322 2597 3390 tangit
2618 3322 2783 3382 illum,
2806 3322 2927 3390 quid
2965 3322 3285 3375 emolumenti
3327 3321 3472 3376 habet

1896 3413 2173 3467 eatlauacro
2201 3427 2292 3465 suo
2317 3410 2337 3482 (
2359 3410 2522 3465 Eccli.
2562 3412 2649 3465 5i.
2683 3410 2811 3480 50)?
2840 3411 2929 3465 Sic
2959 3411 3120 3465 homo
3155 3411 3244 3481 qui
3268 3410 3474 3480 jejuuat

1896 3517 1926 3556 a
1956 3502 2184 3572 peccatis
2229 3502 2374 3567 suis,
2407 3510 2461 3556 et
2487 3502 2674 3555 iterum
2727 3516 3037 3571 progressus
3076 3503 3262 3558 eadem
3282 3502 3470 3558 admit-

1899 3594 1992 3649 tit:
2024 3595 2141 3662 quis
2161 3593 2275 3663 ejus
2302 3606 2488 3662 preces
2508 3591 2754 3646 exaudiet
2779 3591 2803 3645 ?
2834 3593 2897 3646 Et
2928 3608 3160 3658 rursum,
3183 3591 3285 3659 Qui
3308 3608 3471 3647 reser-

1897 3684 2040 3751 titur,
2070 3683 2260 3753 inquit,
2290 3700 2322 3736 a
2341 3684 2608 3753 justitiain
2639 3694 3047 3754 peccatum,eum
3068 3683 3315 3739 Dominus
3341 3703 3474 3755 prir-

1902 3783 2046 3843 parat
2069 3774 2139 3827 ad
2160 3774 2388 3844 gladium
2412 3772 2595 3846 (Eccli.
2635 3774 2725 3829 26.
2756 3774 2870 3845 27).
2901 3776 2985 3841 Et,
3020 3776 3165 3829 Sicut
3189 3777 3328 3830 canis
3356 3794 3471 3830 cum

1899 3881 2122 3919 reversus
2163 3865 2315 3934 fuerit
2353 3865 2421 3918 ad
2448 3865 2683 3918 uomitum
2711 3904 2727 3927 ,
2777 3864 2982 3918 odiosus
3031 3865 3255 3934 efﬁcitur,
3310 3867 3382 3920 sic
3428 3876 3473 3919 et

1898 3955 2138 4023 insipiens
2202 3956 2396 4008 malitia
2447 3972 2540 4010 sua
2592 3970 2815 4009 reuersus
2878 3955 2947 4008 ad
2999 3965 3253 4025 peccatum
3322 3974 3469 4010 suum

1902 4046 1922 4117 (
1948 4046 2105 4100 Prov.
2136 4046 2225 4100 26.
2250 4047 2305 4100 11
2340 4046 2380 4116 ).

1971 4136 2058 4192 19.
2094 4137 2221 4204 Quae
2245 4140 2307 4191 sit
2355 4138 2572 4191 conditio
2617 4154 2747 4192 verte
2786 4138 3270 4206 paenitentia—Ne
3299 4139 3474 4208 itaque

1901 4238 2173 4297 peccatum
2199 4228 2346 4297 quasi
2376 4238 2654 4282 accusator
2681 4230 2751 4283 tui
2789 4238 2987 4284 tantum
3023 4230 3304 4285 annunties
3333 4272 3347 4294 ,
3376 4230 3470 4284 sed

1902 4327 2165 4389 tamquam
2203 4320 2289 4388 qui
2320 4334 2417 4389 per
2457 4319 2779 4388 poenitentia:
2818 4321 3032 4375 modum
3059 4321 3335 4390 justificari
3376 4321 3476 4376 de-

1900 4410 2065 4474 beas;
2107 4409 2185 4464 sic
2208 4409 2347 4462 enim
2384 4409 2581 4477 poteris
2610 4409 2839 4462 animam
2884 4409 3226 4465 confitentem
3272 4411 3474 4480 pudore

1899 4502 2152 4566 afﬁcere,
2206 4516 2275 4556 ne
2326 4500 2462 4555 ultra
2502 4501 2555 4554 in
2600 4498 2784 4554 eadem
2815 4499 3100 4553 relabatur.
3148 4500 3280 4553 Nam
3306 4500 3472 4554 vehe-

1900 4602 2107 4647 menter
2142 4606 2201 4646 se
2242 4590 2495 4646 damnare
2524 4588 2864 4659 profiterique
2908 4596 3263 4658 peecatorem,
3308 4589 3468 4643 etiam

1899 4698 2020 4737 cum
2042 4682 2339 4737 infidelibus
2365 4693 2648 4734 commune
2673 4687 2777 4733 est.
2826 4678 2975 4732 Multi
3007 4692 3233 4749 namque
3258 4693 3287 4732 a
3313 4693 3469 4734 scena

1901 4772 2001 4826 viri
2023 4780 2077 4827 et
2102 4772 2376 4836 mulieres,
2406 4770 2496 4839 qui
2541 4769 2771 4823 maxime
2799 4768 3177 4838 turpitudinem
3204 4785 3352 4824 suam
3383 4784 3471 4823 sc-

1899 4878 2020 4918 cum
2060 4871 2326 4933 reputant,
2356 4876 2476 4917 sese
2496 4862 2719 4916 miseros
2747 4861 3036 4930 praedicant
3065 4877 3078 4914 :
3103 4871 3160 4917 at
3189 4879 3293 4916 non
3318 4863 3472 4917 colli-

1901 4960 2048 5007 maut
2083 4952 2150 5007 ad
2193 4966 2377 5006 verum
2429 4966 2668 5021 scopum.
2702 4951 2875 5019 Quare
2918 4951 3048 5006 illud
3104 4968 3209 5006 non
3240 4954 3472 5008 vocarim

1900 5042 2334 5099 confessionem:
2386 5056 2558 5110 neque
2600 5042 2740 5096 enim
2792 5057 2912 5096 cum
2972 5042 3165 5098 anima:
3214 5058 3476 5114 compun-

1899 5136 2076 5190 ctione
2103 5175 2118 5200 ,
2143 5148 2265 5188 cum
2287 5132 2638 5188 amaritudine
2665 5135 3038 5204 Iactymarum,
3065 5149 3186 5190 cum
3213 5135 3336 5191 vita:
3362 5151 3477 5192 mn-

1902 5227 2099 5281 tatione
2138 5236 2352 5296 peccata
2400 5240 2493 5279 sua
2523 5226 2965 5289 enuntiant;sed
3010 5226 3099 5280 alii
3152 5226 3364 5297 quidem
3411 5244 3477 5283 eo

1902 5315 2113 5369 nomine
2137 5313 2191 5368 id
2231 5323 2410 5384 agunt,
2442 5324 2499 5367 ut
2527 5313 2784 5382 ejusmodi
2810 5314 3041 5369 candore
3067 5317 3327 5372 sermonis
3358 5328 3475 5385 gzu-

1900 5407 2034 5460 riam
2076 5413 2422 5473 aucupentur.
2478 5403 2824 5458 Pcccatorum
2876 5407 3016 5458 cnim
3057 5407 3284 5475 gravitas
3317 5407 3475 5477 longe

1901 5493 2005 5549 alia
2032 5501 2251 5562 apparet
2292 5507 2413 5546 cum
2452 5493 2587 5546 alter
2622 5507 2681 5546 ea
2717 5493 3030 5558 denuntiat,
3067 5509 3222 5563 quam
3266 5512 3385 5548 cum
3431 5512 3475 5549 IS

1914 5583 2026 5651 ipse
2054 5582 2142 5650 qui
2171 5579 2430 5649 peccavit.
2455 5579 2554 5633 Alii
2578 5587 2750 5634 autem
2778 5581 2824 5632 vi
2864 5581 3249 5649 desperationis
3278 5586 3329 5636 in
3357 5594 3470 5636 stu-

1904 5687 2086 5745 porem
2116 5681 2170 5727 et
2211 5669 2486 5740 segnitiem
2534 5670 2661 5741 lapsi
2690 5709 2704 5737 ,
2734 5679 2787 5725 et
2830 5670 3048 5739 gloriam
3077 5672 3343 5726 hominum
3371 5671 3468 5725 de-
