4088 6138
621 316 722 371 307

621 428 928 499 spicientes,
953 440 1074 482 cum
1123 422 1448 493 impudentia
1477 436 1666 491 magna
1694 429 1912 492 peccata
1953 437 2046 478 sua
2076 437 2198 493 per-

623 518 748 574 inde
787 526 945 587 alque
1000 515 1167 568 aliena
1208 512 1453 566 omnibus
1481 510 1827 580 proclamant.
1860 511 2030 566 Nolim
2072 526 2198 567 sane

618 619 676 663 te
724 624 791 663 ex
834 608 1045 661 illorum
1094 618 1320 659 numero
1363 612 1522 670 esse,
1577 603 1661 658 vel
1713 617 1778 657 ex
1831 603 2199 673 desperatione

614 698 1002 754 confessionem
1072 696 1265 762 edere,
1324 695 1418 749 sed
1473 709 1593 748 cum
1641 695 1777 750 bona
1847 711 1984 765 spe,
2024 697 2199 750 omni-

617 806 722 862 que
764 799 971 846 resecta
1026 789 1412 860 desperationis
1467 786 1647 841 radice
1704 787 2028 842 contrarium
2077 785 2201 840 huic

620 883 853 937 studium
884 881 1158 937 exhibere.
1187 879 1440 951 Qumnam
1484 889 1658 935 mater
1681 888 1737 935 et
1761 878 1913 934 radix
1941 877 2195 947 despera-

619 975 781 1031 tionis
809 975 930 1030 est?
956 973 1169 1045 Ignavia
1217 991 1232 1029 :
1276 974 1384 1028 imo
1432 987 1537 1028 non
1569 972 1719 1027 radix
1755 971 1915 1026 modo
1956 980 2196 1037 vocetur,

618 1065 715 1120 sed
757 1066 914 1119 etiam
941 1065 1116 1123 nutrix
1156 1075 1210 1118 et
1251 1070 1439 1118 mater.
1488 1061 1945 1131 Quemadmodum
1976 1060 2118 1115 enim
2146 1060 2198 1114 in

623 1157 741 1210 lana
772 1157 942 1210 tineas
972 1154 1140 1224 gignit
1166 1153 1438 1221 corruptio
1459 1164 1477 1216 ',
1507 1167 1626 1222 quas
1656 1160 1839 1221 postea
1881 1149 1951 1204 ab
1977 1150 2083 1204 illis
2108 1163 2201 1202 au-

627 1257 817 1318 getur:
845 1248 921 1301 sic
952 1246 1110 1302 etiam
1138 1245 1225 1300 hic
1262 1244 1469 1315 ignavia
1498 1244 1922 1313 desperationem
1955 1242 2118 1311 parit,
2146 1247 2202 1296 ct

622 1348 808 1408 poSIea
838 1351 868 1390 a
894 1335 1263 1405 desperatione
1301 1335 1479 1399 alitur,
1512 1343 1566 1389 et
1608 1333 1780 1388 ambae
1826 1340 2009 1387 mutuo
2046 1344 2201 1385 exse-

619 1428 879 1485 crandum
905 1427 1006 1482 sibi
1033 1433 1320 1497 procurant
1348 1428 1728 1481 incrementum
1748 1466 1762 1491 ,
1796 1439 1896 1480 nec
1940 1423 2201 1479 modicam

623 1522 983 1577 accessionem
1011 1520 1244 1589 capiunt.
1285 1517 1341 1573 Si
1369 1519 1485 1588 quis
1513 1519 1672 1588 igitur
1698 1516 1917 1570 alteram
1956 1514 2204 1584 prmscin-

625 1611 737 1677 dat,
767 1610 1039 1666 residuam
1065 1610 1288 1665 alteram
1317 1608 1474 1663 facile
1505 1606 1700 1677 poterit
1728 1620 2003 1675 superare.
2033 1603 2203 1659 Num-

626 1715 782 1769 quam
806 1700 950 1757 enim
979 1698 1070 1770 qui
1108 1714 1213 1752 non
1245 1697 1498 1766 torpescit
1528 1697 1577 1750 in
1606 1694 2028 1765 desperationem
2059 1692 2204 1748 labe-

629 1798 735 1856 tur,
768 1804 941 1859 neque
962 1789 1051 1858 qui
1079 1788 1238 1842 alitur
1266 1802 1361 1856 spe
1386 1787 1546 1851 bona,
1576 1800 1677 1841 nec
1694 1786 1930 1840 animum
1965 1785 2203 1853 despon-

629 1882 738 1947 det,
768 1895 1000 1949 unquam
1032 1878 1228 1949 poterit
1271 1877 1323 1932 in
1350 1877 1627 1947 segnitiem
1656 1875 1866 1930 cadere.
1900 1875 2001 1929 Par
2028 1875 2206 1944 itaque

631 1972 759 2027 illud
801 1972 1012 2036 divelle,
1040 1978 1095 2025 et
1117 1970 1305 2040 iugum
1344 1969 1616 2038 confringe
1638 2008 1653 2032 ,
1687 1967 1885 2021 variam
1913 1966 2031 2021 dico
2062 1966 2203 2019 illam

627 2070 682 2118 et
707 2077 918 2133 gravem
941 2061 1351 2131 cogitationem:
1380 2074 1555 2130 neque
1585 2060 1725 2113 enim
1757 2058 1843 2112 illa
1869 2073 1989 2129 qua:
2008 2064 2208 2111 utram-

642 2168 748 2222 que
782 2153 1180 2222 complectitur,
1209 2150 1364 2206 unius
1404 2158 1489 2205 est
1517 2149 1735 2215 forma),
1784 2149 1877 2204 sed
1924 2149 2122 2203 variam
2153 2155 2209 2203 et

629 2243 987 2298 omnimodam
1018 2242 1251 2310 speciem
1280 2240 1512 2310 praefert.
1540 2239 1795 2307 Quasnam
1823 2239 2014 2293 est-illa
2031 2235 2207 2291 γρου-

630 2336 788 2403 tingit
810 2333 1092 2404 aliquando
1133 2333 1477 2402 poenitentem
1512 2331 1677 2385 multa
1704 2339 1850 2384 recte
1878 2339 1930 2384 et
1949 2328 2210 2400 prmclare
2254 2352 2261 2359 -

630 2440 787 2496 agere
819 2443 832 2479 :
869 2424 1184 2494 interimque
1224 2438 1254 2477 a
1281 2422 1435 2476 bonis
1455 2421 1706 2490 operibus
1745 2420 1852 2475 labi
1890 2435 1983 2489 per
2005 2419 2210 2488 pecrati

638 2518 765 2588 ipsis
792 2525 938 2571 recte
987 2513 1139 2569 factis
1184 2513 1439 2585 gravitate
1465 2512 1647 2580 paria:
1678 2518 1734 2564 et
1767 2509 1866 2563 hoc
1899 2508 2131 2563 maxime
2156 2507 2211 2562 in

632 2606 1055 2676 desperationem
1099 2603 1319 2671 injicere
1356 2601 1537 2666 valet;
1589 2613 1651 2653 ac
1689 2598 1733 2652 si
1782 2613 1844 2653 ea
1910 2612 2030 2667 qua:
2076 2610 2208 2650 con-

641 2705 843 2751 structa
878 2695 1086 2749 fuerant
1108 2693 1280 2747 diruta
1306 2693 1445 2759 sint,
1476 2699 1531 2745 et
1576 2690 1766 2745 frustra
1810 2688 2036 2744 cesserit
2061 2687 2215 2741 labor

637 2788 688 2842 in
717 2788 817 2842 illis
845 2784 1080 2856 agendis.
1111 2783 1332 2853 Oportet
1357 2790 1535 2837 autem
1565 2782 1666 2836 hoc
1708 2789 1887 2836 mente
1927 2786 2175 2851 reputare
2194 2820 2210 2845 ,

635 2888 692 2932 et
733 2877 868 2930 hanc
915 2875 1284 2945 cogitationem
1327 2873 1640 2942 depellere:
1687 2874 1935 2942 quoniam
1981 2871 2024 2925 si
2068 2881 2215 2925 recte

638 2966 894 3021 factorum
917 2979 1214 3019 mensuram
1239 3003 1255 3029 ,
1288 2964 1545 3031 aequalem
1588 2963 1816 3031 peccatis
1837 3004 1851 3026 ,
1882 2978 2000 3031 qua:
2031 2967 2215 3030 postea

637 3057 922 3112 commissa
942 3065 1088 3119 sunt,
1114 3069 1218 3108 non
1240 3054 1534 3123 depositam
1554 3053 1866 3117 habeamus,
1894 3053 2024 3105 nihil
2047 3050 2216 3119 prohi-

639 3149 784 3205 bebit
822 3148 1105 3218 quominus
1143 3148 1354 3215 penitus
1381 3145 1763 3213 deprimamur.
1793 3144 1862 3198 At
1904 3151 2049 3199 recte
2074 3141 2215 3195 facta

641 3240 728 3293 illa
757 3249 884 3292 sunt
922 3236 1083 3291 veluti
1134 3235 1322 3289 thorax
1365 3234 1540 3298 fortis,
1571 3233 1659 3305 qui
1688 3241 1898 3288 acutum
1940 3232 2219 3287 acerbum-

643 3346 748 3401 que
777 3330 939 3385 telum
979 3327 1220 3397 reprimit
1244 3343 1313 3382 ne
1341 3341 1474 3396 opus
1500 3340 1652 3380 suum
1682 3325 1952 3394 perficiat,
1984 3323 2079 3378 sed
2106 3322 2221 3391 ipse

641 3421 900 3475 discissus
935 3420 1157 3473 multum
1206 3417 1426 3486 periculi
1470 3425 1709 3470 removet
1759 3429 1789 3468 a
1816 3428 2060 3482 corpore.
2087 3411 2219 3467 Nam

642 3514 732 3581 qni
761 3527 881 3566 cum
920 3510 1102 3564 multis
1138 3517 1248 3563 tum
1300 3508 1452 3562 bonis
1488 3516 1596 3561 tum
1636 3507 1790 3561 malis
1815 3505 2063 3575 operibus
2097 3504 2222 3559 illuc

644 3602 900 3666 abscedit,
931 3600 1149 3655 habebit
1192 3599 1390 3669 aliquid
1438 3597 1617 3652 solatii
1649 3598 1700 3650 in
1749 3594 2044 3664 supplicio,
2089 3594 2221 3648 etin

649 3692 1004 3755 cruciatibus;
1048 3690 1136 3758 qui
1180 3698 1357 3743 autem
1414 3688 1673 3740 honorum
1727 3699 1948 3753 operum
1992 3698 2219 3754 expers,

650 3782 780 3838 mala
810 3788 1009 3834 tantum
1055 3791 1236 3831 secum
1267 3776 1478 3837 defert,
1506 3774 1611 3828 dici
1647 3774 1825 3843 nequit
1857 3783 2051 3842 quanta
2098 3788 2221 3842 pas-

647 3888 803 3926 surus
827 3871 932 3936 sit,
960 3868 1024 3922 ad
1052 3877 1309 3923 :rteruum
1341 3865 1654 3935 supplicium
1685 3864 1975 3934 ablegatus.
2013 3865 2223 3919 Etenim

650 3968 756 4020 illic
784 3964 1148 4035 appendentur
1171 3977 1330 4030 opera
1385 3960 1521 4014 mala
1547 4001 1563 4026 ,
1592 3974 1712 4013 cum
1734 3959 1849 4014 aliis
1877 3975 1980 4013 non
2013 3959 2222 4025 talibus,

650 4068 703 4112 et
736 4058 779 4111 si
819 4058 932 4110 haec
957 4065 1217 4124 postrema
1247 4053 1451 4105 lancem
1485 4049 1800 4119 deprimant,
1830 4065 1932 4102 non
1965 4047 2224 4102 modicam

652 4149 876 4202 salutent
900 4145 1121 4200 afferent
1152 4142 1354 4197 auctori
1389 4159 1401 4194 :
1444 4157 1614 4210 neque
1647 4148 1844 4194 tantam
1880 4142 1982 4194 vim
2018 4139 2230 4194 habebit

658 4235 912 4288 malorum
934 4249 1153 4303 Operum
1183 4248 1338 4296 noxa,
1369 4241 1425 4286 ut
1443 4247 1563 4285 eum
1597 4231 1663 4286 de
1692 4231 1809 4285 loco
1829 4245 1925 4284 suo
1949 4228 2229 4285 deturbare

655 4324 853 4394 possit;
894 4324 938 4378 si
969 4332 1144 4377 autent
1176 4322 1313 4376 mala
1340 4337 1498 4392 opera
1522 4322 1859 4390 prcevaleant,
1892 4321 1944 4374 in
1978 4319 2230 4389 gehennae

657 4414 855 4486 ignem'
875 4414 1216 4484 deprimunt;
1250 4428 1314 4468 eo
1341 4412 1480 4483 quod
1507 4413 1762 4467 bonorum
1801 4425 2021 4480 Operum
2048 4424 2231 4464 nume-

656 4520 746 4561 rus
767 4519 871 4560 non
899 4505 944 4559 is
967 4506 1057 4571 sit,
1088 4506 1179 4574 qui
1210 4505 1375 4573 possit
1409 4502 1792 4559 vehementiori
1824 4501 2071 4570 impulsui
2102 4514 2232 4555 con-

659 4599 824 4653 trario
845 4598 1113 4653 resistere.
1139 4595 1251 4650 lloc
1271 4610 1427 4664 porro
1457 4609 1562 4649 non
1587 4592 1922 4648 ratiocinium
1953 4590 2113 4644 modo
2136 4604 2232 4645 no-

657 4699 829 4743 strum
865 4688 1116 4758 suggerit,
1158 4685 1251 4740 sed
1272 4686 1432 4739 etiam
1462 4683 1637 4738 divina
1678 4682 1926 4747 oracula;
1957 4680 2071 4750 ipse
2092 4681 2236 4735 enim

660 4777 832 4847 inquit
845 4776 1057 4831 'Reddet
1070 4774 1331 4839 unicuique
1344 4772 1617 4826 secundum
1631 4786 1783 4840 opera
1800 4771 1907 4841 ejus
1920 4768 2233 4839 (Rom.2.6).

663 4870 741 4920 Ac
765 4882 867 4919 non
901 4866 949 4918 in
980 4864 1221 4932 geheuna
1250 4863 1441 4924 solum.
1472 4861 1565 4916 sed
1592 4862 1751 4915 etiam
1780 4862 1831 4914 in
1861 4872 2024 4929 regno
2051 4858 2241 4912 discri-

666 4954 808 5008 mina
837 4954 852 4984 ¹
883 4953 1107 5021 plurima
1147 4951 1385 5020 reperias
1425 4968 1438 5001 :
1491 4950 1802 5014 Maiisiones,
1841 4950 2046 5019 inquit,
2072 4947 2242 5002 multa

734 5085 750 5115 ι
789 5089 904 5156 Reg.
922 5078 1997 5156 unus,discriptum.fudiqytiqnef‘hris‘tnm
2019 5077 2171 5156 ipsum
2194 5078 2244 5129 in

667 5141 1213 5215 vatgertisdicentem:c
1233 5141 1290 5194 in
1308 5141 1449 5192 domo
1472 5141 1629 5190 Patris
1658 5141 1752 5192 mei
1788 5153 1864 5191 ir;
1877 5141 1949 5189 ita:
1970 5146 2076 5190 sunt
2105 5152 2242 5189 mau-

1326 309 1384 365 S.
1424 308 1698 365 JOANNIS
1735 309 2212 368 CllRYSOSTOlll
2251 308 2567 369 ARCHIEP.
2590 310 3120 373 CONSTANTINOP.

3768 322 3871 383 308

2303 434 2420 479 sunt
2447 426 2585 494 apud
2608 424 2816 481 Patrem
2844 445 3005 484 meum
3032 428 3205 499 (lauit.
3234 430 3320 485 14.
3356 428 3443 501 2);
3476 440 3549 497 et,
3575 433 3687 490 Alta
3713 442 3875 508 gloria

2299 514 2440 580 solis,
2464 516 2567 568 alia
2592 516 2727 570 (ante
2850 516 2961 609 Cor.
2996 520 3080 575 15.
3101 520 3213 590 Η).
3244 520 3313 575 Ει
3334 521 3458 591 quid
3483 524 3673 579 mirum
3698 527 3743 581 Ii
3763 527 3877 609 Ιιςιε

2304 612 2409 658 tam
2447 615 2691 660 accurate
2737 607 3054 674 distinxerit,
3101 609 3312 679 quando
3351 611 3560 668 stellam
3598 607 3874 686 quoque:

2301 693 2454 748 stella
2485 694 2553 748 ibi
2583 693 2794 750 differre
2819 697 2912 750 ait.
2965 697 3161 752 florum
3198 698 3373 769 itaque
3394 702 3565 770 gnari,
3594 719 3874 776 numquam

2301 785 2369 840 ab
2384 787 2647 842 exercitio
2682 788 2940 843 bonorum
2971 804 3191 862 operum
3237 792 3576 859 absistamus,
3606 811 3777 866 neque
3802 798 3875 853 la-

2302 873 2417 929 bori
2438 876 2687 932 cedamus
2724 895 2739 931 :
2784 895 2889 935 neu
2925 881 3048 950 quia
3089 881 3155 936 ad
3185 882 3314 937 solis
3354 882 3599 954 lunaeque
3638 887 3876 944 ordinem

2303 964 2594 1021 ascendere
2622 981 2726 1022 non
2755 983 3060 1038 possumus,
3091 969 3363 1026 stellarum
3392 981 3587 1028 statum
3614 975 3876 1047 despicia-

2304 1068 2441 1108 mus.
2470 1053 2605 1110 Nam
2633 1057 2675 1110 si
2706 1058 2864 1113 talem
2896 1058 3083 1114 saltem
3109 1060 3356 1116 virtutem
3380 1060 3796 1133 exhibuerimus,
3827 1068 3878 1122 in

2304 1145 2439 1200 caelo
2459 1161 2579 1202 esse
2597 1150 2908 1217 poterimus.
2942 1150 3007 1204 Et
3030 1150 3075 1204 si
3096 1165 3201 1205 non
3227 1166 3437 1216 aurum,
3465 1167 3571 1208 non
3595 1154 3731 1224 lapis
3758 1171 3878 1226 pre-

2307 1235 2475 1290 tiosus
2517 1236 2791 1301 fuerimus,
2823 1240 3025 1309 argenti
3054 1240 3240 1296 saltem
3278 1241 3497 1311 gradum
3528 1242 3788 1301 habentes
3827 1248 3877 1303 in

2304 1325 2649 1381 fundamento
2680 1327 3026 1382 manebimus.
3081 1328 3138 1383 ld
3180 1345 3341 1383 unum
3368 1345 3682 1399 caveamus,
3712 1348 3785 1390 ne
3816 1335 3879 1390 ad

2307 1416 2449 1470 illam
2479 1425 2812 1471 revertamur
2840 1419 3140 1486 materiam,
3167 1433 3323 1489 quam
3353 1420 3508 1476 facile
3534 1421 3669 1492 ignis
3696 1422 3878 1480 incen-

2306 1505 2404 1572 dit,
2431 1521 2565 1560 neve
2585 1521 2705 1562 cum
2737 1508 2945 1577 egregia
2980 1506 3211 1563 facinora
3238 1509 3400 1565 edere
3428 1526 3535 1565 non
3557 1511 3817 1578 valemus,
3851 1528 3880 1567 a

2305 1598 2542 1652 minimis
2568 1598 2727 1652 etiam
2749 1599 3063 1654 absistamus
3095 1617 3108 1653 :
3146 1599 3200 1654 id
3223 1599 3363 1654 enim
3387 1609 3640 1657 extrema:
3662 1602 3881 1660 demen-

2311 1687 2398 1743 tia:
2424 1697 2505 1743 est
2528 1705 2541 1741 :
2575 1687 2716 1757 quod
2743 1688 2879 1743 absit
2901 1703 2931 1742 a
2956 1689 3129 1744 nobis.
3159 1689 3609 1755 Quemadmodum
3638 1693 3785 1747 enim
3808 1693 3886 1748 di-

2309 1780 2449 1835 vitiae
2476 1793 2746 1849 corporeae
2773 1788 3032 1850 augentur
3049 1796 3169 1836 cum
3196 1796 3379 1837 earum
3403 1793 3672 1840 amatores
3692 1776 3764 1840 n‘e
3782 1786 3881 1840 mi-

2309 1871 2451 1924 nima
2476 1870 2691 1941 quidem
2715 1871 2858 1926 lucra
2888 1873 3179 1944 negligunt,
3207 1874 3285 1930 sic
3324 1881 3381 1930 et
3420 1875 3724 1945 spirituales
3751 1877 3884 1933 divi-

2311 1961 2416 2015 tite.
2446 1961 2716 2032 Siquidem
2733 1962 3020 2018 absurdum
3044 1972 3146 2031 est,
3174 1964 3260 2019 ubi
3282 1964 3451 2020 Iudex
3477 1981 3545 2020 ne
3561 1965 3755 2037 frigido
3774 1969 3887 2038 qui-

2310 2049 2430 2106 dem
2462 2051 2656 2120 poculo
2688 2052 2988 2107 mercedem
3025 2062 3200 2123 negat,
3233 2069 3331 2110 nos
3366 2054 3468 2110 nisi
3506 2056 3699 2110 eximia
3729 2071 3887 2127 opera
3930 2118 3935 2123 ,

2309 2141 2550 2208 edamus,
2589 2143 2795 2198 minora
2839 2159 2944 2199 non
2984 2160 3191 2201 curare.
3225 2146 3323 2213 Qui
3365 2147 3507 2201 enim
3537 2148 3745 2204 minora
3791 2164 3890 2205 non

2316 2233 2540 2301 spernit,
2569 2248 2694 2303 erga
2719 2234 2946 2288 maxima
2972 2250 3215 2303 magnam
3244 2237 3567 2307 diligentiam
3591 2239 3890 2305 exhibebit;

2312 2323 2401 2391 qui
2428 2338 2553 2378 vero
2597 2323 2712 2379 hate
2752 2324 3008 2394 despicit,
3040 2325 3199 2380 etiam
3228 2326 3295 2381 ab
3332 2327 3438 2382 illis
3458 2327 3669 2382 demum
3709 2328 3895 2384 absce-

2314 2413 2405 2468 det
2434 2431 2447 2466 :
2479 2413 2619 2483 quod
2648 2429 2715 2468 ne
2736 2414 2887 2469 ﬁeret
2905 2414 3063 2469 etiam
3092 2417 3176 2470 his
3195 2416 3494 2472 mercedem
3514 2418 3894 2487 amplissimam

2315 2504 2602 2574 assignavit
2651 2502 2911 2559 Christus.
2956 2504 3092 2573 Quid
3122 2505 3289 2561 enim
3351 2505 3553 2562 facilius
3596 2515 3700 2575 est,
3736 2523 3896 2578 quam

2316 2595 2503 2649 morbo
2532 2594 2833 2650 laborantes
2871 2596 3121 2652 visitare?
3144 2597 3265 2652 huic
3296 2605 3467 2651 tamen
3501 2598 3577 2652 rei
3607 2599 3899 2669 magnum‘

2310 2684 2501 2745 tribuit
2527 2686 2823 2754 praemium.
2857 2686 3030 2740 Vitam
3070 2687 3248 2755 itaque
3286 2688 3660 2756 sempiternam
3699 2704 3898 2760 apprc-

2319 2773 2514 2837 hende,
2545 2774 2812 2829 delectare
2848 2775 2903 2829 in
2929 2775 3172 2841 Domino,
3208 2784 3264 2831 et
3297 2777 3531 2846 supplice
3568 2777 3641 2832 illi
3671 2796 3684 2831 :
3711 2778 3901 2850 iugum

2319 2862 2447 2917 illud
2476 2878 2641 2918 suave
2679 2863 2870 2919 iterum
2914 2866 3144 2935 suscipe,
3184 2865 3301 2921 subi
3344 2868 3458 2922 leve
3498 2882 3652 2934 onus,
3681 2867 3902 2939 dignum

2323 2953 2583 3023 principio
2629 2953 2786 3009 finem
2828 2955 3122 3025 superadde
3159 2973 3173 3009 :
3219 2972 3288 3012 ne
3339 2956 3547 3011 divitias
3587 2967 3768 3013 tantas
3806 2959 3905 3013 dif-

2321 3046 2486 3102 fluere
2515 3050 2752 3119 patiaris.
2781 3049 2914 3104 Nam
2955 3051 3000 3105 si
3044 3050 3206 3106 Deum
3237 3065 3522 3118 provocare
3558 3066 3776 3122 pergas,
3816 3067 3905 3107 eas

2322 3153 2509 3194 omnes
2534 3154 2627 3208 per
2655 3150 2799 3209 gesta
2827 3151 2913 3194 tua
2941 3139 3168 3210 perdes;
3192 3149 3374 3195 contra
3400 3154 3524 3195 vero
3543 3141 3588 3194 si
3612 3149 3905 3210 antequam

2324 3230 2549 3285 multum
2570 3230 2747 3285 damni
2763 3232 2998 3299 accedat,
3030 3240 3083 3286 et
3110 3228 3316 3302 segetes
3345 3231 3680 3297 inundcntur,
3712 3233 3908 3301 nequi-

2327 3321 2415 3376 tia:
2436 3321 2653 3377 canales
2682 3321 3027 3386 obstruxeris,
3055 3336 3173 3391 qua:
3197 3322 3401 3392 perdita
3438 3331 3561 3376 sunt
3584 3336 3911 3391 recuperare

2324 3412 2545 3480 poteris,
2575 3412 2741 3480 iisque
2761 3426 2864 3465 non
2894 3412 3154 3465 modicam
3179 3412 3534 3465 accessionem
3560 3411 3755 3466 facere.
3781 3411 3912 3478 Quae

2327 3502 2503 3555 omnia
2549 3510 2721 3557 tecum
2767 3510 3017 3570 reputans
3056 3510 3245 3555 excute
3291 3500 3603 3568 pulverem,
3645 3500 3713 3555 de
3763 3510 3912 3556 terra

2327 3604 2504 3661 surge,
2537 3601 2590 3645 et
2616 3592 2724 3646 eris
2753 3592 3056 3645 adversario
3075 3589 3422 3645 formidabilis
3450 3608 3463 3643 :
3497 3591 3610 3660 ipse
3634 3591 3837 3661 quippe
3862 3601 3914 3648 te

2327 3681 2631 3750 prostravit,
2679 3681 2828 3749 quasi
2881 3694 2984 3734 non
3018 3687 3376 3733 surrecturum
3415 3694 3666 3749 umquam
3696 3694 3711 3733 :
3746 3682 3796 3735 si
3822 3696 3915 3736 au-

2329 3777 2435 3823 tem
2465 3777 2514 3823 te
2535 3783 2746 3822 rursum
2782 3767 2970 3821 viderit
2996 3768 3186 3821 erectis
3225 3775 3408 3820 contra
3450 3768 3728 3835 manibus,
3765 3771 3917 3825 inex-

2328 3865 2564 3927 spectata
2587 3873 2647 3912 re
2675 3857 2950 3926 perculsus
2972 3897 2987 3922 ,
3014 3856 3225 3926 segnior
3255 3856 3359 3910 erit
3391 3855 3457 3909 ad
3494 3863 3545 3911 te
3567 3856 3752 3911 denuo
3785 3875 3915 3930 sup-

2331 3946 2709 4016 plantandum;
2756 3955 2813 4000 tu
2857 3961 2985 4001 vero
3036 3946 3233 3999 firmior
3260 3945 3476 4011 evades,
3508 3954 3565 4000 ut
3598 3961 3666 4001 ne
3699 3948 3916 4021 plagam

2334 4035 2637 4106 huiusmodi
2660 4036 2837 4091 denuo
2863 4037 3113 4106 accipias.
3147 4036 3352 4090 Etenim
3375 4037 3417 4090 si
3439 4036 3661 4091 aliorum
3693 4040 3919 4094 calami-

2334 4135 2469 4181 tates
2489 4140 2586 4180 nos
2608 4125 2820 4181 erudire
2837 4136 3076 4195 possunt,
3100 4128 3265 4180 multo
3299 4127 3467 4195 magis
3485 4126 3609 4192 ilhc,
3632 4141 3770 4195 quas
3793 4143 3916 4182 sus-

2335 4216 2610 4283 tinuimus,
2638 4230 2736 4270 nos
2760 4216 3023 4271 crudient.
3054 4216 3203 4284 Quod
3233 4217 3284 4269 in
3315 4217 3429 4284 ipso
3473 4218 3647 4284 capite
3673 4225 3768 4270 tuo
3791 4234 3919 4286 pro-

2337 4305 2544 4373 pediem
2576 4319 2660 4359 me
2684 4304 2918 4358 visurum
2947 4314 3215 4372 exspecto,
3240 4315 3291 4360 et
3321 4315 3372 4359 te
3399 4306 3489 4360 Dei
3516 4316 3641 4359 nutu
3680 4306 3920 4374 splendi—

2335 4394 2538 4450 diorem
2576 4394 2831 4459 f'uturum,
2863 4404 2917 4448 et
2948 4404 3144 4449 tantam
3174 4396 3419 4449 virtutem
3438 4394 3825 4459 exhibiturum,
3863 4405 3920 4451 ut

2337 4485 2498 4540 etiam
2527 4485 2645 4540 aliis
2672 4485 2781 4539 illic
2804 4485 3125 4554 patrocinari
3149 4485 3344 4540 valeas.
3375 4486 3597 4540 Tantum
3626 4500 3696 4540 ne
3719 4485 3919 4555 despe-

2338 4589 2446 4641 res,
2477 4590 2649 4646 neque
2674 4575 2926 4629 concidas
2957 4575 3092 4629 :hoc
3114 4576 3256 4629 enim
3287 4575 3380 4629 tibi
3397 4575 3450 4628 in
3479 4574 3624 4629 omni
3653 4575 3917 4628 senatuis

2341 4679 2649 4736 congressu,
2673 4664 2991 4733 ubicumque
3017 4674 3068 4718 te
3089 4664 3290 4731 videro,
3316 4673 3370 4719 et
3390 4663 3614 4717 aliorum
3639 4663 3800 4716 etiam
3826 4676 3919 4717 ore

2343 4764 2588 4825 repetere
2645 4769 2750 4808 non
2793 4754 3054 4808 cessabo:
3102 4752 3245 4822 quod
3279 4753 3325 4807 si
3364 4753 3623 4816 audieris,
3655 4751 3778 4806 aliis
3801 4766 3911 4805 aut-

2348 4847 2484 4916 plius
2502 4845 2749 4900 remediis
2777 4859 2883 4899 non
2900 4844 3096 4914 egebis.

2345 4950 3290 5079 manasseimsrvr‘"
3309 4952 3375 5004 αα
3687 4948 3920 5001 ’σάω

2411 5080 2428 5108 ί
2465 5081 2599 5133 Loco,
2636 5075 2775 5136 sat-il.
2818 5083 2870 5136 et
2911 5070 3015 5123 u'es
3053 5081 3178 5134 uss,
3218 5073 3360 5136 hujus
3395 5079 3553 5124 tum
3586 5070 3656 5122 rei
3693 5081 3913 5133 iungimur

2348 5136 2480 5187 nobis
2501 5135 2663 5185 tribuit
2684 5134 2951 5198 prremilmu

2112 5368 2523 5488 «6’64»-

2490 5585 2566 5648 ..γ’
