4088 6138
476 253 574 309 5H

481 383 600 420 cum
647 363 870 417 accurrit
897 401 908 420 ,
952 364 1005 409 et
1043 351 1391 407 medicamina
1433 342 1712 414 apposuit,
1757 337 2015 408 jejunium
2041 375 2056 400 ,

468 466 776 530 ‘-l:u.rymas,
809 454 996 516 fletus,
1029 439 1659 506 orationeS'frequentcs,
1693 431 1886 500 szepius
1906 426 2062 481 adhi-

489 518 650 605 bitam
682 545 880 616 peccati
900 537 1334 597 confessionem;
1368 531 1536 598 iisque
1567 525 1737 579 modis
1767 523 1930 575 Deum
1957 518 2067 587 pla-

490 642 650 700 cavit.
684 609 752 690 ita
781 644 836 688 ut
865 631 930 686 ad
959 629 1234 698 pristinam
1261 622 1572 689 dignitatem
1597 613 1824 677 rediret,
1853 609 1986 664 adeo
2012 616 2069 660 ut

491 736 650 788 etiam
680 737 800 798 post
824 723 1138 779 adulterimn
1162 729 1215 772 et
1236 715 1435 772 caedem
1456 754 1470 778 ,
1506 709 1674 781 patris,
1694 704 1947 761 memoria
1976 701 2070 755 ﬁlii

491 793 841 877 idololatriam
861 805 1492 884 posset'obtegemFilius
1512 801 1705 871 quippe
1723 797 1838 866 ejus
1859 793 2073 848 nomine

477 916 739 971 'Salommt
769 908 956 964 eodem
976 947 993 972 ,
1015 920 1120 974 quo
1147 911 1328 972 pater,
1359 899 1546 966 laqueo
1579 901 1766 961 captus
1789 896 1905 952 est,
1931 895 1986 940 et
2016 885 2070 938 in

482 1007 777 1062 mulierum
831 999 1055 1070 gratiam
1108 1010 1137 1048 a
1185 1000 1404 1062 paterno
1453 989 1562 1042 Deo
1617 983 1859 1038 recessit.
1916 977 2076 1032 Vides

480 1106 752 1168 quantum
781 1091 975 1145 malum
999 1088 1070 1142 sit
1099 1086 1422 1154 voluptatem
1453 1093 1558 1132 non
1584 1074 1835 1130 cohibere
1854 1113 1870 1138 ,
1901 1078 1955 1124 et
1983 1083 2078 1122 na-

481 1163 630 1246 suta!
647 1185 1008 1257 principatum
1037 1186 1363 1250 pervertere,
1389 1175 1458 1228 ita
1484 1184 1542 1227 ut
1564 1169 1645 1226 vir
1663 1167 1734 1221 sit
1755 1166 1770 1197 ¹
1796 1163 2078 1220 mulierum

499 1299 706 1338 servus.
737 1283 886 1335 llune
917 1278 1094 1347 itaque
1120 1273 1460 1328 Salomonem
1484 1308 1498 1330 ,
1528 1265 1617 1335 qui
1653 1261 1803 1333 prius
1827 1258 2000 1326 justus
2027 1262 2082 1307 et

498 1377 709 1446 sapiens
733 1373 904 1427 fuerat
927 1385 942 1434 ;
964 1381 1084 1423 cum
1108 1360 1399 1435 periculum
1422 1363 1584 1420 esset,
1608 1368 1674 1407 ne
1701 1347 1902 1421 peccati
1922 1357 2081 1400 causa

487 1435 722 1534 Tegnum
745 1469 914 1516 totum
941 1457 1242 1518 amitteret,
1261 1450 1330 1504 ob
1358 1456 1636 1518 paternum
1665 1439 1918 1534 merituui
1939 1435 2083 1488 Deus

501 1525 705 1609 servitum
737 1551 888 1620 segni
916 1547 1211 1618 portionem
1234 1541 1433 1595 habere
1454 1533 1716 1606 permisit.
1746 1529 1804 1584 Si
1825 1525 1921 1582 tibi
1941 1537 2084 1580 cum

493 1645 691 1698 =‘fuisset
719 1615 936 1697 externa
979 1639 1065 1692 illa
1107 1631 1440 1703 eloquentia,
1471 1639 1696 1694 eamque
1753 1629 1939 1692 postea
1985 1615 2083 1670 ad-

496 1735 723 1790 modum
755 1733 1053 1802 negligeres
1073 1769 1088 1794 ,
1116 1741 1216 1796 ego
1243 1737 1371 1778 sane
1407 1726 1655 1774 revocata
1684 1713 1778 1768 tibi
1817 1711 1953 1777 fori,
1988 1709 2086 1763 tri-

497 1828 736 1890 bunalis,
763 1800 1082 1879 coronarum
1112 1817 1234 1872 inde
1261 1808 1724 1880 consequentium,
1753 1819 1819 1859 ac
1848 1800 2087 1872 pristinae

509 1920 562 1972 in
593 1915 854 1986 loquendo
911 1911 1119 1966 ﬁducize
1171 1903 1428 1962 memoria
1449 1942 1464 1968 ,
1509 1906 1698 1954 auctor
1730 1909 1904 1952 essem
1933 1900 1994 1946 ut
2020 1889 2091 1947 ad

513 2011 810 2082 praiteritos
838 2006 1048 2060 labores
1069 2000 1303 2056 redires:
1335 1989 1766 2066 quandoquidem
1795 1995 1974 2041 autem
1993 1998 2091 2054 pro

511 2101 810 2157 caelestibus
844 2096 1142 2160 currimus,
1189 2097 1629 2151 terrenarumque
1671 2093 1852 2135 rerum
1891 2076 2092 2132 nullam

515 2194 776 2247 rationem
809 2187 1065 2240 habemus
1085 2222 1100 2247 ,
1125 2179 1346 2234 alterius
1384 2175 1478 2230 tibi
1499 2170 1714 2244 judicii,
1738 2165 2096 2235 horrendique

516 2279 793 2337 tribunalis
818 2275 1142 2332 mentionem
1171 2269 1308 2325 facio
1336 2285 1349 2320 :
1384 2265 1493 2320 Nos
1519 2263 1704 2334 quippe
1739 2273 1910 2312 omnes
1929 2271 2096 2326 appa-

514 2392 622 2428 rere
672 2379 864 2443 oportet
911 2377 1027 2421 ante
1065 2361 1283 2418 tribunal
1315 2358 1500 2416 Christi
1537 2358 1557 2388 ²
1592 2355 1610 2428 (
1639 2353 1694 2406 2.
1724 2350 1842 2443 Cor.
1871 2349 1929 2443 5..
1955 2345 2022 2443 i0
2056 2347 2095 2415 ).

517 2467 611 2520 llle
634 2437 758 2518 vero
786 2471 909 2515 tunc
932 2457 1094 2528 judex
1120 2452 1343 2517 sedebit,
1374 2449 1462 2520 qui
1491 2459 1631 2500 nunc
1654 2458 1684 2497 a
1709 2450 1761 2498 te
1782 2437 2096 2528 despicitur.

513 2557 653 2624 Quid
684 2567 810 2623 ergo
841 2527 963 2605 tunc
992 2548 1229 2602 dicemus
1249 2585 1264 2609 ,
1292 2542 1378 2596 dic
1404 2538 1531 2593 mihi
1554 2577 1568 2601 ,
1592 2548 1750 2605 quam
1793 2527 2098 2586 excusatio-

511 2661 638 2700 nem
671 2644 952 2697 afferemus
972 2681 986 2704 ,
1017 2638 1059 2691 si
1090 2639 1141 2690 in
1185 2635 1272 2688 tali
1298 2627 1737 2704 praevaricatione
1782 2633 2097 2693 persevere-

516 2739 678 2791 mus?
708 2734 852 2804 quid,
884 2745 1086 2801 quaeso,
1110 2724 1384 2783 dicemus?
1417 2719 1820 2791 negotiorumne
1846 2712 2103 2770 sollicitu-

519 2831 702 2885 dinem
729 2821 1153 2896 lirmteindemus?
1183 2816 1290 2873 Sed
1314 2830 1411 2870 nos
1439 2815 1552 2884 ipse
1579 2807 1848 2880 prtevertit
1877 2805 2060 2860 dicens
2085 2819 2100 2860 :

527 2922 662 2988 Quid
701 2917 922 2990 proderit
960 2911 1150 2967 homini
1172 2911 1216 2964 si
1246 2907 1490 2962 mundum
1525 2903 1810 2957 universum
1849 2897 2100 2960 lucretur,

526 2983 711 3068 unione
737 3025 852 3064 vero
872 3022 978 3061 suae
1005 3005 1354 3058 detrimentum
1379 2997 1601 3068 patiatur
1629 2990 1842 3064 (Matth.
1867 2987 1954 3042 16.
1976 2983 2105 3056 26)?

526 3109 607 3160 An
642 3104 880 3157 dicemus
921 3112 1018 3152 nos
1045 3096 1114 3149 ab
1155 3093 1274 3147 aliis
1312 3089 1560 3144 seductos
1615 3082 1814 3138 fuisse?
1861 3081 1931 3134 At
1972 3075 2106 3130 nihil

528 3197 732 3252 Adamo
764 3194 816 3247 in
854 3187 1225 3246 defensionem
1251 3181 1484 3254 profuit,
1523 3174 1668 3247 quod
1697 3186 1915 3228 uxorem
1955 3169 2108 3223 incu-

522 3297 672 3344 saret
696 3285 880 3340 dicens
906 3300 920 3336 :
951 3278 1141 3333 Mulier
1159 3317 1176 3344 ,
1206 3290 1359 3346 quam
1396 3270 1580 3325 dedisti
1624 3282 1818 3322 mecum
1839 3303 1857 3330 ,
1887 3264 2002 3333 ipsa
2031 3276 2110 3314 me

520 3382 722 3450 decepit
753 3374 905 3448 (Gen.
928 3373 986 3427 5.
1019 3369 1088 3424 12
1117 3368 1136 3440 )
1163 3383 1178 3420 :
1212 3367 1350 3420 sicut
1369 3377 1468 3417 nec
1494 3356 1702 3414 mulieri
1723 3354 1865 3426 quod
1885 3367 2108 3421 serpen-

534 3443 939 3526 tem'auctorem
969 3462 1190 3516 diceret.
1217 3453 1553 3510 Horrendum
1579 3463 1708 3504 sane
1733 3455 1836 3512 est,
1863 3460 1895 3498 ο
1915 3443 2112 3498 dilecte

535 3561 849 3620 Theodore,
893 3551 1125 3610 tribunal
1169 3548 1330 3611 illud,
1376 3544 1516 3615 quod
1562 3556 1661 3596 nec
1713 3534 2113 3592 accusatoribus

537 3664 710 3726 egeat,
741 3667 839 3706 nec
861 3655 1023 3704 testes
1044 3647 1316 3712 exspectet
1341 3656 1354 3692 :
1383 3632 1642 3706 judicanti
1663 3631 1804 3686 enim
1835 3629 1908 3681 illi
1935 3625 2114 3680 omnia

540 3719 677 3803 unda
707 3755 759 3800 et
785 3749 967 3811 aperta
997 3745 1140 3801 sunt,
1167 3749 1267 3788 nec
1289 3733 1548 3786 factorum
1573 3734 1799 3788 tantum,
1825 3719 1923 3775 sed
1948 3721 2112 3774 etiam

529 3839 917 3910 cogitationum
949 3843 1134 3902 poenas
1155 3826 1432 3881 dabimus:
1465 3835 1585 3876 nam
1606 3816 1768 3887 judex
1798 3815 1886 3868 ille
1909 3820 2116 3867 scruta-

537 3903 636 3989 ιυιἶ
667 3928 1046 4001 cogitationum
1083 3932 1136 3976 et
1187 3917 1530 3975 consiliorum
1567 3910 1744 3967 cordis
1777 3917 1878 3963 est.
1910 3909 1980 3960 At
2008 3903 2118 3958 for-

545 4040 686 4083 tasse
714 3998 917 4079 natura:
947 4016 1310 4074 inﬁrmitatem
1339 4007 1600 4063 obtendes
1620 4047 1635 4072 ,
1667 4005 1917 4072 dicesque
1955 4009 2007 4054 te
2030 3998 2119 4068 ju-

543 4135 668 4187 gum
735 4115 876 4168 ferre
936 4125 1040 4165 non
1086 4119 1263 4176 posse.
1307 4100 1412 4155 Sed
1473 4110 1718 4169 quietiam
1767 4094 1883 4148 hazc
1929 4090 2122 4145 defen-

546 4213 626 4263 sio
651 4250 664 4270 ,
714 4218 874 4260 suave
915 4199 1042 4254 illud
1091 4198 1274 4267 jugum
1324 4190 1447 4246 ferri
1489 4204 1596 4242 non
1641 4200 1818 4256 posse,
1848 4197 1948 4238 nec
1986 4195 2125 4236 onus

548 4302 664 4353 leve
732 4291 972 4366 portari?
1024 4305 1091 4342 an
1170 4284 1344 4356 gravis
1399 4294 1730 4347 onerosaque
1782 4289 1870 4330 res
1909 4282 1992 4328 est
2039 4287 2122 4326 rer

546 4358 750 4447 creatio
773 4405 802 4441 ει
840 4380 1140 4442 laboribus?
1163 4379 1242 4434 Ad
1289 4379 1402 4431 haec
1435 4375 1628 4445 quippe
1649 4386 1745 4424 nos
1763 4375 1918 4423 vocat
1941 4358 2124 4420 Chris-

549 4498 634 4540 tus
660 4483 843 4536 dicens
869 4497 880 4533 :
922 4476 1094 4531 Venite
1113 4472 1180 4526 ad
1199 4488 1276 4525 me
1301 4485 1470 4524 omnes
1493 4467 1575 4536 qui
1599 4462 1838 4518 laboratis
1863 4469 1908 4512 et
1933 4456 2129 4511 onerati

551 4581 689 4644 estis,
717 4586 761 4629 ct
803 4591 892 4644 ego
942 4569 1165 4638 reficiam
1209 4580 1294 4617 vos
1325 4560 1521 4616 :tollite
1547 4559 1733 4627 jugum
1778 4567 1943 4605 meum
1982 4564 2130 4616 super

553 4691 657 4736 ros,
687 4680 731 4722 et
758 4667 932 4721 discite
959 4680 989 4715 a
1019 4678 1096 4713 me
1119 4659 1236 4730 quia
1263 4655 1397 4708 initis
1422 4667 1533 4704 sum
1553 4659 1597 4702 et
1621 4645 1823 4701 humilis
1841 4640 1991 4695 corde
2014 4640 2128 4708 :ju-

555 4779 670 4833 gum
701 4760 830 4811 enim
858 4768 1023 4807 meum
1047 4765 1198 4804 suave
1227 4755 1319 4808 est,
1349 4753 1402 4811 et_
1423 4757 1548 4795 onus
1579 4754 1740 4792 meum
1769 4736 1871 4790 leve
1901 4729 2130 4804 (Matth.

557 4822 642 4908 ll.
675 4841 747 4904 98
787 4848 828 4917 ).
859 4845 993 4910 Quid
1024 4842 1164 4896 enim
1197 4838 1368 4890 levius
1390 4875 1403 4896 ,
1434 4833 1521 4886 dic
1550 4830 1715 4893 mihi,
1759 4841 1917 4897 quam
1952 4822 2095 4877 curis
2117 4862 2131 4883 ,

559 4915 818 5012 negotiis,
851 4933 1128 4990 timoribus
1167 4937 1328 4998 atque
1372 4924 1641 4978 laboribus
1668 4921 1849 4982 eximi,
1879 4918 1946 4970 ab
1977 4915 2135 4984 hujus

559 5005 682 5089 vita:
703 5029 949 5086 ﬂuctibus
969 5021 1258 5092 segregari,
1273 5026 1327 5072 et
1349 5018 1400 5068 in
1425 5013 1706 5082 tranquillo
1730 5019 1884 5079 portu
1903 5005 2133 5076 degere?

628 5128 682 5180 5.
715 5121 850 5187 Quid
866 5120 917 5172 in
939 5119 1032 5170 hac
1053 5115 1152 5167 vita
1173 5112 1234 5163 sit
1259 5100 1708 5177 optabile.—Quid
1734 5101 1785 5152 in
1813 5100 1913 5151 hoc
1937 5095 2134 5150 mundo

560 5185 763 5272 lelicius
795 5212 886 5266 tibi
923 5207 1130 5262 videtur
1159 5211 1214 5257 et
1247 5193 1572 5268 optabilius?
1603 5189 1962 5257 Principatum
1993 5185 2133 5240 haud

567 5307 724 5363 dubie
752 5305 900 5358 dices
940 5308 992 5354 et
1036 5293 1248 5350 divitias
1279 5290 1577 5354 bonamque
1606 5279 1744 5351 apud
1777 5279 2019 5334 homines
2057 5277 2137 5330 fa-

629 5512 643 5540 ¹
681 5506 868 5556 Habent
897 5501 992 5549 duo
1024 5503 1151 5552 5155.,
1168 5498 1228 5563 ,πει
1251 5489 1321 5540 rir
1359 5484 1564 5551 sapiens,
1587 5490 1680 5532 etc.
1707 5480 1829 5531 tnt‘ra
1851 5492 2020 5530 omnes
2043 5479 2140 5540 alii,

567 5574 642 5636 qui
662 5573 852 5636 justus,
869 5563 1298 5636 emisset-pimus.“
1373 5617 1422 5636 Μ
1449 5606 1527 5636 nm.

867 5604 1158 5681 iii'iiiiééihe
1183 5613 1342 5669 saviL,
1373 5617 1422 5659 ut
1447 5606 1645 5722 (ptisana
1669 5605 1836 5674 afferat
1860 5616 1967 5664 qum
1991 5639 2002 5660 ,
2029 5604 2142 5652 dum

859 5691 996 5722 ιωι-
1020 5686 1237 5722 moratus
1256 5683 1322 5722 est
1343 5673 1436 5722 sive
1487 5681 1642 5722 onum,
1663 5683 1754 5717 ειη»
1770 5666 1964 5715 malum.

567 5699 614 5745 in
859 5666 1237 5746 operatus
1256 5666 1436 5726 est'sit'e
1458 5666 1642 5730 bonum,
1663 5669 1754 5717 sire
1770 5666 1964 5715 malum.

1182 239 1240 294 s.
1284 200 1560 294 minus
1598 221 2064 284 (:navsosrom
2103 218 2416 276 ARCl-IIEP.
2460 216 2992 276 CONSTANTINOP.

3641 210 3741 262 3??

2171 349 2330 388 mam.
2345 333 2447 389 Sed
2463 334 2585 403 quid
2604 334 2683 388 his
2701 331 3051 389 miserabilius
3063 325 3222 394 est,si
3237 324 3650 381 Christianorum
3681 330 3743 380 li-

2173 423 2358 478 bertati
2380 425 2789 493 comparentur?
2815 424 2944 479 Nam
2973 425 3218 494 princeps
3247 425 3412 479 furori
3436 425 3746 496 populorum

2171 515 2411 585 subjacet
2458 516 2718 586 brutoque
2766 516 3116 571 multitudinis
3160 517 3377 587 impctui
3417 558 3432 581 ,
3492 517 3748 586 majorum

2177 605 2473 674 principum
2502 606 2699 671 timori,
2728 607 3071 661 sollicitudini
3103 622 3226 676 erga
3266 607 3508 662 subditos
3533 626 3546 661 :
3578 624 3638 665 ac
3663 613 3750 680 qui

2177 695 2288 750 beri
2307 697 2554 766 princeps
2571 707 2704 765 erat,
2725 697 2882 752 hodie
2899 699 3132 767 privatus
3148 698 3374 754 cflicitur
3392 718 3405 754 :
3430 699 3544 754 haec
3562 703 3758 770 quippe

2178 788 2280 841 vita
2309 788 2438 841 nihil
2468 803 2498 842 a
2529 803 2687 843 scena
2719 789 2912 845 differt.
2937 788 3070 843 Nam
3094 799 3149 842 ut
3179 790 3249 844 ibi
3279 789 3366 844 hic
3393 791 3756 860 imperatoris.

2180 879 2270 934 ille
2299 879 2468 946 ducis,
2487 879 2621 936 alter
2649 881 2833 936 militis
2863 883 3047 952 implet
3066 881 3298 937 ofﬁcium
3318 900 3330 936 :
3351 884 3556 952 vesperi
3583 895 3760 938 autem

2182 987 2282 1028 nec
2307 975 2618 1042 imperator,
2650 976 2738 1044 qui
2767 975 3055 1044 imperator
3082 985 3219 1035 erat.
3250 991 3349 1030 nec
3371 976 3481 1030 dux
3508 977 3596 1045 qui
3625 976 3756 1041 dus,

2182 1081 2281 1121 nec
2310 1067 2462 1122 miles
2492 1067 2579 1138 qui
2610 1069 2763 1123 miles
2787 1079 2903 1124 erat
2923 1110 2938 1135 ,
2970 1077 3210 1124 remanet
3234 1085 3248 1122 :
3275 1069 3353 1123 sic
3379 1077 3434 1123 et
3462 1069 3514 1123 in
3538 1068 3626 1124 die
3650 1069 3759 1133 illa,

2183 1171 2288 1213 non
2319 1174 2348 1213 a
2372 1174 2620 1228 persona,
2649 1160 2745 1215 sed
2776 1160 2844 1215 ab
2871 1161 3124 1230 operibus
3139 1159 3352 1231 dignam
3367 1162 3595 1230 quisque
3621 1175 3762 1217 mer-

2184 1251 2369 1307 cedem
2399 1253 2640 1321 accipiet.
2673 1254 2741 1307 At
2764 1253 2930 1322 gloria
2953 1253 3198 1308 fortassis
3219 1253 3271 1306 in
3297 1253 3470 1322 pretio
3495 1251 3761 1316 habenda,

2186 1359 2303 1412 qua:
2329 1343 2468 1398 cadit
2498 1353 2765 1412 tamquam
2815 1343 2915 1398 ﬂos
2963 1342 3115 1398 feni?
3155 1346 3225 1398 At
3249 1343 3450 1397 divitiae
3476 1383 3490 1406 ,
3517 1357 3651 1412 quas
3677 1344 3764 1411 qui

2189 1435 2462 1504 possident
2507 1435 2693 1490 miseri
2721 1434 3114 1504 praedicantur?
3144 1433 3252 1501 γω,
3288 1435 3479 1504 inquit,
3511 1434 3768 1499 divitibus;

2187 1535 2242 1583 et
2266 1529 2475 1593 iterum,
2514 1527 2602 1583 Vw
2620 1529 2705 1598 qui
2737 1529 3000 1596 conﬁdunt
3031 1529 3084 1582 in
3110 1529 3290 1583 virtute
3308 1544 3420 1591 sua,
3452 1536 3497 1581 et
3525 1529 3579 1582 in
3599 1526 3771 1581 multi-

2188 1619 2362 1673 tudine
2381 1619 2652 1672 divitiarun
2672 1635 2879 1673 suarum
2901 1618 3183 1689 gloriantur
3199 1617 3350 1691 (Luc.
3369 1616 3768 1673 6.2$.Psal.48.

2189 1712 2285 1785 6).
2339 1700 2672 1769 Christianus
2716 1727 3002 1782 numquam
3027 1728 3093 1767 ex
3136 1710 3374 1782 principe
3401 1710 3634 1782 privatus
3659 1709 3775 1765 ραι.

2191 1806 2347 1869 citur,
2377 1820 2475 1859 nec
2499 1819 2701 1874 pauper
2719 1820 2785 1860 ex
2809 1803 2994 1869 divite,
3017 1819 3116 1858 nec
3145 1819 3209 1858 ex
3237 1803 3472 1874 glorioso
3489 1803 3773 1873 inglorius;

2191 1896 2286 1950 sed
2333 1896 2384 1950 in
2415 1896 2615 1952 divitiis
2657 1905 2837 1952 manet
2862 1896 3021 1951 etiam
3051 1911 3175 1951 cum
3213 1895 3500 1963 mendicat,
3530 1905 3585 1951 et
3615 1897 3777 1965 erigi-

2194 1997 2282 2044 tur
2300 2003 2421 2044 cum
2451 2004 2571 2045 sese
2596 1989 2900 2059 deprimere
2927 1989 3138 2059 satagit,
3169 1997 3222 2044 et
3253 2004 3407 2054 eum,
3445 2005 3605 2058 quem
3638 1990 3777 2044 obtio

2196 2082 2694 2152 net,principatum,
2717 2097 2824 2138 non
2849 2083 3148 2148 hominum,
3177 2083 3271 2138 sed
3323 2084 3626 2153 principum
3649 2124 3662 2148 ,
3691 2085 3780 2154 qui

2196 2185 2323 2229 sunt
2361 2175 2459 2230 sub
2486 2183 2748 2243 potestate
2790 2175 3016 2230 rectoris
3056 2176 3431 2242 tenebrarum,
3456 2176 3640 2231 nullus
3681 2178 3778 2246 ipsi

2199 2276 2373 2336 potest
2397 2265 2626 2322 auferre.
2674 2267 2930 2337 Legitima
2978 2283 3065 2323 res
3101 2275 3185 2323 est
3228 2267 3530 2338 conjugium
3555 2309 3571 2334 ,
3607 2269 3662 2323 id
3687 2284 3784 2339 ego

2199 2360 2493 2425 conﬁteor;
2527 2358 2838 2412 Honorabile
2855 2359 2998 2414 enim
3021 2369 3093 2412 est
3111 2359 3437 2427 eonnubinm,
3454 2369 3502 2414 et
3526 2368 3672 2413 torus
3687 2360 3784 2413 im-

2201 2452 2484 2505 maculatus
2512 2466 2531 2505 :
2558 2451 2885 2520 fornicatores
2929 2462 3098 2506 autem
3137 2461 3184 2506 et
3228 2451 3487 2505 adulteros
3529 2452 3789 2522 judicabit

2204 2545 2343 2599 Deus
2390 2545 2408 2613 (
2439 2543 2568 2598 ch.
2594 2544 2678 2599 l5.
2709 2543 2786 2615 4).
2842 2543 2947 2598 Sed
2978 2544 3070 2598 tibi
3110 2544 3219 2614 jam
3261 2559 3369 2598 non
3398 2550 3480 2598 est
3522 2544 3786 2614 integrann

2200 2636 2320 2704 jura
2360 2635 2611 2690 connubii
2651 2651 2885 2692 servare.
2941 2637 3074 2691 Eum
3129 2637 3302 2702 enim,
3334 2637 3424 2706 qui
3466 2637 3641 2692 semel
3681 2653 3787 2692 ca:-

2208 2728 2327 2783 lesti
2382 2729 2581 2798 sponso
2625 2729 2842 2798 junctus
2890 2737 2972 2783 est
3001 2713 3114 2794 ,lsi
3166 2728 3234 2782 ab
3281 2743 3348 2782 eo
3403 2727 3693 2784 divellatur
3737 2739 3791 2783 et

2207 2837 2426 2877 uxorem
2477 2821 2671 2888 ducat,
2720 2822 3040 2877 adulterium
3105 2822 3352 2878 amittere
3407 2829 3614 2876 certum
3671 2830 3789 2887 est,

2207 2914 2449 2985 quamvis
2498 2915 2690 2968 millies
2733 2913 2836 2968 hoc
2900 2914 3073 2984 ipsum
3127 2913 3337 2983 nuptias
3395 2926 3612 2979 voces;
3687 2912 3793 2966 imo

2209 3006 2262 3061 id
2318 3015 2462 3061 tanto
2504 3007 2716 3076 gravius
2759 3005 3023 3061 adulterio
3069 3014 3171 3072 est,
3210 3012 3411 3074 quanto
3455 3005 3795 3074 praestantior

2213 3097 2356 3152 Deus
2395 3097 2632 3152 homine.
2661 3097 2740 3152 Ne
2769 3097 2888 3167 quis
2919 3106 2971 3152 te
2991 3096 3223 3167 decipiat
3250 3095 3437 3150 dicens
3469 3112 3482 3150 :
3516 3110 3738 3150 uxorem
3773 3094 3790 3126 '

2209 3188 2408 3244 ducere
2451 3203 2558 3243 non
2605 3197 2752 3242 vetat
2799 3189 2955 3242 Deus.
2999 3187 3055 3242 ld
3099 3202 3199 3258 ego
3243 3201 3454 3257 quoque
3499 3188 3653 3252 novi;
3699 3185 3795 3240 sed

2211 3281 2529 3336 adulterium
2570 3281 2862 3351 prohibuit,
2912 3280 3052 3350 quod
3098 3290 3152 3334 tu
3199 3279 3483 3334 admittere
3529 3278 3794 3334 volebas:

2212 3378 2356 3449 quod
2384 3379 2549 3445 absit,
2572 3386 2630 3433 ut
2669 3378 2919 3432 nimirum
2948 3376 3213 3432 connubio
3252 3375 3494 3445 jungaris
3520 3387 3794 3444 umquam.

2215 3469 2419 3540 Ecquid
2457 3469 2671 3524 miraris
2695 3469 2738 3523 si
2767 3469 2968 3538 nuptiae
3014 3483 3111 3536 pro
3137 3466 3398 3522 adulterio
3447 3473 3796 3536 reputantur,

2214 3564 2428 3635 quando
2469 3562 2826 3617 contemnitur
2869 3560 3047 3617 Deus?
3072 3558 3259 3613 Cmdes
3305 3558 3371 3612 ad
3407 3557 3664 3627 justitiam
3710 3570 3800 3609 re-

2217 3663 2394 3724 putata
2417 3662 2518 3720 est,
2549 3659 2603 3706 et
2624 3649 2923 3704 humanitas
2951 3648 3067 3717 plus
3093 3663 3248 3716 quam
3271 3646 3616 3701 homicidium
3645 3646 3801 3701 dam-

2219 3755 2340 3800 nata
2380 3745 2504 3809 fuit;
2534 3742 2784 3812 quoniam
2831 3740 2920 3794 illa
2951 3754 3018 3794 ex
3063 3737 3324 3792 sententia
3372 3737 3489 3802 Dei,
3530 3737 3645 3790 haec
3673 3752 3805 3792 vero
3893 3751 3896 3754 '

2220 3841 2313 3896 illo
2357 3837 2671 3908 prohibente
2705 3833 2942 3890 exhibita
2972 3841 3073 3887 est.
3103 3830 3172 3884 Et
3215 3830 3432 3884 Phineze
3461 3828 3677 3899 quidem
3716 3846 3808 3884 re-

2221 3941 2460 4004 putatum
2487 3938 2569 3985 est
2595 3929 2659 3984 ad
2679 3927 2958 3998 justitiam,
2983 3923 3124 3995 quod
3152 3923 3496 3976 fornicantem
3524 3921 3808 3976 mulierem

2224 4041 2344 4081 cum
2391 4031 2686 4079 scortatore
2737 4019 3094 4083 confodisset;
3142 4015 3356 4071 Saulem
3411 4030 3542 4070 vero
3589 4024 3810 4069 sanctus

2227 4119 2323 4174 Dei
2351 4114 2587 4180 Samuel,
2617 4115 2670 4168 in
2713 4111 2860 4176 ﬁetu,
2903 4112 3046 4166 luctu
3074 4119 3128 4164 et
3156 4107 3401 4177 precibus
3431 4121 3574 4176 smpe
3615 4120 3810 4175 perno—

2231 4219 2404 4274 ctans,
2437 4223 2540 4262 non
2568 4204 2740 4275 potuit
2761 4219 2790 4256 a
2817 4201 3178 4265 damnatione,
3197 4213 3355 4268 quam
3386 4197 3526 4252 Deus
3552 4196 3809 4251 adversus

2231 4304 2403 4372 ipsum
2437 4297 2900 4370 pronuntiaverat,
2929 4295 3165 4363 eripere;
3195 4292 3317 4360 quia
3345 4305 3525 4360 regem
3552 4289 3810 4358 alienige-

2232 4408 2443 4456 narum,
2475 4405 2630 4460 quem
2672 4387 2908 4441 occisum
2939 4390 3284 4454 oportuerat,
3326 4390 3521 4451 praeter
3563 4380 3654 4435 Dei
3686 4395 3806 4434 scn-

2233 4484 2455 4543 tentiam
2487 4480 2657 4533 salute
2695 4476 2932 4532 donavit.
2963 4475 3018 4529 Si
3049 4487 3178 4542 ergo
3215 4472 3517 4526 humanitas
3555 4470 3808 4539 majorem

2235 4592 2392 4646 quam
2422 4572 2596 4628 caedes
2638 4569 3036 4624 damnationem
3067 4565 3254 4630 infert,
3287 4563 3408 4633 quia
3437 4563 3544 4616 Deo
3578 4575 3684 4615 non
3712 4560 3807 4612 ob-

2238 4674 2562 4734 temperatur
2593 4682 2607 4717 :
2638 4661 2764 4731 quid
2797 4661 2990 4714 mirum
3023 4659 3068 4712 si
3096 4656 3292 4726 nuptis:
3335 4655 3633 4726 graviorem
3657 4664 3810 4718 quant

2238 4752 2556 4814 adulterium
2581 4754 2978 4810 damnationem
3009 4751 3258 4816 inferant,
3291 4747 3504 4819 quando
3525 4746 3817 4815 deSpicitur

2240 4847 2517 4905 Christus?
2546 4845 2696 4910 Nam,
2728 4853 2787 4898 ut
2812 4845 2962 4899 initio
2985 4843 3227 4897 dicebam
3258 4858 3272 4894 :
3306 4841 3350 4894 si
3384 4839 3618 4910 privatus
3639 4851 3814 4900 esses,

2242 4957 2399 4997 nemo
2427 4952 2478 4995 te
2515 4941 2744 4993 desertae
2785 4937 2988 4991 militia:
3018 4941 3328 4998 accusaret;
3359 4945 3498 4986 nunc
3524 4939 3703 4984 autem
3744 4926 3816 4980 tui

2241 5038 2374 5107 juris
2410 5050 2514 5089 non
2545 5049 2602 5087 es
2647 5031 2906 5098 amplius,
2934 5029 3023 5099 qui
3051 5037 3199 5081 tanto
3242 5023 3548 5094 imperatori
3596 5023 3820 5076 militare

2245 5131 2472 5200 coepisti.
2499 5125 2709 5181 Etenim
2735 5125 2779 5179 si
2809 5123 2997 5176 mulier
3017 5121 3096 5175 sui
3117 5118 3357 5188 corporis
3379 5123 3694 5186 potestatem
3717 5125 3816 5165 non

2245 5223 2438 5286 habet,
2469 5219 2562 5274 sed
2588 5221 2685 5283 vir,
2716 5217 2881 5271 multo
2907 5213 3076 5284 magis
3101 5213 3190 5283 qui
3221 5211 3400 5266 vivunt
3428 5210 3480 5264 in
3507 5208 3722 5264 Christo
3742 5203 3818 5258 sui

2245 5314 2485 5382 corporis
2525 5318 2839 5381 potestatem
2883 5322 2988 5361 non
3018 5305 3244 5359 habeant
3274 5303 3350 5372 (l.
3391 5299 3510 5355 Cor.
3539 5300 3592 5353 7.
3621 5298 3696 5368 4).
3725 5295 3818 5361 Qui

2251 5419 2390 5458 nunc
2422 5401 2800 5463 contemnitur,
2831 5398 2943 5468 ipse
2983 5406 3061 5451 est
3087 5395 3174 5464 qui
3207 5389 3610 5460 tunejudicabit
3641 5405 3654 5442 :
3685 5386 3818 5440 hunc

2250 5508 2464 5563 semper
2517 5502 2730 5560 cogita,
2794 5501 3000 5543 necnon
3065 5485 3282 5540 fluvium
3359 5483 3506 5536 illum
3577 5481 3817 5548 igneum;

2318 5668 2332 5689 ι
2369 5656 2506 5706 sat-tl.
2541 5653 2585 5699 in
2611 5649 2848 5710 margine,
2873 5655 3072 5694 uxorem
3091 5638 3367 5705 legitimam.
