4088 6138
396 455 502 510 313

395 570 642 634 Flavius,
685 568 889 639 inquit,
934 568 1111 638 igneus
1158 565 1384 622 trahebat
1434 567 1487 620 in
1541 574 1808 634 conspectu
1858 566 1967 634 ejus

393 663 554 730 (Dan.
589 663 642 715 7.
676 659 767 732 10)
801 678 815 714 :
845 662 934 732 qui
976 660 1117 716 enim
1145 660 1310 716 semel
1358 661 1463 731 igni
1509 659 1730 714 traditus
1766 659 1834 713 ab
1876 657 1970 713 illo

394 753 572 819 fuerit,
601 753 803 808 nullum
833 761 1010 821 potest
1035 751 1280 821 supplicii
1308 766 1524 820 sperare
1553 749 1732 804 linem.
1761 745 1832 803 Et
1867 747 1969 802 ab-

396 845 572 900 surdae
589 843 801 914 quidem
821 845 942 900 vita:
954 843 1254 913 voluptates
1279 842 1406 896 nihil
1435 841 1500 897 ab
1519 839 1724 896 umbris
1749 849 1803 896 et
1822 855 1968 895 som-

393 937 495 991 niis
542 935 836 990 differunt:
882 935 1191 1004 priusquam
1240 933 1381 988 enim
1430 939 1645 1002 peccata
1693 930 1758 984 ad
1807 930 1967 984 linem

393 1027 745 1091 deducantur,
765 1023 1046 1080 delectatio
1061 1023 1344 1093 voluptatis
1364 1021 1748 1091 exstinguitur;
1767 1019 1969 1088 suppli-

393 1121 473 1174 cia
493 1135 618 1173 vero
637 1117 700 1172 iis
719 1117 977 1173 destinata
1008 1117 1211 1171 nullum
1231 1115 1428 1171 habent
1454 1114 1758 1169 terminum.
1779 1111 1970 1168 Suavi-

394 1222 478 1266 tas
496 1210 583 1264 illa
611 1210 922 1264 brevissima
951 1217 1053 1273 est,
1079 1207 1342 1262 cruci-atus
1361 1214 1612 1262 mternus.

462 1301 617 1361 Nihil
639 1303 693 1356 in
720 1300 906 1355 mundo
943 1301 1141 1354 stabile.
1163 1329 1233 1339 —
1266 1299 1362 1354 Dic
1409 1297 1576 1364 mihi,
1619 1295 1747 1368 quid
1787 1295 1839 1352 in
1869 1296 1973 1354 hoc

393 1392 596 1450 mundo
631 1392 824 1449 stabile
867 1392 990 1448 est?
1028 1392 1110 1446 An
1156 1390 1387 1457 divitiae,
1431 1405 1552 1460 quae
1606 1405 1750 1459 saepe
1798 1405 1864 1444 ne
1904 1388 1972 1444 ad

393 1501 676 1557 vesperam
716 1484 928 1555 quidem
971 1498 1140 1554 usque
1180 1482 1437 1537 manent?
1462 1480 1597 1536 Num
1642 1480 1855 1550 gloria?
1876 1479 1972 1536 sed

392 1577 515 1635 aridi
539 1577 740 1647 justum
765 1574 1050 1646 quemdam
1077 1573 1250 1629 virum
1278 1573 1576 1628 dicentem:
1618 1570 1733 1626 Vita
1758 1589 1868 1627 mea
1891 1587 1974 1626 ve-

393 1670 551 1722 locior
573 1677 648 1722 est
683 1684 885 1722 cursore
916 1664 1033 1738 (Job
1071 1665 1127 1722 9.
1163 1665 1279 1736 25).
1326 1665 1474 1720 Sicut
1511 1665 1652 1718 enim
1706 1663 1780 1716 illi
1823 1663 1977 1732 priut‘

394 1773 552 1826 quam
579 1759 824 1813 steterint
852 1757 1122 1820 exsiliunt,
1155 1756 1224 1810 ita
1251 1762 1307 1810 et
1333 1754 1449 1809 haec
1477 1754 1654 1810 evolat
1689 1761 1970 1821 antequam

392 1848 592 1902 veniat.
613 1847 752 1902 Nihil
777 1849 951 1902 anima
977 1847 1263 1917 pretiosius
1286 1853 1368 1901 est
1395 1861 1408 1898 :
1439 1844 1580 1914 quod
1607 1859 1674 1899 ne
1695 1843 1729 1898 ii
1758 1843 1968 1914 quidem

390 1941 661 2013 ignorant,
691 1942 780 2010 qui
810 1939 876 1995 ad
920 1949 1220 1995 extremum
1263 1937 1581 2009 insipientia
1619 1937 1970 1992 devenerunt.

389 2036 588 2090 Anima:
605 2035 733 2089 nihil
752 2035 1055 2104 aquantium
1075 2075 1089 2098 ,
1115 2032 1189 2087 ait
1217 2030 1426 2102 quidam
1454 2039 1765 2087 exterorum
1791 2038 1968 2099 poeta.

389 2125 522 2180 Novi
551 2135 604 2180 te
630 2124 786 2196 longe
828 2123 1177 2180 inﬁrmiorem
1207 2123 1274 2178 ad
1303 2131 1572 2178 certamen
1600 2130 1785 2177 contra
1815 2121 1969 2174 mali-

387 2231 550 2286 gnum
573 2217 808 2272 evasisse
840 2233 853 2269 :
882 2215 1006 2270 novi
1030 2223 1084 2270 te
1111 2215 1162 2270 in
1188 2213 1361 2269 media
1386 2214 1716 2282 voluptatum
1756 2211 1970 2266 ﬂamma

387 2311 611 2365 versari.
639 2309 742 2365 Sed
772 2310 814 2363 si
842 2310 1054 2363 inimico
1078 2308 1310 2363 dixeris:
1337 2306 1707 2377 Voluptatibus
1733 2304 1836 2360 tuis
1861 2319 1968 2359 non

383 2400 684 2462 servimus,
721 2399 957 2454 omnium
1000 2399 1262 2454 malorum
1300 2406 1511 2452 tuorum
1572 2395 1806 2451 radicem
1863 2410 1969 2448 non

387 2489 709 2555 adoramus;
761 2493 806 2547 si
854 2505 1068 2544 sursum
1121 2489 1307 2544 oculos
1359 2486 1649 2551 extuleris,
1699 2484 1967 2539 ﬂammam

385 2599 533 2640 nunc
559 2583 802 2640 Salvator
830 2583 1072 2640 excutiet
1107 2597 1304 2650 eosque
1333 2580 1422 2651 qui
1461 2588 1513 2634 te
1541 2579 1592 2633 in
1625 2577 1800 2648 ignem
1834 2591 1966 2631 con-

379 2677 633 2746 jecerunt
677 2675 986 2738 eomburet;
1029 2673 1125 2728 tibi
1171 2680 1346 2726 autem
1387 2671 1438 2726 in
1484 2669 1660 2724 medio
1700 2666 1966 2734 fornacis,

381 2767 607 2834 nubem,
637 2781 811 2822 rorem
837 2773 892 2821 et
916 2764 1217 2820 sibilantem
1246 2776 1430 2817 auram
1455 2760 1660 2823 mittet;
1689 2759 1756 2812 ita
1789 2765 1846 2812 ut
1870 2771 1968 2812 nec

377 2861 736 2932 cogitationes
778 2874 879 2914 nec
920 2857 1302 2914 conscientiam
1347 2863 1489 2909 tuam
1529 2852 1667 2922 ignis
1705 2850 1966 2918 attingat:

382 2960 593 3009 tantum
625 2966 693 3006 ne
723 2951 948 3019 teipsum
979 2947 1252 3003 incendas.
1285 2946 1494 3000 Atenim
1524 2943 1684 2998 urbes
1711 2939 1966 3004 munitas,

383 3059 521 3114 quas
546 3057 644 3098 nec
684 3041 787 3097 tela
827 3055 927 3096 nec
959 3037 1218 3093 machina:
1267 3033 1624 3090 obsidentium
1663 3043 1968 3099 expugnare

382 3142 709 3206 potuerant,
738 3147 881 3200 saepe
904 3130 1062 3186 unius
1091 3129 1388 3183 duorumve
1425 3125 1616 3180 civium
1645 3122 1786 3176 intus
1816 3119 1972 3175 babi-

383 3223 612 3280 tantium
642 3222 940 3292 proditione
979 3220 1126 3275 nullo
1169 3217 1382 3289 negotio
1422 3217 1474 3270 in
1514 3229 1702 3270 manus
1733 3211 1975 3267 hostium

380 3317 738 3372 devenerunt.
769 3314 838 3369 Et
865 3327 1006 3368 nunc
1025 3311 1070 3366 si
1096 3311 1238 3366 nulla
1266 3319 1319 3365 te
1355 3309 1498 3364 intus
1525 3307 1694 3377 posita
1719 3303 1970 3374 cogitatio

382 3407 599 3478 prodat,
642 3407 852 3462 etiamsi
881 3415 1160 3461 sexcentas
1209 3403 1340 3458 foris
1385 3401 1660 3458 machinas
1704 3398 1970 3468 malignus

382 3501 482 3556 ille
501 3483 814 3564 admoverit,
842 3497 892 3552 id
919 3498 1114 3552 frustra
1148 3494 1390 3550 tentabit.

460 3593 512 3646 4.
547 3589 699 3644 Multi
721 3589 975 3644 Theodori
1003 3589 1157 3642 vicem
1177 3586 1429 3641 dolebant.
1445 3617 1514 3626 -—
1533 3584 1728 3640 Multos
1755 3597 1849 3652 per
1873 3581 1967 3636 Dei

384 3684 612 3755 gratiam
645 3689 972 3752 magnosque
1000 3682 1143 3735 viros
1165 3679 1350 3742 habes,
1385 3679 1472 3746 qui
1500 3677 1669 3732 vicem
1703 3683 1844 3729 tuam
1874 3672 1963 3727 do-

384 3778 521 3840 lent,
547 3777 636 3845 qui
659 3785 712 3830 te
732 3774 1100 3836 cohortantur,
1129 3780 1183 3826 et
1205 3785 1301 3837 pro
1330 3770 1505 3823 anima
1531 3776 1618 3822 tua
1648 3764 1966 3828 formidant;

384 3877 632 3923 sanctum
681 3881 874 3934 nempe
919 3865 1010 3918 Dei
1059 3862 1329 3918 Valerium
1358 3863 1410 3928 ⁸,
1461 3859 1627 3930 ipsius
1665 3854 1970 3912 omnimode

385 3960 610 4014 fratrem
655 3957 1003 4023 Florentium,
1051 3954 1377 4024 sapientem,
1425 3960 1480 4005 ct
1517 3949 1729 4020 quidem
1770 3945 1969 4002 Christi

383 4049 673 4123 sapientia,
703 4047 1078 4120 Porphyrium,
1110 4046 1412 4114 multosque
1438 4042 1592 4096 alios.
1622 4040 1690 4095 Hi
1732 4038 1970 4110 quotidie

385 4143 656 4213 iungentes,
688 4141 892 4195 nullum
934 4137 1186 4210 precandi
1235 4135 1392 4190 ﬁnem
1433 4134 1650 4198 faciunt,
1690 4141 1745 4188 et
1767 4131 1971 4200 jamdiu

384 4246 570 4306 optata
597 4231 909 4303 consequuti
933 4239 1134 4295 essent,
1179 4229 1225 4284 si
1261 4228 1346 4283 vel
1373 4225 1642 4297 paululum
1691 4232 1745 4278 te
1771 4221 1971 4278 inimici

388 4326 638 4383 manibus
680 4323 993 4380 subtrahere
1019 4322 1304 4377 voluisses.
1336 4317 1614 4385 Quomodo
1663 4316 1822 4386 igitur
1864 4329 1972 4369 non
2009 4373 2016 4379 _

390 4417 682 4475 absurdum
721 4416 898 4476 fuerit,
929 4414 1055 4469 dum
1083 4414 1170 4468 alii
1217 4411 1284 4466 de
1326 4411 1496 4465 salute
1526 4419 1611 4463 tua
1647 4422 1752 4462 non
1779 4405 1972 4474 deSpe-

388 4521 534 4575 rant,
567 4518 621 4565 et
648 4517 707 4564 ut
750 4507 1045 4564 membrum
1092 4505 1352 4574 recipiant
1394 4517 1546 4558 suum
1591 4501 1804 4556 assidue
1849 4513 1973 4568 pre-

389 4611 605 4666 cantur,
635 4611 686 4655 te
715 4600 880 4655 semel
913 4600 1119 4668 lapsum
1142 4597 1284 4650 nolle
1313 4608 1592 4663 resurgere
1611 4632 1625 4658 ,
1659 4591 1753 4646 sed
1770 4590 1971 4659 jacere,

390 4709 458 4748 ac
485 4691 868 4762 propemodum
913 4690 1124 4745 hostem
1161 4687 1244 4741 his
1271 4685 1493 4739 vocibus
1531 4682 1799 4738 cohortari
1829 4699 1842 4736 :
1874 4679 1976 4734 Oc-

390 4785 535 4848 cide,
569 4793 808 4854 percute,
842 4799 908 4838 ne
934 4781 1160 4852 parcas?
1193 4779 1453 4848 Numquid
1479 4777 1564 4846 qui
1591 4775 1747 4838 cadit,
1776 4791 1875 4828 non
1898 4791 1978 4827 re-

394 4887 566 4948 surget
595 4877 726 4948 (Jer.
752 4876 804 4930 8.
835 4875 932 4946 4)ἳ
963 4873 1130 4943 inquit
1154 4871 1390 4927 divinum
1421 4868 1714 4924 oraculum.
1743 4866 1821 4921 Tu
1849 4879 1977 4920 vero

396 4969 521 5022 huic
550 4981 815 5037 repugnas
840 4974 894 5021 et
917 4962 1238 5021 contradicis
1273 4979 1285 5015 :
1311 4976 1431 5015 nam
1459 4959 1662 5029 lapsum
1691 4957 1978 5026 desperare

397 5062 532 5116 nihil
555 5059 696 5115 aliud
721 5067 804 5114 est
847 5072 1003 5129 quam
1035 5056 1236 5120 dicere,
1263 5053 1363 5122 Qui
1394 5051 1536 5108 cadit
1564 5067 1669 5106 non
1714 5055 1976 5118 resurget.

395 5151 500 5216 Nc,
526 5165 730 5222 qumso,
762 5164 829 5205 ne
854 5163 1022 5218 usque
1047 5147 1182 5202 adeo
1209 5146 1435 5215 teipsum
1465 5143 1648 5209 laedas,
1679 5157 1748 5196 ne
1775 5150 1976 5194 tantum

400 5242 556 5297 nobis
577 5241 814 5297 dolorem
853 5238 1121 5294 infundas.
1151 5235 1268 5292 Non
1297 5236 1418 5291 dico
1455 5248 1616 5296 nunc,
1645 5231 1858 5302 quando
1880 5246 1976 5283 an-

397 5350 529 5389 num
552 5333 862 5388 vicesimum
907 5330 1133 5387 necdum
1164 5329 1316 5399 agis:
1359 5325 1455 5381 sed
1495 5325 1653 5380 etiam
1695 5323 1738 5376 si
1783 5321 1980 5376 multos

398 5439 574 5478 annos
594 5438 843 5478 emensus
871 5436 1020 5478 esses
1042 5463 1056 5486 ,
1090 5429 1144 5476 et
1167 5427 1288 5492 post
1315 5425 1552 5473 exactam
1581 5416 1631 5469 in
1660 5413 1872 5469 Christo
1901 5423 1979 5466 to-

401 5523 511 5568 tam
539 5515 734 5580 vitam,
767 5513 820 5568 in
860 5520 1096 5568 extrema
1126 5517 1398 5566 senectute
1434 5506 1573 5560 hanc
1607 5519 1796 5574 passus
1835 5517 1980 5558 esses

402 5604 786 5671 calamitatem,
819 5619 886 5659 ne
916 5612 1040 5658 tunc
1069 5601 1282 5671 quidem
1308 5596 1728 5667 desperandum,
1760 5594 1852 5648 sed
1887 5609 1980 5649 co—

401 5693 678 5765 gitandum
707 5709 826 5750 esse
874 5693 942 5748 de
980 5694 1215 5756 latrone,
1248 5690 1336 5761 qui
1385 5690 1438 5742 in
1484 5702 1638 5742 cruce
1665 5684 1982 5755 justiﬂcatus

477 5898 491 5928 '
527 5891 690 5956 Sawl.,
720 5888 1024 5945 rhallcrium.
1067 5897 1162 5943 nuo
1182 5895 1308 5951 1155.,
1337 5882 1628 5936 I‘halerium.

1547 448 1639 503 AD
1679 444 2098 504 THEODORUM
2139 447 2427 506 LAPSUM.
2466 450 2528 506 ll.

2029 5978 2060 6003 ΔΡ

3549 460 3651 517 316

2075 572 2192 628 est,
2237 563 2410 636 deque
2453 567 2550 632 iis,
2600 569 2688 639 qui
2745 573 3021 630 undecima
3069 575 3200 631 hora
3249 581 3481 649 aggressi
3529 592 3652 638 sunt

2077 668 2210 724 Opus
2240 665 2292 710 et
2322 659 2484 713 totius
2506 658 2610 715 diei
2655 663 2955 720 mercedem
2984 678 3324 736 acceperunt.
3355 667 3426 725 Ut
3467 679 3644 726 autem

2075 745 2275 802 bonum
2327 764 2432 803 non
2480 760 2565 806 est
2608 767 2742 820 eos,
2795 754 2884 824 qui
2942 755 2995 811 in
3047 768 3286 813 extremo
3347 761 3469 816 vita:
3513 763 3647 833 lapsi
3688 763 3704 822 ἔ

2077 851 2235 907 sunt,
2285 842 2571 912 desperare
2604 886 2619 913 ,
2681 847 2724 902 si
2791 855 2966 905 tamen
3034 852 3389 922 resipiscant:
3429 855 3498 911 ita
3545 873 3649 912 non
3688 836 3692 841 ’

2078 939 2246 987 tutum
2291 944 2373 989 est
2422 933 2521 990 hac
2545 951 2642 1007 Spe
2685 941 2849 994 teneri
2896 956 2959 996 ac
3002 943 3182 1000 dicere
3234 964 3247 1001 :
3293 946 3388 1002 llic
3435 949 3648 1018 quidem

2077 1022 2280 1079 interea
2336 1025 2458 1080 vita:
2510 1028 2871 1097 voluptatibus
2923 1030 3096 1098 fruar,
3149 1045 3420 1103 postremo
3468 1046 3644 1096 autem

2076 1117 2224 1172 brevi
2275 1117 2456 1175 labore
2509 1122 2669 1177 totius
2713 1125 2977 1193 temporis.
3012 1127 3313 1182 mercedem
3365 1131 3641 1200 accipiam.

2076 1207 2290 1264 Memini
2329 1226 2559 1282 namque
2606 1221 2656 1268 te
2681 1228 2821 1285 sarpe
2866 1215 3083 1284 dixisse,
3111 1233 3231 1273 cum
3261 1220 3412 1275 multi
3440 1229 3491 1276 te
3520 1222 3649 1276 bor-

2077 1307 2314 1355 tarentur
2339 1311 2395 1356 ut
2422 1319 2602 1359 musca
2646 1305 3008 1375 lrequentares
3037 1325 3050 1362 :
3093 1308 3229 1377 Quid
3259 1325 3406 1374 vero.
3429 1313 3473 1367 si
3502 1313 3650 1370 brevi

2076 1400 2314 1463 tempore
2357 1393 2496 1450 male
2536 1395 2697 1450 vitam
2739 1395 2970 1452 obeam?
2998 1399 3264 1469 quomodo
3289 1400 3445 1456 adibo
3498 1403 3646 1458 illum

2075 1481 2162 1553 qui
2189 1482 2321 1538 dixit
2351 1501 2364 1536 :
2396 1483 2479 1539 Ne
2503 1486 2667 1539 tardes
2691 1487 2908 1541 converti
2929 1489 2999 1542 ad
3047 1489 3336 1558 Dominum,
3364 1509 3522 1564 neque
3541 1494 3650 1564 dif-

2075 1575 2209 1644 feras
2237 1574 2300 1629 de
2326 1575 2407 1629 die
2429 1577 2483 1630 in
2529 1577 2660 1630 diem
2691 1577 2894 1650 (Eccli.
2923 1581 2976 1636 5.
3003 1579 3036 1636 8
3064 1579 3082 1651 )
3113 1581 3138 1636 ?
3190 1582 3336 1638 Hanc
3375 1585 3650 1654 cogitatio-

2075 1680 2195 1720 nem
2221 1675 2424 1735 repete,
2448 1677 2501 1722 et
2522 1667 2689 1723 furem
2719 1671 2844 1725 time
2868 1687 2883 1738 ;
2913 1671 2985 1725 ita
3016 1673 3156 1726 enim
3178 1673 3420 1731 Christus
3444 1677 3646 1732 exitum

2075 1771 2138 1811 ex
2170 1756 2268 1812 hac
2288 1759 2392 1811 vita
2418 1768 2657 1814 nostrum
2671 1771 2843 1826 vocat,
2863 1777 2928 1817 eo
2951 1763 3092 1833 quod
3121 1765 3481 1836 ignorantibus
3503 1770 3652 1824 acci-

2074 1851 2184 1905 dat.
2228 1851 2425 1926 Tecum
2475 1863 2657 1925 reputa
2707 1855 2864 1926 hujus
2906 1857 3028 1912 vitae
3081 1859 3485 1924 sollicitudines,
3534 1869 3645 1916 tum

2072 1943 2290 2014 singulis
2309 1945 2570 2014 proprias,
2596 1955 2706 2000 tum
2735 1947 2972 2016 pluribus
2996 1964 3323 2014 communes,
3352 1951 3657 2022 principum

2073 2045 2294 2101 metum,
2319 2036 2512 2091 civium
2535 2036 2892 2104 invidiam,de
2932 2054 3138 2096 summa
3183 2057 3360 2096 rerum
3399 2042 3655 2114 frequens-

2074 2127 2389 2196 periculum,
2421 2129 2682 2194 miserias,
2739 2129 3068 2187 adulationes
3112 2133 3352 2200 serviles,
3383 2134 3490 2188 imo
3519 2137 3648 2207 ipsis

2072 2219 2261 2286 servis,
2291 2220 2334 2275 si
2363 2221 2511 2289 probi
2527 2221 2740 2292 quidem
2761 2223 2884 2288 sint,
2917 2223 3178 2294 indignas,
3207 2226 3379 2296 cogita
3406 2225 3646 2283 laborum

2073 2313 2298 2369 fructum
2329 2314 2416 2370 hic
2449 2315 2686 2382 interire,
2743 2306 2849 2386 quo
2887 2317 3013 2386 quid
3057 2318 3411 2375 miserabilius
3448 2319 3647 2375 luerit?

2069 2405 2215 2463 Multi
2255 2409 2413 2462 etiam
2451 2407 2689 2462 laborum
2733 2407 2960 2464 fructum
2991 2410 3266 2480 percipere
3315 2425 3421 2466 non
3459 2418 3646 2481 potue-

2070 2509 2231 2556 runt:
2263 2501 2356 2556 sed
2414 2511 2692 2572 postquam
2740 2506 2963 2572 primam
3015 2513 3225 2560 aetatem
3263 2505 3547 2560 sudoribus
3595 2515 3664 2561 et-

2069 2591 2319 2661 periculis
2339 2592 2747 2662 insumpserant,
2773 2607 2892 2647 cum
2917 2608 2984 2660 se,
3003 2593 3301 2649 mercedem
3338 2604 3670 2663 accepturos-

2070 2689 2369 2749 sperarent,
2396 2681 2767 2737 abscesserunt
2803 2683 2933 2737 nihil
2963 2697 3147 2738 secum
3171 2683 3480 2739 referentes.
3514 2685 3646 2740 Nam

2070 2771 2114 2827 si
2142 2780 2408 2827 terrenum
2439 2773 2830 2842 imperatorem,
2871 2774 3030 2830 etiam
3055 2783 3175 2844 post
3203 2775 3364 2829 multa
3393 2776 3660 2846 pericula,

2072 2872 2190 2933 post
2219 2864 2442 2931 plurima
2461 2863 2600 2920 bella
2638 2864 2896 2932 confecta,
2926 2865 3012 2919 vix
3040 2865 3200 2921 audet
3227 2866 3486 2935 quispiam
3525 2881 3645 2921 cum

2072 2953 2259 3008 fiducia
2277 2955 2566 3023 respicere,
2589 2955 2855 3024 quomodo
2869 2955 3132 3020 crelestem
3151 2956 3296 3012 illum
3320 2957 3513 3025 poterit
3529 2957 3646 3026 quis

2071 3042 2284 3108 intueri,
2305 3044 2394 3114 qui
2415 3053 2524 3099 toto
2549 3054 2788 3113 tempore
2812 3045 2964 3113 alteri
2987 3045 3198 3112 vixerit,
3218 3046 3370 3100 alteri
3387 3047 3646 3101 militarit?

2141 3135 2194 3189 5.
2229 3133 2310 3188 An
2333 3134 2412 3189 vis
2436 3134 2502 3188 de
2549 3134 2862 3190 domesticis
2887 3134 3050 3200 curis,
3101 3135 3306 3202 uxoris,
3335 3135 3641 3202 liberorum,

2070 3223 2390 3280 famulorum
2413 3225 2668 3294 agamus?
2711 3224 2884 3280 Grave
2901 3233 2983 3279 est
3001 3239 3286 3294 pauperem
3306 3241 3522 3280 uxorem
3543 3226 3646 3281 du-

2069 3315 2232 3379 xisse,
2252 3330 2416 3386 grave
2438 3315 2821 3385 Opulentiorem
2854 3334 2867 3370 :
2898 3315 3122 3370 alterum
3164 3315 3304 3370 enim
3351 3315 3646 3383 facultates,

2070 3407 2300 3462 alterum
2334 3406 2433 3462 viri
2459 3407 2825 3461 auctoritatem
2866 3406 3270 3477 libertatemque
3294 3405 3455 3460 lzedit.
3485 3405 3651 3462 Mole-

2072 3505 2211 3550 stum
2236 3503 2326 3551 est-
2341 3495 2540 3550 liberos
2554 3495 2872 3566 suscepisse,
2891 3495 3168 3550 molestius
3189 3510 3294 3549 non
3312 3495 3647 3564 suscepisse:

2072 3589 2200 3645 illud
2226 3589 2369 3644 enim
2399 3597 2484 3644 est
2524 3588 2717 3643 frustra
2744 3586 2963 3643 duxisse
2991 3587 3291 3658 conjugem,
3324 3586 3426 3642 hoc
3453 3600 3651 3642 amara:

2072 3681 2311 3736 servituti
2333 3681 2627 3750 subjectum
2649 3695 2790 3736 esse.
2823 3679 3071 3750 Egrotat
3099 3695 3248 3750 puer,
3282 3679 3405 3735 hinc
3438 3695 3541 3734 non
3579 3679 3650 3734 le-

2072 3771 2154 3826 vis
2171 3770 2394 3826 formido
2423 3789 2436 3825 :
2463 3771 2775 3826 immaturus
2821 3771 3071 3838 decessit,
3115 3769 3241 3826 hinc
3265 3786 3371 3826 non
3407 3771 3652 3825 consola-

2071 3863 2196 3918 bilis
2223 3862 2376 3918 dolor
2407 3881 2422 3918 :
2451 3863 2516 3918 ad
2542 3864 2780 3934 singulos
2798 3864 2968 3918 aetatis
2989 3863 3204 3935 gradus,
3235 3879 3379 3919 curae
3402 3864 3469 3918 de
3496 3864 3656 3934 ipsis,

2073 3955 2458 4011 sollicitudines
2483 3965 2538 4010 et
2560 3955 2791 4011 labores.
2825 3955 2960 4023 Quid
2988 3956 3054 4009 de
3095 3955 3504 4010 domesticorum
3547 3955 3650 4009 im-

2073 4047 2336 4118 probitate
2361 4047 2645 4102 dicamus?
2674 4045 2922 4101 Hrcccine
2972 4047 3077 4101 vita
3105 4054 3207 4111 est,
3234 4045 3532 4109 Theodore,
3561 4046 3662 4100 ubi.

2074 4138 2362 4192 animauna
2380 4139 2430 4192 in
2455 4146 2530 4192 tot
2549 4152 2706 4192 curas
2727 4137 3058 4202 distrahitur,
3083 4144 3160 4192 tot
3195 4135 3380 4196 servit,
3412 4143 3491 4189 tot
3524 4135 3654 4190 vivit

2075 4229 2403 4296 hominibus,
2431 4229 2531 4284 sibi
2583 4228 3070 4300 numquam‘tNihil
3091 4228 3231 4297 apud
3254 4241 3350 4284 nos
3377 4225 3653 4298 huiusmo-

2075 4318 2127 4373 di
2157 4319 2438 4388 reperitur,
2469 4319 2680 4386 dilecte,
2700 4327 2752 4374 te
2784 4328 2970 4374 testem
3009 4319 3240 4388 appello.

2148 4409 2312 4464 Nemo
2363 4409 2486 4463 liber
2530 4417 2620 4473 est,
2663 4409 2761 4463 nisi
2799 4411 2883 4476 qni
2932 4409 3129 4463 Christo
3161 4410 3294 4462 vivit.
3344 4407 3458 4463 Una
3502 4405 3654 4463 Citri-

2077 4502 2240 4556 stiano
2268 4500 2551 4566 calamitas,
2582 4498 2743 4552 Deum
2773 4497 3044 4564 oﬂ'endere.
3069 4527 3142 4538 --
3164 4497 3318 4552 Brevi
3335 4498 3534 4567 quippe
3560 4497 3651 4550 illo

2079 4601 2340 4663 tempore,
2385 4607 2492 4663 quo
2519 4607 2585 4647 ex
2607 4590 2850 4646 ﬂuctibus
2902 4604 3175 4659 emergere
3232 4589 3464 4654 voluisti,
3516 4589 3655 4644 nosti

2077 4697 2274 4758 quanta
2297 4686 2497 4749 lmtitia,
2529 4692 2725 4754 quanto
2751 4681 2945 4754 gaudio
2971 4680 3249 4736 fruebaris.
3277 4679 3443 4735 Nemo
3463 4680 3657 4753 quippe

2081 4781 2218 4836 liber
2236 4789 2337 4841 est,
2358 4779 2458 4834 nisi
2481 4778 2567 4848 qui
2585 4777 2798 4832 Christo
2818 4775 2998 4830 vivit’:
3024 4773 3111 4830 hic
3132 4774 3381 4829 omnibus
3401 4774 3658 4829 molestiis

2081 4873 2324 4942 superior
2366 4877 2486 4926 est:
2515 4885 2577 4925 ac
2621 4869 2722 4924 nisi
2766 4868 2999 4938 seipsum
3053 4866 3246 4922 laedere
3287 4866 3433 4930 velit,
3480 4865 3658 4922 nullus

2084 4970 2218 5024 alius
2238 4967 2289 5023 id
2310 4981 2558 5038 umquam
2584 4965 2778 5036 poterit
2799 4982 2813 5033 ;
2839 4964 2985 5019 nullo
2998 4961 3116 5033 capi
3134 4971 3188 5018 et
3198 4960 3439 5032 superari
3461 4969 3656 5030 potest,

2083 5076 2188 5116 non
2217 5059 2559 5130 pecuniarum
2605 5057 2808 5127 jactura
2848 5055 3133 5120 cruciatur,
3185 5053 3378 5124 quippe
3405 5051 3494 5123 qui
3519 5051 3658 5105 didi-

2083 5155 2218 5210 cerit
2260 5167 2358 5207 nos
2403 5150 2536 5206 nihil
2576 5150 2630 5204 in
2667 5150 2808 5204 hunc
2833 5149 2854 5180 ’
2891 5145 3148 5201 mundum
3199 5143 3459 5208 attulisse,
3488 5157 3663 5212 neque

2085 5246 2208 5301 inde
2233 5243 2499 5314 quidpiam
2555 5239 2765 5296 auferre
2792 5252 2988 5308 posse;
3021 5251 3127 5291 non
3152 5234 3441 5291 ambitione
3466 5242 3523 5289 et
3547 5234 3663 5304 glo-

2086 5339 2179 5394 ria:
2198 5335 2444 5406 cupidine
2475 5340 2707 5397 tenetur,
2729 5345 2925 5401 gnarus
2945 5327 3405 5383 conversationem
3425 5333 3660 5380 nostram

2089 5429 2140 5483 in
2161 5429 2292 5485 cmlo
2319 5443 2465 5483 esse:
2490 5439 2594 5480 non
2613 5421 2864 5479 conviciis
2891 5430 3132 5483 vexatur,
3159 5434 3265 5473 non
3288 5415 3457 5488 plagis
3479 5429 3660 5470 move-

2093 5533 2198 5588 tur;
2215 5535 2317 5576 una
2336 5518 2636 5572 Christiano
2660 5513 2938 5570 calamitas
2959 5513 3126 5567 Deum
3146 5509 3448 5566 oﬂ‘endere:
3469 5513 3662 5560 eictcra

2086 5629 2214 5669 vero
2235 5655 2249 5680 ,
2269 5619 2327 5665 ut
2349 5609 2748 5681 possessionum
2765 5605 3023 5675 jacturam
3046 5645 3060 5668 ,
3092 5602 3277 5672 patria:
3301 5597 3665 5661 amissionem,

2154 5754 2168 5782 ι
2207 5755 2333 5797 Unus
2354 5745 2508 5794 codex
2535 5756 2548 5790 :
2577 5751 2677 5792 Non
2691 5747 2759 5791 est
2779 5738 2924 5795 enim,
2947 5751 3036 5788 non
3065 5742 3133 5788 est
3157 5735 3292 5788 liber,
3311 5729 3404 5781 nisi
3435 5733 3538 5793 qut.
3565 5746 3664 5783 nia-

2091 5809 2311 5864 trimonio
2335 5803 2573 5860 immunis,
2597 5801 2782 5853 Christo
2806 5801 2933 5864 civit.

2158 5855 2309 5921 ﬁas
2325 5855 2346 5931 ,ἡ
2367 5855 2490 5919 lianc
2509 5903 2522 5928 ,
2548 5855 2689 5917 deest
2715 5867 2761 5913 in
2785 5861 2924 5914 savii.
2953 5868 3003 5911 et
3027 5861 3073 5909 in
3099 5871 3192 5908 uno
3214 5855 3394 5907 codice.

3661 2787 3694 2806 κ
