4088 6138
450 394 554 450 315

453 519 749 564 extremum
778 502 1090 573 periculum,
1121 497 1525 575 neintergravia
1547 495 1756 572 quidem
1775 503 2015 574 reputat;

452 598 693 668 quodque
718 608 902 648 omnes
926 591 1167 655 horrent,
1188 605 1376 658 nempe
1402 588 1596 642 exitum
1626 601 1689 639 ex
1712 585 1810 638 hac
1833 586 1935 638 vita
1967 585 2018 637 in

452 685 705 750 aliam,id
735 685 784 738 ei
839 683 952 751 ipsa
1011 684 1112 734 vita
1165 680 1369 733 dulcius
1412 687 1513 751 est.
1567 676 2019 743 Quemadmodum

451 780 588 834 enim
618 778 660 830 si
685 777 802 846 quis
831 777 882 828 in
900 775 1008 827 alto
1035 772 1250 840 scopulo
1279 771 1478 839 positus
1499 768 1880 836 contempletur
1907 783 2020 820 ma-

451 889 526 932 re,
555 880 608 926 et
638 869 990 938 navigantium
1017 867 1150 938 alios
1189 880 1218 917 a
1268 863 1512 917 fluctibus
1549 863 1780 930 demergi
1823 859 2019 924 videat,

449 964 580 1015 alios
610 962 660 1014 in
693 961 906 1013 latentia
937 973 1059 1012 saxa
1089 956 1254 1036 allidi,
1274 956 1406 1008 alios
1435 955 1539 1032 alio
1556 953 1766 1024 quidem
1799 962 2021 1007 conten-

453 1055 663 1116 dentes,
694 1054 828 1106 alios
857 1061 1030 1106 autem
1059 1061 1115 1104 ut
1159 1051 1363 1103 vinctos
1390 1050 1440 1102 vi
1488 1059 1766 1103 ventorum
1810 1047 2021 1112 abduci,

450 1144 644 1197 multos
666 1142 820 1196 undis
843 1125 1013 1207 obrui,
1038 1141 1170 1194 alios
1197 1155 1290 1210 pro
1331 1139 1536 1208 navigio
1579 1149 1632 1192 et
1664 1139 2023 1211 gubernaculo

449 1235 688 1287 manibus
713 1233 881 1287 solum
913 1232 1005 1295 uti,
1025 1232 1156 1284 alios
1178 1230 1259 1301 vel
1289 1213 1464 1285 tabula
1495 1244 1596 1282 una
1649 1229 1734 1305 vel
1759 1229 2024 1303 fragmen-

449 1334 504 1377 to
527 1325 674 1377 navis
692 1322 838 1388 ferri,
863 1322 995 1376 alios
1024 1331 1259 1397 mortuos
1284 1331 1646 1397 supernatare,
1680 1320 2021 1394 multiplicem

451 1399 659 1469 scilicet
673 1423 726 1469 et
749 1415 946 1492 variam
970 1413 1322 1488 calamitatem
1353 1431 1365 1465 :
1399 1413 1469 1485 ita
1499 1422 1552 1466 et
1576 1411 1664 1488 qui
1690 1410 1900 1479 Christo
1927 1411 2025 1466 mi-

447 1508 580 1583 litat,
613 1507 858 1583 tumultui
889 1514 941 1560 et
965 1505 1210 1566 fluctibus
1240 1505 1363 1558 vita
1411 1518 1469 1557 se
1499 1503 1821 1569 subducens,
1851 1503 1903 1556 in
1935 1513 2014 1558 tu-

449 1580 504 1670 to
533 1607 586 1651 et
613 1580 824 1651 excelso
844 1597 962 1650 loco
1003 1595 1171 1649 sedet.
1209 1594 1344 1660 Quid
1367 1595 1505 1647 enim
1537 1593 1721 1659 tutius,
1741 1593 1867 1660 quid
1896 1593 2024 1646 sub-

453 1685 630 1764 limius
675 1686 854 1748 fuerit,
884 1701 1039 1755 quam
1081 1685 1287 1739 unicam
1319 1684 1519 1738 habere
1566 1683 1970 1738 sollicitudinem
2005 1701 2019 1737 :

456 1780 716 1842 Quomodo
745 1787 966 1849 oporteat
982 1777 1178 1848 placere
1201 1777 1308 1829 Deo
1336 1777 1423 1848 (1.
1456 1775 1633 1829 Thess.
1656 1777 1710 1829 4.
1734 1777 1758 1829 1
1791 1777 1852 1846 )?
1876 1774 2021 1829 Vidi-

452 1871 540 1932 sti,
573 1870 877 1935 Thcodore,
909 1869 1175 1938 naufragia
1219 1883 1402 1921 eorum
1423 1867 1511 1935 qui
1543 1867 1594 1919 in
1641 1865 1742 1919 hoc
1769 1866 1900 1920 mari
1931 1881 2024 1919 na-

449 1944 727 2028 vigabant?
766 1959 1117 2026 Quamobrem
1163 1956 1282 2027 fuge
1313 1957 1330 1987 ¹
1383 1958 1636 2025 pelagus,
1687 1955 1873 2010 ﬂuctus
1925 1955 2022 2009 de-

449 2051 608 2112 clina.
627 2050 931 2117 editumque
948 2051 1121 2102 locum
1139 2061 1358 2115 occupa,
1390 2046 1475 2100 ubi
1499 2046 1739 2115 intercipi
1767 2041 2022 2115 nequeas;

447 2123 766 2195 resurrectio
811 2124 980 2194 futura
1015 2148 1116 2201 est,
1148 2139 1403 2207 judicium
1456 2137 1648 2203 aderit,
1699 2137 2024 2192 horrendum

448 2215 547 2297 nos
575 2224 695 2277 hinc
720 2215 966 2297 egressos
992 2222 1220 2275 tribunal
1269 2228 1569 2296 exspectat:
1605 2218 1788 2273 Omnes
1816 2219 2022 2274 adstare

447 2295 639 2382 oportet
666 2295 800 2366 ama
824 2295 1044 2366 tribunal
1071 2295 1807 2381 Christi(2.Cor.5.10).Non
1831 2311 2023 2364 frustra

446 2403 567 2476 cum
598 2403 754 2456 minis
783 2387 1123 2456 denuntiatur
1149 2401 1390 2471 gehenna
1419 2418 1432 2454 :
1462 2415 1566 2453 non
1597 2401 1863 2455 incassum
1907 2384 2026 2452 tan-

445 2481 499 2547 ta
525 2494 676 2547 nobis
697 2503 874 2562 parata
901 2503 1020 2547 sunt
1049 2494 1204 2546 bona.
1233 2491 1446 2556 Umbra,
1469 2492 1576 2545 imo
1603 2491 1788 2544 umbra
1815 2490 2020 2544 inanio-

446 2599 534 2637 res
572 2593 692 2637 sunt
720 2598 807 2636 res
832 2583 1050 2650 hujusce
1089 2583 1229 2642 vitre,
1258 2581 1533 2634 timoribus
1556 2580 1812 2648 plurimis,
1844 2580 2025 2634 multis

448 2675 722 2746 periculis,
776 2657 1116 2740 extremaque
1145 2658 1399 2725 servitute
1447 2670 1638 2738 plenae.
1671 2669 1768 2735 Ne,
1815 2683 2019 2739 quaeso,

447 2767 800 2836 etpraesentis
850 2774 904 2820 et
957 2765 1116 2817 futuri
1155 2763 1610 2832 saaculijacturam
1666 2761 1847 2824 facias,
1897 2775 2020 2816 cum

448 2843 607 2913 liceat
649 2866 929 2925 utrumque
977 2855 1212 2920 lucrari,
1242 2854 1288 2908 si
1333 2855 1484 2909 velis.
1527 2853 1676 2920 Quod
1717 2861 1890 2907 autem
1944 2851 2017 2919 ii,

449 2949 536 3016 qui
579 2949 631 3000 in
684 2929 1128 3010 Christo'vivunt,
1173 2945 1332 2998 etiam
1373 2943 1529 3013 hujus
1571 2943 1694 2996 vita:
1751 2943 1889 2997 bona
1937 2941 2022 2996 lu-

450 3022 865 3101 crentur,docet
893 3036 1086 3089 Paulus
1131 3035 1213 3088 his
1265 3034 1481 3088 verbis:
1511 3032 1620 3103 Ego
1669 3041 1833 3086 autem
1884 3032 2021 3086 vobis

449 3146 601 3198 parco
630 3137 724 3183 :et
755 3129 943 3182 iterum
975 3144 988 3180 :
1017 3127 1128 3180 Hoc
1174 3135 1340 3180 autem
1367 3126 1478 3203 dico
1505 3125 1572 3177 ad
1595 3134 1807 3178 vestram
1835 3124 2026 3177 utilita-

449 3222 567 3291 t'em(
579 3221 598 3273 ι
611 3258 624 3270 .
643 3218 758 3273 Cor.
775 3220 824 3272 7.
848 3219 936 3273 28.
957 3217 1045 3287 '55)
1057 3257 1070 3270 .
1084 3217 1268 3271 Viden‘
1284 3232 1401 3271 eum
1414 3216 1501 3284 qui
1516 3215 1708 3284 cogitat
1719 3229 1780 3268 ea
1797 3229 1915 3284 qua:
1931 3214 2027 3268 Do-

454 3310 581 3362 mini
607 3319 749 3371 sunt,
781 3296 1019 3363 etiamin
1063 3307 1164 3361 hoc
1212 3306 1410 3362 mundo
1439 3306 1763 3384 superiorem
1808 3304 1856 3359 ei
1880 3318 2021 3369 esse,

454 3386 540 3470 qui
559 3416 779 3454 uxorem
807 3400 998 3456 ducit?
1043 3400 1325 3469 Postquam
1352 3399 1477 3453 illuc
1496 3397 1813 3468 transgressi
1861 3396 2025 3451 fueri-

525 3537 542 3593 ξ
575 3531 715 3607 δίη-11.¹
741 3540 792 3583 et
815 3547 936 3583 unus
958 3534 1130 3583 codex.
1157 3534 1282 3597 fuge,
1305 3533 1432 3594 fune.

1905 380 2230 462 nostrost.

3594 384 3694 451 3l6

2126 512 2264 567 mus,
2292 499 2468 567 nullus
2495 499 2817 568 poenitentiae
2838 500 3008 555 locus.
3035 499 3216 570 Huius
3242 500 3442 559 athleta
3470 515 3501 555 e
3528 503 3692 575 stadio

2127 600 2388 654 egressus,
2420 599 2696 657 postquam
2731 590 2991 643 theatrum
3038 589 3267 643 solutum
3319 589 3435 651 fuit,
3487 600 3692 657 certare

2127 678 2353 744 amplius
2368 687 2560 746 potest.
2587 680 2710 733 llaec
2735 694 2945 748 semper
2968 681 3158 749 cogita,
3177 689 3232 735 et
3252 690 3463 734 acutum
3478 681 3694 752 maligni

2125 766 2354 834 gladium
2395 777 2628 832 contere,
2682 785 2787 838 quo
2811 770 2924 838 ipse
2951 771 3144 824 multos
3170 770 3436 823 interticit.
3467 770 3591 824 llmc
3619 782 3698 825 est

2125 858 2428 926 desperatio
2456 899 2472 923 ,
2524 874 2640 928 quae
2677 859 2896 929 dejectis
2938 875 3086 929 spem
3134 859 3410 928 praecidit:
3441 859 3542 914 hoc
3565 861 3697 915 vali~

2126 947 2250 1029 dum
2277 958 2357 1002 est
2382 949 2578 1002 inimici
2601 950 2782 1013 telum,
2811 959 2866 1004 et
2885 951 3048 1005 semel
3070 960 3254 1020 captos
3281 966 3384 1004 non
3404 952 3510 1005 alio
3540 967 3696 1020 quam

2126 1038 2229 1116 hoc
2258 1040 2467 1113 vinculo
2499 1043 2816 1095 constrictos
2830 1042 3069 1096 detinet:
3103 1042 3263 1112 quod,
3291 1043 3333 1096 si
3358 1043 3698 1110 voluerimus,

2127 1129 2233 1183 cito
2263 1144 2356 1198 per
2386 1131 2479 1184 Dei
2503 1132 2723 1200 gratiam
2754 1132 3088 1201 confringere
3129 1134 3441 1201 poterimus.
3467 1132 3589 1187 Scio
3615 1148 3700 1187 me

2123 1219 2547 1301 justosepistolaa
2600 1221 2792 1296 limites
2848 1207 3188 1288 excessisse:
3229 1223 3322 1277 sed
3346 1223 3580 1293 ignosce,
3597 1240 3700 1279 non

2129 1314 2268 1389 enim
2296 1311 2483 1366 lubens
2507 1311 2607 1389 hoc
2623 1313 2725 1382 egi,
2775 1313 2868 1368 sed
2899 1314 3095 1368 amoris
3123 1313 3428 1388 dolorisque
3480 1315 3530 1368 vi
3551 1330 3701 1369 com-

2130 1402 2312 1471 pulsus
2341 1419 2353 1454 :
2382 1401 2469 1457 hic
2497 1417 2582 1458 me
2599 1403 2816 1472 affectus
2869 1402 2936 1457 ad
2984 1402 3120 1457 hanc
3168 1405 3326 1456 etiam
3367 1402 3704 1458 scribendam

2127 1493 2404 1568 epistolam
2437 1493 2737 1563 necessario
2764 1493 2994 1559 induxit,
3021 1494 3319 1547 vetantibus
3353 1493 3477 1548 licet
3519 1494 3704 1568 multis

2127 1597 2190 1636 ac
2211 1581 2541 1647 dicentibus:
2572 1582 2756 1654 Finem
2780 1583 2860 1656 fac
2888 1598 3021 1656 vane
3041 1583 3338 1646 laborandi,
3370 1597 3432 1637 ac
3461 1583 3512 1636 in
3537 1586 3708 1656 petris

2128 1671 2361 1725 serendi.
2419 1672 2529 1740 Ego
2585 1682 2762 1725 autem
2816 1654 3013 1742 nemini
3063 1687 3251 1746 aurem
3299 1672 3498 1740 pmbui
3528 1654 3707 1742 {Spes

2129 1763 2270 1816 enim
2293 1771 2394 1828 est,
2418 1763 2657 1817 dicebam
2689 1762 2827 1832 apud
2863 1778 2970 1827 me,
3019 1763 3112 1816 Dei
3157 1777 3259 1833 ope
3290 1763 3467 1836 literas
3509 1763 3708 1833 aliquid

2128 1851 2432 1930 profpturas
2461 1867 2608 1917 esse;
2653 1852 2797 1921 quod
2824 1852 2869 1906 si
2896 1852 2982 1913 id.
3013 1852 3155 1921 quod
3202 1867 3268 1906 ne
3305 1852 3394 1905 fiat
3438 1851 3707 1921 depreca-

2127 1957 2268 2010 mur,
2292 1943 2564 2009 acciderit,
2585 1943 2636 1996 id
2665 1943 2851 1998 saltem
2879 1942 3222 2006 lucrabimur,
3253 1950 3312 1996 ut
3339 1957 3408 1997 ne
3435 1943 3711 1997 silentium

2127 2034 2282 2088 nobis
2311 2033 2438 2087 vitio
2483 2034 2617 2088 verti
2646 2035 2850 2102 possit:
2883 2047 3056 2102 neque
3083 2033 3377 2087 deteriores
3407 2033 3713 2101 naviganti:

2125 2126 2226 2181 bus
2256 2129 2476 2189 erimus,
2518 2125 2750 2194 quicum
2790 2139 2902 2179 suae
2953 2125 3115 2178 sortis
3154 2123 3401 2178 homines
3450 2122 3714 2190 viderint,

2124 2234 2256 2290 quas
2285 2228 2398 2288 sata
2411 2219 2460 2272 vi
2490 2229 2770 2294 ventorum
2800 2220 2938 2285 navi,
2968 2219 3158 2274 tabula:
3186 2219 3470 2284 haerentes,
3501 2219 3716 2274 demis-

2126 2311 2201 2365 sis
2215 2311 2370 2376 velis,
2395 2310 2538 2380 jacta
2590 2311 2843 2376 anchora,
2869 2320 2924 2365 et
2965 2326 3258 2366 conscensa
3288 2311 3504 2382 scapha,
3530 2311 3717 2375 homi-g

2126 2418 2222 2458 nes
2268 2404 2495 2472 ignotos,
2525 2417 2589 2458 ac
2632 2419 2698 2458 ex
2741 2403 2991 2475 praesenti
3046 2404 3217 2480 solum
3259 2403 3563 2480 calamitate
3617 2403 3718 2479 sibi

2126 2495 2367 2564 cognitos
2419 2509 2636 2550 servare
2671 2495 2930 2549 nituntur.
2961 2494 3112 2562 Quod
3165 2495 3210 2558 si
3265 2495 3342 2550 illi
3395 2496 3718 2571 noluerint,

2125 2598 2286 2638 nemo
2311 2583 2603 2653 culpaverit
2639 2597 2732 2638 eos
2751 2624 2766 2649 ,
2801 2582 2943 2654 quod
2967 2592 3250 2654 pereuntes
3288 2598 3502 2639 servare
3525 2585 3721 2639 conati

2127 2675 2256 2729 sint.
2321 2674 2447 2729 Haec
2496 2683 2694 2729 nostrae
2743 2674 3008 2730 facultatis
3057 2684 3227 2730 sunt:
3259 2691 3537 2746 speramus
3613 2692 3720 2731 au-

2125 2772 2232 2818 tem
2271 2773 2324 2819 te
2352 2779 2446 2833 per
2471 2765 2566 2818 Dei
2603 2767 2824 2834 gratiam
2854 2807 2871 2832 ,
2899 2780 3018 2834 quae
3056 2765 3110 2820 in
3165 2773 3253 2820 tua
3300 2775 3569 2835 potestate
3598 2778 3721 2821 sunt

2130 2854 2492 2924 praestiturum
2514 2870 2653 2922 esse,
2682 2855 2900 2926 fereque
2929 2866 2987 2911 ut
3032 2863 3085 2911 te
3113 2871 3324 2911 rursum
3353 2856 3636 2912 videamus
3660 2858 3717 2912 in

2131 2943 2292 3014 grege
2319 2945 2336 2976 ί
2364 2944 2563 2998 Christi
2595 2943 2875 3000 florentem
2919 2945 3290 3016 valentemque
3339 2961 3467 3001 vera
3501 2948 3722 3004 valetu-

2126 3031 2269 3103 dine,
2302 3041 2460 3103 teque
2485 3034 2640 3088 citius
2663 3034 2992 3090 orationibus
3023 3045 3327 3090 sanctorum
3352 3036 3704 3104 recipiamus,

2134 3138 2168 3178 ο
2209 3123 2458 3178 dilectum
2485 3132 2661 3194 caput.
2687 3123 2927 3194 Siquam
2982 3127 3152 3181 nostri
3189 3127 3448 3181 rationem
3493 3125 3724 3196 habeas,

2126 3230 2298 3289 neque
2317 3217 2528 3286 penitus
2555 3229 2652 3271 nos
2677 3231 2709 3271 e
2746 3216 3000 3272 memoria
3025 3226 3117 3272 tua
3155 3218 3401 3287 eieceris,
3431 3217 3590 3272 nobis
3633 3234 3716 3272 re-

2128 3308 2364 3362 scribere
2386 3308 2656 3378 digneris;
2687 3305 2791 3363 hoc
2819 3307 2962 3364 enim
2987 3308 3147 3364 modo
3173 3323 3362 3379 magna
3387 3324 3487 3365 nos
3529 3308 3722 3378 lmtitia

2134 3398 2358 3454 amcies.

2199 3533 2214 3566 ⁸
2250 3531 2388 3598 savil.
2413 3533 2462 3581 in
2486 3532 2704 3602 margine
2728 3538 2780 3583 et
2800 3514 2926 3582 unus
2949 3526 3193 3585 eodem‘n
3221 3543 3364 3597 grege
3381 3531 3610 3595 pretioso.

1911 4096 2224 4160 αοᾳ<<<<<θω
