4088 6138
629 435 738 504 317

2098 415 2439 474 MONITUM.

3789 415 3885 472 3|8

652 564 3848 622 Μ

1303 748 1426 838 ΙΝ
1502 743 1786 835 TRIA
1850 737 2541 849 SEQUENTIA
2612 733 3229 827 OPUSCULA

1909 952 2590 1072 MONITUM
3169 897 3172 900 ’

705 1196 810 1252 Res
834 1203 917 1252 est
937 1193 1240 1264 explorata,
1262 1189 1379 1246 haec
1406 1189 1533 1253 tria,
1550 1185 1616 1241 de
1631 1179 1956 1255 quibusjam
1983 1178 2213 1250 quaestio

626 1301 732 1353 est,
756 1287 1040 1359 opuscula,
1074 1285 1214 1340 inter
1237 1283 1445 1354 priores
1474 1277 1848 1350 Chrysostomi
1870 1273 2042 1331 nostri
2071 1270 2213 1325 l‘etus

627 1380 854 1436 locanda
879 1392 1019 1443 esse,
1045 1391 1220 1445 neque
1245 1375 1427 1428 minus
1451 1369 1808 1439 conspicuum
1835 1366 2047 1422 videtur
2068 1362 2214 1418 edita

626 1473 798 1527 fuisse
866 1470 1187 1540 priusquam
1223 1467 1315 1522 ille
1341 1466 1392 1518 in
1425 1462 1800 1534 presbyterum
1840 1462 2210 1524 cooptaretur.

626 1565 844 1618 Annum
874 1577 1003 1616 vero
1038 1569 1278 1615 statuere
1311 1558 1418 1627 iam
1453 1561 1690 1624 oportet.
1721 1550 1942 1605 Certum
1991 1546 2214 1618 quidem

626 1665 708 1711 est
731 1654 797 1708 ad
830 1654 883 1708 id
926 1651 1171 1707 muneris
1199 1646 1566 1720 praestandum
1615 1645 1683 1698 ab
1713 1643 1892 1696 alnico
1931 1639 2214 1694 inductum

627 1745 798 1800 fuisse
839 1741 1312 1814 Chrysostomum,
1356 1753 1478 1792 cum
1525 1734 1741 1806 publica
1793 1731 2215 1803 magistratuum

629 1836 953 1891 auctoritate
981 1832 1235 1888 monachi
1263 1838 1505 1885 extrema
1529 1837 1864 1897 paterentur,
1896 1838 1962 1878 ex
1993 1820 2216 1877 sedibus

629 1937 682 1982 et
707 1926 918 1980 cellulis
953 1926 1070 1979 suis
1114 1923 1377 1977 violenter
1405 1919 1646 1982 abducti,
1677 1917 1731 1971 in
1785 1914 1964 1968 forum
1993 1909 2214 1982 raptati,

629 2017 920 2082 verberati,
949 2018 1002 2071 in
1038 2029 1311 2070 carcerem
1340 2011 1495 2066 trusi.
1523 2009 1650 2065 llaec
1685 2023 1846 2078 porro
1875 2006 1997 2060 dira
2024 2018 2219 2058 mona-

629 2111 857 2165 chorum
890 2109 1106 2163 vexatio
1145 2115 1253 2161 tam
1286 2115 1492 2174 aperta,
1521 2101 1783 2173 principis
1810 2100 2026 2154 decreto
2052 2096 2217 2162 facta,

630 2201 847 2256 nonnisi
878 2200 943 2254 ad
975 2208 1184 2268 tempus
1221 2189 1461 2249 Valentis
1489 2191 1829 2261 imperatoris
1848 2187 2032 2243 reduci
2059 2200 2220 2257 posse

630 2290 863 2353 videtur,
895 2289 986 2356 qui
1013 2303 1136 2342 cum
1164 2287 1216 2338 in
1250 2284 1576 2337 Arianorum
1604 2281 1834 2334 Itaarcsin
1875 2277 2216 2341 descivisset,

630 2382 686 2436 in
715 2379 1028 2445 Catholicos
1078 2392 1269 2431 omnes
1313 2374 1683 2446 grassabatur.
1724 2370 1992 2425 Defuncto
2036 2378 2220 2424 autem

631 2471 1011 2524 Valentiniano
1051 2470 1238 2533 fratre,
1269 2468 1359 2536 pio
1389 2465 1770 2533 catholicoque
1798 2462 2063 2532 principe,
2094 2476 2221 2517 cum

632 2564 768 2618 nihil
799 2562 1026 2617 ulterius
1054 2561 1313 2616 infestum
1337 2558 1457 2628 ejus
1479 2558 1530 2610 in
1555 2563 1775 2611 sanctos
1805 2553 1950 2609 viros
1977 2552 2222 2606 animum

632 2655 956 2717 retardaret,
975 2668 1040 2707 eo
1068 2652 1335 2722 processit
1360 2649 1608 2704 amentiae
1631 2646 2002 2700 utmonachos
2033 2658 2224 2699 omnes

634 2745 857 2800 sedibus
887 2744 1013 2814 pelli
1047 2753 1101 2796 et
1134 2744 1188 2797 in
1223 2742 1470 2796 militiam
1506 2739 1779 2795 conscribi
1805 2738 2051 2808 jusserit.
2080 2737 2226 2792 Obiit

634 2835 1049 2892 Valentinianus
1083 2850 1228 2889 anno
1258 2833 1472 2887 Domini
1510 2832 1634 2898 574,
1673 2839 1835 2901 atque
1862 2830 1995 2885 adeo
2021 2830 2089 2883 ad
2124 2844 2226 2882 an-

633 2945 763 2984 num
810 2927 916 2982 575
955 2927 1039 2982 vel
1065 2927 1169 2981 576
1215 2925 1486 2996 quadrare
1521 2932 1754 2993 possunt
1804 2922 1861 2976 hi
1907 2930 2015 2977 tres
2048 2920 2227 2976 sancti

633 3021 872 3076 doctoris
898 3019 1044 3073 libri.

703 3110 856 3166 Hartc
880 3120 1063 3164 tamen
1093 3109 1464 3179 chronologim
1494 3109 1764 3163 rationem
1811 3106 2018 3175 aliquot
2068 3120 2231 3175 argu-

633 3205 834 3260 mentis
849 3204 1030 3272 impeti
1049 3218 1208 3272 posse
1225 3210 1377 3272 putat
1393 3201 1474 3255 vir
1485 3202 1554 3257 cl.
1581 3198 2228 3261 TillemontiusEtenim,

637 3296 815 3367 inquit
837 3296 948 3361 ille,
991 3303 1119 3349 tunc
1140 3294 1318 3349 editus
1348 3291 1450 3347 fuit
1478 3292 1616 3346 liber
1639 3291 1869 3360 primus,
1900 3304 2023 3344 cum
2053 3286 2233 3342 adhuc

636 3387 976 3442 daemonibus
1008 3386 1319 3440 sacriﬁcare
1357 3385 1544 3440 liceret
1579 3401 1591 3437 :
1629 3392 1684 3437 at
1715 3381 2008 3452 postremis
2036 3379 2235 3435 Valen-

638 3477 830 3530 tiniani
871 3485 924 3529 et
970 3473 1214 3528 Valentis
1267 3473 1427 3529 annis
1479 3471 1751 3527 sacriﬁcia
1803 3471 2119 3540 hujusmodi
2165 3469 2234 3525 ab

639 3567 833 3640 iisdem
861 3565 1281 3636 imperatoribus
1326 3565 1600 3635 prohibita
1635 3569 1783 3628 sunt,
1823 3563 1965 3617 unde
1988 3561 2237 3632 sequitur

638 3669 766 3713 ante
809 3673 1012 3711 annum
1040 3655 1166 3719 574,
1209 3672 1318 3725 quo
1351 3663 1604 3709 mortuus
1656 3663 1742 3708 est
1791 3651 2230 3717 Valentinianus,

639 3753 723 3807 vel
759 3751 825 3805 ad
857 3765 1130 3804 sumntum
1162 3764 1306 3802 anno
1334 3748 1452 3816 ipso
1473 3746 1598 3810 574,
1617 3746 1731 3800 haec
1751 3745 2036 3814 scripsisse
2062 3745 2230 3815 Chry-

641 3853 968 3899 sostomum.
998 3841 1115 3894 Alia
1161 3840 1288 3895 item
1325 3839 1616 3894 diﬁicultas
1657 3839 1903 3908 emergit,
1936 3838 2129 3908 inquit,
2161 3852 2229 3891 ex

641 3933 1018 4006 Cbrysostomi
1069 3932 1270 3996 verbis,
1319 3931 1412 4000 qui
1464 3930 1595 3985 dicit
1645 3930 1786 3984 hanc
1833 3930 2227 3984 monachorum

640 4029 984 4085 vexationem
1032 4026 1310 4080 inductam
1367 4037 1488 4077 csse
1517 4020 1617 4074 sub
1646 4021 1750 4090 piis
1787 4018 2230 4090 imperatoribus,

643 4120 905 4184 εὐσεϐῶν,
938 4133 1060 4187 quae
1087 4131 1218 4171 sane
1261 4114 1380 4168 laus
1407 4114 1473 4167 ad
1521 4112 1822 4178 Valentem,
1851 4113 2232 4182 imperatorem

643 4211 906 4265 Arianum
925 4204 1331 4272 Catholicisque
1349 4202 1644 4265 infensum,
1665 4202 1933 4270 quadrare
1953 4213 2059 4252 non
2076 4212 2239 4268 posse

645 4303 880 4356 videtur.
911 4298 1159 4361 Demum,
1193 4311 1314 4365 qua:
1355 4295 1510 4364 longe
1563 4293 1795 4364 gravior,
1833 4292 1925 4351 ait,
1957 4289 2238 4344 diﬁicultas

645 4392 881 4456 videtur,
923 4404 1048 4444 cum
1094 4387 1520 4458 Chrysostomus
1574 4385 1641 4439 de
1684 4381 1943 4438 curandis
1999 4381 2237 4434 ﬁliorum

647 4485 894 4541 moribus
939 4481 1169 4536 Paulum
1230 4479 1441 4535 inducit
1497 4487 1748 4547 parentes
1799 4481 2110 4529 monentem
2153 4473 2238 4529 bis

647 4578 828 4634 verbis
855 4594 869 4630 :
893 4574 1102 4638 Patres,
1135 4571 1354 4625 educate
1388 4569 1528 4638 ﬁlios
1563 4579 1758 4622 vestros
1795 4565 1849 4618 in
1877 4562 2160 4631 disciplina
2187 4571 2236 4616 et

650 4669 976 4739 correptione
1007 4663 1221 4718 Domini
1251 4663 1351 4732 (a),
1383 4662 1453 4715 ita
1489 4658 1874 4730 prosequitur:
1899 4654 1957 4709 Si
1980 4655 2118 4708 enim
2145 4670 2237 4708 nos

643 4763 891 4833 jubemur
937 4755 1157 4826 vigilare
1188 4770 1282 4822 pro
1321 4753 1598 4806 animabus
1646 4767 1825 4804 eorum
1868 4758 2119 4818 tanquam
2151 4765 2239 4800 ra-

652 4854 843 4905 tionem
887 4846 1169 4910 reddituri,
1195 4845 1360 4896 multo
1390 4844 1558 4912 magis
1587 4852 1756 4910 pater,
1797 4841 1886 4911 qui
1918 4838 2118 4908 genuit,
2147 4838 2238 4907 qui

651 4942 914 5006 educavit,
954 4940 1044 5008 qui
1089 4952 1206 4989 cum
1235 4935 1328 4987 illo
1365 4935 1508 4986 domi
1531 4949 1732 5002 semper
1762 4945 1974 4996 manet;
2015 4931 2060 4985 si
2092 4930 2238 4984 enim

655 5036 744 5089 hic
771 5034 1194 5102 Chrysostomus
1221 5043 1286 5080 ex
1318 5041 1376 5080 se
1398 5034 1449 5079 et
1478 5041 1546 5079 ex
1579 5040 1809 5093 persona
1838 5041 1936 5080 sua
1966 5025 2236 5094 loquatur,

653 5124 1030 5195 presbyterum
1076 5120 1265 5174 saltem
1315 5115 1482 5170 fuisse
1514 5116 1754 5185 oportuit
1789 5117 1880 5184 qui
1909 5115 2102 5170 rationi
2140 5129 2241 5184 pro

657 5215 946 5269 animabus
968 5210 1249 5267 reddenda:
1289 5207 1561 5264 obnoxius
1596 5215 1773 5269 esset;
1805 5206 1890 5261 sin
1913 5207 2128 5262 dicatur
2155 5207 2242 5261 hic

658 5309 1110 5376 Chrysostomum
1165 5301 1309 5371 loqui
1355 5299 1411 5354 in
1455 5313 1685 5368 persona
1724 5295 1900 5366 Pauli,
1932 5314 2128 5368 magna
2157 5299 2241 5352 vis

660 5398 819 5453 serici
860 5397 1124 5452 inferatur
1173 5409 1396 5449 necesse
1439 5401 1562 5449 est:
1593 5401 2011 5462 quantacunque
2059 5400 2240 5446 tamen

661 5490 734 5546 sit
778 5490 866 5543 illa
901 5489 1005 5556 vis,
1054 5487 1260 5542 mavult
1298 5484 1678 5540 Tillemontius
1732 5483 1878 5539 illam
1933 5485 2241 5553 admittere,

660 5597 827 5654 quam
880 5581 1332 5652 Chrysostomum
1365 5586 1493 5635 tunc
1539 5578 1915 5649 presbyterum
1947 5577 2116 5634 fuisse
2145 5593 2244 5648 pu-

663 5688 796 5732 tare.

734 5831 812 5905 (a)
852 5831 1053 5904 Ephcs.
1085 5846 1158 5899 vi,
1188 5829 1243 5886 4.

2387 1174 2518 1230 Mihi
2550 1189 2679 1230 vero
2722 1173 2838 1230 haec
2877 1183 3200 1244 argumenta
3234 1188 3460 1244 prorsus
3493 1174 3630 1229 levia
3675 1189 3793 1231 esse
3821 1178 3895 1232 vi-

2319 1266 2518 1322 dentur
2545 1285 2560 1321 :
2592 1281 2719 1320 nam
2766 1266 2910 1336 quod
2943 1267 3122 1337 primo
3151 1266 3394 1331 alfertur,
3426 1267 3625 1322 librum
3668 1268 3892 1338 primum

2321 1361 2586 1431 scriptum
2621 1359 2813 1426 fuisse,
2844 1375 2968 1415 cum
3013 1360 3192 1415 adhuc
3221 1360 3564 1416 daemonibus
3605 1361 3895 1416 sacriﬁcariI

2321 1453 2529 1518 liceret,
2566 1454 2672 1508 hoc
2704 1468 2814 1508 uno
2849 1453 2970 1508 loco
3007 1451 3222 1518 nititur,
3257 1467 3407 1506 num.
3434 1452 3490 1519 2,
3521 1452 3613 1506 ubi
3633 1452 3704 1507 de
3727 1468 3890 1508 mona-

2321 1546 2550 1602 chorum
2582 1545 3012 1614 exagitatoribus
3047 1544 3163 1599 haec
3194 1545 3446 1614 leguntur
3476 1561 3490 1596 :
3521 1543 3662 1610 Quid
3703 1561 3833 1612 vero,
3857 1547 3898 1598 si

2323 1635 2405 1690 his
2425 1651 2627 1705 quoque
2662 1634 2998 1688 mirabiliora
3021 1635 3295 1698 didiceris,
3331 1635 3468 1703 quod
3499 1633 3702 1688 scilicet
3730 1633 3898 1687 horum

2324 1738 2568 1781 auctores
2588 1729 2662 1796 pii
2688 1728 2853 1780 videri
2875 1725 3054 1794 uelint,
3078 1734 3127 1780 et
3150 1725 3480 1781 Christianos
3505 1742 3560 1779 se
3589 1737 3899 1796 nuncupant,

2323 1819 2544 1888 plurimi
2575 1829 2750 1873 autem
2774 1834 2839 1873 ea:
2868 1819 2976 1873 illis
3007 1819 3168 1873 etiam
3191 1819 3393 1873 initiati
3414 1819 3519 1872 sint
3546 1835 3564 1873 :
3594 1819 3708 1872 imo
3739 1835 3902 1873 eorum

2323 1911 2561 1983 quidam,
2582 1910 2796 1966 diabolo
2813 1912 3134 1966 vehementer
3148 1911 3375 1980 amante,
3393 1910 3719 1964 exsecranda
3737 1910 3903 1980 lingua

2326 2019 2426 2057 sua
2459 2003 2630 2058 dicere
2653 2019 2816 2058 ausus
2847 2004 2938 2068 sit,
2975 2001 3089 2074 [45]
3125 2019 3179 2056 se
3206 2019 3238 2055 a
3264 2003 3369 2070 ﬁde
3397 2019 3728 2056 recessurum
3746 2011 3792 2056 et
3804 2009 3905 2057 dte-

2326 2095 2565 2148 monibus
2587 2095 2988 2148 immolatarum
3008 2112 3027 2150 :
3058 2094 3314 2162 suffocari
3339 2095 3473 2146 enim
3505 2110 3561 2147 se
3586 2092 3810 2146 videndo
3825 2092 3906 2146 lto-

2327 2189 2492 2240 mines
2515 2186 2729 2252 liberos,
2759 2186 2986 2251 nobiles,
3011 2188 3277 2256 vitamque
3308 2185 3512 2240 deliciis
3535 2185 3751 2254 plenam
3770 2199 3908 2253 agere

2325 2279 2573 2345 ualentes,
2601 2280 2670 2332 ad
2699 2280 2837 2333 hanc
2875 2279 3068 2332 duram
3098 2281 3218 2332 vita:
3247 2280 3504 2333 rationem
3551 2278 3777 2334 adduci.
3801 2275 3909 2331 Non

2326 2370 2486 2426 video
2540 2379 2722 2426 autem
2770 2371 2904 2442 quid
2942 2386 3007 2426 ex
3061 2371 3378 2441 bujusmodi
3431 2371 3677 2426 hominis
3734 2369 3911 2425 furiosi

2321 2464 2468 2518 dicto
2501 2461 2694 2518 inferri
2731 2464 2924 2534 possit,
2971 2464 3087 2534 qui,
3130 2473 3192 2518 ut
3237 2479 3302 2517 ex
3341 2463 3479 2519 serie
3521 2463 3797 2530 arguitur,
3833 2463 3911 2516 in-

2324 2556 2677 2610 terminantis
2718 2556 2896 2610 solum
2940 2571 3094 2610 more
3141 2572 3204 2612 ea
3235 2571 3358 2625 quae
3403 2555 3628 2608 minime
3682 2554 3914 2610 facturus

2323 2656 2444 2701 erat
2472 2663 2530 2703 se
2563 2649 2833 2704 facturum
2867 2649 3116 2718 jactitat:
3147 2648 3248 2704 nisi
3285 2647 3516 2703 fortasse
3549 2663 3682 2702 cum
3732 2649 3912 2718 despec-

2324 2749 2473 2796 ratos
2500 2742 2768 2811 quosdam
2816 2741 3068 2796 homines
3108 2757 3167 2796 se
3211 2742 3550 2797 daemonibus
3595 2742 3913 2798 devoventes

2326 2833 2602 2898 audimus,
2635 2833 2766 2888 hinc
2800 2847 3095 2904 arguamus
3131 2834 3182 2887 id
3223 2849 3320 2904 per
3356 2835 3500 2904 leges
3529 2833 3784 2903 publicas
3808 2833 3914 2888 lici-

2328 2933 2442 2979 tum
2489 2939 2632 2980 esse.
2681 2924 2942 2994 Alioquin
2997 2933 3178 2979 autem
3229 2941 3352 2979 cum
3389 2925 3751 2994 imperatores
3780 2925 3912 2995 leget

2329 3017 2620 3088 quaspiam
2653 3016 2986 3078 emitterent,
3026 3031 3132 3070 non
3192 3019 3374 3072 statim
3409 3017 3613 3086 ubique
3643 3017 3701 3071 in
3749 3016 3914 3072 omni-

2328 3110 2540 3179 busque
2597 3109 2813 3178 imperii
2862 3110 3065 3166 ﬁnibus
3109 3125 3187 3164 ea:
3237 3109 3560 3164 obtinebant
3606 3125 3618 3160 :
3675 3124 3917 3180 sameque

2330 3217 2563 3257 necesse
2615 3209 2734 3256 erat
2783 3211 2841 3255 ut
2886 3217 3028 3256 nova
3077 3202 3194 3272 lege
3239 3203 3439 3272 prioris
3486 3202 3620 3272 legis
3681 3201 3916 3256 ﬁrmitati

2331 3294 2763 3364 prospicerctur,
2797 3304 2859 3349 ut
2896 3309 3041 3364 saepe
3088 3295 3272 3350 videas
3320 3295 3376 3349 in
3423 3294 3627 3350 Codice
3670 3294 3917 3350 Theodo-

2335 3388 2512 3444 siano.

2406 3476 2564 3532 Circa
2583 3477 2715 3532 illud
2749 3485 2929 3531 autem
2956 3476 3101 3547 quod
3133 3475 3334 3531 dicitur
3364 3477 3576 3534 Valenti
3597 3478 3916 3548 imperatori

2335 3569 2515 3639 palam
2540 3568 2746 3622 Ariano
2781 3583 2890 3622 non
2918 3576 3230 3636 competere
3275 3583 3460 3622 vocem
3488 3571 3749 3643 εὐσεϐής,
3781 3574 3917 3642 plus,

2337 3673 2501 3728 quam
2549 3666 2728 3711 tamen
2781 3657 3204 3725 imperatoribus
3251 3657 3398 3712 illius
3432 3662 3698 3729 temporis
3739 3661 3919 3716 tribuit

2337 3749 2759 3818 Chrysostomus
2790 3764 2803 3800 :
2840 3761 3036 3816 nempe
3077 3747 3220 3801 libro
3267 3749 3464 3817 primo,
3519 3765 3674 3804 num.
3725 3755 3785 3817 2,
3833 3752 3918 3807 ubi

2339 3839 2448 3892 ait:
2485 3836 2674 3891 Nostri
2712 3854 2833 3891 vero
2861 3837 3249 3910 (imperatores)
3290 3842 3565 3893 contraria
3598 3844 3842 3909 penitus,
3867 3853 3919 3897 ut

2343 3932 2468 3985 mihi
2493 3931 2600 4001 ipse
2628 3931 2938 3999 persuadeo,
2956 3939 3005 3982 et
3031 3931 3246 3994 cupiunt
3276 3939 3324 3983 et
3352 3939 3554 3998 optant.
3588 3931 3921 4006 Quapropter

2341 4041 2530 4095 magno
2563 4033 2776 4093 stupore
2814 4023 2998 4092 plenus
3025 4038 3143 4076 sum
3172 4023 3311 4093 quod
3335 4023 3748 4092 imperatoribus
3781 4030 3918 4095 piant

2343 4118 2647 4187 religionem
2679 4115 3023 4175 sectantibus,
3060 4116 3118 4168 ἐν
3161 4115 3416 4187 εὐσεϐείᾳ
3455 4114 3697 4183 ζώντων,
3739 4121 3847 4176 lict:
3869 4123 3919 4175 in

2340 4210 2530 4264 mediis
2556 4209 2772 4262 urbibus
2799 4210 3008 4277 impune
3031 4207 3152 4276 ﬁeri
3181 4208 3327 4261 dicas
3359 4226 3372 4261 :
3400 4217 3455 4262 et
3479 4208 3616 4264 libro
3647 4213 3914 4278 secundo,

2339 4317 2492 4355 num.
2519 4299 2552 4350 9
2583 4317 2597 4351 :
2627 4297 2769 4352 Neve
2797 4309 2947 4366 putes
2984 4298 3094 4351 Ita'c
3134 4296 3250 4351 ideo
3293 4299 3613 4368 contingere,
3655 4302 3796 4369 quod
3823 4305 3917 4354 im-

2336 4405 2603 4459 peratores
2650 4405 2795 4454 ptum
2845 4388 3146 4458 religionem
3192 4389 3391 4453 colant,
3447 4389 3715 4458 βασιλέων
3756 4393 3916 4446 ὄντων

2339 4483 2581 4536 εὐσεϐῶν
2615 4481 2864 4536 :etiamsi
2900 4483 3040 4534 enim
3087 4481 3367 4550 imperium
3403 4481 3636 4550 decidat,
3669 4495 3721 4538 et
3761 4485 3914 4553 impe-

2340 4582 2518 4627 rantes
2555 4572 2610 4625 in
2639 4571 3007 4640 inﬁdelitatem
3038 4569 3292 4623 labantur
3320 4585 3333 4620 :
3372 4576 3528 4624 notes
3564 4570 3729 4624 velim
3758 4573 3845 4626 hic
3864 4581 3912 4626 et

2342 4665 2472 4720 alibi
2504 4663 2972 4734 l'requenterapud
2992 4662 3474 4733 Chrysostomum,
3503 4663 3748 4718 εὐσεϐῶν
3771 4675 3824 4718 ει
3855 4667 3908 4716 ἐν

2340 4754 2590 4828 εὐσεϐείᾳ
2606 4756 2844 4820 ςώντων,
2860 4770 2958 4825 pro
2980 4753 3309 4810 Christianis
3326 4763 3533 4809 tantum
3552 4757 3725 4826 accipi
3744 4776 3755 4809 :
3774 4756 3908 4828 quod

2341 4847 2578 4900 maxime
2607 4846 2779 4916 liquet
2801 4845 2854 4899 in
2884 4845 2969 4900 his
2989 4844 3203 4900 duobus
3225 4845 3378 4911 locis;
3399 4845 3452 4898 in
3476 4846 3654 4914 primo
3682 4861 3911 4916 namque

2341 4937 2399 4991 ὲν
2426 4937 2676 5009 εὐσεϐείᾳ
2722 4936 2950 5004 ζῶντας,
2995 4937 3140 5007 piam
3187 4935 3484 5007 religionem
3518 4946 3777 4991 sectantes
3823 4954 3911 5005 op-

2341 5025 2494 5094 ponit
2522 5026 2742 5095 regibus
2770 5023 3084 5090 Persarum,
3117 5024 3209 5094 qui
3239 5025 3482 5080 inﬁdeles
3511 5035 3702 5090 eraut;
3740 5026 3792 5079 in
3828 5042 3907 5080 sc-

2343 5117 2523 5173 cundo
2557 5130 2739 5172 autem
2761 5117 2934 5170 ὅντων
2963 5117 3226 5180 εὐσεϐῶν,
3259 5118 3403 5184 piam
3427 5117 3731 5187 religionem
3754 5117 3911 5170 colen-

2344 5213 2504 5276 tibus,
2534 5210 2712 5281 palam
2744 5210 2971 5281 opponit
2999 5210 3340 5280 principibus
3371 5209 3706 5264 inﬁdelibus.
3745 5209 3908 5276 Impe-

2343 5316 2553 5362 ratores
2576 5302 2742 5374 igitur
2763 5303 2928 5359 simul
2956 5302 3262 5368 Valentem,
3283 5301 3604 5357 Gratianum
3632 5315 3687 5358 et
3723 5303 3909 5356 Valen-

2344 5398 2610 5453 tinianum
2661 5395 2987 5460 secundum,
3026 5395 3294 5458 εὐσεϐεῖς,
3341 5409 3437 5450 seu
3486 5393 3590 5464 pia:
3637 5393 3906 5462 religionis

2344 5490 2603 5552 cultores,
2632 5488 2747 5542 sive
2770 5485 3113 5542 Christianos
3134 5494 3310 5541 vocat.
3331 5485 3422 5540 Sic
3439 5486 3598 5540 etiam
3623 5483 3908 5553 Gregorius

2345 5579 2742 5646 Nazianzenus,
2780 5577 2932 5635 Orat.
2965 5589 3150 5632 contra
3187 5577 3486 5643 lulianum,
3534 5573 3908 5631 Constantium

2349 5672 2733 5742 imperatorem
2758 5669 2952 5741 εὐσεϐῆ
2973 5678 3150 5740 vocat,
3170 5669 3379 5726 scilicet
3397 5667 3792 5738 Christianum,
3810 5661 3911 5722 etsi
