  <div class='ocr_page' id='page_1' title='image "/cluster/home/n/w/nwhite01/storage/ocr_20150623/47/mdp.39015012902212/278.png"; bbox 0 0 4088 6138; ppageno 0'>
   <div class='ocr_carea' id='block_1_1' title="bbox 280 423 440 486">
    <p class='ocr_par' dir='ltr' id='par_1_1' title="bbox 280 423 440 486">
     <span class='ocr_line' id='line_1_1' title="bbox 280 423 440 486; baseline 0.019 -3"><span class='ocrx_word' id='word_1_1' title='bbox 280 423 387 483; x_wconf 68' lang='grc'><strong>517</strong></span> <span class='ocrx_word' id='word_1_2' title='bbox 426 472 440 486; x_wconf 92' lang='grc'>.</span> 
     </span>
    </p>
   </div>
   <div class='ocr_carea' id='block_1_2' title="bbox 281 534 1860 614">
    <p class='ocr_par' dir='ltr' id='par_1_2' title="bbox 281 534 1860 614">
     <span class='ocr_line' id='line_1_2' title="bbox 281 534 1860 614; baseline -0.001 -20"><span class='ocrx_word' id='word_1_3' title='bbox 281 538 458 614; x_wconf 80' lang='lat' dir='ltr'><strong>probe</strong></span> <span class='ocrx_word' id='word_1_4' title='bbox 485 536 648 594; x_wconf 78' lang='lat' dir='ltr'><strong>sciret</strong></span> <span class='ocrx_word' id='word_1_5' title='bbox 672 535 937 591; x_wconf 77' lang='lat' dir='ltr'><strong>Arianum</strong></span> <span class='ocrx_word' id='word_1_6' title='bbox 962 550 1178 606; x_wconf 80' lang='lat' dir='ltr'><strong>semper</strong></span> <span class='ocrx_word' id='word_1_7' title='bbox 1206 534 1396 593; x_wconf 86' lang='lat' dir='ltr'><strong>fuisse.</strong></span> <span class='ocrx_word' id='word_1_8' title='bbox 1427 536 1565 592; x_wconf 85' lang='lat' dir='ltr'><strong>Cum</strong></span> <span class='ocrx_word' id='word_1_9' title='bbox 1594 547 1775 595; x_wconf 89' lang='lat' dir='ltr'><strong>autem</strong></span> <span class='ocrx_word' id='word_1_10' title='bbox 1804 539 1860 594; x_wconf 93' lang='lat' dir='ltr'><strong>in</strong></span> 
     </span>
    </p>
   </div>
   <div class='ocr_carea' id='block_1_3' title="bbox 289 627 1868 705">
    <p class='ocr_par' dir='ltr' id='par_1_3' title="bbox 289 627 1868 705">
     <span class='ocr_line' id='line_1_3' title="bbox 289 627 1868 705; baseline -0.001 -18"><span class='ocrx_word' id='word_1_11' title='bbox 289 634 474 705; x_wconf 87' lang='lat' dir='ltr'><strong>primo</strong></span> <span class='ocrx_word' id='word_1_12' title='bbox 508 630 630 686; x_wconf 92' lang='lat' dir='ltr'><strong>loco</strong></span> <span class='ocrx_word' id='word_1_13' title='bbox 671 628 808 685; x_wconf 89' lang='lat' dir='ltr'><strong>dicit</strong></span> <span class='ocrx_word' id='word_1_14' title='bbox 842 627 1272 700; x_wconf 85' lang='lat' dir='ltr'><strong>Cbrysostomus</strong></span> <span class='ocrx_word' id='word_1_15' title='bbox 1325 629 1686 701; x_wconf 75' lang='lat' dir='ltr'><strong>imperatores</strong></span> <span class='ocrx_word' id='word_1_16' title='bbox 1732 647 1868 687; x_wconf 90' lang='lat' dir='ltr'><strong>con-</strong></span> 
     </span>
    </p>
   </div>
   <div class='ocr_carea' id='block_1_4' title="bbox 286 719 1872 793">
    <p class='ocr_par' dir='ltr' id='par_1_4' title="bbox 286 719 1872 793">
     <span class='ocr_line' id='line_1_4' title="bbox 286 719 1872 793; baseline -0.003 -13"><span class='ocrx_word' id='word_1_17' title='bbox 286 722 461 781; x_wconf 87' lang='lat' dir='ltr'><strong>traria</strong></span> <span class='ocrx_word' id='word_1_18' title='bbox 480 722 554 777; x_wconf 91' lang='lat' dir='ltr'><strong>iis</strong></span> <span class='ocrx_word' id='word_1_19' title='bbox 579 736 702 791; x_wconf 73' lang='lat' dir='ltr'><strong>quae</strong></span> <span class='ocrx_word' id='word_1_20' title='bbox 727 719 1056 790; x_wconf 70' lang='lat' dir='ltr'><strong>gerebantur</strong></span> <span class='ocrx_word' id='word_1_21' title='bbox 1084 730 1291 791; x_wconf 87' lang='lat' dir='ltr'><strong>optare,</strong></span> <span class='ocrx_word' id='word_1_22' title='bbox 1311 721 1520 790; x_wconf 92' lang='lat' dir='ltr'><strong>adjicit,</strong></span> <span class='ocrx_word' id='word_1_23' title='bbox 1539 722 1614 785; x_wconf 87' lang='grc' dir='ltr'><strong>ὼς</strong></span> <span class='ocrx_word' id='word_1_24' title='bbox 1634 722 1872 793; x_wconf 73' lang='grc' dir='ltr'><strong>ἐμαυτὸν</strong></span> 
     </span>
    </p>
   </div>
   <div class='ocr_carea' id='block_1_5' title="bbox 290 810 1874 880">
    <p class='ocr_par' dir='ltr' id='par_1_5' title="bbox 290 810 1874 880">
     <span class='ocr_line' id='line_1_5' title="bbox 290 810 1874 880; baseline 0.001 -14"><span class='ocrx_word' id='word_1_25' title='bbox 290 812 487 875; x_wconf 79' lang='grc' dir='ltr'><strong>πείθω,</strong></span> <span class='ocrx_word' id='word_1_26' title='bbox 512 818 567 865; x_wconf 82' lang='lat' dir='ltr'><strong>ut</strong></span> <span class='ocrx_word' id='word_1_27' title='bbox 607 810 735 864; x_wconf 80' lang='lat' dir='ltr'><strong>mihi</strong></span> <span class='ocrx_word' id='word_1_28' title='bbox 754 810 863 879; x_wconf 85' lang='lat' dir='ltr'><strong>ipse</strong></span> <span class='ocrx_word' id='word_1_29' title='bbox 887 810 1199 879; x_wconf 72' lang='lat' dir='ltr'><strong>persuadeo,</strong></span> <span class='ocrx_word' id='word_1_30' title='bbox 1234 826 1340 880; x_wconf 89' lang='lat' dir='ltr'><strong>qua</strong></span> <span class='ocrx_word' id='word_1_31' title='bbox 1367 820 1513 866; x_wconf 86' lang='lat' dir='ltr'><strong>certe</strong></span> <span class='ocrx_word' id='word_1_32' title='bbox 1537 812 1793 867; x_wconf 83' lang='lat' dir='ltr'><strong>cautione</strong></span> <span class='ocrx_word' id='word_1_33' title='bbox 1814 827 1874 867; x_wconf 91' lang='lat' dir='ltr'><strong>se</strong></span> 
     </span>
    </p>
   </div>
   <div class='ocr_carea' id='block_1_6' title="bbox 292 897 1873 971">
    <p class='ocr_par' dir='ltr' id='par_1_6' title="bbox 292 897 1873 971">
     <span class='ocr_line' id='line_1_6' title="bbox 292 897 1873 971; baseline -0.003 -13"><span class='ocrx_word' id='word_1_34' title='bbox 292 903 582 958; x_wconf 80' lang='lat' dir='ltr'><strong>adversum</strong></span> <span class='ocrx_word' id='word_1_35' title='bbox 618 900 885 971; x_wconf 86' lang='lat' dir='ltr'><strong>suspicari</strong></span> <span class='ocrx_word' id='word_1_36' title='bbox 918 899 1261 955; x_wconf 83' lang='lat' dir='ltr'><strong>testificatur.</strong></span> <span class='ocrx_word' id='word_1_37' title='bbox 1290 897 1502 971; x_wconf 83' lang='lat' dir='ltr'><strong>Itaque,</strong></span> <span class='ocrx_word' id='word_1_38' title='bbox 1538 916 1663 955; x_wconf 90' lang='lat' dir='ltr'><strong>cum</strong></span> <span class='ocrx_word' id='word_1_39' title='bbox 1688 901 1793 956; x_wconf 87' lang='lat' dir='ltr'><strong>hoc</strong></span> <span class='ocrx_word' id='word_1_40' title='bbox 1818 900 1873 955; x_wconf 91' lang='lat' dir='ltr'><strong>in</strong></span> 
     </span>
    </p>
   </div>
   <div class='ocr_carea' id='block_1_7' title="bbox 297 986 1878 1059">
    <p class='ocr_par' dir='ltr' id='par_1_7' title="bbox 297 986 1878 1059">
     <span class='ocr_line' id='line_1_7' title="bbox 297 986 1878 1059; baseline 0.003 -17"><span class='ocrx_word' id='word_1_41' title='bbox 297 988 522 1058; x_wconf 78' lang='lat' dir='ltr'><strong>negotio</strong></span> <span class='ocrx_word' id='word_1_42' title='bbox 550 987 620 1042; x_wconf 92' lang='lat' dir='ltr'><strong>de</strong></span> <span class='ocrx_word' id='word_1_43' title='bbox 643 986 849 1042; x_wconf 77' lang='lat' dir='ltr'><strong>Ariana</strong></span> <span class='ocrx_word' id='word_1_44' title='bbox 880 987 1073 1043; x_wconf 73' lang='lat' dir='ltr'><strong>haeresi</strong></span> <span class='ocrx_word' id='word_1_45' title='bbox 1105 1002 1214 1043; x_wconf 91' lang='lat' dir='ltr'><strong>non</strong></span> <span class='ocrx_word' id='word_1_46' title='bbox 1250 997 1525 1059; x_wconf 68' lang='lat' dir='ltr'><strong>ageretur,</strong></span> <span class='ocrx_word' id='word_1_47' title='bbox 1550 997 1716 1058; x_wconf 87' lang='lat' dir='ltr'><strong>atque</strong></span> <span class='ocrx_word' id='word_1_48' title='bbox 1763 998 1878 1047; x_wconf 83' lang='lat' dir='ltr'><strong>tres</strong></span> 
     </span>
    </p>
   </div>
   <div class='ocr_carea' id='block_1_8' title="bbox 292 1077 1878 1149">
    <p class='ocr_par' dir='ltr' id='par_1_8' title="bbox 292 1077 1878 1149">
     <span class='ocr_line' id='line_1_8' title="bbox 292 1077 1878 1149; baseline 0.001 -16"><span class='ocrx_word' id='word_1_49' title='bbox 292 1080 673 1149; x_wconf 81' lang='lat' dir='ltr'><strong>imperatores,</strong></span> <span class='ocrx_word' id='word_1_50' title='bbox 694 1078 911 1135; x_wconf 77' lang='lat' dir='ltr'><strong>tametsi</strong></span> <span class='ocrx_word' id='word_1_51' title='bbox 931 1077 1133 1134; x_wconf 84' lang='lat' dir='ltr'><strong>Valens</strong></span> <span class='ocrx_word' id='word_1_52' title='bbox 1160 1079 1399 1134; x_wconf 79' lang='lat' dir='ltr'><strong>Arianus</strong></span> <span class='ocrx_word' id='word_1_53' title='bbox 1424 1089 1562 1146; x_wconf 86' lang='lat' dir='ltr'><strong>erat,</strong></span> <span class='ocrx_word' id='word_1_54' title='bbox 1582 1079 1878 1145; x_wconf 65' lang='lat' dir='ltr'><strong>Christiani</strong></span> 
     </span>
    </p>
   </div>
   <div class='ocr_carea' id='block_1_9' title="bbox 290 1168 1883 1241">
    <p class='ocr_par' dir='ltr' id='par_1_9' title="bbox 290 1168 1883 1241">
     <span class='ocr_line' id='line_1_9' title="bbox 290 1168 1883 1241; baseline 0 -17"><span class='ocrx_word' id='word_1_55' title='bbox 290 1179 474 1224; x_wconf 91' lang='lat' dir='ltr'><strong>tamen</strong></span> <span class='ocrx_word' id='word_1_56' title='bbox 507 1176 715 1232; x_wconf 86' lang='lat' dir='ltr'><strong>essent,</strong></span> <span class='ocrx_word' id='word_1_57' title='bbox 744 1177 967 1238; x_wconf 86' lang='lat' dir='ltr'><strong>stupere</strong></span> <span class='ocrx_word' id='word_1_58' title='bbox 1010 1184 1071 1224; x_wconf 90' lang='lat' dir='ltr'><strong>se</strong></span> <span class='ocrx_word' id='word_1_59' title='bbox 1103 1168 1180 1223; x_wconf 88' lang='lat' dir='ltr'><strong>ait</strong></span> <span class='ocrx_word' id='word_1_60' title='bbox 1226 1168 1679 1241; x_wconf 80' lang='lat' dir='ltr'><strong>Chrysostomus,</strong></span> <span class='ocrx_word' id='word_1_61' title='bbox 1708 1171 1883 1240; x_wconf 88' lang='lat' dir='ltr'><strong>impe-</strong></span> 
     </span>
    </p>
   </div>
   <div class='ocr_carea' id='block_1_10' title="bbox 297 1257 1883 1328">
    <p class='ocr_par' dir='ltr' id='par_1_10' title="bbox 297 1257 1883 1328">
     <span class='ocr_line' id='line_1_10' title="bbox 297 1257 1883 1328; baseline 0 -15"><span class='ocrx_word' id='word_1_62' title='bbox 297 1259 577 1314; x_wconf 90' lang='lat' dir='ltr'><strong>ratoribus</strong></span> <span class='ocrx_word' id='word_1_63' title='bbox 611 1257 943 1314; x_wconf 84' lang='lat' dir='ltr'><strong>Christianis</strong></span> <span class='ocrx_word' id='word_1_64' title='bbox 970 1258 1288 1328; x_wconf 91' lang='lat' dir='ltr'><strong>hujusmodi</strong></span> <span class='ocrx_word' id='word_1_65' title='bbox 1326 1259 1571 1316; x_wconf 79' lang='lat' dir='ltr'><strong>facinora</strong></span> <span class='ocrx_word' id='word_1_66' title='bbox 1603 1262 1659 1315; x_wconf 94' lang='lat' dir='ltr'><strong>in</strong></span> <span class='ocrx_word' id='word_1_67' title='bbox 1691 1275 1883 1316; x_wconf 86' lang='lat' dir='ltr'><strong>mona-</strong></span> 
     </span>
    </p>
   </div>
   <div class='ocr_carea' id='block_1_11' title="bbox 296 1350 1884 1422">
    <p class='ocr_par' dir='ltr' id='par_1_11' title="bbox 296 1350 1884 1422">
     <span class='ocr_line' id='line_1_11' title="bbox 296 1350 1884 1422; baseline -0.001 -16"><span class='ocrx_word' id='word_1_68' title='bbox 296 1352 433 1407; x_wconf 83' lang='lat' dir='ltr'><strong>chos</strong></span> <span class='ocrx_word' id='word_1_69' title='bbox 481 1351 720 1407; x_wconf 82' lang='lat' dir='ltr'><strong>admitti.</strong></span> <span class='ocrx_word' id='word_1_70' title='bbox 752 1350 888 1405; x_wconf 88' lang='lat' dir='ltr'><strong>Nam</strong></span> <span class='ocrx_word' id='word_1_71' title='bbox 923 1351 1300 1419; x_wconf 85' lang='lat' dir='ltr'><strong>Constantius,</strong></span> <span class='ocrx_word' id='word_1_72' title='bbox 1336 1354 1599 1422; x_wconf 83' lang='lat' dir='ltr'><strong>Arianus,</strong></span> <span class='ocrx_word' id='word_1_73' title='bbox 1631 1352 1771 1408; x_wconf 85' lang='lat' dir='ltr'><strong>nihil</strong></span> <span class='ocrx_word' id='word_1_74' title='bbox 1803 1351 1884 1408; x_wconf 92' lang='lat' dir='ltr'><strong>si-</strong></span> 
     </span>
    </p>
   </div>
   <div class='ocr_carea' id='block_1_12' title="bbox 296 1440 969 1513">
    <p class='ocr_par' dir='ltr' id='par_1_12' title="bbox 296 1440 969 1513">
     <span class='ocr_line' id='line_1_12' title="bbox 296 1440 969 1513; baseline 0 -17"><span class='ocrx_word' id='word_1_75' title='bbox 296 1442 427 1496; x_wconf 86' lang='lat' dir='ltr'><strong>mile</strong></span> <span class='ocrx_word' id='word_1_76' title='bbox 449 1456 740 1513; x_wconf 75' lang='lat' dir='ltr'><strong>aggressus</strong></span> <span class='ocrx_word' id='word_1_77' title='bbox 768 1440 969 1497; x_wconf 80' lang='lat' dir='ltr'><strong>fuerat.</strong></span> 
     </span>
    </p>
   </div>
   <div class='ocr_carea' id='block_1_13' title="bbox 374 1532 1887 1605">
    <p class='ocr_par' dir='ltr' id='par_1_13' title="bbox 374 1532 1887 1605">
     <span class='ocr_line' id='line_1_13' title="bbox 374 1532 1887 1605; baseline -0.001 -18"><span class='ocrx_word' id='word_1_78' title='bbox 374 1535 532 1588; x_wconf 86' lang='lat' dir='ltr'><strong>Aliud</strong></span> <span class='ocrx_word' id='word_1_79' title='bbox 560 1535 797 1604; x_wconf 87' lang='lat' dir='ltr'><strong>denique</strong></span> <span class='ocrx_word' id='word_1_80' title='bbox 834 1542 1240 1605; x_wconf 76' lang='lat' dir='ltr'><strong>argumentum,</strong></span> <span class='ocrx_word' id='word_1_81' title='bbox 1279 1533 1424 1604; x_wconf 91' lang='lat' dir='ltr'><strong>quod</strong></span> <span class='ocrx_word' id='word_1_82' title='bbox 1451 1532 1557 1589; x_wconf 86' lang='lat' dir='ltr'><strong>sibi</strong></span> <span class='ocrx_word' id='word_1_83' title='bbox 1588 1532 1887 1588; x_wconf 84' lang='lat' dir='ltr'><strong>Tillemon-</strong></span> 
     </span>
    </p>
   </div>
   <div class='ocr_carea' id='block_1_14' title="bbox 299 1625 1887 1697">
    <p class='ocr_par' dir='ltr' id='par_1_14' title="bbox 299 1625 1887 1697">
     <span class='ocr_line' id='line_1_14' title="bbox 299 1625 1887 1697; baseline -0.003 -15"><span class='ocrx_word' id='word_1_84' title='bbox 299 1629 413 1682; x_wconf 89' lang='lat' dir='ltr'><strong>tius</strong></span> <span class='ocrx_word' id='word_1_85' title='bbox 433 1626 644 1696; x_wconf 87' lang='lat' dir='ltr'><strong>objicit,</strong></span> <span class='ocrx_word' id='word_1_86' title='bbox 668 1626 923 1697; x_wconf 84' lang='lat' dir='ltr'><strong>quodque</strong></span> <span class='ocrx_word' id='word_1_87' title='bbox 943 1634 1097 1696; x_wconf 93' lang='lat' dir='ltr'><strong>putat</strong></span> <span class='ocrx_word' id='word_1_88' title='bbox 1130 1625 1528 1681; x_wconf 87' lang='lat' dir='ltr'><strong>validissimum</strong></span> <span class='ocrx_word' id='word_1_89' title='bbox 1553 1639 1698 1690; x_wconf 90' lang='lat' dir='ltr'><strong>esse,</strong></span> <span class='ocrx_word' id='word_1_90' title='bbox 1728 1639 1887 1694; x_wconf 88' lang='lat' dir='ltr'><strong>pror-</strong></span> 
     </span>
    </p>
   </div>
   <div class='ocr_carea' id='block_1_15' title="bbox 301 1714 1890 1787">
    <p class='ocr_par' dir='ltr' id='par_1_15' title="bbox 301 1714 1890 1787">
     <span class='ocr_line' id='line_1_15' title="bbox 301 1714 1890 1787; baseline -0.003 -14"><span class='ocrx_word' id='word_1_91' title='bbox 301 1734 399 1774; x_wconf 85' lang='lat' dir='ltr'><strong>sus</strong></span> <span class='ocrx_word' id='word_1_92' title='bbox 436 1719 646 1773; x_wconf 89' lang='lat' dir='ltr'><strong>nullum</strong></span> <span class='ocrx_word' id='word_1_93' title='bbox 679 1716 915 1772; x_wconf 89' lang='lat' dir='ltr'><strong>videtur.</strong></span> <span class='ocrx_word' id='word_1_94' title='bbox 946 1714 1084 1771; x_wconf 78' lang='lat' dir='ltr'><strong>Nam</strong></span> <span class='ocrx_word' id='word_1_95' title='bbox 1114 1731 1237 1771; x_wconf 90' lang='lat' dir='ltr'><strong>cum</strong></span> <span class='ocrx_word' id='word_1_96' title='bbox 1269 1715 1718 1787; x_wconf 88' lang='lat' dir='ltr'><strong>Cbrysostomus,</strong></span> <span class='ocrx_word' id='word_1_97' title='bbox 1745 1724 1890 1786; x_wconf 89' lang='lat' dir='ltr'><strong>post-</strong></span> 
     </span>
    </p>
   </div>
   <div class='ocr_carea' id='block_1_16' title="bbox 301 1806 1892 1883">
    <p class='ocr_par' dir='ltr' id='par_1_16' title="bbox 301 1806 1892 1883">
     <span class='ocr_line' id='line_1_16' title="bbox 301 1806 1892 1883; baseline -0.003 -18"><span class='ocrx_word' id='word_1_98' title='bbox 301 1826 466 1883; x_wconf 86' lang='lat' dir='ltr'><strong>quam</strong></span> <span class='ocrx_word' id='word_1_99' title='bbox 498 1808 727 1863; x_wconf 86' lang='lat' dir='ltr'><strong>Paulum</strong></span> <span class='ocrx_word' id='word_1_100' title='bbox 752 1809 831 1863; x_wconf 90' lang='lat' dir='ltr'><strong>sic</strong></span> <span class='ocrx_word' id='word_1_101' title='bbox 847 1807 1159 1877; x_wconf 90' lang='lat' dir='ltr'><strong>loquentem</strong></span> <span class='ocrx_word' id='word_1_102' title='bbox 1182 1807 1494 1874; x_wconf 87' lang='lat' dir='ltr'><strong>induxerat,</strong></span> <span class='ocrx_word' id='word_1_103' title='bbox 1514 1806 1731 1871; x_wconf 85' lang='lat' dir='ltr'><strong>Patres,</strong></span> <span class='ocrx_word' id='word_1_104' title='bbox 1761 1806 1892 1860; x_wconf 87' lang='lat' dir='ltr'><strong>edu-</strong></span> 
     </span>
    </p>
   </div>
   <div class='ocr_carea' id='block_1_17' title="bbox 302 1896 1913 1971">
    <p class='ocr_par' dir='ltr' id='par_1_17' title="bbox 302 1896 1913 1971">
     <span class='ocr_line' id='line_1_17' title="bbox 302 1896 1913 1971; baseline -0.002 -16"><span class='ocrx_word' id='word_1_105' title='bbox 302 1913 419 1956; x_wconf 77' lang='lat' dir='ltr'><strong>cate</strong></span> <span class='ocrx_word' id='word_1_106' title='bbox 446 1902 587 1971; x_wconf 78' lang='lat' dir='ltr'><strong>filios</strong></span> <span class='ocrx_word' id='word_1_107' title='bbox 615 1908 814 1955; x_wconf 82' lang='lat' dir='ltr'><strong>vestros</strong></span> <span class='ocrx_word' id='word_1_108' title='bbox 838 1901 891 1954; x_wconf 89' lang='lat' dir='ltr'><strong>in</strong></span> <span class='ocrx_word' id='word_1_109' title='bbox 912 1901 1197 1969; x_wconf 77' lang='lat' dir='ltr'><strong>disciplina</strong></span> <span class='ocrx_word' id='word_1_110' title='bbox 1226 1909 1276 1955; x_wconf 87' lang='lat' dir='ltr'><strong>et</strong></span> <span class='ocrx_word' id='word_1_111' title='bbox 1301 1901 1632 1970; x_wconf 88' lang='lat' dir='ltr'><strong>correptione</strong></span> <span class='ocrx_word' id='word_1_112' title='bbox 1653 1896 1913 1965; x_wconf 57' lang='lat' dir='ltr'><strong>Domini’,‘~</strong></span> 
     </span>
    </p>
   </div>
   <div class='ocr_carea' id='block_1_18' title="bbox 300 1991 1892 2065">
    <p class='ocr_par' dir='ltr' id='par_1_18' title="bbox 300 1991 1892 2065">
     <span class='ocr_line' id='line_1_18' title="bbox 300 1991 1892 2065; baseline -0.004 -15"><span class='ocrx_word' id='word_1_113' title='bbox 300 1995 374 2050; x_wconf 85' lang='lat' dir='ltr'><strong>ita</strong></span> <span class='ocrx_word' id='word_1_114' title='bbox 403 1993 793 2065; x_wconf 87' lang='lat' dir='ltr'><strong>prosequitur:</strong></span> <span class='ocrx_word' id='word_1_115' title='bbox 820 1991 879 2048; x_wconf 91' lang='lat' dir='ltr'><strong>Si</strong></span> <span class='ocrx_word' id='word_1_116' title='bbox 924 1992 1065 2047; x_wconf 88' lang='lat' dir='ltr'><strong>enim</strong></span> <span class='ocrx_word' id='word_1_117' title='bbox 1101 2008 1194 2046; x_wconf 88' lang='lat' dir='ltr'><strong>nos</strong></span> <span class='ocrx_word' id='word_1_118' title='bbox 1235 1992 1489 2061; x_wconf 88' lang='lat' dir='ltr'><strong>jubemur</strong></span> <span class='ocrx_word' id='word_1_119' title='bbox 1526 1992 1749 2063; x_wconf 83' lang='lat' dir='ltr'><strong>vigilare</strong></span> <span class='ocrx_word' id='word_1_120' title='bbox 1797 2007 1892 2061; x_wconf 86' lang='lat' dir='ltr'><strong>pro</strong></span> 
     </span>
    </p>
   </div>
   <div class='ocr_carea' id='block_1_19' title="bbox 302 2082 1887 2155">
    <p class='ocr_par' dir='ltr' id='par_1_19' title="bbox 302 2082 1887 2155">
     <span class='ocr_line' id='line_1_19' title="bbox 302 2082 1887 2155; baseline -0.003 -13"><span class='ocrx_word' id='word_1_121' title='bbox 302 2087 582 2142; x_wconf 74' lang='lat' dir='ltr'><strong>animabus</strong></span> <span class='ocrx_word' id='word_1_122' title='bbox 604 2102 784 2141; x_wconf 88' lang='lat' dir='ltr'><strong>eorum</strong></span> <span class='ocrx_word' id='word_1_123' title='bbox 814 2094 1068 2155; x_wconf 88' lang='lat' dir='ltr'><strong>tanquam</strong></span> <span class='ocrx_word' id='word_1_124' title='bbox 1108 2086 1366 2138; x_wconf 84' lang='lat' dir='ltr'><strong>rationem</strong></span> <span class='ocrx_word' id='word_1_125' title='bbox 1400 2083 1681 2149; x_wconf 82' lang='lat' dir='ltr'><strong>reddituri,</strong></span> <span class='ocrx_word' id='word_1_126' title='bbox 1718 2082 1887 2137; x_wconf 87' lang='lat' dir='ltr'><strong>multo</strong></span> 
     </span>
    </p>
   </div>
   <div class='ocr_carea' id='block_1_20' title="bbox 304 2173 1893 2249">
    <p class='ocr_par' dir='ltr' id='par_1_20' title="bbox 304 2173 1893 2249">
     <span class='ocr_line' id='line_1_20' title="bbox 304 2173 1893 2249; baseline -0.004 -16"><span class='ocrx_word' id='word_1_127' title='bbox 304 2180 474 2249; x_wconf 80' lang='lat' dir='ltr'><strong>magis</strong></span> <span class='ocrx_word' id='word_1_128' title='bbox 508 2186 681 2247; x_wconf 88' lang='lat' dir='ltr'><strong>pater,</strong></span> <span class='ocrx_word' id='word_1_129' title='bbox 709 2177 801 2248; x_wconf 85' lang='lat' dir='ltr'><strong>qni</strong></span> <span class='ocrx_word' id='word_1_130' title='bbox 826 2177 1025 2247; x_wconf 79' lang='lat' dir='ltr'><strong>genuit,</strong></span> <span class='ocrx_word' id='word_1_131' title='bbox 1074 2175 1164 2247; x_wconf 87' lang='lat' dir='ltr'><strong>qui</strong></span> <span class='ocrx_word' id='word_1_132' title='bbox 1195 2175 1457 2240; x_wconf 84' lang='lat' dir='ltr'><strong>educavit,</strong></span> <span class='ocrx_word' id='word_1_133' title='bbox 1495 2177 1591 2245; x_wconf 89' lang='lat' dir='ltr'><strong>qui</strong></span> <span class='ocrx_word' id='word_1_134' title='bbox 1633 2190 1753 2228; x_wconf 88' lang='lat' dir='ltr'><strong>cum</strong></span> <span class='ocrx_word' id='word_1_135' title='bbox 1798 2173 1893 2227; x_wconf 83' lang='lat' dir='ltr'><strong>illo</strong></span> 
     </span>
    </p>
   </div>
   <div class='ocr_carea' id='block_1_21' title="bbox 303 2267 1893 2336">
    <p class='ocr_par' dir='ltr' id='par_1_21' title="bbox 303 2267 1893 2336">
     <span class='ocr_line' id='line_1_21' title="bbox 303 2267 1893 2336; baseline -0.003 -11"><span class='ocrx_word' id='word_1_136' title='bbox 303 2272 451 2325; x_wconf 90' lang='lat' dir='ltr'><strong>domi</strong></span> <span class='ocrx_word' id='word_1_137' title='bbox 476 2287 677 2336; x_wconf 79' lang='lat' dir='ltr'><strong>semper</strong></span> <span class='ocrx_word' id='word_1_138' title='bbox 694 2278 887 2324; x_wconf 85' lang='lat' dir='ltr'><strong>manet.</strong></span> <span class='ocrx_word' id='word_1_139' title='bbox 910 2268 1063 2323; x_wconf 87' lang='lat' dir='ltr'><strong>Pauli</strong></span> <span class='ocrx_word' id='word_1_140' title='bbox 1084 2267 1223 2324; x_wconf 88' lang='lat' dir='ltr'><strong>haud</strong></span> <span class='ocrx_word' id='word_1_141' title='bbox 1253 2268 1441 2331; x_wconf 87' lang='lat' dir='ltr'><strong>dubie,</strong></span> <span class='ocrx_word' id='word_1_142' title='bbox 1466 2284 1678 2323; x_wconf 89' lang='lat' dir='ltr'><strong>necnon</strong></span> <span class='ocrx_word' id='word_1_143' title='bbox 1703 2282 1893 2322; x_wconf 87' lang='lat' dir='ltr'><strong>eorum</strong></span> 
     </span>
    </p>
   </div>
   <div class='ocr_carea' id='block_1_22' title="bbox 307 2359 1893 2437">
    <p class='ocr_par' dir='ltr' id='par_1_22' title="bbox 307 2359 1893 2437">
     <span class='ocr_line' id='line_1_22' title="bbox 307 2359 1893 2437; baseline -0.004 -18"><span class='ocrx_word' id='word_1_144' title='bbox 307 2367 511 2437; x_wconf 91' lang='lat' dir='ltr'><strong>quibus</strong></span> <span class='ocrx_word' id='word_1_145' title='bbox 539 2362 807 2419; x_wconf 87' lang='lat' dir='ltr'><strong>incumbit</strong></span> <span class='ocrx_word' id='word_1_146' title='bbox 830 2362 1062 2417; x_wconf 91' lang='lat' dir='ltr'><strong>aliorum</strong></span> <span class='ocrx_word' id='word_1_147' title='bbox 1084 2362 1242 2418; x_wconf 90' lang='lat' dir='ltr'><strong>saluti</strong></span> <span class='ocrx_word' id='word_1_148' title='bbox 1268 2359 1584 2432; x_wconf 79' lang='lat' dir='ltr'><strong>advigilare,</strong></span> <span class='ocrx_word' id='word_1_149' title='bbox 1603 2374 1893 2431; x_wconf 84' lang='lat' dir='ltr'><strong>personam</strong></span> 
     </span>
    </p>
   </div>
   <div class='ocr_carea' id='block_1_23' title="bbox 306 2455 1896 2532">
    <p class='ocr_par' dir='ltr' id='par_1_23' title="bbox 306 2455 1896 2532">
     <span class='ocr_line' id='line_1_23' title="bbox 306 2455 1896 2532; baseline -0.005 -16"><span class='ocrx_word' id='word_1_150' title='bbox 306 2463 438 2532; x_wconf 76' lang='lat' dir='ltr'><strong>agit.</strong></span> <span class='ocrx_word' id='word_1_151' title='bbox 489 2459 635 2514; x_wconf 83' lang='lat' dir='ltr'><strong>Nihil</strong></span> <span class='ocrx_word' id='word_1_152' title='bbox 675 2461 874 2531; x_wconf 80' lang='lat' dir='ltr'><strong>quippe</strong></span> <span class='ocrx_word' id='word_1_153' title='bbox 906 2456 1233 2513; x_wconf 80' lang='lat' dir='ltr'><strong>familiarius</strong></span> <span class='ocrx_word' id='word_1_154' title='bbox 1278 2457 1377 2523; x_wconf 90' lang='lat' dir='ltr'><strong>illi,</strong></span> <span class='ocrx_word' id='word_1_155' title='bbox 1409 2457 1464 2513; x_wconf 89' lang='lat' dir='ltr'><strong>in</strong></span> <span class='ocrx_word' id='word_1_156' title='bbox 1518 2456 1604 2512; x_wconf 91' lang='lat' dir='ltr'><strong>bis</strong></span> <span class='ocrx_word' id='word_1_157' title='bbox 1658 2455 1896 2510; x_wconf 84' lang='lat' dir='ltr'><strong>maxime</strong></span> 
     </span>
    </p>
   </div>
   <div class='ocr_carea' id='block_1_24' title="bbox 307 2547 1898 2624">
    <p class='ocr_par' dir='ltr' id='par_1_24' title="bbox 307 2547 1898 2624">
     <span class='ocr_line' id='line_1_24' title="bbox 307 2547 1898 2624; baseline -0.006 -16"><span class='ocrx_word' id='word_1_158' title='bbox 307 2553 484 2614; x_wconf 85' lang='lat' dir='ltr'><strong>libris,</strong></span> <span class='ocrx_word' id='word_1_159' title='bbox 520 2568 684 2624; x_wconf 88' lang='lat' dir='ltr'><strong>quam</strong></span> <span class='ocrx_word' id='word_1_160' title='bbox 713 2567 901 2606; x_wconf 87' lang='lat' dir='ltr'><strong>eorum</strong></span> <span class='ocrx_word' id='word_1_161' title='bbox 937 2565 1076 2621; x_wconf 89' lang='lat' dir='ltr'><strong>quos</strong></span> <span class='ocrx_word' id='word_1_162' title='bbox 1111 2549 1164 2604; x_wconf 93' lang='lat' dir='ltr'><strong>in</strong></span> <span class='ocrx_word' id='word_1_163' title='bbox 1188 2549 1430 2605; x_wconf 87' lang='lat' dir='ltr'><strong>medium</strong></span> <span class='ocrx_word' id='word_1_164' title='bbox 1459 2547 1681 2603; x_wconf 86' lang='lat' dir='ltr'><strong>adducit</strong></span> <span class='ocrx_word' id='word_1_165' title='bbox 1708 2560 1898 2615; x_wconf 88' lang='lat' dir='ltr'><strong>perso-</strong></span> 
     </span>
    </p>
   </div>
   <div class='ocr_carea' id='block_1_25' title="bbox 311 2640 1897 2710">
    <p class='ocr_par' dir='ltr' id='par_1_25' title="bbox 311 2640 1897 2710">
     <span class='ocr_line' id='line_1_25' title="bbox 311 2640 1897 2710; baseline -0.006 -11"><span class='ocrx_word' id='word_1_166' title='bbox 311 2663 433 2699; x_wconf 84' lang='lat' dir='ltr'><strong>nam</strong></span> <span class='ocrx_word' id='word_1_167' title='bbox 485 2658 786 2699; x_wconf 85' lang='lat' dir='ltr'><strong>assumere.</strong></span> <span class='ocrx_word' id='word_1_168' title='bbox 833 2642 925 2698; x_wconf 89' lang='lat' dir='ltr'><strong>Sic</strong></span> <span class='ocrx_word' id='word_1_169' title='bbox 967 2642 1107 2698; x_wconf 91' lang='lat' dir='ltr'><strong>libro</strong></span> <span class='ocrx_word' id='word_1_170' title='bbox 1138 2657 1223 2706; x_wconf 87' lang='grc' dir='ltr'><strong>ιιι,</strong></span> <span class='ocrx_word' id='word_1_171' title='bbox 1270 2656 1425 2695; x_wconf 88' lang='lat' dir='ltr'><strong>num.</strong></span> <span class='ocrx_word' id='word_1_172' title='bbox 1462 2640 1550 2706; x_wconf 78' lang='grc'><strong>14,</strong></span> <span class='ocrx_word' id='word_1_173' title='bbox 1605 2647 1897 2710; x_wconf 87' lang='lat' dir='ltr'><strong>postquam</strong></span> 
     </span>
    </p>
   </div>
   <div class='ocr_carea' id='block_1_26' title="bbox 312 2728 1896 2807">
    <p class='ocr_par' dir='ltr' id='par_1_26' title="bbox 312 2728 1896 2807">
     <span class='ocr_line' id='line_1_26' title="bbox 312 2728 1896 2807; baseline -0.005 -18"><span class='ocrx_word' id='word_1_174' title='bbox 312 2737 642 2807; x_wconf 73' lang='lat' dir='ltr'><strong>probaverat</strong></span> <span class='ocrx_word' id='word_1_175' title='bbox 676 2734 867 2789; x_wconf 89' lang='lat' dir='ltr'><strong>iisdem</strong></span> <span class='ocrx_word' id='word_1_176' title='bbox 908 2732 1102 2787; x_wconf 88' lang='lat' dir='ltr'><strong>olIiciis</strong></span> <span class='ocrx_word' id='word_1_177' title='bbox 1135 2731 1405 2787; x_wconf 81' lang='lat' dir='ltr'><strong>obnoxios</strong></span> <span class='ocrx_word' id='word_1_178' title='bbox 1434 2728 1725 2785; x_wconf 81' lang='lat' dir='ltr'><strong>saeculares</strong></span> <span class='ocrx_word' id='word_1_179' title='bbox 1754 2741 1896 2791; x_wconf 89' lang='lat' dir='ltr'><strong>esse,</strong></span> 
     </span>
    </p>
   </div>
   <div class='ocr_carea' id='block_1_27' title="bbox 310 2819 1892 2897">
    <p class='ocr_par' dir='ltr' id='par_1_27' title="bbox 310 2819 1892 2897">
     <span class='ocr_line' id='line_1_27' title="bbox 310 2819 1892 2897; baseline -0.006 -17"><span class='ocrx_word' id='word_1_180' title='bbox 310 2827 513 2897; x_wconf 81' lang='lat' dir='ltr'><strong>quibus</strong></span> <span class='ocrx_word' id='word_1_181' title='bbox 546 2824 799 2880; x_wconf 85' lang='lat' dir='ltr'><strong>monachi</strong></span> <span class='ocrx_word' id='word_1_182' title='bbox 820 2835 996 2890; x_wconf 90' lang='lat' dir='ltr'><strong>erant,</strong></span> <span class='ocrx_word' id='word_1_183' title='bbox 1018 2823 1131 2877; x_wconf 75' lang='lat' dir='ltr'><strong>hmc</strong></span> <span class='ocrx_word' id='word_1_184' title='bbox 1153 2822 1339 2892; x_wconf 85' lang='lat' dir='ltr'><strong>adjicit</strong></span> <span class='ocrx_word' id='word_1_185' title='bbox 1361 2839 1374 2876; x_wconf 89' lang='lat'><strong>:</strong></span> <span class='ocrx_word' id='word_1_186' title='bbox 1400 2819 1590 2893; x_wconf 84' lang='lat' dir='ltr'><strong>Itaque</strong></span> <span class='ocrx_word' id='word_1_187' title='bbox 1616 2819 1892 2892; x_wconf 88' lang='lat' dir='ltr'><strong>quoniam,</strong></span> 
     </span>
    </p>
   </div>
   <div class='ocr_carea' id='block_1_28' title="bbox 314 2912 1903 2974">
    <p class='ocr_par' dir='ltr' id='par_1_28' title="bbox 314 2912 1903 2974">
     <span class='ocr_line' id='line_1_28' title="bbox 314 2912 1903 2974; baseline -0.006 -1"><span class='ocrx_word' id='word_1_188' title='bbox 314 2934 429 2973; x_wconf 82' lang='lat' dir='ltr'><strong>uta</strong></span> <span class='ocrx_word' id='word_1_189' title='bbox 471 2918 621 2972; x_wconf 85' lang='lat' dir='ltr'><strong>nobis</strong></span> <span class='ocrx_word' id='word_1_190' title='bbox 669 2916 810 2971; x_wconf 85' lang='lat' dir='ltr'><strong>clare</strong></span> <span class='ocrx_word' id='word_1_191' title='bbox 856 2917 1277 2970; x_wconf 75' lang='lat' dir='ltr'><strong>dentonstratum</strong></span> <span class='ocrx_word' id='word_1_192' title='bbox 1323 2923 1438 2974; x_wconf 84' lang='lat' dir='ltr'><strong>est,</strong></span> <span class='ocrx_word' id='word_1_193' title='bbox 1476 2912 1664 2967; x_wconf 81' lang='lat' dir='ltr'><strong>iisdem</strong></span> <span class='ocrx_word' id='word_1_194' title='bbox 1721 2925 1903 2965; x_wconf 68' lang='lat' dir='ltr'><strong>suum:</strong></span> 
     </span>
    </p>
   </div>
   <div class='ocr_carea' id='block_1_29' title="bbox 316 3002 1897 3080">
    <p class='ocr_par' dir='ltr' id='par_1_29' title="bbox 316 3002 1897 3080">
     <span class='ocr_line' id='line_1_29' title="bbox 316 3002 1897 3080; baseline -0.005 -19"><span class='ocrx_word' id='word_1_195' title='bbox 316 3032 329 3061; x_wconf 78' lang='grc' dir='ltr'><strong>ι</strong></span> <span class='ocrx_word' id='word_1_196' title='bbox 349 3010 496 3080; x_wconf 75' lang='lat' dir='ltr'><strong>[ﬁciis</strong></span> <span class='ocrx_word' id='word_1_197' title='bbox 516 3008 751 3072; x_wconf 72' lang='lat' dir='ltr'><strong>obnoxii,</strong></span> <span class='ocrx_word' id='word_1_198' title='bbox 781 3007 970 3078; x_wconf 77' lang='lat' dir='ltr'><strong>quibus</strong></span> <span class='ocrx_word' id='word_1_199' title='bbox 996 3006 1261 3070; x_wconf 81' lang='lat' dir='ltr'><strong>monachi,</strong></span> <span class='ocrx_word' id='word_1_200' title='bbox 1297 3002 1595 3074; x_wconf 81' lang='lat' dir='ltr'><strong>faciliorem</strong></span> <span class='ocrx_word' id='word_1_201' title='bbox 1620 3015 1897 3070; x_wconf 81' lang='lat' dir='ltr'><strong>percurra-</strong></span> 
     </span>
    </p>
   </div>
   <div class='ocr_carea' id='block_1_30' title="bbox 317 3092 1901 3169">
    <p class='ocr_par' dir='ltr' id='par_1_30' title="bbox 317 3092 1901 3169">
     <span class='ocr_line' id='line_1_30' title="bbox 317 3092 1901 3169; baseline -0.008 -12"><span class='ocrx_word' id='word_1_202' title='bbox 317 3122 432 3157; x_wconf 83' lang='lat' dir='ltr'><strong>mus</strong></span> <span class='ocrx_word' id='word_1_203' title='bbox 486 3104 647 3168; x_wconf 86' lang='lat' dir='ltr'><strong>viam,</strong></span> <span class='ocrx_word' id='word_1_204' title='bbox 686 3102 754 3154; x_wconf 81' lang='lat' dir='ltr'><strong>ad</strong></span> <span class='ocrx_word' id='word_1_205' title='bbox 796 3116 1011 3169; x_wconf 88' lang='lat' dir='ltr'><strong>eamque</strong></span> <span class='ocrx_word' id='word_1_206' title='bbox 1055 3098 1195 3167; x_wconf 79' lang='lat' dir='ltr'><strong>ﬁlios</strong></span> <span class='ocrx_word' id='word_1_207' title='bbox 1244 3096 1602 3152; x_wconf 72' lang='lat' dir='ltr'><strong>ultra/ramus.</strong></span> <span class='ocrx_word' id='word_1_208' title='bbox 1630 3092 1715 3148; x_wconf 80' lang='lat' dir='ltr'><strong>An</strong></span> <span class='ocrx_word' id='word_1_209' title='bbox 1770 3092 1901 3146; x_wconf 85' lang='lat' dir='ltr'><strong>hinc</strong></span> 
     </span>
    </p>
   </div>
   <div class='ocr_carea' id='block_1_31' title="bbox 318 3183 1902 3266">
    <p class='ocr_par' dir='ltr' id='par_1_31' title="bbox 318 3183 1902 3266">
     <span class='ocr_line' id='line_1_31' title="bbox 318 3183 1902 3266; baseline -0.008 -17"><span class='ocrx_word' id='word_1_210' title='bbox 318 3194 508 3249; x_wconf 79' lang='lat' dir='ltr'><strong>inferri</strong></span> <span class='ocrx_word' id='word_1_211' title='bbox 544 3194 720 3266; x_wconf 86' lang='lat' dir='ltr'><strong>possit</strong></span> <span class='ocrx_word' id='word_1_212' title='bbox 750 3192 1226 3263; x_wconf 82' lang='lat' dir='ltr'><strong>Cbrysostomum,</strong></span> <span class='ocrx_word' id='word_1_213' title='bbox 1250 3187 1345 3258; x_wconf 90' lang='lat' dir='ltr'><strong>qui</strong></span> <span class='ocrx_word' id='word_1_214' title='bbox 1376 3195 1510 3243; x_wconf 88' lang='lat' dir='ltr'><strong>tunc</strong></span> <span class='ocrx_word' id='word_1_215' title='bbox 1539 3187 1592 3241; x_wconf 92' lang='lat' dir='ltr'><strong>in</strong></span> <span class='ocrx_word' id='word_1_216' title='bbox 1618 3183 1902 3239; x_wconf 84' lang='lat' dir='ltr'><strong>montibus</strong></span> 
     </span>
    </p>
   </div>
   <div class='ocr_carea' id='block_1_32' title="bbox 314 3275 1904 3348">
    <p class='ocr_par' dir='ltr' id='par_1_32' title="bbox 314 3275 1904 3348">
     <span class='ocr_line' id='line_1_32' title="bbox 314 3275 1904 3348; baseline -0.009 -7"><span class='ocrx_word' id='word_1_217' title='bbox 314 3298 375 3341; x_wconf 77' lang='lat' dir='ltr'><strong>rt</strong></span> <span class='ocrx_word' id='word_1_218' title='bbox 422 3287 476 3340; x_wconf 93' lang='lat' dir='ltr'><strong>in</strong></span> <span class='ocrx_word' id='word_1_219' title='bbox 539 3300 758 3341; x_wconf 61' lang='lat' dir='ltr'><strong>Sr-cessu</strong></span> <span class='ocrx_word' id='word_1_220' title='bbox 792 3282 1028 3348; x_wconf 81' lang='lat' dir='ltr'><strong>vivebat,</strong></span> <span class='ocrx_word' id='word_1_221' title='bbox 1057 3279 1375 3336; x_wconf 68' lang='lat' dir='ltr'><strong>smcularem</strong></span> <span class='ocrx_word' id='word_1_222' title='bbox 1415 3277 1611 3344; x_wconf 80' lang='lat' dir='ltr'><strong>tuisse,</strong></span> <span class='ocrx_word' id='word_1_223' title='bbox 1648 3275 1904 3342; x_wconf 80' lang='lat' dir='ltr'><strong>filiosque</strong></span> 
     </span>
    </p>
   </div>
   <div class='ocr_carea' id='block_1_33' title="bbox 318 3368 1907 3445">
    <p class='ocr_par' dir='ltr' id='par_1_33' title="bbox 318 3368 1907 3445">
     <span class='ocr_line' id='line_1_33' title="bbox 318 3368 1907 3445; baseline -0.01 -14"><span class='ocrx_word' id='word_1_224' title='bbox 318 3376 663 3445; x_wconf 76' lang='lat' dir='ltr'><strong>suscepisse?</strong></span> <span class='ocrx_word' id='word_1_225' title='bbox 705 3372 770 3427; x_wconf 86' lang='lat' dir='ltr'><strong>Et</strong></span> <span class='ocrx_word' id='word_1_226' title='bbox 802 3388 959 3427; x_wconf 85' lang='lat' dir='ltr'><strong>num.</strong></span> <span class='ocrx_word' id='word_1_227' title='bbox 996 3372 1085 3438; x_wconf 81' lang='lat' dir='ltr'><strong>l7,</strong></span> <span class='ocrx_word' id='word_1_228' title='bbox 1128 3368 1269 3440; x_wconf 83' lang='lat' dir='ltr'><strong>Ergo</strong></span> <span class='ocrx_word' id='word_1_229' title='bbox 1294 3384 1389 3424; x_wconf 86' lang='lat' dir='ltr'><strong>nec</strong></span> <span class='ocrx_word' id='word_1_230' title='bbox 1437 3368 1583 3438; x_wconf 77' lang='lat' dir='ltr'><strong>ﬁlios</strong></span> <span class='ocrx_word' id='word_1_231' title='bbox 1633 3374 1843 3420; x_wconf 82' lang='lat' dir='ltr'><strong>nostros</strong></span> <span class='ocrx_word' id='word_1_232' title='bbox 1873 3379 1907 3416; x_wconf 92' lang='lat' dir='ltr'><strong>a</strong></span> 
     </span>
    </p>
   </div>
   <div class='ocr_carea' id='block_1_34' title="bbox 317 3453 1909 3530">
    <p class='ocr_par' dir='ltr' id='par_1_34' title="bbox 317 3453 1909 3530">
     <span class='ocr_line' id='line_1_34' title="bbox 317 3453 1909 3530; baseline -0.008 -11"><span class='ocrx_word' id='word_1_233' title='bbox 317 3467 518 3520; x_wconf 73' lang='lat' dir='ltr'><strong>deserti</strong></span> <span class='ocrx_word' id='word_1_234' title='bbox 561 3462 973 3518; x_wconf 86' lang='lat' dir='ltr'><strong>commoratione</strong></span> <span class='ocrx_word' id='word_1_235' title='bbox 1013 3469 1134 3515; x_wconf 84' lang='lat' dir='ltr'><strong>ante</strong></span> <span class='ocrx_word' id='word_1_236' title='bbox 1170 3472 1374 3530; x_wconf 88' lang='lat' dir='ltr'><strong>tempus</strong></span> <span class='ocrx_word' id='word_1_237' title='bbox 1414 3457 1742 3511; x_wconf 84' lang='lat' dir='ltr'><strong>abducamus</strong></span> <span class='ocrx_word' id='word_1_238' title='bbox 1768 3469 1787 3507; x_wconf 90' lang='lat'><strong><em>:</em></strong></span> <span class='ocrx_word' id='word_1_239' title='bbox 1819 3453 1909 3508; x_wconf 86' lang='lat' dir='ltr'><strong>sed</strong></span> 
     </span>
    </p>
   </div>
   <div class='ocr_carea' id='block_1_35' title="bbox 315 3546 1912 3627">
    <p class='ocr_par' dir='ltr' id='par_1_35' title="bbox 315 3546 1912 3627">
     <span class='ocr_line' id='line_1_35' title="bbox 315 3546 1912 3627; baseline -0.007 -15"><span class='ocrx_word' id='word_1_240' title='bbox 315 3561 564 3613; x_wconf 84' lang='lat' dir='ltr'><strong>sinamus</strong></span> <span class='ocrx_word' id='word_1_241' title='bbox 601 3557 915 3627; x_wconf 83' lang='lat' dir='ltr'><strong>disciplinas</strong></span> <span class='ocrx_word' id='word_1_242' title='bbox 950 3554 1114 3609; x_wconf 81' lang='lat' dir='ltr'><strong>altius</strong></span> <span class='ocrx_word' id='word_1_243' title='bbox 1148 3553 1406 3624; x_wconf 85' lang='lat' dir='ltr'><strong>imprimi,</strong></span> <span class='ocrx_word' id='word_1_244' title='bbox 1433 3563 1483 3605; x_wconf 85' lang='lat' dir='ltr'><strong>et</strong></span> <span class='ocrx_word' id='word_1_245' title='bbox 1514 3548 1726 3621; x_wconf 82' lang='lat' dir='ltr'><strong>plantas</strong></span> <span class='ocrx_word' id='word_1_246' title='bbox 1763 3546 1912 3601; x_wconf 69' lang='lat' dir='ltr'><strong>radio</strong></span> 
     </span>
    </p>
   </div>
   <div class='ocr_carea' id='block_1_36' title="bbox 321 3643 1909 3722">
    <p class='ocr_par' dir='ltr' id='par_1_36' title="bbox 321 3643 1909 3722">
     <span class='ocr_line' id='line_1_36' title="bbox 321 3643 1909 3722; baseline -0.012 -13"><span class='ocrx_word' id='word_1_247' title='bbox 321 3654 473 3709; x_wconf 81' lang='lat' dir='ltr'><strong>cibus</strong></span> <span class='ocrx_word' id='word_1_248' title='bbox 522 3651 750 3722; x_wconf 80' lang='lat' dir='ltr'><strong>ﬁrmari.</strong></span> <span class='ocrx_word' id='word_1_249' title='bbox 807 3648 955 3704; x_wconf 87' lang='lat' dir='ltr'><strong>Nihil</strong></span> <span class='ocrx_word' id='word_1_250' title='bbox 1008 3662 1139 3704; x_wconf 90' lang='lat' dir='ltr'><strong>sane</strong></span> <span class='ocrx_word' id='word_1_251' title='bbox 1192 3643 1535 3714; x_wconf 88' lang='lat' dir='ltr'><strong>frequentius</strong></span> <span class='ocrx_word' id='word_1_252' title='bbox 1587 3652 1691 3704; x_wconf 89' lang='lat' dir='ltr'><strong>est,</strong></span> <span class='ocrx_word' id='word_1_253' title='bbox 1744 3650 1909 3709; x_wconf 89' lang='lat' dir='ltr'><strong>quam</strong></span> 
     </span>
    </p>
   </div>
   <div class='ocr_carea' id='block_1_37' title="bbox 321 3734 1911 3815">
    <p class='ocr_par' dir='ltr' id='par_1_37' title="bbox 321 3734 1911 3815">
     <span class='ocr_line' id='line_1_37' title="bbox 321 3734 1911 3815; baseline -0.01 -17"><span class='ocrx_word' id='word_1_254' title='bbox 321 3745 780 3815; x_wconf 77' lang='lat' dir='ltr'><strong>Cbrysostomum</strong></span> <span class='ocrx_word' id='word_1_255' title='bbox 799 3740 983 3794; x_wconf 87' lang='lat' dir='ltr'><strong>videre</strong></span> <span class='ocrx_word' id='word_1_256' title='bbox 999 3736 1163 3792; x_wconf 87' lang='lat' dir='ltr'><strong>modo</strong></span> <span class='ocrx_word' id='word_1_257' title='bbox 1183 3734 1543 3795; x_wconf 86' lang='lat' dir='ltr'><strong>monentium,</strong></span> <span class='ocrx_word' id='word_1_258' title='bbox 1577 3746 1702 3787; x_wconf 81' lang='lat' dir='ltr'><strong>mox</strong></span> <span class='ocrx_word' id='word_1_259' title='bbox 1720 3742 1911 3785; x_wconf 87' lang='lat' dir='ltr'><strong>eorum</strong></span> 
     </span>
    </p>
   </div>
   <div class='ocr_carea' id='block_1_38' title="bbox 324 3830 1672 3906">
    <p class='ocr_par' dir='ltr' id='par_1_38' title="bbox 324 3830 1672 3906">
     <span class='ocr_line' id='line_1_38' title="bbox 324 3830 1672 3906; baseline -0.009 -18"><span class='ocrx_word' id='word_1_260' title='bbox 324 3836 533 3906; x_wconf 85' lang='lat' dir='ltr'><strong>quibus</strong></span> <span class='ocrx_word' id='word_1_261' title='bbox 560 3833 763 3887; x_wconf 88' lang='lat' dir='ltr'><strong>monita</strong></span> <span class='ocrx_word' id='word_1_262' title='bbox 806 3830 1138 3900; x_wconf 80' lang='lat' dir='ltr'><strong>diriguntur,</strong></span> <span class='ocrx_word' id='word_1_263' title='bbox 1167 3840 1457 3895; x_wconf 86' lang='lat' dir='ltr'><strong>personam</strong></span> <span class='ocrx_word' id='word_1_264' title='bbox 1489 3838 1672 3894; x_wconf 79' lang='lat' dir='ltr'><strong>agere.</strong></span> 
     </span>
    </p>
   </div>
   <div class='ocr_carea' id='block_1_39' title="bbox 405 3914 1916 3996">
    <p class='ocr_par' dir='ltr' id='par_1_39' title="bbox 405 3914 1916 3996">
     <span class='ocr_line' id='line_1_39' title="bbox 405 3914 1916 3996; baseline -0.011 -15"><span class='ocrx_word' id='word_1_265' title='bbox 405 3928 591 3996; x_wconf 73' lang='lat' dir='ltr'><strong>Itaque</strong></span> <span class='ocrx_word' id='word_1_266' title='bbox 642 3924 1092 3994; x_wconf 88' lang='lat' dir='ltr'><strong>Cbrysostomus,</strong></span> <span class='ocrx_word' id='word_1_267' title='bbox 1123 3920 1217 3991; x_wconf 88' lang='lat' dir='ltr'><strong>qui</strong></span> <span class='ocrx_word' id='word_1_268' title='bbox 1265 3932 1409 3974; x_wconf 87' lang='lat' dir='ltr'><strong>anno</strong></span> <span class='ocrx_word' id='word_1_269' title='bbox 1448 3915 1555 3970; x_wconf 67' lang='lat'><strong>574</strong></span> <span class='ocrx_word' id='word_1_270' title='bbox 1587 3914 1653 3969; x_wconf 84' lang='lat' dir='ltr'><strong>ad</strong></span> <span class='ocrx_word' id='word_1_271' title='bbox 1700 3922 1916 3968; x_wconf 81' lang='lat' dir='ltr'><strong>montes</strong></span> 
     </span>
    </p>
   </div>
   <div class='ocr_carea' id='block_1_40' title="bbox 329 4003 1912 4085">
    <p class='ocr_par' dir='ltr' id='par_1_40' title="bbox 329 4003 1912 4085">
     <span class='ocr_line' id='line_1_40' title="bbox 329 4003 1912 4085; baseline -0.013 -9"><span class='ocrx_word' id='word_1_272' title='bbox 329 4025 664 4085; x_wconf 77' lang='lat' dir='ltr'><strong>secesserat,</strong></span> <span class='ocrx_word' id='word_1_273' title='bbox 699 4030 822 4070; x_wconf 88' lang='lat' dir='ltr'><strong>cum</strong></span> <span class='ocrx_word' id='word_1_274' title='bbox 862 4012 1191 4068; x_wconf 89' lang='lat' dir='ltr'><strong>auctoritate</strong></span> <span class='ocrx_word' id='word_1_275' title='bbox 1238 4007 1456 4080; x_wconf 87' lang='lat' dir='ltr'><strong>publica</strong></span> <span class='ocrx_word' id='word_1_276' title='bbox 1487 4003 1750 4073; x_wconf 81' lang='lat' dir='ltr'><strong>exagitari</strong></span> <span class='ocrx_word' id='word_1_277' title='bbox 1792 4016 1912 4056; x_wconf 89' lang='lat' dir='ltr'><strong>mo-</strong></span> 
     </span>
    </p>
   </div>
   <div class='ocr_carea' id='block_1_41' title="bbox 332 4092 1912 4174">
    <p class='ocr_par' dir='ltr' id='par_1_41' title="bbox 332 4092 1912 4174">
     <span class='ocr_line' id='line_1_41' title="bbox 332 4092 1912 4174; baseline -0.013 -8"><span class='ocrx_word' id='word_1_278' title='bbox 332 4110 544 4166; x_wconf 66' lang='lat' dir='ltr'><strong>narbos</strong></span> <span class='ocrx_word' id='word_1_279' title='bbox 576 4116 631 4164; x_wconf 88' lang='lat' dir='ltr'><strong>et</strong></span> <span class='ocrx_word' id='word_1_280' title='bbox 663 4106 885 4161; x_wconf 89' lang='lat' dir='ltr'><strong>sedibus</strong></span> <span class='ocrx_word' id='word_1_281' title='bbox 912 4103 1037 4174; x_wconf 89' lang='lat' dir='ltr'><strong>pelli</strong></span> <span class='ocrx_word' id='word_1_282' title='bbox 1067 4101 1370 4163; x_wconf 83' lang='lat' dir='ltr'><strong>didicisset,</strong></span> <span class='ocrx_word' id='word_1_283' title='bbox 1399 4110 1544 4150; x_wconf 86' lang='lat' dir='ltr'><strong>anno</strong></span> <span class='ocrx_word' id='word_1_284' title='bbox 1571 4093 1696 4158; x_wconf 76' lang='lat'><strong>575,</strong></span> <span class='ocrx_word' id='word_1_285' title='bbox 1722 4092 1802 4147; x_wconf 87' lang='lat' dir='ltr'><strong>vel</strong></span> <span class='ocrx_word' id='word_1_286' title='bbox 1833 4107 1912 4148; x_wconf 87' lang='lat' dir='ltr'><strong>sc-</strong></span> 
     </span>
    </p>
   </div>
   <div class='ocr_carea' id='block_1_42' title="bbox 333 4185 1916 4273">
    <p class='ocr_par' dir='ltr' id='par_1_42' title="bbox 333 4185 1916 4273">
     <span class='ocr_line' id='line_1_42' title="bbox 333 4185 1916 4273; baseline -0.015 -15"><span class='ocrx_word' id='word_1_287' title='bbox 333 4203 550 4273; x_wconf 84' lang='lat' dir='ltr'><strong>quenli,</strong></span> <span class='ocrx_word' id='word_1_288' title='bbox 578 4198 740 4257; x_wconf 85' lang='lat' dir='ltr'><strong>amici</strong></span> <span class='ocrx_word' id='word_1_289' title='bbox 768 4206 959 4269; x_wconf 77' lang='lat' dir='ltr'><strong>rogatu</strong></span> <span class='ocrx_word' id='word_1_290' title='bbox 993 4195 1095 4250; x_wconf 87' lang='lat' dir='ltr'><strong>bos</strong></span> <span class='ocrx_word' id='word_1_291' title='bbox 1126 4193 1294 4247; x_wconf 87' lang='lat' dir='ltr'><strong>libros</strong></span> <span class='ocrx_word' id='word_1_292' title='bbox 1324 4186 1577 4258; x_wconf 80' lang='lat' dir='ltr'><strong>scripsit;</strong></span> <span class='ocrx_word' id='word_1_293' title='bbox 1602 4185 1657 4238; x_wconf 88' lang='lat' dir='ltr'><strong>in</strong></span> <span class='ocrx_word' id='word_1_294' title='bbox 1680 4197 1916 4255; x_wconf 84' lang='lat' dir='ltr'><strong>quorum</strong></span> 
     </span>
    </p>
   </div>
   <div class='ocr_carea' id='block_1_43' title="bbox 336 4272 1919 4367">
    <p class='ocr_par' dir='ltr' id='par_1_43' title="bbox 336 4272 1919 4367">
     <span class='ocr_line' id='line_1_43' title="bbox 336 4272 1919 4367; baseline -0.016 -16"><span class='ocrx_word' id='word_1_295' title='bbox 336 4272 520 4367; x_wconf 86' lang='lat' dir='ltr'><strong>primo</strong></span> <span class='ocrx_word' id='word_1_296' title='bbox 567 4291 728 4347; x_wconf 84' lang='lat' dir='ltr'><strong>docet</strong></span> <span class='ocrx_word' id='word_1_297' title='bbox 778 4295 1045 4361; x_wconf 87' lang='lat' dir='ltr'><strong>quantum</strong></span> <span class='ocrx_word' id='word_1_298' title='bbox 1080 4282 1184 4339; x_wconf 89' lang='lat' dir='ltr'><strong>sibi</strong></span> <span class='ocrx_word' id='word_1_299' title='bbox 1232 4278 1461 4355; x_wconf 78' lang='lat' dir='ltr'><strong>periculi</strong></span> <span class='ocrx_word' id='word_1_300' title='bbox 1495 4274 1798 4340; x_wconf 87' lang='lat' dir='ltr'><strong>attrabaut,</strong></span> <span class='ocrx_word' id='word_1_301' title='bbox 1827 4272 1919 4345; x_wconf 89' lang='lat' dir='ltr'><strong>qui</strong></span> 
     </span>
    </p>
   </div>
   <div class='ocr_carea' id='block_1_44' title="bbox 1748 421 2088 483">
    <p class='ocr_par' dir='ltr' id='par_1_44' title="bbox 1748 421 2088 483">
     <span class='ocr_line' id='line_1_44' title="bbox 1748 421 2088 483; baseline 0.012 -4"><span class='ocrx_word' id='word_1_302' title='bbox 1748 421 2088 483; x_wconf 71' lang='lat' dir='ltr'><strong>MONITUM.</strong></span> 
     </span>
    </p>
   </div>
   <div class='ocr_carea' id='block_1_45' title="bbox 3438 426 3551 484">
    <p class='ocr_par' dir='ltr' id='par_1_45' title="bbox 3438 426 3551 484">
     <span class='ocr_line' id='line_1_45' title="bbox 3438 426 3551 484; baseline 0.018 -3"><span class='ocrx_word' id='word_1_303' title='bbox 3438 426 3551 484; x_wconf 54' lang='grc' dir='ltr'>διε</span> 
     </span>
    </p>
   </div>
   <div class='ocr_carea' id='block_1_46' title="bbox 1975 538 3552 614">
    <p class='ocr_par' dir='ltr' id='par_1_46' title="bbox 1975 538 3552 614">
     <span class='ocr_line' id='line_1_46' title="bbox 1975 538 3552 614; baseline 0.001 -18"><span class='ocrx_word' id='word_1_304' title='bbox 1975 549 2198 599; x_wconf 87' lang='lat' dir='ltr'><strong>sanctos</strong></span> <span class='ocrx_word' id='word_1_305' title='bbox 2221 551 2275 598; x_wconf 89' lang='lat' dir='ltr'><strong>et</strong></span> <span class='ocrx_word' id='word_1_306' title='bbox 2298 540 2390 598; x_wconf 87' lang='lat' dir='ltr'><strong>Dei</strong></span> <span class='ocrx_word' id='word_1_307' title='bbox 2419 543 2626 600; x_wconf 87' lang='lat' dir='ltr'><strong>amicos</strong></span> <span class='ocrx_word' id='word_1_308' title='bbox 2664 551 3004 614; x_wconf 79' lang='lat' dir='ltr'><strong>oppugnant,</strong></span> <span class='ocrx_word' id='word_1_309' title='bbox 3038 538 3277 596; x_wconf 86' lang='lat' dir='ltr'><strong>ostendit</strong></span> <span class='ocrx_word' id='word_1_310' title='bbox 3308 556 3404 598; x_wconf 85' lang='lat' dir='ltr'><strong>eos</strong></span> <span class='ocrx_word' id='word_1_311' title='bbox 3442 557 3552 599; x_wconf 89' lang='lat' dir='ltr'><strong>non</strong></span> 
     </span>
    </p>
   </div>
   <div class='ocr_carea' id='block_1_47' title="bbox 1973 629 3558 703">
    <p class='ocr_par' dir='ltr' id='par_1_47' title="bbox 1973 629 3558 703">
     <span class='ocr_line' id='line_1_47' title="bbox 1973 629 3558 703; baseline 0.001 -18"><span class='ocrx_word' id='word_1_312' title='bbox 1973 631 2081 703; x_wconf 87' lang='lat' dir='ltr'><strong>piis</strong></span> <span class='ocrx_word' id='word_1_313' title='bbox 2105 632 2262 697; x_wconf 87' lang='lat' dir='ltr'><strong>viris,</strong></span> <span class='ocrx_word' id='word_1_314' title='bbox 2289 633 2381 689; x_wconf 89' lang='lat' dir='ltr'><strong>sed</strong></span> <span class='ocrx_word' id='word_1_315' title='bbox 2415 633 2767 703; x_wconf 88' lang='lat' dir='ltr'><strong>sibimetipsis</strong></span> <span class='ocrx_word' id='word_1_316' title='bbox 2801 645 2998 686; x_wconf 86' lang='lat' dir='ltr'><strong>nocere</strong></span> <span class='ocrx_word' id='word_1_317' title='bbox 3024 647 3038 684; x_wconf 91' lang='lat'><strong>:</strong></span> <span class='ocrx_word' id='word_1_318' title='bbox 3071 629 3234 700; x_wconf 87' lang='lat' dir='ltr'><strong>idque</strong></span> <span class='ocrx_word' id='word_1_319' title='bbox 3265 632 3558 687; x_wconf 82' lang='lat' dir='ltr'><strong>contlrmat</strong></span> 
     </span>
    </p>
   </div>
   <div class='ocr_carea' id='block_1_48' title="bbox 1976 718 3555 793">
    <p class='ocr_par' dir='ltr' id='par_1_48' title="bbox 1976 718 3555 793">
     <span class='ocr_line' id='line_1_48' title="bbox 1976 718 3555 793; baseline 0 -16"><span class='ocrx_word' id='word_1_320' title='bbox 1976 723 2227 793; x_wconf 85' lang='lat' dir='ltr'><strong>exemplo</strong></span> <span class='ocrx_word' id='word_1_321' title='bbox 2258 722 2595 787; x_wconf 70' lang='lat' dir='ltr'><strong>Judteorum,</strong></span> <span class='ocrx_word' id='word_1_322' title='bbox 2622 723 2741 793; x_wconf 89' lang='lat' dir='ltr'><strong>qui,</strong></span> <span class='ocrx_word' id='word_1_323' title='bbox 2763 720 3027 791; x_wconf 72' lang='lat' dir='ltr'><strong>quoniam</strong></span> <span class='ocrx_word' id='word_1_324' title='bbox 3060 718 3342 775; x_wconf 87' lang='lat' dir='ltr'><strong>Christum</strong></span> <span class='ocrx_word' id='word_1_325' title='bbox 3378 730 3555 777; x_wconf 89' lang='lat' dir='ltr'><strong>morte</strong></span> 
     </span>
    </p>
   </div>
   <div class='ocr_carea' id='block_1_49' title="bbox 1979 808 3556 882">
    <p class='ocr_par' dir='ltr' id='par_1_49' title="bbox 1979 808 3556 882">
     <span class='ocr_line' id='line_1_49' title="bbox 1979 808 3556 882; baseline -0.002 -16"><span class='ocrx_word' id='word_1_326' title='bbox 1979 811 2272 868; x_wconf 82' lang='lat' dir='ltr'><strong>aﬂ‘ccerant</strong></span> <span class='ocrx_word' id='word_1_327' title='bbox 2296 812 2682 882; x_wconf 89' lang='lat' dir='ltr'><strong>apostolosque</strong></span> <span class='ocrx_word' id='word_1_328' title='bbox 2729 818 3080 875; x_wconf 78' lang='lat' dir='ltr'><strong>vexaverant,</strong></span> <span class='ocrx_word' id='word_1_329' title='bbox 3118 809 3175 863; x_wconf 92' lang='lat' dir='ltr'><strong>in</strong></span> <span class='ocrx_word' id='word_1_330' title='bbox 3210 824 3304 865; x_wconf 88' lang='lat' dir='ltr'><strong>eas</strong></span> <span class='ocrx_word' id='word_1_331' title='bbox 3331 808 3556 865; x_wconf 85' lang='lat' dir='ltr'><strong>calami-</strong></span> 
     </span>
    </p>
   </div>
   <div class='ocr_carea' id='block_1_50' title="bbox 1982 899 3558 972">
    <p class='ocr_par' dir='ltr' id='par_1_50' title="bbox 1982 899 3558 972">
     <span class='ocr_line' id='line_1_50' title="bbox 1982 899 3558 972; baseline -0.003 -13"><span class='ocrx_word' id='word_1_332' title='bbox 1982 912 2121 959; x_wconf 81' lang='lat' dir='ltr'><strong>tates</strong></span> <span class='ocrx_word' id='word_1_333' title='bbox 2151 902 2614 972; x_wconf 87' lang='lat' dir='ltr'><strong>incideruntquas</strong></span> <span class='ocrx_word' id='word_1_334' title='bbox 2642 901 2913 972; x_wconf 88' lang='lat' dir='ltr'><strong>Josephus</strong></span> <span class='ocrx_word' id='word_1_335' title='bbox 2944 909 3363 956; x_wconf 90' lang='lat' dir='ltr'><strong>commemorat.</strong></span> <span class='ocrx_word' id='word_1_336' title='bbox 3384 899 3558 969; x_wconf 86' lang='lat' dir='ltr'><strong>Hujus</strong></span> 
     </span>
    </p>
   </div>
   <div class='ocr_carea' id='block_1_51' title="bbox 1985 989 3563 1066">
    <p class='ocr_par' dir='ltr' id='par_1_51' title="bbox 1985 989 3563 1066">
     <span class='ocr_line' id='line_1_51' title="bbox 1985 989 3563 1066; baseline -0.003 -16"><span class='ocrx_word' id='word_1_337' title='bbox 1985 1008 2148 1066; x_wconf 86' lang='lat' dir='ltr'><strong>porro</strong></span> <span class='ocrx_word' id='word_1_338' title='bbox 2178 992 2466 1064; x_wconf 84' lang='lat' dir='ltr'><strong>scriptoris</strong></span> <span class='ocrx_word' id='word_1_339' title='bbox 2484 992 2703 1063; x_wconf 71' lang='lat' dir='ltr'><strong>insigne</strong></span> <span class='ocrx_word' id='word_1_340' title='bbox 2733 991 3098 1063; x_wconf 79' lang='lat' dir='ltr'><strong>fragmentum</strong></span> <span class='ocrx_word' id='word_1_341' title='bbox 3119 989 3307 1060; x_wconf 89' lang='lat' dir='ltr'><strong>refert,</strong></span> <span class='ocrx_word' id='word_1_342' title='bbox 3334 1000 3388 1047; x_wconf 92' lang='lat' dir='ltr'><strong>et</strong></span> <span class='ocrx_word' id='word_1_343' title='bbox 3416 1001 3563 1062; x_wconf 90' lang='lat' dir='ltr'><strong>post-</strong></span> 
     </span>
    </p>
   </div>
   <div class='ocr_carea' id='block_1_52' title="bbox 1984 1080 3560 1155">
    <p class='ocr_par' dir='ltr' id='par_1_52' title="bbox 1984 1080 3560 1155">
     <span class='ocr_line' id='line_1_52' title="bbox 1984 1080 3560 1155; baseline -0.001 -16"><span class='ocrx_word' id='word_1_344' title='bbox 1984 1100 2149 1155; x_wconf 86' lang='lat' dir='ltr'><strong>quam</strong></span> <span class='ocrx_word' id='word_1_345' title='bbox 2184 1083 2423 1139; x_wconf 86' lang='lat' dir='ltr'><strong>ostendit</strong></span> <span class='ocrx_word' id='word_1_346' title='bbox 2448 1083 2670 1153; x_wconf 85' lang='lat' dir='ltr'><strong>quantis</strong></span> <span class='ocrx_word' id='word_1_347' title='bbox 2698 1096 2760 1138; x_wconf 84' lang='lat' dir='ltr'><strong>se</strong></span> <span class='ocrx_word' id='word_1_348' title='bbox 2801 1080 3062 1153; x_wconf 84' lang='lat' dir='ltr'><strong>periculis</strong></span> <span class='ocrx_word' id='word_1_349' title='bbox 3098 1083 3341 1137; x_wconf 81' lang='lat' dir='ltr'><strong>eximant</strong></span> <span class='ocrx_word' id='word_1_350' title='bbox 3372 1082 3466 1152; x_wconf 91' lang='lat' dir='ltr'><strong>qui</strong></span> <span class='ocrx_word' id='word_1_351' title='bbox 3492 1097 3560 1138; x_wconf 88' lang='lat' dir='ltr'><strong>ex</strong></span> 
     </span>
    </p>
   </div>
   <div class='ocr_carea' id='block_1_53' title="bbox 1986 1170 3561 1242">
    <p class='ocr_par' dir='ltr' id='par_1_53' title="bbox 1986 1170 3561 1242">
     <span class='ocr_line' id='line_1_53' title="bbox 1986 1170 3561 1242; baseline -0.001 -15"><span class='ocrx_word' id='word_1_352' title='bbox 1986 1173 2177 1229; x_wconf 90' lang='lat' dir='ltr'><strong>mundi</strong></span> <span class='ocrx_word' id='word_1_353' title='bbox 2236 1172 2517 1229; x_wconf 83' lang='lat' dir='ltr'><strong>consortio</strong></span> <span class='ocrx_word' id='word_1_354' title='bbox 2579 1171 2877 1239; x_wconf 81' lang='lat' dir='ltr'><strong>secedunt,</strong></span> <span class='ocrx_word' id='word_1_355' title='bbox 2929 1170 3011 1227; x_wconf 90' lang='lat' dir='ltr'><strong>sic</strong></span> <span class='ocrx_word' id='word_1_356' title='bbox 3062 1170 3263 1227; x_wconf 89' lang='lat' dir='ltr'><strong>librum</strong></span> <span class='ocrx_word' id='word_1_357' title='bbox 3322 1172 3561 1242; x_wconf 84' lang='lat' dir='ltr'><strong>primum</strong></span> 
     </span>
    </p>
   </div>
   <div class='ocr_carea' id='block_1_54' title="bbox 1987 1266 2214 1343">
    <p class='ocr_par' dir='ltr' id='par_1_54' title="bbox 1987 1266 2214 1343">
     <span class='ocr_line' id='line_1_54' title="bbox 1987 1266 2214 1343; baseline 0 -22"><span class='ocrx_word' id='word_1_358' title='bbox 1987 1266 2214 1343; x_wconf 85' lang='lat' dir='ltr'><strong>claudit.</strong></span> 
     </span>
    </p>
   </div>
   <div class='ocr_carea' id='block_1_55' title="bbox 2060 1353 3562 1426">
    <p class='ocr_par' dir='ltr' id='par_1_55' title="bbox 2060 1353 3562 1426">
     <span class='ocr_line' id='line_1_55' title="bbox 2060 1353 3562 1426; baseline -0.002 -15"><span class='ocrx_word' id='word_1_359' title='bbox 2060 1356 2117 1412; x_wconf 87' lang='grc' dir='ltr'><strong>ιιι</strong></span> <span class='ocrx_word' id='word_1_360' title='bbox 2144 1356 2385 1413; x_wconf 91' lang='lat' dir='ltr'><strong>secundo</strong></span> <span class='ocrx_word' id='word_1_361' title='bbox 2412 1355 2554 1411; x_wconf 90' lang='lat' dir='ltr'><strong>libro</strong></span> <span class='ocrx_word' id='word_1_362' title='bbox 2593 1363 2805 1426; x_wconf 89' lang='lat' dir='ltr'><strong>patrem</strong></span> <span class='ocrx_word' id='word_1_363' title='bbox 2839 1354 3135 1414; x_wconf 83' lang='lat' dir='ltr'><strong>intidelem.</strong></span> <span class='ocrx_word' id='word_1_364' title='bbox 3164 1353 3278 1409; x_wconf 82' lang='lat' dir='ltr'><strong>sire</strong></span> <span class='ocrx_word' id='word_1_365' title='bbox 3318 1354 3562 1409; x_wconf 88' lang='lat' dir='ltr'><strong>nondum</strong></span> 
     </span>
    </p>
   </div>
   <div class='ocr_carea' id='block_1_56' title="bbox 1990 1446 3566 1519">
    <p class='ocr_par' dir='ltr' id='par_1_56' title="bbox 1990 1446 3566 1519">
     <span class='ocr_line' id='line_1_56' title="bbox 1990 1446 3566 1519; baseline -0.002 -14"><span class='ocrx_word' id='word_1_366' title='bbox 1990 1450 2301 1505; x_wconf 86' lang='lat' dir='ltr'><strong>credentem</strong></span> <span class='ocrx_word' id='word_1_367' title='bbox 2332 1448 2388 1504; x_wconf 93' lang='lat' dir='ltr'><strong>in</strong></span> <span class='ocrx_word' id='word_1_368' title='bbox 2420 1448 2727 1516; x_wconf 88' lang='lat' dir='ltr'><strong>Christum,</strong></span> <span class='ocrx_word' id='word_1_369' title='bbox 2769 1448 2929 1519; x_wconf 89' lang='lat' dir='ltr'><strong>cujus</strong></span> <span class='ocrx_word' id='word_1_370' title='bbox 2977 1446 3149 1502; x_wconf 87' lang='lat' dir='ltr'><strong>tilium</strong></span> <span class='ocrx_word' id='word_1_371' title='bbox 3194 1447 3566 1502; x_wconf 89' lang='lat' dir='ltr'><strong>Christianam</strong></span> 
     </span>
    </p>
   </div>
   <div class='ocr_carea' id='block_1_57' title="bbox 1991 1538 3569 1612">
    <p class='ocr_par' dir='ltr' id='par_1_57' title="bbox 1991 1538 3569 1612">
     <span class='ocr_line' id='line_1_57' title="bbox 1991 1538 3569 1612; baseline -0.003 -16"><span class='ocrx_word' id='word_1_372' title='bbox 1991 1541 2308 1612; x_wconf 82' lang='lat' dir='ltr'><strong>religionem</strong></span> <span class='ocrx_word' id='word_1_373' title='bbox 2350 1539 2720 1610; x_wconf 86' lang='lat' dir='ltr'><strong>amplexatum</strong></span> <span class='ocrx_word' id='word_1_374' title='bbox 2750 1539 2805 1594; x_wconf 91' lang='lat' dir='ltr'><strong>in</strong></span> <span class='ocrx_word' id='word_1_375' title='bbox 2841 1547 3081 1595; x_wconf 88' lang='lat' dir='ltr'><strong>montem</strong></span> <span class='ocrx_word' id='word_1_376' title='bbox 3128 1538 3422 1594; x_wconf 86' lang='lat' dir='ltr'><strong>recessisse</strong></span> <span class='ocrx_word' id='word_1_377' title='bbox 3450 1552 3569 1592; x_wconf 93' lang='lat' dir='ltr'><strong>mo-</strong></span> 
     </span>
    </p>
   </div>
   <div class='ocr_carea' id='block_1_58' title="bbox 1992 1629 3567 1702">
    <p class='ocr_par' dir='ltr' id='par_1_58' title="bbox 1992 1629 3567 1702">
     <span class='ocr_line' id='line_1_58' title="bbox 1992 1629 3567 1702; baseline -0.004 -13"><span class='ocrx_word' id='word_1_378' title='bbox 1992 1635 2407 1702; x_wconf 88' lang='lat' dir='ltr'><strong>nachorumque</strong></span> <span class='ocrx_word' id='word_1_379' title='bbox 2440 1631 2606 1685; x_wconf 90' lang='lat' dir='ltr'><strong>vitam</strong></span> <span class='ocrx_word' id='word_1_380' title='bbox 2655 1630 2965 1701; x_wconf 90' lang='lat' dir='ltr'><strong>suscepisse</strong></span> <span class='ocrx_word' id='word_1_381' title='bbox 3016 1629 3191 1700; x_wconf 78' lang='lat' dir='ltr'><strong>ﬁngit,</strong></span> <span class='ocrx_word' id='word_1_382' title='bbox 3225 1629 3567 1699; x_wconf 87' lang='lat' dir='ltr'><strong>alloquitur:</strong></span> 
     </span>
    </p>
   </div>
   <div class='ocr_carea' id='block_1_59' title="bbox 1994 1719 3575 1801">
    <p class='ocr_par' dir='ltr' id='par_1_59' title="bbox 1994 1719 3575 1801">
     <span class='ocr_line' id='line_1_59' title="bbox 1994 1719 3575 1801; baseline -0.002 -21"><span class='ocrx_word' id='word_1_383' title='bbox 1994 1725 2361 1794; x_wconf 89' lang='lat' dir='ltr'><strong>humanisque</strong></span> <span class='ocrx_word' id='word_1_384' title='bbox 2389 1723 2689 1779; x_wconf 80' lang='lat' dir='ltr'><strong>ratiociniis</strong></span> <span class='ocrx_word' id='word_1_385' title='bbox 2706 1732 2871 1793; x_wconf 90' lang='lat' dir='ltr'><strong>atque</strong></span> <span class='ocrx_word' id='word_1_386' title='bbox 2886 1722 3149 1791; x_wconf 81' lang='lat' dir='ltr'><strong>exemplis</strong></span> <span class='ocrx_word' id='word_1_387' title='bbox 3166 1730 3405 1777; x_wconf 89' lang='lat' dir='ltr'><strong>veterum</strong></span> <span class='ocrx_word' id='word_1_388' title='bbox 3429 1719 3575 1801; x_wconf 52' lang='lat' dir='ltr'><strong>(irae:</strong></span> 
     </span>
    </p>
   </div>
   <div class='ocr_carea' id='block_1_60' title="bbox 1992 1810 3573 1888">
    <p class='ocr_par' dir='ltr' id='par_1_60' title="bbox 1992 1810 3573 1888">
     <span class='ocr_line' id='line_1_60' title="bbox 1992 1810 3573 1888; baseline -0.003 -17"><span class='ocrx_word' id='word_1_389' title='bbox 1992 1830 2181 1872; x_wconf 89' lang='lat' dir='ltr'><strong>corum</strong></span> <span class='ocrx_word' id='word_1_390' title='bbox 2212 1813 2410 1884; x_wconf 88' lang='lat' dir='ltr'><strong>probat</strong></span> <span class='ocrx_word' id='word_1_391' title='bbox 2443 1829 2592 1888; x_wconf 84' lang='lat' dir='ltr'><strong>eum,</strong></span> <span class='ocrx_word' id='word_1_392' title='bbox 2623 1814 2719 1883; x_wconf 90' lang='lat' dir='ltr'><strong>qui</strong></span> <span class='ocrx_word' id='word_1_393' title='bbox 2757 1812 2941 1868; x_wconf 89' lang='lat' dir='ltr'><strong>omnia</strong></span> <span class='ocrx_word' id='word_1_394' title='bbox 2986 1811 3238 1883; x_wconf 89' lang='lat' dir='ltr'><strong>despicit,</strong></span> <span class='ocrx_word' id='word_1_395' title='bbox 3275 1826 3400 1867; x_wconf 83' lang='lat' dir='ltr'><strong>vere</strong></span> <span class='ocrx_word' id='word_1_396' title='bbox 3430 1810 3573 1866; x_wconf 81' lang='lat' dir='ltr'><strong>diri-</strong></span> 
     </span>
    </p>
   </div>
   <div class='ocr_carea' id='block_1_61' title="bbox 1992 1901 3574 1975">
    <p class='ocr_par' dir='ltr' id='par_1_61' title="bbox 1992 1901 3574 1975">
     <span class='ocr_line' id='line_1_61' title="bbox 1992 1901 3574 1975; baseline -0.004 -12"><span class='ocrx_word' id='word_1_397' title='bbox 1992 1917 2102 1963; x_wconf 92' lang='lat' dir='ltr'><strong>tem</strong></span> <span class='ocrx_word' id='word_1_398' title='bbox 2132 1922 2277 1971; x_wconf 89' lang='lat' dir='ltr'><strong>esse,</strong></span> <span class='ocrx_word' id='word_1_399' title='bbox 2300 1906 2611 1975; x_wconf 88' lang='lat' dir='ltr'><strong>virtuteque</strong></span> <span class='ocrx_word' id='word_1_400' title='bbox 2641 1904 2925 1960; x_wconf 89' lang='lat' dir='ltr'><strong>clariorem</strong></span> <span class='ocrx_word' id='word_1_401' title='bbox 2961 1903 3132 1970; x_wconf 84' lang='lat' dir='ltr'><strong>eﬂici,</strong></span> <span class='ocrx_word' id='word_1_402' title='bbox 3167 1918 3330 1974; x_wconf 88' lang='lat' dir='ltr'><strong>quam</strong></span> <span class='ocrx_word' id='word_1_403' title='bbox 3375 1901 3574 1972; x_wconf 84' lang='lat' dir='ltr'><strong>opibus</strong></span> 
     </span>
    </p>
   </div>
   <div class='ocr_carea' id='block_1_62' title="bbox 1994 1992 3574 2068">
    <p class='ocr_par' dir='ltr' id='par_1_62' title="bbox 1994 1992 3574 2068">
     <span class='ocr_line' id='line_1_62' title="bbox 1994 1992 3574 2068; baseline -0.006 -14"><span class='ocrx_word' id='word_1_404' title='bbox 1994 1997 2321 2061; x_wconf 82' lang='lat' dir='ltr'><strong>ctﬁceretur,</strong></span> <span class='ocrx_word' id='word_1_405' title='bbox 2356 2005 2521 2068; x_wconf 89' lang='lat' dir='ltr'><strong>atque</strong></span> <span class='ocrx_word' id='word_1_406' title='bbox 2543 2012 2575 2051; x_wconf 91' lang='lat' dir='ltr'><strong>a</strong></span> <span class='ocrx_word' id='word_1_407' title='bbox 2602 1996 2825 2051; x_wconf 92' lang='lat' dir='ltr'><strong>nemine</strong></span> <span class='ocrx_word' id='word_1_408' title='bbox 2854 1994 2975 2049; x_wconf 76' lang='lat' dir='ltr'><strong>laedi</strong></span> <span class='ocrx_word' id='word_1_409' title='bbox 2996 2008 3179 2065; x_wconf 83' lang='lat' dir='ltr'><strong>posse.</strong></span> <span class='ocrx_word' id='word_1_410' title='bbox 3213 1992 3364 2048; x_wconf 83' lang='lat' dir='ltr'><strong>Licet</strong></span> <span class='ocrx_word' id='word_1_411' title='bbox 3390 1999 3574 2047; x_wconf 87' lang='lat' dir='ltr'><strong>autem</strong></span> 
     </span>
    </p>
   </div>
   <div class='ocr_carea' id='block_1_63' title="bbox 1995 2079 3571 2159">
    <p class='ocr_par' dir='ltr' id='par_1_63' title="bbox 1995 2079 3571 2159">
     <span class='ocr_line' id='line_1_63' title="bbox 1995 2079 3571 2159; baseline -0.006 -15"><span class='ocrx_word' id='word_1_412' title='bbox 1995 2089 2130 2145; x_wconf 87' lang='lat' dir='ltr'><strong>illud</strong></span> <span class='ocrx_word' id='word_1_413' title='bbox 2164 2088 2419 2159; x_wconf 80' lang='lat' dir='ltr'><strong>ﬁngentis</strong></span> <span class='ocrx_word' id='word_1_414' title='bbox 2470 2101 2623 2141; x_wconf 89' lang='lat' dir='ltr'><strong>more</strong></span> <span class='ocrx_word' id='word_1_415' title='bbox 2666 2092 2959 2156; x_wconf 89' lang='lat' dir='ltr'><strong>proponat,</strong></span> <span class='ocrx_word' id='word_1_416' title='bbox 2990 2082 3045 2137; x_wconf 90' lang='lat' dir='ltr'><strong>in</strong></span> <span class='ocrx_word' id='word_1_417' title='bbox 3088 2081 3197 2137; x_wconf 80' lang='lat' dir='ltr'><strong>fine</strong></span> <span class='ocrx_word' id='word_1_418' title='bbox 3228 2090 3408 2136; x_wconf 90' lang='lat' dir='ltr'><strong>tamen</strong></span> <span class='ocrx_word' id='word_1_419' title='bbox 3447 2079 3571 2134; x_wconf 89' lang='lat' dir='ltr'><strong>libri</strong></span> 
     </span>
    </p>
   </div>
   <div class='ocr_carea' id='block_1_64' title="bbox 1996 2171 3574 2241">
    <p class='ocr_par' dir='ltr' id='par_1_64' title="bbox 1996 2171 3574 2241">
     <span class='ocr_line' id='line_1_64' title="bbox 1996 2171 3574 2241; baseline -0.007 -5"><span class='ocrx_word' id='word_1_420' title='bbox 1996 2183 2093 2241; x_wconf 88' lang='lat' dir='ltr'><strong>ait.</strong></span> <span class='ocrx_word' id='word_1_421' title='bbox 2124 2180 2363 2235; x_wconf 89' lang='lat' dir='ltr'><strong>amicum</strong></span> <span class='ocrx_word' id='word_1_422' title='bbox 2398 2179 2500 2234; x_wconf 91' lang='lat' dir='ltr'><strong>sibi</strong></span> <span class='ocrx_word' id='word_1_423' title='bbox 2528 2176 2700 2233; x_wconf 89' lang='lat' dir='ltr'><strong>fuisse</strong></span> <span class='ocrx_word' id='word_1_424' title='bbox 2721 2175 2922 2232; x_wconf 87' lang='lat' dir='ltr'><strong>ethnici</strong></span> <span class='ocrx_word' id='word_1_425' title='bbox 2946 2174 3046 2229; x_wconf 83' lang='lat' dir='ltr'><strong>viri</strong></span> <span class='ocrx_word' id='word_1_426' title='bbox 3083 2172 3279 2238; x_wconf 81' lang='lat' dir='ltr'><strong>lilium,</strong></span> <span class='ocrx_word' id='word_1_427' title='bbox 3304 2171 3421 2241; x_wconf 86' lang='lat' dir='ltr'><strong>qui,</strong></span> <span class='ocrx_word' id='word_1_428' title='bbox 3447 2185 3574 2226; x_wconf 88' lang='lat' dir='ltr'><strong>cum</strong></span> 
     </span>
    </p>
   </div>
   <div class='ocr_carea' id='block_1_65' title="bbox 1995 2266 3575 2340">
    <p class='ocr_par' dir='ltr' id='par_1_65' title="bbox 1995 2266 3575 2340">
     <span class='ocr_line' id='line_1_65' title="bbox 1995 2266 3575 2340; baseline -0.006 -14"><span class='ocrx_word' id='word_1_429' title='bbox 1995 2271 2365 2326; x_wconf 88' lang='lat' dir='ltr'><strong>Christianam</strong></span> <span class='ocrx_word' id='word_1_430' title='bbox 2418 2269 2817 2340; x_wconf 87' lang='lat' dir='ltr'><strong>philosophiam</strong></span> <span class='ocrx_word' id='word_1_431' title='bbox 2854 2266 3139 2337; x_wconf 81' lang='lat' dir='ltr'><strong>amplexus</strong></span> <span class='ocrx_word' id='word_1_432' title='bbox 3168 2271 3335 2329; x_wconf 88' lang='lat' dir='ltr'><strong>esset,</strong></span> <span class='ocrx_word' id='word_1_433' title='bbox 3369 2271 3575 2332; x_wconf 88' lang='lat' dir='ltr'><strong>patrem</strong></span> 
     </span>
    </p>
   </div>
   <div class='ocr_carea' id='block_1_66' title="bbox 1996 2352 3576 2430">
    <p class='ocr_par' dir='ltr' id='par_1_66' title="bbox 1996 2352 3576 2430">
     <span class='ocr_line' id='line_1_66' title="bbox 1996 2352 3576 2430; baseline -0.007 -12"><span class='ocrx_word' id='word_1_434' title='bbox 1996 2378 2055 2418; x_wconf 85' lang='lat' dir='ltr'><strong>se</strong></span> <span class='ocrx_word' id='word_1_435' title='bbox 2085 2363 2273 2428; x_wconf 88' lang='lat' dir='ltr'><strong>minis,</strong></span> <span class='ocrx_word' id='word_1_436' title='bbox 2303 2361 2536 2417; x_wconf 88' lang='lat' dir='ltr'><strong>vinculis</strong></span> <span class='ocrx_word' id='word_1_437' title='bbox 2573 2359 2807 2430; x_wconf 86' lang='lat' dir='ltr'><strong>aliisque</strong></span> <span class='ocrx_word' id='word_1_438' title='bbox 2844 2355 3103 2415; x_wconf 75' lang='lat' dir='ltr'><strong>aerumnis</strong></span> <span class='ocrx_word' id='word_1_439' title='bbox 3131 2354 3197 2411; x_wconf 90' lang='lat' dir='ltr'><strong>ad</strong></span> <span class='ocrx_word' id='word_1_440' title='bbox 3226 2354 3461 2425; x_wconf 88' lang='lat' dir='ltr'><strong>priorem</strong></span> <span class='ocrx_word' id='word_1_441' title='bbox 3493 2352 3576 2407; x_wconf 80' lang='lat' dir='ltr'><strong>vi-</strong></span> 
     </span>
    </p>
   </div>
   <div class='ocr_carea' id='block_1_67' title="bbox 2000 2443 3582 2516">
    <p class='ocr_par' dir='ltr' id='par_1_67' title="bbox 2000 2443 3582 2516">
     <span class='ocr_line' id='line_1_67' title="bbox 2000 2443 3582 2516; baseline -0.006 -9"><span class='ocrx_word' id='word_1_442' title='bbox 2000 2460 2109 2507; x_wconf 89' lang='lat' dir='ltr'><strong>tam</strong></span> <span class='ocrx_word' id='word_1_443' title='bbox 2141 2467 2400 2509; x_wconf 82' lang='lat' dir='ltr'><strong>revocare</strong></span> <span class='ocrx_word' id='word_1_444' title='bbox 2427 2459 2742 2516; x_wconf 83' lang='lat' dir='ltr'><strong>conantem,</strong></span> <span class='ocrx_word' id='word_1_445' title='bbox 2766 2448 2987 2505; x_wconf 85' lang='lat' dir='ltr'><strong>demum</strong></span> <span class='ocrx_word' id='word_1_446' title='bbox 3029 2443 3338 2503; x_wconf 90' lang='lat' dir='ltr'><strong>constantia</strong></span> <span class='ocrx_word' id='word_1_447' title='bbox 3376 2457 3476 2498; x_wconf 91' lang='lat' dir='ltr'><strong>sua</strong></span> <span class='ocrx_word' id='word_1_448' title='bbox 3510 2455 3582 2498; x_wconf 89' lang='lat' dir='ltr'><strong>eo</strong></span> 
     </span>
    </p>
   </div>
   <div class='ocr_carea' id='block_1_68' title="bbox 2001 2538 3582 2611">
    <p class='ocr_par' dir='ltr' id='par_1_68' title="bbox 2001 2538 3582 2611">
     <span class='ocr_line' id='line_1_68' title="bbox 2001 2538 3582 2611; baseline -0.008 -12"><span class='ocrx_word' id='word_1_449' title='bbox 2001 2544 2315 2608; x_wconf 77' lang='lat' dir='ltr'><strong>adduxerit,</strong></span> <span class='ocrx_word' id='word_1_450' title='bbox 2353 2551 2414 2601; x_wconf 88' lang='lat' dir='ltr'><strong>ut</strong></span> <span class='ocrx_word' id='word_1_451' title='bbox 2462 2543 2685 2601; x_wconf 81' lang='lat' dir='ltr'><strong>demum</strong></span> <span class='ocrx_word' id='word_1_452' title='bbox 2736 2538 3069 2611; x_wconf 81' lang='lat' dir='ltr'><strong>palinodiam</strong></span> <span class='ocrx_word' id='word_1_453' title='bbox 3124 2544 3366 2601; x_wconf 85' lang='lat' dir='ltr'><strong>caneret,</strong></span> <span class='ocrx_word' id='word_1_454' title='bbox 3414 2541 3582 2604; x_wconf 87' lang='lat' dir='ltr'><strong>atque</strong></span> 
     </span>
    </p>
   </div>
   <div class='ocr_carea' id='block_1_69' title="bbox 1999 2626 3583 2698">
    <p class='ocr_par' dir='ltr' id='par_1_69' title="bbox 1999 2626 3583 2698">
     <span class='ocr_line' id='line_1_69' title="bbox 1999 2626 3583 2698; baseline -0.008 -6"><span class='ocrx_word' id='word_1_455' title='bbox 1999 2636 2174 2692; x_wconf 86' lang='lat' dir='ltr'><strong>tilium</strong></span> <span class='ocrx_word' id='word_1_456' title='bbox 2223 2636 2378 2695; x_wconf 83' lang='lat' dir='ltr'><strong>illum</strong></span> <span class='ocrx_word' id='word_1_457' title='bbox 2425 2634 2637 2693; x_wconf 81' lang='lat' dir='ltr'><strong>caeteris</strong></span> <span class='ocrx_word' id='word_1_458' title='bbox 2687 2632 3019 2695; x_wconf 82' lang='lat' dir='ltr'><strong>anteferret,</strong></span> <span class='ocrx_word' id='word_1_459' title='bbox 3068 2629 3181 2684; x_wconf 76' lang='lat' dir='ltr'><strong>imo</strong></span> <span class='ocrx_word' id='word_1_460' title='bbox 3234 2626 3408 2698; x_wconf 81' lang='lat' dir='ltr'><strong>patris</strong></span> <span class='ocrx_word' id='word_1_461' title='bbox 3457 2626 3583 2682; x_wconf 87' lang='lat' dir='ltr'><strong>loco</strong></span> 
     </span>
    </p>
   </div>
   <div class='ocr_carea' id='block_1_70' title="bbox 2001 2728 2246 2784">
    <p class='ocr_par' dir='ltr' id='par_1_70' title="bbox 2001 2728 2246 2784">
     <span class='ocr_line' id='line_1_70' title="bbox 2001 2728 2246 2784; baseline -0.004 0"><span class='ocrx_word' id='word_1_462' title='bbox 2001 2728 2246 2784; x_wconf 87' lang='lat' dir='ltr'><strong>haberet.</strong></span> 
     </span>
    </p>
   </div>
   <div class='ocr_carea' id='block_1_71' title="bbox 2074 2805 3585 2900">
    <p class='ocr_par' dir='ltr' id='par_1_71' title="bbox 2074 2805 3585 2900">
     <span class='ocr_line' id='line_1_71' title="bbox 2074 2805 3585 2900; baseline -0.011 -25"><span class='ocrx_word' id='word_1_463' title='bbox 2074 2821 2133 2875; x_wconf 90' lang='lat' dir='ltr'><strong>In</strong></span> <span class='ocrx_word' id='word_1_464' title='bbox 2160 2820 2325 2879; x_wconf 82' lang='lat' dir='ltr'><strong>tertio</strong></span> <span class='ocrx_word' id='word_1_465' title='bbox 2356 2819 2517 2900; x_wconf 71' lang='lat' dir='ltr'><strong>longe</strong></span> <span class='ocrx_word' id='word_1_466' title='bbox 2541 2813 2830 2889; x_wconf 80' lang='lat' dir='ltr'><strong>prolixiori</strong></span> <span class='ocrx_word' id='word_1_467' title='bbox 2850 2813 3098 2871; x_wconf 85' lang='lat' dir='ltr'><strong>oratione</strong></span> <span class='ocrx_word' id='word_1_468' title='bbox 3131 2821 3338 2883; x_wconf 84' lang='lat' dir='ltr'><strong>patrem</strong></span> <span class='ocrx_word' id='word_1_469' title='bbox 3373 2805 3585 2900; x_wconf 72' lang='lat' dir='ltr'><strong>bdelem</strong></span> 
     </span>
    </p>
   </div>
   <div class='ocr_carea' id='block_1_72' title="bbox 2003 2898 3584 2983">
    <p class='ocr_par' dir='ltr' id='par_1_72' title="bbox 2003 2898 3584 2983">
     <span class='ocr_line' id='line_1_72' title="bbox 2003 2898 3584 2983; baseline -0.015 -8"><span class='ocrx_word' id='word_1_470' title='bbox 2003 2913 2323 2983; x_wconf 82' lang='lat' dir='ltr'><strong>alloquitur,</strong></span> <span class='ocrx_word' id='word_1_471' title='bbox 2348 2898 2645 2980; x_wconf 70' lang='lat' dir='ltr'><strong>monetque</strong></span> <span class='ocrx_word' id='word_1_472' title='bbox 2674 2922 2745 2965; x_wconf 90' lang='lat' dir='ltr'><strong>ne</strong></span> <span class='ocrx_word' id='word_1_473' title='bbox 2790 2906 2963 2963; x_wconf 69' lang='lat' dir='ltr'><strong>tilium</strong></span> <span class='ocrx_word' id='word_1_474' title='bbox 3012 2902 3269 2960; x_wconf 81' lang='lat' dir='ltr'><strong>secedere</strong></span> <span class='ocrx_word' id='word_1_475' title='bbox 3312 2898 3584 2954; x_wconf 81' lang='lat' dir='ltr'><strong>volentem</strong></span> 
     </span>
    </p>
   </div>
   <div class='ocr_carea' id='block_1_73' title="bbox 2002 2989 3586 3068">
    <p class='ocr_par' dir='ltr' id='par_1_73' title="bbox 2002 2989 3586 3068">
     <span class='ocr_line' id='line_1_73' title="bbox 2002 2989 3586 3068; baseline -0.013 -5"><span class='ocrx_word' id='word_1_476' title='bbox 2002 3022 2034 3063; x_wconf 90' lang='lat' dir='ltr'><strong>a</strong></span> <span class='ocrx_word' id='word_1_477' title='bbox 2067 3004 2335 3063; x_wconf 86' lang='lat' dir='ltr'><strong>sententia</strong></span> <span class='ocrx_word' id='word_1_478' title='bbox 2360 3002 2617 3066; x_wconf 80' lang='lat' dir='ltr'><strong>deducat,</strong></span> <span class='ocrx_word' id='word_1_479' title='bbox 2648 3008 2764 3056; x_wconf 82' lang='lat' dir='ltr'><strong>tum</strong></span> <span class='ocrx_word' id='word_1_480' title='bbox 2803 3003 3095 3068; x_wconf 83' lang='lat' dir='ltr'><strong>parentum</strong></span> <span class='ocrx_word' id='word_1_481' title='bbox 3136 2992 3404 3049; x_wconf 86' lang='lat' dir='ltr'><strong>incuriam</strong></span> <span class='ocrx_word' id='word_1_482' title='bbox 3437 2989 3586 3045; x_wconf 84' lang='lat' dir='ltr'><strong>circa</strong></span> 
     </span>
    </p>
   </div>
   <div class='ocr_carea' id='block_1_74' title="bbox 2004 3092 3586 3158">
    <p class='ocr_par' dir='ltr' id='par_1_74' title="bbox 2004 3092 3586 3158">
     <span class='ocr_line' id='line_1_74' title="bbox 2004 3092 3586 3158; baseline -0.014 -1"><span class='ocrx_word' id='word_1_483' title='bbox 2004 3098 2243 3157; x_wconf 85' lang='lat' dir='ltr'><strong>ﬁliorum</strong></span> <span class='ocrx_word' id='word_1_484' title='bbox 2288 3093 2522 3151; x_wconf 82' lang='lat' dir='ltr'><strong>salutem</strong></span> <span class='ocrx_word' id='word_1_485' title='bbox 2567 3092 2904 3156; x_wconf 85' lang='lat' dir='ltr'><strong>insectatur;</strong></span> <span class='ocrx_word' id='word_1_486' title='bbox 2937 3096 3145 3158; x_wconf 86' lang='lat' dir='ltr'><strong>quanta</strong></span> <span class='ocrx_word' id='word_1_487' title='bbox 3195 3099 3409 3141; x_wconf 82' lang='lat' dir='ltr'><strong>morum</strong></span> <span class='ocrx_word' id='word_1_488' title='bbox 3460 3095 3586 3138; x_wconf 88' lang='lat' dir='ltr'><strong>cor-</strong></span> 
     </span>
    </p>
   </div>
   <div class='ocr_carea' id='block_1_75' title="bbox 2006 3171 3588 3259">
    <p class='ocr_par' dir='ltr' id='par_1_75' title="bbox 2006 3171 3588 3259">
     <span class='ocr_line' id='line_1_75' title="bbox 2006 3171 3588 3259; baseline -0.013 -15"><span class='ocrx_word' id='word_1_489' title='bbox 2006 3188 2192 3259; x_wconf 86' lang='lat' dir='ltr'><strong>ruptio</strong></span> <span class='ocrx_word' id='word_1_490' title='bbox 2222 3185 2505 3242; x_wconf 63' lang='lat' dir='ltr'><strong>civitatem</strong></span> <span class='ocrx_word' id='word_1_491' title='bbox 2531 3180 2798 3239; x_wconf 86' lang='lat' dir='ltr'><strong>invaserit</strong></span> <span class='ocrx_word' id='word_1_492' title='bbox 2820 3177 3141 3249; x_wconf 77' lang='grc' dir='ltr'><strong>παθητικῶς</strong></span> <span class='ocrx_word' id='word_1_493' title='bbox 3166 3172 3424 3231; x_wconf 86' lang='lat' dir='ltr'><strong>describit</strong></span> <span class='ocrx_word' id='word_1_494' title='bbox 3449 3187 3465 3225; x_wconf 87' lang='lat'><strong>:</strong></span> <span class='ocrx_word' id='word_1_495' title='bbox 3498 3171 3588 3225; x_wconf 85' lang='lat' dir='ltr'><strong>vix</strong></span> 
     </span>
    </p>
   </div>
   <div class='ocr_carea' id='block_1_76' title="bbox 2006 3268 3586 3356">
    <p class='ocr_par' dir='ltr' id='par_1_76' title="bbox 2006 3268 3586 3356">
     <span class='ocr_line' id='line_1_76' title="bbox 2006 3268 3586 3356; baseline -0.012 -14"><span class='ocrx_word' id='word_1_496' title='bbox 2006 3298 2170 3356; x_wconf 81' lang='lat' dir='ltr'><strong>posse</strong></span> <span class='ocrx_word' id='word_1_497' title='bbox 2205 3283 2283 3338; x_wconf 88' lang='lat' dir='ltr'><strong>ait</strong></span> <span class='ocrx_word' id='word_1_498' title='bbox 2309 3280 2543 3338; x_wconf 72' lang='lat' dir='ltr'><strong>salutem</strong></span> <span class='ocrx_word' id='word_1_499' title='bbox 2570 3278 2755 3335; x_wconf 87' lang='lat' dir='ltr'><strong>curari</strong></span> <span class='ocrx_word' id='word_1_500' title='bbox 2783 3276 2840 3332; x_wconf 85' lang='lat' dir='ltr'><strong>in</strong></span> <span class='ocrx_word' id='word_1_501' title='bbox 2871 3282 3020 3330; x_wconf 74' lang='lat' dir='ltr'><strong>tanta</strong></span> <span class='ocrx_word' id='word_1_502' title='bbox 3043 3272 3300 3328; x_wconf 82' lang='lat' dir='ltr'><strong>vitiorum</strong></span> <span class='ocrx_word' id='word_1_503' title='bbox 3334 3268 3586 3325; x_wconf 85' lang='lat' dir='ltr'><strong>colluvie.</strong></span> 
     </span>
    </p>
   </div>
   <div class='ocr_carea' id='block_1_77' title="bbox 2008 3359 3593 3433">
    <p class='ocr_par' dir='ltr' id='par_1_77' title="bbox 2008 3359 3593 3433">
     <span class='ocr_line' id='line_1_77' title="bbox 2008 3359 3593 3433; baseline -0.013 0"><span class='ocrx_word' id='word_1_504' title='bbox 2008 3373 2224 3432; x_wconf 77' lang='lat' dir='ltr'><strong>Laudat</strong></span> <span class='ocrx_word' id='word_1_505' title='bbox 2246 3370 2645 3429; x_wconf 82' lang='lat' dir='ltr'><strong>monachorum</strong></span> <span class='ocrx_word' id='word_1_506' title='bbox 2681 3367 2875 3431; x_wconf 75' lang='lat' dir='ltr'><strong>vitam,</strong></span> <span class='ocrx_word' id='word_1_507' title='bbox 2896 3364 3295 3433; x_wconf 84' lang='lat' dir='ltr'><strong>historiamque</strong></span> <span class='ocrx_word' id='word_1_508' title='bbox 3322 3359 3479 3415; x_wconf 74' lang='lat' dir='ltr'><strong>alert</strong></span> <span class='ocrx_word' id='word_1_509' title='bbox 3502 3359 3593 3429; x_wconf 76' lang='lat' dir='ltr'><strong>ju-</strong></span> 
     </span>
    </p>
   </div>
   <div class='ocr_carea' id='block_1_78' title="bbox 2011 3456 3591 3523">
    <p class='ocr_par' dir='ltr' id='par_1_78' title="bbox 2011 3456 3591 3523">
     <span class='ocr_line' id='line_1_78' title="bbox 2011 3456 3591 3523; baseline -0.011 -1"><span class='ocrx_word' id='word_1_510' title='bbox 2011 3466 2169 3522; x_wconf 90' lang='lat' dir='ltr'><strong>venis</strong></span> <span class='ocrx_word' id='word_1_511' title='bbox 2199 3480 2235 3520; x_wconf 86' lang='lat' dir='ltr'><strong>a</strong></span> <span class='ocrx_word' id='word_1_512' title='bbox 2266 3462 2518 3521; x_wconf 79' lang='lat' dir='ltr'><strong>solitario</strong></span> <span class='ocrx_word' id='word_1_513' title='bbox 2558 3461 2613 3516; x_wconf 76' lang='lat' dir='ltr'><strong>in</strong></span> <span class='ocrx_word' id='word_1_514' title='bbox 2661 3461 2798 3514; x_wconf 87' lang='lat' dir='ltr'><strong>urbe</strong></span> <span class='ocrx_word' id='word_1_515' title='bbox 2827 3456 3084 3521; x_wconf 80' lang='lat' dir='ltr'><strong>educati;</strong></span> <span class='ocrx_word' id='word_1_516' title='bbox 3131 3468 3356 3523; x_wconf 73' lang='lat' dir='ltr'><strong>remque</strong></span> <span class='ocrx_word' id='word_1_517' title='bbox 3399 3457 3591 3506; x_wconf 86' lang='lat' dir='ltr'><strong>notatu</strong></span> 
     </span>
    </p>
   </div>
   <div class='ocr_carea' id='block_1_79' title="bbox 2010 3540 3590 3629">
    <p class='ocr_par' dir='ltr' id='par_1_79' title="bbox 2010 3540 3590 3629">
     <span class='ocr_line' id='line_1_79' title="bbox 2010 3540 3590 3629; baseline -0.013 -14"><span class='ocrx_word' id='word_1_518' title='bbox 2010 3560 2232 3629; x_wconf 73' lang='lat' dir='ltr'><strong>dignam</strong></span> <span class='ocrx_word' id='word_1_519' title='bbox 2258 3556 2441 3622; x_wconf 84' lang='lat' dir='ltr'><strong>docet,</strong></span> <span class='ocrx_word' id='word_1_520' title='bbox 2475 3566 2679 3622; x_wconf 70' lang='lat' dir='ltr'><strong>nempe</strong></span> <span class='ocrx_word' id='word_1_521' title='bbox 2711 3549 3082 3607; x_wconf 62' lang='lat' dir='ltr'><strong>Antiocheam</strong></span> <span class='ocrx_word' id='word_1_522' title='bbox 3114 3545 3258 3599; x_wconf 85' lang='lat' dir='ltr'><strong>ﬁlios</strong></span> <span class='ocrx_word' id='word_1_523' title='bbox 3290 3558 3426 3599; x_wconf 86' lang='lat' dir='ltr'><strong>suos</strong></span> <span class='ocrx_word' id='word_1_524' title='bbox 3455 3540 3590 3596; x_wconf 84' lang='lat' dir='ltr'><strong>ado-</strong></span> 
     </span>
    </p>
   </div>
   <div class='ocr_carea' id='block_1_80' title="bbox 2013 3633 3591 3707">
    <p class='ocr_par' dir='ltr' id='par_1_80' title="bbox 2013 3633 3591 3707">
     <span class='ocr_line' id='line_1_80' title="bbox 2013 3633 3591 3707; baseline -0.013 -1"><span class='ocrx_word' id='word_1_525' title='bbox 2013 3650 2285 3707; x_wconf 85' lang='lat' dir='ltr'><strong>lescentes</strong></span> <span class='ocrx_word' id='word_1_526' title='bbox 2328 3646 2397 3702; x_wconf 77' lang='lat' dir='ltr'><strong>ad</strong></span> <span class='ocrx_word' id='word_1_527' title='bbox 2442 3641 2773 3700; x_wconf 72' lang='lat' dir='ltr'><strong>monasteria</strong></span> <span class='ocrx_word' id='word_1_528' title='bbox 2820 3638 3038 3694; x_wconf 76' lang='lat' dir='ltr'><strong>mittere</strong></span> <span class='ocrx_word' id='word_1_529' title='bbox 3080 3633 3455 3698; x_wconf 80' lang='lat' dir='ltr'><strong>consuevisse,</strong></span> <span class='ocrx_word' id='word_1_530' title='bbox 3509 3638 3591 3698; x_wconf 92' lang='lat' dir='ltr'><strong>ut,</strong></span> 
     </span>
    </p>
   </div>
   <div class='ocr_carea' id='block_1_81' title="bbox 2013 3723 3592 3815">
    <p class='ocr_par' dir='ltr' id='par_1_81' title="bbox 2013 3723 3592 3815">
     <span class='ocr_line' id='line_1_81' title="bbox 2013 3723 3592 3815; baseline -0.011 -17"><span class='ocrx_word' id='word_1_531' title='bbox 2013 3752 2301 3815; x_wconf 80' lang='lat' dir='ltr'><strong>postquam</strong></span> <span class='ocrx_word' id='word_1_532' title='bbox 2332 3740 2393 3795; x_wconf 84' lang='lat' dir='ltr'><strong>in</strong></span> <span class='ocrx_word' id='word_1_533' title='bbox 2411 3739 2615 3793; x_wconf 74' lang='lat' dir='ltr'><strong>virtute</strong></span> <span class='ocrx_word' id='word_1_534' title='bbox 2642 3734 2952 3806; x_wconf 74' lang='lat' dir='ltr'><strong>pietateque</strong></span> <span class='ocrx_word' id='word_1_535' title='bbox 2968 3729 3136 3802; x_wconf 84' lang='lat' dir='ltr'><strong>probe</strong></span> <span class='ocrx_word' id='word_1_536' title='bbox 3153 3725 3432 3784; x_wconf 84' lang='lat' dir='ltr'><strong>exercitati</strong></span> <span class='ocrx_word' id='word_1_537' title='bbox 3452 3723 3592 3780; x_wconf 82' lang='lat' dir='ltr'><strong>fuis-</strong></span> 
     </span>
    </p>
   </div>
   <div class='ocr_carea' id='block_1_82' title="bbox 2015 3834 2786 3901">
    <p class='ocr_par' dir='ltr' id='par_1_82' title="bbox 2015 3834 2786 3901">
     <span class='ocr_line' id='line_1_82' title="bbox 2015 3834 2786 3901; baseline -0.012 -9"><span class='ocrx_word' id='word_1_538' title='bbox 2015 3847 2160 3900; x_wconf 87' lang='lat' dir='ltr'><strong>sent,</strong></span> <span class='ocrx_word' id='word_1_539' title='bbox 2190 3834 2419 3888; x_wconf 78' lang='lat' dir='ltr'><strong>domum</strong></span> <span class='ocrx_word' id='word_1_540' title='bbox 2458 3837 2786 3901; x_wconf 85' lang='lat' dir='ltr'><strong>repeterent.</strong></span> 
     </span>
    </p>
   </div>
   <div class='ocr_carea' id='block_1_83' title="bbox 2091 3908 3592 3997">
    <p class='ocr_par' dir='ltr' id='par_1_83' title="bbox 2091 3908 3592 3997">
     <span class='ocr_line' id='line_1_83' title="bbox 2091 3908 3592 3997; baseline -0.013 -15"><span class='ocrx_word' id='word_1_541' title='bbox 2091 3927 2203 3982; x_wconf 79' lang='lat' dir='ltr'><strong>llos</strong></span> <span class='ocrx_word' id='word_1_542' title='bbox 2237 3940 2403 3997; x_wconf 79' lang='lat' dir='ltr'><strong>porro</strong></span> <span class='ocrx_word' id='word_1_543' title='bbox 2432 3924 2605 3978; x_wconf 87' lang='lat' dir='ltr'><strong>libros</strong></span> <span class='ocrx_word' id='word_1_544' title='bbox 2632 3920 2861 3976; x_wconf 77' lang='lat' dir='ltr'><strong>Latinos</strong></span> <span class='ocrx_word' id='word_1_545' title='bbox 2899 3918 3106 3973; x_wconf 79' lang='lat' dir='ltr'><strong>fecerat</strong></span> <span class='ocrx_word' id='word_1_546' title='bbox 3135 3910 3459 3968; x_wconf 80' lang='lat' dir='ltr'><strong>Ambrosius</strong></span> <span class='ocrx_word' id='word_1_547' title='bbox 3486 3908 3592 3965; x_wconf 89' lang='lat' dir='ltr'><strong>Ca-</strong></span> 
     </span>
    </p>
   </div>
   <div class='ocr_carea' id='block_1_84' title="bbox 2018 4001 3595 4084">
    <p class='ocr_par' dir='ltr' id='par_1_84' title="bbox 2018 4001 3595 4084">
     <span class='ocr_line' id='line_1_84' title="bbox 2018 4001 3595 4084; baseline -0.015 -7"><span class='ocrx_word' id='word_1_548' title='bbox 2018 4019 2396 4077; x_wconf 86' lang='lat' dir='ltr'><strong>mabluleusis.</strong></span> <span class='ocrx_word' id='word_1_549' title='bbox 2422 4017 2625 4073; x_wconf 78' lang='lat' dir='ltr'><strong>Verum</strong></span> <span class='ocrx_word' id='word_1_550' title='bbox 2654 4015 2781 4084; x_wconf 90' lang='lat' dir='ltr'><strong>quia</strong></span> <span class='ocrx_word' id='word_1_551' title='bbox 2812 4006 3189 4081; x_wconf 85' lang='lat' dir='ltr'><strong>interpretatio</strong></span> <span class='ocrx_word' id='word_1_552' title='bbox 3208 4004 3331 4075; x_wconf 88' lang='lat' dir='ltr'><strong>ejus</strong></span> <span class='ocrx_word' id='word_1_553' title='bbox 3352 4001 3595 4072; x_wconf 85' lang='lat' dir='ltr'><strong>plerum-</strong></span> 
     </span>
    </p>
   </div>
   <div class='ocr_carea' id='block_1_85' title="bbox 2020 4094 3595 4185">
    <p class='ocr_par' dir='ltr' id='par_1_85' title="bbox 2020 4094 3595 4185">
     <span class='ocr_line' id='line_1_85' title="bbox 2020 4094 3595 4185; baseline -0.013 -17"><span class='ocrx_word' id='word_1_554' title='bbox 2020 4129 2128 4185; x_wconf 89' lang='lat' dir='ltr'><strong>que</strong></span> <span class='ocrx_word' id='word_1_555' title='bbox 2149 4109 2512 4182; x_wconf 81' lang='lat' dir='ltr'><strong>paraphrasin</strong></span> <span class='ocrx_word' id='word_1_556' title='bbox 2562 4105 2727 4178; x_wconf 88' lang='lat' dir='ltr'><strong>sapit,</strong></span> <span class='ocrx_word' id='word_1_557' title='bbox 2762 4117 2959 4160; x_wconf 79' lang='lat' dir='ltr'><strong>novatn</strong></span> <span class='ocrx_word' id='word_1_558' title='bbox 2994 4100 3121 4157; x_wconf 86' lang='lat' dir='ltr'><strong>ideo</strong></span> <span class='ocrx_word' id='word_1_559' title='bbox 3142 4094 3439 4169; x_wconf 85' lang='lat' dir='ltr'><strong>parandam</strong></span> <span class='ocrx_word' id='word_1_560' title='bbox 3471 4105 3595 4148; x_wconf 81' lang='lat' dir='ltr'><strong>esse</strong></span> 
     </span>
    </p>
   </div>
   <div class='ocr_carea' id='block_1_86' title="bbox 2020 4216 2228 4276">
    <p class='ocr_par' dir='ltr' id='par_1_86' title="bbox 2020 4216 2228 4276">
     <span class='ocr_line' id='line_1_86' title="bbox 2020 4216 2228 4276; baseline -0.01 -16"><span class='ocrx_word' id='word_1_561' title='bbox 2020 4216 2228 4276; x_wconf 72' lang='lat' dir='ltr'><strong>putari.</strong></span> 
     </span>
    </p>
   </div>
  </div>
