4088 6138
514 402 619 460 δη

1083 594 3398 623 W

564 598 1882 625 ===_—__———'—_—.————_

1208 400 1265 455 S.
1309 398 1596 457 JOANNIS
1631 399 2118 456 CHRYSOSTOMI
2157 399 2478 456 ARCHIEP.
2517 398 3068 457 CONSTANTINOP.

3623 407 3633 416 ·
3668 362 3780 460 320‘

3407 594 3756 609 —_———.

3505 609 3752 624 Ψ

684 955 1814 1116 ADVERSUS
1947 949 3648 1112 OPPUGNATORES

881 1453 1230 1532 BORUM
1297 1452 1478 1547 QUI
1544 1449 1676 1524 AD
1739 1443 2410 1525 MONASTICAM
2481 1438 2812 1522 VlTAM
2871 1434 3452 1519 INDUCUNT.

621 2181 672 2234 Ι.
711 2178 843 2232 Cum
866 2175 1118 2246 templum
1141 2174 1268 2228 illud
1289 2173 1808 2242 ierosolymitanum,
1827 2174 1967 2240 quod
1987 2171 2126 2226 mul-

553 2267 622 2323 tis
649 2267 800 2321 annis
828 2265 942 2320 solo
971 2272 1232 2334 aequatum
1271 2262 1508 2332 jacuerat
1526 2302 1540 2326 ,
1568 2275 1597 2314 a
1623 2259 1874 2314 diuturna
1899 2260 2124 2330 captivi-

562 2368 668 2412 tate
694 2357 887 2411 reversi
911 2354 1117 2409 Hebraei
1145 2354 1441 2408 instaurare
1462 2361 1716 2422 cuperent
1737 2350 1820 2424 (2.
1846 2351 2027 2406 Eadm
2046 2352 2101 2423 4)
2115 2397 2132 2422 ,

555 2458 666 2500 tum
684 2444 893 2499 barbari
910 2443 1121 2513 quidam
1143 2452 1198 2498 et
1217 2445 1476 2496 immanes
1497 2440 1758 2504 homines,
1775 2455 1947 2510 neque
1964 2441 2127 2494 Deum

551 2535 886 2598 reveriti,cui
914 2535 1165 2603 templum
1197 2533 1272 2587 illi
1303 2535 1322 2566 ⁸
1348 2539 1647 2598 erexerant,
1668 2547 1839 2601 neque
1860 2531 2010 2586 fracti
2039 2532 2126 2586 illa

551 2625 824 2680 hominum
847 2625 1147 2679 calamitate
1166 2665 1182 2690 ,
1208 2639 1240 2677 a
1268 2637 1369 2694 qua
1397 2637 1518 2677 sero
1544 2623 1756 2677 tandem
1783 2624 1872 2677 vix
1897 2638 1955 2678 se
1978 2639 2131 2679 rece—

554 2725 759 2786 perant,
793 2730 965 2785 neque
995 2714 1236 2782 supplicii
1279 2713 1581 2781 hujusmodi
1607 2712 1930 2768 facinoribus
1958 2728 1991 2767 a
2018 2714 2131 2768 Deo

551 2805 785 2874 deputati
803 2813 944 2858 metu
965 2803 1205 2869 cohibiti,
1225 2803 1396 2872 primo
1416 2802 1627 2872 quidem
1651 2818 1744 2872 per
1759 2817 1816 2858 se
1831 2818 1925 2858 eos
1941 2818 1971 2857 a
1991 2812 2132 2858 stru-

550 2904 699 2950 ctura
709 2909 959 2950 coercere
975 2893 1274 2947 nitebantur
1291 2907 1305 2946 :
1324 2908 1442 2947 cum
1459 2903 1633 2948 autem
1652 2893 1780 2946 nihil
1793 2894 2128 2963 proficerent,

554 2987 730 3040 missis
766 2985 832 3038 ad
876 2999 1056 3055 regem
1098 2999 1251 3037 suum
1296 2984 1502 3050 literis,
1558 2983 1749 3053 quibus
1784 2998 1901 3038 eam
1944 2983 2130 3039 urbem

553 3077 867 3133 defectionis
886 3091 1247 3146 novarumque
1271 3090 1450 3129 rerum
1477 3075 1790 3141 studiosam,
1813 3090 1877 3131 ac
1897 3075 2019 3130 belli
2038 3091 2132 3131 (ιιι-

554 3171 731 3239 pidam
752 3169 1107 3240 appellabant,
1136 3167 1360 3221 suadent
1386 3166 1458 3230 ei,
1484 3173 1542 3219 ut
1566 3165 1665 3220 sibi
1691 3165 1928 3234 ejusdem
1951 3166 2133 3235 prohi-

555 3261 710 3315 bendi
743 3259 953 3314 zediticii
981 3259 1204 3314 facultas
1228 3257 1404 3313 detur.
1443 3257 1556 3324 Qua
1581 3267 1797 3327 accepta
1825 3265 2087 3326 potestate
2109 3296 2126 3325 ,

554 3364 743 3420 magna
763 3350 1000 3419 equitum
1027 3363 1190 3402 manu
1214 3349 1354 3402 viros
1382 3346 1575 3412 adorti,
1598 3361 1734 3416 opus
1757 3345 1886 3400 illud
1907 3345 1973 3400 ad
1995 3355 2130 3402 tem-

555 3455 654 3511 pus
693 3440 964 3494 intermitti
1003 3445 1290 3508 coegerunt
1320 3455 1333 3492 :
1365 3438 1387 3469 ³
1416 3445 1472 3492 et
1505 3437 1630 3492 elati
1668 3451 1732 3492 ea
1765 3437 2022 3506 victoria,
2062 3435 2130 3490 de

556 3545 658 3600 qua
683 3531 862 3600 lugere
881 3530 1189 3595 debuerant,
1209 3528 1586 3598 gloriabantur,
1609 3527 1964 3596 putabamque
1990 3525 2130 3581 hunc

555 3637 679 3676 esse
700 3621 1006 3674 insidiarum
1027 3635 1243 3674 suarum
1269 3620 1574 3675 terminum.
1602 3620 1673 3673 At
1695 3627 1810 3674 erat
1827 3619 1954 3673 illud
1975 3633 2131 3673 exor-

558 3712 704 3766 dium
736 3712 1044 3780 initiumque
1071 3725 1276 3776 eorum,
1307 3725 1425 3779 quae
1449 3723 1506 3764 se
1531 3723 1654 3763 mox
1681 3709 1924 3763 invasura
1951 3718 2124 3776 erant,

559 3805 818 3858 malorum
850 3819 865 3857 :
899 3817 1030 3872 opus
1060 3802 1201 3855 enim
1230 3801 1360 3855 illud
1386 3799 1777 3870 perficiebatur,
1807 3814 1871 3855 ac
1897 3799 2128 3870 denique

561 3894 870 3964 prmclarum
897 3902 1105 3947 nactum
1130 3899 1213 3947 est
1239 3893 1415 3944 tinem.
1447 3890 1580 3944 Tum
1614 3889 1688 3942 illi
1714 3889 2047 3955 didicerunt,
2065 3904 2128 3945 ac

561 4001 656 4057 per
681 3986 798 4040 illos
841 3984 1107 4050 universi,
1133 3996 1238 4038 non
1273 3998 1392 4037 cum
1437 3980 1739 4035 hominibus
1776 3982 1912 4036 bella
1939 3997 2128 4051 gerere

538 4077 915 4132 Mithridatem
943 4076 1111 4141 illum,
1139 4074 1222 4128 vel
1242 4073 1401 4126 alium
1428 4072 1748 4142 quempiam,
1775 4074 1862 4143 qui
1884 4073 2007 4128 boni
2031 4073 2128 4127 ali-

560 4167 686 4236 quid
706 4180 861 4235 agere
887 4166 1220 4219 instituentes
1247 4163 1491 4218 homines
1517 4169 1810 4232 oppugnet;
1839 4161 1934 4216 sed
1954 4161 2127 4232 potius

560 4274 682 4312 cum
719 4259 834 4328 ipso
862 4257 1006 4323 Deo,
1047 4257 1134 4326 qui
1183 4271 1276 4325 per
1313 4255 1431 4310 illos
1469 4254 1776 4309 honoratur.
1819 4253 1918 4320 Qui
1949 4262 2126 4308 autem

562 4349 673 4402 Deo
694 4347 887 4401 bellum
914 4353 1109 4410 movet,
1137 4360 1420 4416 numquam
1447 4351 1621 4415 potest
1643 4343 1841 4398 bonum
1867 4341 1993 4396 belli
2034 4356 2128 4395 ex-

561 4440 690 4495 itum
716 4437 945 4493 habere:
974 4437 1066 4493 sed
1090 4437 1136 4492 is
1173 4437 1384 4507 quidem
1415 4437 1562 4490 initio
1589 4433 1836 4490 facinoris
1864 4433 1993 4488 nihil
2020 4432 2128 4486 for-

562 4541 704 4584 tasse
747 4529 969 4600 patietur
1014 4528 1179 4593 mali;
1225 4527 1271 4582 si
1323 4537 1497 4582 tamen
1545 4541 1651 4580 non
1701 4524 1967 4594 patiatur,
2019 4522 2128 4577 Deo

562 4621 706 4675 illum
760 4629 981 4675 vocante
1034 4619 1102 4674 ad
1155 4619 1546 4687 ptenitentiam,
1596 4625 1756 4686 atque
1805 4613 2128 4670 concedente

563 4720 620 4763 ut
644 4711 791 4780 quasi
828 4724 894 4763 ex
933 4708 1187 4763 ebrietate
1228 4708 1456 4776 quadam
1501 4705 1805 4776 resipiscat;
1841 4703 1924 4758 sin
1950 4711 2126 4756 autem

565 4805 616 4856 iu
646 4802 875 4855 amentia
916 4816 1008 4854 sua
1057 4801 1387 4870 perstiterit,
1426 4800 1557 4854 nihil
1599 4815 1666 4855 ex
1703 4798 2004 4869 hujusmodi
2036 4797 2126 4852 Dei

567 4891 844 4945 clementia
902 4899 956 4943 et
1015 4888 1264 4957 patientia
1327 4889 1600 4956 lucratus,
1656 4897 1881 4943 cmteros
1939 4888 2129 4942 saltem

565 4982 847 5035 admodum
903 4980 1140 5049 juvabit,
1205 4979 1465 5048 supplicio
1521 4993 1619 5033 suo
1680 4979 2008 5042 admonens,
2061 4992 2130 5033 ne

563 5078 749 5125 contra
803 5071 967 5124 Deum
1023 5083 1275 5138 umquam
1330 5069 1524 5123 bellum
1571 5078 1798 5138 gerant,
1853 5069 1993 5138 quod
2044 5068 2129 5122 in-

563 5147 755 5216 victam
788 5160 929 5214 illam
958 5175 1167 5213 manum
1187 5173 1342 5212 nemo
1361 5157 1805 5228 elfugerevaleat.
1827 5157 2009 5211 Tanta:
2031 5160 2130 5228 igi-

566 5266 650 5306 tur
678 5253 795 5308 illos
822 5251 996 5308 statim
1020 5251 1259 5306 invasere
1283 5249 1486 5317 clades,
1513 5258 1570 5304 ut
1596 5248 1954 5320 magnitudine
1983 5250 2128 5304 cala-

627 5408 645 5440 ¹
679 5410 751 5458 Sic
771 5413 876 5456 Iis.
899 5406 997 5457 duo
1033 5412 1086 5456 et
1113 5406 1254 5457 savii.
1293 5405 1371 5455 ad.
1410 5418 1563 5468 marg.
1608 5404 1742 5467 Editi,
1767 5402 1930 5465 illud;
1973 5405 2131 5452 minus

563 5477 717 5520 recte.

627 5534 648 5564 ’
683 5529 814 5580 aliud
845 5530 1037 5594 omnino
1078 5527 1263 5594 legisse
1293 5529 1480 5594 videtur
1517 5529 1787 5579 Ambrosius
1815 5525 2031 5594 gamald._
2047 5526 2128 5594 qui

560 5596 743 5644 vertit:
769 5597 821 5653 Et
842 5591 955 5653 elati
976 5605 1033 5641 ea
1052 5587 1247 5653 tirtbria
1265 5589 1588 5653 gloriabantur
1617 5602 1634 5639 :
1669 5603 1768 5650 qm,
1791 5588 1984 5653 siquid
2013 5587 2130 5653 ipsis

565 5655 725 5724 cordis
742 5651 1240 5724 Ῑεᾴδδειτρηρςηιξδςετε
1255 5647 1487 5722 defugere
1509 5647 1789 5724 debueme
1800 5647 1926 5724 nihil
1936 5647 2130 5724 post!th

565 5713 800 5770 eiusmodi
828 5713 1002 5764 moliri.
1023 5713 1112 5761 Sed
1134 5721 1292 5764 Graeca
1313 5713 1360 5760 in
1383 5719 1604 5760 ommbus
1635 5721 1734 5761 tum
1755 5713 1898 5762 Editus
1915 5718 2014 5760 tum
2037 5715 2129 5757 Ma-

569 5779 819 5831 nuscriutis
845 5775 968 5827 aliud
993 5781 1282 5833 exprimunt.
1301 5782 1353 5824 ut
1376 5786 1462 5824 nos
1485 5773 1690 5824 edimus.

2227 2175 2427 2225 minus
2454 2183 2640 2225 omnes
2667 2172 2796 2224 alias
2818 2167 3144 2224 calamitates
3178 2170 3505 2241 obtegerent.
3536 2172 3668 2226 Post
3698 2189 3793 2226 ca:-

2230 2260 2325 2315 des
2347 2261 2488 2316 enim
2512 2269 2566 2315 et
2601 2259 2832 2314 inﬁnitas
2859 2268 3081 2329 strages,
3103 2275 3236 2330 quas
3264 2261 3390 2315 olim
3417 2261 3483 2315 ab
3511 2277 3569 2316 se
3598 2265 3777 2318 coerci

2229 2359 2404 2405 torum
2426 2349 2728 2404 Judaaorum
2756 2364 2944 2404 manus
2964 2361 3334 2420 perpetrarunt
3350 2393 3365 2417 ,
3388 2367 3655 2407 caesorum
3682 2369 3799 2408 san-

2230 2441 2388 2510 guine
2403 2448 2541 2495 terra
2561 2440 2625 2494 ad
2647 2440 2869 2494 multam
2887 2455 3053 2511 usque
3069 2441 3474 2511 profunditatem
3503 2442 3802 2498 madefacta

2231 2540 2364 2598 erat,
2393 2532 2592 2601 lutique
2615 2531 2898 2600 plurimum
2927 2547 2994 2587 ex
3019 2547 3084 2588 eo
3107 2548 3325 2589 crurore
3353 2534 3670 2604 gignebatur
3697 2552 3710 2588 :
3741 2550 3803 2590 ex

2231 2622 2542 2692 corporibus
2567 2631 2742 2676 autem
2773 2637 3028 2692 equorum
3050 2631 3104 2677 et
3127 2623 3400 2679 hominum
3425 2625 3582 2678 simul
3605 2626 3804 2691 mixtis,

2232 2722 2390 2783 atque
2415 2729 2480 2767 ex
2501 2713 2807 2769 vulneribus
2832 2729 2890 2769 se
2916 2715 3141 2770 invicem
3174 2715 3528 2785 tangentibus,
3553 2723 3705 2771 tanta
3731 2717 3804 2770 vis

2230 2806 2487 2861 vermium
2513 2806 2750 2861 ebullivit
2769 2848 2784 2874 ,
2816 2815 2873 2860 ut
2900 2821 3019 2861 cum
3058 2816 3197 2862 terra
3224 2807 3560 2864 multitudine
3583 2810 3805 2864 cadave-

2231 2913 2351 2954 rum
2377 2897 2692 2968 operiretur,
2723 2896 2837 2952 haec
2867 2897 3124 2952 cadavera
3148 2914 3334 2953 rursus
3358 2899 3632 2956 vermibus
3657 2900 3805 2955 obte-

2232 2997 2502 3060 gerentur.
2535 2989 2766 3044 Dixisset
2793 2988 3028 3058 profecto
3051 2988 3140 3059 qui
3169 3003 3412 3058 campum
3454 2989 3604 3043 illum
3645 2989 3805 3044 vidis.

2232 3086 2351 3146 set,
2377 3094 2483 3134 non
2509 3079 2775 3135 substrata
2795 3093 3038 3149 corpora,
3066 3078 3160 3136 sed
3186 3079 3358 3135 fontes
3383 3095 3500 3135 esse
3525 3082 3804 3150 quamplu—

2233 3171 2433 3236 rimos,
2463 3169 2566 3225 hoc
2594 3171 2916 3226 insectorum
2950 3186 3118 3242 genus
3154 3171 3450 3242 largissime
3486 3171 3805 3227 fundentes:

2232 3261 2368 3316 adeo
2395 3262 2540 3316 omni
2567 3262 2907 3317 inundatione
2935 3262 3300 3318 vehementius
3328 3279 3393 3318 ex
3417 3265 3702 3334 putredine
3721 3264 3804 3317 illa

2232 3356 2554 3411 scaturiebat
2581 3353 2766 3427 ingens
2795 3356 2880 3410 illa
2904 3356 3164 3410 vermium
3201 3356 3375 3424 c0pia.
3417 3357 3586 3424 Atque
3617 3357 3669 3410 id
3701 3371 3804 3410 non

2232 3459 2329 3516 per
2353 3445 2537 3500 decem
2563 3446 2677 3501 dies
2700 3488 2716 3513 ,
2753 3454 2844 3500 aut
2868 3446 3070 3515 viginti,
3101 3446 3192 3502 sed
3222 3461 3319 3516 per
3348 3445 3631 3514 plurimum
3666 3457 3801 3502 tem-

2233 3535 2378 3604 poris
2414 3532 2612 3588 factum
2639 3542 2740 3588 est.
2770 3533 2838 3586 Et
2875 3547 2937 3588 ea
2963 3533 3177 3603 quidem
3203 3549 3320 3602 qua:
3347 3533 3431 3587 hic
3458 3535 3572 3589 istis
3599 3535 3805 3590 accide-

2233 3632 2388 3690 runt,
2415 3622 2674 3692 ejusmodi
2704 3621 2888 3685 fuere;
2919 3636 3038 3691 qua:
3063 3636 3190 3677 vero
3223 3622 3344 3676 illos
3383 3623 3436 3676 in
3474 3622 3652 3678 futuro
3695 3638 3805 3679 ma-

2233 3722 2380 3779 nent,
2410 3712 2566 3781 longe
2590 3718 2714 3764 sunt
2741 3710 2820 3762 bis
2847 3709 3136 3764 acerbiora.
3161 3708 3341 3778 Neque
3364 3711 3502 3762 enim
3531 3711 3677 3765 mille
3706 3726 3806 3764 an-

2233 3805 2345 3870 nis,
2372 3810 2462 3856 aut
2489 3801 2670 3857 decem
2698 3800 2927 3855 millibus
2947 3842 2962 3866 ,
3005 3808 3098 3854 aut
3133 3799 3215 3855 bis
3243 3808 3386 3855 terve
3413 3800 3632 3855 totidem
3663 3842 3678 3866 ,
3710 3801 3807 3856 sed

2232 3893 2451 3949 inﬁnitis
2479 3892 2686 3946 satculis
2709 3891 2937 3945 animata
2963 3897 3086 3944 tunc
3113 3904 3334 3958 corpora
3361 3889 3625 3944 cruciatus
3655 3891 3808 3944 inex-

2235 3981 2606 4053 piicabilesque
2624 3980 2834 4035 dolores
2855 3979 3206 4034 sustinebunt.
3234 3978 3301 4032 Et
3315 3977 3437 4033 haec
3455 3990 3680 4047 utraque
3706 3993 3804 4032 no-

2231 4074 2308 4129 vit
2331 4074 2514 4130 beatus
2543 4073 2722 4138 Isaias,
2745 4072 2892 4125 novit
2924 4080 2976 4126 et
2992 4069 3307 4125 mirabilium
3332 4069 3590 4123 visionum
3613 4084 3772 4140 specu

2231 4166 2369 4221 lator
2402 4164 2685 4229 Ezechiel,
2715 4163 2804 4232 qui
2832 4163 3132 4232 hujusmodi
3163 4160 3429 4214 hominum
3459 4174 3640 4231 panas
3669 4161 3802 4213 inter

2231 4272 2290 4314 se
2323 4257 2701 4312 distribuentes
2722 4295 2738 4322 ,
2770 4254 2903 4308 alter
2932 4245 3205 4324 prte'sentis
3223 4292 3238 4318 ,
3277 4251 3411 4306 alter
3439 4251 3596 4305 futuri
3625 4248 3798 4305 smculi

2229 4353 2486 4423 supplicia
2514 4357 2848 4406 enarrarunt.

2299 4446 2356 4500 2.
2388 4443 2606 4512 Quidam
2634 4441 2904 4495 monachos
2927 4449 2970 4493 et
2986 4447 3176 4495 ascetas
3211 4447 3404 4492 verant.
3434 4466 3504 4478 —-
3541 4437 3651 4506 Ego
3673 4446 3799 4487 vero

2232 4536 2348 4591 ham
2387 4550 2492 4588 non
2525 4533 2640 4588 sine
2675 4547 2833 4587 causa
2877 4530 3203 4594 memoravi,
3249 4528 3340 4582 sed
3384 4529 3502 4596 quia
3544 4524 3796 4580 accedens

2233 4627 2444 4698 quidam
2474 4625 2714 4678 nuntium
2743 4623 2918 4676 attulit
2955 4622 3166 4690 plenum
3199 4618 3596 4681 amaritudinis,
3626 4615 3792 4671 mole-

2234 4721 2370 4786 stiae,
2399 4718 2728 4789 ingentisque
2765 4715 3017 4782 adversus
3058 4713 3223 4766 Deum
3249 4707 3600 4764 contumeliae.
3632 4707 3795 4772 Quos-

2237 4810 2360 4865 dam
2387 4809 2527 4864 enim
2567 4820 2687 4860 esse
2731 4801 3127 4864 hominessait,
3154 4799 3244 4868 qui
3285 4798 3544 4865 hodieque
3577 4795 3792 4848 eadem.

2234 4914 2354 4968 qua:
2377 4898 2450 4951 illi
2477 4896 2601 4950 olim
2624 4893 2870 4959 barbari,
2899 4891 3178 4945 admittere
3199 4888 3488 4950 auderent;
3516 4886 3623 4939 imo
3651 4886 3794 4950 longe

2237 4989 2496 5059 iniquiora
2525 5005 2539 5041 :
2567 5001 2663 5042 eos
2707 4986 2901 5054 quippe
2925 4983 3012 5051 qui
3057 4979 3401 5050 philosophiae
3449 4986 3644 5032 nostrae
3670 4977 3684 5007 ¹
3709 4987 3794 5028 ca-

2235 5077 2508 5151 pessendae
2525 5084 2770 5130 auctores
2795 5082 2936 5140 sunt,
2959 5071 3188 5140 undique
3209 5069 3494 5139 expellere,
3519 5067 3792 5133 multisque

2235 5170 2430 5226 additis
2472 5167 2633 5223 minis
2665 5175 2844 5220 vetare
2867 5203 2883 5228 ,
2915 5179 2982 5218 ne
3008 5163 3276 5232 quidpiam
3306 5159 3608 5229 hujusmodi
3638 5157 3789 5212 ullum

2237 5273 2484 5329 umquam
2515 5256 2782 5311 hominem
2809 5255 3051 5308 doceant.
3098 5251 3192 5305 llis
3231 5250 3453 5309 auditis,
3485 5263 3585 5317 ego
3624 5243 3788 5300 statim

2235 5349 2504 5412 clamavi,
2544 5357 2598 5402 et
2633 5355 2932 5400 narrantem
2974 5356 3114 5410 saipe
3148 5347 3486 5408 percontatus
3528 5351 3676 5400 sum,
3717 5331 3788 5384 lu-

2235 5442 2434 5497 densnc
2462 5439 2577 5494 haec
2603 5438 2922 5507 loqueretur.
2941 5434 3138 5503 Apage,
3171 5431 3335 5500 inquit
3360 5429 3485 5494 ille;
3516 5432 3786 5494 numquam

2299 5580 2313 5609 '
2351 5581 2523 5631 Deest,
2570 5575 2776 5628 nostra',
2801 5567 2850 5615 in
2892 5564 3217 5631 duobus__ttt_ss.
3242 5559 3521 5631 tht._savil.
3545 5565 3598 5607 et
3629 5549 3786 5631 pungi.

2236 5620 2361 5689 hanc
2395 5620 2562 5686 vocem
2607 5620 2795 5688 ferunt',
2842 5635 2995 5689 recte.
3039 5624 3156 5673 Nihil
3193 5623 3323 5689 apud
3367 5620 3640 5689 istius__a:vi

2429 5678 2733 5761 Equitatus
2785 5678 3111 5761 quamjitamg
3127 5678 3786 5761 mnu-asticatu‘

2237 5739 2499 5817 SBﬁétiaéi.‘
2511 5739 2912 5814 {idad'egor'ium
2927 5750 3151 5806 δεύεαι,
3171 5746 3396 5795 tsidorum
3419 5739 3573 5793 Peius.
3588 5739 3647 5793 et
3660 5739 3785 5790 alios-
