4088 6138
192 206 296 263 519

701 397 1031 409 ’ὑι-

1014 204 1388 262 ADVERSUS
1429 205 1989 264 OPPUGNATORES
2021 205 2210 266 VITAS
2245 205 2554 267 MONAST.
2589 209 2722 266 LIB.
2764 209 2808 271 1.

3534 212 3644 276 5ῗο

735 379 3549 419 am

741 747 1209 882 ΠΡΟΣ
1287 747 1743 880 ΤΟΥΣ
1819 744 3114 884 ΠΟΛΕΜΟΥΝΤΑΣ
3585 807 3626 825 ο

898 1170 1152 1256 ΤΟΙΣ
1189 1171 1388 1257 ΕΠΙ
1423 1172 1572 1256 ΤΟ
1608 1165 2179 1258 ΜΟΝΑΖΕΙΝ
2217 1171 2837 1258 ΕΝΑΓΟΥΣΙΝ
2859 1162 2924 1258 ’⁸.

248 1862 463 1937 [45-44]
480 1862 682 1919 α’.”οτε
713 1865 804 1920 τὸν
821 1867 878 1922 ἐν
906 1867 1297 1940 Ἱεροσολύμοις
1317 1871 1454 1926 νεὼν
1479 1873 1690 1929 πολλῶν
1714 1866 1850 1930 ἐτῶν

173 1953 348 2024 χαμαὶ
360 1953 610 2024 κείμενον
627 1954 734 2007 ἀπὸ
749 1955 846 2026 τῆς
860 1957 1074 2029 μακρᾶς
1087 1959 1469 2024 ἐπανελθόντες
1479 1964 1854 2032 αἰχμαλωσίας

173 2041 411 2111 ἐγείρειν
440 2041 629 2112 ἡθελον
653 2041 761 2094 τῶν
799 2041 1065 2114 Ἐϐραίων
1094 2047 1142 2097 οἱ
1168 2047 1374 2109 παῖδες,
1397 2047 1516 2101 τότε
1546 2049 1609 2119 δὴ
1646 2049 1854 2120 βάρϐα-

176 2128 258 2198 ροί
287 2145 434 2191 τινες
474 2130 567 2182 κα)¹
594 2131 861 2202 ἀνήμεροι
901 2131 1201 2202 ἄνθρωποι,
1257 2134 1396 2205 μήτε
1418 2135 1510 2190 τὸν
1543 2137 1676 2190 Θεὸν
1707 2139 1854 2190 αἰδε-

170 2213 416 2280 σθέντες,
444 2209 489 2284 ᾧ
514 2219 608 2270 τὸν
650 2215 786 2270 νεὼν
813 2217 1042 2289 ἤγειραν
1089 2221 1285 2274 ἐκεῖνοι
1308 2231 1350 2285 ⁸,
1397 2223 1537 2294 μήτε
1573 2225 1713 2296 πρὸς
1753 2226 1854 2297 τὴν

167 2303 280 2356 τῶν
311 2303 617 2375 ἀνθρώπων
647 2303 1114 2369 κατακλασθέντες
1151 2310 1472 2381 συμφοράν,
1513 2312 1607 2380 ἀφ’
1638 2307 1707 2384 ἦς
1752 2314 1854 2384 ὀψέ

166 2407 300 2444 ποτε
337 2395 432 2445 καὶ
461 2393 614 2464 μόλις
640 2393 967 2464 ἀνήνεγκαν,
1003 2396 1143 2465 μήτε
1166 2398 1267 2466 τὴν
1296 2398 1449 2470 παρὰ
1473 2399 1604 2452 Θεοῦ
1637 2404 1752 2465 τοῖς
1785 2401 1856 2456 τὰ

166 2481 400 2534 τοιαῦτα
439 2479 713 2549 τολμῶσιν
755 2481 1029 2554 ἑπομένην
1072 2484 1404 2555 φοϐηθέντες
1431 2487 1610 2558 δίκην,
1651 2488 1712 2542 τὸ
1755 2489 1854 2560 μὲν

167 2570 393 2641 πρῶτον
445 2570 514 2622 δι’
548 2570 758 2623 ἐαυτῶν
810 2571 1128 2644 ἐπεχείρουν
1169 2574 1399 2629 κωλύειν
1439 2577 1854 2648 οἰκοδομοῦντας

169 2658 402 2722 αὐτούς’
446 2658 522 2721 ὡς
558 2657 615 2710 δὲ
655 2659 806 2713 οὐδὲν
841 2661 1025 2730 ἤνυον,
1053 2662 1360 2733 γράμματα
1411 2666 1730 2736 πέμψαντες
1768 2666 1857 2730 ’ὡς

169 2745 395 2816 βασιλέα
419 2746 509 2800 τὸν
536 2746 736 2810 αὐτῶν,
757 2748 814 2799 ἐν
837 2742 918 2810 οἷς
933 2748 1245 2821 ἀποστάτην
1273 2754 1316 2782 ⁸·
1349 2752 1446 2805 καλ⁷
1466 2770 1630 2806 νεωτε
1640 2753 1855 2824 ροποιὸν

166 2835 261 2887 καὶ
307 2834 675 2905 φιλοπόλεμον
724 2834 823 2906 τὴν
872 2836 1026 2890 πόλιν
1069 2838 1298 2892 ἐκάλουν
1345 2840 1584 2910 ἐκείνην,
1627 2839 1856 2896 ἔπεισαν

167 2923 466 2992 ἐπιτρέψαι
515 2921 757 2976 κωλῦσαι
789 2923 941 2993 σφίσι
985 2924 1082 2995 τὴν
1114 2926 1422 2999 οἰκοδομήν.
1459 2929 1570 2981 Καὶ
1599 2927 1855 2992 λαϐόντες

166 3011 372 3080 ταύτην
435 3011 566 3081 παρ’
601 3011 811 3064 ἐκείνου
868 3012 968 3083 τὴν
1008 3013 1288 3081 ἐξουσίαν,
1324 3018 1419 3069 καὶ
1463 3015 1604 3087 μετά
1644 3016 1856 3072 πολλῶν

165 3100 353 3162 αὐτοῖς
369 3097 800 3170 ἐπιθέμενοιτῶν
824 3101 1053 3168 ἱππέων,
1076 3102 1105 3155 δ
1113 3103 1337 3174 ιέκοψάν
1356 3122 1414 3157 τε
1431 3104 1492 3157 τὸ
1511 3103 1672 3176 ἔργον
1692 3105 1852 3172 τέως,

163 3186 260 3238 καὶ
289 3186 551 3256 ἐφρόνουν
581 3186 673 3239 ἐπὶ
704 3189 771 3257 τῇ
793 3186 918 3260 νίκῃ
946 3189 1111 3259 μέγα,
1153 3191 1239 3261 ἐφ’
1280 3187 1352 3262 ἧς
1403 3193 1845 3248 κατακόπτεσθαι

159 3274 294 3336 ἔδει,
321 3275 414 3327 καὶ
449 3274 626 3345 πέρας
648 3276 830 3339 αὐτοῖς
863 3275 1006 3346 ἔχειν
1042 3276 1210 3348 ᾤοντο
1230 3279 1328 3350 τὴν
1369 3279 1682 3350 ἐπιϐουλήν.
1712 3281 1845 3335 Τόδε

153 3358 224 3434 ἦν
251 3363 365 3434 ἄρα
399 3363 682 3435 προοίμιον
715 3366 809 3418 καὶ
846 3366 988 3437 ἀρχὴ
1019 3364 1128 3420 τῶν
1155 3367 1356 3421 αὐτίκα
1373 3367 1437 3439 δὴ
1465 3368 1608 3440 μάλα
1647 3369 1846 3433 αὐτοὺς

153 3451 632 3522 καταληψομένων
672 3452 879 3507 κακῶν.
932 3454 1004 3507 Τό
1056 3472 1115 3508 τε
1163 3455 1273 3527 γάρ
1309 3455 1468 3527 ἔργον
1494 3457 1710 3526 ἠνύετο,
1750 3457 1848 3511 καὶ

152 3539 416 3610 λαμπρὸν
459 3539 807 3610 ἀπελάμϐανε
837 3540 991 3605 τέλος
1014 3557 1028 3570 ·
1062 3543 1261 3596 ἐκεῖνοί
1294 3559 1353 3596 τε
1375 3543 1698 3614 ἐμάνθανον,
1749 3545 1845 3598 καὶ

151 3627 222 3679 δι’
278 3626 506 3679 ἐκείνων
563 3627 822 3692 ἅπαντες,
860 3629 942 3682 ὅτι
992 3629 1091 3682 ούκ
1145 3628 1255 3700 ἄρα
1301 3629 1612 3699 ἀνθρώποις
1651 3631 1844 3686 ἐπολέ-

155 3734 333 3787 μουν,
379 3715 503 3768 οὗτε
542 3717 879 3788 Μιθριδάτης
899 3718 1041 3785 τότε,
1072 3717 1192 3770 οὐδὲ
1217 3717 1373 3782 ἄλλος
1402 3717 1429 3757 δ
1457 3719 1662 3786 οὐδεὶς,
1692 3721 1752 3785 ὃς
1777 3721 1844 3776 ἂν

152 3803 473 3875 ἀνθρώποις
526 3805 711 3876 ἕληται
759 3806 1016 3877 πολεμεῖν
1047 3807 1251 3876 ἀγαθόν
1288 3825 1342 3860 τι
1388 3810 1844 3882 προαιρουμένοις

153 3895 360 3956 ποιεῖν,
387 3892 502 3945 ἀλλ’
532 3893 683 3964 αὐτῷ
717 3893 823 3966 πρὸ
856 3894 1081 3947 ἐκείνων
1111 3892 1191 3961 τῷ
1224 3894 1290 3948 δι’
1317 3896 1542 3950 ἐκείνων
1596 3898 1844 3968 τιμωμέ-

152 3999 232 4050 νῳ
249 3979 393 4050 Θεῷ.
421 3980 524 4033 Τὸν
541 3978 599 4033 δὲ
627 3979 745 4052 Θεῷ
768 3981 1102 4052 πολεμοῦντα
1125 3983 1224 4034 οὐκ
1247 3981 1324 4036 ἐνι
1349 3983 1480 4036 ποτὲ
1509 3985 1589 4047 είς
1608 3985 1843 4055 χρηστὸν

153 4066 540 4138 καταστρέψαι
570 4066 740 4130 τέλοςο
772 4068 886 4121 ἀλλ’
912 4069 940 4120 ό
965 4068 1203 4132 τοιοῦτος
1241 4071 1298 4122 ἐν
1325 4069 1466 4140 ἀρχῇ
1493 4070 1590 4140 μὲν
1606 4071 1702 4140 τῆς
1729 4071 1846 4124 τόλ-

155 4171 271 4226 μης
300 4153 454 4207 οὐδὲν
480 4155 612 4216 ἴσως
631 4155 875 4208 πείσεται
909 4156 1101 4218 δεινὸν,
1125 4154 1189 4209 ἂν
1218 4157 1262 4209 δ’
1279 4157 1386 4226 ἄρα
1415 4157 1490 4228 μὴ
1522 4157 1714 4224 πάθοι,
1747 4146 1842 4213 τοῦ

152 4240 297 4296 Θεοῦ
329 4241 625 4304 καλοῦντος
656 4242 817 4296 αὐτὸν
833 4245 912 4306 εἰς
933 4243 1242 4313 μετάνοιαν,
1276 4245 1371 4298 καὶ
1397 4245 1632 4310 διδόντος
1654 4245 1842 4318 ὥσπερ

153 4332 222 4385 ἔκ
249 4347 396 4393 τινος
437 4330 608 4401 μέθης
651 4333 982 4398 ἀνενεγκεῖν·
1018 4332 1084 4384 ἂν
1123 4332 1181 4385 δὲ
1225 4333 1457 4406 ἐπιμένῃ
1489 4346 1511 4373 ο
1546 4337 1614 4407 τῇ
1647 4353 1844 4406 παροι-

153 4421 270 4490 νίᾳ,
286 4419 455 4489 μηδὲν
473 4419 579 4472 ἀπὸ
599 4419 698 4490 τῆς
719 4418 987 4491 τοσαύτης
1010 4418 1358 4484 ἀνεξικακίας
1374 4422 1692 4493 κερδαίνων,
1717 4423 1837 4477 ἐτέ-

157 4523 288 4576 ρους
313 4505 444 4573 γοῦν
467 4507 652 4578 ὀνήσει
672 4506 742 4560 τὰ
760 4507 1013 4576 μέγιστα,
1035 4507 1123 4561 διὰ
1143 4507 1242 4576 τῆς
1271 4510 1352 4571 είς
1374 4509 1538 4563 αὑτὸν
1562 4512 1834 4580 τιμωρίας

154 4593 432 4646 παιδεύων
461 4593 728 4663 μηδέποτε
754 4595 851 4664 τῆς
887 4593 1024 4664 πρὸς
1051 4593 1140 4646 τὸν
1166 4593 1301 4647 Θεὸν
1327 4593 1597 4648 ἅπτεσθαι
1631 4598 1834 4666 μάχης,

64 4675 72 4682 ’
154 4682 234 4743 ὡς
283 4681 386 4733 οὐκ
435 4681 554 4732 ἐνὸν
591 4681 689 4751 τὴν
732 4681 1002 4751 ἀήττητον
1062 4681 1278 4750 ἐκείνην
1321 4683 1480 4751 χεῖρα
1531 4681 1833 4752 διαφυγεῖν.

155 4766 412 4820 Τοιαῦται
441 4767 572 4834 γοῦν
603 4767 802 4831 εὐθέως
844 4769 1036 4831 αὐτοὺς
1207 4767 1612 4835 κατελάμϐανον
1629 4785 1839 4840 συμφο-

155 4856 271 4926 ραὶ,
314 4856 391 4918 ὡς
415 4855 734 4926 ἀποκρύψαι
769 4855 846 4926 τῷ
872 4855 1089 4927 μεγέθει
1104 4855 1200 4925 τῆς
1217 4855 1524 4926 τραγῳδίας
1540 4856 1718 4918 πάσας
1737 4857 1835 4922 τὰς

152 4943 321 5008 ἄλλας
347 4945 652 5015 συμφοράς.
677 4943 829 4998 Μετά
853 4945 961 5016 γὰρ
979 4941 1006 4980 ἀ
1029 4945 1154 5007 τοὺς
1170 4943 1366 5013 φόνους
1392 4945 1486 4997 καὶ
1513 4945 1611 5009 τὰς
1633 4947 1834 5017 μυρίας

215 5101 240 5122 ⁴
262 5101 394 5150 Libri
423 5104 659 5152 adversus
681 5111 1049 5165 oppugnatores
1089 5101 1202 5152 vitae
1226 5103 1506 5154 monasticae
1529 5105 1693 5156 collati
1718 5114 1834 5159 sunt

151 5176 266 5233 cum
289 5165 399 5233 cui.
424 5165 642 5216 Colbert.
667 5165 775 5233 9η-
799 5173 853 5214 et
867 5179 1003 5233 _cur_n
1041 5165 1139 5233 alio
1179 5168 1318 5226 cujus
1357 5181 1595 5233 numeros
1627 5173 1830 5221 excidit.

154 5226 210 5288 in
266 5226 416 5274 titulo
454 5240 547 5274 ms.
600 5234 654 5275 et
699 5227 818 5275 edit.
863 5227 1016 5276 Savil.
1054 5227 1313 5288 ἐνάγουσιν.
1356 5257 1419 5266 -
1462 5230 1496 5277 E
1534 5230 1718 5279 Savilio
1759 5234 1832 5280 ἐν-

153 5285 353 5350 ἄγουσι-σί
374 5290 720 5348 rescripsimus
765 5302 851 5350 pro
871 5288 1067 5349 vulgata
1094 5285 1310 5350 lectione
1337 5290 1621 5350 εἰσάγουσιν.
1648 5293 1784 5341 Emr.

220 5350 243 5376 δ
273 5347 356 5398 Sic
380 5363 496 5397 mss.
525 5347 624 5399 duo
646 5358 700 5398 et
730 5347 838 5398 Silv.
866 5350 924 5398 ad
948 5347 1102 5411 marg.
1131 5349 1260 5400 Editi
1282 5347 1464 5400 ἐκεῖνον
1480 5351 1643 5401 minus
1668 5362 1826 5404 recte.

216 5411 266 5470 ξ’
292 5411 442 5460 Forte
473 5412 736 5470 legendum
764 5412 1040 5459 ἀποστάτιν.

213 5469 244 5511 δ
264 5471 403 5521 Colb.
433 5469 560 5520 unus
584 5475 692 5522 οὔτε
709 5473 866 5529 ὄλλος.
889 5473 1011 5522 Tota
1032 5472 1264 5533 periodus
1287 5474 1528 5522 tantillum
1550 5473 1735 5524 habere
1757 5478 1831 5524 vi-

155 5533 651 5593 deturdil‘licullatis,
695 5547 839 5595 quam
884 5543 937 5583 ut
977 5534 1255 5582 declinaret
1295 5533 1602 5593 Ambrosius,
1644 5535 1876 5594 seriem,”

158 5597 414 5653 paululum
439 5597 735 5652 immutavn,
760 5608 925 5657 neque
947 5599 1113 5644 tamen
1138 5595 1386 5645 aberraVit
1403 5612 1429 5644 a
1449 5610 1617 5645 sensu.

219 5659 241 5687 '
267 5659 351 5707 Sic
391 5670 508 5704 mss.
537 5664 686 5718 atque
724 5660 789 5705 ita
815 5655 936 5720 legit
959 5657 1263 5706 Ambrosius.
1306 5659 1434 5707 [ἱόὶιὶ
1465 5672 1580 5708 \ero
1602 5660 1704 5708 εἶτα
1725 5662 1828 5710 ἐπι-

219 5736 280 5767 m.
313 5719 474 5767 Paulo
496 5726 605 5767 post
625 5719 722 5767 duo
745 5733 856 5767 mss.
883 5719 944 5767 τὰ
967 5719 1166 5767 μέγιστα
1185 5719 1281 5767 ἀπὸ
1304 5725 1405 5767 τῆς.

158 5731 280 5780 nev-9.
313 5719 474 5768 Paulo
496 5726 605 5779 post
625 5719 722 5767 duo
745 5733 856 5767 mss.
872 5719 944 5767 τὰ
967 5719 1166 5780 μέγιστα
1185 5719 1281 5767 ἀπὸ
1304 5725 1405 5778 τῆς.

211 5780 240 5818 ἀ
267 5781 510 5848 l_)uo__n_1§s.
526 5785 592 5848 _el
613 5779 762 5828 Savil.
789 5783 837 5848 in
861 5793 1014 5847 marg.
1038 5782 1108 5840 τῷ
1132 5782 1311 5848 μεγέθει
1335 5783 1417 5848 τᾲς
1435 5785 1714 5848 τραγῳδίας·
1742 5803 1826 5848 με-

156 5855 212 5888 τα
231 5843 332 5908 γάρ.
364 5841 487 5891 Ibid.
509 5843 605 5890 duo
628 5855 740 5891 mss.
778 5845 871 5890 τῶν
889 5841 1040 5905 φόνων
1061 5844 1208 5904 male,
1220 5841 1520 5922 Egitleln'r;

1959 1876 2171 1947 σφαγὰς
2201 1866 2266 1940 ἃς
2278 1865 2334 1929 αἱ
2349 1875 2456 1928 τῶν
2468 1867 2582 1928 τότε
2595 1873 2948 1944 κωλυομένων
2961 1871 3230 1926 Ἰουδαίων
3243 1872 3321 1936 είς
3331 1869 3523 1936 αὐτοὺς
3537 1889 3559 1924 ε
3569 1871 3642 1944 ίρ-

1955 1965 2194 2032 γάσαντο
2228 1955 2427 2034 χεῖρες,
2452 1961 2709 2032 ἐϐρέχετο
2739 1960 2838 2031 μὲν
2853 1959 2931 2030 τῷ
2947 1959 3055 2012 τῶν
3078 1959 3437 2031 ἀνῃρημένων
3447 1959 3638 2029 αἵματι

1958 2051 2047 2104 διὰ
2087 2040 2285 2105 πολλοῦ
2329 2050 2421 2104 τοῦ
2452 2049 2650 2121 βάθους
2672 2051 2706 2120 ἡ
2733 2048 2825 2118 γῆ,
2854 2049 2947 2101 καὶ
2979 2047 3147 2112 πολὺς
3186 2048 3295 2102 ἀπὸ
3321 2047 3513 2101 τούτου
3539 2045 3635 2099 τοῦ

1956 2140 2186 2211 αἵματος
2212 2141 2422 2207 ἐγίνετο
2460 2137 2629 2208 πηλός
2647 2153 2662 2168 ·
2684 2135 2792 2189 τῶν
2821 2135 2877 2199 δὲ
2912 2135 3178 2206 σωμάτων
3194 2134 3300 2188 τῶν
3314 2151 3371 2188 τε
3404 2133 3639 2188 ἱππείων

1953 2225 2063 2279 τῶν
2100 2243 2160 2278 τε
2189 2219 2542 2296 ἀνθρωπίνων
2567 2221 2704 2295 ὁμοῦ
2750 2221 3144 2293 πεφυρμένων,
3191 2224 3256 2276 ἐκ
3294 2221 3496 2275 τούτων
3538 2219 3636 2274 καὶ

1955 2313 2064 2366 τῶν
2094 2308 2154 2365 ἐν
2189 2310 2400 2371 τούτοις
2444 2309 2920 2382 προστριϐομένων
2953 2304 3189 2363 ὠτειλῶν
3215 2310 3466 2364 τοσοῦτον
3489 2326 3636 2362 σκω-

1955 2398 2138 2470 λήκων
2157 2399 2398 2450 ἐτίκτετο
2424 2395 2648 2468 πλῆθος,
2675 2395 2747 2460 ὠς
2773 2398 2872 2467 τὴν
2901 2393 2999 2468 μὲν
3025 2398 3127 2468 γῆν
3153 2397 3229 2468 τῷ
3265 2397 3458 2469 πλήθει
3496 2397 3633 2468 κρύ-

1961 2485 2193 2538 πτεσθαι
2231 2485 2338 2539 τῶν
2375 2485 2606 2556 νεκρῶν,
2645 2486 2870 2547 τούτους
2898 2482 2954 2536 δέ
2988 2485 3184 2547 αὐτοὺς
3205 2480 3364 2538 πάλιν
3395 2483 3473 2554 τῷ
3523 2484 3627 2542 τῶν

1959 2572 2277 2644 σκωλήκων.
2338 2568 2506 2627 Εἶπεν
2527 2572 2592 2627 ἄν
2616 2589 2718 2636 τις,
2739 2572 2917 2624 ἐκεῖνο
2943 2571 3005 2624 τὸ
3040 2571 3222 2626 πεδίον
3250 2571 3394 2635 ἰδὼν,
3429 2573 3489 2625 ού
3523 2571 3632 2624 σώ-

1961 2677 2109 2730 ματα
2127 2658 2372 2714 κάτωθεν
2392 2658 2712 2714 ὑποκεῖσθαι
2729 2659 2961 2731 νεκρῶν,
2987 2656 3124 2713 ἀλλά
3142 2659 3325 2730 πηγὰς
3351 2658 3487 2713 εἶναι
3505 2660 3636 2713 πολε

1957 2751 2075 2817 λάς,
2098 2751 2193 2805 καὶ
2217 2750 2546 2822 πολλαχόθεν
2572 2747 2748 2804 ἐκεῖνο
2773 2749 3047 2822 φερούσας
3069 2749 3176 2804 τῶν
3195 2748 3350 2816 ζώων
3371 2749 3431 2803 τὸ
3453 2749 3630 2819 γένος·

1957 2837 2101 2892 οὕτω
2125 2839 2307 2911 πάσης
2342 2837 2651 2910 ἐπιρροπῆς
2685 2837 3045 2910 σφοδρότερον
3069 2837 3178 2891 ἀπὸ
3211 2837 3313 2908 τῆς
3343 2838 3634 2909 σηπεδόνος

1957 2923 2171 2995 ἐκείνης
2216 2925 2510 2989 ἀνέϐλυζεν
2537 2927 2570 2996 ἡ
2605 2924 2715 2977 τῶν
2742 2925 3040 2996 σκωλήκων
3064 2924 3226 2996 φορά.
3253 2924 3426 2978 Τοῦτο
3454 2925 3511 2979 δὲ
3533 2925 3634 2978 οῦκ

1956 3013 2050 3086 ἐπὶ
2065 3013 2197 3066 δέκα
2223 3013 2317 3067 καὶ
2352 3013 2557 3067 εἴκοσιν
2581 3013 2817 3083 ἡμέραις
2833 3013 3043 3080 ἐγίνετο
3066 3014 3244 3084 μόνον,
3265 3013 3378 3066 ἀλλ’
3397 3014 3489 3067 ἐπὶ
3505 3013 3632 3066 πολ-

1957 3101 2037 3172 λῷ
2063 3100 2141 3172 τῷ
2163 3102 2359 3172 χρόνῳ.
2396 3101 2508 3155 Καὶ
2552 3103 2618 3153 τά
2656 3100 2753 3170 μὲν
2780 3100 3012 3153 ἐνταῦθα
3042 3100 3284 3154 τοιαῦταο
3329 3101 3399 3154 τὰ
3430 3100 3486 3154 δέ
3517 3101 3636 3155 ἐκεῖ

1947 3188 2303 3260 διαδεξόμενα
2325 3188 2542 3254 αὐτοὺς,
2567 3186 2747 3257 πολλῷ
2767 3187 2974 3240 τούτων
2995 3188 3114 3240 ἐστὶ
3141 3187 3518 3260 χαλεπώτερα.
3555 3189 3631 3242 Οὐ

1949 3276 2061 3350 γὰρ
2084 3278 2166 3341 είς
2194 3278 2345 3348 χίλια
2365 3275 2483 3350 ἔτη,
2515 3275 2638 3330 ούδέ
2662 3278 2742 3339 εἰς
2773 3275 2944 3346 μύρια
2969 3276 3154 3348 μόνον,
3188 3277 3309 3330 οὐδὲ
3332 3279 3411 3340 είς
3433 3277 3515 3341 δὶς
3540 3295 3631 3330 το-

1948 3369 2142 3436 σαῦτα,
2175 3370 2272 3424 καὶ
2299 3369 2441 3442 τρὶς,
2467 3368 2582 3422 ἀλλ’
2608 3369 2689 3432 είς
2709 3367 2968 3438 ἀπείρους
2994 3368 3199 3432 αἰῶνας
3222 3366 3540 3438 ψυχωθέντα
3562 3369 3632 3424 τὰ

1947 3455 2195 3527 σώματα,
2213 3458 2335 3510 τότε
2361 3453 2685 3526 δέχεταιτάς
2705 3454 2969 3526 βασάνους
2995 3455 3207 3518 καὶτὰς
3233 3457 3504 3529 ἀρρήτους
3533 3457 3630 3510 ἀλη

1946 3544 2180 3615 γηδόνας
2201 3543 2439 3607 ὲκείνας.
2468 3542 2579 3596 Καὶ
2603 3542 2778 3597 ταῦτα
2806 3543 3094 3615 ἀμφότερα
3129 3540 3238 3598 οἶδε
3267 3544 3366 3615 μὲν
3389 3547 3419 3597 ὁ
3452 3546 3630 3615 μακά-

1949 3647 2062 3702 ριος
2115 3631 2372 3694 Ἡσαΐας,
2397 3623 2506 3683 οἶδε
2529 3629 2586 3682 δέ
2625 3631 2654 3682 ὁ
2686 3629 2797 3684 τῶν
2837 3630 3158 3702 παραδόξων
3203 3631 3380 3702 ὄψεων
3425 3631 3631 3703 θεωρὸς

1945 3715 2228 3788 Ἰεζεκιὴλ,
2248 3717 2298 3770 οἳ
2315 3717 2532 3770 καὶτῶν
2549 3715 2852 3789 ἀνθρώπων
2875 3717 3079 3772 τούτων
3105 3719 3513 3794 διανειμάμενοι
3527 3719 3626 3791 τὴν

1944 3803 2189 3868 κόλασιν,
2220 3805 2249 3857 ό
2275 3804 2376 3872 μὲν
2396 3803 2492 3875 τὴν
2519 3803 2774 3870 ἐνταῦθα,
2801 3805 2831 3857 ό
2856 3803 2912 3858 δὲ
2948 3803 3048 3876 τὴν
3082 3807 3201 3858 ἐκεῖ
3237 3804 3537 3878 διηγήσατο
3574 3818 3622 3860 ο.

2018 3891 2082 3962 β’.
2111 3890 2252 3961 Ἐγὼ
2284 3892 2341 3944 δὲ
2369 3891 2548 3945 αὐτῶν
2585 3893 2686 3962 οὐχ
2720 3890 2908 3956 ἁπλῶς
2944 3894 3328 3964 ἐμνημόνευσα
3357 3893 3450 3948 νῦν
3472 3933 3487 3960 ,
3509 3893 3626 3960 an?

1944 3979 2130 4051 ἐπειδή
2152 3997 2235 4042 τις
2261 3977 2432 4032 ἐλθὼν
2458 3980 2590 4051 ἡμῖν
2619 3979 2954 4050 ἀπήγγειλεν
2985 3980 3246 4049 ἀγγελίαν
3275 3982 3478 4052 πικράν
3504 3998 3625 4034 τινα

1944 4066 2039 4118 καὶ
2067 4065 2327 4136 χαλεπὴν,
2354 4067 2447 4118 καὶ
2468 4067 2668 4136 πολλὴν
2699 4068 2780 4130 είς
2804 4066 2896 4120 τὸν
2915 4066 3046 4120 Θεὸν
3069 4067 3169 4141 τὴν
3198 4067 3354 4139 ὕϐριν
3373 4067 3622 4138 ἔχουσαν.

1944 4148 2097 4206 Εἶναι
2132 4153 2240 4222 γάρ
2270 4170 2424 4216 τινας
2452 4152 2776 4225 ἀνθρώπους
2807 4155 2903 4206 καὶ
2941 4152 3036 4208 νῦν
3066 4154 3135 4208 τὰ
3167 4154 3308 4208 αὐτὰ
3341 4158 3454 4218 τοῖς
3487 4155 3622 4228 βαρ-

1944 4239 2134 4311 ϐάροις
2155 4239 2470 4308 τολμῶντας
2496 4241 2748 4306 ἐκείνοις,
2767 4242 2967 4313 μᾶλλον
2984 4242 3040 4296 δέ
3061 4243 3156 4298 καὶ
3177 4243 3623 4318 παρανομώτερα

1944 4328 2168 4382 ἐκείνων
2186 4327 2384 4399 πολλῷ⁹
2412 4329 2538 4392 τοὺς
2565 4328 2673 4401 γὰρ
2702 4332 2782 4394 είς
2807 4331 2906 4402 τὴν
2933 4331 3055 4386 καθ’
3083 4333 3230 4403 ἡμᾶς
3258 4331 3574 4402 φιλοσοφίαν
3593 4331 3616 4373 ί

1944 4415 2177 4483 ἄγοντας
2205 4414 2470 4468 πάντοθεν
2492 4414 2758 4480 ἐλαύνειν,
2782 4418 2879 4470 καὶ
2912 4417 3051 4487 μετὰ
3079 4419 3283 4489 πολλῆς
3317 4421 3416 4490 τῆς
3457 4421 3620 4474 ἀπει-

1943 4501 2044 4572 λῆς
2068 4503 2434 4575 ἀπαγορεύειν
2463 4503 2693 4556 καθόλου
2719 4505 2794 4576 μὴ
2817 4505 3170 4574 φθέγγεσθαι,
3198 4508 3332 4578 μηδέ
3346 4508 3620 4568 διδάσκειν

1948 4591 2152 4662 μηδένα
2191 4592 2319 4645 ποτέ
2340 4592 2643 4664 ἀνθρώπων
2669 4592 2908 4647 τοιοῦτον
2943 4594 3129 4666 μηδέν.
3173 4594 3312 4665 Ἐγὼ
3338 4597 3436 4668 μὲν
3463 4592 3558 4651 οῦν
3591 4601 3617 4639 ε·

1944 4679 2220 4749 ἀνέκραξά
2261 4697 2319 4732 τε
2358 4679 2560 4743 εὐθέως
2590 4679 2850 4745 ἀκούσας,
2891 4681 2985 4734 καὶ
3011 4681 3104 4735 τὸν
3134 4683 3358 4737 εἰπόντα
3383 4685 3617 4756 συνεχῶς

1944 4766 2258 4838 ἀνηρώτων,
2283 4770 2333 4821 εί
2377 4767 2453 4839 μὴ
2493 4768 2678 4834 παίζοι
2731 4768 2904 4823 ταῦτα
2947 4769 3141 4841 λέγων.
3174 4772 3232 4825 Ὀ
3261 4771 3339 4836 δὲ,
3372 4774 3614 4842 Ἀπαγε,

1943 4853 2045 4924 ἔφη
2061 4872 2073 4885 ·
2105 4855 2180 4928 μὴ
2201 4856 2310 4927 γάρ
2333 4855 2399 4910 ἄν
2421 4874 2552 4910 ποτε
2573 4857 2823 4930 παίζοιμι
2854 4859 3046 4926 ταῦτα,
3072 4860 3197 4932 μηδ’
3217 4859 3282 4915 ἂν
3302 4863 3498 4931 εἰπεῖν,
3521 4865 3617 4918 καὶ

1941 4941 2144 5008 πλάσαι
2179 4943 2403 4996 τοιαῦτα
2427 4944 2504 5015 τῷ
2531 4944 2703 5015 λόγῳ,
2737 4945 2772 5000 ἃ
2810 4946 3006 5000 πολλοῦ
3028 4943 3094 5002 ἄν
3117 4950 3490 5021 ἐτιμησάμην,
3520 4953 3612 5006 καὶ

1941 5029 2201 5094 πολλάκις
2247 5029 2499 5104 ηὐξάμην
2531 5032 2664 5104 μηδὲ
2685 5033 2800 5098 νῦν,
2824 5035 2912 5088 ὅτε
2935 5035 3180 5104 γέγονεν,
3220 5037 3278 5088 ἐν
3309 5037 3443 5110 ἀκοῇ
3482 5039 3615 5108 γοῦν

1937 5117 2189 5183 δέξασθαι
2209 5120 2363 5192 μόνῃ.
2379 5121 2511 5174 Τότε
2526 5120 2590 5193 δὴ
2605 5124 2698 5176 καὶ
2719 5124 3037 5195 πικρότερον
3051 5125 3612 5198 ἀνοιμώξας,”οντως,

1938 5207 2096 5278 ἔφην,
2117 5207 2226 5262 τῶν
2244 5208 2322 5280 τῷ
2348 5209 2654 5283 Μιθριδάτῃ
2682 5212 2780 5266 καὶ
2804 5215 2970 5267 πᾶσιν
2992 5215 3221 5280 ἐκείνοις
3235 5217 3614 5288 τολμηθέντων

1937 5297 2174 5368 τοσούτῳ
2211 5298 2380 5352 ταῦτα
2433 5299 2766 5372 ἀνοσιώτερα
2787 5340 2802 5364 ,
2831 5302 2942 5372 ὅσῳ
2972 5303 3068 5356 καὶ
3089 5305 3412 5378 σεμνότερος
3434 5307 3614 5380 πολλῷ

1936 5385 2029 5438 καὶ
2057 5383 2358 5456 ἁγιώτερος
2375 5387 2541 5450 όναὸς
2561 5380 2716 5452 οὗτος
2733 5388 2962 5443 ἐκείνου.
2981 5390 3145 5444 Ἀλλά
3163 5391 3324 5458 τίνες,
3351 5395 3468 5448 είπέ
3497 5413 3611 5465 μοι.

1937 5472 2032 5525 καὶ
2087 5471 2251 5526 πόθεν
2290 5475 2340 5525 oi
2383 5473 2558 5528 ταῦτα
2587 5475 2993 5546 τολμήσαντε;;
3043 5479 3135 5531 καὶ
3178 5479 3267 5533 διὰ
3306 5481 3381 5546 τί,
3414 5483 3506 5536 καὶ
3545 5483 3611 5535 ἐκ

2000 5663 2022 5726 ξ
2042 5662 2160 5726 _Du0
2177 5677 2293 5713 mss.
2316 5663 2504 5714 habent
2525 5665 2826 5726 διηγήσαντο.

2000 5721 2278 5790 {puo_mss.
2303 5727 2367 5781 εἰς
2389 5721 2685 5788 φιλοσοφίαν,
2710 5731 2891 5777 omisso
2910 5729 2995 5786 τήν
3027 5730 3131 5789 καθ’
3153 5732 3292 5790 ἡμᾶς.
3311 5727 3440 5777 Edil.
3454 5727 3610 5779 Sa'lil.

1933 5793 1994 5838 eL
2009 5785 2182 5834 Morel.
2209 5793 2262 5834 ut
2285 5785 2450 5847 supra.
2469 5785 2624 5836 recte.

1999 5848 2024 5888 ε
2049 5847 2130 5899 Sic
2151 5860 2264 5898 mss.
2291 5846 2354 5898 et
2365 5848 2485 5899 edit.
2511 5849 2622 5898 Sav.
2645 5846 2701 5898 In
2721 5849 2800 5899 ed.
2823 5855 2989 5899 autem
3014 5849 3132 5899 Mor.
3154 5850 3236 5900 οὖν
3257 5849 3418 5901 deesL
