4088 6138
509 200 612 269 Ill

509 325 670 397 ποίας
701 321 903 392 αιτίας,
931 324 1027 380 καὶ
1060 324 1198 398 πρὸς
1228 324 1281 379 τί
1318 324 1608 396 βλέποντες
1646 326 1774 389 τούς
1795 324 1979 389 λίθους
2008 328 2086 390 είς
2119 329 2178 381 τὸ

510 412 644 482 ὕψος
665 411 1046 484 βάλλουσι,καὶ
1059 411 1295 482 πρὸςτὸν
1322 412 1549 483 οὐρανὸν
1568 412 1910 476 ἀκοντίζουσι
1937 414 2007 468 τά
2020 414 2175 486 βέλη,

509 501 605 555 καὶ
618 499 699 572 τῷ
712 500 813 570 τῆς
841 499 1066 570 εἰρήνης
1087 497 1383 569 πολεμοῦσι
1407 498 1527 570 Θεῷ
1549 518 1564 566 ;
1593 499 1812 570 Σαμέας
1837 501 1935 571 μὲν
1955 503 2065 573 γάρ
2080 503 2175 556 καὶ

508 588 560 640 οί
572 587 866 659 Φαραθαῖοι
888 587 982 640 καὶ
995 586 1044 641 οἱ
1063 585 1321 658 ἄρχοντες
1340 595 1360 618 ⁸
1389 587 1693 659 Ἀσσυρίων
1708 588 1804 642 καὶ
1824 589 2023 654 πάντες
2035 591 2179 644 ἐκεῖ·

509 691 592 729 νοι
624 671 893 746 βάρϐαροί
911 690 971 727 τε
992 668 1157 745 ἦσαν,
1197 672 1274 738 ὡς
1301 675 1397 728 καὶ
1424 674 1521 729 ἀπ’
1558 674 1738 729 αὐτῶν
1768 675 1876 730 τῶν
1899 677 2177 747 ὀνομάτων

509 758 656 814 ἐστιν
670 759 817 825 ίδεῖν,
846 759 941 814 καὶ
958 759 1057 830 τῆς
1078 757 1381 832 Ἰουδαῖκῆς
1396 761 1866 834 μακράνήσκηντο
1881 763 2175 834 πολιτείας,

510 844 623 919 [46]
659 847 753 900 καὶ
771 847 872 900 οὐκ
893 846 1175 901 ἐϐούλοντο
1199 848 1619 920 προσοικοῦντες
1649 850 1833 914 αὐτοῖς
1858 848 2177 921 ἀνθρώπους

508 938 838 1011 αὐξομένους
862 941 1013 1011 ὁρᾷν·
1045 939 1145 1012 τὴν
1164 939 1274 1013 γάρ
1295 939 1527 1011 δύναμιν
1550 939 1648 1012 τὴν
1681 940 1905 994 ἐκείνων
1936 944 2003 1014 τῇ
2027 942 2178 1011 σφῶν

507 1026 688 1081 αὐτῶν
706 1026 926 1099 ἐξουσία
948 1032 993 1059 ι’
1012 1027 1198 1082 λοιπὸν
1224 1028 1533 1081 ἐπισκοτεῖν
1563 1025 1748 1099 ᾤοντο·
1770 1022 1913 1082 οῦτοι
1939 1027 1997 1082 δέ
2020 1028 2179 1093 ποίας
2206 1055 2219 1091 ι

506 1114 693 1179 αὐτοῖς
731 1114 1044 1188 ἐλευθερίας
1098 1114 1529 1188 ἐλαττουμένης,
1581 1114 1744 1179 ποίας
1773 1116 2177 1188 ἐκκοπτομένης

504 1200 711 1266 ἀδείας,
741 1202 894 1266 τίνας
934 1200 1043 1256 τῶν
1072 1201 1418 1273 κρατούντων
1451 1202 1908 1275 συμπράττοντας
1939 1203 2175 1274 ἔχοντες,

504 1289 680 1344 ταῦτα
715 1288 1021 1361 ἐτόλμησαν
1042 1306 1057 1357 ;
1082 1290 1312 1345 Ἐκεῖνοι
1350 1291 1451 1362 μὲν
1474 1291 1583 1363 γὰρ
1608 1288 1755 1364 εἶχον
1796 1293 1925 1356 τοὺς
1950 1292 2177 1365 Περσῶν

506 1376 749 1447 βασιλεῖς
802 1376 978 1431 ταυτά
1016 1377 1371 1450 βουλομένους
1434 1379 1618 1443 αὐτοῖς
1640 1395 1655 1410 ·
1724 1379 1773 1432 οἱ
1824 1378 1883 1431 δέ
1921 1379 2176 1451 ἡμέτεροι

502 1465 766 1518 τάναντία
792 1465 1017 1531 τούτων,
1047 1466 1123 1529 ὡς
1141 1465 1379 1536 ἐμαυτὸν
1402 1464 1596 1529 πείθω,
1622 1467 1716 1519 καὶ
1731 1464 2055 1537 ἐπιθυμοῦσι
2082 1467 2175 1520 καὶ

503 1551 773 1623 εῦχονται.
798 1552 960 1607 Ὅθεν
991 1554 1086 1606 καὶ
1112 1553 1314 1623 πολλῆς
1352 1553 1747 1625 ἐμπέπλησμαι
1786 1556 1884 1624 τῆς
1916 1554 2172 1625 ἀπορίας,

501 1640 584 1694 ὅτι
605 1639 715 1694 τῶν
732 1640 996 1711 βασιλέων
1017 1643 1075 1694 ἐν
1116 1640 1369 1711 εὐσεϐείᾳ
1391 1640 1629 1705 ζώντων,
1654 1640 1881 1694 τοιαῦτα
1909 1642 1973 1694 σὺ
1996 1639 2175 1710 λέγεις

502 1727 563 1780 ἐν
592 1727 784 1798 μέσαις
809 1726 1108 1798 τολμᾶσθαι
1144 1730 1266 1790 ταῖς
1302 1727 1538 1780 πόλεσιν.
1569 1727 1627 1781 '0
1653 1727 1712 1780 δέ
1740 1744 1922 1797 φησιν·
1960 1727 2058 1781 Ἂν
2080 1726 2176 1781 καὶ

501 1812 563 1867 τό
577 1813 765 1868 τούτου
794 1814 1223 1886 παραδοξότερον
1242 1812 1441 1886 μάθῃς,
1463 1814 1546 1867 ὅτι
1560 1813 1653 1868 καὶ
1674 1815 1725 1867 οἱ
1753 1813 1927 1867 ταῦτα
1941 1813 2176 1888 δρῶντες

500 1899 746 1966 εὐσεϐεῖς
773 1919 831 1954 τε
855 1896 997 1955 εἶναι
1038 1900 1358 1971 βούλονται,
1390 1902 1485 1954 καὶ
1518 1900 1878 1972 Χριστιανοὺς
1916 1899 2176 1955 καλοῦσιν

500 1989 720 2057 αὐτοὺς,
762 1990 947 2044 πολλοὶ
977 1991 1033 2044 δέ
1061 1990 1241 2044 αὐτῶν
1269 1991 1363 2044 καὶ
1385 1990 1494 2043 τῶν
1519 1990 1620 2061 ήδη
1646 1990 2013 2061 μεμυημένων
2045 1988 2171 2043 είσί·

500 2078 596 2132 καί
622 2096 706 2143 τις
732 2078 910 2133 αὐτῶν
939 2079 1003 2150 δὴ
1040 2078 1243 2132 τούτων
1281 2076 1478 2131 πολλοῦ
1516 2078 1609 2131 τοῦ
1633 2077 1881 2131 διαϐόλου
1911 2074 2176 2131 πνεύσαν-

498 2183 591 2231 τος
610 2167 691 2231 είς
708 2168 872 2222 αὐτὸν
905 2168 954 2235 δ,
990 2167 1077 2221 διὰ
1112 2171 1211 2240 τῆς
1252 2169 1456 2241 μιαρᾶς
1491 2165 1743 2237 γλώσσης
1776 2166 1991 2237 ἐκείνης
2024 2166 2175 2220 ἐτόλ-

501 2271 676 2327 μησεν
717 2257 911 2318 εἰπεῖν,
950 2257 1033 2309 ὃτι
1080 2256 1177 2310 καὶ
1203 2257 1302 2328 τῆς
1348 2256 1586 2318 πίστεως
1636 2255 2040 2325 ἀποστήσεται,
2078 2256 2173 2309 καὶ

499 2341 725 2395 θύσεται
764 2343 1035 2414 δαίμοσιν·
1083 2342 1490 2413 ἀποπνίγεσθαι
1526 2342 1636 2411 γὰρ
1668 2341 1809 2415 ὁρῶν
1854 2339 2174 2414 ἀνθρώπους

500 2427 816 2501 ἐλευθέρους
851 2430 946 2485 καὶ
970 2429 1211 2499 εὐγενεῖς
1244 2432 1338 2484 καὶ
1371 2428 1705 2501 δυναμένους
1734 2431 1792 2482 ἐν
1834 2430 2012 2501 τρυφῇ
2048 2427 2170 2502 ζῇν,

497 2516 592 2570 ἐπὶ
611 2516 703 2571 τὸν
730 2516 963 2590 σκληρὸν
998 2518 1184 2571 τοῦτον
1219 2518 1521 2589 ἀγομένους
1556 2516 1690 2588 βίον.
1716 2516 1903 2572 Ταῦτα
1934 2519 2175 2583 ἀκούσας

497 2602 610 2674 ἐγὼ
635 2605 881 2677 ἐπλήγην
912 2622 971 2657 τε
996 2604 1212 2676 πληγὴν
1237 2604 1646 2676 χαλεπωτέραν,
1665 2605 1760 2658 καὶ
1792 2606 1892 2660 ὅσα
1916 2605 2025 2659 ἀπὸ
2046 2607 2173 2661 τού-

497 2707 589 2744 του
641 2692 788 2745 κακά
831 2689 1251 2762 στοχαζόμενος,
1297 2694 1397 2763 τήν
1442 2710 1502 2745 τε
1546 2692 1872 2763 οἰκουμένην
1912 2692 2175 2763 ἐθρήνουν

499 2778 735 2839 ἃπασαν,
755 2781 849 2833 καὶ
884 2779 1021 2851 πρὸς
1050 2780 1141 2833 τὸν
1172 2779 1304 2833 Θεὸν
1341 2780 1546 2849 ἔλεγον·
1568 2775 1738 2851 τΔρον
1754 2779 1853 2850 τὴν
1866 2779 2044 2852 ψυχήν
2071 2799 2173 2852 μου

496 2866 592 2920 ἀπ’
615 2866 772 2940 ἐμοῦ,
792 2869 887 2921 καὶ
904 2869 969 2922 ἐκ
986 2867 1093 2922 τῶν
1110 2867 1364 2937 ἀναγκῶν
1383 2884 1486 2939 μου
1510 2866 1747 2938 ἐξάγαγέ
1772 2884 1861 2938 με,
1878 2868 1972 2921 καὶ
1997 2869 2175 2923 ἀπάλ-

496 2953 657 3020 λαξον
682 2954 781 3027 τῆς
817 2956 1087 3029 ἐπικήρου
1116 2955 1319 3026 ταύτης
1362 2956 1508 3027 ζωῆς
1529 2997 1543 3021 ,
1579 2957 1675 3010 καὶ
1702 2956 1837 3028 πρὸς
1872 2955 1964 3011 τὸν
1998 2957 2175 3029 χῶρον

500 3041 841 3115 μετάστησον
865 3045 1096 3110 ἐκεῖνον,
1123 3043 1253 3099 ἔνθα
1274 3043 1516 3098 τοιοῦτον
1529 3044 1682 3098 οὐδὲν
1710 3043 1832 3099 οὐτε
1848 3043 2036 3117 ἕτερος
2060 3047 2176 3117 ἐρεῖ

498 3149 607 3197 τις,
636 3129 759 3184 οὐτε
785 3130 1089 3203 ἀκούσομαι
1138 3131 1269 3202 ἐγώ.
1314 3129 1443 3186 Οἶδα
1476 3133 1573 3203 μὲν
1597 3132 1726 3204 γὰρ,
1756 3133 1838 3187 ὅτι
1870 3131 2174 3188 ἀπελθόντα

502 3217 752 3273 ἐντεῦθεν
779 3219 840 3273 τὸ
872 3219 1060 3283 σκότος
1086 3219 1381 3285 διαδέξεται
1412 3220 1475 3273 τὸ
1509 3217 1794 3292 ἐξώτερον,
1831 3219 1960 3274 ἔνθα
2008 3220 2174 3287 πολὺς

500 3311 531 3364 ὁ
548 3307 823 3380 κλαυθμὸς
854 3308 947 3363 καὶ
981 3309 1009 3362 ό
1039 3309 1285 3381 βρυγμὸς
1326 3308 1435 3363 τῶν
1460 3307 1707 3361 ὀδόντων·
1730 3308 1845 3361 ἀλλ’
1872 3309 2023 3380 ἥδιον
2051 3310 2176 3381 ἐμοὶ

497 3392 801 3466 βρυχόντων
818 3395 1037 3449 ἀκούειν
1053 3396 1349 3467 όδόντων,ἢ
1379 3395 1602 3450 τοιαῦτα
1628 3395 1902 3467 ὴχούντων
1929 3398 2170 3469 ῥήματα.

495 3479 642 3535 Ἰδὼν
662 3482 719 3535 δέ
746 3499 812 3553 με
841 3481 1140 3537 πενθοῦντα
1171 3485 1375 3546 ἐκεῖνος
1395 3482 1662 3555 σφοδρῶς,
1693 3482 1835 3536 Ἀλλ’
1849 3483 1909 3537 οὐ
1944 3485 2171 3552 τούτων,

494 3569 682 3639 φησὶν,
718 3569 747 3621 ό
775 3568 965 3639 καιρὸς
998 3566 1114 3623 νῦν·
1144 3570 1267 3623 οὐδὲ
1299 3570 1408 3641 γὰρ
1437 3569 1500 3641 δὴ
1527 3570 1653 3634 τοὺς
1685 3570 2033 3635 ἀπολωλότας
2080 3572 2174 3626 καὶ

494 3654 901 3727 ἀπολλυμένους
914 3656 1029 3719 τοῖς
1048 3654 1279 3727 δάκρυσι
1293 3656 1503 3720 τούτοις
1530 3656 1944 3727 ἀνακτήσασθαι
1967 3656 2173 3731 δυνήσῃ

494 3743 651 3797 ποτέ·
670 3743 763 3797 καὶ
792 3742 900 3815 γάρ
923 3736 1077 3814 οἶμαι
1105 3743 1179 3815 μὴ
1216 3743 1510 3816 στήσεσθαι
1527 3744 1590 3797 τὸ
1603 3744 1929 3816 δεινόν.Χρὴ
1952 3744 2011 3798 δέ
2040 3747 2174 3818 όρᾷν

492 3833 641 3897 ὅπως
657 3831 942 3905 σϐέσωμεν
964 3833 1060 3905 τὴν
1096 3834 1296 3905 πυράν,
1322 3833 1417 3886 καὶ
1448 3834 1735 3906 στήσωμεν
1767 3835 1861 3888 τὸν
1894 3833 2173 3908 λοιμὸν,τό

494 3936 559 3990 γε
580 3919 846 3994 ἡμέτερον
871 3922 1055 3993 μέρος·
1078 3920 1172 3974 καὶ
1193 3918 1249 3973 εί
1269 3920 1332 3989 γέ
1365 3920 1457 3992 μοί
1482 3938 1535 3974 τι
1552 3922 1781 3989 πείθοιο,
1799 3923 1908 3979 τῶν
1922 3924 2172 3997 ὀδυρμῶν

492 4012 700 4067 τούτων
720 4013 1013 4085 ἀφέμενος,
1042 4012 1273 4085 ἐργασαι
1297 4011 1458 4081 λόγον
1490 4013 1813 4085 παραίνεσιν
1841 4013 2033 4086 ἔχοντα
2061 4020 2173 4080 τοῖς

493 4100 709 4156 νοσοῦσι
743 4102 837 4154 καὶ
872 4098 1242 4166 στασιάζουσι,
1273 4099 1408 4171 πρός
1432 4116 1493 4153 τε
1526 4101 1626 4173 τὴν
1663 4100 1902 4169 ἑαυτῶν,
1937 4102 2075 4175 πρός
2110 4122 2171 4159 τε

492 4189 592 4261 τὴν
621 4189 805 4261 κοινὴν
826 4188 1081 4243 ἀπάντων
1100 4187 1371 4260 σωτηρίαν
1389 4187 1714 4261 ἀνθρώπων.
1745 4190 1855 4244 Καὶ
1879 4191 1941 4244 τὸ
1968 4190 2173 4262 βιϐλίον

494 4277 606 4347 ἐγὼ
637 4276 795 4331 τοῦτο
831 4275 1032 4345 λαϐὼν,
1068 4278 1184 4332 ἀντ’
1213 4278 1371 4334 ἄλλου
1404 4280 1548 4344 τινὸς
1598 4281 1888 4351 φαρμάκου
1910 4283 2033 4347 ταῖς
2064 4283 2172 4340 τῶν

493 4364 811 4438 καμνόντων
824 4365 1035 4439 ἐνθήσω
1048 4377 1069 4405 ε
1085 4366 1262 4440 χερσί·
1277 4366 1370 4421 καὶ
1386 4367 1495 4439 γάρ
1508 4370 1615 4423 εἰσί
1634 4386 1722 4440 μοι
1734 4367 1842 4423 τῶν
1857 4368 1925 4423 τά
1952 4370 2173 4425 τοιαῦτα

494 4453 792 4509 νοσούντων
821 4454 964 4525 φίλοι
994 4453 1199 4522 πολλοὶ,
1220 4457 1312 4509 καὶ
1330 4454 1611 4521 ἀνέξονται
1637 4455 1883 4509 ἐπελθεῖν
1900 4458 1995 4510 καὶ
2024 4457 2174 4524 ἅπαξ

494 4543 590 4596 καὶ
618 4541 700 4607 δὶς
736 4544 831 4598 καὶ
858 4542 1140 4609 πολλάκις,
1171 4543 1267 4597 καὶ
1291 4538 1405 4597 οῖδα
1431 4545 1513 4597 ὅτι
1534 4543 1741 4614 ταχέως
1772 4544 2170 4613 ἀπαλλάξονται

493 4631 587 4684 τοῦ
608 4631 822 4703 λοιμοῦ.
855 4632 929 4685 Σὺ
965 4632 1086 4704 μὲν,
1118 4630 1273 4702 έφην,
1299 4631 1437 4704 πρὸς
1463 4630 1525 4686 τὸ
1565 4632 1764 4703 μέτρον
1813 4630 1913 4698 τῆς
1952 4632 2171 4703 ἀγάπης

494 4717 590 4771 καὶ
614 4719 683 4772 ea
702 4720 803 4791 τῆς
827 4718 1113 4790 δυνάμεως
1138 4722 1237 4789 τῆς
1263 4719 1540 4791 ἡμετέρας
1567 4720 1804 4791 μετρεῖς·
1830 4719 1952 4790 ἐμοὶ¹
1966 4719 2024 4772 δέ
2048 4718 2171 4774 οὐτε

496 4806 729 4877 πάρεστί
752 4822 836 4869 τις
867 4806 1039 4875 λόγων
1071 4806 1243 4876 ίσχύς,
1276 4807 1343 4877 τῇ
1367 4823 1427 4859 τε
1448 4803 1589 4860 εἶναι
1610 4806 1842 4881 δοκούσῃ
1862 4807 2170 4879 χρήσασθαι

496 4891 575 4955 είς
597 4891 852 4945 ὑπόθεσιν
875 4891 1131 4963 τοιαύτην
1161 4891 1507 4963 αἰσχύνομαι,
1530 4892 1690 4947 ἄλλον
1719 4893 1818 4965 μὲν
1856 4894 2045 4948 οὐδένα
2077 4912 2170 4949 το-

498 4977 707 5046 σοῦτον,
743 4978 1009 5050 Ἕλληνας
1048 4979 1106 5033 δέ
1167 4979 1448 5045 ἅπαντας,
1482 4981 1608 5046 τούς
1656 5001 1716 5037 τε
1758 4984 1918 5049 ὄντας
1942 4985 2069 5050 τούς
2108 5004 2170 5041 τε

496 5067 930 5138 ἐπιγινομένους,
975 5065 1067 5133 οὒς
1104 5068 1192 5122 ἀεὶ
1221 5067 1328 5122 τῶν
1349 5068 1634 5141 δογμάτων
1674 5073 1774 5144 οὐχ
1806 5068 1969 5147 ἧττον
1999 5072 2029 5114 ἀ
2077 5076 2172 5129 ἐπὶ

560 5224 1158 5297 ’-Βαριωξβηῡαρασθεοὶ
1183 5227 1268 5277 καὶ
1300 5230 1345 5277 οῖ
1379 5224 1537 5292 ἄρχοι,
1571 5223 1689 5278 Hac
1715 5228 1915 5279 nomina
1940 5241 2171 5297 corrupta

497 5294 636 5346 sunt;
660 5290 771 5337 vide
796 5290 1045 5347 Bodl-civ,
1069 5290 1121 5339 9.

559 5347 831 5414 "SicSav.
844 5366 898 5402 el.
918 5350 1038 5414 ﬂor.
1054 5351 1164 5401 Duo
1181 5358 1349 5402 autem
1368 5352 1581 5411 ωδε-τῆν
1602 5353 1734 5414 σφῶν
1754 5352 1911 5402 αὐτῶν
1936 5355 2166 5411 ἐξουσίαν.

499 5411 656 5476 Paulo
675 5418 922 5476 postumus
936 5413 1385 5476 ποίαςαύτοῖς,ψιω
1404 5411 1681 5463 νρηιιθοιῑο
1694 5422 1772 5462 est
1812 5415 1898 5465 Ed.
1913 5415 2024 5465 Sav.
2042 5417 2165 5469 Mor.

497 5472 644 5540 ιειριιΖ
787 5475 931 5540 ποίας
950 5476 1096 5540 αὐτῆς
1116 5472 1261 5527 male.
1280 5472 1405 5540 [arra
1415 5490 1541 5540 unus
1551 5476 1701 5540 ταυτά
1722 5477 2103 5540 βουλευομένους.

559 5532 589 5573 δ
614 5533 698 5585 Sic
716 5535 867 5585 Savﬂ.
901 5544 956 5587 et
988 5532 1184 5597 κόνει,
1219 5539 1308 5588 sed
1341 5540 1406 5594 εἰς
1429 5538 1572 5586 αὐτόν
1598 5532 1744 5586 decsl
1773 5539 1820 5586 in
1841 5532 2031 5590 ducibus
2048 5532 2167 5592 mss.

498 5596 656 5663 Paizlp
671 5604 783 5663 post
799 5598 899 5648 duo
922 5612 1035 5649 mss.
1054 5606 1109 5650 et
1129 5601 1281 5650 Savil.
1301 5602 1352 5651 in
1377 5613 1529 5663 marg.
1555 5598 1685 5663 θύσει
1705 5600 1923 5663 δαίμοσιν

549 5661 585 5732 f
609 5658 762 5710 Sa'vil.
790 5668 847 5711 οι
867 5675 994 5711 unus
1010 5663 1284 5725 καμνόντων
1306 5664 1459 5729 φέρων
1484 5658 1690 5719 ἐνθήσω.
1712 5658 1887 5712 κόποι.
1922 5670 2089 5714 autem
2115 5667 2169 5713 et

493 5722 626 5773 alius
645 5729 702 5771 ul
723 5735 875 5773 supra
1102 5730 1117 5742 '

568 5735 626 5770 us
645 5729 702 5771 ul
723 5735 875 5773 suum
1102 5730 1117 5742 '

894 5792 949 5835 ei
972 5798 1088 5839 mss.
1110 5789 1269 5848 recte,
1292 5785 1464 5837 Morel.
1494 5796 1612 5836 vero
1630 5785 1712 5844 οὓς
1730 5785 1819 5849 οὐχ
1837 5783 1997 5851 ἧττον,
2016 5787 2166 5839 omis-

498 5843 569 5893 τίς
592 5844 920 5899 internodiis.

1304 208 1364 267 s.
1404 208 1691 268 JOANNIS
1727 207 2224 267 cumsosmm
2263 210 2581 269 meum.
2616 194 3169 272 consumma!

3820 222 3915 277 3‘22

2281 331 2348 401 τῇ
2378 327 2473 382 τοῦ
2524 325 2639 399 βίου
2693 328 2963 401 διασύρων
3000 327 3265 401 ῥᾳθυμία,
3293 326 3389 382 νῦν
3415 328 3483 383 τά
3508 329 3741 404 ἡμέτερα
3766 334 3917 404 ἀναγ.

2282 416 2521 486 κάζομαι
2543 413 2751 482 διδάξαι
2786 415 2952 469 κακά.
2987 416 3051 468 El
3076 415 3185 487 γὰρ
3216 415 3510 469 αίσθωνταί
3545 434 3685 481 τινες
3714 420 3917 477 ἐκείνων

2280 502 2363 557 ὅτι
2384 502 2536 573 παρὰ
2556 503 2901 575 Χριστιανοῖς
2915 503 3022 556 είσί
3036 520 3179 567 τινες
3198 502 3477 576 ἄνθρωποι
3502 504 3640 559 οὕτω
3653 508 3783 578 πρὸς
3802 509 3917 581 ἀρε.

2278 589 2378 659 τὴν
2393 590 2487 643 καὶ
2504 589 2821 659 φιλοσοφίαν
2849 590 3389 661 ἐκπεπολεμωμένοι,
3417 591 3494 656 ὡς
3533 591 3607 664 μὴ
3648 594 3798 666 μόνον
3820 597 3917 651 τῶν

2279 673 2421 746 ὐπέρ
2448 674 2651 747 ταύτης
2695 676 3026 746 ἀφίστασθαι
3067 675 3179 750 [47]
3216 677 3424 741 πόνων,
3459 678 3594 733 ἀλλά
3643 681 3771 752 μηδὲ
3803 684 3917 748 τοὺς

2279 760 2420 835 ὐπέρ
2450 762 2657 819 τούτων
2686 763 2976 835 ἀνέχεσθαι
3001 763 3213 834 λόγους,
3257 765 3354 820 καὶ
3390 765 3512 821 οὐδὲ
3547 766 3771 822 ἐνταῦθα
3800 772 3915 840 στῆ-

2276 865 2364 903 ναι
2397 850 2499 921 τῆς
2533 850 2729 922 μανίας
2770 850 3070 922 ἀνέχονται,
3108 849 3247 905 ἀλλά
3273 851 3380 906 κάν
3420 851 3605 925 ἕτερός
3638 872 3721 919 τις
3765 857 3916 911 ταῦτα

2277 937 2621 1012 συμϐουλεύῃ
2651 938 2747 992 καλ⁵
2771 938 3104 1010 διαλέγηται,
3126 939 3222 992 καὶ
3248 939 3437 994 τοῦτον
3488 941 3747 997 πάντοθεν
3782 943 3917 998 ἐλαύ-

2278 1040 2478 1079 νουσιν·
2530 1025 2597 1080 ἂν
2638 1024 2811 1079 ταῦτα
2834 1026 3151 1092 αἴσθωνται,
3177 1027 3390 1081 δέδοικα
3425 1030 3501 1100 μή
3536 1048 3665 1085 ποτε
3694 1031 3810 1085 οὐτε
3835 1035 3915 1087 ἀν-

2276 1108 2529 1182 θρώπους
2557 1112 2704 1183 ἡμᾶς
2732 1107 2871 1166 εἶναι
2921 1113 3237 1184 νομίσωσιν,
3265 1113 3399 1168 ἀλλά
3428 1115 3594 1187 θηρία
3625 1118 3717 1170 καὶ
3739 1119 3917 1186 τέρατα

2276 1198 2739 1273 ἀνθρωπόμορφα,
2769 1203 2867 1255 καὶ
2901 1201 3161 1273 δαίμονάς
3193 1219 3347 1267 τινας
3368 1202 3694 1276 ἀλάστορας,
3728 1206 3917 1277 καὶτῆς

2277 1286 2463 1358 κοινῆς
2491 1286 2707 1356 φύσεως
2746 1288 2995 1359 ἐχθροὺς,
3028 1289 3125 1343 καὶ
3158 1289 3363 1361 ταύτην
3384 1291 3446 1343 οὐ
3482 1292 3614 1362 περὶ
3639 1294 3741 1345 τῶν
3772 1294 3917 1344 ὐπευ-

2277 1372 2452 1427 θύνων
2497 1374 2678 1446 μόνον,
2721 1374 2857 1429 ἀλλά
2904 1376 2999 1429 καὶ
3038 1377 3167 1447 περὶ
3207 1376 3408 1441 παντὸς
3440 1378 3601 1448 ήμῶν
3633 1379 3723 1432 τοῦ
3759 1379 3921 1443 ἔθνους

2274 1459 2372 1533 τὴν
2392 1461 2570 1533 ψῆφον
2595 1461 2878 1530 ἐνέγκωσι.
2899 1462 3009 1516 Kal
3024 1462 3261 1531 γελάσας
3286 1465 3513 1529 ἐκεῖνος,
3542 1464 3778 1531 Παίζεις,
3811 1467 3919 1537 ἔφη,

2275 1546 2448 1602 ταῦτα
2462 1548 2654 1617 λέγων·
2674 1549 2786 1617 ἐγὼ
2812 1549 2921 1621 γάρ
2972 1550 3067 1604 νῦν
3092 1551 3283 1605 τούτου
3314 1569 3395 1606 σοι
3416 1553 3789 1625 εὐκαιρότερον
3807 1557 3920 1625 ἐρῶ,

2274 1635 2330 1687 ετ
2347 1653 2411 1704 γε
2430 1634 2671 1700 δέδοικας
2705 1636 2780 1708 μὴ
2806 1637 2958 1709 παρά
2989 1638 3099 1692 τῶν
3128 1638 3237 1692 σῶν
3266 1638 3441 1708 λόγων
3485 1640 3730 1712 μάθωσιν
3770 1642 3805 1696 ἀ
3846 1643 3923 1695 διὰ

2274 1722 2383 1774 τῶν
2409 1721 2586 1792 ἐργων
2612 1722 2816 1793 ἔμαθον
2845 1725 3083 1789 ἅπαντες
3111 1725 3298 1779 πάλαι.
3328 1726 3542 1798 Ὠσπερ
3558 1729 3672 1800 γάρ
3697 1745 3829 1792 τινος
3844 1746 3924 1782 πο-

2274 1803 2441 1879 νηροῦ
2480 1808 2787 1880 πνεύματος
2828 1810 2930 1875 τὰς
2975 1811 3230 1866 ἁπάντων
3283 1811 3711 1885 πεπληρωκότος
3751 1814 3923 1885 ψυχὰς,

2275 1895 2417 1950 οὓτω
2460 1895 2530 1949 τά
2582 1896 2801 1951 πάντων
2844 1897 3090 1968 στόματα
3140 1898 3348 1952 τούτων
3382 1900 3543 1971 γέμει
3593 1899 3699 1954 τῶν
3741 1901 3918 1970 λόγων·

2275 1983 2382 2037 κᾶν
2413 1985 2494 2048 είς
2512 1984 2720 2056 ἀγοράν
2747 1984 3009 2058 ἐμϐάλῃς,
3029 1986 3171 2057 ὄψει,
3198 1988 3293 2041 καὶ
3321 1989 3378 2041 ἐν
3405 1990 3522 2053 τοῖς
3556 1989 3926 2061 ίατρείοις,κᾶν

2274 2069 2334 2123 ἐν
2363 2070 2528 2123 παντὶ
2548 2071 2701 2143 μέρει
2727 2072 2828 2143 τῆς
2856 2071 3063 2137 πόλεως
3085 2114 3099 2139 ,
3136 2071 3265 2127 ἔνθα
3308 2074 3655 2145 συνεδρεύειν
3702 2074 3927 2131 εἰώθασιν

2273 2157 2324 2209 οί
2355 2156 2615 2229 πράττειν
2640 2158 2794 2213 οὐδὲν
2821 2158 3118 2227 ἐθέλοντες,
3175 2161 3342 2216 πολὺν
3384 2162 3606 2231 γέλωτα
3639 2162 3782 2235 παρά
3809 2164 3926 2218 πάν-

2272 2259 2382 2296 των
2425 2243 2760 2316 κινούμενον.
2788 2246 2855 2300 Ἦ
2886 2246 2945 2299 δὲ
2967 2246 3061 2300 τοῦ
3084 2246 3315 2317 γέλωτος
3334 2248 3524 2303 τούτου
3555 2252 3658 2304 καὶ
3685 2251 3779 2321 τῆς
3800 2269 3928 2321 κωμ-

2274 2330 2440 2401 ῳδίας
2471 2332 2749 2398 ὑπόθεσις,
2782 2333 2892 2388 τῶν
2936 2335 3017 2399 είς
3054 2336 3181 2400 τοὺς
3199 2336 3387 2407 ἁγίους
3412 2337 3619 2409 ἄνδρας
3648 2340 3929 2412 είργασμέὲ-

2275 2436 2381 2474 νων
2405 2418 2523 2473 ἐστὶ
2546 2419 2615 2474 τά
2636 2419 2949 2493 διηγήματα
2968 2433 3014 2475 ο.
3043 2423 3311 2497 Καθάπερ
3333 2427 3441 2497 γάρ
3461 2444 3616 2492 τινες
3634 2428 3929 2498 πολεμισταὶ

2277 2505 2479 2571 πολλάς
2514 2508 2776 2578 ήνυκότες
2835 2510 3035 2581 μάχας,
3081 2512 3177 2565 καὶ
3218 2512 3457 2583 τρόπαια
3492 2516 3810 2587 στήσαντες,
3846 2515 3928 2580 τὰς

2278 2594 2490 2676 ἑαυτῶν
2509 2595 2794 2668 ἀριστείας
2833 2596 3183 2669 διηγούμενοι
3212 2599 3516 2671 χαίρουσιν,
3568 2603 3715 2656 οὕτω
3747 2603 3808 2676 δὴ
3852 2605 3930 2656 καὶ

2275 2672 2426 2735 οὗτοι
2472 2683 2762 2750 γάννυνται
2803 2684 2897 2737 ἐπὶ
2934 2687 3048 2749 τοῖς
3074 2685 3387 2758 τολμήμασι
3439 2691 3552 2753 τοῖς
3608 2672 3829 2743 ἑαυτῶν·
3851 2691 3929 2743 καὶ

2275 2768 2482 2841 ἀκούσῃ
2527 2769 2622 2823 τοῦ
2666 2770 2767 2843 μὲν
2809 2771 3057 2841 λέγοντος
3097 2774 3200 2839 ὅτι,
3231 2773 3375 2841 Ἐγὼ
3398 2777 3623 2845 πρῶτος
3656 2780 3748 2832 καὶ
3767 2781 3930 2850 χεῖρας

2276 2859 2543 2914 ἐπέϐαλον
2589 2861 2683 2915 ἐπὶ
2716 2861 2807 2916 τὸν
2848 2862 2997 2917 δεῖνα
3040 2862 3132 2918 τὸν
3173 2864 3425 2935 μοναχὸν,
3464 2868 3565 2921 καὶ
3622 2867 3827 2937 πληγὰς
3861 2870 3929 2919 ἐν·

2275 2948 2475 3004 έτεινα·
2511 2950 2699 3023 ἐτέρου
2744 2951 2802 3006 δὲ
2842 2953 2960 3019 ὅτι,
2991 2955 3065 3008 Τὸ
3110 2954 3453 3025 καταγώγιον
3492 2958 3605 3029 πρὸ
3636 2959 3741 3013 τῶν
3780 2958 3930 3013 an.“

2274 3031 2334 3092 εὖ
2342 3054 2432 3109 ρον
2453 3038 2614 3104 αὐτός
2633 3054 2649 3070 ·
2673 3040 2834 3094 Ἀλλά
2847 3042 2939 3096 τὸν
2964 3041 3222 3115 δικαστὴν
3243 3043 3355 3112 ἐγὼ
3373 3043 3574 3115 μᾶλλον
3599 3046 3706 3100 τῶν
3731 3046 3890 3101 ἄλλων
3911 3043 3927 3084 ἵ

2275 3126 2593 3199 παρώξυνα,
2630 3131 2796 3200 φησὶν
2837 3129 3041 3203 ἔτερος·
3072 3131 3231 3196 ἄλλος
3258 3132 3320 3186 τὸ
3355 3133 3730 3207 δεσμωτήριον
3771 3136 3857 3188 καὶ
3876 3135 3931 3186 τὰ

2274 3215 2334 3268 ἐν
2357 3213 2435 3288 τῷ
2455 3215 2815 3289 δεσμωτηρίῳ
2841 3218 3012 3284 δεινά,
3031 3220 3128 3274 καὶ
3154 3219 3218 3273 τὸ
3243 3219 3333 3274 διά
3358 3220 3459 3292 τῆς
3484 3223 3694 3295 ἀγορᾶς
3731 3224 3930 3276 ἑλκύσαι

2273 3303 2402 3367 τοὺς
2451 3303 2638 3372 ἁγίους
2685 3306 2931 3369 ἐκείνους
2987 3308 3046 3359 ὲν
3099 3307 3375 3379 ἐγκωμίου
3403 3308 3611 3363 τίθεται
3649 3312 3817 3382 μέρει·
3851 3311 3930 3362 καὶ

2274 3390 2430 3457 ἄλλος
2450 3392 2597 3448 ἀλλο.
2625 3392 2761 3449 Εἶτα
2779 3395 2977 3460 πάντες
2991 3396 3466 3467 ἀνακαγχάζουσιν
3481 3399 3575 3452 ἐπὶ
3594 3400 3818 3461 τούτοις.
3838 3400 3932 3451 Καὶ

2273 3481 2446 3535 ταῦτα
2469 3483 2568 3553 μὲν
2594 3484 2651 3536 ἐν
2676 3486 2789 3548 τοῖς
2811 3483 2921 3536 τῶν
2945 3485 3288 3555 Χριστιανῶν
3318 3486 3635 3558 συνεδρίοις·
3652 3489 3701 3541 οί
3723 3488 3776 3540 δέ
3811 3487 3928 3539 Ἔλ-

2273 3568 2435 3639 ληνες
2466 3571 2560 3623 καὶ
2590 3569 2815 3635 τούτους
2840 3570 3063 3639 γελῶσι,
3086 3572 3181 3625 καὶ
3214 3572 3340 3636 τοὺς
3360 3574 3451 3627 ὐπ’
3484 3574 3667 3627 αὐτῶν
3696 3574 3932 3644 γελωμέ-

2273 3675 2418 3724 νους·
2442 3661 2570 3724 τοὺς
2601 3660 2721 3731 μὲν,
2746 3660 2829 3728 ἐφ’
2862 3654 2944 3723 οἷς
2964 3659 3219 3731 ἔδρασαν,
3245 3660 3371 3724 τοὺς
3399 3661 3456 3714 δὲ
3490 3664 3576 3732 ἐφ’
3616 3658 3697 3725 οἷς
3729 3662 3930 3716 ἔπαθον·

2276 3747 2372 3801 καὶ
2408 3747 2643 3817 πολέμου
2690 3747 2837 3811 τινὸς
2878 3747 3141 3816 ἐμφυλίου
3190 3747 3261 3807 τά
3315 3749 3497 3803 πάντα
3536 3753 3930 3821 ἐμπέπλησται,

2277 3833 2476 3906 μᾶλλον
2508 3833 2565 3888 δὲ
2596 3833 2767 3887 ταῦτα
2800 3835 3010 3888 ἐκείνου
3064 3834 3243 3905 πολλῷ
3292 3835 3674 3907 χαλεπώτερα.
3717 3841 3933 3893 Ἐκεῖνον

2278 3924 2377 3995 μὲν
2403 3922 2512 3996 γάρ
2533 3925 2581 3977 οί
2603 3923 3011 3996 πολεμήσαντες
3026 3923 3118 3977 τὸν
3142 3923 3396 3995 πόλεμον,
3414 3925 3543 3978 ὅταν
3566 3927 3703 3981 ποτέ
3730 3928 3934 3999 ὓστερον

2273 4011 2692 4083 ἀναμνησθῶσιν
2718 4010 2904 4076 αὐτοῦ,
2933 4014 3046 4076 τοῖς
3066 4029 3125 4065 τε
3153 4013 3500 4083 κεκινηκόσιν
3517 4013 3683 4067 αὐτὸν
3710 4016 3933 4086 ἐπαρῶν-

2272 4118 2365 4163 ται.
2390 4100 2581 4163 πολλὰ,
2615 4102 2709 4154 καὶ
2739 4099 2953 4170 δαίμονι
2978 4116 3083 4153 τινι
3111 4099 3414 4172 πονηρῷτά
3435 4102 3492 4154 ἐν
3512 4101 3664 4172 αὐτῷ
3690 4104 3933 4173 γενόμενα

2273 4188 2492 4243 ᾶπαντα
2535 4186 2873 4243 ἀνατιθέασι·
2920 4188 3164 4243 κάκεῖνοι
3205 4187 3306 4259 μὲν
3350 4188 3512 4242 πλέον
3546 4207 3599 4242 τι
3636 4190 3747 4243 τῶν
3778 4189 3934 4246 ἀλλων

2273 4277 2637 4349 αἰσχύνονται,
2685 4277 2904 4347 ὅσῳπερ
2934 4275 3002 4330 ἂν
3036 4278 3097 4330 ἐν
3146 4276 3295 4348 αὐτῷ
3328 4276 3491 4331 πλέον
3533 4296 3584 4332 τι
3629 4279 3738 4332 τῶν
3779 4278 3933 4331 ἄλλων

2272 4365 2649 4436 ἐργάσωνται·
2685 4353 2832 4415 οὗτοι
2865 4363 2921 4415 δέ
2949 4363 3045 4416 καὶ
3077 4364 3576 4432 ἐγκαλλωπίζονται
3613 4368 3726 4430 τοῖς
3754 4364 3931 4435 τολμή-

2276 4467 2431 4523 μασι.
2456 4448 2565 4503 Kal
2581 4450 2642 4503 οὐ
2671 4448 2831 4503 τοῦτο
2855 4449 3036 4521 μόνον,
3058 4451 3141 4505 ὅτι
3168 4453 3523 4523 ἐναγέστερος
3548 4446 3705 4518 οὗτος
3742 4454 3930 4507 ἐκείνου

2272 4540 2301 4592 ό
2330 4537 2582 4608 πόλεμος,
2607 4537 2728 4591 οὐδέ
2758 4538 2838 4590 ὅτι
2861 4536 2999 4608 πρὸς
3022 4538 3209 4609 ἁγίους
3231 4542 3325 4594 καὶ
3341 4541 3490 4594 οὐδὲν
3515 4541 3836 4614 ἠδικηκότας
3856 4539 3927 4606 γί-

2271 4642 2420 4681 νεται
2443 4627 2621 4697 μόνον,
2642 4625 2756 4681 ἀλλ’
2774 4626 2856 4679 ὃτι
2885 4627 3133 4699 καὶπρὸς
3161 4628 3480 4698 ἀνθρώπους
3519 4633 3693 4683 ποιεῖν
3736 4629 3830 4700 μὲν
3851 4626 3927 4680 οὐ·

2272 4713 2405 4768 δένα
2427 4713 2635 4778 είδότας
2659 4712 2869 4779 κακῶς,
2900 4714 3132 4785 πάσχειν
3170 4714 3227 4768 δέ
3264 4718 3813 4789 παρεσκευασμένους
3843 4713 3925 4785 μό-

2271 4818 2382 4857 νον.

2342 4906 2699 4980 γ¹.Ἐπίσχες,
2736 4909 2893 4981 ἔφην,
2926 4909 3168 4980 ἐπίσχες·
3191 4910 3283 4963 καὶ
3314 4911 3423 4982 γάρ
3448 4911 3543 4965 καὶ
3569 4911 3773 4965 τούτων
3812 4909 3917 4980 ἡμῖν

2271 4993 2392 5059 ἃλις
2412 4996 2437 5035 ε
2451 4994 2559 5048 τῶν
2578 4996 2949 5067 διηγημάτων,
2966 4994 3020 5048 εἴ
3030 5013 3092 5065 γε
3110 4997 3184 5067 μὴ
3208 4996 3485 5061 παντελῶς
3522 5014 3588 5069 με
3608 4999 3634 5037 h
3649 4995 3915 5051 ἐκπνεῦσαι

2269 5083 2399 5137 δέοι·
2432 5081 2570 5136 ἀλλά
2595 5082 2799 5154 μικράν
2819 5082 2950 5152 γοῦν
2968 5099 3091 5137 τινα
3111 5082 3303 5154 ἔχοντα
3325 5084 3501 5154 ἰσχὺν,
3514 5084 3764 5138 ἀπελθεῖν
3779 5080 3918 5148 ποίη-

2272 5187 2364 5225 σον
2402 5171 2445 5226 ί.
2495 5170 2569 5223 Σὺ
2610 5170 2712 5241 μὲν
2738 5171 2849 5241 γὰρ
2878 5170 3097 5235 πάντως
3134 5172 3272 5244 ὅπερ
3322 5172 3591 5238 ἐπέταξας
3634 5173 3920 5243 γενήσεται·

2275 5256 2436 5329 μόνον
2476 5257 2643 5331 μηδὲν
2676 5257 2865 5329 ἕτερον
2894 5258 3025 5329 ήμῖν
3057 5258 3298 5330 προσθῇς
3324 5258 3587 5332 διήγημα,
3621 5258 3734 5315 ἀλλ’
3763 5254 3924 5311 ἀπελα-

2271 5344 2382 5399 θὼν
2417 5344 2580 5417 εὐχου
2614 5345 2977 5417 σκεδασθῆναι
3013 5363 3105 5417 μοι
3141 5347 3240 5419 τῆς
3275 5346 3515 5418 ἀθυμίας
3542 5348 3603 5401 τὸ
3647 5347 3815 5417 νέφος,
3839 5340 3924 5394 καὶ
4012 5416 4023 5425 ο

2335 5541 2361 5604 ξ
2387 5539 2496 5604 Duo
2518 5552 2631 5589 mss.
2658 5539 2720 5588 τά
2738 5542 3007 5604 διηγήματα
3023 5540 3191 5592 ταῦτα.

2334 5599 2357 5640 ί
2388 5602 2473 5650 Sic
2492 5613 2667 5649 omnes
2689 5615 2801 5650 mss.
2827 5599 3011 5653 εἶδον,
3035 5604 3090 5652 in
3121 5608 3241 5655 edit.
3275 5604 3447 5656 Morel.
3490 5608 3584 5654 τῶν
3601 5605 3756 5652 ἄλλων
3775 5600 3918 5648 deest.

2334 5664 2361 5703 κ
2390 5663 2524 5711 Unus
2541 5662 2695 5711 habet
2715 5664 2817 5718 ἅλις
2836 5664 3120 5721 ἀρκούντως.

2334 5679 2360 5703 ⁸
2391 5679 2524 5711 unus
2541 5679 2695 5711 ωυει
2715 5679 2817 5718 αΑις
2895 5681 3120 5721 κουντως.

2330 5723 2362 5793 ξι
2387 5723 2479 5796 §jc
2499 5723 2609 5772 Sav.
2635 5731 2788 5796 τοςξε.
3035 5729 3192 5796 fuerat
3213 5730 3257 5777 εἶ
3277 5728 3330 5796 γέ
3354 5745 3411 5796 με
3428 5730 3681 5796 παντελῶς.
3712 5726 3835 5796 Ευιτ.

2335 5788 2352 5851 i
2386 5784 2609 5851 Sic
2633 5785 2859 5851 et_Sa}'jl.
2887 5786 2936 5851 in
2964 5801 3117 5851 marg.
3143 5784 3330 5839 laedit.
3354 5784 3524 5839 Morel.
3553 5790 3753 5846 ποίησον
3773 5784 3916 5834 deest

2271 5849 2425 5902 Iidem
2447 5846 2505 5894 σύ
2533 5847 2616 5898 μὲν
2637 5847 2745 5908 γάρ,
2775 5847 2944 5900 Morel.
2972 5858 3026 5900 cl
3043 5846 3192 5900 SEN“.
3217 5852 3277 5900 οὐ
3302 5854 3383 5911 μὲν
3402 5852 3500 5903 οὐν.
