4088 6138
201 169 296 228 ’521

209 281 341 337 enim
385 280 441 338 in
483 297 544 340 re
581 292 686 340 tam
731 288 872 344 seria
896 288 1141 360 jocarer,
1181 309 1355 366 neque
1393 294 1627 352 dicerem
1653 339 1671 366 ,
1696 299 1785 354 vel

205 373 560 444 contingerem
584 391 647 431 ea
673 392 791 448 quas
822 380 1034 450 plurimi
1060 383 1429 454 redemissem,
1457 402 1520 441 ac
1546 386 1788 457 plurimis

205 465 340 517 votis
363 466 705 533 expetiissem
728 509 744 536 ,
776 480 833 524 ut
860 487 928 526 ne
955 489 1098 528 nunc
1124 475 1339 546 quidem
1361 518 1377 546 ,
1405 478 1618 548 quando
1650 477 1790 534 facta

205 563 349 624 sunt,
372 558 457 613 vel
483 575 614 616 aure
637 565 990 635 perciperem.
1012 567 1164 624 Tunc
1191 584 1350 639 porro
1375 571 1618 626 acerbius
1639 573 1790 641 inge-

209 650 476 706 miscens:
503 653 663 719 Vere,
697 656 827 724 dixi,
862 657 974 714 haec
1001 669 1148 715 tanto
1168 663 1509 717 sceleratiora
1540 671 1666 718 sunt
1691 664 1790 731 iis,

209 756 324 809 quae
360 741 695 800 Mithridates
723 763 1018 821 omnesque
1055 752 1144 806 alii
1183 752 1554 820 admiserunt,
1594 764 1795 824 quanto

211 831 464 902 templum
507 834 731 900 bocest
761 839 850 894 illo
891 841 1256 896 honorabilius
1293 852 1349 898 et
1390 845 1643 898 sanctius.
1686 844 1793 899 Sed

213 923 422 990 quinam
452 924 536 980 isti
563 967 578 993 ,
609 943 824 998 quaeso,
851 941 943 985 aut
973 933 1110 987 unde
1137 941 1262 988 sunt
1301 935 1389 1004 qui
1433 935 1554 989 talia
1594 949 1795 1004 prmsu-

217 1015 404 1068 munt?
429 1032 614 1086 quare,
647 1029 701 1074 et
719 1036 822 1092 qua
854 1023 919 1077 de
947 1040 1104 1079 causa
1131 1067 1146 1093 ,
1170 1042 1327 1096 quem
1358 1027 1705 1096 respicientes
1731 1026 1795 1080 li-

217 1121 351 1181 nem,
401 1112 606 1183 lapides
647 1115 698 1169 in
739 1116 963 1171 sublime
998 1117 1244 1185 jaciunt,
1275 1119 1487 1189 telaque
1525 1119 1578 1173 in
1607 1119 1795 1173 cadum

214 1213 529 1284 jaculantur,
555 1224 616 1262 ac
641 1225 760 1263 eum
791 1209 897 1263 Deo
924 1209 1070 1279 pacis
1100 1210 1298 1266 bellum
1325 1220 1513 1280 gerunt
1533 1211 1557 1266 l
1579 1210 1798 1268 Sameas

217 1304 374 1366 enim,
412 1300 711 1356 Pharatlnei
746 1301 762 1331 ¹
791 1309 846 1355 et
882 1301 1222 1372 Assyriorum
1255 1302 1540 1372 principes,
1582 1317 1797 1358 omnes—

220 1412 316 1466 que
345 1393 524 1449 caeteri
550 1434 564 1456 ,
595 1392 843 1458 barbari,
876 1393 1017 1463 quod
1041 1410 1107 1447 ex
1136 1394 1265 1464 ipsis
1289 1395 1593 1450 nominibus
1621 1395 1802 1451 videre

220 1497 318 1551 est,
343 1485 606 1554 longeque
628 1499 657 1536 a
681 1481 987 1538 Judaiorum
1010 1485 1248 1539 moribus
1277 1486 1470 1540 remoti
1498 1494 1670 1550 erant,
1699 1502 1799 1543 no-

223 1577 505 1647 lebantque
547 1575 802 1630 ﬁnitimos
843 1576 944 1631 sibi
978 1576 1223 1632 homines
1261 1577 1598 1647 multiplicari
1633 1596 1646 1633 :
1677 1593 1800 1632 nam

224 1668 430 1722 illorum
459 1667 598 1720 vires
628 1665 738 1720 fore
770 1675 822 1720 ut
845 1667 1134 1736 potentiam
1165 1682 1314 1722 suam
1345 1667 1694 1723 obscurarent
1717 1657 1805 1722 ar-

222 1757 570 1812 bitrabantur.
607 1756 672 1810 Ili
701 1764 877 1810 autem
907 1772 1138 1826 quanam
1182 1758 1282 1810 sibi
1322 1757 1598 1812 imminuta
1638 1758 1802 1814 liber-

225 1858 348 1913 tate,
378 1863 480 1918 qua
503 1847 710 1901 sublata
740 1847 973 1913 licentia,
1003 1862 1109 1917 quo
1137 1848 1432 1916 principum
1464 1847 1662 1903 auxilio
1692 1849 1807 1902 hmc

223 1938 334 1992 ausi
361 1937 524 1992 sunt?
544 1937 625 1992 llli
655 1938 795 1993 enim
828 1939 1108 1992 Persarum
1137 1953 1289 2008 reges
1313 1938 1430 1994 haec
1453 1940 1692 1994 volentes
1712 1938 1808 1994 ha-

226 2030 404 2096 buere,
426 2031 590 2084 nostri
619 2046 744 2084 vero
773 2031 1039 2085 contraria
1060 2031 1288 2100 penitus,
1314 2038 1372 2084 ut
1395 2031 1525 2086 mihi
1547 2031 1660 2101 ipse
1690 2047 1808 2100 per-

225 2121 442 2186 suadeo,
466 2128 522 2175 et
557 2122 778 2191 cupiunt
805 2130 859 2176 et
887 2129 1090 2189 optant.
1119 2120 1453 2192 Quapropter
1478 2137 1670 2192 magno
1697 2133 1810 2177 stu-

227 2227 353 2282 pore
374 2211 561 2282 plenus
583 2227 722 2278 sum,
745 2212 883 2282 quod
906 2209 1318 2280 Imperatoribus
1337 2213 1476 2282 piam
1497 2213 1807 2282 religionem

227 2304 551 2359 sectantibus
573 2346 588 2370 ,
628 2304 742 2359 haec
772 2305 823 2358 in
856 2305 1047 2360 mediis
1082 2304 1302 2359 urbibus
1333 2305 1548 2375 impune
1583 2304 1695 2360 fieri
1725 2305 1810 2359 di-

228 2410 336 2449 cas.
366 2394 502 2463 Quid
529 2411 677 2458 vero,
707 2395 876 2464 inquit
903 2395 990 2448 ille
1011 2437 1026 2462 ,
1057 2395 1101 2449 si
1131 2394 1214 2448 bis
1235 2409 1449 2466 quoque
1486 2395 1810 2450 mirabiliora

230 2485 518 2541 didiceris?
546 2485 685 2557 quod
720 2486 921 2542 scilicet
944 2485 1133 2540 horum
1163 2497 1411 2542 auctores
1436 2487 1505 2556 pii
1527 2487 1693 2541 videri
1724 2502 1814 2544 ve-

232 2579 360 2646 lint,
391 2588 446 2634 et
471 2579 800 2635 Christianos
825 2595 884 2635 se
910 2589 1214 2650 nuncupent
1239 2620 1256 2644 ,
1299 2581 1511 2650 plurimi
1542 2588 1718 2634 autem
1747 2594 1814 2634 ex

233 2671 331 2725 illis
369 2671 529 2727 etiam
567 2672 758 2726 initiati
795 2674 942 2728 sint:
976 2673 1082 2726 imo
1107 2687 1292 2728 eorum
1320 2673 1569 2744 quidam,
1601 2673 1814 2727 diabolo

234 2761 575 2818 vehementer
597 2763 832 2832 amante,
857 2764 1180 2819 exsecranda
1211 2765 1386 2836 lingua
1409 2781 1502 2819 sua
1525 2765 1704 2820 dicere
1722 2779 1817 2819 au-

234 2871 322 2910 sus
347 2855 449 2922 sit,
481 2871 540 2911 se
565 2871 594 2909 a
623 2855 727 2911 fide
756 2871 1090 2912 recessurum
1119 2865 1172 2912 et
1205 2856 1539 2912 daemonibus
1568 2858 1814 2912 immola-

238 2954 408 3001 turum
438 2964 454 3002 :
487 2946 736 3002 suffocari
765 2948 907 3003 enim
944 2963 1003 3002 se
1043 2947 1271 3002 videndo
1299 2948 1542 3002 homines
1576 2947 1772 3002 liberos
1798 2989 1813 3014 ,

239 3039 460 3104 nobiles,
491 3041 756 3110 vitamque
776 3039 982 3095 deliciis
1013 3040 1222 3110 plenam
1255 3056 1412 3111 agere
1438 3040 1678 3094 valentes
1701 3081 1716 3106 ,
1749 3039 1816 3094 ad

240 3129 373 3185 hanc
405 3130 595 3186 duram
641 3132 762 3185 vitae
796 3131 1056 3186 rationem
1103 3129 1315 3185 abduci.
1360 3129 1450 3183 llis
1483 3128 1678 3182 auditis
1719 3143 1818 3200 ego

239 3222 492 3277 acerbiori
522 3222 742 3278 vulnere
768 3237 1052 3292 percussus
1081 3237 1222 3286 sum,
1250 3229 1304 3275 et
1333 3221 1469 3274 mala
1493 3220 1617 3274 inde
1643 3219 1816 3274 futura

237 3315 546 3386 conjieicns,
578 3314 760 3369 orbem
788 3314 943 3368 sin'ntl
976 3313 1165 3368 flebam
1193 3314 1518 3379 universum,
1551 3312 1820 3380 Deumque

237 3407 622 3477 cornpellaham
640 3407 720 3460 his
740 3407 946 3461 verbis:
968 3405 1117 3461 Tolle
1137 3407 1366 3459 animam
1391 3420 1562 3459 meam
1584 3419 1611 3457 a
1639 3420 1743 3470 me,
1768 3417 1824 3457 et

236 3499 307 3555 de
331 3500 737 3555 necessitatibus
768 3501 898 3554 meis
923 3515 1048 3554 erue
1074 3515 1181 3565 me,
1208 3507 1366 3569 atque
1390 3498 1456 3552 ab
1484 3497 1583 3552 hac
1609 3497 1820 3551 mortali

237 3591 346 3646 vita
372 3591 539 3646 libera
569 3606 673 3655 me,
696 3600 749 3644 et
776 3589 843 3644 ad
871 3591 1044 3645 locum
1079 3590 1225 3643 illum
1256 3588 1505 3653 transfer,
1539 3589 1625 3643 ubi
1649 3587 1824 3642 nullus

241 3681 544 3753 hujnsmodi
588 3681 858 3752 quidpiam
893 3680 1167 3750 proferet,
1215 3695 1385 3750 neque
1429 3680 1542 3748 ipse
1587 3677 1821 3733 audiant.

239 3772 376 3830 Novi
405 3772 651 3840 equidem
681 3811 696 3835 ,
725 3771 865 3842 quod
897 3770 1020 3825 hinc
1047 3769 1393 3825 excedentem
1415 3769 1708 3824 exteriores
1732 3783 1825 3822 ex-

242 3864 438 3934 cipient
463 3865 716 3929 tenebrae,
743 3864 831 3919 ubi
861 3862 1016 3919 ﬂetus
1043 3864 1228 3933 ingens
1255 3871 1309 3918 et
1328 3861 1523 3917 stridor
1547 3861 1823 3917 dentium;

241 3969 427 4010 verum
466 3955 749 4026 jucundius
793 3954 922 4009 mihi
958 3963 1038 4008 est
1076 3954 1267 4009 dentes
1311 3953 1500 4007 audire
1543 3952 1828 4008 stridentes

241 4062 403 4118 quam
431 4047 696 4117 ejusmodi
733 4047 892 4102 verba
915 4047 1179 4117 jactantes
1206 4045 1468 4100 homines.
1499 4043 1696 4100 Videas
1730 4059 1829 4098 au—

244 4150 351 4194 tem
393 4155 481 4196 me
524 4140 613 4195 ille
648 4140 934 4196 admodum
977 4139 1284 4210 lugentem:
1316 4137 1430 4193 Non
1476 4136 1568 4203 id,
1613 4136 1828 4207 inquit,

244 4241 459 4304 tempus
486 4231 717 4303 postulat
745 4248 760 4286 :
793 4246 966 4301 neque
1004 4230 1145 4286 enim
1183 4228 1265 4284 his
1297 4228 1546 4300 lacrymis
1582 4241 1713 4294 eos,
1741 4226 1831 4297 qui

241 4326 353 4395 jam
393 4324 668 4395 perierunt
703 4333 758 4378 et
795 4323 1031 4393 quotidie
1071 4332 1328 4392 pereunt,
1367 4334 1685 4392 recuperare
1710 4333 1830 4372 um-

245 4431 408 4485 quam
445 4415 648 4484 poteris
688 4431 702 4470 :
741 4430 912 4487 neque
950 4415 1148 4469 malum
1191 4414 1280 4468 hic
1327 4413 1485 4468 linem
1530 4411 1832 4467 habiturum

247 4516 398 4576 puto.
445 4506 553 4562 Sed
600 4505 985 4578 providendum
1029 4515 1155 4573 est,
1201 4513 1260 4560 ut
1309 4521 1498 4576 rogum
1541 4504 1699 4560 istum
1742 4519 1837 4559 ex-

247 4601 602 4672 stinguamus,
637 4599 882 4671 hancque
907 4609 1109 4670 pestem
1137 4598 1481 4654 cohibeamus
1505 4615 1520 4652 :
1543 4613 1606 4653 ac
1634 4598 1679 4652 si
1706 4597 1838 4650 mihi

249 4709 460 4749 morem
489 4693 719 4764 gesseris
739 4735 754 4761 ,
785 4692 868 4748 his
897 4692 1074 4747 missis
1104 4691 1314 4747 ﬂetibus
1339 4690 1531 4745 librum
1559 4688 1709 4753 edes,
1732 4703 1841 4757 quo

249 4789 412 4858 agris
442 4784 748 4856 hujnsmodi
786 4800 849 4840 ac
876 4783 1150 4840 seditiosis
1179 4782 1379 4837 monita
1413 4780 1564 4836 dabis
1593 4779 1660 4834 ad
1685 4793 1836 4834 suam

245 4879 596 4948 omniumque
621 4877 891 4932 hominum
927 4876 1176 4931 salutem.
1205 4875 1314 4929 lloc
1340 4888 1440 4944 ego
1475 4879 1751 4942 assumpto
1777 4871 1842 4926 li-

244 4972 370 5038 bro,
418 4969 786 5025 medicaminis
829 4967 1106 5039 cujusdam
1134 4967 1250 5022 vice
1283 4965 1431 5020 illum
1465 4964 1839 5036 :egrotantium

248 5063 302 5118 in
331 5077 496 5117 manu
523 5077 737 5134 ponam.
765 5061 901 5117 Sunt
928 5061 1071 5116 enim
1096 5076 1163 5115 ex
1191 5059 1384 5114 horum
1419 5071 1643 5112 numero
1673 5054 1808 5126 pleri

245 5172 358 5227 que
384 5156 516 5211 mihi
544 5155 775 5211 amicitia
794 5155 986 5225 juncti,
1008 5159 1099 5224 qut
1120 5153 1386 5222 patientur
1409 5166 1496 5205 me
1523 5153 1667 5220 ipsos
1692 5148 1842 5210 adire

246 5250 422 5305 semel
449 5259 505 5304 et
526 5249 606 5303 bis
627 5256 682 5304 et
705 5247 930 5317 pluries,
960 5245 1190 5314 novique
1211 5243 1330 5298 illos
1349 5243 1456 5297 cito
1477 5240 1544 5296 ab
1568 5239 1668 5295 hac
1692 5248 1844 5310 peste

247 5339 566 5398 liberandos
584 5352 725 5394 esse.
744 5337 823 5392 Tu
841 5337 1078 5407 quidem,
1096 5333 1348 5404 respondi
1375 5347 1495 5403 ego,
1527 5346 1595 5386 ex
1623 5330 1846 5384 caritate

244 5442 342 5490 tua
375 5434 526 5490 vires
553 5427 761 5488 metiris
799 5440 1046 5486 nostras:
1076 5429 1206 5484 mihi
1242 5441 1372 5484 vero
1401 5425 1544 5481 nulla
1583 5425 1725 5479 inest
1766 5423 1847 5477 vis

243 5574 476 5686 sign:
503 5575 635 5682 ζει,
655 5562 953 5617 Pharasthet'.
998 5573 1091 5616 Hoc
1114 5575 1294 5614 nomen
1311 5565 1588 5624 corruptum
1612 5565 1689 5610 est
1702 5571 1717 5622 ;
1736 5556 1848 5610 nde

943 177 1307 238 ADVERSUS
1342 181 1886 245 OPPUCNATORES
1923 186 2111 246 VI'DE
2151 186 2444 271 IIONAST.
2483 186 2614 246 LIB.
2646 188 2689 246 l.

1895 299 2128 368 dicendi,
2157 309 2212 357 et
2239 317 2322 368 ea,
2350 318 2469 374 quae
2496 302 2674 359 inesse
2694 302 2922 373 videtur,
2945 303 3000 360 in
3029 304 3134 362 hoc
3155 321 3471 380 argumento

1894 389 1970 444 uti
2015 391 2176 460 pudet
2215 408 2305 448 me
2335 411 2351 449 :
2382 408 2480 448 nec
2516 395 2680 450 alium
2713 409 3032 466 quemquam
3074 398 3146 454 ita
3174 415 3380 463 vereor.
3414 415 3474 456 ut

1893 483 2119 551 gentiles
2143 497 2354 550 omnes,
2385 491 2495 540 tum
2522 499 2617 541 eos
2647 487 2736 556 qui
2767 487 2925 542 modo
2948 499 3098 555 sunt,
3125 498 3236 544 tum
3265 504 3359 546 eos
3382 507 3470 560 qui

1897 585 2020 646 post
2043 574 2210 630 futuri
2234 585 2380 642 sunt,
2405 591 2540 648 quos
2563 593 2664 648 ego
2691 593 2796 633 non
2825 580 3002 634 minus
3025 594 3122 651 pro
3145 581 3270 636 vita:
3293 597 3475 652 segm-

1899 669 1992 734 tie,
2021 683 2178 738 quam
2203 683 2302 738 pro
2325 668 2582 724 doctrinae
2608 671 2815 725 ratione
2841 686 3056 740 semper
3077 685 3300 741 carpere
3345 672 3476 726 soli-

1906 767 1991 812 tus
2016 771 2155 824 sum,
2184 773 2254 813 ne
2290 759 2401 827 jam
2449 759 2594 828 ipsos
2621 759 2758 813 mala
2796 769 2976 813 nostra
3005 760 3246 815 doceam.
3275 759 3406 816 Nam
3433 761 3476 819 si

1899 847 1992 919 qui
2017 864 2081 903 ex
2112 848 2218 903 illis
2243 849 2509 904 senserint
2539 848 2682 920 apud
2709 851 3042 905 Christianos
3077 866 3195 907 esse
3235 852 3479 908 homines

1901 939 2036 995 adeo
2053 939 2232 994 virtuti
2260 947 2316 994 et
2340 939 2690 1010 philosophiae
2719 941 2983 1007 inimicos,
3005 951 3065 997 ut
3088 957 3192 997 non
3215 943 3374 998 modo
3398 945 3479 999 la-

1902 1031 2058 1086 bores
2084 1032 2150 1086 ad
2175 1047 2292 1086 eam
2317 1031 2712 1101 adipiscendam
2743 1033 3021 1104 refugiant,
3046 1033 3142 1089 sed
3181 1050 3248 1089 ne
3283 1034 3351 1088 de
3389 1035 3479 1089 illa

1899 1122 2117 1191 quidem
2143 1123 2302 1178 verba
2329 1122 2503 1178 facere
2525 1123 2723 1190 sinant,
2749 1123 2854 1178 imo
2884 1139 2952 1178 ne
2978 1123 3078 1178 hac
3102 1132 3244 1178 tanta
3265 1123 3480 1193 quidem

1905 1212 2112 1267 insania
2137 1215 2404 1276 contenti,
2436 1213 2482 1269 si
2509 1229 2666 1283 quem
2699 1214 2836 1269 hanc
2869 1214 3237 1268 consulentem
3263 1255 3277 1281 ,
3306 1214 3483 1283 deque

1907 1302 1994 1357 illa
2019 1303 2369 1358 disserentem
2393 1304 2605 1358 videant
2623 1344 2638 1370 ,
2669 1305 2810 1358 hunc
2841 1305 3072 1374 undique
3099 1304 3404 1374 expellant;
3437 1304 3480 1360 si

1909 1392 2040 1458 bare,
2067 1393 2282 1464 inquam
2299 1433 2315 1459 ,
2345 1395 2416 1447 illi
2443 1394 2746 1461 senserint,
2775 1395 2938 1449 timeo
2965 1411 3033 1450 ne
3058 1409 3155 1450 nos
3175 1394 3484 1449 existiment

1907 1500 2012 1538 non
2044 1483 2306 1550 homines,
2331 1483 2424 1539 sed
2455 1485 2614 1548 feras,
2655 1493 2709 1538 et
2739 1493 2975 1538 monstra
3013 1484 3244 1538 hominis
3283 1484 3482 1544 forma.

1906 1575 2282 1645 dmmonasque
2306 1575 2564 1644 quosdam
2596 1576 2813 1640 noxios,
2850 1589 2914 1629 ac
2946 1574 3246 1629 communis
3283 1584 3486 1628 natura:

1908 1667 2181 1731 inimicos,
2213 1682 2315 1721 nec
2338 1667 2406 1721 de
2435 1667 2674 1721 sontibus
2705 1665 2892 1731 modo,
2933 1666 3029 1720 sed
3067 1664 3135 1720 de
3173 1674 3278 1719 tota
3328 1665 3485 1718 simul

1907 1767 2068 1828 gente
2099 1757 2256 1812 talem
2284 1758 2600 1811 sententiam
2631 1755 2826 1810 ferant.
2855 1757 2924 1810 At
2945 1755 3036 1810 ille
3059 1756 3237 1810 ridens
3261 1773 3273 1808 :
3302 1754 3486 1820 Ludis,

1909 1849 2101 1918 inquit,
2130 1849 2246 1903 haec
2270 1849 2491 1903 dicens:
2522 1861 2622 1917 ego
2649 1847 2793 1901 enim
2833 1847 3211 1916 Opportuniora
3253 1847 3363 1917 jam
3407 1847 3486 1899 lo-

1910 1955 2063 2008 quar,
2096 1939 2142 1994 si
2167 1939 2371 1994 vereris
2397 1954 2462 1994 ne
2487 1953 2551 1993 ex
2579 1939 2756 1992 verbis
2782 1938 2889 1992 tuis
2913 1937 2965 1992 id
2990 1938 3248 2001 ediscant,
3273 1953 3391 2006 qu:e
3415 1937 3493 1991 illi

1905 2030 2017 2100 jam
2044 2030 2242 2085 dudum
2273 2046 2338 2085 ex
2371 2030 2500 2101 ipsis
2523 2029 2776 2099 Operibus
2801 2028 3156 2084 edidicerunt.
3186 2028 3318 2083 Nam
3346 2042 3410 2082 ac
3447 2041 3492 2082 St

1913 2122 2270 2191 nequissimus
2293 2121 2484 2191 aliquis
2519 2121 2738 2189 spiritus
2763 2120 3003 2173 omnium
3030 2120 3240 2174 animos
3263 2132 3489 2186 occupa-

1912 2215 2004 2279 rit,
2036 2229 2131 2284 per
2157 2225 2470 2269 cunctorum
2499 2229 2594 2268 ora
2627 2213 2679 2266 hi
2719 2227 2998 2267 sermones
3027 2219 3344 2274 vertuntur;
3377 2211 3492 2262 sive

1915 2307 1967 2361 in
1995 2306 2166 2362 forum
2207 2319 2258 2361 te
2283 2306 2598 2373 contuleris,
2628 2307 2740 2359 sive
2781 2305 2832 2358 in
2865 2304 3116 2360 tabernas
3139 2302 3492 2366 medicorum,

1915 2401 2027 2454 sive
2058 2400 2112 2454 in
2136 2400 2430 2469 quamlibet
2456 2400 2600 2454 urbis
2630 2406 2834 2468 partem
2855 2440 2870 2464 ,
2896 2397 2988 2452 ubi
3013 2396 3204 2452 sedere
3231 2396 3408 2451 solent
3432 2393 3490 2460 ii,

1914 2490 2006 2560 qui
2032 2491 2163 2544 nihil
2191 2489 2401 2560 Operari
2426 2490 2629 2556 volunt,
2654 2489 2857 2543 videbis
2903 2489 3168 2558 ingentem
3213 2488 3382 2541 risum
3429 2487 3498 2541 ab

1918 2585 2166 2638 omnibus
2209 2583 2431 2638 moveri.
2463 2583 2622 2637 Risus
2646 2590 2825 2636 autem
2853 2581 2970 2650 ejus
3007 2588 3064 2635 et
3102 2579 3381 2634 comoediae
3408 2594 3495 2632 ar-

1917 2682 2229 2744 gumentum
2256 2682 2374 2740 est,
2416 2689 2606 2728 eorum
2647 2689 2768 2743 qua:
2811 2673 3068 2727 adversus
3111 2681 3326 2726 sanctos
3354 2670 3498 2725 viros

1919 2777 2034 2822 acta
2062 2776 2185 2820 sunt
2226 2767 2411 2821 festiva
2443 2766 2698 2820 narratio.
2727 2763 3189 2831 Quemadmodum
3218 2763 3360 2817 enim
3389 2762 3502 2816 bel-

1921 2859 2137 2922 latores,
2168 2860 2257 2928 qui
2284 2859 2477 2914 multas
2500 2873 2701 2928 pugnas
2725 2856 3054 2912 confecerint
3079 2870 3143 2910 ac
3159 2864 3357 2924 tropzna
3385 2869 3504 2909 ere-

1921 2955 2112 3018 xerint,
2143 2963 2290 3023 gesta
2318 2968 2413 3007 sua
2442 2952 2595 3008 fortia
2619 2965 2838 3006 narrare
2859 2949 3092 3020 gaudent
3111 2988 3125 3010 ,
3157 2947 3237 3002 sic
3260 2956 3314 3002 et
3334 2945 3419 3001 isti
3448 2945 3502 2999 in

1923 3045 2242 3100 facinoribus
2262 3044 2376 3099 suis
2400 3044 2666 3098 laetantur.
2690 3043 2842 3096 Hunc
2861 3056 2990 3095 sane
3009 3039 3196 3094 audias
3211 3037 3500 3102 dicentem,

1922 3136 2133 3191 Primus
2159 3149 2260 3205 ego
2283 3150 2473 3188 manus
2499 3137 2551 3186 in
2580 3133 2725 3186 illum
2765 3130 3086 3185 monachum
3112 3128 3288 3198 injeci,
3313 3136 3366 3181 et
3392 3126 3506 3196 pla—

1921 3243 2018 3298 gas
2038 3228 2223 3293 intuli;
2253 3227 2414 3281 alium
2434 3239 2584 3290 vero,
2608 3227 2677 3278 At
2699 3237 2798 3294 ego
2824 3222 3068 3278 cellulam
3092 3220 3207 3290 ejus
3230 3228 3353 3274 ante
3372 3219 3506 3272 alios

1924 3322 2136 3387 inveni;
2166 3321 2361 3384 alium,
2395 3320 2506 3389 Ego
2540 3316 2774 3388 judicem
2810 3315 2978 3386 magis
3006 3328 3164 3384 quam
3189 3325 3378 3367 omnes
3413 3311 3509 3365 ad-

1926 3429 2114 3470 versus
2143 3414 2156 3444 ¹
2188 3412 2336 3466 illum
2364 3407 2827 3465 concitaviJactat
2851 3406 2985 3460 alius
3010 3389 3506 3470 carceremcarce-

1926 3509 2107 3577 risque
2135 3505 2379 3560 miserias
2404 3521 2417 3556 :
2446 3502 2693 3572 quodque
2719 3515 2814 3570 per
2839 3499 3010 3553 l'orum
3032 3506 3244 3552 sanctos
3268 3495 3506 3559 traxerit,

1929 3602 1980 3657 id
2012 3600 2183 3655 laudis
2210 3601 2261 3653 in
2290 3606 2439 3667 parte
2467 3594 2776 3657 constituit;
2800 3593 2937 3647 alius
2962 3592 3089 3646 item
3116 3587 3280 3643 aliud.
3304 3587 3509 3642 Deinde

1927 3707 2116 3749 omnes
2141 3690 2374 3762 profusis
2399 3687 2675 3744 cachinnis
2704 3685 2820 3740 haec
2855 3688 3269 3754 prosequuntur.
3302 3679 3368 3732 Et
3397 3679 3512 3730 lucc

1929 3784 2142 3854 quidem
2171 3782 2228 3836 in
2261 3779 2682 3836 Christianorum
2718 3774 3058 3831 consessibns
3085 3789 3098 3825 :
3123 3769 3348 3841 gentiles
3383 3781 3512 3822 vero

1930 3886 1986 3932 et
2005 3877 2104 3930 hos
2125 3873 2365 3937 irrident,
2389 3881 2442 3926 et
2461 3885 2556 3926 eos
2575 3869 2663 3939 qui
2689 3867 2757 3922 ab
2782 3865 2886 3920 illis
2909 3863 3196 3918 irridentur
3215 3875 3230 3925 ;
3258 3859 3376 3914 illos
3395 3872 3513 3926 qua:

1933 3969 2049 4024 haec
2090 3966 2472 4039 perpetrarint,
2516 3965 2614 4016 hos
2643 3959 2784 4031 quod
2817 3957 2941 4037 talia.
2968 3955 3108 4026 passi
3138 3953 3243 4008 sint
3265 3969 3280 4005 :
3304 3951 3512 4039 omniaf

1933 4075 2038 4130 que
2062 4038 2202 4113 civili
2231 4055 2460 4126 quodam
2497 4053 2638 4108 bello
2667 4049 2868 4120 repleta
2893 4052 3044 4112 sunt,
3074 4043 3182 4098 imo
3212 4038 3514 4130 hujusmndi

1934 4129 2076 4206 bello
2105 4149 2260 4217 longe
2286 4145 2550 4200 atrociora
2578 4141 2766 4198 isthtec
2788 4146 2930 4194 sunt.
2956 4136 3088 4192 Nam
3113 4134 3204 4205 qui
3227 4131 3422 4188 bellum
3449 4129 3515 4182 il-

1937 4243 2028 4298 lud
2066 4240 2365 4312 gesserint,
2395 4252 2516 4291 cum
2550 4244 2734 4305 postea
2777 4233 2923 4287 illius
2950 4228 3386 4288 reminiscuntur,
3417 4238 3515 4276 an-

1937 4343 2113 4391 etores
2126 4332 2244 4402 ejus
2265 4327 2562 4384 maledictis
2584 4327 2934 4386 insectantur,
2960 4336 3024 4375 ac
3049 4317 3281 4375 daemonii
3305 4313 3517 4370 cuidam

1939 4427 2082 4482 malo
2110 4430 2322 4486 cuncta,
2353 4434 2475 4489 qua:
2503 4418 2554 4470 in
2581 4415 2674 4470 illo
2701 4421 2852 4482 gesta
2883 4410 3096 4473 fuerint,
3129 4414 3348 4474 accepta
3376 4403 3519 4457 relc-

1940 4528 2064 4578 runt
2093 4537 2107 4574 :
2135 4525 2191 4572 et
2233 4515 2267 4569 ii
2305 4511 2568 4582 ampliore
2605 4506 2910 4561 afficiuntur
2963 4500 3198 4570 pudore,
3242 4496 3332 4565 qui
3371 4494 3518 4563 plura

1941 4625 2098 4682 quam
2125 4607 2215 4662 alii
2243 4599 2600 4676 perpetrarint
2627 4615 2642 4653 :
2668 4597 2922 4650 hiantem
2943 4590 3012 4646 de
3035 4589 3149 4644 suis
3171 4583 3524 4682 ausibus-glo-

1943 4676 2165 4759 riantur.
2191 4698 2374 4767 Neque
2393 4694 2512 4750 ideo
2532 4698 2732 4747 tantum
2759 4687 2862 4741 hoc
2878 4681 3188 4739 sceleratius
3213 4679 3303 4733 illo
3324 4676 3520 4731 bellum

1943 4804 2047 4862 est,
2075 4791 2216 4864 quod
2246 4789 2502 4845 adversus
2529 4789 2744 4838 sanctos
2763 4778 2852 4848 qui
2875 4775 3143 4831 neminem
3165 4771 3405 4826 lmseriut
3431 4781 3526 4864 ex:

1943 4856 2170 4948 citetur;
2199 4880 2291 4936 scd
2321 4878 2484 4934 etiam
2508 4873 2648 4944 quod
2673 4869 2929 4925 adversus
2950 4864 3196 4919 homines
3213 4861 3304 4931 qui
3326 4856 3524 4948 nemini

1946 4945 2348 5033 malum-facere
2377 4971 2660 5030 noverunt,
2689 4969 2746 5017 et
2773 4958 2840 5014 ad
2864 4953 3167 5028 patiendum
3186 4945 3528 5006 solummodo

1947 5068 2117 5139 parati
2143 5073 2290 5121 sunt.
2789 5112 2794 5116 .

2019 5162 2074 5215 5.
2103 5157 2328 5212 Joannes
2358 5152 2538 5223 Chrys.
2566 5148 2634 5204 ad
2667 5146 2852 5202 librum
2890 5138 3137 5197 edendum
3162 5150 3218 5190 se
3243 5143 3525 5223 comparat.

1949 5283 2021 5296 —
2039 5252 2179 5307 Siste
2197 5246 2439 5320 gradum,
2463 5222 2576 5299 dixi
2596 5255 2719 5311 ego,
2747 5237 2909 5301 siste,
2934 5233 3066 5288 satis
3086 5229 3196 5300 jam
3224 5222 3532 5320 hujusmodi

1952 5316 2351 5407 narrationum,
2383 5337 2486 5395 nisi
2517 5349 2604 5390 me
2632 5326 2908 5401 exspirare
2933 5324 3068 5381 velis
3095 5340 3109 5378 :
3134 5319 3230 5376 sed
3261 5316 3531 5407 modicum

1952 5439 2084 5496 mihi
2111 5438 2216 5492 hoc
2241 5404 2430 5490 virium
2461 5430 2774 5497 relinquens
2805 5421 3027 5478 missum
3054 5430 3138 5470 me
3167 5412 3350 5467 facito.
3381 5404 3534 5476 Quod

2019 5555 2038 5588 ι
2070 5553 2144 5603 sic
2164 5560 2336 5601 omnes
2348 5555 2452 5596 Mss.
2474 5551 2526 5594 et
2540 5543 2678 5591 Savlt.
2705 5546 2754 5588 In
2777 5535 2910 5586 mito
2925 5531 3090 5586 Itorel.
3111 5527 3266 5594 magis
3286 5525 3536 5578 adversus,

1964 5624 2087 5681 etc.,
2106 5614 2299 5666 omissis
2315 5607 2497 5670 verbis,
2520 5615 2663 5668 quam
2683 5613 2864 5654 anuus.
