4088 6138
611 181 716 242 325

609 295 811 370 jussisti
843 294 1054 366 penitus
1079 307 1474 363 exsequemur:
1507 300 1710 346 tantum
1741 290 1874 344 nihil
1900 290 2042 344 aliud
2077 289 2186 360 jam

611 387 771 441 dictis
792 385 1032 453 adjicias,
1057 383 1150 438 sed
1176 383 1447 450 digressus
1468 395 1688 450 precare
1709 390 1787 444 ut,
1811 395 2035 434 excussa
2062 380 2190 436 mihi

614 476 862 532 tnt'eroris
905 473 1132 537 nebula,
1161 470 1447 540 quamdam
1483 486 1514 524 a
1551 470 1688 536 Deo,
1716 471 1805 539 qui
1830 469 2190 540 impugnatur,

613 582 768 636 opem
786 578 1084 634 consequar
1103 562 1170 617 ad
1191 562 1454 617 medelam
1477 561 1810 616 inimicorum
1830 562 1965 630 ejus.
1989 560 2045 614 ld
2069 576 2195 615 vero

613 656 762 710 dabit
790 654 932 709 haud
955 654 1149 719 dubie,
1171 653 1410 708 clemens
1439 666 1560 706 cum
1587 653 1693 717 sit,
1721 667 1784 705 ac
1810 659 2038 706 mortem
2067 665 2196 719 pec-

615 745 812 800 catoris
841 744 1008 810 nolit,
1046 744 1139 798 sed
1181 752 1239 797 ut
1264 753 1607 798 convertatur
1644 751 1700 796 et
1725 743 1888 796 vivat.
1917 743 2008 796 Sic
2050 741 2140 795 illo
2165 755 2198 795 a

620 852 707 890 me
745 835 999 899 dimisso,
1040 834 1155 889 [nec
1179 835 1414 888 scribere
1445 848 1561 887 sum
1597 848 1896 903 aggressus.
1919 833 2130 887 Ateuim
2155 831 2200 885 si

620 927 722 980 hoc
749 936 952 980 tantum
983 925 1105 979 mali
1130 924 1378 989 adesset,
1407 923 1547 993 quod
1572 923 1742 977 sancti
1770 923 1862 977 Dei
1885 932 1940 977 et
1964 922 2199 976 admira-

620 1017 759 1072 biles
797 1017 898 1070 viri
935 1024 1309 1085 raptarentur,
1353 1016 1782 1084 laniarenturque
1815 1013 1882 1068 ad
1919 1014 2202 1068 tribunalia

622 1107 896 1178 pertracti,
927 1107 1194 1161 verberati
1218 1115 1274 1162 et
1297 1107 1398 1160 alia
1429 1107 1604 1176 passi,
1630 1121 1750 1176 quze
1773 1120 1934 1176 supra
1960 1104 2201 1160 narravi-

623 1216 763 1263 mus,
791 1199 1100 1268 nullumque
1126 1196 1252 1252 hinc
1276 1198 1530 1253 damnum
1562 1198 1618 1250 in
1643 1211 1829 1251 eorum
1852 1206 2201 1252 convertere-

624 1299 710 1343 tur
729 1298 908 1358 caput,
937 1290 1028 1358 qui
1058 1289 1183 1342 talia
1209 1297 1603 1358 perpetrarunt,
1638 1297 1839 1342 tantum
1866 1286 2022 1342 abest
2050 1297 2108 1341 ut
2133 1287 2202 1342 de

623 1381 788 1451 gestis
817 1380 1052 1433 dolerem
1071 1419 1087 1445 ,
1117 1388 1175 1432 ut
1202 1380 1366 1433 etiam
1392 1378 1459 1432 de
1479 1378 1669 1432 iisdem
1695 1377 1924 1432 riderent
1947 1393 2203 1447 perquam

627 1470 964 1525 suavissime.
985 1469 1120 1524 Nam
1148 1479 1202 1524 et
1230 1469 1458 1523 infantes
1479 1469 1686 1538 quoties
1711 1468 1827 1522 sine
1849 1483 1948 1522 suo
1969 1469 2205 1536 periculo

627 1562 932 1632 percutiunt
955 1571 1175 1625 matres,
1194 1560 1360 1614 risum
1387 1559 1494 1613 illis
1518 1565 1735 1613 movent
1753 1557 2201 1627 copiosissimum,

629 1663 882 1725 tantoque
911 1652 1171 1722 majorem
1197 1651 1523 1720 voluptatem
1552 1651 1784 1720 pariunt,
1814 1658 2012 1718 quanto
2037 1649 2205 1704 vehe-

632 1747 894 1802 mentiore
912 1761 1033 1800 cum
1057 1743 1328 1799 iracundia
1350 1743 1402 1796 id
1424 1742 1668 1809 fecerint,
1694 1743 1764 1796 ita
1789 1751 1849 1796 ut
1869 1741 2208 1798 eﬂ‘undantur

628 1851 870 1905 peneque
903 1836 1272 1904 dirumpantur
1300 1834 1449 1888 risu:
1479 1833 1561 1887 sin
1597 1847 1724 1888 vero
1758 1833 1883 1886 dum
1926 1833 1978 1886 id
2011 1833 2208 1904 jugiter

631 1928 807 1984 infans
826 1943 888 1983 ac
912 1927 1137 1982 validius
1155 1927 1298 1994 facit,
1322 1926 1632 1980 vulneretur
1647 1925 1954 1996 aliquando,
1978 1926 2089 1980 sive
2108 1941 2210 1980 acu

627 2019 770 2074 circa
799 2034 986 2073 zonam
1009 2018 1200 2072 tunicae
1223 2018 1408 2072 matris
1433 2016 1616 2082 aflixa,
1640 2017 1753 2071 sive
1779 2016 1928 2070 radio
1951 2017 2207 2074 maternis

631 2110 938 2179 pectoribus
965 2124 1200 2179 appenso
1226 2108 1467 2163 ferientis
1492 2123 1706 2162 manuni
1726 2107 2025 2177 excipiente
2047 2126 2062 2162 :
2084 2116 2209 2163 tunc

628 2211 795 2266 certe,
827 2212 952 2258 tunc
972 2203 1136 2256 misso
1156 2201 1288 2267 risu,
1311 2199 1532 2269 majore,
1559 2214 1716 2269 quam
1745 2199 1791 2252 is
1816 2198 1905 2268 qui
1926 2213 2210 2268 percussus

629 2303 734 2357 est,
772 2293 861 2346 illa
884 2291 1069 2346 dolore
1095 2291 1326 2346 afficitur
1351 2298 1440 2345 :et
1464 2290 1676 2344 interim
1705 2299 1854 2344 curat
1879 2289 2106 2355 vulnus,
2142 2288 2210 2345 de

631 2393 828 2440 cwtero
859 2393 1034 2438 autem
1065 2381 1364 2453 ingentibus
1385 2381 1543 2436 minis
1566 2389 1707 2435 vetat
1734 2395 1800 2434 ne
1827 2379 1949 2434 talia
1975 2388 2116 2450 agat,
2143 2394 2212 2434 ne

631 2476 770 2532 forte
799 2476 974 2531 simile
1012 2475 1283 2546 quidpiam
1310 2475 1557 2544 patiatur.
1586 2473 1696 2528 Nos
1732 2474 1912 2544 itaque
1949 2474 2096 2543 paria
2128 2473 2212 2528 fe-

631 2570 912 2635 cissemus,
943 2569 986 2624 si
1020 2569 1278 2638 puerilem
1306 2567 1612 2637 hujusmodi
1635 2568 1962 2622 iracundiam
1992 2568 2212 2637 conspi-

631 2675 910 2724 ceremus,
941 2669 1033 2714 aut
1057 2675 1179 2720 esse
1207 2661 1345 2714 hanc
1374 2659 1652 2714 infantium
1693 2660 1922 2730 plagam,
1954 2677 2075 2730 quae
2103 2676 2211 2718 non

633 2767 878 2822 magnam
904 2753 1032 2822 ipsis
1057 2752 1348 2822 perniciem
1373 2749 1614 2804 inferret.
1637 2751 1898 2818 Quoniam
1935 2767 2062 2806 vero
2092 2761 2213 2822 post

631 2845 898 2901 modicum
934 2847 1173 2916 elapsum
1201 2854 1432 2915 tempus,
1461 2847 1702 2916 quamvis
1731 2863 1869 2901 nunc
1895 2848 2074 2904 furore
2093 2864 2214 2904 corb

632 2941 770 3010 repti
799 2940 849 2996 id
872 2935 978 2995 non
999 2943 1250 3007 sentiant,
1274 2941 1493 3008 ﬂebunt,
1519 2942 1814 3013 ejulabunt,
1845 2942 2214 2998 lamentaban-

617 3043 736 3098 .tur,
760 3049 864 3088 non
897 3034 986 3088 tali
1012 3033 1138 3088 fletu
1162 3035 1304 3103 quali
1327 3033 1576 3096 infantes,
1600 3033 1695 3088 sed
1718 3035 1769 3088 in
1798 3034 2032 3089 tenebris
2057 3043 2210 3090 exte-

632 3125 862 3179 rioribus
914 3132 970 3179 et
1020 3126 1074 3178 in
1128 3124 1249 3194 igne
1301 3110 1716 3194 inexstinguibili
1765 3141 1779 3178 :
1828 3125 2056 3195 idipsum
2098 3125 2209 3194 jam

631 3215 888 3269 faciamus
913 3213 1054 3285 quod
1076 3225 1292 3279 matres,
1324 3213 1428 3269 hoc
1459 3223 1658 3268 tantum
1694 3213 2002 3268 discrimine
2025 3256 2041 3280 ,
2068 3213 2210 3284 quod

633 3323 740 3361 non
760 3322 883 3360 cum
912 3306 1070 3360 minis
1101 3313 1157 3360 et
1181 3305 1519 3360 contumeliis
1549 3314 1606 3359 ut
1642 3305 1770 3369 illze,
1809 3306 1902 3360 sed
1942 3305 2136 3360 blande
2157 3314 2212 3360 et

631 3415 754 3455 cum
791 3399 1012 3454 lenitate
1039 3398 1204 3452 multa
1235 3397 1466 3453 infantes
1495 3398 1799 3468 lmjnsmodi
1838 3399 2208 3468 alloquamur:

633 3489 1066 3560 quandoquidem
1109 3489 1241 3543 nihil
1286 3488 1413 3544 hinc
1454 3488 1636 3543 damni
1681 3489 1880 3544 sanctis
1918 3489 2076 3555 viris,
2115 3489 2210 3544 sed

632 3595 838 3636 merces
860 3579 1126 3650 copiosior
1152 3579 1427 3650 majorque
1457 3580 1647 3634 fiducia
1669 3581 1894 3634 accedit.
1921 3581 1975 3636 Si
1997 3581 2212 3650 quidem

633 3672 808 3727 futura
835 3672 974 3727 bona
993 3686 1496 3735 commemoremus,
1518 3672 1803 3727 admodum
1834 3671 1973 3727 forte
2003 3673 2208 3728 ridebi-

633 3765 726 3832 tis,
753 3763 948 3835 quippe
971 3763 1061 3833 qui
1089 3763 1394 3833 hujusmodi
1427 3763 1536 3817 risu
1567 3779 1780 3833 semper
1820 3764 1997 3818 ridere
2034 3764 2212 3819 solea-

634 3856 706 3911 tis
732 3874 747 3910 :
771 3865 826 3909 at
853 3856 1236 3925 praesentibus,
1269 3856 1481 3910 etiamsi
1510 3857 1704 3911 millies
1725 3857 1854 3912 risui
1874 3857 2072 3913 addicti
2099 3859 2214 3914 fue-

633 3947 771 4013 ritis,
807 3947 964 4001 fidem
996 3963 1100 4002 non
1130 3947 1415 4018 negabitis;
1457 3963 1556 4002 nec
1593 3948 1636 4001 si
1682 3948 1956 4004 volueritis
1997 3949 2212 4019 quidem

636 4039 896 4108 poteritis,
924 4039 1085 4094 rebus
1107 4031 1300 4108 nempe
1320 4037 1450 4106 ipsis
1470 4047 1654 4092 contra
1676 4039 2054 4094 clamantibus.

707 4131 1061 4186 Persecutores
1098 4147 1199 4184 non
1226 4132 1434 4198 sanctis,
1463 4131 1554 4184 sed
1575 4131 1668 4185 sibi
1682 4142 1880 4186 nocent.
1903 4132 2212 4203 Exemplum

643 4222 865 4277 Neronis
899 4232 946 4274 et
976 4220 1154 4274 Pauli.
1193 4253 1265 4262 —
1290 4221 1554 4278 Neronem
1606 4239 1822 4292 prorsus
1865 4223 2090 4279 audistis
2129 4225 2211 4278 vi-

637 4329 756 4368 rum
784 4328 975 4382 nempe
996 4328 1067 4367 ex
1098 4313 1312 4367 lascivia
1340 4313 1622 4380 famosum,
1649 4316 1737 4384 qui
1769 4315 1972 4384 primus
1997 4324 2052 4370 et
2071 4315 2215 4370 solus

639 4405 690 4458 in
723 4413 869 4458 tanto
897 4405 1122 4474 imperio
1163 4421 1329 4459 novos
1357 4405 1614 4474 quosdam
1643 4406 1986 4475 impudicitia:
2015 4415 2071 4460 et
2101 4417 2213 4460 tur-

635 4497 894 4568 pitudinis
946 4499 1136 4553 modos
1181 4499 1539 4569 excogitavit:
1569 4498 1654 4552 hic
1698 4501 1872 4568 itaque
1913 4498 2054 4554 Nero
2092 4501 2214 4554 bea-

637 4605 748 4647 tum
772 4592 1014 4659 Paulum,
1046 4591 1198 4662 cujus
1227 4602 1466 4662 tempore
1495 4591 1785 4662 regnabat,
1813 4591 1882 4646 de
1909 4591 2098 4646 iisdem
2126 4606 2214 4646 ac-

635 4700 850 4752 cusans,
881 4685 949 4740 de
967 4686 1158 4754 quibus
1184 4701 1278 4739 vos
1306 4687 1405 4755 ipsi
1430 4695 1643 4740 sanctos
1668 4685 1812 4739 viros
1851 4684 2168 4739 insimulatis
2199 4703 2212 4740 :

638 4778 881 4847 pellicem
903 4779 1042 4831 enim
1069 4777 1207 4846 ejus,
1231 4793 1389 4846 quam
1419 4778 1508 4832 ille
1528 4779 1824 4848 deperibat,
1855 4793 1976 4833 cum
2006 4778 2072 4832 ad
2095 4777 2216 4833 fidei

635 4867 934 4921 doctrinam
959 4867 1383 4936 amplectendam
1418 4867 1733 4936 induxisset,
1763 4869 1830 4924 ab
1859 4871 2067 4940 impuro
2103 4869 2218 4939 ejus

635 4957 908 5011 consortio
953 4957 1168 5010 monitis
1216 4956 1327 5011 suis
1379 4957 1598 5013 abduxit
1637 4975 1652 5012 :
1685 4961 1832 5032 lucc,
1861 4962 2074 5032 inquam
2095 5004 2110 5028 ,
2143 4963 2216 5016 illi

635 5047 859 5101 crimina
889 5047 1147 5115 objiciens
1170 5089 1186 5112 ,
1220 5062 1283 5101 ac
1329 5057 1693 5117 corruptorem
1718 5091 1734 5116 ,
1763 5052 2096 5106 seductorem
2117 5093 2133 5117 ,
2165 5061 2220 5109 et

641 5139 724 5192 his
755 5139 1018 5192 similibus
1069 5138 1370 5192 nominibus
1401 5179 1417 5203 ,
1444 5154 1564 5208 qua:
1629 5155 1724 5193 vos
1754 5141 1912 5195 modo
1943 5142 2213 5210 profertis,

639 5228 863 5284 Paulum
889 5229 1184 5298 appellans,
1218 5229 1391 5298 primo
1431 5229 1605 5298 ipsum
1634 5232 1688 5284 in
1714 5229 1926 5286 vincula
1952 5233 2213 5300 conjecit;

637 5335 760 5376 cum
790 5333 967 5377 autem
996 5331 1052 5375 ut
1082 5323 1270 5391 puellm
1297 5324 1494 5378 monita
1525 5324 1654 5379 dare
1680 5323 1951 5378 desineret
1971 5325 2069 5393 ipsi
2096 5341 2219 5394 per-

637 5414 864 5470 suadere
890 5432 992 5470 non
1024 5425 1224 5485 posset,
1252 5416 1461 5470 necavit
1484 5417 1716 5474 tandem.
1745 5417 1881 5484 Quid
1906 5419 2062 5487 igitur
2092 5417 2218 5474 hinc

638 5506 816 5562 damni
851 5507 948 5562 fuit
975 5508 1112 5563 male
1138 5507 1347 5574 aﬂ'ecto,
1377 5509 1569 5578 quidve
1593 5510 1938 5565 emolumenti
1965 5508 2217 5565 facinoris

637 5602 888 5660 auctori?
938 5599 1050 5658 lmo
1097 5618 1260 5667 vero,
1307 5601 1429 5671 quid
1494 5616 1598 5658 non
1645 5602 1988 5660 emolumenti
2038 5601 2216 5658 occiso

1351 178 1412 234 S.
1449 177 1728 234 JOANNIS
1762 174 2232 232 CHRYSOSTOMI
2272 171 2593 231 ARCHIEP.
2631 175 3163 233 CONSTANTINOP.

3765 185 3858 242 39h

2301 289 2501 358 Paulo,
2532 291 2658 360 quid
2688 307 2792 346 non
2825 291 3000 346 damni
3048 292 3258 347 necanti
3296 290 3532 355 Neroni?
3573 310 3741 354 nonne
3783 302 3861 358 ille

2299 375 2513 443 quidem
2545 384 2602 428 ut
2650 375 2870 444 angelus
2919 377 3112 444 ubique
3148 387 3410 430 terrarum
3453 378 3859 440 Celebratur'tdc

2303 466 2651 536 praesentibus
2703 469 2846 522 enim
2924 476 3124 522 tantum
3171 468 3396 538 loquor;
3438 469 3526 522 ille
3565 485 3689 524 vero
3737 482 3863 526 tam-

2301 575 2458 629 quam
2499 567 2781 629 corruptor
2821 560 3134 629 daemonque
3179 559 3324 614 ferox
3360 560 3500 630 apud
3537 567 3718 617 omnes
3742 565 3866 620 male

2301 651 2486 706 audit?

2373 744 2428 796 4.
2456 743 2528 796 Ea
2547 756 2675 797 vero
2694 756 2813 811 quae
2837 740 2904 795 ad
2921 740 3152 796 futuram
3175 741 3335 794 vitam
3359 741 3646 810 pertinent,
3673 746 3869 802 etiamsi

2304 849 2404 890 vos
2427 850 2536 888 non
2561 833 2818 898 credatis,
2843 842 3061 903 propter
3084 833 3367 887 credentes
3395 839 3568 888 tamen
3593 846 3870 890 memerare

2306 943 2524 984 necesse
2551 937 2670 992 est;
2703 930 3021 996 quamquam
3050 941 3116 979 ex
3145 925 3206 979 iis
3224 967 3238 992 ,
3257 937 3375 994 quae
3401 933 3581 979 coram
3612 935 3764 990 sunt,
3787 942 3873 981 vos

2307 1021 2466 1076 etiam
2497 1020 2601 1074 illis
2627 1017 2848 1074 credere
2878 1017 3184 1073 debueratis
3208 1027 3223 1068 :
3259 1031 3443 1070 verum
3470 1021 3683 1087 quotho
3708 1019 3872 1073 animo

2308 1113 2421 1181 ipsa
2449 1111 2782 1181 acceperitis,
2816 1111 3061 1165 dicentur
3088 1124 3116 1162 a
3141 1108 3314 1175 nobis,
3339 1124 3437 1163 nec
3457 1099 3868 1166 occultabantur.

2307 1205 2560 1272 Quaenam
2592 1205 2752 1274 igitur
2780 1203 2866 1257 illa
2894 1210 3052 1257 erunt
3077 1201 3100 1255 ἱ)
3128 1201 3286 1256 Miser
3315 1201 3423 1269 ille,
3453 1203 3729 1272 squalidus
3751 1245 3764 1268 ,
3786 1207 3871 1258 tri-

2310 1297 2408 1351 stis
2434 1337 2449 1362 ,
2483 1296 2768 1366 ignominia
2813 1297 3035 1350 obrutus
3075 1303 3127 1348 et
3156 1294 3410 1364 caligine,
3439 1294 3688 1350 demissis
3725 1297 3874 1352 oculis

2309 1388 2604 1443 abducetur
2627 1403 2714 1455 eo,
2753 1387 2842 1442 ubi
2883 1387 3079 1442 vermis
3111 1387 3200 1456 qui
3249 1402 3356 1441 non
3401 1388 3648 1453 moritur,
3681 1389 3732 1443 et
3757 1390 3874 1458 ignis

2309 1477 2400 1547 qui
2445 1491 2552 1531 non
2591 1477 2994 1547 exStinguitur:
3045 1475 3234 1531 beatus
3290 1491 3420 1531 vero
3469 1475 3666 1531 Paulus
3706 1486 3874 1548 magna

2310 1585 2432 1624 cum
2475 1569 2664 1624 ﬁducia
2695 1569 2761 1624 ad
2799 1571 2971 1640 ipsum
2994 1569 3225 1624 ad5tabit
3246 1567 3589 1638 Imperatoris
3619 1558 3872 1638 thrOnum,

2311 1660 2596 1730 splendore
2625 1658 2864 1730 fulgens,
2897 1669 3148 1730 tantaque
3189 1660 3418 1714 amictus
3459 1661 3631 1730 gloria
3655 1703 3670 1728 ,
3699 1656 3755 1715 ui
3790 1678 3878 1716 nec

2311 1748 2515 1818 angelis
2540 1753 2639 1804 nec
2675 1748 3009 1819 archangelis
3039 1746 3258 1803 inferior
3288 1750 3378 1815 sit,
3412 1758 3725 1819 tantamque
3752 1768 3880 1805 mer-

2312 1840 2497 1896 cedem
2541 1841 2795 1912 recipiet,
2827 1850 3078 1911 qUantam
3108 1839 3348 1909 recipere
3389 1857 3485 1910 par
3509 1852 3596 1896 est
3630 1841 3881 1897 hominem

2313 1934 2402 2004 qui
2434 1949 2528 2003 pro
2559 1934 2670 1989 Deo
2696 1933 2917 2004 ejusque
2945 1935 3152 2004 placitis
3194 1939 3388 2006 corpus
3420 1927 3437 1968 ί
3469 1943 3639 2007 atque
3677 1937 3885 1993 animant

2313 2041 2464 2080 suam
2510 2026 2808 2081 tradiderit.
2839 2026 2915 2080 Ita
2946 2027 3087 2081 enim
3119 2042 3178 2082 se
3212 2033 3298 2082 res
3331 2029 3490 2082 habet
3518 2043 3531 2080 :
3565 2027 3754 2097 parata
3781 2029 3887 2099 qni-

2312 2115 2436 2171 dem
2457 2124 2540 2171 est
2565 2116 2649 2181 iis,
2677 2117 2766 2186 qui
2793 2117 2930 2172 bona
2960 2118 3170 2187 egerint
3193 2159 3206 2182 ,
3236 2118 3423 2188 ingens
3449 2119 3760 2184 retributio,
3790 2118 3889 2173 nia-

2311 2205 2399 2274 jor
2451 2216 2630 2261 autem
2674 2221 2737 2261 ea
2811 2216 2894 2262 est
2945 2217 3106 2275 atque
3160 2208 3404 2274 auctior,
3457 2209 3684 2278 quoties
3725 2209 3758 2264 ii
3807 2208 3888 2278 qiti

2314 2297 2454 2352 bona
2497 2307 2786 2368 operantur
2813 2339 2829 2363 ,
2894 2298 3126 2368 pericula
3187 2297 3647 2369 ignominiamque
3687 2299 3889 2353 multam

2314 2390 2560 2446 adierint.
2615 2388 2862 2444 Etiamsi'
2901 2389 3099 2444 bonum
3172 2403 3307 2458 opus
3359 2389 3562 2459 aequale
3626 2391 3694 2444 sit
3740 2390 3788 2444 in
3836 2406 3891 2443 eo

2315 2483 2408 2554 qui
2467 2481 2583 2538 sine
2647 2481 2829 2536 labore
2865 2524 2881 2550 ,
2936 2490 2990 2536 et
3040 2480 3092 2534 in
3148 2495 3215 2536 eo
3278 2481 3368 2551 qui
3426 2495 3551 2535 cum
3627 2480 3804 2536 labore’
3848 2481 3892 2534 id

2315 2573 2620 2644 perfecerit,
2648 2573 2881 2629 honeres
2902 2581 3077 2628 tamen
3098 2581 3152 2627 et
3175 2587 3386 2627 coronte
3405 2576 3561 2642 pares
3590 2577 3706 2627 non
3729 2576 3889 2628 erunt.

2316 2665 2448 2720 Nam
2476 2673 2530 2719 et
2572 2665 2624 2719 in
2667 2663 2810 2720 bello
2838 2673 3126 2719 coronatur
3163 2663 3378 2733 quidem
3417 2663 3461 2717 is
3503 2664 3596 2732 qui
3645 2670 3888 2731 tro'pazu'tn

2316 2757 2487 2813 erexit
2519 2773 2535 2822 ;
2582 2757 2751 2811 multo
2799 2757 2969 2826 magis
3017 2766 3192 2809 tamen
3241 2755 3286 2809 is
3312 2755 3400 2824 qui
3431 2753 3661 2808 vulnera
3701 2761 3806 2824 prta
3842 2769 3892 2807 se

2317 2848 2438 2915 fert,
2470 2864 2564 2918 per
2590 2864 2708 2918 qua:
2743 2857 3000 2918 tropaeum
3042 2856 3279 2902 erectum
3309 2856 3412 2900 est.
3441 2844 3578 2911 Quid
3629 2857 3802 2900 autem
3835 2844 3894 2899 de

2318 2943 2622 2999 viventibus
2645 2943 2833 3014 loquor
2855 2985 2871 3008 ,
2898 2942 3111 3013 quando
3139 2952 3193 2997 et
3231 2941 3266 2995 ii
3305 2939 3395 3011 qui
3439 2939 3540 2994 hoc
3566 2949 3778 2995 tantum
3806 2938 3889 2992 de-

2317 3037 2512 3092 derunt
2547 3037 2756 3092 virtutis
2783 3035 3057 3100 indicium,
3085 3044 3142 3088 ut
3184 3035 3238 3088 in
3272 3033 3414 3089 bello
3443 3032 3662 3088 fortiter
3689 3045 3892 3086 occum-

2317 3130 2526 3195 herent,
2556 3131 2795 3200 nihilque
2820 3130 2938 3201 plus
2968 3128 3314 3184 emolumenti
3355 3127 3468 3181 su'is
3498 3125 3890 3196 prtbstitert‘tnt,

2318 3233 2585 3294 tamquam
2616 3232 2916 3279 serVatores
2958 3231 3012 3278 et
3050 3222 3256 3292 patroni
3303 3236 3400 3292 per
3441 3230 3608 3275 totam
3643 3213 3892 3276 Cra-ciant

2318 3316 2704 3371 celebrantur?
2732 3315 2942 3370 tametsi
2968 3329 3064 3369 vos
3091 3313 3204 3367 haec
3235 3313 3486 3382 ignoratis
3517 3352 3533 3377 ,
3561 3311 3691 3365 risui
3721 3319 3776 3365 et
3802 3308 3894 3363 de-

2317 3407 2454 3462 liciis
2482 3423 2697 3478 semper
2721 3407 2906 3462 dediti.
2937 3405 3088 3472 Quod
3116 3405 3159 3458 si
3185 3404 3409 3473 gentiles
3437 3403 3707 3468 homines,
3740 3400 3895 3454 nilnil-

2317 3515 2421 3569 que
2443 3515 2632 3554 sanum
2657 3499 2966 3560 sentientes,
2997 3496 3048 3550 id
3074 3495 3368 3562 conSpicari
3393 3503 3683 3564 potuerunt
3706 3535 3722 3560 ,
3753 3498 3898 3547 sum-

2317 3591 2528 3660 misque
2581 3589 2868 3644 honoribus
2915 3585 3225 3656 prosequuti
3261 3594 3386 3638 sunt
3411 3597 3505 3638 eos
3531 3625 3545 3648 ,
3579 3583 3673 3654 qui
3723 3597 3819 3652 pro
3843 3595 3898 3635 se

2318 3681 2584 3748 obierunt,
2623 3680 2857 3749 nihilque
2885 3679 3241 3748 praestiterunt
3283 3676 3530 3743 amplius,
3559 3684 3769 3743 quanto
3790 3688 3899 3727 ma-

2318 3773 2398 3842 gis
2419 3771 2661 3826 Christus
2691 3769 2790 3824 hoc
2816 3768 2994 3832 faciet,
3026 3765 3115 3836 qui
3139 3779 3349 3833 semper
3372 3773 3424 3817 et
3452 3763 3650 3832 ubique
3672 3778 3792 3828 eos,
3817 3762 3897 3832 qui

2318 3871 2535 3932 propter
2574 3875 2634 3915 se
2681 3859 2915 3930 pericula
2969 3857 3200 3922 adeunt,
3255 3852 3566 3924 largissimis
3630 3852 3798 3907 donis
3847 3866 3901 3904 ac

2319 3953 2553 4024 prmmiis
2583 3950 2838 4021 superat?
2869 3949 3050 4018 Neque
3087 3947 3227 4001 enim
3257 3943 3769 4016 persequutionibus
3796 3954 3902 3997 tan-

2321 4056 2454 4110 tum,
2483 4053 2574 4099 aut
2598 4042 2930 4108 verberibus,
2953 4048 3042 4094 aut
3068 4037 3393 4102 carceribus,
3419 4034 3791 4104 cmdibusque,
3815 4031 3902 4088 sed

2325 4135 2484 4191 etiam
2517 4133 2854 4189 contumeliis
2879 4129 3303 4197 conviciosisque
3325 4125 3523 4190 verbis,
3550 4125 3778 4192 prmmia
3812 4138 3902 4192 po-

2321 4226 2428 4279 suit
2454 4225 2705 4277 maxima.
2727 4222 2872 4276 Beati
2899 4221 3063 4285 enim,
3092 4219 3281 4288 inquit,
3305 4216 3440 4270 eritis
3460 4231 3574 4268 cum
3603 4230 3693 4267 vos
3714 4213 3902 4266 oderint

2322 4316 2565 4379 homines,
2581 4323 2625 4367 et
2640 4330 2752 4366 cum
2765 4311 3104 4382 separaverint
3121 4325 3227 4373 vos,
3247 4317 3291 4361 et
3307 4301 3904 4374 exprobraverint,eteje-

2320 4409 2479 4463 cerint
2517 4423 2695 4460 nomen
2723 4415 2938 4458 vestrum
2959 4414 3216 4472 tamquam
3243 4400 3452 4463 malum,
3477 4407 3688 4467 promer
3713 4395 3762 4449 F
3763 4394 3900 4448 ilium

2321 4502 2556 4556 hominis.
2581 4498 2805 4554 Gaudete
2823 4497 2874 4550 in
2886 4496 2975 4549 illa
2992 4495 3074 4548 die
3088 4503 3133 4547 et
3149 4492 3395 4548 exsatiate
3413 4505 3430 4542 :
3447 4504 3557 4543 ecce
3569 4489 3709 4541 enim
3724 4499 3903 4540 merce:

2320 4603 2482 4648 vestra
2525 4591 2684 4644 multa
2730 4599 2799 4644 est
2840 4591 2893 4642 in
2943 4588 3080 4641 cazh's
3122 4583 3296 4658 (Luc.
3327 4584 3380 4635 ti.
3407 4579 3497 4634 22.
3526 4579 3600 4634 εδ
3621 4576 3666 4648 ).
3717 4576 3774 4631 Si
3815 4573 3903 4642 igi-

2324 4697 2408 4742 tur
2434 4695 2490 4741 et
2521 4684 2626 4754 pati
2665 4693 2720 4738 et
2765 4681 2948 4735 audire
2978 4678 3117 4732 male
3138 4719 3153 4742 ,
3200 4672 3518 4745 patientibus
3545 4667 3796 4738 maleque
3817 4681 3900 4720 au-

2325 4779 2590 4835 dientibus
2639 4773 2946 4830 mercedem
2989 4778 3179 4839 auget,
3213 4767 3302 4837 qui
3350 4762 3574 4834 impedit
3618 4759 3901 4832 quominus

2325 4874 2594 4943 patiantur
2642 4877 2697 4924 et
2737 4867 2874 4922 male
2923 4863 3170 4924 audiant,
3215 4873 3320 4914 non
3371 4856 3505 4919 hos,
3537 4852 3635 4907 sed
3679 4865 3775 4906 cos
3817 4845 3900 4918 qui

2325 4965 2462 5020 male
2489 4963 2685 5017 faciunt
2709 4968 2762 5014 et
2787 4957 3005 5021 dicunt,
3029 4955 3194 5023 juvat.
3227 4950 3336 5004 Eos
3365 4947 3504 5002 enim
3535 4945 3716 5014 potius
3747 4954 3902 4994 nocu-

2326 5062 2504 5110 mento
2529 5051 2722 5116 affecit,
2750 5045 2962 5117 quando
2984 5044 3238 5112 majorem
3267 5039 3409 5093 illam
3437 5033 3748 5089 mercedem
3777 5044 3902 5100 pun-

2325 5143 2488 5210 cidit,
2516 5152 2569 5197 et
2595 5140 2767 5213 gaudii
2807 5135 3280 5202 exsultationisque
3311 5127 3588 5184 materiam
3623 5122 3757 5192 ipsis
3782 5119 3902 5173 abs—

2327 5238 2466 5291 tulit.
2516 5234 2772 5304 Quocirca
2828 5231 3018 5286 horum
3068 5226 3282 5295 quidem
3347 5234 3506 5277 causa
3565 5218 3685 5271 haec
3750 5213 3901 5268 etiam

2327 5331 2486 5386 silere
2510 5340 2561 5383 et
2588 5329 2832 5382 omittere
2859 5324 3024 5377 satius
3054 5319 3279 5374 fortasse
3310 5314 3517 5375 fuerat;
3547 5326 3669 5380 qua:
3709 5305 3900 5361 scilicet

2327 5422 2455 5494 ipsis
2487 5436 2702 5491 magnas
2730 5419 2988 5472 bonorum
3019 5411 3228 5466 divitias
3258 5407 3621 5478 majoremque
3662 5395 3902 5454 fiduciam

2397 5614 2415 5646 ⁸
2451 5616 2615 5670 Deest,
2635 5617 2826 5668 corpus,
2846 5605 2894 5653 in
2911 5600 3098 5651 duobus
3120 5604 3226 5646 Mss.
