4088 6138
309 224 424 282 325

307 348 496 404 λαϐεῖν
516 364 636 402 τινα
664 346 813 418 παρά
844 347 939 401 τοῦ
967 348 1371 422 πολεμουμένου
1417 350 1553 406 Θεοῦ
1579 351 1750 424 ῥοπὴν
1775 354 1856 418 είς
1882 355 1981 426 τὴν

291 434 553 509 -ίατρείαν
568 435 676 488 τῶν
703 435 1084 505 πολεμούντων
1112 437 1291 491 αὐτόν·
1328 437 1444 510 [48]
1473 438 1633 492 δώσει
1671 440 1729 492 δὲ
1764 439 1983 503 πάντως

300 522 689 595 φιλάνθρωπός
711 539 769 576 τε
791 521 887 589 ὢν,
918 524 1013 577 καὶ
1040 524 1135 580 τὸν
1158 524 1386 579 θάνατον
1417 525 1493 597 μὴ
1532 525 1855 598 βουλόμενος
1882 524 1978 580 τοῦ

302 607 654 683 ἀμαρτωλοῦ,
684 610 762 674 ὼς
815 610 876 664 τὸ
923 611 1252 682 ἐπιπρέψαι
1301 612 1467 667 αὑτὸν
1509 614 1603 666 καὶ
1638 612 1756 685 ζῇν.
1794 612 1983 680 Οὕτως

303 696 640 767 ἀποπέμψας
684 698 917 763 ἐκεῖνον,
953 699 1063 751 τῶν
1104 699 1280 767 λόγων
1323 699 1573 771 ηπτόμην
1610 701 1835 754 τούτων.
1868 699 1982 755 Καὶ

302 784 412 857 γὰρ
445 787 494 838 εί
523 787 624 856 μέν
650 785 809 841 τοῦτο
840 787 1002 858 μόνον
1028 783 1097 859 ἦν
1125 788 1186 841 τὸ
1213 788 1406 851 δεινὸν,
1436 790 1497 842 τὸ
1520 791 1646 853 τοὺς
1672 789 1860 857 ἁγίους
1883 787 1977 842 τοῦ

293 871 437 926 Θεοῦ
471 875 567 926 κα)⁵
599 873 949 945 θαυμαστοὺς
967 875 1165 948 ἄνδρας
1185 877 1426 940 ἐκείνους
1440 875 1693 929 ἕλκεσθαι
1716 876 1812 930 καὶ
1838 893 1977 930 σπα-

300 959 604 1031 ράσσεσθαι
630 962 962 1032 συρομένους
985 964 1066 1025 είς
1083 963 1433 1034 δικαστήρια,
1461 963 1556 1016 καὶ
1584 963 1974 1032 τυπτομένους,

296 1048 395 1100 καὶ
422 1046 493 1100 τά
516 1046 653 1101 ἀλλα
681 1050 1009 1118 πάσχοντας,
1036 1048 1180 1119 άπερ
1202 1048 1550 1121 διηγησάμην
1572 1050 1717 1120 ἀρτι,
1739 1049 1976 1119 μηδεμία

298 1133 356 1187 δὲ
409 1135 520 1187 ἀπὸ
564 1135 771 1189 τούτων
810 1138 890 1199 είς
921 1136 1021 1207 τὴν
1046 1136 1154 1190 τῶν
1179 1136 1353 1205 ταῦτα
1384 1135 1707 1205 τολμώντων
1734 1136 1976 1207 κεφαλὴν

298 1221 558 1290 ἐτρέπετο
591 1220 785 1293 βλάϐη,
819 1223 1072 1276 τοσοῦτον
1098 1222 1336 1293 ἀπέσχον
1357 1223 1593 1293 ἀλγῆσαι
1619 1226 1730 1286 τοῖς
1754 1224 1974 1293 γινομέ-

297 1325 430 1371 νοις.
451 1310 534 1361 ὄτι
563 1307 671 1362 κᾶν
692 1309 930 1377 ἐγέλασα
949 1310 1153 1380 σφόδρα
1170 1310 1291 1381 ἡδὺ,
1309 1313 1404 1364 καὶ
1423 1311 1643 1381 δαψιλὲς
1669 1311 1755 1364 ἐπ’
1768 1313 1970 1374 αὐτοῖς·

295 1397 420 1449 ἐπεὶ
439 1397 534 1449 καὶ
550 1395 619 1449 τὰ
640 1397 826 1450 παιδία
859 1396 928 1450 τὰ
953 1397 1143 1468 μικρά,
1166 1398 1293 1452 ὅταν
1317 1399 1415 1469 μὲν
1437 1398 1737 1463 ἀκινδύνως
1762 1399 1974 1473 πλήττῃ

291 1481 394 1544 τὰς
424 1483 688 1553 μητέρας,
711 1482 878 1537 πολὺν
904 1487 1044 1537 κινεῖ
1065 1484 1155 1538 τὸν
1178 1485 1392 1554 γέλωτα
1421 1488 1543 1551 ταῖς
1577 1486 1974 1558 πληττομέναις

294 1568 508 1633 αὑταῖς,
538 1570 633 1622 καὶ
660 1571 880 1640 ὅσῳπερ
911 1569 977 1624 ἂν
1006 1572 1072 1624 ἐκ
1102 1572 1346 1636 πλείονος
1365 1572 1525 1627 τοῦτο
1562 1574 1971 1646 ἐργάζηταιτοῦ

291 1654 493 1726 θυμοῦ,
530 1658 785 1712 τοσοῦτον
816 1657 1015 1728 μᾶλλον
1037 1660 1229 1725 αὐταῖς
1255 1660 1512 1717 ἐπιτείνει
1543 1664 1641 1733 τὴν
1660 1663 1873 1735 ἡδονὴν,
1895 1663 1970 1728 ὡς

291 1747 389 1796 καὶ
417 1743 719 1814 διαχεῖσθαι
747 1745 844 1798 καὶ
865 1745 1201 1829 ἀνακλᾶσθαι
1228 1749 1306 1818 τῷ
1325 1750 1544 1819 γέλωτι’
1567 1753 1616 1803 εἰ
1654 1751 1712 1804 δέ
1730 1751 1810 1821 τῷ
1845 1768 1970 1805 συν-

289 1830 433 1902 εχῶς
448 1832 543 1885 καὶ⁵
559 1832 832 1901 ραγδαίως
850 1832 1007 1888 τοῦτο
1020 1837 1192 1889 ποιεῖν
1207 1836 1439 1908 τρωθείη
1456 1837 1644 1910 ποτὲ,ἢ
1665 1838 1882 1923 βελόνης
1892 1839 1970 1909 τῷ

288 1917 598 1990 χιτωνίσκῳ
618 1920 718 1989 τῆς
740 1921 943 1992 μητρὸς
961 1921 1089 1993 περὶ
1108 1921 1207 1993 τὴν
1231 1922 1407 1994 ζώνην
1428 1917 1966 2000 ἐμπεπερονημένης,

288 2017 325 2087 ᾗ
341 2016 443 2088 τῆς
463 2019 722 2091 κερκίδος
752 2021 858 2092 πρὸ
885 2021 994 2075 τῶν
1018 2023 1258 2095 στέρνων
1280 2024 1389 2079 τῶν
1404 2026 1685 2099 μητρικῶν
1701 2027 1799 2099 τὴν
1811 2030 1969 2098 χεῖρα

287 2118 388 2173 τοῦ
414 2119 603 2185 παιδὸς
614 2120 942 2195 δεξαμένης,
960 2124 1082 2178 τότε
1110 2124 1197 2197 δὴ,
1228 2126 1369 2192 τότε,
1405 2128 1496 2183 τὸν
1523 2131 1733 2199 γέλωτα
1769 2133 1968 2201 ἀφεῖσα

287 2217 326 2287 ἡ
362 2217 567 2289 μήτηρ,
605 2218 816 2289 μείζονι
841 2220 936 2274 τοῦ
966 2221 1265 2292 πληγέντος
1294 2226 1624 2300 περιωδυνίᾳ
1655 2230 1963 2301 κατέχεταιο

287 2312 386 2367 καὶ
411 2313 553 2376 τέως
598 2313 698 2385 μὲν
722 2313 1015 2386 θεραπεύει
1040 2319 1102 2372 τὸ
1127 2319 1368 2392 τραῦμα,
1396 2322 1496 2376 τοῦ
1525 2323 1712 2378 λοιποῦ
1740 2326 1797 2380 δὲ
1831 2328 1968 2397 μετὰ

287 2407 530 2479 σφοδρᾶς
566 2408 901 2481 ἀπαγορεύει
931 2412 1031 2484 τῆς
1060 2415 1292 2486 ἀπειλῆς
1320 2417 1389 2470 τά
1414 2417 1640 2474 τοιαῦτα
1672 2420 1748 2493 μὴ
1771 2426 1962 2489 ποιεῖν,

286 2500 365 2566 ὥς
392 2503 590 2573 μηκέτι
614 2504 807 2559 παθεῖν
824 2505 893 2561 τὰ
922 2508 1078 2563 αὐτά.
1107 2511 1218 2565 Καὶ
1246 2513 1407 2583 ⁴ἡμεῖς
1438 2515 1618 2569 τοίνυν
1644 2516 1713 2570 τὰ
1736 2517 1877 2573 αὐτὰ
1901 2519 1966 2573 ἂν

284 2597 623 2672 ἐδράσαμεν,
660 2604 710 2656 εί
743 2603 837 2657 τὸν
863 2604 1111 2659 παιδικὸν
1135 2607 1323 2663 τοῦτον
1354 2610 1617 2682 ἐωρῶμεν
1646 2611 1838 2684 θυμὸν,
1871 2618 1965 2672 καὶ

283 2694 385 2768 τὴν
405 2698 517 2751 τῶν
539 2700 750 2770 νηπίων
776 2700 1010 2773 πληγὴν,
1044 2702 1121 2774 μὴ
1166 2704 1341 2775 μέγαν
1391 2706 1576 2772 αὐτοῖς
1618 2708 1708 2762 τὸν
1745 2711 1966 2783 ὄλεθρον

283 2792 581 2864 φέρουσαν·
597 2796 785 2867 ἐπειδὴ
800 2797 855 2851 δὲ
876 2799 1072 2870 μικρὸν
1090 2799 1337 2872 ὕστερον,
1353 2803 1457 2856 κᾶν
1473 2804 1547 2875 μὴ
1561 2805 1656 2859 νῦν
1671 2807 1963 2865 αἴσθωνται

280 2887 362 2960 τῷ
387 2890 547 2962 θυμῷ
567 2893 1254 2964 κατεχόμενοι,κλαύσουσι
1286 2900 1380 2953 καὶ
1406 2899 1698 2973 οἰμώξουσι
1730 2908 1823 2959 καὶ
1845 2906 1965 2960 ὀδυ-

284 2986 506 3058 ροῦνται
527 3029 541 3054 ,
570 2989 632 3042 ού
678 2990 919 3046 τοιοῦτον
942 2992 1196 3067 όδυρμὸν,
1217 2991 1330 3051 οἷον
1360 2998 1428 3051 τὰ
1460 3001 1740 3078 παιδία-τά
1771 3005 1960 3078 μικρὰ,

281 3082 422 3137 ἀλλά
459 3082 550 3138 τδν
584 3086 643 3138 ἐν
679 3084 759 3158 τῷ
792 3088 971 3142 σκότει
1002 3089 1083 3160 τῷ
1110 3089 1383 3164 ἐξωτέρω,
1416 3093 1509 3147 τὸν
1531 3098 1588 3149 ἐν
1618 3076 1696 3168 τῷ
1724 3101 1858 3171 πυρὶ
1874 3076 1964 3173 ήτῷ

280 3178 555 3250 ἀσϐέστῳο
583 3182 645 3235 τὸ
667 3182 798 3236 αὐτὸ
819 3183 981 3238 πάλιν
994 3187 1116 3250 ταῖς
1147 3189 1387 3260 μητράσι
1421 3192 1757 3263 ποιήσωμεν,
1778 3196 1965 3250 τοσοῦ-

281 3293 375 3330 τον
390 3278 574 3333 αὐτῶν
591 3279 1013 3347 διαλλάττοντες,
1039 3285 1162 3338 ὅσον
1181 3284 1242 3339 οὐ
1257 3288 1376 3355 μετ’
1394 3288 1623 3360 ἀπειλῆς
1647 3291 1739 3344 καὶ
1756 3290 1964 3364 ὕϐρεως

280 3374 541 3447 καθάπερ
566 3379 771 3433 ἐκεῖναι
792 3419 806 3442 ,
843 3380 978 3434 ἀλλά
1010 3381 1146 3451 μετά
1178 3381 1469 3448 κολακείας
1500 3385 1597 3439 καὶ
1636 3390 1966 3460 προσηνείας

278 3470 492 3542 πολλῆς
514 3474 653 3544 πρὸς
674 3473 745 3528 τά
787 3476 977 3529 παιδία
1009 3476 1184 3532 ταῦτα
1231 3479 1607 3552 διαλεξόμεθα·
1637 3484 1758 3536 ἐπεὶ
1796 3484 1878 3538 ὅτι
1901 3501 1963 3554 γε

279 3570 397 3633 τοῖς
437 3570 613 3638 ἁγίοις
636 3571 863 3644 οὐδεμία
892 3575 1002 3629 ἀπὸ
1029 3574 1235 3631 τούτων
1262 3578 1295 3648 ή
1331 3576 1524 3649 βλάϐη,
1555 3578 1691 3633 ἀλλά
1727 3583 1819 3635 καὶ⁵
1845 3583 1966 3654 μεί-

280 3667 393 3730 ζων
407 3667 437 3720 6
457 3667 647 3738 μισθὸς
663 3671 759 3723 καὶ
785 3670 1032 3743 πλείωνὴ
1053 3674 1355 3746 παρρησία.
1383 3678 1479 3731 Ἂν
1503 3678 1601 3749 μὲν
1620 3676 1688 3731 τὰ
1706 3678 1965 3750 μέλλοντα

282 3765 532 3836 εἴπωμεν
556 3768 763 3836 ἀγαθὰ,
789 3771 929 3841 τάχα
955 3771 1049 3825 καὶ
1080 3772 1374 3842 γελάσεσθε
1400 3775 1564 3845 μέγα,
1599 3777 1694 3831 ἀτε
1724 3778 1966 3834 τοιοῦτον

280 3862 372 3916 ἀεὶ
403 3864 618 3932 γέλωτα
654 3867 983 3938 μελετῶντες
1001 3870 1166 3942 γελᾷν
1186 3888 1200 3901 ·
1229 3873 1343 3935 τοῖς
1366 3871 1423 3931 δὲ
1453 3873 1707 3945 παροῦσι,
1735 3876 1841 3930 κᾶν
1869 3895 1968 3948 μυ-

284 3958 472 4032 ριάκις
499 3957 596 4033 ἦτε
638 3965 1016 4034 φιλογέλωτες,
1048 3968 1152 4022 οὐκ
1202 3969 1556 4040 ἀπιστήσετε·
1587 3972 1708 4026 οὐδὲ
1741 3972 1871 4046 γὰρ,
1899 3974 1966 4029 ἂν

280 4056 529 4129 ἐθέλητε,
562 4057 875 4130 δυνήσεσθε,
912 4061 1022 4117 τῶν
1057 4064 1400 4135 πραγμάτων
1437 4068 1565 4137 ὑμῖν
1602 4067 1776 4132 οὕτως
1815 4071 1965 4123 ἀντι-

281 4150 672 4225 φθεγγομένων
695 4156 893 4213 αὐτῶν.

353 4247 461 4301 Τδν
514 4250 745 4322 Νέρωνα
797 4254 1017 4319 πάντως
1068 4254 1294 4310 ἀκούετε
1333 4252 1591 4332 (καὶῦγάρ
1639 4260 1907 4333 ἐπίσημος
1938 4264 1968 4316 6

281 4344 426 4418 ἀνὴρ
485 4347 594 4401 ἀπὸ
640 4348 741 4419 τῆς
792 4350 1079 4419 ἀσελγείας
1111 4354 1327 4423 ἐγένετο
1356 4366 1396 4425 ⁸,
1450 4357 1664 4430 πρῶτος
1692 4361 1784 4413 καὶ
1808 4359 1966 4431 μόνος

282 4440 462 4514 εὑρὼν
513 4444 572 4498 ἐν
626 4446 768 4518 ἀρχῇ
820 4447 1045 4523 τοιαύτῃ
1092 4452 1312 4517 καινούς
1344 4472 1495 4520 τινας
1533 4458 1828 4525 ἀκολασίας
1875 4460 1968 4514 καὶ

282 4543 674 4615 ἀσχημοσύνης
697 4547 977 4619 τρόπους·)
1001 4543 1153 4614 οὗτος
1174 4552 1202 4602 ό
1220 4552 1412 4624 Νέρων
1424 4556 1513 4609 τὸν
1536 4558 1806 4629 μακάριον
1822 4558 1969 4613 Παῦ-

282 4638 377 4694 λον
395 4641 630 4715 (καὶγὰρ
658 4642 813 4715 ἔτυχε
830 4644 971 4698 κατὰ
986 4646 1112 4709 τοὺς
1124 4646 1320 4711 αὐτοὺς
1340 4651 1532 4723 ἐκείνῳ
1548 4655 1835 4725 γενόμενος
1850 4655 1969 4725 x96-

283 4737 431 4807 νους)
453 4738 679 4792 τοιαῦτα
708 4740 976 4810 ἐγκαλῶν,
999 4736 1197 4813 οἷάπερ
1218 4743 1539 4815 ὑμεῖςδτοῖς
1565 4748 1739 4817 ἁγίοις
1758 4748 1968 4814 τούτοις

282 4833 513 4905 ἀνδράσι
541 4835 868 4907 (παλλακίδα
893 4838 1001 4911 γὰρ
1028 4841 1194 4908 αὑτοῦ
1219 4842 1424 4915 σφόδρα
1447 4843 1746 4915 ἐπέραστον
1775 4845 1968 4911 πείσας

281 4928 378 4984 τὸν
398 4931 530 5001 περὶ
551 4931 649 5003 τῆς
668 4932 901 4997 πίστεως
918 4934 1169 4999 δέξασθαι
1188 4937 1367 5008 λόγον,
1387 4939 1601 4994 ἔπειθεν
1615 4941 1749 5012 ὁμοῦ
1765 4943 1859 4997 καὶ
1868 4943 1967 5014 τῆς

279 5027 598 5100 ἀκαθάρτου
629 5033 913 5098 συνουσίας
929 5033 1308 5107 ἀπαλλαγῆναι
1324 5039 1578 5111 ἐκείνης)·
1596 5041 1821 5097 τοιαῦτα
1837 5042 1968 5112 γοῦν

284 5126 537 5196 ἐγκαλῶν
570 5130 798 5196 ἐκεῖνος,
840 5132 936 5185 καί⁵
980 5131 1233 5203 λυμεῶνα
1257 5137 1352 5192 καὶ
1378 5137 1574 5192 πλάνον
1605 5140 1697 5193 καὶ
1718 5140 1784 5194 τὰ
1805 5141 1964 5205 αὐτὰ,

281 5223 435 5297 ἅπερ
458 5226 618 5295 ὑμεῖς
639 5226 963 5297 φθέγγεσθε,
984 5228 1100 5303 [49]
1117 5233 1210 5286 τὸν
1223 5233 1433 5288 Παῦλον
1454 5234 1763 5301 ἀποκαλῶν,
1784 5235 1844 5289 τὸ
1869 5236 1967 5306 μὲν

284 5321 506 5393 πρῶτον
536 5323 754 5395 ἔδησεν,
790 5326 867 5390 ὡς
898 5326 954 5380 δέ
984 5328 1085 5381 οὐκ
1132 5328 1315 5383 ἔπειθε
1358 5331 1457 5401 τῆς
1498 5331 1635 5402 πρὸς
1669 5331 1766 5403 τὴν
1799 5333 1967 5404 κόρην

284 5421 627 5493 ἀποσχέσθαι
678 5425 1008 5497 συμϐουλῆς,
1059 5426 1212 5490 τέλος
1257 5427 1561 5481 ἀπέκτεινε.
1604 5429 1669 5481 Τί
1724 5427 1816 5482 οὖν
1860 5430 1968 5483 ἀπὸ

289 5515 477 5571 τούτου
502 5519 694 5589 γέγονε
726 5520 922 5591 βλάϐος
945 5521 1024 5593 τῷ
1058 5523 1284 5577 παθόντι
1334 5523 1556 5590 κακῶς;
1593 5525 1646 5578 τί
1683 5525 1741 5578 δὲ
1778 5525 1968 5595 όφελος

286 5612 367 5684 τῷ
390 5614 656 5686 δράσαντι
682 5618 897 5685 κακῶς;
918 5619 971 5672 τί
1005 5620 1105 5691 μὲν
1156 5622 1256 5674 οὐκ
1286 5620 1479 5692 όφελος
1506 5621 1583 5693 τῷ
1607 5623 1727 5676 τότε
1749 5624 1967 5696 ἀναιρε-

350 5772 374 5800 ⁸
394 5771 535 5823 Unus
556 5774 709 5826 habet
729 5778 926 5828 ἐγίνετο.

356 5795 372 5799 ”
397 5795 535 5823 unus
556 5795 709 5826 ηιυει
729 5795 753 5828 ε
786 5795 926 5827 ινετο.

356 5833 386 5875 δ
406 5834 552 5886 Alius
573 5837 739 5897 οἷάπερ
753 5795 889 5897 Iud:
910 5838 1008 5889 νῦν.
1033 5840 1145 5891 Mox
1168 5842 1218 5892 in
1241 5843 1339 5894 alio
1356 5844 1464 5895 cod.
1486 5845 1574 5907 γάρ
1591 5846 1754 5898 deest.

729 5922 999 5988 ΡΑτιιοι.
1044 5928 1153 5990 Gn.
1205 5930 1455 5994 XLVII.

1130 223 1516 293 Ἀυνειιευε
1552 235 2114 295 OPPUGNATORES
2152 238 2336 295 ἫΤΕ
2368 236 2673 295 ΜοΝΑετ,
2710 237 2841 295 LIB.
2881 235 2920 295 L

3654 242 3758 298 3‘26

2086 354 2231 408 θέντι
2259 355 2476 426 Παύλῳ;
2506 354 2559 408 τί
2584 353 2640 407 δέ
2666 355 2725 408 ού
2764 352 2959 425 βλάϐος
2975 351 3055 424 τῷ
3083 351 3325 407 ἀνελόντι
3351 350 3596 423 Νέρωνι;
3616 352 3763 425 οὐκὸ

2091 443 2190 512 μὲν
2211 442 2399 513 ὥσπερ
2422 439 2652 509 ἄγγελος
2675 438 2952 509 πανταχοῦ
2985 440 3083 509 τῆς
3106 437 3435 508 οἰκουμένης
3457 436 3641 508 ᾅδεται
3673 439 3765 498 (τά

2086 527 2194 599 γάρ
2215 527 2458 599 παρόντα
2484 526 2622 591 τέως
2662 526 2814 597 ἐρῶ)·
2846 528 2875 579 ὁ
2906 524 2985 589 δέ,
3009 524 3199 595 ῶσπερ
3229 523 3397 587 ὅντως
3422 522 3639 594 λυμεὼν
3669 522 3769 578 καὶ

2085 614 2295 684 δαίμων
2327 614 2516 685 άγριος
2538 613 2676 686 πρὸς
2709 612 2917 675 πάντας
2938 610 3323 681 διαϐέϐληται;

2152 698 2246 753 δ¹.θ
2263 699 2344 752 Τά
2370 699 2426 753 δὲ
2453 700 2587 764 ἐκεῖ,
2605 698 2710 753 κᾶν
2725 699 2883 768 ὑμεῖς
2906 698 3262 768 ἀπιστήσητε,
3286 696 3373 750 διὰ
3400 696 3528 760 τοὺς
3544 696 3767 749 πιστεύ-

2082 802 2243 849 οντας
2280 786 2575 855 ἀναγκαῖον
2612 787 2805 839 είπεῖν’
2839 784 3018 837 καίτοι
3042 784 3187 854 ὑμᾶς
3207 784 3315 837 ἀπὸ
3339 783 3449 836 τῶν
3479 783 3763 854 παρόντων

2086 873 2363 937 κάκείνοις
2392 872 2672 926 πιστεύειν
2691 873 2877 944 ἐχρῆνο
2898 871 3038 941 πλὴν
3061 870 3175 924 ἀλλ’
3197 871 3346 934 ὅπως
3369 870 3436 923 ἂν
3459 869 3597 942 πρὸς
3624 868 3766 923 αύτά

2082 960 2377 1025 διάκεισθε,
2413 961 2694 1032 εἰρήσεται
2712 959 2843 1030 παρ’
2867 958 3048 1029 ἡμῶν,
3065 958 3158 1011 καὶ
3177 958 3239 1011 οὐ
3255 956 3611 1030 κεκρύψεται.
3627 958 3764 1012 Τίνα

2086 1043 2180 1101 οὖν
2207 1048 2358 1101 ἔσται
2384 1047 2452 1101 τά
2482 1049 2707 1113 ἐκεῖ;’0
2732 1047 2830 1117 μὲν
2846 1046 3028 1110 ἄθλιος
3056 1046 3150 1099 καὶ
3163 1045 3513 1118 ταλαίπωρος
3533 1049 3761 1111 ἐκεῖνος,

2082 1135 2309 1206 αὐχμῶν
2325 1136 2420 1189 καὶ
2436 1134 2707 1206 κατηφὴς,
2725 1133 2989 1204 αἰσχύνης
3003 1134 3191 1203 γέμων
3208 1133 3305 1187 καὶ
3322 1134 3515 1202 ζόφου,
3544 1136 3639 1188 καὶ
3660 1134 3763 1189 κά-

2080 1240 2159 1276 τω
2184 1223 2375 1288 νεύων,
2394 1224 2781 1294 ἀπαχθήσεται
2807 1221 2935 1275 ἔνθα
2957 1223 2985 1274 ὁ
3008 1219 3223 1290 σκώληξ
3245 1222 3274 1273 6
3297 1220 3653 1292 ἀτελεύτητος
3668 1222 3764 1277 καὶ

2079 1308 2141 1361 τὸ
2170 1308 2281 1380 πῦρ
2312 1309 2376 1362 τὸ
2404 1309 2690 1363 ἄσϐεστονο
2724 1312 2752 1363 ό
2783 1308 2842 1362 δὲ
2878 1307 3147 1379 μακάριος
3162 1306 3373 1371 Παῦλος
3400 1307 3538 1378 μετά
3562 1308 3763 1378 πολλῆς

2079 1396 2342 1466 στήσεται
2371 1398 2472 1467 τῆς
2517 1397 2830 1470 παρρησίας
2879 1398 3008 1468 παρ’
3036 1395 3197 1449 αὐτὸν
3245 1395 3340 1449 τοῦ
3377 1396 3642 1466 βασιλέως
3670 1396 3764 1450 τὸν

2080 1479 2267 1552 θρόνον
2282 1482 2552 1555 λαμπρῶς
2587 1482 2955 1547 ἀποστίλϐων,
2974 1482 3068 1537 καὶ
3093 1480 3253 1547 δόξαν
3272 1482 3649 1553 ἠμφιεσμένος
3675 1500 3766 1536 το-

2081 1569 2285 1639 σαύτην
2303 1610 2319 1635 ,
2366 1570 2442 1634 ὡς
2478 1570 2643 1641 μηδὲν
2679 1570 2789 1623 τῶν
2826 1570 3073 1639 ἀγγέλων
3104 1570 3201 1624 καλ⁵
3250 1569 3361 1623 τῶν
3407 1568 3764 1641 ἀρχαγγέλων

2078 1656 2315 1722 ἀποδεῖν,
2329 1658 2425 1711 καὶ
2442 1656 2698 1711 τοσοῦτον
2726 1657 2956 1727 λήψεται
2982 1658 3073 1712 τὸν
3097 1658 3309 1729 μισθὸν,
3341 1659 3466 1711 ὅσον
3502 1658 3649 1720 είκδς
3676 1657 3766 1710 άν-

2078 1744 2294 1815 θρωπον
2340 1743 2501 1815 σῶμα
2526 1744 2553 1784 ἀ
2590 1745 2685 1798 καὶ
2723 1744 2821 1816 τὴν
2848 1745 3027 1816 ψυχὴν
3053 1745 3164 1798 τῶν
3193 1744 3271 1816 τῷ
3303 1744 3423 1816 Θεῷ
3460 1744 3764 1799 δοκούντων

2076 1831 2263 1887 ἕνεκεν
2292 1832 2565 1889 ἐπιδόντα.
2593 1833 2705 1886 Καὶ
2731 1834 2840 1905 γὰρ
2863 1832 3035 1897 οὕτως
3072 1832 3205 1904 ἔχει·
3236 1835 3428 1887 Κεῖται
3464 1833 3561 1904 μὲν
3593 1830 3763 1903 πολλὴ

2075 1921 2189 1982 τοῖς
2219 1917 2287 1972 τὰ
2324 1918 2508 1988 ἀγαθὰ
2556 1919 2947 1991 ἐργαζομένοις
2979 1918 3267 1983 ἀντίδοσις,
3309 1920 3507 1990 μείζων
3537 1919 3595 1972 δὲ
3620 1918 3760 1990 α’ύτη

2076 2003 2172 2057 καὶ
2209 2004 2412 2059 πλείων
2443 2006 2675 2075 γίνεται,
2694 2007 2822 2060 ὅταν
2854 2008 2948 2059 καὶ
2966 2006 3052 2061 διὰ
3078 2005 3338 2059 κινδύνων
3374 2005 3496 2059 ἴωσι
3524 2006 3619 2059 καὶ
3645 2006 3764 2059 άτι-

2078 2091 2208 2162 μίας
2237 2092 2439 2164 πολλῆς
2476 2094 2526 2147 οί
2579 2093 2751 2148 ταῦτα
2809 2093 3171 2166 ἐργαζόμενοι
3208 2093 3278 2146 τὰ
3327 2093 3527 2162 ἀγαθά·
3555 2092 3657 2149 κᾶν
3698 2093 3763 2147 τὸ

2074 2178 2407 2251 κατόρθωμα
2429 2180 2542 2234 ἴσον
2624 2181 2703 2253 τῷ
2732 2198 2791 2234 τε
2820 2181 3074 2252 ἀπονητὶ,
3095 2183 3188 2235 καὶ
3209 2180 3292 2252 τῷ
3321 2180 3457 2252 μετά
3475 2181 3650 2235 πόνων
3664 2182 3761 2234 αὐ-

2074 2265 2136 2319 τὸ
2155 2267 2565 2339 κατωρθωκότι,
2589 2269 2660 2322 τά
2691 2270 2788 2339 τῆς
2803 2271 2968 2341 τιμῆς
2999 2269 3099 2323 οὐκ
3130 2269 3282 2323 ἔσται
3312 2270 3401 2323 ίσα
3432 2269 3528 2322 καὶ
3554 2268 3623 2323 τά
3650 2268 3760 2321 τῶν

2076 2352 2380 2422 στεφάνων.
2402 2354 2562 2409 Ἐπεὶ
2584 2355 2678 2409 καὶ
2706 2357 2765 2407 ἐν
2789 2357 2903 2419 τοῖς
2936 2355 3192 2426 πολέμοις
3219 2353 3575 2424 στεφανοῦται
3606 2354 3706 2425 μέν
3729 2356 3760 2408 6

2071 2438 2332 2509 τρόπαιον
2356 2439 2584 2511 στήσας,
2626 2440 2804 2511 πολλῷ
2829 2441 2884 2494 δέ
2910 2440 2991 2495 ἐτι
3023 2441 3286 2512 μειζόνως
3322 2443 3351 2495 6
3383 2442 3480 2496 καὶ
3495 2441 3566 2494 τὰ
3593 2438 3762 2511 τραύο

2072 2542 2221 2595 ματα
2248 2526 2514 2591 ἐπιδεῖξαι
2546 2527 2706 2598 ἔχων,
2742 2528 2809 2582 δι’
2836 2522 2914 2582 ὧν
2938 2529 3000 2582 τὸ
3034 2529 3294 2599 τρόπαιον
3322 2528 3539 2598 ἔστησε.
3569 2527 3681 2581 Καὶ
3703 2527 3758 2580 τί

2071 2611 2215 2680 λέγω
2240 2630 2307 2665 πε
2317 2613 2369 2684 ρὶ
2391 2614 2501 2666 τῶν
2534 2615 2773 2680 ζώντων,
2802 2616 2935 2669 ὅπου
2963 2631 3027 2684 γε
3054 2616 3149 2669 καὶ
3175 2617 3228 2668 οί
3264 2615 3423 2669 τοῦτο
3446 2616 3606 2686 μόνον
3638 2614 3759 2668 ἐπι-

2070 2697 2375 2769 δειξάμενοι
2391 2700 2454 2753 τὸ
2479 2700 2659 2765 καλῶς
2675 2702 2966 2757 ἀποθανεῖν
2981 2704 3039 2756 ἐν
3056 2703 3294 2774 πολέμῳ.
3313 2702 3483 2773 μηδὲν
3501 2701 3559 2754 δὲ
3576 2701 3759 2756 πλεῖον

2070 2787 2199 2851 τοὺς
2233 2789 2413 2843 αὐτῶν
2451 2789 2856 2863 ὠφελήσαντες,
2886 2792 3158 2868 ,καθάπερ
3211 2793 3458 2867 σωτῆρες
3487 2793 3584 2846 καὶ
3625 2808 3759 2864 προ-

2074 2876 2264 2930 στάται
2289 2879 2565 2949 πανταχοῦ
2581 2879 2682 2949 τῆς
2696 2880 2941 2944 Ἑλλάδος
2954 2880 3170 2951 ᾅδονται
3188 2897 3202 2945 ;
3223 2882 3271 2933 εί
3284 2881 3379 2933 κοιλ⁸
3396 2879 3571 2933 ταῦτα
3599 2880 3758 2951 ὑμεῖς

2070 2963 2338 3032 ἀγνοεῖτε,
2364 2965 2443 3035 τῷ
2470 2967 2668 3035 γέλωτι
2726 2970 2821 3022 καὶ
2864 2972 2930 3040 τῇ
2972 2972 3154 3040 τρυφῇ
3188 2968 3483 3031 διαπαντὸς
3511 2985 3757 3040 προσαν-

2071 3050 2285 3121 έχοντες
2319 3064 2365 3118 e;
2391 3055 2453 3106 El
2473 3054 2794 3126 δὲ”Ελληνες
2811 3056 3108 3126 ἄνθρωποι,
3128 3056 3223 3110 καὶ
3252 3053 3423 3126 μηδὲν
3444 3054 3581 3118 ὅλως
3605 3054 3758 3124 ὑγιές

2068 3139 2402 3203 ἐννοοῦντες,
2418 3141 2576 3195 τοῦτο
2601 3141 3209 3213 ὴδυνήθησανσυνιδεῖν,
3235 3143 3329 3195 καὶ
3350 3141 3517 3213 πολλῇ
3533 3142 3758 3212 τετιμή-

2070 3242 2199 3279 κασι
2228 3229 2293 3298 τῇ
2323 3230 2453 3298 τιμῇ
2472 3228 2598 3291 τοὺς
2615 3228 2987 3293 ἀποθανόντας
3011 3230 3172 3300 μόνον
3202 3229 3343 3300 ὑπὲρ
3363 3228 3566 3291 αὐτῶν,
3592 3228 3757 3298 μηδὲν

2068 3312 2128 3366 δέ
2157 3314 2560 3385 ἐργασαμένους
2616 3315 2799 3379 πλέον,
2841 3315 2992 3385 πόσῳ
3046 3315 3244 3386 μᾶλλον
3278 3317 3306 3369 6
3345 3315 3578 3384 Χριστὸς
3597 3315 3758 3368 τοῦτο

2071 3399 2383 3470 ἐργάσεται,
2409 3403 2441 3454 6
2474 3401 2749 3473 πανταχοῦ
2783 3403 2912 3466 τοὺς
2951 3402 3019 3455 δι’
3053 3402 3216 3456 αὑτὸν
3249 3400 3660 3465 κινδυνεύοντας
3690 3403 3756 3455 ἐκ

2072 3488 2267 3541 πολλοῦ
2290 3489 2381 3542 τοῦ
2408 3490 2690 3561 περιόντος
2713 3493 2832 3555 ταῖς
2856 3490 2965 3543 τῶν
2991 3491 3211 3562 δωρεῶν
3231 3490 3398 3543 νικῶν
3421 3490 3754 3558 ἀντιδόσεως

2072 3577 2149 3629 Οὐ
2172 3575 2281 3649 γὰρ
2308 3577 2565 3648 διωγμῶν
2596 3579 2774 3648 μόνον,
2802 3578 2923 3632 ούδέ
2952 3578 3198 3648 πληγῶν,
3220 3578 3343 3631 οὐδὲ
3365 3578 3757 3649 δεσμωτηρίων

2072 3666 2167 3720 καὶ
2193 3666 2371 3734 φόνων
2402 3668 2497 3720 καὶ
2517 3668 2753 3738 σφαγῆς,
2768 3667 2904 3722 ἀλλὰ
2931 3669 3024 3721 καὶ
3043 3667 3254 3740 ῦϐρεως
3280 3668 3449 3738 μόνης
3470 3668 3563 3721 καὶ
3584 3666 3757 3738 ρημά-

2071 3768 2180 3805 των
2208 3753 2573 3806 ὀνειδιστικῶν
2596 3755 2760 3808 πολὺν
2784 3755 2945 3825 ἔθηκε
2970 3755 3061 3808 τὸν
3084 3755 3294 3826 μισθόν.
3313 3754 3605 3822 Μακάριοι
3623 3753 3754 3827 γάρ,

2072 3840 2257 3911 φησὶν,
2287 3841 2449 3906 ἐστὲ,
2471 3840 2618 3895 ὅταν
2641 3842 2995 3911 μισήσωσιν
3032 3842 3188 3912 ὑμᾶς
3214 3846 3267 3897 οἱ
3304 3842 3626 3911 ἅνθρωποι,
3654 3842 3756 3895 καὶ

2073 3926 2222 3981 ὅταν
2244 3929 2624 3997 ἀφορίσωσιν
2649 3928 2807 3999 ὑμᾶς
2828 3930 2927 3983 καὶ
2948 3929 3311 3994 ὀνειδίσωσι,
3335 3929 3436 3983 καί
3456 3928 3756 3984 ἐκϐάλωσι

2073 4014 2137 4067 τὸ
2164 4014 2352 4085 ὄνομα
2364 4017 2533 4085 ὑμῶν
2564 4017 2645 4082 ὠς
2669 4020 2962 4085 πονηρὸν,
2980 4017 3196 4071 ἕνεκεν
3215 4017 3323 4071 τοῦ
3358 4016 3494 4070 Υίοῦ
3520 4015 3627 4069 τοῦ
3648 4016 3755 4070 ἁν-

2073 4100 2329 4168 θρώπουο
2359 4105 2597 4173 χαΙρετε
2616 4105 2686 4158 ὲν
2710 4105 2916 4174 ἐκείνῃ
2934 4104 3009 4174 τῇ
3040 4104 3229 4174 ἡμέρᾳ
3241 4104 3341 4158 καί
3363 4103 3753 4172 σκιρτήσατε’

2072 4186 2205 4241 ἰδοὺ
2230 4188 2341 4258 γὰρ
2371 4193 2404 4244 ό
2417 4192 2638 4260 μισθὸς
2652 4190 2819 4262 ὑμῶν
2840 4193 3035 4259 πολὺς
3057 4193 3127 4247 ἐν
3149 4190 3228 4257 τῷ
3253 4190 3507 4260 οὐρανῷ.
3542 4194 3604 4247 El
3641 4193 3755 4245 τοί-

2074 4289 2168 4326 νυν
2186 4274 2248 4327 τὸ
2269 4275 2455 4338 κακῶς
2484 4276 2676 4329 παθεῖν
2702 4278 2795 4330 καὶ
2827 4277 2888 4331 τὸ
2922 4278 3107 4341 κακῶς
3123 4278 3355 4332 ἀκοῦσαι
3391 4278 3650 4332 ἐπιτείνει
3667 4278 3754 4332 τὸν

2078 4358 2272 4429 μισθὸν
2297 4361 2517 4424 καὶτοῖς
2547 4362 2817 4433 πάσχουσι
2848 4366 3066 4426 καὶτοῖς
3089 4364 3345 4418 ἀκούουσι
3370 4364 3577 4429 κακῶς,
3599 4365 3628 4417 6
3648 4381 3753 4418 κω-

2070 4447 2214 4500 λύων
2240 4448 2437 4510 αύτοῦς
2489 4448 2681 4501 παθεῖν
2708 4451 2804 4502 καὶ
2851 4450 3082 4503 ἀκοῦσαι
3113 4451 3319 4513 κακῶς,
3348 4452 3470 4521 οὐχὶ
3512 4451 3753 4515 τούτους,

2073 4534 2210 4588 ἀλλά
2235 4537 2361 4598 τοὺς
2384 4534 2636 4601 λέγοντας
2663 4536 2756 4588 καὶ
2777 4536 2902 4598 τοὺς
2931 4535 3216 4599 ποιοῦντας
3235 4537 3502 4608 ὠφέλησε.
3525 4538 3753 4603 Τούτους

2073 4622 2181 4694 γάρ
2206 4621 2406 4691 ἔβλαψε
2437 4618 2482 4685 ι,
2518 4621 2609 4675 τοῦ
2640 4620 2753 4693 [50]
2774 4621 2967 4693 μισθοῦ
2989 4623 3050 4676 τὸ
3076 4622 3237 4676 πλέον
3253 4623 3535 4678 ἐκκόπτων
3550 4624 3753 4689 αὐτοῖς,

2073 4711 2168 4763 καὶ
2192 4711 2291 4782 τῆς
2307 4712 2485 4782 χαρᾶς
2509 4710 2604 4763 καὶ
2629 4710 2737 4762 τῶν
2760 4708 2970 4762 πολλῶν
2991 4711 3378 4781 σκιρτημάτων
3406 4710 3645 4782 ἀναιρῶν
3660 4711 3752 4784 τὴν

2075 4797 2351 4851 ὑπόθεσιν.
2384 4799 2547 4851 ’Ὥστε
2589 4797 2793 4852 τούτων
2828 4798 2927 4869 μὲν
2953 4791 3142 4852 ἕνεκεν
3195 4799 3290 4853 καὶ
3317 4798 3542 4870 σιγῆσαι
3567 4800 3753 4873 ἐχρῆν,

2076 4885 2170 4939 καὶ
2190 4887 2408 4954 ἀφεῖναι
2434 4885 2689 4955 γενέσθαι
2716 4885 2890 4941 ταῦτα
2920 4886 2990 4940 τά
3020 4886 3186 4940 πολὺν
3212 4888 3396 4951 αὐτοῖς
3415 4887 3506 4941 τὸν
3528 4888 3751 4942 πλοῦτον

2075 4970 2334 5026 ποιοῦντα
2384 4972 2493 5027 τῶν
2520 4972 2762 5036 ἀγαθῶν,
2789 4974 2886 5027 καὶ
2921 4975 3091 5045 μείζω
3123 4973 3221 5045 τὴν
3251 4973 3565 5046 παρρησίαν
3596 4992 3757 5030 κατα-

2076 5060 2428 5124 σκευάζοντα·
2468 5061 2657 5133 ἐπειδὴ
2712 5062 2770 5115 δέ
2820 5062 3062 5134 ἀλλήλων
3091 5063 3257 5133 ἐσμὲν
3286 5063 3443 5134 μέλη,
3472 5063 3575 5118 κᾶν
3603 5061 3755 5120 αὐτοὶ

2075 5150 2238 5204 πάλιν
2274 5150 2547 5222 ἀρνῶνται
2580 5150 2678 5222 τὴν
2701 5152 2882 5223 χάριν,
2915 5153 2977 5205 ού
3009 5151 3115 5223 χρὴ
3157 5153 3283 5216 τοὺς
3310 5151 3456 5206 οὓτω
3475 5153 3753 5224 διακειμέ-

2074 5253 2227 5300 νους,
2264 5236 2385 5300 ἐνὸς
2423 5236 2524 5307 μὲν
2575 5240 2823 5308 προνοεῖν
2872 5238 3091 5308 μέρους,
3138 5238 3331 5307 ἐτέρου
3373 5238 3430 5291 δέ
3469 5242 3749 5312 περιορᾷν.

2074 5324 2335 5388 Ἐκείνοις
2374 5324 2473 5395 μὲν
2502 5324 2612 5396 γὰρ
2631 5324 2785 5379 ἕσται
2809 5328 2903 5379 καὶ
2924 5326 3118 5396 ἐτέρας
3146 5328 3172 5366 ε
3194 5326 3597 5399 εύδοκιμήσεως
3625 5327 3773 5396 ὑπότ.

2090 5444 2122 5470 ⁸⁸
2138 5481 2166 5555 ξ
2184 5478 2294 5555 ρρο
2306 5494 2419 5555 msg.
2441 5483 2501 5555 τε
2516 5484 2567 5555 δὲ
2586 5483 2801 5555 ἐκεῖκκάν
2819 5484 2909 5548 γὰρ
2918 5484 3066 5547 ὑμεῖς.
3081 5482 3203 5533 Mor.
3216 5485 3276 5533 τὰ
3285 5484 3374 5550 γὰρ
3386 5485 3500 5545 ἐκεῖ,
3513 5485 3748 5545 mam

2143 5541 2168 5605 εἰ
2194 5543 2339 5605 Σῶμα
2363 5543 2509 5591 deest
2532 5550 2583 5593 in
2602 5546 2793 5595 duobus
2813 5541 2928 5594 tins's.

2106 5663 2118 5675 ε
2192 5602 2301 5654 Dub
2325 5617 2443 5678 m§s.
2468 5608 2826 5678 προσαχθέντες.
2851 5606 3153 5678 ιιιζιε-ξεγίι.
3178 5614 3241 5678 Aet
3274 5621 3402 5657 unus
3430 5605 3586 5655 codex
3611 5602 3751 5664 μηδὲν

2076 5664 2128 5712 δέ
2153 5664 2518 5741 ἐργασαμένουςξ
2545 5667 2597 5715 In
2620 5664 2740 5716 Edil.
2774 5669 2945 5717 Morel.
2974 5671 3027 5719 δέ
3048 5671 3211 5718 deest.

2079 5785 2113 5801 η
2197 5731 2278 5801 ξιο
2303 5741 2418 5776 mss.
2436 5727 2594 5801 ,ξεινίιξ
2618 5737 2786 5801 gulam
2800 5737 2854 5778 et
2876 5730 3049 5801 Mprel.
3074 5726 3748 5801 ﬁoﬁouc.§k~l61.PaIllopml

2078 5785 2234 5854 ﬁde
2258 5800 2372 5854 mss_.
2399 5790 2496 5854 τῶν
2514 5791 2676 5854 καλῶν
2698 5792 3047 5854 σκιρτημάτων.
3077 5792 3178 5841 Alii
3196 5792 3400 5839 πολλῶν.

2146 5849 2172 5888 ⁸
2199 5847 2334 5899 Unus
2351 5849 2500 5900 habet
2519 5851 2672 5914 ἑτέρα.
