4088 6138
432 280 538 337 3'25

427 393 808 465 procurabant.
832 392 1031 449 Verum
1078 392 1199 462 quia
1237 408 1419 448 sumus
1464 393 1689 448 invicem
1734 392 1971 446 membra
1996 433 2011 458 ,

427 486 527 542 etsi
556 483 656 554 ipsi
680 484 908 554 gratiam
952 484 1220 554 abnegent
1237 524 1254 550 ,
1281 499 1384 537 non
1410 483 1659 538 convenit
1685 483 1755 536 ita
1777 478 1981 537 affectis
1999 523 2013 547 ,

429 586 487 632 ut
513 591 613 631 nos
640 588 825 630 sumus
845 616 860 639 ,
893 573 1051 629 unius
1076 574 1302 629 membri
1328 589 1511 628 curam
1543 573 1760 640 habere,
1790 572 2015 627 alterum

430 667 715 736 negligere.
741 664 983 734 Namque
1016 663 1122 718 illis
1152 664 1255 718 alia
1294 664 1606 718 meritorum
1648 664 1856 717 occasio
1892 677 2016 731 sup-

430 765 604 827 petet,
635 755 846 811 etiamsi
875 768 1015 809 nunc
1039 752 1193 809 malis
1220 768 1326 809 non
1352 753 1653 808 afficiantur
1680 770 1695 818 ;
1741 753 1856 806 istis
1890 765 2016 806 vero

426 848 531 904 nisi
555 849 624 903 ab
663 848 763 902 hac
790 862 965 917 pugna
985 846 1325 911 destiterint,
1356 846 1499 901 nulla
1527 846 1637 915 jam
1684 845 1869 900 salutis
1893 859 2016 914 spes

430 939 765 1009 relinquitur.
792 938 975 1008 Itaque
1002 937 1109 992 illis
1130 937 1367 1004 omissis,
1394 938 1586 992 vestris
1610 938 1772 991 rebus
1805 936 2013 1001 insisto,

430 1047 664 1101 rogoque
692 1044 748 1086 et
771 1032 997 1086 obsecro
1039 1030 1193 1085 nobis
1235 1030 1569 1084 hortantibus
1596 1028 2012 1097 obtemperetis,

431 1139 529 1178 nec
555 1132 742 1178 contra
771 1137 867 1176 vos
892 1121 1036 1191 ipsos
1063 1120 1293 1190 gladium
1336 1120 1625 1189 impellatis
1646 1161 1660 1186 ,
1689 1133 1790 1173 nec
1832 1127 2016 1172 contra

433 1213 678 1268 stimulos
719 1212 1006 1267 calcitretis
1034 1228 1049 1278 ;
1084 1227 1184 1277 ne,
1218 1211 1341 1265 dum
1374 1210 1568 1281 putatis
1596 1210 1840 1263 homines
1878 1224 2014 1263 moe-

432 1320 553 1360 rore
577 1303 794 1360 afﬁcere
820 1347 833 1369 ,
856 1304 1111 1373 Spiritum
1137 1314 1378 1359 sanctum
1409 1304 1501 1358 Dei
1525 1304 1869 1357 contristetis.
1893 1303 2016 1357 Scio

426 1396 572 1450 enim
619 1410 683 1450 ac
732 1410 1043 1463 persuasum
1096 1394 1304 1457 habeo,
1362 1410 1457 1448 vos
1507 1394 1828 1449 sententiam
1879 1393 2015 1447 hanc

431 1496 706 1552 nostram,
738 1484 837 1539 etsi
885 1499 991 1539 non
1035 1485 1232 1552 modo,
1273 1495 1418 1539 certe
1467 1497 1651 1555 postea
1700 1484 2016 1554 probaturos

427 1590 569 1630 esse.
614 1575 727 1630 Hoc
771 1582 946 1630 autem
977 1576 1099 1630 volo
1128 1589 1223 1630 vos
1261 1591 1402 1645 nunc
1442 1585 1727 1646 przestare,
1760 1591 1828 1630 ne
1867 1586 2012 1645 post-

431 1667 647 1723 modum
677 1667 873 1722 frustm
918 1667 1142 1721 faciatis.
1170 1668 1441 1737 Siquidem
1472 1667 1623 1721 dives
1670 1668 1760 1721 ille
1797 1683 1917 1721 cum
1962 1667 2012 1721 in

431 1759 531 1814 hac
558 1760 665 1814 vita
690 1767 867 1826 esset,
897 1758 1220 1829 praphetas,
1251 1760 1451 1827 legem,
1475 1773 1766 1827 eorumque
1792 1759 2011 1822 monita,

432 1866 529 1919 pro
551 1849 742 1904 fabulis
769 1857 824 1904 et
846 1849 1213 1904 deliramentis
1239 1849 1554 1918 reputabat:
1581 1864 1700 1902 eum
1748 1858 1923 1903 autem
1950 1863 2015 1902 eo

428 1939 817 2002 abscessisset,
846 1939 980 1994 adeo
1024 1940 1077 1993 in
1117 1940 1468 1994 admiratione
1507 1950 1664 2009 atque
1712 1938 1915 1993 honore
1952 1953 2013 1993 ea

432 2030 632 2083 monita
678 2028 893 2095 habuit,
942 2038 1001 2085 ut
1041 2045 1162 2085 cum
1215 2030 1371 2099 plane
1416 2030 1736 2100 intelligeret
1783 2029 1917 2084 nihil
1957 2044 2016 2084 se

429 2120 698 2176 commodi
737 2135 801 2174 ex
846 2120 963 2189 ejus
1007 2120 1252 2175 laudibus
1288 2120 1545 2190 consequi
1577 2135 1768 2190 posse,
1794 2120 2019 2190 patriar.

430 2213 589 2268 chain
635 2220 874 2281 rogaret,
912 2220 969 2265 ut
1013 2211 1246 2282 aliquem
1312 2213 1547 2267 mitteret
1601 2227 1668 2266 ex
1731 2211 1916 2265 inferis
1961 2211 2015 2264 in

430 2313 665 2369 terram,
715 2304 803 2373 qui
849 2304 997 2358 isttec
1037 2304 1415 2368 annuntiaret,
1461 2304 1663 2359 veritus
1712 2303 1915 2359 scilicet
1949 2319 2017 2359 ne

434 2398 661 2468 idipsum
691 2398 762 2451 illi
793 2406 1121 2467 paterentur,
1153 2407 1312 2467 atque
1340 2398 1640 2468 Scripturas
1664 2397 1869 2452 divinas
1898 2398 2018 2451 irri-

432 2491 625 2547 dentes
649 2533 665 2558 ,
696 2502 823 2546 tunc
848 2505 941 2545 eas
966 2489 1376 2556 admirarentur,
1409 2506 1530 2545 cum
1572 2505 1638 2544 ex
1678 2506 1739 2545 ca
1780 2490 2014 2545 admira-

435 2584 581 2638 tione
610 2582 743 2636 nihil
772 2582 1117 2638 emolumenti
1155 2582 1411 2652 consequi
1439 2583 1697 2637 valencnt.
1730 2581 1799 2635 Et
1838 2591 2013 2636 tamen

432 2673 524 2729 ille
555 2673 684 2729 nihil
713 2673 819 2729 tale
845 2680 1058 2743 egerat,
1085 2672 1244 2743 quale
1270 2686 1364 2727 vos
1388 2674 1542 2743 agitis
1582 2688 1599 2727 :
1631 2673 1731 2727 etsi
1759 2672 1899 2726 enim
1930 2672 2016 2725 ille

436 2765 571 2821 nihil
596 2781 661 2820 ex
692 2766 803 2819 suis
824 2764 1024 2819 Lazaro
1056 2764 1347 2833 impertivit
1366 2792 1393 2832 ,-
1413 2779 1518 2819 non
1549 2772 1727 2819 tamen
1763 2779 1857 2819 eos
1881 2804 1896 2828 ,
1925 2763 2014 2832 qui

436 2859 487 2913 id
520 2874 679 2929 agere
706 2857 936 2924 vellent,
965 2856 1256 2927 prohibuit,
1282 2864 1376 2911 aut
1404 2857 1620 2926 repulit,
1643 2865 1703 2909 ut
1733 2854 1893 2909 modo
1920 2868 2015 2909 vos

434 2950 629 3006 facitis.
661 2949 843 3019 Neque
868 2947 992 3002 hinc
1012 2946 1171 3002 modo
1195 2947 1342 3001 illum
1377 2946 1689 3001 crudelitate
1714 2944 1975 3015 superatis
2000 2984 2014 3008 ,

435 3043 531 3099 sed
557 3042 770 3097 aliunde
795 3055 1024 3112 quoque.
1059 3039 1209 3096 Sicut
1237 3039 1379 3094 enim
1427 3054 1535 3093 non
1568 3038 1771 3108 aequale
1814 3035 2019 3090 facinus

435 3142 522 3190 est
564 3134 698 3189 nihil
725 3148 882 3202 agere
908 3131 1056 3197 boni,
1084 3139 1141 3186 et
1168 3129 1303 3184 alios
1331 3129 1422 3199 qui
1451 3129 1504 3183 id
1526 3128 1694 3184 velint
1718 3126 1975 3196 impedire
2000 3142 2015 3179 :

435 3227 516 3283 sie
538 3241 643 3281 non
676 3226 787 3296 pari
817 3226 871 3279 in
891 3223 1060 3295 gradu
1081 3223 1295 3293 ponitur
1321 3222 1442 3277 cibo
1470 3234 1731 3290 corporeo
1754 3219 2017 3288 indigere,

434 3329 492 3373 et
526 3332 649 3373 eum
686 3316 776 3386 qui
825 3316 879 3370 in
928 3314 1129 3385 ingenti
1184 3310 1539 3382 philosophia
1588 3309 1810 3381 penuria
1842 3308 2017 3378 jacet,

438 3407 723 3478 prohibere
749 3422 816 3461 ne
843 3405 912 3459 ab
937 3405 1057 3459 aliis
1096 3413 1364 3473 pascatur.
1410 3400 1767 3468 Quamobrem
1792 3397 2021 3452 .duabus

437 3516 507 3555 ex
537 3500 775 3569 partibus
800 3499 1085 3552 immanem
1119 3496 1266 3552 illum
1305 3494 1523 3550 divitem
1554 3490 1850 3561 superatis,
1878 3487 2021 3558 quod

439 3607 634 3661 nempe
658 3591 791 3644 alios
814 3589 1142 3659 prohibeatis
1169 3586 1361 3641 famem
1391 3584 1752 3652 exstinguere,
1776 3578 2021 3649 quodque

438 3699 563 3739 cum
608 3683 840 3736 animam
884 3679 1159 3750 praefocari
1196 3676 1418 3732 videatis
1442 3718 1457 3743 ,
1490 3683 1691 3728 tantam
1727 3672 2021 3726 exhibe-stis

450 3773 919 3829 inhumanitatem.
946 3771 1060 3827 Iloc
1109 3778 1165 3825 et
1204 3768 1377 3825 Judaei
1422 3765 1549 3821 olim
1592 3764 2020 3819 feceruntznam

439 3866 719 3938 apostolos
746 3864 1099 3935 prohibebant
1125 3878 1195 3918 ne
1226 3860 1534 3916 hominibus
1558 3857 1806 3913 salutaria
1834 3855 2022 3923 loque-

440 3970 649 4017 rentur.
675 3960 747 4013 At
771 3973 867 4013 vos
905 3957 1014 4011 illis
1038 3956 1197 4011 etiam
1242 3954 1535 4009 deteriores
1573 3950 1722 4005 estis.
1758 3947 1834 4002 Illi
1883 3945 2023 4001 enim

440 4066 565 4107 cum
609 4065 669 4106 se
714 4048 958 4104 inimicos
981 4046 1381 4119 profiterentur,
1409 4044 1488 4098 sic
1515 4041 1694 4096 omnia
1725 4039 1816 4094 illa
1859 4036 2022 4093 facie-

444 4142 573 4196 bant
605 4159 618 4194 :
651 4154 749 4195 vos
775 4147 952 4194 autem
997 4136 1250 4193 ementita
1299 4134 1592 4189 amicorum
1640 4144 1897 4202 persona,
1925 4128 2027 4182 ini-

445 4235 615 4291 micos
647 4248 741 4290 vos
761 4232 1049 4288 exhibetis.
1069 4229 1144 4285 Illi
1164 4237 1379 4285 sanctos
1400 4224 1674 4298 apostolos
1692 4220 2024 4287 verberibus,

443 4325 784 4383 contumeliis
811 4366 826 4391 ,
875 4323 1164 4395 ignominia
1236 4321 1528 4376 affecerunt
1552 4359 1567 4385 ,
1615 4314 2029 4387 praestigiatores

447 4435 544 4475 eos
581 4428 742 4488 atque
789 4416 1101 4471 seductores
1129 4414 1476 4486 appellantes.
1506 4409 1703 4466 Verum
1729 4408 1849 4463 illos
1884 4413 2028 4460 tanta

452 4510 583 4565 ultio
609 4508 908 4578 corripuit,
942 4513 1000 4560 ut
1025 4505 1171 4561 nulla
1195 4504 1472 4560 calamitas
1506 4502 1677 4573 possit
1702 4514 1888 4557 eorum
1914 4499 2028 4552 cla-

447 4601 606 4658 dibus
644 4599 967 4670 comparari.
989 4598 1123 4653 Nam
1151 4597 1307 4667 primi
1337 4604 1392 4650 et
1429 4597 1530 4651 soli
1570 4612 1637 4651 ex
1662 4594 1808 4650 omni
1853 4592 2031 4649 homi-

450 4710 577 4749 num
613 4708 808 4763 genere
866 4706 926 4747 ea
962 4690 1105 4762 passi
1133 4699 1296 4755 sunt,
1327 4703 1446 4759 quae
1480 4688 1656 4742 nullus
1706 4688 1841 4742 alius
1870 4688 1909 4740 ί.
1939 4687 2033 4741 Αι-

450 4800 553 4855 que
576 4785 766 4839 horum
798 4782 901 4837 fide
921 4782 1114 4852 dignus
1137 4781 1287 4836 testis
1309 4788 1387 4835 est
1417 4778 1682 4843 Christus,
1705 4778 1795 4848 qui
1825 4777 1903 4833 sic
1924 4779 2030 4833 ait:

453 4877 566 4945 Erit
595 4877 854 4931 tribulatio
884 4890 1072 4947 magna
1095 4916 1110 4942 ,
1137 4874 1304 4944 qualis
1323 4888 1425 4926 non
1463 4872 1559 4943 fuit
1596 4871 1659 4924 ab
1688 4870 1831 4924 initio
1856 4870 2034 4924 mundi

452 4985 611 5035 usque
630 4983 765 5023 nunc
782 5009 799 5035 ,
827 4983 986 5036 neque
1008 4975 1179 5037 postea
1204 4965 1300 5020 erit
1326 4963 1539 5035 (Matth.
1563 4960 1654 5017 ει.
1676 4961 1788 5034 SI).
1810 4961 1884 5017 Ea
1915 4962 2036 5031 qui-

449 5060 578 5117 dem
601 5061 779 5114 omnia
802 5102 818 5126 ,
852 5075 972 5129 qua:
999 5059 1071 5113 illi
1098 5058 1244 5128 passi
1282 5066 1445 5121 sunt,
1473 5056 1720 5126 prosequi
1743 5070 1848 5110 non
1879 5054 2037 5123 hujus

454 5162 537 5209 est
564 5154 824 5219 temporis
857 5170 871 5205 :
903 5166 1069 5221 pauca
1100 5160 1274 5207 tamen
1302 5166 1368 5205 ex
1396 5150 1576 5204 multis
1609 5148 1910 5203 necessario
1952 5147 2034 5201 di-

455 5243 623 5299 cenda
648 5252 795 5299 sunt.
818 5242 1014 5299 Verbis
1041 5252 1218 5297 autem
1240 5253 1358 5297 utar
1388 5258 1494 5296 non
1536 5242 1668 5296 meis
1687 5281 1702 5306 ,
1742 5240 1837 5296 sed
1869 5239 2038 5311 (lose-

457 5336 573 5407 phi)
606 5336 776 5392 Juda-i
805 5376 819 5400 ,
850 5336 941 5405 qui
992 5350 1110 5390 eam
1156 5334 1432 5388 historiam
1480 5333 1692 5403 scripsit
1734 5332 2036 5402 diligenter.

459 5428 597 5497 Quid
611 5442 741 5498 ergo
761 5428 834 5482 ait
852 5427 979 5483 ille?
996 5426 1128 5481 Cum
1149 5432 1451 5481 enarrasset
1472 5425 1743 5479 incensum
1762 5423 2039 5493 templum,
2076 5448 2083 5459 κ

460 5535 734 5591 novasque
761 5521 783 5553 ⁸
814 5520 932 5575 illas
960 5519 1292 5575 calamitates
1332 5516 1687 5584 enuntiasset,
1716 5517 1794 5573 sic
1826 5513 1995 5587 pergit
2023 5530 2039 5569 :

524 5654 546 5690 ³
577 5660 681 5706 Duo
706 5662 811 5706 Mss.
834 5656 1078 5717 omittunt,
1098 5667 1208 5717 qua:
1227 5653 1387 5706 nullus
1408 5652 1549 5705 alius.

524 5717 549 5749 ι
579 5718 652 5767 sic
667 5717 807 5781 juxta
827 5715 966 5769 savil.
990 5725 1039 5769 tn
1061 5715 1132 5780 8.,
1154 5730 1446 5780 communes,
1470 5730 1572 5779 pro,
1593 5727 1753 5768 novas.

1177 278 1535 337 ADVERSUS
1572 279 2114 336 OPPUGNATOBES
2152 279 2333 336 VITJE
2369 280 2667 337 MONAST.
2709 281 2838 338 LIB.
2875 280 2919 338 Ι.

3589 282 3694 336 5‘26

2195 392 2249 445 5.
2276 390 2344 445 Et
2370 394 2610 463 templum
2633 394 2833 461 quidem
2865 394 2959 447 hoc
2982 392 3033 446 in
3061 402 3194 447 statu
3216 403 3323 448 erat
3347 410 3365 459 ;
3392 409 3563 449 eorum
3587 410 3701 449 vero

2121 484 2207 549 qui
2229 499 2317 553 per
2342 484 2591 537 civitatem
2618 487 2753 554 fame
2780 483 3150 550 occumbebant,
3178 485 3379 554 inﬁnita
3402 501 3525 555 pene
3550 488 3699 541 cade-

2122 575 2203 627 bat
2230 574 2498 628 multitudo
2519 615 2534 641 ,
2559 585 2706 644 atque
2741 574 3103 629 inenarrabiles
3129 577 3478 646 contingebant
3504 578 3695 631 clades.

2122 663 2263 717 Nam
2306 681 2396 733 per
2421 665 2648 735 singulas
2679 665 2856 720 domos
2880 708 2895 733 ,
2937 665 3097 719 sicubi
3136 665 3358 720 ciborum
3404 666 3481 721 vel
3523 665 3701 720 umbra

2121 762 2282 819 esset,
2318 754 2503 807 bellum
2532 754 2743 822 aderat,
2776 772 2835 808 ac
2873 756 2949 809 vel
2983 756 3273 811 amicissimi
3306 768 3479 810 ntutuo
3522 774 3701 812 manus

2122 843 2477 909 conserebant,
2512 861 2572 897 ac
2608 846 2790 899 misera
2835 846 2927 900 illa
2955 848 3137 900 animce
3161 848 3343 900 viatica
3373 846 3697 917 diripiebant.

2123 934 2206 989 Ne
2233 935 2555 997 morientibus
2583 937 2781 1006 quidem
2810 939 2943 1007 quod
2971 939 3078 992 cibo
3123 940 3401 1013 indigerent
3447 941 3573 1009 [idcs
3603 943 3700 995 Ita-

2121 1027 2326 1081 bebatur
2348 1045 2367 1082 :
2392 1028 2482 1082 sed
2506 1045 2589 1081 eos
2614 1044 2806 1099 quoque
2825 1030 2911 1100 qui
2937 1030 3259 1099 exspirabant
3285 1073 3299 1095 ,
3333 1032 3552 1086 latrones
3581 1049 3701 1103 per-

2122 1119 2474 1171 srrutabantur
2498 1158 2513 1182 ,
2545 1135 2608 1171 ne
2636 1120 2746 1188 quis
2787 1121 2917 1187 forte
2946 1121 3183 1174 simulata
3210 1132 3367 1174 morte
3396 1122 3559 1175 cibum
3590 1123 3703 1176 sinu

2121 1210 2411 1264 occultaret.
2430 1210 2535 1263 Alii
2556 1226 2673 1265 vero
2705 1211 2839 1280 fame
2850 1212 3066 1277 hiantes,
3092 1223 3344 1282 tamquam
3367 1212 3529 1265 rabidi
3556 1229 3703 1266 canes

2120 1312 2283 1355 mente
2330 1302 2589 1366 destituti,
2634 1302 2933 1372 insaniaque
2985 1304 3241 1373 correpti,
3273 1302 3523 1356 ebriorum
3564 1307 3703 1356 more

2118 1397 2171 1448 in
2206 1396 2333 1448 ostia
2358 1397 2696 1466 impingebant
2728 1411 2746 1450 :
2776 1411 2836 1448 ac
2861 1395 3207 1464 desperatione
3247 1395 3416 1458 ducti,
3442 1395 3565 1448 liora
3599 1410 3702 1447 una

2121 1488 2195 1541 bis
2224 1498 2351 1541 terre
2378 1489 2430 1541 in
2456 1488 2685 1541 eamdem
2723 1487 2929 1540 domum
2970 1488 3329 1558 irrumpebant.
3371 1485 3555 1539 Omnia
3582 1501 3699 1539 vero

2120 1580 2349 1634 dentibus
2386 1581 2641 1651 subigebat
2673 1582 2885 1651 penuria
2908 1622 2923 1647 ,
2954 1589 2999 1633 et
3029 1596 3086 1632 ea
3114 1595 3225 1649 qua:
3251 1595 3310 1632 ne
3337 1577 3699 1631 sordidissimis

2119 1674 2318 1743 quidem
2358 1673 2619 1726 brutorum
2662 1674 2995 1725 animantium
3039 1672 3154 1725 usui
3189 1681 3330 1724 erant
3374 1671 3699 1740 colligentes,

2119 1764 2266 1817 edere
2291 1780 2391 1817 non
2413 1762 2725 1816 dubitabant.
2746 1763 2791 1817 A
2816 1764 3030 1834 cingulis
3057 1762 3211 1833 igitur
3232 1770 3275 1816 et
3297 1779 3327 1815 a
3357 1760 3706 1815 calceamentis

2121 1864 2369 1925 postremo
2396 1871 2496 1907 non
2519 1852 2850 1917 abstinebant,
2879 1853 3128 1924 scutisque
3152 1853 3376 1905 detracta
3397 1852 3535 1904 coria
3558 1867 3701 1903 man-

2120 1946 2320 2000 debant.
2355 1946 2487 2000 Esca
2513 1955 2679 1999 autem
2726 1944 3027 2015 quibusdam
3056 1953 3199 1998 erant
3243 1944 3363 2013 freni
3390 1943 3542 1997 laceri
3578 1941 3700 1994 reli-

2118 2040 2249 2108 quia:
2272 2054 2290 2092 :
2317 2048 2646 2109 purgamenta
2685 2037 2804 2090 item
2830 2036 3064 2090 nonnulli
3090 2036 3398 2107 colligentes,
3430 2035 3694 2089 minimum

2120 2146 2291 2183 eorum
2311 2129 2508 2202 pondus
2526 2137 2742 2199 quatuor
2765 2129 2929 2181 atticis
2950 2125 3318 2181 vendebant.Et
3339 2125 3459 2195 quid
3483 2142 3609 2194 opus
3630 2134 3702 2177 est

2120 2225 2270 2294 famis
2308 2223 2676 2291 improbitatem
2704 2221 2757 2276 in
2801 2220 2945 2274 rebus
2974 2220 3210 2273 inanimis
3258 2218 3520 2290 persequi?
3564 2215 3693 2271 Rem

2119 2326 2420 2370 narraturus
2459 2332 2571 2369 sum
2595 2356 2611 2383 ,
2642 2315 2842 2385 qualem
2868 2330 2957 2366 nec
2990 2311 3129 2382 apud
3173 2310 3374 2366 Gra’cos
3425 2326 3514 2363 nec
3564 2310 3702 2379 apud

2119 2409 2359 2463 barbaros
2387 2409 2655 2479 contigisse
2705 2416 3008 2462 memoratur
3043 2420 3290 2474 usquam,
3321 2403 3457 2455 dictu
3488 2401 3697 2454 horren-

2118 2503 2276 2569 dam,
2304 2512 2453 2572 atque
2481 2499 2819 2555 incredibilem
2849 2498 3045 2552 auditu.
3090 2496 3227 2550 Sane
3254 2511 3344 2563 ego
3396 2511 3457 2547 ne
3500 2492 3694 2546 viderer

2124 2604 2355 2665 portenta
2376 2593 2661 2663 con/ingere
2688 2590 2873 2661 futuris
2903 2587 3217 2651 hominibus,
3253 2584 3541 2655 Itujusmodi
3563 2583 3703 2635 cala-

2119 2690 2342 2740 mitatem
2391 2685 2599 2740 libenter
2644 2682 2941 2745 tacuissem,
2991 2678 3089 2731 nisi
3136 2678 3426 2730 innumeros
3474 2675 3582 2744 ejus
3627 2672 3704 2725 rei

2120 2787 2264 2832 testes
2318 2776 2547 2830 baberent
2581 2789 2599 2827 :
2644 2781 2982 2842 pra’tereaque
3031 2767 3210 2837 patria:
3256 2759 3555 2818 levissimam
3583 2777 3702 2831 gra-

2122 2870 2242 2922 tiam
2287 2869 2529 2938 referrem
2549 2868 2571 2929 ,'
2596 2864 2640 2917 si
2680 2878 2792 2932 qua:
2833 2861 3001 2930 reipsa
3032 2872 3182 2928 passa
3208 2863 3315 2922 est,
3348 2870 3407 2908 ea
3447 2851 3704 2907 narrando

2121 2959 2503 3030 supprimerent.
2533 2956 2721 3010 Mulier
2746 2953 2977 3023 quwdam
3004 2966 3066 3004 ea:
3086 2951 3180 3015 iis,
3205 2964 3318 3020 qua!
3357 2948 3493 3000 ultra
3519 2944 3703 2999 Jorda-

2121 3067 2234 3104 nem
2261 3049 2541 3103 incolebant
2565 3090 2579 3112 ,
2613 3044 2785 3101 Maria
2833 3044 3068 3109 nomine,
3098 3050 3243 3112 patre
3284 3038 3533 3096 Eleazaro
3554 3079 3569 3104 ,
3596 3035 3703 3090 vico

2121 3132 2506 3206 Betlteso,quod
2529 3133 2791 3207 signiﬁcat
2811 3134 3031 3190 domum
3051 3127 3293 3201 hyssopi,
3311 3141 3493 3195 genere
3511 3135 3557 3178 et
3583 3125 3705 3179 divi-

2123 3232 2206 3285 tiis
2249 3229 2490 3298 insignis,
2540 3241 2656 3279 cum
2697 3225 2893 3291 reliqua
2958 3219 3282 3275 multitudine
3334 3216 3707 3285 Jerosolymam

2123 3322 2416 3391 confugerat
2439 3357 2455 3384 ,
2483 3316 2731 3385 simulque
2758 3311 3097 3368 obsidebatur.
3132 3309 3302 3377 Huius
3327 3323 3523 3361 omnem
3546 3305 3704 3359 aliam

2123 3411 2454 3464 substantiam
2482 3406 2681 3479 tyranni
2712 3405 3030 3475 diripuerant
3053 3442 3067 3463 ,
3091 3410 3330 3472 quantam
3359 3414 3424 3453 ea:
3448 3395 3631 3451 Persea
3651 3397 3708 3449 in

2128 3500 2312 3555 Urbem
2359 3504 2786 3568 transportaverat
2817 3492 3095 3563 :reliquias
3122 3501 3289 3545 autem
3335 3488 3708 3543 reconditarum

2124 3609 2324 3658 rerum,
2352 3601 2400 3645 et
2426 3591 2469 3645 si
2499 3589 2621 3658 quid
2649 3589 2701 3642 in
2738 3587 2901 3641 cibum
2928 3592 3299 3656 prarpararetur
3323 3623 3337 3647 ,
3375 3580 3597 3651 quotidie
3631 3579 3708 3631 ir-

2124 3692 2410 3753 rumpentes
2450 3681 2687 3734 satellites
2712 3677 3036 3745 diripiebant.
3070 3672 3198 3730 Dira
3233 3683 3398 3749 autem
3427 3669 3712 3741 indignatio

2125 3773 2481 3830 mulierculam
2509 3773 2676 3838 subiit,
2707 3788 2767 3825 ac
2789 3770 3050 3842 prtedones
3078 3784 3213 3839 sirpe
3242 3764 3478 3821 conviciis
3507 3772 3552 3817 et
3597 3777 3709 3815 ma-

2128 3867 2322 3923 ledictis
2361 3867 2652 3931 insectans,
2702 3863 2754 3916 in
2800 3862 3017 3932 seipsam
3070 3856 3373 3913 concitabat.
3414 3853 3541 3909 Cum
3595 3868 3715 3907 vero

2127 3960 2296 4014 nullus
2327 3966 2416 4012 aut
2443 3960 2522 4011 ira
2546 3964 2805 4025 correptus
2825 3994 2839 4018 ,
2865 3960 2953 4004 aut
2976 3951 3083 4021 ejus
3106 3949 3337 4002 misertus
3357 3988 3371 4011 ,
3415 3945 3580 4014 ipsam
3626 3941 3712 3995 in-

2130 4051 2374 4120 terﬁceret
2404 4090 2419 4113 ,
2450 4048 2658 4116 ipsaque
2704 4044 2839 4098 cibos
2887 4041 3015 4095 alios
3057 4039 3279 4093 invenire
3310 4034 3593 4096 laboraret,
3653 4047 3715 4084 ac

2132 4144 2328 4213 penitus
2354 4139 2552 4209 difﬁcile
2581 4145 2706 4192 esset
2733 4137 2848 4206 jant
2890 4131 3149 4204 quidpiam
3174 4127 3425 4193 invenire,
3459 4128 3715 4197 famesque

2128 4253 2222 4304 per
2244 4236 2435 4289 viscera
2460 4242 2505 4287 et
2537 4232 2784 4286 medullas
2818 4236 3057 4299 serperet,
3090 4226 3320 4297 fameque
3354 4220 3714 4277 vehementiore

2131 4328 2209 4380 ira
2234 4326 2469 4379 aestuaret
2492 4365 2505 4386 ,
2535 4322 2800 4377 consilium
2839 4321 3058 4373 dictante
3089 4315 3436 4386 indignatione
3474 4328 3588 4365 cum
3632 4325 3719 4363 ne-

2132 4418 2360 4471 cessitate
2396 4414 2691 4483 conjuncta,
2731 4412 2784 4463 in
2821 4419 3055 4463 naturam
3098 4409 3263 4476 ipsam
3309 4405 3548 4466 vertitur,
3574 4409 3621 4454 et
3648 4401 3717 4469 ﬁ-

2136 4509 2257 4562 lium
2278 4505 2405 4577 (erat
2427 4503 2612 4573 quippe
2638 4501 2716 4555 illi
2737 4499 2976 4568 parvulus
3000 4495 3471 4566 lactens)arripiens
3492 4509 3511 4546 :
3537 4490 3716 4555 Miser,
3762 4552 3767 4559 η

2135 4600 2295 4669 inquit
2322 4638 2337 4661 ,
2370 4595 2579 4665 puerule
2604 4635 2619 4659 ,
2646 4594 2700 4646 in
2726 4590 2879 4656 bello,
2910 4591 2962 4643 in
2993 4590 3127 4659 fame
3162 4594 3210 4639 et
3242 4585 3484 4639 seditione
3513 4624 3527 4648 ,
3561 4581 3642 4634 cui
3672 4589 3719 4635 te

2136 4688 2389 4747 servabo?
2417 4704 2449 4740 a
2478 4685 2741 4746 Romanis,
2774 4682 2818 4736 si
2848 4680 3112 4735 vixerimus
3130 4720 3145 4744 ,
3174 4676 3386 4732 servitus
3410 4689 3499 4727 nos
3529 4681 3719 4737 manet,

2141 4783 2428 4839 servitutem
2446 4777 2707 4832 antevertit
2728 4778 2958 4847 fames,et
2983 4771 3207 4840 utrisque
3217 4768 3449 4823 sicciores
3473 4765 3719 4818 seditiosi.

2139 4875 2324 4946 Perge,
2354 4871 2480 4926 mihi
2496 4871 2634 4924 cibus
2660 4864 3039 4932 esto,seditiosis
3068 4860 3311 4931 Erinnys,
3331 4857 3521 4913 ntundo
3542 4855 3716 4928 fabula

2137 4983 2253 5041 qua:
2287 4967 2397 5021 sola
2452 4963 2586 5017 deest
2627 4955 2997 5015 calamitatibus
3042 4953 3361 5007 Judworum.
3421 4948 3517 5003 His
3574 4947 3723 5001 dictis

2143 5039 2306 5132 filium
2331 5064 2492 5121 necat,
2522 5054 2687 5125 coquit
2719 5060 2890 5122 postea
2915 5092 2929 5115 ,
2959 5049 3165 5119 ejusque
3193 5044 3458 5099 dimidium
3483 5039 3719 5099 comedit,

2142 5154 2381 5223 reliquias
2401 5167 2514 5205 vero
2535 5149 2812 5203 occultatas
2835 5142 3081 5199 servabat.
3109 5140 3308 5193 Adsunt
3332 5137 3567 5191 continuo
3591 5133 3725 5188 sedi-

2144 5245 2291 5309 tiosi,
2323 5242 2517 5312 nefario
2559 5240 2736 5294 nidore
2770 5233 3009 5306 pertracti
3031 5273 3046 5299 ,
3079 5232 3433 5297 minanturque
3477 5233 3685 5278 mortem
3706 5263 3719 5284 ,

2144 5337 2241 5389 nisi
2265 5336 2399 5404 quod
2439 5340 2701 5402 paraverat
2732 5332 3000 5398 proferret.
3032 5323 3098 5376 At
3128 5320 3221 5375 illa
3246 5334 3361 5372 cum
3388 5326 3580 5387 partem
3604 5313 3726 5404 illis

2145 5402 2325 5483 bonam
2356 5439 2576 5481 servasse
2611 5439 2664 5476 se
2692 5416 2897 5483 diceret,
2928 5415 3032 5469 nati
3076 5411 3316 5481 reliquias
3348 5408 3566 5477 aperuit.
3596 5402 3723 5457 Tum

2145 5519 2263 5575 illos
2292 5518 2462 5571 statim
2489 5516 2670 5568 horror
2712 5509 2987 5576 mentisque
3031 5512 3207 5571 stupor
3248 5497 3506 5568 occupavit
3533 5535 3549 5557 ,
3575 5501 3622 5545 et
3657 5490 3723 5540 ad

2147 5611 2300 5663 talem
2325 5615 2581 5678 aspectum
2606 5604 2748 5672 quasi
2796 5598 2922 5654 a'nei
2960 5595 3114 5663 deﬁxi
3143 5596 3396 5645 steterunt.
3442 5583 3545 5635 Illa
3571 5595 3720 5678 uero,

2152 5704 2323 5770 licus,
2353 5669 2534 5766 inauit,
2560 5669 2631 5751 est
2665 5694 2802 5765 ﬁlius
2827 5688 3096 5763 genuinus,
3124 5696 3343 5754 opusque
3365 5689 3548 5730 meum.
3578 5669 3726 5726 Camp

2492 5858 2517 5876 1
