4088 6138
370 281 374 284 .
393 234 494 288 3'27

390 350 544 414 edite,
562 362 683 400 nam
704 356 750 399 et
782 344 892 412 ipsa
923 343 1120 398 contorti
1144 360 1161 396 :
1199 361 1261 397 ne
1299 344 1407 398 sitis
1435 343 1514 395 vel
1539 342 1744 396 muliere
1771 343 1960 396 mollio-

393 456 492 502 res,
522 439 599 492 cel
643 448 804 492 matre
840 437 1282 490 misericordiores.
1321 435 1468 501 Quod
1508 437 1551 490 si
1609 451 1695 490 vos
1739 438 1968 507 pietatem

394 531 578 600 colitis,
607 531 916 600 hostiamque
939 545 1098 581 meam
1126 527 1424 580 acersamini
1441 543 1460 581 :
1487 545 1574 599 ego
1597 529 1797 598 quidem
1824 529 1972 581 dimi-

395 623 530 674 dium
570 621 906 686 manducavi,
932 621 1162 690 quodque
1201 618 1446 690 reliquum
1489 629 1558 674 est
1584 620 1708 673 mihi
1750 629 1968 674 maneat.

401 712 523 766 l’ost
541 713 645 765 hac
665 711 949 778 illiquidem
971 721 1230 765 trementes
1254 713 1510 777 exierunt,
1537 711 1632 765 hac
1654 729 1754 766 una
1782 723 1974 765 tantum

395 805 444 854 in
472 818 526 856 re
553 803 1069 872 timidiores,eamque
1098 804 1182 856 vix
1206 819 1371 856 eseam
1399 804 1416 834 ί
1461 803 1610 856 matri
1626 803 1971 857 concedentes.

399 892 549 945 Tanti
582 893 758 946 statim
802 893 1043 963 facinoris
1074 895 1213 964 fama
1261 893 1380 946 urbs
1411 902 1514 946 tota
1553 894 1742 962 repleta
1775 904 1885 958 est,
1919 910 1978 947 ac

397 998 504 1042 prie
531 983 693 1037 oculis
723 984 912 1054 singuli
937 1000 1047 1036 eam
1073 983 1408 1036 calamitatetu
1437 995 1694 1053 ponentes,
1718 1001 1816 1036 non
1838 999 1978 1036 secus

397 1090 456 1124 uc
493 1073 537 1127 si
581 1073 679 1142 ipsi
709 1073 938 1144 fecissent
976 1073 1444 1126 exhorrescebant'.
1474 1074 1574 1140 Qui
1605 1078 1738 1144 fante
1781 1074 1980 1126 crucia-

289 1167 306 1178 ’
400 1166 584 1218 bantur
607 1177 818 1218 mortem
844 1167 1170 1235 expetebant,
1202 1165 1466 1235 beatosque
1497 1164 1838 1236 prcedicabaut
1863 1181 1944 1218 eos
1965 1206 1979 1230 ,

403 1260 487 1326 qui
518 1259 611 1311 hac
640 1275 694 1311 re
724 1259 946 1310 nondum
977 1259 1174 1321 audita,
1204 1259 1378 1326 hisque
1407 1274 1508 1310 non
1531 1257 1810 1328 conspectis
1839 1257 1985 1309 malis

402 1350 737 1402 decesserant.
755 1347 864 1402 Cito
890 1349 958 1401 ad
983 1348 1242 1403 Romanos
1259 1348 1455 1418 perlata
1476 1357 1548 1402 est
1574 1349 1681 1402 lucc
1701 1347 1982 1401 calamitas.

410 1438 492 1491 Ea:
540 1440 602 1491 iis
631 1440 721 1491 alii
763 1456 864 1492 non
888 1439 1193 1505 credebant,
1241 1440 1330 1492 alii
1356 1440 1750 1502 miserebantur,
1783 1437 1988 1508 plurimi

405 1544 516 1581 vero
539 1531 592 1580 in
622 1530 786 1596 majus
811 1530 969 1599 gentis
995 1529 1166 1582 odium
1195 1539 1487 1583 exarserunt
1512 1527 1749 1601 (Joseph.
1770 1529 1831 1581 de
1844 1525 1988 1582 Bello
2024 1530 2027 1533 ’

409 1617 627 1672 Iudaico
652 1661 666 1684 ,
698 1620 785 1673 lib.
818 1621 870 1675 6.
903 1636 947 1674 c.
975 1621 1025 1674 7.
1054 1630 1101 1674 et
1130 1621 1207 1690 8).

478 1708 531 1762 6.
559 1707 678 1762 Non
710 1710 837 1776 fides
858 1711 1006 1764 modo
1029 1751 1043 1775 ,
1072 1710 1161 1763 sed
1190 1709 1289 1762 vita
1315 1708 1442 1762 bona
1467 1708 1836 1778 requiritur.—
1865 1706 1990 1761 ilmc

410 1799 680 1868 multoque
709 1798 790 1852 his
819 1799 1078 1852 atrociora
1119 1799 1453 1868 patiebantur
1473 1839 1486 1862 ,
1530 1814 1634 1852 non
1665 1797 1825 1851 modo
1871 1798 1994 1866 quia

414 1889 678 1942 Christum
710 1889 856 1944 cruci
903 1887 1215 1956 aiﬁxerant,
1262 1887 1355 1942 sed
1382 1889 1504 1959 quia
1549 1897 1668 1958 post
1708 1888 1823 1944 lucc
1862 1903 1994 1957 apo-

412 1982 579 2035 stolos
623 1997 685 2035 ea
734 1981 873 2052 loqui
915 1981 1306 2050 prohibebant,
1352 1998 1472 2052 quae
1508 1981 1575 2037 ad
1625 1982 1852 2036 salutem
1897 1998 1996 2035 no-

413 2080 578 2125 stram
601 2072 944 2140 pertinerent.
973 2072 1124 2138 Quod
1154 2087 1283 2128 sane
1325 2073 1512 2127 beatus
1551 2073 1746 2128 Paulus
1790 2071 1998 2128 crimini

416 2163 551 2218 dans
578 2203 595 2230 ,
627 2165 738 2217 huic
789 2163 894 2220 illis
945 2165 1082 2218 tnala
1129 2165 1502 2234 prurnuntiavit
1534 2183 1546 2218 :
1583 2164 1814 2220 Pervenit
1867 2169 2000 2221 enim

417 2273 570 2329 super
594 2273 676 2311 eos
700 2258 777 2310 ira
806 2257 858 2310 in
886 2258 1039 2326 ﬁnem
1067 2257 1140 2328 (l.
1180 2256 1358 2312 Thess.
1391 2257 1445 2312 2.
1481 2257 1584 2330 16).
1610 2259 1675 2313 Et
1700 2259 1822 2329 quid
1865 2259 1998 2327 lucc,

419 2347 639 2414 dicent,
685 2349 751 2402 ad
805 2349 943 2402 nos?
990 2364 1096 2402 non
1137 2349 1280 2403 enim
1328 2349 1448 2404 illos
1476 2364 1503 2402 a
1534 2349 1635 2404 [ide
1661 2350 2000 2416 abducimus,

422 2454 592 2510 neque
621 2455 649 2492 a
673 2440 1065 2509 prmdicatione.
1099 2442 1169 2494 At
1197 2441 1342 2511 quid,
1370 2457 1572 2511 qtuuso,
1607 2441 1739 2496 ﬁdes
1769 2441 2008 2497 conferet

424 2532 770 2586 emolumenti
798 2573 816 2597 ,
835 2533 881 2586 si
913 2533 1018 2586 vita
1048 2548 1176 2602 pura
1202 2549 1305 2586 non
1337 2533 1529 2588 fuerit?
1560 2533 1752 2588 Verum
1780 2534 1894 2589 lure
1917 2548 2008 2588 vos

423 2625 560 2678 forte
608 2623 860 2692 ignoratis
887 2663 899 2687 ,
945 2625 1134 2693 quibus
1193 2634 1373 2678 nostra
1419 2625 1594 2678 omnia
1638 2625 1814 2695 ignota
1865 2635 2006 2680 sunt.

427 2713 541 2785 Ego
570 2724 748 2768 autem
773 2716 924 2770 vobis
950 2715 1146 2769 Christi
1176 2717 1468 2771 sententias
1497 2720 1824 2773 enumerabo
1858 2737 1872 2774 :
1914 2720 2010 2774 ob-

428 2808 653 2863 servetis
697 2807 852 2862 velim
885 2823 1245 2878 numquamne
1274 2808 1341 2863 de
1386 2808 1492 2862 vita
1525 2810 1860 2879 requiratur,
1917 2810 2010 2866 sed

433 2915 530 2971 pro
557 2899 662 2954 ﬁde
691 2908 894 2954 tantum
943 2910 997 2955 et
1042 2900 1376 2971 dogmatibus
1427 2903 1686 2972 supplicia
1729 2905 2012 2960 constituta

428 2993 556 3046 sint.
587 2992 721 3046 Cum
744 2991 886 3047 enim
918 2992 969 3046 in
992 3003 1229 3047 montem
1257 2993 1620 3058 ascendisset,
1649 2994 1833 3049 videns
1863 2997 2015 3050 innu-

432 3097 630 3137 meram
654 3082 1111 3138 circumﬂucntem
1133 3084 1548 3149 multitudinem,
1576 3087 1862 3154 pra-missis
1900 3088 2016 3144 aliis

433 3178 647 3232 monitis
665 3217 681 3244 ,
712 3176 920 3232 dicebat
944 3194 957 3229 :
987 3175 1109 3231 Non
1135 3178 1298 3232 omnis
1326 3179 1409 3246 qui
1436 3178 1557 3231 dicit
1585 3179 1740 3244 mihi,
1763 3177 1981 3234 Domine
1999 3221 2014 3246 ,

437 3269 675 3334 Domine,
731 3269 938 3322 intrabit
993 3270 1047 3324 iu
1092 3285 1302 3341 regnum
1329 3271 1599 3334 cwlorum,
1640 3271 1728 3324 sed
1775 3271 1860 3341 qui
1897 3272 2019 3340 facit

441 3363 750 3416 uoluntatem
782 3362 955 3416 Patris
991 3363 1108 3416 mei.
1142 3363 1294 3430 Item,
1324 3360 1479 3416 Multi
1505 3361 1670 3416 dicent
1697 3363 1818 3415 mihi
1860 3364 1912 3417 in
1941 3363 2022 3417 die

434 3455 528 3508 illa
545 3453 586 3518 ³,
604 3471 768 3507 nonne
801 3455 853 3508 in
878 3455 1078 3507 nomine
1101 3463 1186 3508 tuo
1220 3454 1646 3526 prophetavimus,
1665 3464 1711 3507 et
1743 3455 1795 3508 in
1821 3455 2022 3508 nomine

440 3556 526 3598 tuo
554 3531 803 3599 diemonia
837 3545 1090 3614 ejecimus,
1123 3547 1239 3600 etin
1261 3547 1462 3600 nomine
1494 3557 1578 3600 tuo
1605 3547 1808 3601 virtutes
1838 3548 2023 3602 multas

442 3637 685 3708 fecimus?
701 3635 768 3690 Et
792 3647 910 3691 tunc
935 3637 1207 3707 conﬁtebor
1237 3638 1374 3691 illis:
1397 3637 1628 3692 Recedite
1643 3655 1675 3692 α
1698 3655 1775 3692 me
1793 3639 1880 3709 qui
1903 3655 2024 3709 ope-

439 3726 624 3780 ramini
641 3728 985 3797 iniquitatem:
1002 3745 1101 3782 non
1121 3729 1234 3782 novi
1248 3745 1330 3783 vos
1348 3728 1559 3800 (Matth.
1583 3730 1636 3782 7.
1662 3727 1871 3799 21-25).
1890 3729 2022 3784 Eum

441 3834 566 3873 vero
587 3820 674 3889 qui
700 3820 845 3874 audit
867 3835 1141 3876 sermones
1166 3821 1327 3890 ipsius
1347 3863 1362 3888 ,
1387 3829 1441 3875 et
1468 3836 1572 3876 non
1607 3821 1765 3888 facit,
1796 3822 2023 3878 similem

441 3925 560 3965 esse
581 3911 712 3965 dixit
743 3911 944 3964 homini
983 3911 1156 3977 fatuo,
1180 3912 1398 3965 domum
1426 3927 1572 3964 suam
1605 3927 1765 3981 super
1803 3928 2022 3967 arenam

443 4001 748 4070 aediﬁcanti,
778 4003 865 4074 qui
893 4017 1011 4057 eam
1055 4002 1359 4058 ﬂuminibus
1383 4043 1397 4069 ,
1427 4003 1619 4072 pluviis
1663 4012 1716 4058 et
1744 4005 1915 4059 ventis
1947 4004 2021 4059 fa-

445 4096 544 4150 cile
567 4095 880 4150 diruendam
907 4104 1074 4166 parat.
1107 4093 1237 4149 item
1272 4110 1393 4150 cum
1425 4097 1478 4150 in
1526 4096 1631 4151 alio
1659 4096 1776 4152 loco
1817 4098 2026 4153 concio-

448 4196 664 4241 naretur
688 4205 701 4241 :
723 4187 892 4254 Sicut,
921 4188 1109 4258 inquit,
1143 4188 1457 4258 piscatores,
1491 4204 1614 4244 cum
1641 4206 1900 4261 sagenam.
1926 4201 2030 4246 tra-

449 4279 622 4332 xerint
648 4317 667 4345 ,
708 4277 1076 4348 malospisces
1119 4279 1407 4349 objiciunt,
1438 4281 1508 4335 ita
1554 4282 1655 4336 erit
1682 4283 1732 4335 in
1772 4283 1858 4335 illa
1899 4283 1986 4338 die
2012 4324 2028 4350 ,

447 4370 649 4440 angelis
673 4383 769 4424 eos
798 4370 1111 4440 onmesqui
1153 4371 1488 4440 peccaverint
1529 4370 1581 4424 in
1625 4371 1893 4426 fornacem
1945 4372 2031 4441 ja-

449 4465 712 4520 cientibus
752 4464 964 4537 (Matth.
1012 4467 1097 4522 15.
1128 4466 1256 4538 47).
1291 4465 1366 4520 De
1406 4463 1679 4536 ﬂagitiosis
1717 4480 1927 4535 quoque
1981 4473 2036 4520 et

451 4559 672 4628 impuris
712 4557 1016 4614 hominibus
1068 4557 1291 4630 loquens
1331 4557 1584 4612 dicebat:
1619 4555 1754 4610 Illuc
1789 4557 2031 4621 abibunt,

452 4649 534 4702 ubi
563 4651 747 4718 uermiq
766 4651 854 4719 qui
880 4665 979 4702 non
1003 4650 1216 4704 moritur
1237 4690 1251 4715 ,
1284 4657 1329 4703 et
1354 4647 1486 4717 ignis
1513 4647 1599 4716 qui
1622 4662 1723 4700 non
1763 4646 2037 4716 exstingui-

454 4753 536 4798 tur
559 4743 749 4814 (Μαι-ε.
772 4744 824 4798 9.
849 4744 962 4814 42).
993 4744 1057 4797 Et
1078 4758 1311 4804 rursum,
1337 4741 1468 4808 Rex,
1485 4742 1670 4811 inquit,
1693 4741 1809 4813 fecit
1839 4739 2038 4810 nuptias

451 4836 563 4904 filio
578 4845 740 4901 suo,et
764 4852 879 4888 cum
903 4836 1100 4890 vidisset
1119 4836 1366 4890 hominem
1392 4837 1618 4890 vestitum
1644 4836 1857 4890 restibus
1877 4834 2041 4890 sordi-

457 4928 555 4993 dis,
573 4931 642 4982 ait
661 4928 730 4980 ad
749 4943 862 4981 eum
879 4942 898 4980 :
915 4928 1103 4994 Amice,
1125 4927 1375 4998 quomodo
1405 4927 1504 4980 huc
1523 4927 1722 4982 intrasti
1742 4944 1840 4982 non
1855 4927 2040 4980 habens

459 5028 639 5072 uestem
667 5018 944 5088 nuptialem
963 5019 1066 5072 ?At
1091 5020 1174 5073 ille
1186 5019 1451 5072 obmutuit.
1485 5018 1623 5073 Tunc
1649 5019 1774 5072 dixit
1801 5020 2041 5073 ministris

459 5113 562 5166 suis
589 5128 609 5166 :
644 5111 840 5183 Ligatis
875 5112 1103 5165 manibus
1132 5121 1176 5164 et
1216 5109 1424 5180 pedibus
1463 5111 1596 5180 ejus,
1628 5110 1793 5178 ejicite
1816 5110 1964 5163 illum
1989 5110 2042 5164 in

466 5206 692 5260 tenebras
719 5207 988 5260 exteriores
1036 5203 1244 5274 (Matth.
1277 5201 1365 5256 22.
1393 5200 1475 5272 2).
1508 5200 1794 5270 impudicis
1827 5241 1841 5262 .
1871 5212 1927 5255 ut
1957 5201 2042 5255 di-

461 5309 604 5354 ctum
635 5308 753 5366 est,
801 5305 856 5354 et
902 5296 1177 5368 ﬂagitiosis
1225 5294 1340 5349 haec
1383 5293 1756 5349 comminatur.
1799 5291 2043 5363 Virgines

463 5391 589 5446 item
617 5431 632 5456 ,
666 5407 784 5461 qua:
832 5406 861 5444 a
906 5387 1088 5458 sponsi
1134 5387 1369 5442 thalamo
1409 5384 1641 5440 exclusae
1689 5381 1902 5439 fuerunt
1929 5424 1943 5449 ,
1975 5383 2044 5439 ob

544 5498 723 5562 {savih
747 5507 799 5552 et
826 5501 924 5552 duo
946 5507 1054 5551 Mss.
1076 5499 1278 5558 habent,
1301 5509 1474 5562 easque
1505 5493 1632 5546 solas
1654 5492 1872 5562 delicias.

542 5560 562 5589 ⁸
583 5561 746 5626 Morel.
768 5577 832 5614 ex
858 5564 991 5626 edito
1011 5562 1238 5626 Josepltl:
1264 5571 1359 5611 non
1379 5559 1516 5612 secus
1533 5571 1594 5608 ac
1616 5570 1778 5609 eorum
1798 5561 1914 5626 ipsis
1935 5559 2040 5614 hac

465 5625 682 5676 inaudita
703 5634 896 5687 patrata
917 5624 1132 5690 fuissent.

533 5693 552 5725 ³
578 5691 686 5742 Duo
703 5682 814 5744 Mss.
832 5682 1130 5742 hlc'addunt.
1157 5682 1372 5747 Domine,
1401 5683 1616 5738 Domine.

1126 232 1183 288 S.
1223 231 1495 289 JOANNIS
1518 229 1992 288 GllliYSUb‘TO‘Mi
2031 234 2345 292 ARCHI‘EP.
2376 237 2914 298 'CONSTANTINOP.

3539 233 3645 290 328

2079 347 2442 406 crudelitatem
2469 362 2522 408 et
2551 353 2986 410 inhumanitatem
3015 354 3127 407 hate
3169 365 3338 421 passm
3378 358 3519 401 sunt.
3549 349 3648 402 Alii

2074 453 2260 495 rursus
2283 441 2468 497 eadem
2508 444 2574 497 de
2594 459 2754 498 causa
2785 455 2906 501 eunt
2941 445 2993 498 in
3027 447 3198 517 ignem
3222 456 3518 506 azternum,
3552 442 3641 507 qui

2077 538 2406 594 pra’paratus
2428 537 2503 581 est
2530 528 2739 582 diabolo
2764 545 2812 584 et
2845 532 3040 600 angelis
3056 535 3194 600 ejus.
3235 530 3311 584 Et
3353 531 3386 584 ii
3417 545 3652 599 quoque,

2077 618 2166 687 qui
2191 626 2392 673 temere
2417 626 2472 672 et
2495 619 2609 673 sine
2625 633 2782 674 causa
2809 620 3113 690 loquuntur,
3136 619 3659 675 condemnabuntur.

2082 709 2163 764 Ea:
2183 711 2341 765 verbis
2377 712 2563 783 quippe
2591 713 2688 765 tuis
2713 754 2727 778 ,
2759 713 2864 776 ait,
2905 712 3300 782 justiﬁcaberis,
3331 721 3376 766 et
3397 728 3461 766 ea:
3507 710 3669 766 verbis

2080 803 2179 857 tuis
2229 804 2246 836 ³
2287 803 2697 858 condemnaberis
2745 803 2958 874 (Matth.
3006 803 3092 858 l2.
3141 804 3256 873 '57).
3309 803 3520 873 Ergone
3557 803 3666 857 tibi

2083 893 2325 948 videmur
2373 894 2564 949 frustra
2617 896 2685 950 de
2729 897 2833 950 vita
2877 897 3098 960 timere,
3149 911 3500 965 magnamque
3551 897 3668 964 ejus

2086 981 2435 1052 philosophiae
2461 987 2642 1053 partis,
2663 1000 2779 1054 quae
2806 1000 2979 1039 mores
3009 985 3256 1050 instituit,
3280 986 3537 1039 rationem
3571 985 3669 1038 ha-

2087 1075 2256 1129 bere?
2285 1075 2338 1129 id
2367 1087 2512 1130 certe
2541 1091 2644 1130 non
2673 1085 2796 1144 puto
2825 1094 2835 1128 :
2869 1075 2969 1129 nisi
2999 1075 3224 1130 fortasse
3249 1075 3518 1129 Christum
3551 1075 3671 1128 haec

2088 1165 2263 1216 omnia
2293 1164 2478 1234 hisque
2511 1165 2658 1234 plura
2689 1151 2896 1220 temere;
2914 1166 3360 1235 dixissejactites.
3385 1166 3498 1220 Non
3529 1166 3673 1219 enim

2091 1253 2175 1307 hic
2203 1259 2381 1308 omnia
2429 1256 2875 1323 complectimur:
2909 1255 3051 1325 quod
3096 1256 3196 1310 nisi
3244 1256 3446 1325 pigeret
3473 1255 3674 1309 oratio-

2093 1361 2213 1400 nem
2255 1346 2508 1415 prolixius
2537 1347 2824 1400 extendere
2844 1388 2858 1412 ,
2883 1355 2936 1400 et
2963 1362 3029 1400 ex
3058 1345 3330 1415 prophetis
3346 1354 3400 1399 et
3424 1361 3488 1400 ex
3522 1346 3676 1399 beato

2093 1437 2257 1492 Paulo
2285 1448 2338 1492 et
2385 1453 2451 1493 ex
2472 1438 2590 1492 aliis
2614 1438 2868 1508 apostolis
2899 1438 3199 1492 docuissem
3225 1448 3472 1507 quantam
3499 1438 3596 1490 hac
3622 1437 3676 1490 in

2095 1538 2244 1598 parte
2265 1544 2448 1584 curam
2478 1529 2719 1600 posuerit
2764 1529 2922 1583 Deus.
2950 1529 3146 1583 Verum
3179 1527 3290 1582 inec
3318 1527 3550 1581 arbitror
3583 1541 3678 1580 esa-

2097 1621 2164 1675 tis
2192 1635 2342 1677 esse:
2370 1621 2480 1676 imo
2508 1635 2607 1676 nec
2646 1620 2736 1674 illa
2766 1621 2940 1675 solum
2965 1621 3164 1684 omnia,
3195 1620 3289 1674 sed
3318 1620 3398 1672 vel
3428 1619 3678 1688 exiguam

2097 1727 2280 1768 eorum
2338 1723 2562 1783 partem.
2611 1713 2744 1767 Cum
2788 1713 2931 1767 enim
2988 1713 3124 1767 Deus
3189 1712 3386 1782 aliquid
3441 1711 3679 1782 profert,

2099 1805 2307 1859 etiamsi
2333 1805 2497 1859 semel
2527 1805 2687 1871 dicat,
2720 1805 2790 1858 ita
2821 1804 2870 1856 id
2891 1803 3032 1874 quod
3082 1803 3274 1856 dicitur
3314 1801 3682 1871 accipiendum

2098 1904 2183 1950 est.
2221 1910 2284 1950 ae
2327 1895 2370 1950 si
2413 1910 2554 1965 saepe
2578 1895 2825 1949 dixisset.

2174 1987 2226 2041 7.
2255 1987 2392 2053 Quid
2415 1987 2592 2056 igitur,
2627 1987 2837 2056 inquies
2863 2026 2878 2050 ,
2912 1985 2999 2054 qui
3029 1983 3174 2038 domi
3205 1993 3420 2037 manent
3447 1997 3550 2036 non
3585 1996 3680 2050 po-

2103 2087 2283 2134 terunt
2302 2094 2364 2134 ea
2387 2077 2663 2148 perlicere,
2687 2093 2804 2147 qua:
2823 2076 2920 2130 nisi
2947 2075 3309 2145 perﬁciantur,
3331 2084 3531 2127 tantum
3558 2087 3689 2142 sup-

2107 2173 2248 2242 plicii
2274 2171 2530 2242 pariunt?
2555 2155 3024 2238 Vellemequidem
3047 2167 3182 2236 ipse,
3203 2181 3303 2222 nec
3329 2166 3507 2220 minus
3530 2180 3690 2235 quam

2111 2277 2226 2326 vos,
2260 2263 2366 2316 into
2387 2262 2559 2316 multo
2585 2261 2754 2330 magis
2779 2301 2794 2326 ,
2836 2274 2899 2313 ac
2931 2258 3238 2328 frequenter
3278 2257 3453 2326 Optavi
3502 2272 3691 2310 mona-

2108 2356 2390 2412 steriorum
2426 2353 2793 2408 necessitatem
2820 2351 2950 2415 tolli,
2997 2364 3061 2404 ac
3100 2359 3300 2402 tantum
3333 2349 3474 2417 leges
3497 2348 3689 2417 etjura

2111 2449 2308 2517 optima
2337 2447 2390 2500 in
2415 2445 2717 2501 civitatibus
2756 2443 2934 2497 valere
2965 2481 2979 2508 ,
3013 2450 3069 2495 ut
3097 2439 3296 2495 nemini
3321 2439 3430 2509 jam
3457 2454 3590 2508 opus
3618 2439 3690 2492 sit

2112 2541 2177 2594 ad
2199 2538 2540 2594 solitudinem
2569 2536 2854 2605 confugere
2896 2553 2909 2588 :
2943 2533 3194 2604 quoniam
3223 2547 3351 2588 vero
3371 2531 3549 2586 omnia
3578 2545 3698 2584 sus-

2113 2630 2286 2700 deque
2301 2629 2408 2698 jam
2430 2642 2603 2692 versa,
2638 2627 2872 2696 ipszeque
2897 2625 3144 2680 civitates
3165 2664 3179 2689 ,
3223 2623 3278 2678 in
3303 2622 3496 2692 quibus
3525 2621 3696 2675 tribu-

2117 2721 2330 2774 nalia-et
2356 2719 2500 2788 leges
2523 2759 2538 2785 ,
2573 2717 2772 2786 ingenti
2815 2715 3092 2784 iniquitate
3134 2723 3195 2769 et
3237 2714 3439 2768 scelere
3468 2712 3698 2782 impleta;

2117 2821 2258 2877 sunt,
2287 2810 2518 2865 solitudo
2562 2818 2740 2864 autem
2792 2807 3089 2862 uberrimos
3122 2804 3477 2876 philosotihizn
3501 2803 3700 2857 fructus

2119 2907 2349 2973 emittit;
2380 2905 2619 2976 profecto
2645 2920 2750 2958 tton
2779 2903 2853 2956 illi
2876 2904 2996 2972 jure
3037 2916 3066 2955 a
3112 2899 3264 2954 vobis
3289 2899 3342 2952 in
3369 2898 3570 2952 crimen
3602 2911 3700 2950 vo-

2119 3009 2309 3056 centur
2336 3041 2351 3065 ,
2384 2998 2473 3068 qtti
2496 2997 2629 3052 alios
2667 2995 2734 3051 ab
2768 2995 2868 3048 hac
2899 2991 3131 3064 procella
3162 3000 3216 3044 et
3251 2989 3457 3044 turbine
3487 2987 3700 3042 liberari

2124 3092 2398 3161 cupientes
2429 3088 2662 3159 eripiunt
2689 3127 2704 3152 ,
2735 3095 2789 3140 et
2825 3085 2893 3139 ad
2925 3082 3263 3152 tranquillum
3289 3091 3498 3150 portum
3535 3077 3704 3132 dedu-

2121 3187 2283 3246 cunt;
2316 3179 2410 3234 sed
2435 3179 2612 3249 potius
2647 3177 2758 3243 illi,
2801 3175 2889 3246 qui
2919 3175 3162 3230 civitates
3191 3171 3436 3242 singulas
3470 3169 3706 3240 philoso-

2125 3273 2262 3344 phiae
2290 3272 2368 3326 sic
2393 3271 2563 3325 invias
2579 3278 2633 3324 et
2659 3283 2846 3339 parum
2875 3266 3093 3322 idoneas
3120 3263 3380 3328 iecerunt,
3415 3271 3472 3315 ut
3500 3263 3590 3331 qui
3620 3275 3705 3314 sa-

2127 3362 2291 3416 lutem
2325 3362 2581 3427 consequi
2609 3361 2793 3414 volunt
2827 3399 2840 3422 ,
2871 3356 3185 3412 solitudines
3209 3355 3402 3410 sectari
3429 3361 3705 3423 cogantur.

2128 3457 2222 3512 Dic
2248 3455 2389 3511 enim
2421 3453 2550 3508 mihi
2579 3494 2594 3518 ,
2638 3454 2679 3506 si
2709 3452 2826 3520 quis
2856 3451 2906 3504 in
2940 3459 3094 3503 nocte
3132 3445 3308 3501 media
3347 3454 3560 3513 arrepta
3593 3441 3710 3497 face

2125 3549 2344 3604 domum
2371 3545 2693 3600 incendisset
2715 3557 2957 3612 magnam
2985 3539 3397 3608 hominibusque
3423 3537 3706 3606 repletam,

2127 3653 2186 3696 ut
2207 3643 2348 3695 intus
2377 3635 2762 3693 dormientibus
2791 3632 3163 3695 insidiaretur,
3194 3638 3372 3682 utrum
3403 3627 3703 3681 diceremus

2131 3732 2430 3804 improbum
2482 3744 2599 3783 esse
2623 3768 2638 3792 ,
2675 3739 2868 3781 eumne
2913 3723 3001 3793 qui
3043 3721 3371 3776 dormientes
3407 3719 3670 3772 excitaret
3693 3757 3712 3783 ,

2129 3824 2437 3892 aedibusque
2467 3820 2570 3874 illis
2594 3819 2849 3873 educeret
2872 3855 2886 3879 ,
2916 3829 2982 3868 an
3009 3826 3129 3869 eum
3156 3809 3330 3882 quiab
3352 3808 3500 3862 initio
3521 3807 3712 3862 incen-

2129 3917 2276 3973 dium
2307 3914 2593 3970 excitasset
2621 3952 2636 3977 ,
2667 3919 2722 3965 et
2755 3908 2807 3962 in
2832 3915 3028 3962 tantam
3058 3904 3429 3960 necessitatem
3453 3909 3561 3955 tum
3594 3912 3712 3962 eos,

2132 4019 2245 4065 tum
2275 4006 2588 4062 educentem
2614 4003 2734 4057 illos
2767 4000 3062 4070 redegisset
3085 3997 3108 4050 ‘l
3128 3995 3266 4063 Quid
3295 3994 3454 4063 igitur
3474 4031 3490 4057 ,
3523 3989 3568 4044 si
3595 3990 3718 4059 quis

2133 4099 2415 4172 tyrannide
2443 4109 2754 4166 oppressam
2779 4092 3043 4147 civitatem
3065 4131 3078 4156 ,
3127 4086 3441 4157 aegritudine
3466 4083 3718 4137 laboran-

2135 4200 2267 4256 tem,
2291 4199 2346 4244 et
2381 4185 2734 4243 seditionibus
2761 4183 3009 4252 agitatam
3039 4178 3249 4242 videns,
3287 4175 3352 4230 iis
3378 4173 3568 4244 quibus
3599 4185 3721 4240 pos-

2135 4289 2220 4338 set
2246 4279 2613 4351 persuaderet,
2661 4285 2719 4329 ιιι
2755 4274 2941 4329 relicta
2984 4271 3199 4325 civitate
3247 4266 3547 4334 reciperent
3572 4276 3629 4316 se
3651 4259 3720 4316 ad

2137 4373 2398 4430 montium
2427 4371 2675 4436 vertices,
2697 4369 2868 4438 iisque
2892 4365 2959 4420 ad
2977 4377 3247 4419 secessum
3267 4359 3571 4430 adjumcnta
3594 4370 3724 4410 con-

2137 4465 2300 4522 ferret
2329 4482 2343 4518 :
2377 4478 2534 4534 quem
2559 4462 2613 4515 in
2641 4460 2844 4515 crimen
2882 4455 3143 4512 vocares?
3187 4467 3380 4508 eumne
3409 4451 3497 4521 qui
3528 4447 3596 4502 ab
3622 4447 3721 4500 hu-

2136 4556 2372 4629 jusmodi
2420 4553 2642 4610 tumultu
2686 4552 2740 4606 in
2769 4547 3208 4621 tranquillitatem
3234 4545 3481 4598 homines
3516 4549 3721 4607 tempe-

2145 4661 2283 4706 state
2301 4649 2529 4719 iactatos
2548 4644 2924 4708 transtulisset,
2948 4657 3017 4696 an
3044 4655 3168 4696 eum
3200 4636 3290 4707 qui
3318 4633 3592 4702 naufragia
3624 4631 3724 4683 ista

2143 4739 2526 4812 przeparasset?
2570 4737 2712 4792 Cave
2749 4735 2890 4789 enim
2919 4741 3070 4802 putes
3099 4729 3320 4784 meliore
3367 4725 3420 4779 in
3470 4732 3608 4778 statu
3640 4733 3725 4774 res

2145 4833 2406 4887 humanas
2423 4829 2529 4900 jam
2553 4842 2693 4893 esse,
2719 4841 2877 4896 quam
2899 4823 3167 4879 civitatem
3190 4815 3470 4890 tyrannide
3498 4826 3728 4882 oppres-

2145 4940 2294 4989 sam;
2317 4938 2502 4977 verum
2531 4922 2583 4975 in
2613 4921 2771 4988 longe
2796 4915 3069 4973 deteriori.
3102 4916 3218 4968 Non
3245 4911 3388 4967 enim
3416 4909 3596 4969 homo,
3630 4902 3725 4959 sed

2146 5017 2354 5072 daemon
2392 5013 2606 5084 quidam
2636 5009 3014 5079 nequissimus,
3045 5015 3315 5072 tamquam
3343 5010 3602 5072 tyrannus
3627 4995 3730 5048 im-

2148 5109 2318 5164 manis
2338 5148 2351 5170 ,
2391 5121 2511 5159 cum
2542 5112 2648 5157 tota
2671 5117 2764 5155 sua
2797 5100 3057 5170 phalange
3083 5096 3388 5150 universum
3417 5091 3603 5145 orbem
3633 5101 3732 5139 oc-

2148 5213 2350 5269 eupans
2379 5237 2392 5262 ,
2429 5195 2482 5251 in
2522 5195 2783 5248 humanas
2821 5191 3028 5246 animas
3079 5193 3350 5258 grassatur
3389 5201 3402 5235 :
3437 5180 3560 5236 inde
3605 5190 3734 5269 vero

2149 5267 2298 5365 quasi
2325 5306 2389 5346 ex
2416 5305 2541 5346 arce
2569 5287 2821 5358 quadam,
2852 5278 3175 5338 exsecranda
3196 5285 3250 5333 et
3272 5275 3529 5333 scelerata
3560 5267 3735 5365 quoti-

2151 5363 2239 5443 die
2267 5392 2528 5456 pratcepta
2561 5379 2868 5434 hominibus
2889 5373 3085 5431 emittit
3107 5414 3122 5440 ,
3151 5387 3257 5426 non
3283 5365 3619 5424 matrimonia
3652 5363 3737 5418 di-

2151 5479 2353 5537 timens
2381 5475 2550 5531 solum
2576 5515 2592 5540 ,
2645 5485 2752 5526 non
2794 5481 3044 5540 pecunias
3069 5464 3285 5520 mittens
3309 5460 3556 5515 ferensve
3579 5499 3593 5522 ,
3628 5472 3734 5513 non

2152 5572 2327 5630 caedes
2355 5577 2670 5642 perpetrans
2694 5567 2931 5637 iniquas,
2961 5575 3146 5619 verum
3177 5559 3260 5616 his
3282 5557 3439 5628 longe
3463 5551 3735 5626 graviora,

2217 5689 2235 5720 ι
2269 5677 3000 5745 Quidmetexoperibustuis
