4088 6138
339 400 443 455 329

341 527 530 583 nempe
578 510 919 582 coniunctam
972 514 1140 570 semel
1187 516 1297 571 Deo
1335 517 1570 572 animam
1625 521 1643 554 ⁸
1695 519 1766 573 ab
1803 515 1923 587 eius

336 603 611 661 consortio
632 603 904 660 abducens
936 647 949 668 ,
979 605 1300 677 tradensque
1330 608 1553 678 impuris
1579 608 1693 665 suis
1718 608 1923 664 satelli-

337 694 499 760 tibus,
530 695 741 766 illisque
769 696 935 765 ipsam
966 696 1233 753 substerni
1265 713 1485 769 cogens,
1518 700 1607 768 qui
1639 707 1919 769 postquam

335 801 453 842 eam
475 786 645 841 semel
674 786 1143 856 apprehenderint,
1176 789 1245 842 ita
1277 790 1500 858 turpiter
1526 805 1647 843 cum
1676 790 1763 844 illa
1791 805 1924 843 con-

336 876 683 947 grediuntur,
733 878 804 931 ita
826 879 1243 943 contumeliose,
1274 889 1335 935 ut
1381 895 1477 949 par
1501 888 1584 934 est
1612 878 1790 935 facere
1819 895 1916 934 ne-

335 968 623 1038 quissimos
647 968 917 1024 daimonas
946 969 1298 1026 vehementer
1335 986 1399 1027 ac
1423 987 1544 1026 cum
1573 971 1751 1027 furore
1794 988 1918 1041 per-

248 1098 251 1105 -
340 1060 531 1116 nieiem
564 1061 1016 1131 ignominiamque
1040 1073 1273 1117 nostram
1308 1072 1635 1132 expetentes.
1658 1062 1918 1117 Nudatam

338 1156 534 1223 quippe
564 1155 709 1209 illam
736 1154 981 1211 omnibus
998 1156 1248 1210 virtutum
1270 1155 1612 1221 indumentis,
1642 1156 1922 1210 vitiorum-

336 1261 440 1315 que
463 1248 651 1316 pannis
676 1248 922 1302 amictam
943 1289 958 1313 ,
990 1248 1241 1314 sordidis,
1283 1248 1568 1303 conseissis
1594 1262 1657 1303 ac
1677 1247 1874 1301 faetidis
1900 1288 1917 1313 ,

338 1341 450 1408 ipsa
479 1340 716 1394 nuditate
735 1341 1024 1410 turpiorem
1041 1344 1407 1407 constitutam,
1433 1341 1683 1409 omnique
1708 1340 1921 1408 propria

337 1431 439 1485 sibi
495 1431 824 1485 immundilia
874 1433 1130 1501 repletam
1163 1447 1269 1486 non
1319 1442 1533 1487 cessant
1583 1430 1921 1486 contumeliis

339 1537 584 1578 onerare.
617 1523 800 1593 Neque
826 1524 965 1579 enim
998 1525 1157 1581 ullam
1181 1533 1376 1578 norunt
1404 1523 1715 1579 exsecrandi
1740 1530 1794 1576 et
1820 1522 1922 1576 ini-

339 1616 429 1685 qui
469 1615 773 1686 huiusmodi
805 1619 1117 1673 cencubitus
1159 1617 1482 1680 satietatem,
1527 1615 1619 1669 sed
1650 1614 1920 1669 ebriorum

340 1701 527 1766 instar,
557 1701 791 1769 quicum
822 1715 882 1755 se
904 1715 1051 1756 mero
1083 1699 1556 1769 ingurgitaverint,
1594 1707 1720 1751 tunc
1755 1696 1923 1765 magis

337 1789 713 1854 exardeseunt,
742 1790 819 1845 sic
841 1798 895 1843 et
915 1788 967 1843 hi
990 1804 1197 1859 quoque
1214 1798 1340 1844 tunc
1371 1789 1606 1844 maxime
1631 1788 1920 1853 insaniunt,

338 1885 494 1954 eique
521 1892 575 1939 et
604 1883 972 1938 vehementius
996 1890 1050 1937 et
1089 1882 1320 1937 ferocius
1354 1882 1644 1947 insultant,
1688 1895 1809 1935 cum
1835 1880 1921 1935 illa

339 1974 490 2030 abusi
519 1982 644 2029 sunt
666 2016 680 2038 ,
709 1973 1073 2029 confodicntes
1102 1987 1221 2027 eam
1243 1987 1457 2042 semper
1476 1987 1539 2026 ac
1569 1970 1881 2026 mordentes
1903 2011 1919 2038 ,

340 2082 604 2136 suumque
630 2066 682 2120 in
706 2081 823 2121 eam
848 2066 991 2120 virus
1015 2063 1370 2129 eﬂ'uudentes,
1400 2078 1498 2118 nec
1511 2063 1655 2133 prius
1671 2062 1925 2116 desinen-

341 2171 444 2226 tes,
469 2175 629 2231 quam
659 2173 778 2213 eam
808 2158 861 2212 in
892 2172 1044 2211 suum
1073 2165 1267 2213 statum
1292 2155 1674 2219 transtulerint,
1692 2154 1780 2209 vel
1806 2168 1924 2207 eor-

342 2266 471 2320 pore
513 2251 739 2305 solutam
788 2249 1036 2304 viderint.
1078 2248 1193 2316 Qua
1239 2247 1397 2318 igitur
1440 2245 1726 2319 tyrannide
1754 2285 1772 2312 ,
1818 2260 1921 2316 qua

341 2342 680 2413 captivitate,
709 2356 811 2412 qua
842 2341 1085 2395 vastitate
1109 2382 1123 2407 ,
1150 2326 1251 2409 qua
1279 2340 1537 2394 servitute
1563 2379 1576 2400 ,
1608 2353 1712 2407 quo
1740 2336 1879 2392 bello
1902 2375 1919 2401 ,

342 2450 450 2503 quo
477 2430 754 2503 naufragio
773 2473 789 2497 ,
816 2446 918 2501 qua
944 2428 1088 2485 fame
1128 2428 1242 2483 hate
1269 2443 1371 2484 non
1403 2427 1648 2500 graviora
1676 2425 1877 2481 fuerint
1900 2426 1923 2480 ‘l

342 2527 472 2594 Quis
501 2534 607 2579 tam
636 2523 891 2589 crudelis,
914 2523 1033 2593 quis
1062 2532 1166 2577 tam
1196 2522 1364 2587 ferus,
1396 2522 1515 2592 quis
1538 2521 1674 2576 adeo
1707 2520 1921 2586 stultus,

347 2617 465 2687 quis
512 2616 651 2671 adeo
704 2615 1028 2670 inhumanus
1066 2622 1227 2684 atque
1257 2614 1640 2668 itnmisericors
1663 2654 1679 2679 ,
1731 2611 1821 2681 qui
1850 2619 1927 2664 tot

342 2707 679 2763 contumeliis
706 2715 759 2760 et
789 2705 998 2781 damnis
1037 2703 1278 2759 affectam
1307 2703 1537 2758 animam
1572 2702 1702 2756 nolit
1729 2701 1796 2756 ab
1830 2715 1925 2754 cx—

345 2800 607 2856 secrando
638 2800 727 2855 illo
755 2800 933 2854 furore
959 2808 1012 2853 et
1041 2797 1327 2869 ignominia
1354 2837 1367 2863 ,
1393 2812 1490 2868 pro
1518 2795 1653 2850 virili
1682 2809 1780 2850 sua
1809 2835 1824 2861 ,
1857 2793 1924 2847 li-

343 2892 533 2946 berare
553 2933 565 2955 ,
590 2890 685 2945 sed
722 2890 865 2945 illam
896 2899 1002 2943 tam
1047 2890 1185 2944 male
1205 2888 1448 2943 affectam
1477 2887 1745 2957 negligat?
1772 2884 1927 2951 Quod

344 2984 386 3035 si
412 2982 463 3037 id
494 2994 573 3037 est
597 2981 843 3036 immanis
865 2990 1024 3051 atque
1045 2980 1239 3050 lapidei
1255 2979 1443 3044 animi,
1471 2995 1576 3050 quo
1604 2980 1654 3032 in
1682 2979 1822 3039 loco,
1841 2976 1928 3031 dic

346 3074 498 3139 mihi,
528 3081 822 3127 statuemus
848 3083 963 3138 eds,
989 3073 1076 3143 qui
1106 3084 1302 3143 prmter
1328 3072 1473 3128 illam
1501 3071 1873 3142 negligentiam
1908 3110 1924 3135 ,

344 3166 485 3219 aiiud
515 3164 765 3235 quiddam
793 3165 951 3234 longe
970 3165 1209 3219 deterius
1228 3172 1411 3234 agunt,
1441 3177 1562 3217 cum
1596 3177 1691 3217 eos
1711 3203 1726 3226 ,
1748 3161 1838 3230 qui
1860 3158 1928 3214 ad

345 3258 581 3329 pericula
629 3258 879 3313 alacriter
919 3256 1123 3311 insilire
1160 3256 1327 3326 parati
1375 3263 1542 3319 sunt,
1598 3254 1794 3323 quique
1820 3266 1926 3307 non

345 3358 577 3404 renuunt
618 3350 667 3404 iu
709 3350 882 3418 ipsum
925 3349 1112 3404 bellum
1155 3358 1334 3418 guttur
1377 3362 1565 3400 manus
1602 3346 1924 3411 immittere,

346 3442 583 3510 quinimo
613 3442 856 3495 fauorem
874 3450 927 3495 et
951 3439 1181 3509 pericula
1218 3438 1465 3501 subeunt,
1495 3446 1551 3490 ut
1570 3436 1680 3507 iam
1704 3437 1929 3491 devora-

348 3544 428 3588 tas
453 3520 659 3587 animas
683 3548 755 3587 ex
779 3532 907 3603 ipsis
935 3531 1194 3585 damonis
1222 3529 1461 3584 faucibus
1488 3531 1763 3584 extrahant
1786 3570 1800 3594 ,
1824 3544 1928 3582 non

348 3626 508 3681 modo
535 3643 639 3680 non
691 3624 944 3689 laudant,
978 3638 1148 3693 neque
1188 3622 1505 3693 approbant.
1531 3620 1623 3676 sed
1655 3620 1813 3676 etiam
1836 3635 1928 3674 ex-

353 3718 555 3788 pellunt
580 3717 811 3786 undique
835 3726 889 3772 et
906 3715 1251 3785 oppugnant?

418 3811 471 3864 8.
502 3808 635 3875 Quid
666 3809 843 3877 igitur,
874 3807 1014 3863 dicet
1051 3805 1310 3876 quispiam
1333 3845 1347 3869 ,
1383 3805 1628 3860 cunctine
1657 3789 1744 3873 qui
1772 3802 1933 3858 nrbes

344 3902 587 3958 incolunt
606 3901 833 3972 periere,
855 3915 922 3954 an
945 3898 1193 3954 ﬂuctibus
1207 3899 1496 3968 iactantur,
1519 3913 1586 3951 an
1608 3907 1816 3967 oportet
1846 3912 1933 3950 ur-

345 3993 505 4047 bibus
534 3992 734 4046 relictis
759 4000 812 4047 et
838 3991 890 4045 in
931 3990 1139 4045 deserta
1172 3988 1477 4052 conversis,
1508 3988 1563 4042 in
1591 3987 1932 4042 solitudinem

346 4101 408 4138 se
437 4082 778 4149 transferant,
808 4091 863 4137 et
889 4082 940 4136 in
970 4080 1334 4151 cacuminibus
1360 4079 1619 4132 montium
1647 4078 1803 4132 sedes
1834 4092 1932 4147 po-

347 4174 518 4229 nant?
546 4175 610 4228 blt
638 4184 691 4228 tu
719 4173 833 4229 hrec
866 4172 1023 4244 iubes
1049 4183 1101 4228 et
1121 4171 1255 4225 hanc
1275 4171 1446 4241 legem
1476 4169 1701 4225 statuis?
1731 4170 1933 4239 Apage,

349 4283 476 4323 nam
506 4267 833 4321 contrarium
863 4266 1106 4335 penitus,
1137 4274 1193 4317 ut
1213 4265 1360 4332 prius
1380 4262 1644 4330 dicebam,
1668 4262 1810 4325 volo,
1839 4276 1934 4316 vo-

352 4361 524 4430 tisque
545 4360 790 4413 omnibus
819 4364 1011 4427 exopto
1031 4372 1125 4412 nos
1146 4365 1287 4411 tanta
1320 4357 1417 4411 frui
1440 4372 1588 4425 pace,
1607 4365 1657 4410 et
1675 4355 1936 4409 malorum

353 4452 658 4523 huiusmodi
695 4452 1028 4524 tyrannidem
1066 4454 1135 4506 ita
1176 4451 1401 4516 destrui,
1446 4462 1503 4505 ut
1534 4466 1641 4505 non
1665 4451 1826 4505 modo
1850 4451 1936 4514 iis,

352 4548 443 4616 qui
477 4547 528 4601 in
557 4546 777 4601 urbibus
802 4546 1020 4615 degunt,
1056 4562 1158 4599 non
1178 4547 1244 4600 sit
1271 4546 1337 4599 ad
1366 4556 1574 4601 montes
1599 4545 1937 4616 confugiendi

355 4639 670 4701 necessitas,
713 4636 806 4691 sed
848 4646 907 4691 ut
951 4637 1014 4691 iis
1039 4639 1125 4706 qui
1155 4637 1467 4691 solitudines
1497 4638 1751 4701 incolunt,
1788 4638 1937 4706 quasi

272 4740 277 4745 '
355 4729 670 4798 quibusdam
710 4728 869 4799 longo
907 4738 1143 4797 tempore
1186 4727 1436 4795 fugitivis,
1469 4728 1534 4781 ad
1563 4742 1713 4781 suam
1751 4728 1939 4782 urbem

356 4836 414 4874 se
445 4821 685 4889 recipere
708 4835 845 4888 epus
864 4820 951 4874 sit.
974 4818 1079 4875 Sed
1104 4818 1230 4889 quid
1256 4818 1441 4873 faciam
1462 4819 1485 4872 ?
1510 4833 1700 4873 vereor
1722 4834 1789 4873 ne
1813 4819 1937 4873 dum

359 4911 481 4965 illos
508 4910 694 4980 patria:
723 4911 1006 4966 restituere
1034 4910 1243 4976 studeo,
1276 4910 1721 4991 nequissimorum
1742 4910 1944 4965 daemo-

360 5019 487 5057 num
516 5003 763 5057 manibus
806 5003 1031 5070 tradam,
1068 5018 1172 5057 neu
1214 5001 1342 5056 dum
1384 5002 1503 5057 illos
1524 5017 1555 5057 a
1585 5002 1870 5057 solitudine
1890 5010 1943 5056 et

361 5095 479 5166 fuga
505 5095 764 5151 reducere
800 5090 978 5164 cupio,
1022 5111 1051 5148 a
1090 5094 1420 5164 philosophia
1463 5103 1520 5149 et
1564 5097 1943 5165 tranquillitate

361 5189 507 5242 omni
535 5188 785 5243 excidere
827 5188 1034 5244 faciam.
1063 5189 1216 5257 Quod
1244 5189 1287 5243 si
1329 5188 1720 5243 multitudinem
1749 5188 1943 5243 civium

362 5280 661 5349 proferens,
691 5279 778 5334 illa
818 5288 876 5334 tu
912 5279 1041 5334 mihi
1085 5279 1341 5349 pudorem
1373 5292 1427 5333 et
1471 5288 1669 5333 metum
1709 5280 1946 5335 incutere

363 5360 516 5443 piﬂes
544 5415 561 5439 ,
607 5388 676 5429 ne
724 5382 893 5428 totum
938 5373 1122 5428 orbem
1162 5371 1400 5425 damnari
1440 5373 1641 5441 patiar,
1674 5380 1945 5442 assumpta

362 5466 561 5522 Christi
589 5465 877 5528 sententia,
904 5480 1024 5520 cum
1049 5464 1136 5518 illa
1162 5462 1418 5517 adversus
1451 5462 1587 5517 hanc
1627 5472 1769 5517 tuam
1791 5462 1946 5531 obie-

364 5558 593 5612 ctionem
621 5556 795 5611 stabo.
827 5556 1007 5626 Neque
1026 5556 1167 5610 enim
1194 5564 1300 5608 tam
1327 5553 1497 5608 audax
1527 5554 1730 5609 facinus
1758 5554 1949 5609 admit-

364 5658 462 5711 tes,
490 5655 551 5701 ut
571 5647 730 5702 etiam
754 5647 871 5717 ejus
894 5688 909 5714 ,
935 5647 1023 5717 qui
1052 5660 1148 5701 nos
1171 5645 1499 5715 iudicaturus
1526 5655 1646 5712 est,
1670 5645 1948 5700 sententia:

425 5762 443 5820 ξ
481 5756 621 5807 savil.
642 5764 697 5808 et
726 5759 822 5809 duo
856 5767 982 5820 Mss,
1022 5757 1297 5820 conjtmctas
1322 5755 1467 5820 semel
1502 5765 1604 5809 Deo
1624 5755 1827 5811 minuas.
1854 5766 1947 5809 tto-

362 5818 463 5869 rel.
487 5826 544 5872 ut
580 5820 631 5871 in
655 5828 815 5884 textu,
837 5818 983 5884 atque
1104 5818 1228 5883 legit
1249 5819 1540 5872 Ambrosius.

1086 400 1448 459 ADVERSUS
1483 401 2030 460 OPPUGNATORES
2073 404 2257 461 ἫΤιΕ
2294 404 2588 463 MONAST.
2628 407 2757 464 LIB.
2807 354 2861 466 l.

3504 416 3609 472 3:50

2030 514 2281 573 obsistas.
2322 514 2460 585 Quid
2490 519 2651 589 igitur
2695 520 2785 576 ille
2825 521 2990 577 dicit?
3029 522 3257 595 Angusta
3297 534 3388 593 est,
3422 527 3614 599 inquit,

2016 609 2204 679 janua,
2226 619 2275 663 et
2301 620 2442 665 arcta
2466 612 2568 680 via,
2610 629 2725 683 qum
2749 614 2887 668 ducit
2924 614 2994 669 ad
3020 617 3172 671 vitam
3191 658 3208 683 ,
3243 626 3290 672 et
3319 621 3467 688 pauci
3502 630 3617 675 sunt

2025 702 2113 772 qm“
2137 702 2391 757 inveniunt
2425 720 2535 757 eam
2579 703 2791 775 (Matth.
2822 708 2875 761 7.
2911 706 3020 780 M).
3053 707 3107 764 Si
3139 723 3267 764 vero
3295 710 3447 780 pauci
3492 724 3616 767 sunt

2026 794 2115 862 qui
2159 794 2455 861 inveniunt,
2501 811 2632 851 sane
2675 797 2830 865 longe
2869 800 3169 868 pauciores,
3214 801 3305 872 qui
3351 801 3418 856 ad
3457 802 3615 859 finem

2027 885 2142 953 eius
2173 887 2449 953 pervenire
2478 874 2743 957 poterunt.
2774 888 2957 960 Neque
2982 891 3120 945 enim
3149 895 3444 964 omnesqui
3471 894 3615 964 priu-

2027 975 2222 1045 cipium
2249 976 2512 1042 adierunt,
2542 978 2608 1031 ad
2639 978 2796 1033 fidem
2827 982 2940 1049 eius
2972 983 3269 1051 pertingere
3297 993 3614 1052 potuerunt;

2026 1067 2120 1121 sed
2163 1068 2252 1121 alii
2278 1068 2394 1137 ipso
2434 1069 2611 1122 statim
2640 1069 2819 1136 initio,
2857 1071 2947 1125 alii
2978 1072 3029 1125 in
3061 1072 3271 1135 medio,
3300 1075 3389 1127 alii
3423 1076 3473 1128 in
3496 1076 3610 1144 ipso

2027 1154 2138 1212 fere
2169 1168 2327 1228 portu
2354 1158 2681 1229 naufragium
2702 1161 2938 1215 fecerunt
2964 1161 3176 1229 (Matth.
3201 1161 3292 1218 20.
3330 1163 3437 1229 l6).
3467 1165 3609 1219 Ilur-

2027 1260 2251 1317 sumque
2288 1250 2484 1304 multos
2510 1251 2585 1305 ait
2626 1266 2747 1305 esse
2773 1262 3021 1320 vocatos,
3056 1268 3357 1324 paucosque
3396 1255 3616 1309 electos.

2025 1336 2156 1391 Cum
2172 1339 2347 1408 itaque
2365 1339 2607 1431 Christus
2629 1340 2882 1410 maiorem
2911 1356 3032 1398 esse
3058 1344 3392 1411 pereuntium
3413 1354 3616 1414 partem

2026 1426 2188 1493 dicat,
2218 1429 2270 1482 in
2300 1429 2481 1498 paucis
2502 1426 2630 1486 vero
2659 1430 2885 1485 salutem
2917 1431 3230 1501 praefinitam
3259 1448 3379 1489 esse
3406 1448 3618 1489 asseve-

2024 1527 2128 1585 ret,
2156 1518 2283 1589 quid
2327 1519 2609 1575 adversum
2639 1536 2725 1575 me
2758 1521 3002 1591 pugnas?
3034 1521 3264 1591 ldipsum
3306 1523 3448 1577 enim
3489 1523 3617 1578 facis

2026 1625 2089 1665 ac
2115 1611 2160 1665 si
2190 1611 2257 1667 de
2276 1611 2390 1668 Noe
2418 1628 2480 1667 ac
2500 1612 2565 1667 de
2592 1613 2789 1667 diluvio
2821 1615 2978 1669 verba
3005 1612 3321 1669 facientibus
3343 1615 3495 1670 nobis
3519 1616 3619 1669 ad-

2025 1701 2319 1767 mirareris,
2344 1703 2387 1755 si
2404 1717 2592 1757 omnes
2610 1703 2883 1771 perierint,
2906 1703 3013 1758 duo
3028 1712 3203 1759 autem
3219 1711 3420 1759 tantum
3440 1713 3618 1760 tresve

2026 1790 2277 1846 homines
2304 1791 2620 1861 supplicium
2651 1792 2933 1863 effugerint
2956 1836 2972 1861 ,
3016 1808 3137 1849 cum
3165 1793 3266 1850 hac
3292 1796 3497 1850 ratione
3523 1810 3621 1849 no-

2027 1883 2109 1938 bis
2150 1897 2213 1938 os
2251 1882 2529 1938 obstruere
2571 1898 2731 1952 posse
2770 1895 2943 1953 putas,
2986 1893 3045 1939 ut
3085 1898 3193 1939 non
3231 1885 3416 1940 ausuri
3449 1886 3620 1940 simus

2027 1973 2283 2028 damnare
2312 1974 2728 2029 multitudinem.
2762 1973 2820 2028 ld
2850 1989 2978 2030 sane
3005 1975 3161 2029 nobis
3190 1988 3295 2029 non
3332 1974 3619 2044 persuade-

2027 2062 2173 2118 bitur
2200 2079 2387 2133 neque.
2416 2065 2807 2120 multitudinem
2839 2064 2982 2120 illam
3011 2065 3218 2120 veritati
3248 2065 3615 2136 praeferemus.

2025 2153 2208 2225 Neque
2232 2157 2374 2211 enim
2403 2156 2486 2222 iis,
2530 2173 2646 2227 qua:
2690 2167 2816 2212 tunc
2859 2157 3218 2227 contigerunt,
3256 2158 3462 2211 minora
3489 2165 3617 2212 sunt

2028 2246 2283 2301 hodierna
2307 2263 2322 2313 ;
2352 2247 2443 2302 sed
2475 2248 2642 2303 multo
2668 2248 2953 2316 deteriora,
2985 2263 3156 2320 eoque
3181 2249 3367 2319 magis,
3389 2263 3496 2319 quo
3521 2263 3618 2319 ge-

2028 2337 2221 2392 henna:
2249 2340 2594 2394 comminatio
2626 2340 2935 2407 intentatur,
2963 2348 3018 2396 et
3047 2356 3113 2395 ue
3143 2340 3220 2395 sic
3248 2340 3463 2411 quidem
3496 2340 3619 2395 vitia

2028 2430 2365 2486 exciduntur.
2391 2431 2524 2500 Quis
2549 2433 2691 2487 enim
2715 2472 2730 2501 ,
2762 2448 2946 2503 quzeso
2968 2474 2985 2500 ,
3013 2432 3213 2487 fatuum
3245 2428 3353 2487 non
3388 2432 3622 2503 appellat

2028 2521 2289 2578 fratrem?
2332 2524 2459 2579 illud
2486 2514 2665 2581 autem
2693 2526 2951 2596 gehennae
2990 2526 3128 2597 ignis
3155 2525 3281 2581 facit
3306 2527 3617 2581 obnoxium.

2028 2613 2160 2682 Quis
2188 2629 2293 2670 non
2321 2615 2600 2685 impudicis
2625 2618 2793 2671 oculis
2815 2618 3092 2673 mulierem
3109 2617 3364 2687 respicit?
3394 2617 3496 2672 hoc
3523 2633 3614 2671 au-

2029 2713 2135 2761 tem
2166 2713 2249 2760 est
2274 2715 2699 2762 consummatum
2728 2707 3047 2762 adulterium
3076 2724 3091 2760 :
3118 2707 3385 2764 machum
3407 2721 3536 2762 vero
3566 2706 3621 2762 in

2030 2797 2274 2853 eamdem
2321 2797 2620 2866 gehennam
2661 2799 2898 2855 incidere
2938 2809 3145 2855 certum
3173 2809 3255 2855 est
3276 2800 3294 2832 ¹
3316 2838 3330 2852 .
3358 2800 3489 2866 Quis
3512 2815 3617 2855 non

2025 2888 2263 2958 iuravit?
2289 2890 2390 2945 hoc
2422 2902 2600 2946 autem
2631 2906 2696 2946 ex
2738 2893 2879 2946 malo
2900 2906 3119 2961 prorsus
3146 2900 3229 2948 est
3262 2910 3276 2946 :
3316 2901 3369 2946 at
3389 2892 3529 2961 quod
3555 2907 3620 2947 ex

2029 2981 2174 3036 malo
2209 2992 2312 3049 est,
2342 2983 2603 3053 supplicio
2643 2983 2782 3038 haud
2822 2984 2982 3039 dubie
3014 2985 3323 3039 obnoxium.
3348 2984 3478 3053 Quis
3516 2999 3623 3041 non

2029 3073 2204 3127 amico
2224 3073 2415 3129 invidit
2438 3075 2729 3144 umquam?
2750 3075 2807 3129 .id
2832 3090 2959 3130 vero
2995 3076 3223 3130 ethnicis
3244 3084 3298 3131 et
3322 3075 3618 3145 publicanis

2032 3165 2243 3235 peiores
2273 3166 2401 3219 facit
2429 3183 2442 3220 :
2470 3150 2566 3221 eos
2586 3177 2765 3221 autem
2793 3167 2884 3237 qui
2911 3167 3014 3222 illis
3037 3167 3331 3222 deteriores
3350 3176 3493 3234 sunt,
3514 3182 3622 3222 non

2033 3272 2191 3328 posse
2211 3256 2530 3326 supplicium
2553 3258 2789 3328 effugere
2814 3259 3013 3313 nemini
3037 3274 3141 3313 non
3164 3267 3347 3313 notum
3368 3268 3468 3314 est.
3491 3259 3623 3328 Quis

2031 3347 2361 3402 iracundiam
2388 3362 2604 3402 onmem
2652 3364 2719 3404 ex
2755 3349 2916 3404 corde
2958 3350 3135 3418 eiecit,
3164 3357 3216 3404 et
3238 3348 3499 3414 omnium,
3531 3349 3621 3419 qui

2032 3438 2086 3492 in
2127 3454 2187 3493 se
2229 3438 2601 3507 deliquerunt,
2646 3449 2858 3508 peccata
2890 3439 3131 3494 remisit?
3157 3454 3280 3493 eum
3318 3449 3494 3493 autem
3532 3438 3623 3509 qui

2032 3543 2140 3582 non
2187 3528 2456 3601 remiserit
2483 3530 2764 3583 tormentis
2790 3530 3094 3591 necessario
3124 3529 3437 3584 tradendum
3468 3544 3621 3595 esse,

2033 3618 2213 3672 nullus
2239 3633 2424 3673 eorum
2444 3659 2459 3684 ,
2508 3619 2598 3688 qui
2627 3616 2896 3674 Christum
2921 3620 3181 3687 audierit,
3210 3630 3493 3689 negaturus
3515 3629 3619 3674 est.

1978 3719 1982 3723 ‘
2035 3710 2169 3779 Q‘uis
2198 3726 2302 3766 non
2331 3711 2551 3766 servivit
2600 3712 2911 3767 mamonrc?
2939 3728 3059 3767 eum
3091 3728 3219 3767 vero
3247 3713 3336 3782 qui
3366 3711 3465 3781 ipsi
3504 3726 3623 3766 ser-

2034 3803 2209 3867 vierit,
2237 3801 2432 3857 Christi
2458 3803 2769 3856 servitutem
2799 3802 3058 3872 abiecisse
3088 3811 3292 3857 certum
3318 3811 3420 3867 est,
3446 3810 3500 3855 at
3532 3802 3624 3870 qui

2036 3895 2232 3951 Christi
2291 3894 2602 3950 servitutem
2650 3893 2864 3964 abiecit,
2909 3895 3174 3963 propriam
3217 3894 3444 3948 salutem
3484 3892 3626 3947 haud

2035 3985 2197 4041 dubie
2221 3985 2520 4055 abnegavit.
2551 3985 2682 4052 Quis
2703 4002 2807 4039 non
2837 3986 3038 4040 occulte
3066 3985 3372 4040 maledixit?
3397 3984 3496 4039 hos
3529 3999 3626 4038 au-

2038 4086 2145 4133 tem
2172 4088 2324 4133 vetus
2338 4092 2548 4147 quoque
2577 4077 2661 4132 lex
2700 4078 2924 4133 interfici
2948 4078 3135 4147 iubet,
3167 4087 3221 4133 et
3242 4077 3492 4148 iugulari.
3519 4077 3623 4133 Sed

2041 4187 2160 4240 qua:
2188 4170 2480 4225 consolatio
2530 4171 2582 4224 in
2628 4171 2856 4241 propriis
2886 4172 3040 4225 malis
3060 4171 3086 4223 ?
3130 4171 3281 4237 Quod
3312 4185 3498 4225 omnes
3528 4185 3627 4224 ceu

2038 4275 2105 4314 ex
2129 4260 2377 4315 condicto
2397 4259 2448 4313 in
2472 4261 2721 4330 nequitiae
2751 4261 3058 4315 barathrum
3079 4260 3352 4327 decidant,
3383 4260 3521 4330 quod
3541 4260 3620 4328 ip-

2040 4367 2156 4406 sum
2202 4351 2338 4420 eius,
2378 4351 2466 4421 qui
2507 4366 2652 4405 nunc
2688 4351 2913 4417 obtinet,
2943 4353 3113 4406 morbi
3144 4352 3514 4422 argumentum
3547 4359 3629 4403 est

2042 4444 2366 4508 maximum;
2393 4457 2514 4496 cum
2538 4443 2740 4496 scilicet
2765 4442 2815 4495 id
2843 4443 2892 4495 in
2922 4443 3075 4496 malis
3105 4443 3349 4495 solatium
3379 4440 3529 4493 nobis
3551 4438 3631 4491 af-

2044 4536 2168 4601 fert,
2196 4534 2339 4605 quod
2379 4533 2601 4602 majoris
2624 4532 2826 4586 doloris
2855 4531 3073 4585 materia
3105 4545 3224 4585 esse
3251 4530 3489 4584 deberet.
3525 4527 3631 4583 Ne-

2042 4643 2147 4697 que
2177 4627 2316 4682 enim
2350 4623 2632 4679 multitudo
2654 4623 2705 4676 in
2735 4621 3007 4692 peccando
3036 4621 3300 4673 sociorum
3332 4634 3430 4672 nos
3463 4632 3493 4671 a
3521 4617 3630 4671 cri-

2044 4718 2277 4774 minibus
2305 4726 2360 4772 et
2398 4715 2673 4785 suppliciis
2710 4713 2884 4782 eripit.
2916 4711 3068 4780 Quod
3100 4711 3278 4781 siquis
3305 4725 3368 4763 ex
3398 4710 3483 4771 iis,
3509 4723 3632 4778 qua:

2044 4825 2200 4879 supra
2245 4809 2509 4875 diximus,
2537 4808 2588 4861 in
2628 4806 3052 4874 desperationem
3091 4803 3323 4866 incidat,
3366 4802 3634 4871 paulisper

2046 4908 2341 4969 exspectet,
2375 4908 2430 4953 et
2478 4907 2603 4952 tunc
2643 4896 2813 4966 magis
2844 4895 3167 4964 desperabit,
3203 4908 3324 4947 cum
3355 4892 3436 4945 bis
3465 4890 3641 4946 multo

2044 4992 2287 5062 graviora
2312 4989 2629 5055 dixerimus,
2657 4988 2834 5058 qualia
2861 4994 2986 5041 sunt
3022 4985 3252 5055 periuria
3278 5001 3292 5037 :
3333 4997 3453 5037 nam
3484 4982 3529 5036 si
3550 4982 3636 5049 iu-

2048 5100 2168 5139 rare
2197 5084 2520 5138 diabolicum
2551 5089 2652 5147 est,
2679 5083 2982 5150 iuramenta
3007 5078 3323 5133 conculcare
3357 5074 3498 5145 quod
3538 5087 3637 5126 no~

2047 5177 2130 5231 bis
2149 5176 2668 5245 afferetsupplicium
2692 5173 2715 5227 ’ἒ
2736 5172 2791 5228 Si
2816 5173 3018 5227 fatuum
3044 5169 3312 5240 appellare
3336 5166 3637 5237 gehennam

2048 5270 2287 5331 attrahit,
2316 5268 2583 5324 sexcentis
2607 5266 2862 5323 conviciis
2886 5266 3244 5320 dehonestare
3268 5262 3510 5325 fratrem,
3533 5258 3637 5328 qui

2051 5376 2193 5430 θωνα
2223 5360 2352 5414 nihil
2375 5374 2472 5415 nos
2489 5358 2641 5425 laesit,
2663 5358 2804 5428 quod
2833 5372 2937 5412 non
2962 5356 3191 5411 adducet
3209 5351 3561 5423 supplicium?
3581 5349 3639 5403 Si

2052 5455 2363 5524 iniuriarum
2396 5453 2704 5508 meminisse
2732 5460 2939 5505 tantum
2963 5449 3237 5520 punitione
3260 5446 3478 5516 dignum
3516 5449 3632 5503 est,

2052 5548 2211 5600 etiam
2237 5546 2419 5601 ulcisci
2446 5555 2673 5617 quantos
2692 5544 2961 5599 cruciatus
2984 5539 3353 5613 promeretur?
3367 5535 3471 5593 Sed
3497 5547 3636 5589 non-

2119 5700 2136 5733 ι
2171 5707 2299 5759 nate,
2322 5697 2560 5748 mdium
2583 5709 2773 5749 verm...
2798 5700 2983 5759 manu
3012 5699 3101 5755 est,
3135 5695 3313 5759 desunt
3335 5691 3384 5759 in
3405 5685 3523 5759 ﬁdit:
3548 5691 3640 5759 lof

2053 5759 2180 5871 re|.l;
2203 5748 2298 5811 sed
2311 5763 2357 5812 in
2376 5758 2514 5811 savil.
2540 5766 2593 5812 et
2608 5748 2659 5809 in
2675 5765 2785 5811 uss.
2808 5757 3067 5818 habentur,
3086 5748 3145 5806 'et
3164 5755 3227 5805 ab
3248 5750 3492 5800 Ambrosio
3509 5748 3640 5798 lecta

2056 5834 2148 5871 sua
2170 5854 2186 5871 .
