4088 6138
399 349 494 405 351

401 467 529 520 dum
548 464 618 520 de
646 464 729 522 bis
754 466 1036 536 agendum,
1063 463 1177 518 haec
1202 463 1342 518 enim
1381 478 1479 518 suo
1515 464 1635 518 loco
1663 461 1982 518 reservanda

402 562 550 611 sunt.
579 554 650 611 Ut
677 555 820 608 enim
851 553 957 608 alia
981 553 1246 621 omittam,
1278 554 1380 609 hoc
1404 555 1576 624 ipsum
1601 554 1743 624 quod
1781 569 1879 609 nos
1914 553 1984 612 ad

409 645 522 699 tunc
567 644 847 700 scribenda
893 645 1123 714 impulit,
1153 660 1332 700 nonne
1369 645 1450 700 vel
1493 646 1672 700 solum
1692 645 1885 700 sufﬁcit
1914 645 1982 701 ad

407 735 687 804 praesentis
709 734 880 789 morbi
923 745 1126 806 pestem
1170 735 1541 790 indicandam?
1577 736 1632 792 Si
1675 737 1817 792 enim
1861 751 1963 806 pro

407 825 642 894 priorum
669 838 830 879 sensu
856 837 1194 895 peccatorum
1244 842 1350 880 non
1392 825 1550 889 afﬁci,
1593 827 1686 882 sed
1730 829 1846 883 sine
1875 827 1985 883 ullo

405 914 590 969 dolore
610 914 816 970 scelera
843 924 1168 985 perpetrare,
1197 925 1466 971 extremus
1492 918 1707 972 malitiae
1729 919 1986 973 terminus

408 1015 510 1070 est,
539 1005 626 1060 ubi
655 1005 870 1060 tandem
897 1022 1065 1062 novos
1095 1007 1225 1062 istos
1248 1008 1598 1078 legislatores,
1629 1010 1861 1064 recentis
1881 1009 1985 1063 hu-

406 1095 494 1164 jus
535 1095 1036 1166 absurdissimteque
1082 1097 1213 1167 legis
1255 1108 1500 1152 auctores
1539 1106 1850 1164 statuemus,
1893 1099 1985 1170 qui

415 1185 598 1255 majori
615 1200 735 1240 cum
763 1186 956 1240 ﬁducia
983 1188 1192 1241 virtutis
1213 1188 1514 1257 magistros,
1534 1203 1693 1258 quam
1717 1188 1806 1242 alii
1833 1189 1986 1243 mali-

1122 347 1180 405 S.
1209 348 1484 406 10lele
1519 347 1997 404 CHRYSOSTOMI
2032 347 2350 405 ARCIIIEP.
2391 346 2924 405 CONSTANTINOP.

3567 349 3671 404 33'}

2093 461 2182 517 tia:
2201 459 2484 531 repellunt,
2503 476 2703 532 eosque
2719 461 2886 516 multo
2908 460 3085 516 acrius
3105 470 3414 530 oppugnant
3431 463 3526 531 qui
3551 478 3681 530 pec.-

2090 563 2207 610 cata
2224 555 2509 610 emendare
2525 540 2731 618 volunt,
2753 568 2911 623 quam
2928 567 3020 608 eos
3044 554 3134 624 qui
3156 553 3254 622 ipsi
3279 555 3658 623 peccaverunt?

2091 646 2199 702 imo
2217 647 2391 717 potius
2411 660 2524 711 eos,
2548 660 2646 700 nec
2662 644 2928 700 illibenter
2948 644 3143 710 lerunt,
3163 658 3263 698 nec
3281 644 3665 708 criminantur;

2093 738 2192 793 hos
2218 747 2393 792 autem
2419 737 2507 791 vix
2553 737 2694 791 ferre
2721 742 2966 806 possunt,
2997 733 3388 804 quodammodo
3414 744 3464 789 et
3495 734 3674 788 verbis

2090 839 2146 886 et
2159 829 2407 899 cperibus
2427 829 2740 894 clamantes,
2758 826 3003 898 nequitiae
3018 824 3290 880 mordicus
3309 824 3672 879 inhazrendum

2091 933 2233 986 esse,
2262 928 2419 988 atque
2439 917 2504 972 ad
2532 918 2783 972 virtutem
2809 929 3098 985 numquam
3125 913 3490 978 redeundum;
3515 913 3584 966 ita
3614 921 3672 968 ut

2092 1023 2196 1062 non
2226 1007 2384 1062 modo
2425 1021 2538 1068 eos.
2584 1008 2674 1077 qui
2717 1006 2817 1075 ipsi
2858 1019 3076 1076 operam
3103 1002 3252 1071 dant,
3293 1017 3477 1057 verum
3514 1001 3676 1056 etiam

2091 1115 2220 1166 cos,
2271 1101 2360 1170 qui
2412 1115 2595 1156 vocem
2645 1115 2743 1170 pro
2790 1099 2879 1154 illa
2931 1098 3178 1154 emittere
3225 1097 3460 1164 audent,
3490 1095 3674 1151 ulcisci

2089 1199 2354 1260 Oporteat.

1048 1372 1282 1480 ΑΙ)
1352 1371 2009 1483 INFIDEL

2104 1374 2278 1483 7M
2337 1374 3042 1495 ΡΑΤΒΕΜ,

802 1596 870 1642 ~..
1613 1573 1888 1668 πίων
1937 1570 2394 1670 secuubus'
2441 1641 2461 1662 .

1862 1742 2223 1799 ε)οὲρῑὶὲθο

500 1839 552 1895 1..
584 1839 722 1896 Satis
749 1840 960 1910 quidem
1004 1841 1119 1896 haec
1162 1851 1353 1908 erant,
1386 1853 1444 1898 ut
1485 1852 1670 1914 stupor
1709 1852 1763 1899 et
1807 1844 1997 1898 horror

418 1929 763 1984 incuteretur.
791 1930 941 1998 Quod
966 1932 1009 1985 si
1035 1933 1155 2002 quis
1180 1934 1319 1987 circa
1343 1948 1436 1988 eos
1477 1935 1838 2004 propheticum
1870 1935 1995 1990 illud

415 2017 972 2091 proferal:0bslupuil
1020 2023 1198 2077 ctelunt
1253 2040 1402 2094 super
1454 2025 1548 2078 hoc
1577 2066 1592 2090 ,
1637 2034 1682 2079 et
1735 2026 1993 2079 exhorruit

417 2119 552 2164 terra
600 2111 938 2175 vehementer;
973 2112 1206 2183 itemque
1248 2115 1490 2185 :Slupor
1540 2124 1688 2185 atque
1744 2115 1995 2170 horrenda

417 2202 554 2272 facta
601 2212 717 2258 sunt
764 2205 820 2258 in
861 2213 994 2258 terra
1043 2205 1267 2278 (Ierem.
1292 2207 1346 2261 2.
1377 2209 1462 2262 l2.
1487 2217 1533 2261 et
1559 2208 1611 2263 5.
1637 2207 1726 2278 '50)
1752 2249 1766 2272 ,
1795 2223 1993 2278 oppor-

417 2301 544 2348 tune
585 2292 888 2364 hujusmodi
935 2297 1109 2350 omnia
1154 2296 1314 2352 dicat.
1345 2297 1497 2364 Quod
1523 2309 1700 2354 autem
1731 2299 1812 2354 his
1839 2300 1995 2368 longe
2034 2281 2048 2318 ⁷

417 2384 626 2454 gravius
674 2393 914 2452 est,.nou
964 2388 1124 2444 modo
1174 2390 1332 2446 alieni
1378 2391 1611 2462 quidam,
1645 2401 1699 2447 et
1735 2393 1880 2447 nullo
1932 2393 1996 2448 iis

417 2475 606 2545 quibus
630 2479 926 2533 consulitur
974 2481 1381 2551 propinquitatis
1424 2483 1541 2552 jure
1589 2483 1892 2552 conjuncti,
1924 2485 1994 2538 ita

419 2566 756 2636 indignantur
811 2579 868 2623 et
929 2587 1070 2641 aegre
1136 2571 1352 2640 ferunt;
1401 2589 1580 2628 verum
1624 2576 1723 2644 ipsi
1765 2589 1996 2630 consau-

417 2657 593 2726 guinei
648 2667 703 2712 ct
785 2670 1032 2732 parentes
1101 2675 1262 2731 super
1325 2663 1407 2717 his
1458 2664 1614 2718 irasci
1675 2665 1992 2721 didicerunt.

417 2749 650 2806 Tametsi
696 2766 801 2806 non
845 2753 1030 2822 ignoro
1071 2755 1370 2824 complures
1411 2771 1570 2824 esse,
1601 2758 1688 2827 qui
1739 2767 1916 2827 patres
1945 2759 1996 2812 id

419 2855 577 2912 agere
620 2858 726 2897 non
769 2845 1053 2904 admodum
1097 2856 1313 2916 stupent
1360 2866 1374 2902 :
1424 2849 1666 2904 suffocari
1711 2860 1886 2905 autem
1939 2865 1998 2907 se

419 2932 638 3000 dicunt,
670 2948 731 2989 ac
760 2935 1030 2991 iracundia
1075 2939 1283 2993 incendi
1311 2980 1324 3003 ,
1356 2955 1478 2994 cum
1506 2940 1720 2996 videant
1746 2957 1837 2997 eos
1861 2984 1875 3010 ,
1907 2943 1997 3013 qui

420 3040 592 3094 neque
621 3036 799 3096 patres
824 3039 967 3095 sunt,
996 3044 1167 3100 neque
1193 3031 1367 3096 amici,
1401 3048 1570 3103 neque
1596 3035 1994 3104 consanguinei,

421 3130 592 3186 neque
618 3117 721 3172 alia
765 3134 830 3173 ex
861 3128 1009 3188 parte
1050 3123 1373 3186 necessarii,
1406 3123 1513 3178 imo
1540 3139 1683 3194 saepe
1730 3125 1891 3194 ignoti
1935 3125 1998 3178 iis

419 3207 508 3275 qui
539 3207 896 3278 phiIOSOphari
927 3211 1226 3280 instituunt,
1260 3213 1360 3268 hoc
1389 3215 1562 3281 ipsum
1594 3216 1720 3284 pati,
1752 3231 1816 3270 ac
1856 3216 1996 3286 plus,

419 3313 577 3366 quam
626 3299 724 3368 ipsi
771 3310 949 3369 patres
992 3301 1173 3357 dolere
1197 3344 1211 3367 ,
1243 3319 1548 3374 oppugnare
1570 3345 1586 3365 ,
1617 3314 1671 3359 et
1700 3307 1751 3359 in
1797 3307 2018 3361 crimen

420 3402 616 3444 vocare
656 3405 749 3444 eos
772 3431 793 3455 ,
817 3391 906 3460 qui
938 3391 1093 3460 hujus
1120 3395 1375 3462 pr0positi
1401 3403 1646 3450 auctores
1673 3397 1805 3465 ipsis
1833 3397 1996 3451 fuere.
2039 3395 2048 3403 ’

423 3477 546 3531 Mihi
589 3496 718 3534 vero
759 3481 900 3550 quod
929 3483 1232 3551 oppositum
1276 3495 1358 3538 est
1387 3485 1580 3539 mirum
1609 3500 1728 3540 esse
1771 3487 1999 3542 videtur.

426 3569 528 3624 Eos
552 3571 692 3624 enim
711 3572 800 3640 qui
826 3572 968 3626 nullo
988 3572 1068 3627 vel
1099 3572 1275 3628 tutela:
1291 3574 1374 3630 vel
1401 3576 1649 3630 amicitiae
1669 3576 1790 3646 jure
1818 3585 2002 3632 tenen-

425 3677 537 3730 tur,
560 3663 746 3718 alienis
792 3665 842 3718 in
873 3665 1026 3719 bonis
1053 3666 1196 3735 angi,
1230 3681 1340 3720 non
1366 3667 1557 3721 mirum
1586 3668 1827 3722 videatur
1855 3685 2000 3736 esse,

422 3763 606 3825 utpote
651 3756 839 3826 partim
890 3756 1085 3812 invidia
1126 3767 1440 3827 correptos,
1489 3759 1677 3828 partim
1723 3776 1849 3816 vero
1895 3777 2002 3830 prae

425 3846 622 3901 malitia
681 3863 776 3902 sua
833 3847 1057 3904 aliorum
1115 3849 1402 3919 perniciem
1462 3849 1770 3906 felicitatem
1807 3854 1828 3883 ³
1885 3867 2004 3906 esse

425 3954 577 3997 suam
623 3941 979 4008 arbitrantes;
1012 3944 1205 3997 misere
1249 3942 1300 3996 id
1326 3943 1540 4012 quidem
1583 3951 1638 3998 et
1681 3943 1998 4010 infeliciter,

426 4035 744 4092 arbitrantes
786 4046 960 4091 tamen
996 4052 1008 4089 :
1041 4035 1187 4105 quod
1225 4043 1401 4090 autem
1430 4037 1504 4102 ii,
1533 4036 1622 4106 qui
1665 4046 1999 4106 genuerunt,

406 4109 515 4196 ἐμή
543 4128 919 4193 educaverunt,
949 4129 1038 4196 qui
1065 4127 1382 4197 quotidianis
1411 4129 1546 4183 votis
1574 4137 1826 4198 exeptant
1851 4137 2004 4184 natos

426 4233 552 4272 suos
595 4233 652 4272 se
694 4218 823 4288 ipsis
869 4218 1236 4287 prmclariorcs
1263 4218 1481 4283 videre,
1513 4220 1602 4290 qui
1644 4235 1705 4274 ea
1734 4219 1802 4274 de
1845 4234 2006 4274 causa

427 4320 617 4365 cuncta
644 4309 842 4364 faciunt
864 4320 914 4366 et
942 4311 1237 4380 patiuntur;
1258 4324 1351 4366 eos
1375 4326 1470 4366 ceu
1497 4309 1722 4380 quadam
1750 4311 2006 4365 ebrietate

429 4411 704 4472 correptos
718 4411 938 4472 repente
963 4403 1156 4458 mutari
1173 4411 1224 4458 et
1247 4403 1366 4472 angi
1383 4402 1448 4457 de
1465 4402 1813 4473 phi1050phiac
1829 4403 2006 4458 studio

429 4511 457 4546 a
487 4494 607 4549 ﬁliis
636 4503 923 4564 suscepto;
953 4493 1083 4550 illud
1109 4503 1190 4549 est
1215 4495 1355 4565 quod
1383 4510 1481 4564 ego
1513 4495 1746 4548 maxime
1770 4495 2005 4548 omnium

429 4584 664 4641 admiror
684 4629 699 4652 ,
730 4586 857 4641 illud
897 4602 994 4657 ego
1021 4597 1390 4656 argumentum
1414 4601 1533 4641 esse
1561 4595 1687 4654 puto
1715 4585 1962 4639 idoneum
1987 4625 2009 4650 ,.

430 4678 570 4746 quod
613 4679 790 4735 omnia
837 4687 1085 4748 corrupta
1127 4679 1437 4748 perditaque
1484 4678 1607 4732 sint.
1659 4677 1770 4732 Hoc
1812 4676 2014 4745 elapsis

430 4770 713 4840 contigisse
744 4770 1068 4838 temporibus
1096 4784 1253 4824 nemo
1294 4770 1523 4833 dixerit,
1559 4784 1626 4824 ne
1655 4777 1762 4822 tum
1794 4767 2007 4837 quidem

432 4877 552 4916 cum
603 4863 773 4931 palam
821 4862 1184 4916 dominaretur
1235 4877 1404 4916 error.
1455 4863 1532 4916 Ac
1579 4861 1746 4916 semel
1795 4860 2006 4930 quidem

432 4953 624 5008 accidit
653 4954 707 5006 in
743 4953 956 5008 civitate
982 4953 1164 5008 Graeca
1190 4995 1204 5020 ,
1235 4955 1327 5008 sed
1355 4969 1511 5022 quam
1551 4954 1757 5024 tyranni
1783 4969 2011 5022 occupa-

435 5045 560 5098 bant
591 5061 604 5096 :
639 5059 806 5113 neque
832 5052 1007 5099 tamen
1032 5053 1157 5099 tunc
1183 5052 1460 5114 parentum
1489 5045 1676 5112 aliquis
1699 5086 1714 5110 ,
1747 5052 1803 5097 ut
1827 5060 1968 5099 nunc
1991 5084 2007 5111 ,

433 5135 528 5191 sed
573 5136 660 5206 qui
709 5151 884 5191 arcem
935 5145 1358 5205 occupaverant;
1395 5152 1494 5194 nec
1537 5151 1724 5191 omnes
1753 5136 1966 5204 quidem
1993 5177 2008 5201 ,

435 5241 616 5281 verum
647 5228 736 5296 qui
785 5227 974 5281 horum
1021 5237 1135 5282 erat
1180 5227 1622 5297 ﬁagitiosissimus
1645 5268 1660 5292 ,
1692 5227 2010 5281 accersitum

434 5317 708 5372 Socratem
752 5317 966 5387 iubebat
994 5333 1023 5372 a
1055 5317 1403 5387 phi1050phia:
1446 5315 1685 5370 doctrina
1729 5316 2006 5371 absistere.

436 5413 504 5464 At
530 5409 619 5464 ille
641 5408 852 5478 quidem
875 5448 894 5476 ,
925 5418 1179 5480 tyrannus
1201 5450 1216 5473 ,
1247 5408 1475 5464 inlidelis
1497 5416 1550 5462 et
1586 5421 1758 5462 saevus
1781 5449 1796 5474 ,
1825 5408 1915 5476 qui
1943 5408 2010 5462 ad

498 5612 516 5643 ί
551 5611 741 5660 Librum
764 5611 892 5661 hunc
910 5623 1161 5669 vocamus,
1184 5610 1465 5666 secundum,
1493 5622 1555 5661 ex
1581 5610 1868 5660 auctoritate
1891 5609 2006 5657 duo-

439 5682 546 5733 rum
570 5680 674 5721 Mss.
709 5680 760 5722 Et
781 5686 899 5722 sane
923 5673 1000 5722 hic
1021 5671 1145 5721 liber
1169 5672 1247 5722 vel
1272 5686 1333 5722 ex
1351 5673 1490 5721 modo
1513 5673 1731 5722 ordiendi
1752 5673 1811 5721 ad
1836 5683 2011 5733 praece-

437 5730 598 5796 dentis
617 5736 799 5796 seriem
811 5734 1027 5796 reapicit.

500 5793 522 5824 ²
556 5799 652 5843 vox
671 5827 688 5857 ,
709 5793 1013 5858 felicitatem,
1041 5795 1184 5846 deest
1207 5796 1256 5844 in
1271 5795 1458 5846 duobus
1479 5802 1584 5844 Mss.

2099 1845 2437 1900 evertendam
2451 1846 2828 1917 rempublicam
2841 1855 3029 1904 cuncta
3041 1847 3370 1913 moliebatur,
3385 1847 3683 1918 alienisque

2101 1937 2154 1990 in
2203 1937 2357 1991 malis
2408 1939 2770 2008 gloriabatur,
2825 1955 3020 2009 gnarus
3066 1940 3198 1994 nihil
3246 1939 3467 2010 perinde
3516 1948 3680 2009 atque

2103 2029 2260 2083 talem
2300 2030 2592 2099 jussionem
2623 2032 2882 2101 optimum
2933 2031 3238 2101 reipublicae
3277 2041 3471 2087 statum
3521 2046 3683 2102 posse

2097 2130 2404 2189 pervertere
2427 2163 2442 2188 ,
2473 2122 2585 2178 haec
2613 2137 2774 2178 ausus
2799 2132 2900 2178 est.
2932 2124 2999 2178 At
3038 2123 3307 2179 hi‘lidelcs
3327 2165 3342 2191 ,
3370 2133 3425 2179 et
3461 2125 3513 2178 in
3541 2124 3679 2179 bene

2099 2211 2351 2268 institutis
2397 2214 2698 2271 civitatibus
2726 2215 2980 2285 degentes
3003 2258 3018 2282 ,
3052 2215 3343 2286 liberisque
3389 2216 3500 2271 suis
3545 2230 3681 2270 con--

2097 2305 2294 2359 sultum
2339 2306 2652 2374 cupientes,
2702 2307 2816 2362 haec
2857 2308 3043 2362 eadem
3092 2307 3238 2378 loqui
3279 2309 3515 2376 audent,
3560 2324 3683 2378 quae

2097 2401 2352 2464 tyrannus
2399 2395 2489 2450 ille
2517 2397 2657 2450 circa
2707 2395 2947 2452 subditos
2995 2412 3158 2465 suos,
3192 2413 3292 2453 nec
3338 2398 3677 2452 erubescunt.

2098 2483 2274 2551 Quare
2291 2485 2343 2539 hi
2361 2487 2450 2555 qui
2479 2487 2554 2541 sic
2583 2487 2944 2556 indignantur,
2963 2488 3133 2558 magis
3148 2503 3305 2557 quam
3335 2487 3679 2555 ifli,admira‘-

2101 2575 2245 2630 tione
2284 2575 2427 2646 digni
2454 2585 2596 2631 sunt.
2640 2577 2842 2633 Idcirco
2871 2589 2922 2633 et
2948 2593 3046 2649 ego
3073 2579 3191 2633 illos
3220 2579 3410 2634 missos
3440 2579 3639 2634 faciens
3659 2621 3679 2646 ,

2099 2663 2197 2718 hos
2223 2665 2312 2734 qui
2345 2665 2396 2718 in
2424 2666 2607 2735 primis
2633 2682 2814 2722 curam
2845 2667 3072 2723 ﬁliorum
3098 2677 3328 2738 gerunt,
3358 2670 3465 2723 imo
3503 2671 3686 2737 potius

2099 2768 2286 2823 gerere
2333 2755 2661 2824 debuerant,
2716 2773 2822 2812 non
2877 2770 3053 2814 autem
3107 2769 3332 2828 gerunt,
3393 2759 3581 2813 leniter
3627 2770 3687 2814 et

2100 2861 2303 2901 summa
2321 2863 2439 2904 cum
2458 2849 2823 2905 moderatione
2842 2851 3080 2921 alloquar
3100 2870 3111 2903 :
3131 2851 3198 2905 ab
3220 2851 3319 2904 illis
3343 2851 3686 2920 impetratum

2099 2937 2318 3006 cupiens
2344 2981 2358 3005 ,
2392 2949 2450 2994 ut
2494 2956 2600 2994 non
2645 2942 2866 2996 moleste
2911 2941 3084 2995 ferant
3108 2983 3122 3006 ,
3158 2957 3256 2996 nec
3302 2940 3638 3010 indignentur
3663 2984 3678 3007 ,

2100 3031 2145 3083 si
2188 3031 2304 3098 quis
2347 3046 2404 3085 se
2448 3047 2509 3086 ea
2552 3049 2670 3102 qua:
2714 3033 2946 3101 ipsorum
2993 3033 3114 3087 ﬁliis
3162 3032 3449 3102 expediunt
3493 3032 3682 3086 melius

2101 3137 2259 3178 nosse
2302 3123 2481 3192 dicat,
2511 3139 2669 3195 quam
2718 3125 2876 3179 iidem
2926 3125 3046 3194 ipsi.
3075 3124 3256 3194 Neque
3303 3124 3443 3179 enim
3487 3123 3688 3179 sufﬁcit

2102 3212 2269 3268 ﬁlium
2297 3229 2626 3282 procreasse,
2659 3224 2714 3269 ut
2740 3216 2908 3286 possit
2933 3224 3058 3269 nato
3090 3230 3281 3284 parens
3306 3224 3679 3285 congruentem

2103 3303 2484 3358 institutionem
2513 3304 2669 3370 dare;
2688 3305 2781 3360 sed
2811 3306 3106 3375 procreatio
3132 3307 3352 3360 multum
3384 3306 3589 3360 confert
3614 3305 3678 3359 ad

2104 3395 2268 3463 prolis
2310 3411 2544 3450 amorem
2569 3437 2583 3462 ,
2615 3396 2681 3450 ad
2728 3396 2842 3466 ejus
2870 3412 2997 3451 vero
3027 3397 3270 3452 idoneam
3315 3397 3679 3452 educationem

2103 3495 2158 3540 ct
2197 3487 2526 3556 disciplinam
2575 3502 2745 3556 neque
2793 3488 3090 3556 procreatio
3137 3502 3311 3557 neque
3356 3502 3508 3542 amor
3555 3487 3683 3540 satis

2105 3588 2247 3633 sunt.
2278 3579 2410 3633 Nam
2441 3581 2483 3633 si
2507 3578 2609 3633 hoc
2637 3586 2796 3644 esset,
2819 3579 2994 3632 nullus
3020 3579 3289 3634 hominum
3317 3585 3470 3648 patre
3495 3577 3684 3631 melius

2105 3683 2263 3724 nosse
2289 3667 2727 3739 possetquidnam
2744 3676 2887 3722 esset
2904 3667 3013 3721 ﬁlio
3038 3667 3236 3731 utilius,
3254 3665 3687 3736 quandoquidem

2105 3776 2263 3815 nemo
2303 3769 2385 3814 est
2411 3760 2499 3829 qui
2545 3759 2713 3828 possit
2757 3758 2848 3812 illo
2893 3743 3061 3827 magis
3103 3756 3266 3810 ﬁlium
3297 3770 3498 3809 amare.
3529 3755 3683 3810 Nunc

2106 3865 2232 3906 vero
2269 3859 2446 3920 patres
2474 3865 2533 3904 se
2561 3849 2690 3904 illud
2732 3849 2975 3918 ignorare
3003 3849 3164 3916 gestis
3187 3847 3296 3901 suis
3320 3845 3638 3900 conﬁtentur
3665 3864 3679 3908 ;

2106 3959 2226 3999 cum
2257 3943 2321 3997 ad
2353 3942 2634 4013 magistros
2672 3941 2909 4006 ducunt,
2936 3955 3057 3995 cum
3102 3938 3398 4008 ptedagogis
3428 3936 3680 4000 tradunt,

2107 4053 2225 4092 cum
2256 4038 2563 4092 innumeros
2591 4034 2920 4090 consiliarios
2962 4033 3252 4097 adhibent,
3285 4040 3341 4084 ut
3385 4031 3556 4083 sciant
3598 4030 3688 4083 cui

2107 4129 2231 4184 vitae
2258 4129 2497 4183 instituto
2527 4126 2663 4181 ﬁlius
2693 4124 2980 4180 tradendus
3009 4123 3096 4178 sit.
3123 4121 3304 4191 Neque
3333 4121 3526 4174 mirum
3557 4119 3681 4173 illud

2107 4229 2227 4284 est,
2258 4217 2353 4273 sed
2389 4217 2529 4288 quod
2555 4231 2674 4271 cum
2700 4216 2767 4270 de
2796 4215 2918 4270 ﬁliis
2944 4215 3283 4276 consultant,
3312 4213 3534 4266 aliorum
3560 4226 3682 4266 seu-

2108 4311 2367 4376 tentiam,
2427 4323 2522 4364 sua
2578 4323 2720 4378 smpe
2779 4307 3089 4377 repudiata,
3147 4305 3552 4375 amplectantur.
3608 4302 3684 4358 Ne

2109 4403 2287 4472 itaque
2333 4402 2560 4458 moleste
2589 4414 2689 4454 nos
2736 4397 2946 4464 ferant,
2977 4398 3022 4452 si
3069 4397 3306 4451 dicamus
3356 4409 3454 4448 nos
3501 4394 3687 4448 melius

2110 4510 2268 4550 nosse
2293 4494 2418 4565 quid
2460 4493 2562 4548 illis
2605 4489 2923 4557 conveniat;
2954 4489 3045 4545 sed
3074 4490 3175 4544 nisi
3222 4489 3273 4543 id
3314 4499 3457 4543 certa
3485 4488 3688 4541 ratione

2113 4585 2530 4656 probaverimus,
2550 4592 2675 4639 tunc
2694 4591 2964 4648 accusent,
2987 4589 3112 4637 tunc
3132 4579 3339 4650 probris
3361 4581 3612 4648 impetant
3633 4588 3687 4632 ut

2112 4688 2509 4748 arrogantes,ac
2530 4684 2892 4746 corruptores,
2917 4675 3180 4743 totiusque
3203 4680 3404 4726 natura:
3425 4669 3685 4724 inimicos.

2181 4768 2236 4821 2.
2279 4769 2518 4835 Quonam
2545 4783 2673 4837 ergo
2698 4766 2857 4820 modo
2884 4764 3012 4820 illud
3049 4761 3387 4818 manifestum
3423 4762 3564 4826 erit,
3602 4773 3686 4813 aut

2113 4877 2215 4931 qua
2237 4863 2442 4916 ratione
2465 4861 2715 4925 sciemus,
2749 4859 2992 4928 quisnam
3023 4855 3093 4909 sit
3115 4855 3202 4924 qui
3233 4853 3370 4923 quod
3402 4861 3682 4907 consenta~

2113 4969 2270 5008 neum
2295 4962 2376 5006 est
2401 4951 2593 5015 videat,
2617 4960 2672 5006 et
2695 4951 2936 5020 quisnam
2961 4947 3009 5002 id
3031 4948 3241 5017 quidem
3271 4948 3409 5001 scire
3430 4945 3686 5006 videatur,

2115 5045 2415 5100 nullatenus
2445 5058 2570 5096 vero
2600 5042 2764 5096 sciat?
2791 5040 2844 5095 Si
2870 5040 3006 5094 dicta
3037 5054 3174 5104 mea,
3193 5053 3290 5092 ceu
3316 5035 3566 5106 quasdam
3590 5034 3686 5090 ob-

2108 5135 2387 5207 jectiones,
2406 5134 2472 5188 ad
2490 5149 2711 5188 examen
2729 5131 3051 5188 descendere
3071 5146 3134 5184 ac
3152 5130 3398 5200 congredi
3417 5137 3688 5198 cogentes,

2116 5227 2434 5296 incorruptis
2469 5226 2737 5297 judicihus
2774 5225 2888 5278 haec
2925 5222 3264 5292 disquirenda
3307 5221 3689 5290 permittamus.

2116 5322 2222 5376 Lex
2269 5322 2445 5390 itaque
2487 5319 2793 5374 certaminis
2822 5331 2918 5371 nos
2953 5315 3209 5370 adversus
3242 5313 3602 5367 Christianum
3629 5308 3693 5362 ad

2116 5429 2344 5485 pugnam
2373 5413 2519 5468 exire
2545 5411 2728 5479 jubet,
2758 5418 2916 5478 atque
2945 5421 3066 5460 cum
3091 5405 3182 5460 illo
3211 5412 3414 5458 tantum
3440 5416 3691 5472 pugnare,

2118 5505 2358 5573 nihilque
2384 5503 2614 5572 amplius
2639 5500 2864 5569 requirit
2895 5514 2925 5552 a
2955 5497 3129 5551 nobis.
3162 5496 3296 5561 Quid
3324 5495 3456 5548 enim
3486 5492 3608 5545 mihi
3638 5492 3698 5543 de

2115 5599 2178 5650 iis
2219 5598 2369 5651 etiam
2411 5596 2496 5666 qui
2521 5595 2643 5662 {aris
2678 5601 2793 5646 sunt
2815 5590 3047 5659 judicare
3076 5589 3164 5656 (Ι.
3196 5586 3314 5642 Cor.
3367 5587 3420 5639 5.
3451 5584 3590 5652 £2)?
3628 5583 3696 5634 ait

2119 5689 2306 5744 beatus
2357 5687 2576 5740 Paulus.
2620 5683 2815 5738 Verum
2871 5682 2991 5751 quia
3042 5680 3351 5749 plerumque
3402 5673 3694 5743 contingit,

2127 5779 2324 5840 multos
2362 5793 2544 5833 eorum
2576 5777 2661 5846 qui
2717 5773 2780 5828 ad
2826 5772 3015 5827 caelum
3062 5768 3476 5842 pertrahuntur,
3511 5764 3694 5820 inﬁde-
