4088 6138
210 419 316 478 331

204 530 320 605 γάρ
332 528 408 585 τὰ
423 529 561 585 ἄλλα
581 529 764 602 παρῶ,
787 529 921 585 αὐτὸ
943 529 1009 602 δὴ
1027 529 1185 587 τοῦτο
1202 530 1264 586 τὸ
1284 533 1705 602 καταναγκάσειν
1725 534 1879 606 ἡμᾶς

200 620 284 684 είς
309 616 505 673 τοῦτον
527 617 776 673 καθεῖναι
802 621 893 674 τὸν
921 618 1099 688 λόγον,
1129 619 1229 691 οὐχ
1262 618 1445 675 ίκανδν
1470 622 1566 676 καὶ
1592 621 1750 692 μόνον
1777 623 1877 694 τῆς

198 705 545 778 κατεχούσης
582 706 741 760 νόσου
787 707 888 777 τὴν
918 707 1119 762 κακίαν
1156 708 1528 775 ἐνδείξασθαις
1562 711 1626 763 El
1666 709 1776 783 γάρ
1814 711 1878 766 τὺ

198 791 310 846 τῶν
335 791 556 846 οίκείων
575 792 989 866 ἁμαρτημάτων
1014 793 1087 865 μὴ
1108 794 1553 862 ἐπαισθάνεσθαι,
1577 797 1691 851 ἀλλ’
1711 796 1876 851 ἀναλ-

201 880 387 950 γήτως
416 878 783 950 πλημμελεῖν,
815 878 1043 950 ἔσχατος
1072 882 1198 952 ὄρος
1242 882 1443 947 κακίας
1473 882 1613 947 ἐστὶ,
1648 883 1752 935 ποῦ
1784 883 1880 937 τά-

203 966 370 1037 ξομεν
400 967 528 1029 τοὺς
571 966 722 1031 νέους
752 965 976 1031 τούτους
1008 967 1303 1037 νομοθέτας
1326 969 1426 1039 τῆς
1459 970 1652 1040 καινῆς
1675 969 1880 1043 ταύτης

202 1054 301 1107 καὶ
339 1052 697 1123 ἀτοπωτάτης
721 1053 1058 1125 νομοθεσίας,
1098 1053 1148 1107 οἳ
1182 1055 1321 1125 μετὰ
1350 1055 1592 1120 πλείονος
1619 1056 1720 1127 τῆς
1741 1060 1882 1130 παῤ-

206 1140 404 1212 ρησίας
446 1140 575 1204 τοὺς
616 1141 718 1211 τῆς
753 1141 957 1213 ἀρετῆς
1000 1142 1366 1197 ἀπελαύνουσι
1413 1143 1786 1210 διδασκάλους,
1842 1146 1877 1218 ἢ

1028 414 1399 481 ADVERSUS
1428 415 1983 475 OPPUGNATORES
2018 415 2206 475 VITAS
2244 416 2548 475 MONAST.
2591 418 2721 477 LIB.
2762 417 2828 475 Il.

3534 419 3642 476 352

1980 532 2107 597 τοὺς
2126 533 2224 604 τῆς
2252 533 2452 596 κακίας
2468 531 2670 607 ἕτεροι,
2699 533 2794 588 καὶ
2815 533 2923 588 τῶν
2945 530 3452 605 πλημμελησάντων
3481 533 3642 590 πλέον

1979 619 2093 683 τοῖς
2118 618 2362 691 διορθοῦν
2393 619 2734 691 βουλομένοις
2762 633 2788 662 ι
2817 621 3333 693 ἐκπεπολέμωνταιζ
3366 622 3563 693 μᾶλλον
3588 625 3648 678 δὲ

1982 707 2119 780 πρὸς
2151 708 2393 773 ἐκείνους
2434 708 2534 779 μὲν
2568 708 2694 763 οὐτε
2725 710 2905 781 ἀηδῶς
2929 712 3163 783 ἔχουσιν,
3201 710 3324 765 οὗτε
3359 713 3650 783 ἐγκαλοῦσι

1982 811 2114 848 ποτε
2134 837 2151 863 ,
2193 794 2400 851 τούτων
2447 796 2505 850 δὲ
2556 795 2660 850 κᾶν
2705 797 3099 868 ἀπογεύσαιντο
3142 798 3312 871 ἡδέως
3370 803 3651 872 μονονουχὶ

1983 880 2215 952 βοῶντες
2253 883 2348 935 καὶ
2371 883 2440 937 δι’
2466 876 2540 937 ὧν
2571 882 2788 952 λέγουσι
2829 885 2925 938 καὶ
2949 884 3018 938 δι’
3045 878 3121 941 ὧν
3160 887 3426 948 ποιοῦσιν,
3461 890 3544 942 ὅτι
3570 889 3652 943 δεῖ

1980 970 2080 1038 τῆς
2101 969 2302 1033 κακίας
2322 968 2490 1043 ἀπρὶξ
2509 969 2747 1042 ἔχεσθαι,
2774 971 2868 1026 καὶ
2891 971 3157 1043 μηδέποτε
3177 974 3489 1029 ἐπανελθεῖν
3512 974 3649 1046 πρὸς

1981 1057 2201 1128 ἀρετὴν,
2246 1056 2323 1121 ὡς
2354 1058 2416 1111 οὐ
2474 1056 2636 1129 μόνον
2675 1059 2804 1122 τοὺς
2852 1058 3134 1129 μετιόντας
3173 1060 3364 1132 αὐτὴν,
3392 1060 3526 1115 ἀλλὰ
3556 1062 3650 1115 καὶ

1979 1148 2106 1213 τοὺς
2124 1148 2307 1220 φωνὴν
2320 1149 2459 1220 ὑπὲρ
2474 1148 2675 1220 ταύτης
2691 1148 2852 1221 ῥῆξαι
2866 1149 3177 1221 τολμῶντας
3193 1150 3495 1221 ἀμύνεσθαι
3508 1151 3645 1204 δέον.

268 1232 299 1264 ⁸
316 1231 401 1282 Sic
423 1232 535 1282 Sav.
560 1236 616 1282 et
630 1231 802 1283 Morel.
823 1232 933 1285 Duo
953 1238 1121 1284 autem
1136 1247 1254 1284 mss.
1274 1235 1593 1299 πειρωμένοις.
1621 1234 1749 1285 Infra
1771 1250 1863 1299 pro

1996 1239 2337 1302 ἀπογεύσαιντο
2357 1241 2624 1305 legendum
2644 1241 2838 1291 videtur
2858 1241 2946 1290 οὐκ
2967 1242 3024 1290 ἂν
3045 1234 3403 1304 ἀπογεύσαινὲο.

883 1478 1001 1554 [⁵η
1067 1493 1479 1611 ΠΡΟΣ
1565 1432 2248 1617 ΑΠΙΣΤΟΝ
2334 1503 2977 1643 ΠΑΤΕΡΑ,

1628 1690 1849 1745 ΛΟΓΟΣ
1885 1692 2261 1751 ΔΕΥΤΕΡΟΣ,

281 1941 351 1991 α’.
369 1934 551 1991 Ἱκανὰ
587 1935 687 2007 μὲν
716 1931 809 1991 οῦν
829 1936 924 1991 καὶ
952 1936 1125 2019 ταῦτα
1149 1935 1403 1993 ἔκστασιν
1432 1938 1765 2009 ἐργάσασθαι
1792 1941 1885 1995 κα)⁵

206 2026 434 2099 φρίκην·
469 2025 573 2080 κάν
598 2025 660 2080 τδ
686 2027 1020 2098 προφητικόν
1044 2043 1129 2091 τις
1153 2027 1330 2081 ἐκεῖνο
1358 2028 1449 2081 ἐπὶ
1476 2027 1690 2093 τούτοις
1716 2028 1887 2099 φθέγ-

203 2132 375 2185 ⁴γἰιται
393 2112 510 2177 νῦν,
538 2114 895 2183 ὃτιἘεέστη
924 2117 957 2168 ὁ
984 2116 1240 2184 οὐρανὸς
1253 2115 1352 2169 ἐπὶ
1374 2117 1584 2183 τούτῳ,
1599 2116 1697 2171 καὶ
1721 2118 1884 2187 ἔφρι-

210 2202 324 2266 ξεν
350 2201 388 2269 ἠ
415 2200 493 2272 τῆ
520 2201 620 2255 ἐπὶ
645 2200 857 2256 πλεῖον
883 2201 1137 2271 σφόδρα·
1176 2204 1292 2268 καὶ,
1323 2204 1405 2256 ὅτι
1428 2204 1763 2271 Ἕκστασις
1786 2205 1885 2259 καί

208 2292 434 2361 φρικτά
484 2291 739 2361 ἐγενήθη
795 2292 895 2347 ἐπι
943 2291 1054 2362 τῆς
1093 2291 1224 2363 γῆς,
1271 2294 1542 2366 εὐκαίρως
1591 2295 1768 2350 πάντα
1815 2297 1886 2351 τά

209 2377 442 2433 τοιαῦτα
469 2381 605 2451 ἐρεῖ.
632 2380 707 2434 Τὸ
742 2379 800 2434 δὲ
841 2380 1047 2435 τούτων
1085 2381 1486 2454 χαλεπώτερον,
1521 2384 1603 2437 ὅτι
1631 2384 1692 2438 οὐ
1727 2384 1886 2455 μόνον

207 2466 485 2538 ἀλλότριοι
510 2483 684 2530 τινες,
715 2467 807 2521 καὶ¹
827 2466 980 2521 οὐδὲν
1000 2469 1113 2532 τοῖς
1146 2467 1668 2539 συμϐουλευομένοις
1712 2487 1885 2543 προσ·

209 2554 441 2625 ήκοντες
466 2552 688 2608 τοιαῦτα
724 2553 1091 2623 ἀγανακτοῦσι
1133 2556 1228 2609 καὶ
1261 2556 1723 2628 δυσχεραίνουσιν,
1750 2557 1886 2611 ἀλλά

211 2644 498 2709 συγγενεῖς
530 2642 625 2695 καὶ
662 2641 899 2712 πατέρες
930 2641 1132 2713 έμαθον
1152 2643 1292 2715 ὑπὲρ
1318 2644 1523 2698 τούτων
1548 2644 1881 2716 ὀργίζεσθαι.

211 2724 408 2784 Καίτοι
436 2746 502 2798 γε
530 2730 632 2783 οὐκ
663 2728 843 2799 ἀγνοῶ
871 2730 952 2785 ὅτι
977 2729 1163 2785 πολλοὶ
1195 2731 1332 2804 πρὸς
1369 2722 1466 2804 μὶν
1491 2733 1615 2797 τοὺς
1644 2732 1885 2804 πατέρας

209 2816 373 2871 τοῦτο
398 2816 686 2881 ποιοῦντας
717 2817 778 2870 οὐ
810 2818 1017 2889 σφόδρα
1050 2818 1458 2890 ἐκπλήττονται·
1483 2818 1884 2888 ἀποπνίγεσθαι

211 2905 275 2960 δέ
304 2923 436 2975 φασι
471 2904 551 2976 τῷ
574 2904 762 2976 θυμῷ,
803 2906 931 2959 ὅταν
956 2906 1106 2959 ῐδωσι
1126 2909 1253 2971 τοὺς
1285 2908 1424 2979 μήτε
1452 2908 1716 2979 πατέρας,
1748 2907 1884 2978 μήτε

212 2993 420 3063 φίλους,
454 2994 593 3065 μήτε
615 2995 919 3061 συγγενεῖς,
939 2995 1076 3065 μήτε
1095 2993 1314 3048 ἄλλοθέν
1337 2995 1500 3049 ποθεν
1520 2995 1883 3065 ἐπιτηδείους,

213 3078 476 3143 πολλάκις
511 3079 570 3133 δὲ
606 3080 702 3133 καὶ
738 3079 987 3148 ἀγνῶτας
1018 3080 1176 3145 ὄντας
1214 3086 1328 3147 τοῖς
1367 3082 1673 3153 φιλοσοφεῖν
1699 3086 1886 3154 αἱρου-

218 3167 403 3237 μένοις
425 3166 489 3220 τὸ
515 3165 646 3220 αὐτὸ
667 3165 825 3221 τοῦτο
855 3167 1185 3239 πάσχοντας,
1223 3169 1319 3223 καὶ
1351 3168 1546 3240 μᾶλλον
1572 3169 1682 3223 τῶν
1713 3169 1884 3225 πατέ-

221 3263 335 3318 ρων
360 3250 743 3324 δακνομένους,
774 3254 868 3305 καὶ
896 3252 1288 3324 πολεμοῦντας,
1321 3257 1415 3309 καὶ
1450 3256 1887 3327 κατηγοροῦντας

212 3341 328 3395 τῶν
361 3341 772 3396 ἀναπεισάντων
823 3340 1042 3406 αὐτούς.
1091 3341 1248 3412 Ἐμοὶ
1291 3343 1349 3397 δὲ
1389 3345 1699 3398 τούναντίον
1747 3340 1887 3398 εἶναι

209 3430 365 3504 δοκεῖ
387 3427 698 3499 θαυμαστόν
716 3440 768 3481 ι.
792 3429 932 3493 Τοὺς
965 3429 1061 3501 μὲν
1079 3428 1190 3500 γάρ
1213 3432 1349 3502 μήτε
1374 3430 1721 3503 κηδεμονίας,
1750 3432 1887 3504 μήτε

214 3500 401 3585 φιλίας
424 3514 645 3587 ἔχοντάς
667 3533 718 3569 τι
740 3515 1033 3587 δικαίωμα,
1057 3517 1209 3570 οὐδὲν
1229 3500 1455 3581 ἀπεικός
1483 3500 1631 3573 ἐστιν
1661 3500 1761 3572 ἐπὶγ
1774 3500 1888 3583 τοῖς

212 3602 516 3676 ἀλλοτρίοις
546 3603 730 3672 ἀλγεῖν
772 3602 1027 3672 ἀγαθοῖς,
1058 3602 1135 3674 πὴ
1177 3603 1275 3676 μὲν
1305 3603 1410 3658 ὐπὸ
1446 3604 1742 3676 βασκανίας
1773 3607 1888 3662 ἀλι-

217 3693 556 3763 σκομένους,
601 3690 678 3763 πῆ
711 3691 767 3744 δέ
799 3691 898 3762 τῆς
949 3692 1155 3756 οἰκείας
1188 3692 1388 3756 κακίας
1435 3693 1534 3765 τὴν
1571 3695 1679 3747 τῶν
1710 3692 1887 3748 ἀλλων

221 3779 501 3834 ἀπώλειαν
523 3777 814 3849 εὐτυχίανδ
830 3777 1317 3846 εἷναινομίζοντας,
1332 3779 1531 3845 ἀθλίως
1558 3781 1654 3852 μὲν
1678 3780 1771 3835 καὶ
1790 3798 1888 3836 τα-

218 3863 545 3940 λαιπώρως,
577 3869 899 3938 νομίζοντας
926 3869 971 3922 δ’
998 3864 1092 3925 οῦν
1120 3871 1291 3942 ὅμως·
1341 3870 1404 3925 τὸ
1446 3871 1504 3926 δὲ
1534 3874 1660 3936 τοὺς
1690 3889 1886 3945 γεννη-

223 3956 511 4026 σαμένους,
554 3955 682 4018 τοὺς
729 3953 1249 4027 ἀναθρεψαμένους,
1291 3958 1421 4022 τοὺς
1481 3958 1603 4012 καθ’
1648 3960 1888 4029 ἑκάστην

222 4040 549 4113 εὐχομένους
593 4041 809 4116 ἡμέραν
845 4043 1308 4115 εὐδοκιμωτέρους
1359 4044 1510 4113 σφῶν
1547 4045 1727 4098 αὐτῶν
1759 4046 1887 4111 τοὺς

226 4128 422 4191 παῖδας
457 4128 608 4193 ἰδεῖν,
663 4131 789 4194 τοὺς
819 4130 998 4184 πάντα
1029 4130 1117 4184 διά
1147 4129 1305 4185 τοῦτο
1346 4132 1441 4187 καὶ
1473 4133 1761 4194 ποιοῦντας
1794 4133 1889 4186 καὶ

134 4280 155 4293 ἡ
225 4215 529 4288 πάσχοντας
547 4235 562 4250 ·
597 4215 822 4280 τούτους
847 4217 905 4271 δὲ
954 4217 1144 4290 ὥσπερ
1177 4218 1241 4272 έκ
1265 4236 1411 4283 τινος
1435 4219 1606 4292 μέθης
1631 4220 1889 4292 ἐξαίφνης

232 4303 734 4375 μεταϐαλλομένους
754 4305 959 4375 ἀλγεῖν,
978 4307 1071 4360 ἐπὶ
1095 4307 1384 4379 φιλοσοφίᾳ
1409 4307 1517 4363 τῶν
1533 4307 1738 4362 παίδων
1762 4309 1889 4377 ἀγο-

231 4391 407 4462 μένων
443 4393 650 4457 αὐτοῖς·
680 4394 839 4448 τοῦτό
867 4397 1015 4450 ἐστιν
1046 4396 1074 4451 ὃ
1109 4396 1345 4468 μάλιστα
1374 4399 1590 4453 πάντων
1620 4397 1730 4468 ἐγὼ
1761 4398 1890 4452 θαυ-

232 4477 408 4548 μάζω,
438 4481 535 4534 καὶ
569 4480 665 4535 τοῦ
697 4482 873 4536 πάντα
899 4483 1221 4557 διεφθάρθαι
1246 4487 1544 4558 τεκμήριον
1575 4481 1714 4540 εἷναί
1747 4504 1889 4557 φημι

229 4567 430 4622 ίκανόν.
461 4567 633 4623 Τοῦτο
662 4570 772 4641 γὰρ
801 4571 910 4624 οὐδ’
938 4571 1032 4625 ἐπὶ
1069 4570 1179 4626 τῶν
1204 4572 1512 4644 ἔμπροσθεν
1541 4574 1748 4644 χρόνων
1776 4575 1889 4644 ἔχοι

227 4671 312 4719 τις
341 4655 409 4710 ἂν
443 4659 809 4728 γεγενημένον
846 4661 1040 4725 είπεῖν,
1077 4659 1165 4712 ὅτε
1196 4661 1289 4713 καὶ
1313 4659 1414 4730 τῆς
1435 4660 1644 4729 πλάνης
1670 4662 1890 4732 ἐκράτει

228 4742 517 4814 λαμπρῶς·
565 4745 681 4798 ἀλλ’
727 4748 941 4815 ἐγένετο
988 4748 1088 4817 μὲν
1129 4747 1276 4812 ἅπαξ
1311 4749 1369 4801 ἐν
1414 4748 1675 4820 Ἑλληνίδι
1711 4749 1888 4813 πόλει,

228 4848 487 4904 τυραννου
495 4834 629 4906 μένῃ
649 4835 726 4889 δέ.
743 4836 876 4889 Οὐδὲ
897 4835 1007 4907 γὰρ
1026 4837 1088 4908 δὴ
1104 4836 1223 4890 τότε
1255 4836 1364 4892 τῶν
1388 4838 1590 4907 γονέων
1610 4856 1695 4902 τις
1723 4838 1893 4893 καθά-

230 4936 335 4990 περ
395 4920 517 5006 νῦν,
543 4923 659 4976 ἀλλ’
689 4926 737 4977 οἱ
777 4924 875 4996 τὴν
903 4925 1198 5006 ἀκρόπολιν
1243 4926 1658 4992 καταλαϐόντες,
1693 4927 1891 4998 μᾶλλον

227 5008 284 5060 δὲ
314 5009 435 5063 οὐδὲ
465 5005 610 5065 οὗτοι
637 5012 857 5078 πάντες,
886 5013 1024 5068 ἀλλά
1060 5005 1395 5071 καὶτούτων
1420 5017 1599 5070 αὐτῶν
1627 5019 1653 5070 ό
1680 5013 1888 5086 μιαρώ-

226 5112 387 5161 τατος
416 5098 509 5152 τὸν
539 5098 834 5170 Σωκράτην
864 5100 1121 5164 καλέσας,
1157 5103 1374 5156 ἐκέλευε
1395 5103 1503 5157 τῶν
1525 5102 1666 5175 ὑπὲρ
1686 5103 1891 5171 φιλοσο-

228 5182 357 5252 φίας
396 5184 702 5256 ἀποστῆναι
736 5187 928 5255 λόγων.
961 5189 1104 5242 Ἀλλ’
1137 5191 1342 5255 ἐκεῖνος
1373 5191 1473 5261 μὲν
1504 5192 1599 5245 καὶ
1631 5191 1895 5262 τύραννος

226 5270 323 5324 καὶ
354 5270 582 5336 ἄπιστος
615 5274 708 5327 καὶ
747 5275 896 5345 ὠμὸς
924 5276 1020 5329 καὶ
1045 5277 1133 5330 ἐπ’
1172 5279 1450 5348 ἀνατροπῇ
1484 5279 1582 5349 τῆς
1613 5279 1891 5342 πολιτείας

224 5357 444 5413 ᾶπαντα
477 5361 754 5431 πράττων,
780 5362 873 5415 καὶ
909 5366 1021 5427 τοῖς
1046 5363 1345 5435 ἀλλοτρίοις
1377 5365 1654 5435 ἐντρυφῶν
1677 5368 1887 5431 κακοῖς,

227 5445 322 5499 καὶ
345 5444 501 5511 εἰδὼς
523 5448 604 5501 ὅτι
633 5448 909 5503 πολιτείαν
931 5451 1163 5521 ἀρίστην
1190 5451 1344 5505 οὐδὲν
1374 5452 1561 5523 ἕτερον
1591 5453 1890 5525 ἀνατρέψαι

224 5531 485 5599 δύναται,
517 5532 594 5597 ὡς
630 5535 692 5587 τὸ
736 5535 978 5589 τοιοῦτον
1025 5538 1325 5609 ἐπίταγμα,
1362 5538 1536 5593 ταῦτα
1566 5539 1881 5610 ἐτόλμησεν·

228 5611 373 5674 οὗτοι
401 5619 459 5674 δέ
482 5621 685 5686 πιστοὶ,
717 5623 811 5676 καὶ
831 5626 889 5678 ἐν
917 5624 1336 5697 εὐνομουμέναις
1360 5626 1520 5698 δῆθεν
1550 5627 1736 5681 πόλεσι
1763 5626 1892 5692 ζῶν-

227 5724 338 5772 τες,
382 5711 479 5761 καὶ
511 5710 642 5780 περ)⁵
687 5711 893 5764 παίδων
924 5712 1032 5765 τῶν
1070 5713 1246 5766 αὐτῶν
1281 5713 1673 5785 βουλευόμενοι,
1712 5716 1888 5769 ταῦτα

229 5793 562 5865 φθέγγεσθαι
586 5795 877 5867 τολμῶσιν,
904 5797 939 5851 ἀ
973 5800 1101 5870 περὶ
1128 5798 1232 5852 τῶν
1258 5799 1703 5872 τυραννουμένων
1737 5803 1765 5855 ὁ
1795 5801 1890 5856 τύ·-

286 5965 422 6039 ξξ-ίρ
441 5966 557 6039 Say.
579 5972 634 6039 οῖ
651 5969 749 6039 duo
907 5970 972 6039 Δί
993 5971 1110 6021 Mor.
1133 5972 1397 6023 τούναντίον
1421 5976 1518 6025 ἐστὶ
1546 5979 1682 6039 θανμ.

285 6027 318 6071 δ
341 6029 579 6093 Εὐτυχίαν
605 6030 747 6081 deest
770 6030 819 6081 in
842 6033 1032 6085 duobus
1051 6047 1166 6084 mss.

1990 1957 2199 2012 ραννος,
2222 1941 2320 1994 καὶ
2343 1942 2445 1996 οὐκ
2463 1942 2827 2013 αἰσχύνονται·
2850 1943 2991 1998 ὥστε
3015 1945 3158 2018 ὑπὲρ
3176 1947 3379 2002 τούτων
3403 1949 3605 2019 μᾶλλον
3624 1962 3648 1992 ο

1983 2028 2464 2102 δυσχεραινόντων,
2498 2030 2532 2102 ἢ
2563 2032 2672 2086 τῶν
2704 2031 2878 2087 ἀλλων
2922 2032 3220 2105 θαυμάζειν
3254 2036 3380 2108 χρή.
3423 2039 3535 2092 Καὶ
3562 2039 3652 2093 διὰ

1981 2117 2141 2171 τοῦτο
2167 2118 2263 2172 καῖ
2294 2119 2458 2183 αὐτὸς
2482 2119 2707 2174 ἐκείνων
2744 2121 3034 2192 ἀφέμενος,
3066 2122 3277 2186 τούτοις
3307 2121 3389 2187 οἷς
3420 2126 3650 2195 μάλιστα

1986 2204 2138 2275 μέλει
2166 2202 2275 2259 τῶν
2301 2205 2528 2270 παίδων,
2573 2207 2773 2279 μᾶλλον
2800 2207 2857 2262 δὲ
2893 2202 2973 2272 οἷς
3003 2209 3186 2280 μέλειν
3217 2211 3313 2281 μὲν
3338 2211 3468 2278 ἔδει,
3501 2213 3653 2284 μέλει

1981 2289 2038 2344 δὲ
2079 2290 2354 2362 οὐδαμῶς,
2391 2292 2705 2363 διαλέξομαι
2748 2294 3038 2366 προσηνῶς
3064 2298 3159 2350 καὶ
3207 2299 3323 2367 μετ’
3352 2300 3653 2365 ἐπιεικείας

1983 2377 2202 2449 πολλῆς,
2227 2377 2343 2451 [58]
2362 2379 2615 2435 τοσοῦτον
2642 2382 2840 2445 αὐτοὺς
2857 2385 3335 2456 παραιτησάμενος
3358 2386 3433 2457 μὴ
3462 2386 3653 2458 δυσχε-

1987 2465 2208 2537 ραίνειν,
2241 2466 2376 2538 μηδέ
2394 2467 2738 2536 ἀγανακτεῖν,
2755 2468 2904 2532 εῖτις
2923 2469 2984 2522 τὸ
3009 2469 3282 2536 λυσιτελὲς
3300 2474 3412 2536 τοῖς
3433 2472 3654 2526 ἐκείνων

1983 2553 2138 2607 παισὶ
2163 2554 2362 2625 μᾶλλον
2389 2554 2569 2610 αὐτῶν
2599 2555 2827 2609 ἐκείνων
2853 2556 3052 2610 εἰδέναι
3078 2557 3290 2626 λέγοιδ.
3319 2559 3392 2612 Οὐ
3426 2559 3533 2631 γὰρ
3556 2561 3655 2630 ἀρι-

1983 2642 2071 2693 κεῖ
2099 2641 2161 2695 τδ
2202 2643 2423 2711 σπεῖραι
2465 2641 2632 2696 παῖδα
2670 2640 2808 2713 πρὸς
2847 2642 2909 2696 τὸ
2958 2645 3234 2714 συμφέρον
3272 2656 3296 2684 θ
3330 2645 3423 2698 τὸν
3461 2662 3654 2716 γεννη-

1983 2727 2145 2784 θέντα
2168 2728 2372 2796 διδάξαι
2399 2728 2488 2782 τδν
2503 2729 2918 2801 γεννησάμενον,
2940 2729 3074 2784 ἀλλά
3100 2732 3238 2802 πρὸς
3269 2732 3366 2802 μὲν
3382 2732 3480 2801 τὴν
3502 2732 3656 2802 φιλο-

1984 2817 2240 2888 στοργίαν
2303 2814 2397 2870 τοῦ
2438 2815 2724 2888 τεχθέντος
2790 2816 3002 2887 μεγάλα
3030 2818 3095 2873 ἂν
3120 2818 3280 2872 τοῦτο
3308 2819 3654 2890 συμϐάλοιτο.

1974 2903 2118 2974 ,πρὸς
2147 2903 2206 2957 δὲ
2239 2902 2300 2957 τὸ
2332 2903 2526 2974 μαθεῖν
2558 2904 2723 2957 αὐτοῦ
2754 2903 2816 2956 τὸ
2847 2904 3122 2969 λυσιτελὲς
3149 2905 3413 2977 ἀκριϐῶς,
3439 2905 3562 2960 οὕτε
3595 2906 3658 2961 τὸ

1985 2986 2230 3061 σπείρειν
2258 2988 2383 3044 οὔτε
2408 2991 2470 3044 τὸ
2497 2991 2673 3059 φιλεῖν
2706 2991 2991 3062 ἀρκέσειεν
3010 2992 3096 3047 ἀν.
3132 2991 3286 3046 Ἐπεὶ
3309 2995 3357 3047 εί
3390 2994 3547 3048 τοῦτο
3565 2990 3655 3065 ἦν,

1983 3076 2173 3131 οὐδένα
2195 3076 2291 3131 ἀνθ
2302 3076 2498 3149 ρώπων
2514 3077 2720 3149 πατρὸς
2747 3078 2948 3147 μᾶλλον
2967 3078 3027 3131 τὸ
3041 3080 3310 3150 χρήσιμον
3334 3080 3502 3150 ἐχρῆν
3524 3082 3658 3153 ὁρᾷν

1983 3162 2062 3234 τῷ
2091 3163 2274 3236 παιδί,
2309 3163 2496 3236 ἐπειδὴ
2536 3165 2675 3235 μήτε
2706 3164 2881 3234 φιλεῖν
2911 3164 3112 3235 μᾶλλον
3150 3166 3316 3219 αὐτοῦ
3351 3166 3458 3220 τῶν
3484 3166 3658 3222 ἄλλων

1991 3251 2208 3306 δύναιτὸ
2228 3234 2333 3315 ’τις
2362 3234 2570 3306 τοῦτον·
2600 3234 2704 3305 νῦν
2740 3251 2798 3305 δὲ
2831 3234 2926 3306 καὶ
2957 3250 3110 3305 αὐτοὶ
3138 3252 3189 3305 οἱ
3217 3252 3453 3323 πατέρες
3486 3253 3554 3307 δι’
3582 3247 3658 3310 ὧν

1993 3337 2241 3392 ποιοῦσιν
2269 3337 2590 3409 ὁμολογοῦσι
2628 3336 2787 3391 τοῦτο
2820 3338 3055 3407 ἀγνοεῖν,
3089 3338 3214 3392 ὅταν
3243 3338 3380 3411 πρὸς
3407 3339 3658 3396 διδασκά-

1991 3424 2114 3488 λους
2154 3424 2359 3495 ἄγωσιν
2397 3422 2444 3491 ί,
2486 3426 2614 3478 ὅταν
2668 3424 3039 3493 παιδαγωγοῖς
3075 3424 3480 3495 ἐγχειρίζωσιν,
3531 3426 3661 3481 ὅταν

1995 3511 2222 3585 μυρίους
2248 3502 2716 3584 παραλαμϐάνωσι
2737 3511 3073 3583 συμϐούλους
3091 3551 3108 3576 ,
3140 3512 3269 3583 περὶ
3293 3512 3391 3583 τῆς
3417 3511 3510 3566 τοῦ
3543 3512 3661 3583 βίου

1992 3600 2391 3673 προαιρέσεως,
2419 3602 2503 3671 ἐφ’
2532 3601 2598 3673 ἣν
2622 3600 2714 3655 τὸν
2743 3600 2906 3655 παῖδα
2935 3599 3090 3670 ἄγειν
3127 3600 3227 3667 δεῖ,
3260 3600 3659 3671 βουλευόμενοι.

1992 3687 2104 3742 Καὶ
2133 3688 2193 3741 οὐ
2228 3686 2384 3741 τοῦτό
2421 3706 2509 3742 πω
2544 3687 2875 3759 θαυμαστὸν,
2906 3687 3020 3741 ἀλλ’
3046 3688 3128 3742 ὃτι
3159 3687 3422 3753 πολλάκις
3465 3688 3661 3759 βουλῆς

1992 3776 2302 3847 γινομένης,
2328 3774 2427 3847 τὴν
2453 3774 2643 3830 αὐτῶν
2656 3776 2761 3829 ἀκυ
2771 3772 3062 3846 ρώσαντες,
3084 3773 3182 3846 τὴν
3207 3774 3408 3846 ἐτέρων
3428 3774 3660 3846 ἔστησαν

1993 3862 2134 3934 ὑπὲρ
2158 3863 2266 3917 τῶν
2295 3862 2512 3917 οἰκείων
2541 3862 2920 3934 βουλευόμενοι
2940 3862 3164 3916 παίδων.
3194 3862 3286 3934 Μὴ
3310 3864 3489 3918 τοίνυν
3527 3865 3661 3936 μηδᾶ

1994 3951 2130 4023 πρὸς
2156 3952 2305 4023 ἡμᾶς
2326 3951 2602 4025 δυσχερῶς
2630 3951 2924 4029 ἐχέτωσαν,
2958 3951 3011 4003 εί
3028 3948 3279 4021 λέγοιμεν
3299 3951 3361 4003 τδ
3384 3951 3658 4023 συμφέρον

1991 4039 2176 4102 αὐτοῖς
2206 4038 2404 4093 εἰδέναι
2435 4039 2654 4111 μᾶλλον·
2684 4038 2800 4092 ἀλλ’
2823 4040 2871 4091 εί
2903 4037 2976 4109 μὴ
3007 4035 3097 4090 διὰ
3126 4037 3236 4091 τῶν
3256 4037 3429 4107 λόγων
3448 4037 3659 4092 ἀποδεί-

1993 4124 2206 4195 ξαιμεν,
2240 4125 2362 4178 τότε
2390 4130 2715 4198 κατηγορεῖν
2743 4127 2787 4191 Β,
2818 4125 2939 4179 τότε
2964 4124 3269 4180 διαϐάλλειν
3295 4125 3371 4190 ὡς
3397 4124 3658 4190 ἀλαζόνας

1993 4215 2154 4278 ὄντας
2189 4215 2284 4268 καὶ
2328 4215 2610 4287 λυμεῶνας
2642 4215 2735 4269 καὶ
2766 4215 2867 4286 τῆς
2896 4215 3110 4284 φύσεως
3151 4214 3370 4287 ἀπάσης
3407 4215 3655 4287 ἐχθρούς.

2066 4302 2135 4373 β’.
2157 4302 2282 4365 Πῶς
2297 4297 2389 4355 οῦν
2401 4303 2558 4356 τοῦτο
2570 4303 2717 4356 ἔσται
2730 4303 2889 4374 δῆλον
2908 4304 3001 4357 καί
3018 4302 3181 4357 πόθεν
3198 4302 3544 4375 εἰσόμεθῦιτίς
3563 4304 3657 4375 μὲν

1992 4393 2021 4444 ὁ
2037 4390 2098 4444 τὸ
2120 4389 2396 4461 συμφέρον
2416 4389 2583 4454 ὅντως
2609 4390 2770 4463 ὁρῶν,
2793 4391 2875 4454 τίς
2903 4392 2960 4444 δὲ
2983 4393 3011 4444 ὁ
3033 4390 3204 4445 δοκῶν
3230 4391 3328 4461 μὲν
3347 4393 3500 4464 όρᾷν,
3518 4392 3662 4462 δρῶν

1993 4476 2050 4530 δὲ
2082 4475 2366 4546 οὐδαμῶς;
2401 4478 2497 4529 Ἂν
2523 4476 2648 4539 τοὺς
2680 4477 2811 4546 παρ’
2835 4475 3189 4546 ἐμοῦ”λὸγους
3220 4477 3468 4549 καθάπερ
3508 4480 3658 4542 τινὰς

1995 4564 2402 4634 ἀνταγωνιστὰς
2442 4564 2522 4627 εἰς
2572 4563 2818 4628 ἐξέτασιν
2862 4563 3104 4617 κατιέναι
3147 4566 3660 4632 καταναγκάσαντες

1995 4653 2091 4706 κα)⁸
2120 4650 2523 4723 συμπλακῆναι,
2557 4651 2684 4722 περὶ
2714 4650 2920 4704 τούτων
2946 4649 3265 4714 ἀδεκάστοις
3296 4654 3508 4721 κριταῖς
3539 4654 3656 4707 ἐπι-

1994 4738 2283 4811 τρέψωμεν
2318 4740 2417 4808 τὴν
2460 4736 2720 4802 ἐξέτασιν.
2760 4738 2817 4791 '0
2859 4737 2958 4809 μέν
2988 4733 3083 4792 οῦν
3116 4737 3212 4791 τοῦ
3251 4737 3461 4806 ἀγῶνος
3494 4740 3656 4811 νόμος

1996 4827 2133 4899 πρὸς
2159 4826 2245 4879 τὸν
2272 4826 2593 4899 Χριστιανὸν
2618 4825 2945 4880 ἀποδύεσθαι
2977 4825 3208 4887 κελεύει,
3236 4827 3329 4879 καὶ
3352 4827 3488 4898 πρὸς
3512 4829 3655 4882 ἐκεῖ·

1997 4931 2084 4966 νον
2110 4911 2471 4982 ἀγωνίζεσθαι
2503 4914 2659 4985 μόνον
2681 4912 2732 4979 ιι,
2764 4915 2858 4967 καὶ
2886 4914 3067 4967 πλεῖον
3098 4913 3250 4966 οὐδὲν
3277 4915 3498 4968 ἀπαιτεῖ
3524 4916 3654 4986 παρ’

1996 5000 2171 5070 ἡμῶν.
2220 5000 2282 5054 Τί
2310 5000 2420 5070 γάρ
2445 5018 2546 5070 μοι
2573 5000 2671 5055 καὶ
2713 5001 2855 5067 τοὺς
2882 5000 2997 5065 ἔξω
3033 5001 3297 5070 κρίνειν;
3328 5001 3357 5054 ό
3389 5002 3657 5074 μακάριος

1996 5087 2207 5151 Παῦλός
2231 5105 2416 5159 φησιν.
2437 5089 2577 5142 Ἀλλ’
2602 5089 2788 5159 ἐπειδὴ
2820 5088 3109 5160 συμϐαίνει
3141 5089 3369 5153 πολλοὺς
3403 5091 3498 5143 καὶ
3529 5091 3657 5144 ἀπε-

1997 5191 2155 5239 στους
2173 5173 2440 5229 εἶναιτῶν
2465 5176 2601 5248 πρὸς
2625 5177 2715 5231 τὸν
2738 5174 2967 5248 οὐρανὸν
2992 5175 3302 5247 ἑλκομένων
3325 5178 3532 5232 παίδων
3553 5194 3655 5233 πα-

1994 5262 2189 5332 τέρας·
2220 5263 2398 5317 καίτοι
2429 5280 2494 5331 γε
2525 5262 2617 5317 τοῦ
2650 5263 2818 5333 νόμου
2845 5263 2955 5316 τῶν
2993 5263 3217 5331 ἀγώνων
3242 5264 3490 5332 ἀφιέντος
3508 5267 3660 5335 ἡμᾶς

1993 5348 2095 5418 τῆς
2121 5350 2258 5422 πρὸς
2289 5348 2512 5413 τούτους
2549 5350 2728 5421 μάχης
2749 5391 2762 5413 ,
2794 5350 3010 5412 ἐκόντες
3038 5350 3192 5403 αὐτοὶ
3230 5352 3324 5404 καὶ
3355 5351 3491 5422 μετά
3520 5368 3653 5421 προ-

1995 5436 2194 5510 θυμίας
2216 5438 2311 5493 καὶ
2331 5438 2466 5510 πρὸς
2486 5433 2710 5502 τούτους
2729 5436 3108 5508 ἀποδυσόμεθα
3122 5437 3388 5508 πρώτους.
3413 5440 3523 5493 Καὶ
3542 5438 3652 5490 εῖθε

2058 5614 2081 5675 ἲ
2107 5612 2187 5675 Sto
2209 5596 2583 5675 οωηοέρτωιθι·
2605 5611 2725 5661 Mor.
2750 5613 2835 5674 qui
2857 5611 3009 5675 habgl
3034 5611 3255 5675 μάλιστα.

2057 5672 2084 5713 d
2106 5673 2190 5725 Sic
2210 5667 2515 5725 corwxi'mus
2538 5688 2568 5723 e
2592 5667 2785 5724 duobué
2803 5687 2915 5723 mss.
2941 5667 3058 5723 Μοιί.
3090 5677 3143 5721 ει
3164 5669 3331 5721 Monlf.
3352 5671 3463 5733 λέγῃ
3480 5706 3493 5728 ,
3535 5667 3655 5718 Sav.

1994 5736 2395 5873 lfxagifﬁgrel;
2429 5796 2539 5846 Sav.
2563 5797 2733 5873 παῖδα,
2751 5796 2836 5873 καὶ
2853 5795 2908 5843 τὸ
2928 5794 3181 5870 συμφέρον,
3196 5796 3291 5869 ςιε.
3316 5792 3425 5841 Duo
3445 5788 3653 5841 manu!

1993 5858 2049 5906 τὸ
2076 5858 2313 5922 συμφέρον
2334 5859 2405 5919 τῷ
2427 5858 2684 5919 γεννηθέντι
2707 5858 2887 5912 διδάξαι
2905 5858 2985 5905 τὸν
3007 5858 3368 5918 φυτευσάμενον.
3618 5884 3623 5893 .

2063 5916 2082 5956 τ
2109 5916 2220 5967 Duo
2241 5933 2357 5967 mss.
2385 5921 2618 5967 ἀγάγωσι.

2064 5936 2076 5956 ι
2112 5936 2220 5967 uno
2241 5936 2357 5967 mss.
2385 5936 2618 5979 αγαγωσι.

2061 5981 2085 6049 ξ
2112 5981 2297 6049 ξιιρριιξ
2321 5980 2407 6049 δεῖ.
2437 5981 2572 6049 Enn.
2700 6041 2712 6049 _
2735 6044 2744 6049 _
2772 6039 2815 6049 η
2918 6038 2932 6049 _
3043 6036 3055 6049 ’

2059 6037 2085 6080 ἱ
2113 6035 2196 6091 Sid
2220 6035 2329 6090 ἕξιν.
2356 6046 2405 6090 et
2431 6042 2527 6091 duo
2546 6053 2658 6090 mss.
2687 6041 2748 6092 At
2772 6039 2888 6090 Mor.
2910 6036 3212 6100 ἀγωνίζεσθαι
3235 6035 3427 6097 μᾶλλον.
