4088 6138
279 412 388 468 $3

277 522 420 579 libus
457 518 697 589 patribus
722 522 877 572 natos
903 530 1023 571 esse
1042 557 1056 580 ,
1086 517 1297 571 etiamsi
1327 517 1415 571 lex
1441 517 1748 574 certaminis
1772 532 1872 575 nos

277 628 310 668 a
333 624 512 682 pugna
545 623 668 664 cum
698 606 783 662 his
801 606 1035 662 ineunda
1066 607 1262 663 liberos
1292 607 1455 673 sinat,
1485 616 1676 677 sponte
1697 616 1876 664 tamen

275 702 379 774 ipsi
406 709 461 758 et
485 701 738 756 alacriter
766 699 900 755 istos
939 699 1137 770 primos
1161 699 1519 769 aggredimur.
1551 698 1723 770 Atque
1767 698 1875 754 uti»

273 811 399 851 nam
420 794 682 850 adversus
702 794 801 848 hos
819 801 1020 847 tantum
1042 793 1196 847 nobis
1212 801 1484 848 certamen
1503 802 1665 860 esset,
1688 809 1874 864 quam-

275 900 433 955 quam
463 883 567 938 hoc
596 884 863 938 difﬁcilius
904 884 1009 950 sit,
1042 884 1413 954 plurimasque.
1435 898 1597 939 ansas
1645 884 1870 940 habeat:

270 975 529 1029 Animalia
557 975 699 1028 enim
729 974 875 1027 homo
906 990 1005 1027 non
1029 973 1237 1043 percipit
1258 990 1318 1027 ea
1344 990 1456 1044 qua:
1477 983 1591 1027 sunt
1614 974 1865 1044 Spiritus;

268 1066 486 1122 stultitia
528 1067 714 1135 quippe
742 1076 810 1119 est
839 1066 918 1118 illi
943 1064 962 1137 (
983 1066 1032 1118 l.
1060 1064 1178 1119 Cor.
1208 1066 1260 1119 -l.
1288 1067 1352 1122 14
1373 1064 1390 1134 )
1414 1083 1426 1120 :
1470 1065 1716 1135 idemque
1744 1082 1872 1123 con-

273 1158 431 1225 tingit
455 1172 517 1211 ac
545 1159 589 1211 si
620 1158 742 1227 quis
772 1158 931 1212 vellet
958 1157 1024 1211 ad
1054 1172 1291 1211 amorem
1339 1159 1488 1227 regni
1514 1159 1752 1228 aliquem
1785 1160 1870 1213 iu—

271 1249 509 1313 ducere,
558 1249 645 1318 qui
677 1248 912 1303 nondum
956 1249 1199 1304 crederet
1232 1264 1343 1303 rem
1378 1250 1543 1318 ipSam
1588 1251 1867 1305 exsistere.

268 1341 523 1397 Attamen
554 1342 714 1396 rebus
741 1341 934 1395 nostris
970 1340 1048 1396 sic
1084 1341 1136 1395 in
1168 1351 1446 1411 angustum
1480 1343 1743 1409 redactis,
1775 1343 1872 1397 ad-

266 1448 459 1489 versus
485 1434 610 1486 istos
635 1443 834 1486 tantum
857 1442 1124 1487 certamen
1148 1435 1274 1487 mihi
1299 1448 1416 1488 esse
1443 1448 1715 1505 cuperem.
1738 1435 1867 1490 Nam

267 1525 528 1580 adversus
549 1525 759 1580 fidelem
780 1535 1089 1594 argumenta
1113 1533 1401 1597 suppetunt
1436 1542 1593 1596 quam
1617 1528 1864 1597 plurima,

265 1617 370 1672 etsi
393 1624 551 1671 tanta:
571 1617 738 1685 copia:
759 1617 1084 1686 voluptatem
1116 1618 1365 1673 obscuret
1397 1619 1731 1673 verecundia:
1754 1635 1867 1673 ma-

263 1708 509 1780 gnitudo.
542 1708 707 1764 Pudet
748 1711 891 1764 enim
921 1725 1008 1765 me
1035 1709 1177 1780 quod
1207 1710 1462 1765 adversus
1490 1710 1633 1771 hunc
1657 1727 1753 1781 pro
1783 1711 1867 1767 bis

267 1818 499 1872 pugnam
529 1803 867 1858 committere
891 1818 1071 1872 cogar,
1120 1818 1416 1873 vereorque
1444 1819 1513 1858 ne
1549 1802 1653 1858 hoc
1691 1805 1864 1858 solum

264 1896 477 1950 crimen
500 1895 714 1964 gentilis
751 1894 872 1964 jure
902 1894 1032 1949 mihi
1062 1895 1228 1964 possit
1252 1894 1520 1963 objicere:
1550 1910 1673 1949 nam
1698 1895 1749 1949 in
1775 1910 1863 1950 re-

264 1986 424 2054 liquis
445 1985 592 2039 illum
620 2000 721 2055 ope
742 1984 938 2041 divinae
963 1986 1146 2056 gratia:
1173 1984 1328 2041 facile
1365 1988 1638 2053 capiemus
1662 2004 1675 2039 :
1705 1995 1864 2056 atque

261 2076 306 2129 si
331 2075 558 2130 voluerit
581 2086 739 2146 grato
752 2076 931 2130 animo
954 2075 1261 2146 procedere,
1284 2076 1391 2130 cito
1411 2075 1558 2130 illum
1578 2092 1684 2130 non
1703 2076 1862 2131 modo

259 2165 329 2219 ad
367 2180 607 2219 amorem
644 2164 801 2234 hujus
825 2165 946 2220 vitae
990 2165 1359 2232 traducemus,
1390 2181 1573 2221 verum
1604 2167 1670 2221 ad
1698 2167 1862 2236 ipsius

263 2271 479 2326 quoque
516 2256 773 2311 doctrina:
800 2256 1121 2313 desiderium
1142 2297 1156 2321 ,
1201 2272 1229 2310 a
1274 2273 1381 2327 quo
1407 2258 1510 2311 vita
1541 2257 1657 2312 hare
1700 2274 1860 2328 argu—

264 2357 509 2404 mentum
536 2359 590 2404 et
620 2348 828 2403 initium
860 2349 1026 2403 ducit.
1056 2349 1283 2403 Tantum
1312 2350 1455 2404 enim
1482 2351 1631 2405 abest
1656 2339 1857 2405 ut'cerm

262 2453 443 2497 tamen
468 2441 729 2496 adversus
754 2442 901 2495 illum
929 2440 1113 2496 subire
1139 2450 1373 2496 metuam
1404 2482 1418 2506 ,
1463 2451 1521 2495 ut
1544 2457 1665 2497 cum
1692 2458 1861 2513 expu-

257 2540 422 2602 gnatu
468 2531 826 2586 difﬁciliorem
871 2546 988 2586 mea
1028 2533 1269 2587 oratione
1317 2533 1692 2600 constituero,
1746 2544 1859 2590 tum

257 2624 474 2679 demum
512 2637 745 2693 pugnam
798 2623 1094 2692 aggrediar.
1137 2623 1424 2693 Fingamus
1469 2625 1611 2679 enim
1651 2634 1855 2694 patrem

257 2715 566 2784 hujusmodi
596 2730 702 2768 non
730 2714 888 2769 modo
922 2714 1177 2784 gentilem
1218 2729 1338 2770 esse
1361 2756 1376 2780 ,
1420 2715 1515 2771 sed
1545 2732 1655 2785 prae
1683 2718 1858 2772 omni-

255 2807 355 2862 bus
382 2806 687 2860 hominibus
725 2805 965 2872 divitem,
1006 2805 1288 2875 insignem,
1327 2807 1562 2875 potentia
1600 2808 1856 2878 singulari

254 2898 567 2967 praeditum:
600 2897 794 2951 habeat
820 2910 977 2965 agros
1006 2897 1282 2965 plurimos,
1315 2897 1459 2952 aedes
1488 2898 1704 2966 multas,
1734 2900 1853 2954 auri

254 2987 536 3041 innumera
570 2986 787 3041 talenta.
822 2985 903 3041 Sit
931 2984 1152 3054 insuper
1181 2987 1325 3056 regia
1364 2988 1532 3056 patria
1554 3029 1569 3054 ,
1601 2988 1853 3043 illustris-

256 3081 392 3134 simo
420 3095 641 3151 genere,
676 3080 810 3133 ﬁlios
837 3078 968 3132 alios
1008 3093 1182 3148 neque
1213 3078 1437 3143 habeat,
1469 3095 1642 3150 neque
1667 3096 1727 3135 se
1757 3081 1853 3135 ha-

253 3171 488 3226 biturum
515 3178 718 3240 speret;
750 3169 844 3225 sed
869 3185 936 3225 ex
964 3170 1065 3224 hoc
1091 3170 1208 3225 solo
1236 3168 1482 3239 pendeat.
1511 3170 1623 3225 lmo
1649 3179 1703 3225 et
1724 3170 1840 3239 ipse

254 3266 325 3319 sit
367 3280 590 3320 summa:
620 3264 731 3333 Spei
756 3305 771 3330 ,
798 3273 958 3334 atque
1000 3263 1069 3318 ad
1112 3263 1332 3332 imperia
1363 3271 1572 3317 mature
1597 3278 1849 3319 ascensu-

251 3372 347 3412 rus
366 3399 381 3423 ,
410 3365 720 3427 patremque
761 3356 1047 3426 splendore
1083 3363 1436 3425 superaturus
1464 3365 1807 3425 exspectetur
1829 3398 1845 3422 ,

251 3448 606 3518 omnibusque
644 3448 762 3501 vitae
806 3447 1101 3502 commodis
1145 3448 1301 3517 longe
1351 3448 1666 3501 auteiturus.
1713 3448 1847 3503 Tum

249 3554 381 3595 vero
429 3539 483 3594 in
512 3538 689 3595 medio
720 3548 878 3593 tant-.e
906 3538 1019 3608 spei
1050 3537 1270 3593 accedat
1294 3537 1484 3606 aliquis
1505 3579 1519 3603 ,
1553 3538 1725 3608 deque
1752 3540 1850 3594 bae

250 3629 587 3711 philosophia
628 3642 793 3692 verba
833 3629 1068 3701 faciens,
1118 3627 1437 3706 persuadeat
1476 3627 1525 3684 ei
1567 3636 1627 3683 ut
1656 3631 1850 3698 spretis

247 3730 500 3786 omnibus
522 3739 720 3784 vestem
750 3742 809 3783 se
834 3727 1081 3782 rusticam
1110 3726 1312 3795 induat,
1339 3741 1401 3781 ac
1417 3724 1598 3781 relicta
1626 3722 1757 3781 urbe
1780 3719 1849 3781 ad

249 3832 489 3879 montem
510 3820 809 3890 confugiat:
839 3820 1014 3888 ibique
1042 3820 1259 3887 plantct,
1292 3819 1446 3888 riget,
1476 3833 1668 3888 aquam
1692 3817 1845 3884 ferat,

249 3926 558 3983 ceteraque
602 3911 982 3966 monachorum
1028 3908 1189 3963 faciat
1227 3924 1424 3979 opera,
1461 3924 1581 3978 qua:
1629 3907 1748 3961 vilia
1791 3916 1847 3962 et

248 4005 465 4074 indigna
503 4018 624 4058 esse
671 4002 983 4057 videantur:
1014 4001 1084 4054 sit
1122 4009 1376 4069 praeterea
1400 3999 1555 4052 nudis
1591 3997 1844 4067 pedibus,

247 4096 399 4149 humi
428 4094 620 4158 cubet;
652 4091 1018 4160 efﬁciaturque
1041 4105 1220 4144 macer
1245 4099 1299 4143 et
1328 4089 1551 4159 pallidus
1578 4090 1847 4142 formosus

246 4187 340 4241 ille
363 4185 494 4239 olim
519 4183 851 4247 adolescens,
878 4183 965 4253 qui
997 4182 1155 4235 tantis
1182 4190 1336 4236 antea
1360 4181 1412 4234 in
1451 4179 1654 4234 deliciis
1681 4179 1847 4233 hono-

246 4278 503 4347 ribusque
523 4276 780 4346 degebat,
806 4285 1068 4346 tantmque
1091 4275 1204 4344 spei
1225 4282 1359 4340 erat,
1387 4273 1666 4342 viliorique
1689 4289 1845 4342 quam

245 4371 389 4425 servi
415 4370 498 4424 sui
528 4378 676 4424 veste
701 4368 980 4424 induatur:
1008 4384 1134 4422 num
1163 4368 1291 4422 satis
1329 4368 1520 4421 multas
1549 4366 1846 4422 accusatori

247 4463 497 4519 dedimus
524 4476 716 4527 ansas,
756 4476 822 4514 an
862 4460 991 4514 satis
1033 4458 1395 4513 adversarium
1451 4457 1844 4511 instruximus?

250 4556 308 4610 Si
351 4555 468 4609 haec
505 4569 610 4608 non
655 4546 786 4607 satis
829 4552 971 4617 sint,
1018 4550 1121 4604 alia
1169 4564 1379 4619 quoque
1417 4549 1841 4617 suppeditemus.

256 4651 527 4704 l‘rmterea
555 4662 745 4700 omnes
773 4654 981 4699 moveat
1014 4641 1287 4695 machinas
1311 4650 1462 4710 pater
1482 4681 1497 4705 ,
1525 4647 1582 4693 ut
1612 4638 1774 4691 ﬁlium
1813 4653 1842 4690 a

248 4742 528 4812 proposito
568 4738 832 4803 deducat;
877 4737 971 4791 sed
1011 4738 1312 4799 incassum,
1370 4741 1551 4801 utpote
1591 4748 1710 4785 cum
1756 4731 1845 4785 ille

246 4849 409 4903 supra
440 4842 645 4902 petram
673 4831 964 4885 collocatus
995 4828 1083 4892 sit,
1130 4842 1193 4881 ac
1219 4825 1545 4890 fluminibus,
1576 4823 1766 4892 pluviis
1791 4832 1844 4876 et

245 4929 424 4982 ventis
462 4924 654 4979 cedere
692 4938 796 4976 non
824 4922 992 4974 norit:
1024 4920 1201 4989 lugeat
1228 4918 1353 4972 item
1382 4926 1532 4985 pater
1578 4925 1736 4985 atque
1764 4914 1841 4969 la-

246 5031 461 5087 crymas
489 5016 716 5074 emittat,
750 5013 819 5065 ita
851 5023 910 5065 ut
939 5010 1360 5079 indignationem
1384 5007 1623 5060 omnium
1657 5017 1841 5060 contra

248 5122 349 5162 nos
379 5106 667 5161 incendat:
715 5104 993 5158 universos
1033 5101 1339 5170 frequenter
1381 5099 1536 5154 adeat
1566 5108 1623 5153 ut
1661 5114 1758 5153 nos
1789 5100 1840 5153 in

243 5200 451 5254 crimen
483 5204 664 5250 vocet:
692 5193 899 5260 Genui,
923 5192 1138 5247 educavi
1165 5232 1178 5257 ,
1210 5200 1526 5259 :etatemque
1549 5205 1758 5244 omnem
1789 5190 1839 5244 in

243 5288 501 5343 mrumnis
527 5285 776 5346 contrivi,
823 5293 1015 5338 cuncta
1055 5297 1218 5351 agens
1262 5289 1316 5334 et
1347 5280 1554 5349 patiens
1581 5320 1594 5343 ,
1629 5295 1749 5349 qua:
1774 5296 1841 5333 ex

248 5379 350 5435 hac
391 5379 684 5433 liberormn
711 5374 1027 5430 educatione
1052 5371 1297 5425 accidere
1324 5372 1499 5424 solent
1528 5386 1541 5423 :
1568 5384 1715 5438 spem
1749 5370 1843 5422 ba-

245 5469 334 5524 bui
359 5470 619 5538 Optimam
643 5508 658 5534 ,
690 5466 1006 5535 pccdagogos
1028 5464 1331 5532 alloquutus
1357 5476 1473 5514 sum
1494 5500 1510 5527 ,
1555 5460 1841 5529 magistros

245 5558 571 5625 obsecravi,
624 5557 876 5627 pecunias
918 5554 1192 5623 impendi,
1241 5551 1455 5622 vigilavi
1485 5566 1628 5620 smpe
1653 5567 1836 5604 curam

244 5665 442 5719 gerens
461 5649 528 5702 de
554 5655 765 5712 ornatu,
794 5646 859 5700 de
882 5646 1229 5710 institutione,
1256 5654 1312 5698 ut
1332 5643 1595 5712 majorum
1622 5656 1838 5697 suorum

245 5741 449 5795 nemini
472 5739 693 5794 inferior
715 5747 876 5804 esset,
895 5747 953 5791 ut
977 5736 1224 5790 omnibus
1244 5743 1524 5805 appareret
1546 5734 1834 5791 illustrior:

248 5832 630 5905 expectabam
658 5830 818 5910 bunc_
839 5829 1096 5889 senectuti
1139 5844 1273 5887 mea:
1301 5828 1490 5887 solatio
1516 5826 1630 5886 fore
1661 5846 1673 5884 :
1709 5845 1835 5902 pro-

1040 403 1404 462 ADVERSUS
1444 404 1992 465 OPPUGNATORES
2028 407 2215 467 VITIE
2251 409 2543 470 MONAST.
2583 413 2714 472 LIB.
2755 416 2821 474 ll.

3456 430 3562 487 534

1984 536 2138 578 eessu
2159 526 2412 596 temporis
2430 526 2499 583 de
2517 543 2685 586 uxore
2709 539 2763 586 et
2787 531 2856 589 de
2881 535 3225 595 matrimonio
3241 542 3556 611 cogitabam,

1980 613 2048 669 de
2068 615 2324 685 imperio,
2355 617 2424 673 de
2461 620 2808 690 magistratu;
2849 639 2972 687 eum
3013 625 3302 700 derepente
3329 647 3429 689 ceu
3459 633 3558 690 ful-

1981 718 2102 759 men
2128 717 2183 759 et
2212 707 2449 774 procella
2479 710 2662 764 nescio
2701 712 2841 768 unde
2884 713 3095 791 irruens
3121 722 3559 788 pretiosissimam

1979 813 2170 853 navem
2192 841 2209 867 ,
2240 801 2419 856 multis
2462 805 2687 859 sarcinis
2720 807 3006 874 refertam,
3031 809 3305 883 latumque
3345 816 3561 886 pelagus

1978 906 2273 958 emensam,
2293 896 2528 951 secundo
2545 908 2703 953 vento
2723 904 3079 972 navigantem,
3097 920 3215 960 cum
3225 906 3334 977 jam
3350 921 3558 978 portum

1976 984 2290 1053 attingeret,
2326 1002 2489 1056 prope
2528 987 2699 1056 ipsum
2725 991 2919 1046 ostium
2960 993 3246 1050 demersit:
3281 1009 3559 1071 metusque

1978 1074 2164 1143 ingens
2193 1077 2373 1141 adest,
2407 1094 2474 1133 ne
2519 1095 2622 1134 non
2652 1082 2810 1136 modo
2851 1093 3146 1140 extremam
3170 1100 3554 1159 paupertatem,

1975 1168 2068 1222 sed
2089 1170 2246 1222 etiam
2265 1170 2620 1227 miserabilem
2644 1184 2869 1230 mortem
2886 1192 2950 1231 ac
2967 1179 3253 1247 perniciem
3273 1182 3388 1237 viro
3402 1185 3560 1239 tantis

1975 1257 2177 1313 divitiis
2215 1261 2475 1317 instructo
2517 1279 2655 1318 sreva
2714 1273 3002 1335 tempestas
3045 1269 3250 1326 afferat.
3295 1271 3385 1328 Sic
3434 1289 3559 1344 pro-

1975 1348 2115 1405 fecto
2154 1351 2283 1406 mihi
2323 1369 2463 1409 nunc
2491 1356 2729 1426 contigit.
2771 1357 3014 1429 Namque
3058 1363 3420 1420 exsecrabiles
3450 1366 3554 1434 illi,

1976 1456 2315 1512 corruptores
2336 1485 2350 1511 ,
2399 1447 2710 1504 seductores
2740 1449 2761 1522 (
2782 1449 2897 1505 haec
2920 1451 3064 1507 enim
3091 1453 3232 1508 dicat
3254 1497 3270 1519 ,
3299 1457 3430 1511 nihil
3474 1459 3553 1514 illi

1975 1533 2451 1607 succcnsebimus)
2497 1546 2656 1593 tantae
2691 1540 2804 1608 spei
2842 1540 3042 1608 filium,
3082 1546 3372 1600 senectutis
3420 1563 3554 1604 mea:

1973 1624 2266 1691 nutritium,
2290 1640 2386 1680 ceu
2406 1627 2619 1696 quidam
2646 1630 2925 1697 praedones
2945 1632 2996 1686 in
3026 1633 3241 1690 latibula
3258 1652 3353 1691 sua
3382 1638 3553 1694 abdu-

1974 1729 2133 1771 xere:
2156 1716 2396 1786 adeoque
2422 1718 2569 1773 illum
2591 1719 2703 1774 suis
2739 1722 3066 1778 carminibus
3100 1737 3542 1795 exeantaverunt,

1969 1814 2024 1857 ut
2052 1804 2201 1858 malit
2230 1805 2486 1862 adversus
2515 1809 2739 1877 ferrum,
2775 1810 2951 1881 ignem
2976 1855 2988 1876 ,
3018 1814 3252 1884 belluas,
3285 1818 3550 1876 adversus

1969 1895 2147 1950 omnia
2180 1896 2413 1968 denique
2438 1908 2602 1966 stare,
2621 1918 2782 1972 quam
2815 1902 2884 1959 ad
2914 1905 3147 1974 priorem
3169 1907 3432 1966 fortunam
3461 1927 3549 1968 re-

1967 2002 2168 2042 meare.
2182 1988 2439 2059 Quodque
2452 1995 2664 2060 gravius
2684 2001 2786 2060 est,
2802 2002 3081 2065 postquam
3102 1998 3217 2053 tunc
3237 1999 3311 2054 illi
3332 2015 3555 2069 persua-

1967 2087 2172 2147 serunt,
2189 2079 2379 2134 melius
2398 2096 2457 2136 se
2474 2082 2600 2151 quid
2630 2084 2758 2139 utile
2774 2084 2843 2139 sit
2865 2086 3005 2142 seire
3035 2087 3370 2156 profitentur,
3390 2107 3547 2160 quam

1965 2170 2343 2225 nos.Desert:e
2376 2171 2487 2242 jam
2527 2173 2752 2243 domus,
2783 2174 2982 2232 deserti
3007 2179 3148 2248 agri:
3182 2180 3283 2249 ipsi
3303 2182 3550 2252 agricola:

1967 2272 2030 2313 ac
2055 2259 2194 2314 servi
2224 2260 2437 2317 tristitia
2475 2278 2538 2318 ac
2561 2265 2764 2334 pudore
2791 2267 2968 2335 pleni;
3006 2270 3278 2326 exsultant
3316 2274 3369 2328 in
3393 2275 3553 2330 malis

1963 2351 2100 2407 meis
2129 2352 2364 2422 inimici,
2395 2370 2460 2411 ac
2487 2356 2689 2425 pudore
2713 2359 3027 2427 operiuntur
3058 2363 3237 2417 amici.
3268 2365 3424 2433 Apud
3450 2382 3538 2423 me

1964 2453 2139 2497 autem
2169 2444 2312 2498 nulla
2342 2447 2605 2501 sententia
2630 2448 2854 2516 obtinet,
2882 2452 2983 2507 nisi
3012 2463 3088 2521 ut,
3120 2455 3378 2524 subjectis
3406 2458 3547 2528 igni-

1963 2532 2063 2588 bus
2086 2573 2101 2597 ,
2133 2546 2323 2590 cuneta
2363 2538 2522 2592 simul
2568 2554 2785 2596 exuram
2809 2583 2824 2607 ,
2856 2543 2999 2599 aedes
3021 2585 3037 2611 ,
3071 2559 3229 2616 agros
3252 2589 3267 2613 ,
3298 2559 3542 2606 armenta

1961 2622 2142 2692 boum,
2168 2641 2357 2696 greges
2380 2642 2649 2696 pecorum.
2674 2630 2769 2685 Cui
2808 2633 2950 2687 enim
2988 2636 3119 2690 mihi
3145 2637 3262 2691 usui
3289 2636 3404 2693 haec
3431 2639 3541 2709 jam

1943 2723 2135 2779 erunt,
2154 2730 2273 2770 cum
2305 2717 2395 2772 ille
2420 2732 2525 2773 non
2556 2718 2697 2774 adsit
2724 2722 2876 2791 cujus
2900 2737 2995 2778 usu
3022 2723 3136 2779 hanc
3151 2736 3331 2795 parata
3357 2739 3544 2798 erant,

1959 2807 2199 2876 captivus
2214 2808 2417 2864 scilicet
2435 2810 2712 2885 abductus,
2736 2822 2894 2885 atque
2913 2814 3050 2884 apud
3071 2816 3331 2874 immanes
3350 2819 3543 2878 barba-

1959 2913 2051 2953 ros
2092 2900 2331 2954 servituti
2363 2882 2602 2958 addictus
2646 2905 2793 2958 omni
2822 2915 2994 2962 morte
3029 2909 3323 2965 acerbiori'!
3350 2912 3545 2967 Dome-

1958 2988 2122 3044 sticos
2145 3005 2335 3045 omnes
2374 2993 2601 3061 pullatos
2636 2994 2883 3051 incedere
2905 2996 3035 3065 jussi
3058 3039 3072 3065 ,
3103 3000 3304 3069 aSpersl
3359 3002 3543 3058 cinere

1957 3080 2169 3149 capita,
2214 3081 2498 3136 mulierum
2537 3084 2731 3140 choros
2773 3085 3007 3151 institui,
3031 3088 3274 3158 jussique
3308 3092 3540 3148 amarius

1956 3170 2231 3241 plangere,
2273 3188 2433 3242 quam
2471 3174 2517 3228 si
2562 3184 2830 3230 mortuum
2860 3178 3138 3234 vidissent.
3171 3182 3300 3235 Date
3328 3183 3538 3238 veniam

1957 3262 2074 3317 haec
2098 3262 2311 3317 facienti
2343 3264 2508 3318 mihi:
2540 3264 2628 3320 hic
2659 3265 2790 3320 mihi
2817 3266 2989 3324 luctus
3033 3269 3193 3341 longe
3218 3271 3310 3326 illo
3335 3272 3534 3342 major:
3620 3340 3625 3345 _

1950 3354 2060 3424 jam
2093 3356 2222 3409 mihi
2262 3356 2352 3412 lux
2388 3357 2500 3427 ipsa
2527 3358 2751 3414 molesta
2777 3368 2859 3415 est
2881 3401 2895 3426 ,
2926 3362 3175 3433 ipsosque
3202 3365 3332 3419 solis
3358 3366 3541 3422 radios

1955 3445 2163 3515 ingrate
2188 3447 2444 3515 suspicio,
2478 3464 2598 3504 cum
2639 3450 2690 3503 in
2736 3460 2971 3507 mentem
3001 3454 3146 3508 venit
3173 3455 3401 3512 infelicis
3438 3457 3532 3513 ﬁlii

1955 3535 2204 3601 habitus;
2253 3552 2374 3592 cum
2418 3538 2564 3593 illum
2595 3541 2868 3596 vilissimis
2914 3544 3160 3613 agricolis
3204 3545 3535 3605 inbonestius

1958 3629 2207 3683 vestitum
2229 3628 2423 3697 cerno,
2447 3637 2606 3701 atque
2643 3631 2708 3686 ad
2754 3633 3042 3701 abjectiora
3070 3651 3231 3705 opera
3269 3639 3488 3694 missum
3515 3658 3531 3707 ;

1952 3738 2076 3780 cum
2119 3718 2391 3778 immobile
2418 3722 2750 3793 propositum
2776 3722 2891 3794 ejus
2919 3725 3234 3793 considero,
3265 3743 3392 3784 uror
3410 3770 3425 3797 ,
3455 3730 3536 3785 la-

1953 3829 2131 3882 ceror,
2157 3813 2482 3887 disrumpor.

2024 3907 2078 3960 5.
2118 3906 2244 3962 llmc
2270 3907 2475 3976 dicens,
2506 3903 2847 3979 provolvatur
2870 3906 3029 3965 etiam
3061 3908 3391 3964 audientium
3434 3927 3530 3984 pe-

1952 3997 2140 4065 dibus,
2170 4008 2416 4071 aspergat
2455 4001 2634 4056 cinere
2682 4010 2878 4071 caput,
2912 4003 3160 4072 detur-pet
3197 4005 3416 4074 pulvere
3454 4006 3535 4062 fa—

1950 4092 2088 4146 ciem
2111 4132 2127 4158 ,
2156 4107 2448 4160 omnesque
2467 4101 2714 4161 precetur
2735 4102 2793 4148 ut
2813 4095 3084 4164 porrigant
3104 4084 3345 4163 manum,
3364 4112 3535 4153 canos

1952 4182 2181 4236 vellicet.
2213 4182 2353 4236 Satis
2394 4192 2519 4251 puto
2560 4183 2840 4253 diligenter
2876 4194 3238 4240 accusatorem
3280 4187 3533 4243 instruxi-

1951 4288 2090 4341 mus,
2121 4273 2186 4328 ad
2223 4273 2626 4328 inﬂammandos
2654 4275 2922 4330 auditores
2949 4292 3135 4334 omnes
3162 4319 3177 4343 ,
3213 4278 3533 4336 incitandos-

1950 4382 2056 4438 que
2078 4407 2094 4434 ,
2124 4375 2181 4420 ut
2209 4360 2398 4420 horum
2425 4374 2670 4421 auctores
2699 4383 2791 4436 per
2813 4370 3100 4437 praecipitia
3127 4381 3303 4439 agant.
3331 4372 3539 4427 Idcirco

1951 4458 2092 4513 enim
2119 4473 2393 4527 supremas
2423 4459 2660 4512 omnium
2685 4460 3048 4513 accusationes
3072 4461 3243 4514 verbis
3269 4464 3537 4529 expressi,

1951 4561 2041 4616 ut,
2068 4550 2169 4607 hoc
2198 4549 2270 4604 ita
2310 4558 2616 4617 comparato
2660 4559 2970 4604 accusatore
3001 4566 3097 4619 per
3137 4550 3367 4605 divinam
3410 4568 3533 4622 gra-

1952 4645 2077 4696 tiam
2126 4652 2423 4713 prostrato,
2452 4658 2516 4696 ex
2551 4642 2770 4711 reliquis
2808 4658 2965 4696 nemo
2992 4651 3173 4711 postea
3215 4645 3407 4699 mutire
3437 4660 3527 4698 va-

1951 4736 2077 4792 leat.
2118 4736 2286 4802 Nam,
2311 4750 2376 4791 eo
2414 4737 2497 4789 cui
2540 4735 2653 4789 hace
2693 4735 2872 4789 omnia
2920 4736 3077 4789 simul
3120 4747 3427 4806 competunt
3463 4738 3541 4793 ad,

1949 4829 2216 4885 silentium
2249 4828 2462 4883 redacto
2481 4869 2495 4894 ,
2523 4829 2613 4898 qui
2636 4845 2740 4883 non
2779 4829 2954 4884 omnia
2981 4829 3138 4883 simul
3166 4829 3381 4885 habebit
3409 4829 3528 4901 (ne-

1949 4937 2053 4990 que
2083 4920 2222 4973 enim
2269 4920 2381 4974 ﬁeri
2427 4928 2638 4989 potest,
2669 4930 2728 4975 ut
2778 4921 2891 4976 haec
2935 4922 3113 4975 omnia
3160 4927 3525 4995 concurrant).

1947 5013 2103 5068 facile
2132 5013 2285 5068 nobis
2325 5013 2599 5067 victoriam
2640 5014 2912 5068 concedet.
2944 5014 3039 5069 llic
3088 5014 3267 5085 itaque
3310 5015 3409 5071 ista
3433 5058 3446 5078 ,
3475 5025 3532 5071 et

1949 5104 2030 5159 bis
2073 5105 2221 5173 plura
2254 5106 2269 5135 ¹
2298 5106 2458 5159 etiam
2499 5107 2760 5175 loquatur.
2798 5106 2909 5176 Ego
2937 5121 3065 5162 vero
3103 5107 3310 5176 judices
3338 5108 3526 5169 orabo.

1948 5213 2016 5252 ne
2059 5196 2236 5251 statim
2301 5199 2651 5253 misereantur
2697 5198 2840 5251 senis
2893 5198 3086 5268 hujus,
3120 5199 3211 5253 sed
3253 5209 3529 5268 postquam

1946 5291 2120 5360 ipsum
2162 5291 2557 5346 ostenderimus
2611 5291 2772 5344 lilium
2823 5293 3043 5361 lugere,
3073 5292 3205 5346 nihil
3246 5294 3370 5347 mali
3403 5309 3530 5361 per-

1948 5398 2159 5452 pessum
2180 5425 2197 5451 ,
2220 5399 2402 5437 verum
2432 5382 2677 5439 maximis
2701 5382 2926 5451 potitum
2952 5382 3123 5449 bonis,
3146 5383 3335 5453 quibus
3355 5384 3535 5439 excel-

1944 5475 2165 5528 lentiora
2216 5474 2438 5544 reperiri
2488 5489 2593 5528 non
2636 5481 2879 5541 possunt.
2911 5473 3059 5529 Tunc
3098 5475 3241 5529 enim
3292 5476 3532 5543 profecto

1944 5565 2286 5620 miseratione
2332 5573 2386 5618 et
2452 5565 2701 5635 lacrymis
2742 5564 2931 5634 dignus
2973 5564 3357 5619 existimandus
3403 5573 3525 5627 est,

1944 5671 2062 5711 eam
2090 5656 2198 5710 nati
2222 5655 2523 5710 felicitatem
2545 5655 2855 5723 conspicere
2876 5670 2983 5709 non
3009 5656 3191 5725 possit,
3218 5663 3534 5721 tantumque

1943 5748 2083 5804 absit
2123 5756 2182 5802 ut
2222 5747 2367 5802 illam
2417 5747 2626 5813 videat,
2656 5756 2717 5801 ut
2748 5757 3011 5816 tamquam
3064 5747 3116 5801 in
3153 5742 3371 5801 summis
3410 5739 3538 5812 ejus.

2007 5862 2026 5897 ι
2064 5862 2244 5926 verba,
2268 5866 2314 5912 et
2330 5861 2406 5912 his
2426 5857 2594 5924 phire,
2620 5858 2865 5911 demntia
2886 5857 3050 5909 ﬂoret.
