4088 6138
558 419 664 476 335

558 537 713 593 malis
734 535 1074 589 lamentetur.
1114 525 1392 593 Quodnam
1424 538 1552 594 ergo
1580 522 1684 578 erit
1710 529 1908 576 nostrtc
1937 517 2134 574 oratio-

560 629 644 683 nis
663 621 987 681 exordium?
1016 617 1099 674 Ab
1129 618 1259 688 ipsis
1285 615 1474 687 opibus
1503 629 1564 669 ac
1595 611 1867 684 pecuniis,
1893 607 2137 680 quando-

559 717 772 789 quidem
805 713 858 770 id
885 713 975 768 ille
1011 710 1243 766 maxime
1267 709 1504 764 omnium
1535 705 1776 775 deplorat
1801 744 1815 768 ,
1848 701 2007 772 idque
2038 701 2136 769 ipsi

558 811 770 865 videtur
796 805 1198 863 acerbissimum
1217 843 1232 868 ,
1263 801 1308 855 si
1344 799 1541 855 divites
1571 797 1664 852 ﬁlii
1695 796 1762 852 ad
1805 795 1942 850 hanc
1975 795 2137 848 vitam

562 899 960 973 pertrahantur.
991 896 1086 951 Dic
1121 907 1249 963 ergo
1291 890 1453 958 mibi,
1480 898 1660 944 utrum
1695 900 1882 942 omnes
1925 885 2139 940 beatum

561 992 792 1048 dicimus
840 997 896 1044 et
943 988 1098 1057 plane
1140 983 1542 1048 felicissimum,
1581 996 1774 1036 eumne
1817 979 1908 1050 qui
1960 979 2012 1031 in
2054 977 2139 1032 siti

563 1097 779 1152 semper
818 1086 1040 1144 aestuat,
1072 1076 1302 1147 quique,
1331 1083 1616 1143 antequam
1659 1072 1888 1140 priorem
1923 1069 2140 1125 calicem

564 1173 863 1240 sorbuerit,
892 1185 1075 1226 rursus
1113 1168 1220 1224 alio
1259 1167 1496 1236 indiget,
1532 1173 1690 1234 atque
1717 1177 1929 1232 semper
1958 1162 2010 1216 iu
2041 1160 2144 1216 hoc

569 1273 876 1337 perseverat
918 1271 1056 1318 statu
1083 1303 1099 1328 ,
1138 1277 1205 1315 an
1234 1275 1356 1315 eum
1381 1301 1396 1326 ,
1428 1259 1518 1328 qui
1556 1257 1799 1326 superior
1834 1256 1934 1310 hac
1960 1269 2146 1311 neces-

566 1363 723 1416 sitate
761 1358 1080 1414 constitutus
1100 1396 1114 1420 ,
1143 1355 1261 1410 sine
1281 1353 1368 1409 siti
1397 1365 1611 1421 semper
1656 1357 1856 1414 manet,
1889 1357 1942 1403 et
1987 1363 2144 1402 num-

569 1469 727 1524 quam
758 1452 824 1506 ad
866 1447 1167 1518 hujusmodi
1201 1445 1523 1516 potationem
1565 1442 1822 1514 pellitur?
1849 1455 2024 1495 nonne
2061 1439 2150 1495 ille

569 1544 784 1615 quidem
811 1541 950 1599 febri
978 1548 1226 1608 correpto
1270 1537 1459 1592 similis
1481 1545 1600 1600 est,
1629 1534 1719 1604 qui
1760 1531 2147 1587 violentissima

572 1635 890 1690 necessitate
931 1630 1193 1701 premitur
1216 1671 1233 1694 ,
1261 1627 1473 1684 etiamsi
1502 1641 1568 1681 ex
1598 1624 1830 1680 fontibus
1855 1623 2149 1678 uberrimos

570 1727 762 1781 latices
791 1723 1005 1778 haurire
1047 1721 1252 1791 possit,
1286 1719 1371 1773 hic
1397 1733 1526 1772 vero
1555 1716 1688 1772 liber
1714 1725 1795 1770 est
1830 1729 1957 1770 vera
1985 1713 2146 1770 liber-

571 1825 715 1881 tate,
744 1822 800 1870 et
825 1827 986 1869 sanus
1027 1810 1258 1882 perfecta
1303 1810 1531 1864 sanitate
1553 1851 1568 1876 ,
1597 1808 1872 1878 ipsamque
1907 1817 2149 1861 naturam

570 1916 787 1978 superat
839 1903 1158 1960 humanam?
1209 1903 1346 1971 Quid
1395 1917 1553 1969 vero,
1599 1901 1645 1957 si
1701 1901 1820 1971 quis
1873 1899 2150 1954 mulierem

571 2013 794 2064 amans,
824 2012 946 2050 cum
989 2011 1051 2050 ea
1089 1993 1503 2064 congrederetur
1554 1993 1784 2063 jugiter,
1817 1990 1913 2047 sed
1951 1990 2152 2059 majore

572 2098 697 2162 post
726 2087 1065 2144 concubitum
1099 2085 1349 2156 ﬂagraret
1391 2084 1615 2148 ardore,
1645 2083 1781 2137 alius
1824 2097 1952 2136 vero
1986 2089 2152 2136 staret

575 2183 675 2236 hac
702 2181 907 2236 insania
933 2179 1087 2244 liber,
1112 2193 1173 2233 ac
1204 2193 1272 2232 ne
1296 2178 1349 2232 in
1375 2175 1597 2231 somniis
1618 2175 1830 2245 quidem
1870 2173 1970 2228 hoc
2010 2173 2152 2228 malo

572 2281 888 2343 caperetur,
930 2270 1051 2341 quis
1103 2269 1257 2324 nobis
1309 2267 1435 2322 felix
1490 2266 1783 2335 beatusque
1844 2263 2152 2319 videretur?

577 2378 756 2420 nonne
776 2361 904 2418 hic?
929 2361 1049 2429 quis
1073 2368 1251 2416 autem
1279 2359 1461 2415 infelix
1490 2373 1552 2413 ac
1578 2356 1948 2413 miserrimus?
1977 2369 2155 2410 nonne

575 2455 686 2524 ille,
718 2457 804 2526 qui
836 2455 938 2510 hoc
962 2467 1102 2508 vano
1127 2466 1311 2507 amore
1340 2459 1570 2516 tenetur,
1592 2448 1682 2519 qui
1716 2463 2000 2518 numquam
2031 2461 2154 2517 pos-

578 2547 649 2602 sit
696 2545 989 2614 exstingui,
1038 2543 1145 2599 imo
1198 2557 1328 2597 vero
1380 2541 1470 2610 qui
1535 2540 1848 2610 excogitatis
1901 2537 2154 2594 remediis

577 2636 744 2690 multo
785 2636 953 2704 magis
982 2633 1320 2690 incenditur?
1347 2631 1438 2687 Sin
1481 2641 1658 2686 autem
1706 2640 1898 2700 praeter
1940 2646 2002 2685 ea
2037 2646 2154 2700 quae

575 2728 714 2782 dicta
740 2737 864 2781 sunt
892 2743 957 2782 ex
989 2727 1104 2796 ipso
1144 2725 1332 2780 morbo
1368 2739 1428 2780 se
1465 2725 1676 2780 beatum
1705 2725 1877 2791 dicat,
1902 2739 2002 2780 nec
2032 2725 2157 2778 velit

579 2837 641 2876 ea
683 2820 1000 2876 necessitate
1047 2819 1292 2885 liberari,
1344 2817 1792 2888 quemadmodum
1844 2817 1890 2870 is
1938 2817 2007 2871 de
2049 2831 2156 2886 quo

577 2929 721 2971 nunc
768 2913 974 2983 agitur,
1020 2927 1199 2966 nonne
1242 2911 1366 2965 hinc
1410 2924 1621 2980 quoque
1655 2909 2009 2964 miserabilior
2054 2908 2158 2963 erit

575 3015 737 3076 atque
769 3004 1062 3071 infelicior,
1094 3018 1213 3057 cum
1262 3017 1367 3056 non
1417 3009 1620 3054 tantum
1669 3008 1923 3070 mgrotet,
1956 3000 2048 3054 sed
2091 3016 2156 3054 ne

576 3098 679 3151 hoc
706 3095 921 3166 quidem
949 3095 1119 3160 sciat,
1159 3093 1302 3163 quod
1334 3108 1475 3162 auger
1499 3091 1605 3157 sit,
1643 3091 1866 3160 ideoque
1905 3106 2006 3146 nec
2046 3091 2157 3159 ipse

576 3186 792 3241 liberari
820 3186 979 3251 velit,
1007 3185 1296 3254 quinetiam
1336 3197 1430 3238 eos
1454 3182 1542 3252 qui
1572 3181 1779 3236 liberati
1802 3193 1924 3236 sunt
1944 3181 2157 3252 lugeat?

566 3274 883 3331 Orationem
912 3276 1088 3345 itaque
1115 3273 1254 3328 hanc
1284 3273 1348 3327 ad
1380 3273 1724 3342 pecuniarum
1765 3273 2156 3341 possessionem

578 3366 873 3423 referamus
894 3408 908 3431 ,
930 3373 986 3421 et
1025 3363 1324 3420 videbimus
1357 3365 1475 3433 quis
1516 3363 1693 3418 infelix
1747 3372 1800 3416 ct
1847 3364 2011 3418 miser
2040 3364 2109 3417 sit
2141 3383 2154 3418 :

578 3460 717 3512 inter
745 3457 862 3511 illos
887 3457 1082 3526 quippe
1115 3470 1326 3510 amores
1353 3455 1438 3510 l‘ic
1472 3455 1838 3510 vehementior
1857 3495 1870 3520 ,
1899 3454 1986 3510 hic
2015 3454 2157 3508 insa—

577 3549 680 3603 nia:
717 3546 930 3616 propior
968 3553 1052 3600 est
1076 3586 1091 3610 ,
1124 3545 1348 3615 ideoque
1392 3544 1650 3613 majorem
1693 3552 1867 3613 potest
1918 3544 2155 3599 dolorem

576 3637 794 3702 atl‘erre;
827 3651 932 3690 non
959 3637 1154 3690 idcirco
1185 3645 1384 3691 tantum
1407 3635 1546 3705 quod
1582 3634 1723 3691 faces
1761 3634 1955 3689 lrabeat
1986 3635 2157 3690 acrio-

577 3743 691 3794 res,
717 3729 810 3783 sed
839 3729 978 3797 quod
1006 3729 1316 3798 excogitata:
1346 3728 1568 3781 cuilibet
1591 3727 1940 3782 consolationi
1966 3728 2158 3782 cedere

578 3834 684 3872 non
734 3818 939 3880 valeat,
981 3818 1154 3888 sitque
1199 3817 1303 3873 illis
1348 3816 1594 3872 omnibus
1643 3818 1926 3887 potentior.
1974 3817 2157 3872 Potius

575 3909 720 3964 enim
764 3908 854 3977 qui
905 3918 1086 3978 potum
1131 3917 1185 3963 et
1227 3923 1449 3976 corpora
1500 3916 1708 3973 amant,
1741 3917 2021 3978 postquam
2076 3907 2158 3962 bis

577 4003 728 4072 potiti
769 4001 996 4066 fuerint,
1029 4003 1271 4056 satietate
1306 4001 1645 4072 gaudebunt,
1677 4019 1834 4073 quam
1868 4004 1902 4058 ii
1931 4005 2021 4073 qui
2063 4005 2152 4059 in-

580 4109 712 4148 sano
750 4093 1056 4147 divitiarum
1092 4108 1274 4147 amore
1316 4097 1575 4147 teruntur.
1607 4093 1864 4162 Quocirca
1895 4095 2014 4150 illos
2040 4097 2158 4166 qui-

577 4186 700 4240 dem
729 4194 908 4239 nostra
932 4185 1176 4240 oratione
1197 4184 1450 4256 effingere
1475 4201 1696 4242 necesse
1727 4187 1850 4253 fuit,
1881 4187 2020 4257 quod
2051 4203 2157 4243 non

577 4275 754 4328 statim
790 4291 974 4329 eorum
1018 4275 1394 4330 documentum
1443 4286 1496 4332 et
1535 4279 1956 4346 experimentum
1991 4294 2157 4348 appa-

579 4376 693 4420 reat
725 4384 738 4420 :
770 4365 928 4434 hujus
956 4381 1080 4421 vero
1109 4367 1279 4421 morbi
1305 4382 1370 4422 ex
1400 4368 1560 4422 rebus
1591 4368 1717 4437 ipsis
1754 4371 1916 4422 multa
1965 4384 2156 4438 possu-

579 4473 698 4512 mus
748 4457 991 4528 excmpla
1040 4456 1300 4528 proferre.
1345 4457 1576 4524 ldeone,
1627 4459 1715 4514 die
1757 4475 1938 4530 quaeso
1989 4460 2153 4525 mihi,

575 4552 742 4606 ﬁlium
781 4553 963 4622 luges,
993 4551 1135 4621 quod
1174 4562 1316 4607 tanta
1359 4553 1606 4614 vesania,
1637 4553 1778 4622 quod
1819 4562 1922 4606 tam
1962 4553 2153 4622 despe—

576 4654 696 4701 rato
742 4648 930 4701 morbo
961 4647 1092 4700 liber
1142 4647 1244 4712 sit,
1301 4647 1441 4716 quod
1496 4647 1768 4701 incnrabili
1821 4661 2004 4702 amore
2047 4665 2154 4702 non

576 4738 853 4794 teneatur?
881 4738 1021 4807 quod
1054 4738 1154 4792 hoc
1182 4738 1320 4793 bello
1345 4749 1398 4792 et
1431 4755 1601 4809 pugna
1632 4747 1846 4808 ereptus
1876 4740 1987 4793 sit?
2009 4742 2075 4793 At
2105 4740 2155 4794 id

574 4844 860 4898 numquam
890 4829 978 4883 ille
1024 4844 1212 4899 passus
1272 4830 1492 4896 fuisset,
1524 4831 1766 4899 inquies,
1793 4847 1967 4901 neque
2006 4831 2155 4900 plura

572 4920 1003 4989 concupivisset,
1031 4921 1124 4974 sed
1155 4921 1337 4975 fuisset
1374 4925 1724 4990 praesentibus
1747 4925 1901 4978 bonis
1929 4935 2154 4978 conten-

576 5020 681 5066 tus.
703 5010 843 5066 Sane
871 5026 985 5064 rem
1017 5011 1149 5066 dicis
1180 5012 1278 5080 ipsi
1308 5022 1511 5066 naturae
1541 5054 1554 5078 ,
1589 5024 1645 5066 ut
1683 5016 1750 5068 ita
1780 5017 1966 5086 loquar
1985 5059 1999 5081 ,
2022 5033 2154 5070 con-

575 5101 792 5155 trariam
821 5117 834 5153 :
870 5116 1055 5155 verum
1095 5102 1174 5156 sic
1201 5111 1344 5168 esto,
1372 5102 1422 5156 id
1454 5103 1546 5156 tibi
1583 5105 1692 5171 jam
1723 5108 2073 5170 concedatur,
2101 5117 2156 5162 ut

570 5195 637 5249 iis
658 5235 671 5258 ,
699 5209 817 5264 quae
845 5193 1097 5261 haberet,
1126 5195 1256 5248 nihil
1284 5195 1439 5248 vellet
1488 5195 1740 5264 adjicere,
1771 5212 1869 5250 nec
1900 5199 2004 5252 ullo
2035 5217 2152 5253 um-

573 5303 731 5358 quam
760 5287 1061 5357 bujusmodi
1091 5288 1358 5343 desiderio
1381 5299 1648 5343 teneretur
1680 5307 1693 5344 :
1723 5306 1822 5358 ego
1848 5292 1923 5345 sic
1945 5309 2154 5363 quoque

575 5376 727 5433 illum
759 5379 948 5448 majori
997 5395 1135 5434 nunc
1185 5381 1235 5434 in
1275 5382 1452 5449 quiete
1491 5395 1554 5434 ac
1593 5381 1864 5450 voluptate
1914 5399 2152 5440 COIIIIIIO-

572 5471 680 5526 rari
723 5471 1050 5525 monstrabo.
1083 5472 1218 5540 Quid
1246 5474 1387 5528 enim
1434 5472 1600 5527 levius
1638 5488 1756 5529 esse
1784 5476 2148 5542 censebimus,

577 5564 807 5619 tantisne
855 5564 999 5618 curis
1041 5563 1331 5635 implicari,
1362 5563 1730 5636 ejusmodique
1783 5567 2040 5623 custodia:
2091 5584 2153 5624 ac

577 5657 818 5711 servituti
865 5657 1176 5712 obstrictum
1225 5672 1380 5723 esse,
1427 5667 1770 5728 metuereque
1803 5675 1868 5714 ne
1905 5661 2030 5729 quid
2075 5663 2151 5716 rei

569 5747 848 5804 familiaris
879 5757 1079 5818 pereat,
1107 5765 1172 5804 an
1201 5764 1329 5804 vero
1350 5749 1432 5804 his
1462 5751 1688 5805 vinculis
1715 5751 2151 5820 cxpediri?(§on-
2229 5789 2232 5791 λ

573 5838 796 5897 cedatur
827 5842 971 5898 illum
1002 5842 1133 5899 alias
1159 5845 1394 5899 sarcinas
1430 5859 1535 5898 non
1564 5853 1815 5913 appetere
1844 5861 1859 5899 :
1888 5854 1941 5898 at
1987 5845 2153 5902 multo

1258 411 1312 466 S.
1349 405 1628 467 JOANNIS
1663 398 2135 462 CHRYSOSTOMI
2169 398 2487 456 ARCHIEP.
2527 399 3058 458 CONSTANTINOP’.
3717 402 3825 456 336

2247 520 2438 575 melius
2475 529 2558 576 est
2603 519 2712 590 jam
2759 518 3032 591 impositas
3077 518 3373 589 chpice're.
3405 519 3535 574 Nam
3558 520 3640 587 si,
3675 529 3742 575 ut'
3775 523 3825 575 in

2242 612 2487 666 confesso
2529 621 2643 676 est,
2685 611 2925 682 plurimis
2968 625 3072 666 non
3123 610 3361 681 indigere
3403 611 3690 666 maximum
3743 625 3827 667 est

2242 705 2480 773 bonum,
2521 713 2671 760 extra
2719 719 2932 760 omnem
2978 720 3158 760 rerum
3211 720 3364 759 usum
3419 719 3572 772 esse,
3605 705 3827 776 majoris

2244 796 2479 867 profecto
2513 796 2777 852 felicitatis
2800 797 2921 852 erit.
2946 797 2996 852 ls
3015 797 3155 852 enim
3181 797 3270 866 qui
3298 811 3470 867 neque
3499 799 3629 865 sitit,
3653 814 3830 869 neque

2244 897 2388 942 amat
2415 887 2569 957 (nihil
2595 888 2736 943 enim
2763 887 2987 958 impedit
3015 889 3298 958 quominus
3322 888 3389 942 ad
3423 888 3610 944 eadem
3637 904 3829 944 exem-

2247 981 2330 1048 pla
2369 977 2695 1047 redeamus),
2726 993 2832 1033 non
2864 978 3023 1033 modo
3054 979 3118 1032 iis
3144 978 3234 1048 qui
3276 993 3488 1048 semper
3525 981 3746 1047 sitiunt,
3776 991 3828 1036 et

2247 1089 2460 1143 semper
2484 1084 2664 1128 amant
2689 1115 2704 1140 ,
2733 1073 2826 1127 sed
2853 1072 2917 1127 iis
2946 1072 3105 1127 etiam
3129 1113 3145 1140 ,
3172 1073 3262 1142 qui
3296 1073 3363 1128 ad
3410 1075 3572 1130 breve
3618 1084 3831 1147 tempus

2251 1166 2350 1222 hoc
2398 1169 2698 1236 patiuntur,
2748 1177 2804 1222 et
2843 1169 3328 1237 concupiscentiam
3373 1169 3622 1237 explent,
3670 1169 3830 1239 longe

2250 1260 2458 1315 beatior
2484 1275 2603 1315 esse
2635 1270 2961 1315 monstratus
2985 1271 3066 1315 est
3087 1302 3103 1328 ,
3133 1271 3316 1330 utpote
3346 1262 3436 1331 qui
3463 1262 3516 1315 in
3545 1261 3703 1332 hujus
3729 1277 3831 1317 ne-

2251 1353 2512 1409 cessitatis
2551 1354 2980 1424 experimentum
3021 1369 3129 1408 non
3173 1354 3438 1410 inciderit.
3469 1354 3832 1410 Percontabor

2253 1456 2306 1503 te
2354 1463 2574 1513 rursus,
2620 1447 2664 1502 si
2712 1447 2908 1502 divitiis
2946 1447 3085 1502 ultra
3132 1462 3320 1502 omnes
3360 1449 3629 1511 eminere,
3662 1448 3832 1518 iisque

2253 1548 2430 1594 tamen
2468 1539 2622 1594 malis
2650 1539 2846 1603 eximi,
2879 1554 2997 1608 quae
3022 1539 3196 1594 solent
3225 1540 3329 1594 illa:
3357 1555 3546 1608 parere
3564 1580 3579 1604 ,
3612 1541 3829 1607 liceret,

2253 1644 2430 1684 annon
2473 1631 2769 1684 sexcenties
2807 1638 3132 1700 praeoptares
3163 1632 3263 1684 hac
3305 1627 3553 1684 felicitate
3585 1630 3721 1697 frui,
3761 1631 3832 1685 ita

2254 1731 2313 1775 ut
2351 1735 2456 1775 non
2503 1721 2784 1787 invidiam,
2827 1735 2932 1775 non
2981 1721 3310 1787 catumnias,
3357 1735 3464 1775 non
3507 1736 3662 1775 curas
3687 1763 3701 1784 ,
3728 1737 3835 1776 no

2253 1811 2541 1882 quidquam
2583 1812 2728 1866 aliud
2771 1813 3035 1882 ejusmodi
3073 1813 3366 1882 patereris?
3395 1811 3450 1868 Si
3483 1813 3640 1883 igitur
3669 1813 3833 1868 filium

2256 1913 2404 1959 tuum
2459 1905 2572 1961 hare
2610 1905 2787 1959 omnia
2836 1903 3036 1960 habere
3081 1911 3484 1970 monstravero,
3526 1904 3636 1957 imo
3683 1904 3838 1974 longe

2255 1995 2502 2050 ditiorem
2533 2011 2674 2050 nunc
2715 2010 2869 2063 esse,
2898 1995 3129 2050 ﬁnemne
3174 1995 3384 2050 tandem
3426 1994 3589 2049 facies
3625 1995 3837 2065 lugendi

2258 2094 2366 2139 tam
2403 2087 2627 2140 amare?
2653 2085 2793 2141 Sane
2814 2085 2955 2154 quod
2984 2085 3190 2140 solutus
3216 2085 3286 2139 sit
3307 2085 3451 2140 curis
3476 2084 3703 2154 aliisque
3727 2100 3838 2139 ma-

2258 2177 2342 2240 lis,
2367 2192 2486 2246 qua:
2511 2176 2687 2231 solent
2707 2177 2922 2231 divitias
2950 2177 3223 2246 subsequi,
3253 2191 3428 2245 neque
3454 2175 3567 2245 ipse
3596 2175 3836 2246 negabis;

2258 2267 2378 2322 ideo
2411 2283 2506 2322 nos
2533 2266 2599 2321 ad
2642 2277 2694 2322 te
2718 2266 2786 2322 de
2821 2266 2921 2322 hac
2959 2281 3019 2322 re
3053 2267 3215 2322 verba
3252 2265 3430 2322 facere
3465 2281 3687 2322 necesse
3733 2282 3838 2322 non

2258 2367 2341 2412 est
2369 2376 2380 2410 :
2409 2359 2604 2428 qureris
2630 2367 2806 2412 autem
2831 2358 3099 2427 quomodo
3123 2358 3213 2412 ille
3237 2369 3286 2412 te
3308 2360 3377 2412 sit
3403 2359 3726 2428 opulentior,
3750 2360 3838 2430 qui

2260 2457 2366 2502 tam
2415 2449 2580 2503 multa
2619 2448 2880 2517 possides.
2906 2448 3017 2502 Hoc
3041 2456 3092 2502 te
3121 2448 3433 2503 docebimus
3458 2490 3472 2516 ,
3499 2449 3839 2504 demonstra-

2259 2542 2541 2610 bimusque
2565 2550 2644 2606 te,
2669 2541 2756 2610 qui
2791 2542 2963 2610 ipsum
2991 2541 3045 2595 in
3081 2550 3320 2597 extrema
3350 2557 3490 2597 nunc
3529 2550 3844 2612 paupertate

2261 2634 2456 2702 degere
2481 2632 2758 2688 arbitraris
2777 2674 2792 2700 ,
2822 2632 2927 2687 hoc
2956 2632 3127 2702 ipsum
3160 2633 3268 2702 pati
3292 2675 3306 2697 ,
3334 2634 3378 2688 si
3410 2647 3530 2686 cum
3573 2633 3666 2688 illo
3691 2647 3841 2688 com-

2258 2723 2483 2794 pareris.
3405 2729 3408 2732 '

2329 2816 2382 2870 4.
2422 2814 2603 2886 Neque
2621 2823 2777 2886 putes
2805 2829 2892 2870 me
2917 2815 2984 2870 de
3009 2815 3310 2871 c'clestibus
3337 2815 3491 2871 bonis
3541 2817 3718 2887 loqui,
3746 2818 3844 2874 de-

2260 2921 2363 2976 que
2387 2906 2453 2960 iis
2473 2921 2592 2976 quae
2613 2915 2734 2976 post
2762 2906 2900 2960 hanc
2926 2907 3087 2961 vitam
3118 2907 3430 2963 advenient:
3458 2924 3522 2963 ex
3577 2909 3642 2964 iis
3699 2909 3845 2964 enim

2261 3012 2378 3067 quae
2399 3007 2524 3052 sunt
2551 2998 2604 3052 in
2633 2998 2875 3054 manibus
2903 3008 3272 3070 argumentum
3302 3000 3512 3055 ducam.
3545 3001 3623 3055 Tn
3665 3001 3846 3091 itaque

2259 3104 2444 3144 eorum
2489 3100 2690 3145 tantum
2717 3107 2834 3161 quzc
2879 3091 3120 3160 possides
3159 3091 3405 3147 dominus
3434 3108 3524 3147 es:
3573 3093 3660 3148 ille
3715 3109 3846 3148 vero

2260 3183 2496 3236 omnium
2519 3199 2637 3253 qua:
2658 3193 2779 3238 sunt
2813 3184 2865 3238 in
2894 3185 3026 3240 orbe
3067 3182 3351 3240 terrarum.
3378 3185 3433 3241 Si
3480 3201 3585 3239 non
3631 3186 3802 3241 credis
3828 3229 3843 3244 .

2260 3289 2358 3343 age
2391 3283 2441 3329 te
2467 3275 2533 3329 ad
2561 3276 2708 3330 illum
2737 3275 3061 3332 adducamus
3081 3320 3094 3341 ,
3123 3277 3279 3346 eique
3304 3278 3622 3331 suadeamus
3642 3319 3656 3345 ,
3697 3287 3754 3332 ut
3777 3277 3848 3332 de

2263 3375 2444 3420 monte
2471 3365 2801 3421 descendens
2826 3409 2840 3431 ,
2870 3366 2980 3421 imo
3008 3368 3182 3436 petius
3232 3367 3338 3421 illic
3384 3368 3653 3433 residens,
3684 3368 3846 3421 alicui

2261 3472 2328 3511 ex
2355 3457 2418 3511 iis
2437 3498 2453 3524 ,
2481 3459 2570 3527 qui
2588 3457 2776 3512 divites
2797 3458 2948 3513 valde
2966 3459 3229 3528 simulque
3255 3459 3490 3529 religiosi
3512 3467 3666 3526 sunt,
3693 3473 3850 3513 mau-

2262 3547 2386 3614 dct,
2417 3548 2516 3604 sibi
2571 3549 2745 3603 mittat
2791 3556 2995 3604 tantum
3039 3552 3150 3604 auri
3174 3550 3416 3619 pondus,
3452 3559 3703 3620 quantum
3731 3551 3851 3621 ipse

2261 3642 2370 3696 vis:
2403 3642 2515 3696 sive
2547 3642 2668 3711 quia
2713 3641 2763 3694 id
2811 3641 2896 3696 ille
2937 3656 3042 3695 non
3065 3650 3354 3711 pateretur,
3387 3643 3542 3696 alicui
3587 3643 3851 3712 indigenti

2262 3733 2388 3787 dare
2409 3733 2593 3801 jubeat
2607 3773 2621 3798 ,
2650 3732 2957 3801 videbisque
2977 3731 3194 3786 divitem
3212 3732 3440 3786 alacrius
3459 3734 3850 3804 obsequentem

2260 3833 2314 3878 et
2334 3830 2640 3892 erogantcm
2659 3864 2673 3890 ,
2705 3837 2861 3893 quam
2884 3821 3080 3877 faceret
3109 3835 3246 3876 unus
3275 3835 3343 3876 cx
3387 3822 3850 3891 dispensatoribus

2263 3915 2385 3970 tuis.
2407 3914 2502 3968 llic
2514 3915 2728 3984 quippe,
2744 3929 2866 3968 cum
2884 3913 3079 3984 aliquid
3091 3913 3310 3983 jnbetur
3325 3913 3660 3983 impendere,
3677 3917 3847 3971 tristis

2263 4021 2326 4061 ac
2342 4020 2576 4062 maerens
2593 4005 2643 4060 id
2668 4005 2792 4060 facit
2810 4023 2824 4069 ;
2847 4013 3030 4060 contra
3048 4005 3136 4060 ille
3153 4020 3272 4059 cum
3289 4004 3696 4074 non-impendit,
3721 4015 3847 4060 tunc

2266 4099 2458 4154 anxius
2475 4107 2558 4154 est
2577 4113 2643 4153 ne
2669 4097 2721 4152 in
2738 4098 2916 4167 aliquo
2935 4095 3380 4166 oﬁ‘enderit,quod
3398 4095 3497 4150 sibi
3520 4095 3652 4150 nihrt
3672 4099 3846 4167 hujus-

2264 4189 2411 4244 modi
2447 4190 2756 4258 imperetur.
2785 4187 2976 4242 Multos
2999 4186 3267 4242 certetibi
3297 4199 3509 4256 possem
3537 4188 3839 4251 ostendere,

2265 4297 2368 4336 non
2397 4296 2460 4335 ex
2487 4278 2860 4334 illustrioribus
2887 4278 2990 4344 his,
3013 4278 3106 4333 sed
3133 4293 3196 4333 ex
3221 4277 3587 4331 humilioribus
3607 4290 3838 4346 quoque,

2263 4372 2351 4440 qui
2377 4371 2475 4424 hac
2493 4378 2634 4424 tanta
2663 4378 2923 4439 potestate
2949 4377 3074 4423 sunt
3101 4368 3331 4438 praediti.
3361 4369 3436 4421 Ac
3466 4377 3519 4420 tu
3541 4366 3776 4436 quidem,
3796 4380 3840 4419 SI

2264 4461 2527 4517 mconomi
2553 4461 2653 4516 sibi
2676 4461 2876 4516 credita
2900 4460 3324 4530 absumpserint,
3349 4459 3506 4512 alium
3540 4473 3642 4511 non
3673 4456 3841 4510 habes

2264 4571 2292 4609 a
2321 4570 2425 4624 quo
2449 4563 2596 4624 petas
2619 4596 2634 4623 ,
2659 4555 2753 4610 sed
2787 4554 2962 4609 statim
2991 4568 3087 4623 per
3117 4553 3328 4606 illorum
3378 4553 3662 4620 nequitiam
3706 4550 3840 4604 divi-

2266 4649 2351 4702 tiae
2379 4658 2480 4702 tuae
2527 4647 2578 4701 in
2621 4655 2984 4717 paupertatem
3026 4646 3370 4700 mutabuntur
3405 4661 3416 4695 :
3447 4659 3474 4696 a
3518 4643 3625 4696 ﬁlio
3663 4652 3839 4698 autem

2267 4749 2357 4794 tuo
2387 4739 2518 4794 nihil
2567 4747 2650 4793 est
2695 4738 2954 4808 ejusmodi
3002 4735 3366 4791 metuendum.
3415 4735 3544 4789 Nam
3577 4736 3620 4789 si
3661 4735 3748 4788 hic
3791 4735 3840 4788 in

2268 4840 2632 4901 paupertatem
2660 4829 2889 4895 incidat,
2913 4845 3123 4883 rursum
3163 4828 3316 4881 alteri
3347 4826 3656 4896 imperabit;
3686 4827 3768 4880 sin
3803 4827 3844 4878 is

2267 4936 2476 4990 quoque
2518 4921 2691 4974 simile
2731 4934 2917 4989 passus
2959 4919 3061 4982 sit,
3103 4918 3170 4971 ad
3217 4919 3378 4971 alium
3426 4933 3485 4972 se
3531 4926 3838 4971 convertet:

2266 5013 2412 5082 prius
2440 5012 2670 5081 denique
2723 5011 2973 5066 deficient
3025 5011 3248 5064 fontium
3281 5010 3502 5075 latices,
3553 5025 3712 5079 quam
3755 5010 3839 5079 qui

2265 5115 2389 5159 nato
2408 5112 2500 5159 tuo
2519 5103 3167 5173 obtemperetimperanti.
3197 5103 3348 5168 Quod
3402 5102 3445 5155 si
3473 5102 3750 5156 nobiscum
3793 5103 3840 5154 iu

2263 5194 2520 5264 religione
2562 5194 2937 5258 concordares,
2957 5193 3122 5247 multa
3155 5193 3248 5247 tibi
3274 5191 3467 5248 similia
3510 5201 3564 5245 et
3613 5194 3839 5262 magna‘

2267 5302 2604 5352 narrassem;
2652 5303 2833 5342 verum
2883 5287 3004 5357 quia
3055 5296 3106 5341 te
3154 5287 3406 5356 gentilem
3429 5285 3728 5354 profiteris,
3778 5301 3840 5336 nc

2265 5381 2386 5434 hinc
2411 5380 2624 5450 quidem
2640 5379 2882 5449 exempla
2910 5377 3164 5433 deerunt.
3210 5376 3521 5446 Andi(apud
3548 5376 3840 5436 Platonem)

2265 5473 2390 5543 quid
2419 5473 2481 5526 ad
2514 5471 2788 5527 Socratem
2811 5471 3055 5541 loquatur
3076 5467 3225 5525 Crito
3249 5487 3260 5524 :
3291 5468 3418 5523 Tua:
3442 5483 3563 5520 sane
3587 5476 3701 5520 sunt
3721 5481 3840 5519 mea:

2263 5566 2488 5633 pecunia:
2507 5605 2522 5630 ,
2552 5573 2606 5616 ut
2637 5562 2867 5634 equidem
2895 5577 3030 5628 reor,
3069 5561 3194 5615 satis
3221 5561 3391 5614 multa:
3415 5576 3432 5612 :
3458 5561 3537 5612 sin
3591 5574 3704 5611 vero
3751 5568 3801 5608 tu
3822 5597 3836 5616 ,

2263 5659 2396 5729 quod
2423 5658 2517 5712 mei
2543 5673 2719 5711 curam
2741 5673 2887 5728 geras
2905 5697 2920 5724 ,
2943 5671 2974 5708 a
2996 5672 3049 5708 re
3075 5672 3185 5709 mea
3213 5655 3301 5707 tibi
3339 5653 3689 5706 abstinendum
3728 5665 3839 5705 cen-

2325 5797 2339 5827 ¹
2379 5797 2539 5856 Pergit
2561 5805 2687 5842 unus
2709 5793 2886 5851 codex,
2908 5800 2956 5844 et
2978 5800 3136 5844 cetera
3157 5797 3204 5844 et
3227 5804 3362 5852 nova,
3387 5801 3495 5853 quae
3521 5789 3583 5839 ab
3606 5786 3846 5836 Ambrosio

2260 5855 2528 5919 interprete
2555 5855 2910 5918 exprimuntur.
