4088 6138
469 203 582 261 337

466 318 540 373 δὲ
564 322 666 377 καί
696 323 904 390 Κέϐης,
937 321 1036 376 καί
1053 321 1231 376 ἄλλοι
1250 323 1492 377 πολλοί.
1517 323 1712 386 Ὧστε,
1735 321 1880 390 ὅπερ
1909 321 2140 391 ἔλεγον,

465 407 548 478 μὴ
576 410 763 466 ταῦτα
779 410 1152 480 φοϐούμενος
1173 407 1488 478 ἀποκάμῃς
1513 408 1708 463 σῶσαι
1727 413 1977 471 carro»,
1990 407 2142 476 μήτε

467 495 500 548 ὂ
513 495 722 565 ἔλεγες
741 497 812 550 ἐν
831 495 912 561 τῷ
925 495 1289 562 δικαστηρίῳ
1303 493 1599 564 δυσχερές
1619 510 1717 550 σοι
1737 496 2018 566 γενέσθω,
2050 493 2141 547 ὅτι

466 583 580 634 οὐκ
601 581 678 634 ἂν
696 582 900 650 ίξχοις⁸
919 581 1185 645 ἐξελθὼν
1219 581 1252 633 ὅ
1287 599 1341 635 τι
1373 581 1530 649 χρῷο
1567 581 1793 647 σαυτῷο
1825 581 2141 650 πολλαχοῦ

466 665 580 733 μὲν
610 666 720 736 γὰρ
745 668 844 721 καὶ
869 667 1100 722 ἄλλοσε
1120 667 1272 722 ὅπου
1298 667 1375 722 ἂν
1392 671 1600 738 ἀφίκῃ,
1631 668 2024 738 ἀγαπήσουσί
2046 683 2136 722 σε.

467 751 616 809 Ἐὰν
641 753 710 807 δὲ
739 755 942 824 ,ϐούλῃ
978 756 1067 820 είς
1108 756 1435 809 Θετταλίαν
1464 756 1633 813 ἱέναι.
1663 756 1822 808 εἰσὶν
1853 755 1980 824 ἐμοὶ
2022 753 2151 806 ἐκεῖ

469 839 655 906 ξένοι,
680 841 833 895 οἶσε
853 842 988 911 περὶ
1017 841 1252 896 πολλοῦ
1274 842 1652 910 ποιήσονται,
1679 842 1778 895 καὶ
1805 840 2144 909 ἀσφάλειάν

468 942 570 982 σοι
593 929 974 998 παρέξονται,
991 928 1146 983 ὥστε
1160 947 1258 983 σοι
1273 929 1473 1000 μηδὲν
1489 931 1796 984 ἐλλείπειν
1808 930 1836 968 b
1859 927 1978 981 τῶν
1995 927 2145 981 κατά

471 1017 818 1070 Θετταλίαν.
851 1016 917 1070 Τί
939 1017 1143 1088 ταύτης
1171 1019 1272 1088 τῆς
1294 1018 1554 1089 εὐπορίας
1580 1018 1760 1087 ἦδιον;
1793 1017 1955 1070 Ἀλλὰ
1974 1016 2146 1070 ταῦτα

475 1108 574 1178 μέν
599 1108 675 1171 ὼς
695 1107 831 1178 πρὸς
862 1108 1030 1180 ἄνδρα
1065 1109 1334 1177 βιωτικόνο
1366 1111 1414 1161 εἰ
1442 1109 1498 1161 δὲ
1527 1107 1958 1178 φιλοσοφώτερον
1980 1105 2144 1160 αὐτοῦ

469 1193 562 1246 τὸν
598 1194 826 1248 πλοῦτον
873 1194 1147 1259 ἐξετάζειν
1173 1195 1472 1266 ἐθέλοιμεν,
1509 1196 1572 1247 σὺ
1602 1195 1698 1264 μὲν
1735 1195 1862 1256 ἴσως
1913 1195 1972 1246 οὐ
2006 1211 2146 1262 παρ-

471 1279 856 1352 ακολουθήσεις
874 1280 950 1351 τῷ
976 1281 1136 1352 λόγῳ,
1158 1283 1280 1352 ἐμοὶ
1303 1282 1361 1336 δέ
1387 1295 1406 1320 ε
1424 1283 1716 1349 ἀναγκαῖον
1737 1281 1822 1333 διὰ
1843 1282 1970 1343 τούς
1996 1280 2149 1334 δικά-

472 1365 666 1432 ζοντας
695 1369 885 1420 εἰπεῖν.
915 1367 1179 1432 Τοσοῦτος
1197 1367 1304 1438 γὰρ
1327 1369 1354 1420 ὁ
1377 1369 1474 1438 τῆς
1498 1368 1701 1438 ἀρετῆς
1730 1365 1956 1429 πλοῦτός
1978 1368 2142 1436 ἐστιν,

473 1450 646 1517 οὕτως
670 1453 854 1524 ἡδίων,
883 1453 1026 1508 οὔτω
1055 1455 1429 1526 ποθεινότερος
1460 1455 1554 1506 τοῦ
1585 1456 1714 1526 παρ’
1743 1455 1893 1522 ὑμῖν,
1915 1453 1990 1516 ὡς
2023 1453 2148 1524 μηδ’

472 1539 540 1594 ἄν
565 1558 696 1594 ποτε
727 1538 980 1612 ἐθελῆσαι
999 1543 1126 1607 τοὺς
1147 1541 1372 1612 ἔχοντας
1396 1543 1560 1596 αὑτὸν
1585 1542 1683 1613 τὴν
1711 1542 1927 1596 ἃπασαν
1947 1541 2073 1610 γῆν,
2099 1541 2148 1592 εί

471 1629 672 1698 χρυσὸς
705 1629 920 1696 γένοιτο
963 1629 1100 1701 μετά
1148 1630 1259 1684 τῶν
1293 1630 1437 1702 ὀρῶν
1477 1630 1572 1684 καὶ
1613 1631 1708 1700 τῆς
1749 1629 2024 1699 Θαλάσσης
2055 1627 2148 1680 καὶ

471 1715 584 1770 τῶν
623 1717 903 1786 ποταμῶν,
928 1717 1041 1770 ἀντ’
1073 1717 1280 1771 ἐκείνου
1303 1717 1508 1770 λαϐεῖν.
1533 1716 1644 1769 Καὶ
1669 1717 1721 1769 εἴ
1739 1733 1802 1784 γε
1835 1711 1902 1786 ἦν
1925 1714 2148 1768 δυνατὸν

471 1803 631 1856 τοῦτο
654 1803 922 1872 γενέσθαι,
951 1803 1153 1874 ἔμαθες
1175 1803 1241 1858 ἂν
1267 1804 1374 1856 ἀπὸ
1400 1805 1498 1872 τῆς
1522 1803 1716 1874 πείρας
1740 1804 1930 1873 αὐτῆς,
1951 1801 2027 1864 ὼς
2049 1801 2150 1853 οὐκ

473 1889 792 1954 ἀλαζονείας
821 1890 888 1944 τά
933 1892 1191 1962 ῥήματα,
1237 1890 1377 1944 ἀλλά
1426 1890 1608 1960 πολλῷ
1651 1889 1820 1942 πλείω
1856 1890 1949 1942 καὶ
1981 1886 2150 1958 μείζω

475 1976 722 2048 εὑρόντες
755 1978 1260 2048 καταφρονήσουσιν
1289 1977 1521 2044 ἐκείνου,
1557 1975 1648 2029 καὶ
1680 1976 1778 2028 οὐκ
1804 1975 1870 2030 ἄν
1893 1991 2022 2027 ποτε
2051 1973 2150 2026 αὐ·-

473 2063 565 2116 τὸν
593 2063 914 2130 ἁλλάξαιντο
948 2063 1159 2116 τούτου.
1192 2064 1302 2118 Καὶ
1338 2063 1392 2116 τί
1431 2064 1596 2131 λέγω,
1632 2062 1988 2128 ἀλλάξαιντο;
2029 2059 2149 2112 οὐδέ

478 2151 594 2220 μετ’
613 2149 820 2203 ἐκείνου
849 2149 949 2221 μὲν
973 2147 1066 2223 οὖν
1091 2149 1274 2204 λαϐεῖν
1290 2151 1452 2204 αὐτὸν
1473 2151 1679 2203 ἐλοιντο
1696 2148 1784 2202 ἄν.
1809 2147 2000 2200 Καίτοι
2022 2147 2150 2216 ὑμῖν

474 2239 530 2293 εἰ
545 2255 630 2303 τις
658 2238 828 2292 ἐδίδου
854 2239 946 2292 τὸν
977 2239 1076 2310 τῆς
1106 2240 1310 2311 ἀρετῆς
1352 2240 1580 2294 πλοῦτον
1622 2240 1758 2311 μετά
1785 2239 1893 2291 τῶν
1931 2237 2150 2308 χρημά-

475 2344 604 2392 των,
645 2327 864 2390 ὑπτίαις
890 2327 956 2381 ἂν
981 2327 1235 2393 ἐδέξασθε
1265 2327 1473 2400 χερσίν⁸
1505 2325 1678 2390 οὑτως
1715 2325 2026 2396 ὁμολογεῖτε
2055 2325 2152 2394 μέ-

476 2429 578 2481 γαν
606 2411 727 2466 τινὰ
755 2415 961 2466 ἐκεῖνον
988 2414 1082 2466 καὶ
1109 2412 1426 2484 θαυμαστόν
1445 2429 1459 2443 ο
1498 2405 1644 2466 οὔτοι
1663 2412 1722 2465 δὲ
1741 2412 1842 2464 οὐκ
1864 2410 1927 2464 ἂν
1949 2410 2152 2462 ἐλοιντο

472 2501 567 2555 τὸν
595 2501 856 2572 ὑμέτερον
885 2500 1024 2571 μετά
1045 2501 1138 2554 τοῦ
1165 2501 1389 2554 οἰκείου·
1407 2500 1581 2562 οὑτως
1607 2499 1784 2552 ἴσασιν
1811 2499 1891 2550 ὅτι
1920 2497 2152 2568 πρᾶγμά

477 2589 624 2641 ἐστιν
651 2587 1153 2660 εὐκαταφρόνητον.
1180 2587 1289 2640 Καὶ
1308 2585 1466 2639 τοῦτο
1496 2586 1658 2639 πάλιν
1688 2583 1796 2639 ἀπὸ
1823 2582 1932 2636 τῶν
1953 2583 1982 2634 ὑ
1992 2581 2150 2652 μετέ-

479 2691 588 2746 ρων
639 2674 1104 2744 παραδειγμάτων
1150 2675 1359 2745 ποιήσω
1407 2675 1662 2743 φανερόν.
1703 2672 1854 2726 Πόσα
1895 2669 2004 2740 γάρ
2051 2671 2149 2722 οίει

475 2761 738 2833 χρήματα
765 2761 854 2815 10v
878 2760 1223 2830 Ἀλέξανδρον
1248 2759 1326 2830 τῷ
1356 2761 1613 2829 Διογένει,
1645 2758 1700 2812 εί
1722 2775 1787 2828 γε
1813 2757 1970 2828 ἡθελε
1997 2754 2150 2819 δέξα-

477 2848 623 2914 σθαι,
647 2847 830 2903 δοῦναι
857 2848 951 2914 άν;
981 2847 1122 2901 Ἀλλ’
1141 2847 1240 2902 οὑκ
1265 2847 1547 2918 ἠθέλησεν·
1574 2849 1782 2908 ἐκεῖνος
1805 2845 1862 2898 δέ
1890 2842 2151 2913 ἐφιλονεί-

475 2953 562 2990 κει
597 2937 693 2990 καὶ¹
727 2937 904 2992 πάντα
947 2935 1203 3008 ἔπραττε,
1237 2935 1379 2990 ὥστε
1413 2935 1708 3008 δυνηθῆναί
1746 2949 1877 2988 ποτε
1921 2933 2014 2986 ἐπὶ
2058 2932 2150 2986 τὸν

477 3025 706 3081 πλοῦτον
737 3025 912 3092 ἐλθεῖν
939 3026 1030 3080 τὸν
1063 3025 1282 3080 τούτου.

545 3203 608 3252 ε’.
627 3197 816 3252 Βούλει
833 3197 891 3252 δὲ
908 3197 999 3252 καὶ
1017 3194 1281 3268 ἐτέρωθέν
1300 3213 1392 3249 σου
1410 3195 1506 3268 τὴν
1534 3196 1725 3251 πενίαν
1755 3175 1907 3264 ἰδεῖν,
1936 3201 2029 3254 καὶ
2054 3201 2148 3256 τοῦ

477 3284 666 3350 παιδὸς
689 3285 785 3356 τὴν
819 3283 1080 3357 εὐπορίαν
1109 3283 1202 3338 τοῦ
1242 3283 1372 3348 σοῦ;
1402 3283 1610 3338 Οὐκοῦν
1631 3283 1832 3338 ἄπελθε
1851 3326 1866 3351 ,
1922 3287 2017 3340 καὶ
2042 3289 2150 3356 ἁφ-

477 3372 600 3427 ελοῦ
624 3373 648 3410 ά
679 3373 844 3428 αὑτοῦ
873 3373 934 3426 10
963 3373 1198 3445 ἱμάτιον,
1224 3373 1360 3444 ὅπερ
1391 3371 1504 3443 ἔχει
1540 3371 1722 3443 μόνον,
1739 3374 1834 3426 καὶ
1861 3374 1962 3444 τῆς
1983 3375 2117 3430 καλύ
2134 3405 2150 3417 -

478 3464 582 3532 6ης
613 3462 870 3532 ἐξάγαγε,
899 3463 995 3517 καὶ
1019 3461 1215 3516 κάθελε
1235 3461 1298 3514 10
1318 3459 1684 3530 καταγώγιον,
1707 3462 1800 3516 καὶ
1831 3463 1952 3516 οὐδέ
1979 3463 2152 3528 οὔτως

477 3550 601 3622 ὕψει
633 3550 1052 3622 δυσχεραίνοντα
1093 3549 1215 3604 οὐδὲ
1247 3547 1516 3618 ἀλγοῦντα
1535 3589 1550 3614 ,
1585 3549 1724 3602 ἀλλά
1757 3566 1838 3603 σοι
1867 3551 1962 3603 καὶ
1991 3551 2152 3624 χάριν

479 3640 688 3694 εἴσεται
707 3637 934 3698 τούτων,
955 3637 1078 3690 ὅσον
1107 3635 1242 3706 πρὸς
1268 3635 1584 3706 φιλοσοφίαν
1611 3634 1772 3688 πλέον
1786 3635 1945 3700 ὠθεῖς
1965 3638 2148 3691 αὐτόν·

483 3726 576 3781 σοῦ
601 3726 658 3779 δὲ
692 3724 756 3778 ἀν
785 3741 869 3787 τις
888 3723 1018 3777 δέκα
1049 3722 1302 3794 δραχμάς
1329 3721 1596 3793 ἀφέληται
1623 3723 1799 3794 μόνον,
1827 3723 2038 3798 θρηνῶν
2058 3727 2153 3781 καὶ

479 3814 803 3885 ὀδυρόμενος
832 3813 894 3866 οὐ
935 3811 1231 3881 διαλείψεις
1259 3811 1408 3865 ποτε.
1445 3809 1560 3883 [64]
1585 3813 1679 3874 Τίς
1709 3809 1802 3868 οὐν
1833 3813 2090 3886 εὔπορος,
2122 3819 2152 3870 0

479 3906 593 3965 τοῖς
637 3904 849 3976 μικροῖς
877 3901 1226 3972 δακνόμενος,
1265 3899 1299 3972 ἢ
1332 3903 1360 3954 0
1402 3900 1618 3954 πάντων
1644 3901 1752 3954 τῶν
1783 3901 1951 3958 ὄντων
1980 3920 2150 3961 κατα-

480 3992 724 4066 φρονῶν;
778 3990 888 4044 Καὶ
941 3990 1018 4062 μὴ
1051 3989 1210 4044 τοῦτο
1243 3988 1478 4060 ποιήσῃς
1527 3989 1707 4060 μόνον,
1749 3990 1884 4044 ἀλλά
1915 3992 2008 4045 καὶ
2053 3994 2152 4064 τῆς

481 4081 664 4153 χώρας
690 4080 906 4150 ἀπάσης
939 4077 1230 4138 ἀπέλασον,
1265 4077 1359 4132 καὶ
1385 4076 1506 4146 ὄψει
1529 4077 1774 4146 γελῶντα
1802 4079 1894 4132 ἐπὶ
1919 4079 2148 4146 τούτοις,

481 4168 738 4240 καθάπερ
771 4169 864 4220 ἐπὶ
889 4166 1101 4219 παιδίου
1133 4165 1437 4230 παίζοντος.
1467 4166 1537 4219 Σὲ
1578 4167 1634 4220 δέ
1670 4166 1736 4221 ἀν
1767 4167 1866 4238 τῆς
1893 4169 2154 4240 πατρίδος

479 4257 731 4330 ἀπελάσῃ
763 4273 846 4320 τις
880 4255 1056 4328 μόνον,
1093 4256 1161 4310 τά
1182 4255 1462 4311 δεινότατα
1494 4255 1678 4331 πείσῃ,
1712 4259 1808 4313 καὶ
1841 4243 1962 4313 οὐδέ
1986 4259 2155 4324 οἴσεις

478 4343 578 4416 τὴν
609 4343 916 4416 συμφοράν·
948 4345 1154 4408 ἐκεῖνος
1175 4343 1254 4410 δὲ,
1280 4343 1375 4398 ἀτε
1409 4344 1590 4416 πάσης
1615 4347 1714 4417 τῆς
1733 4347 1837 4416 γῆς
1859 4345 2026 4418 οὔσης
2052 4348 2154 4400 αὐ-

480 4431 577 4487 τοῦ
613 4431 708 4486 καὶ
737 4431 838 4502 τῆς
879 4430 1174 4504 θαλάσσης,
1205 4429 1378 4496 οὑτως
1400 4433 1635 4496 εὐκόλως
1665 4434 1760 4487 καὶ
1791 4433 2013 4498 ἀλύπως
2046 4435 2154 4490 ἀπὸ

481 4519 686 4574 τούτων
712 4529 740 4559 ο
772 4520 856 4589 ἐφ’
889 4519 1052 4592 ἕτερα
1088 4521 1506 4590 μεταστήσεται,
1545 4519 1796 4592 καθάπερ
1837 4523 1900 4575 σὺ
1931 4522 2020 4575 διὰ
2046 4523 2155 4576 τῶν

477 4608 696 4664 οἰκείων
726 4608 925 4662 ὁδεύων
957 4607 1165 4680 ἀγρῶν·
1205 4607 1404 4680 μᾶλλον
1431 4609 1488 4662 δὲ
1523 4609 1617 4662 καὶ
1647 4608 2030 4682 εὐκολώτερον.
2063 4612 2155 4664 Σοὶ

484 4695 585 4768 μὲν
613 4695 722 4768 γὰρ
754 4697 804 4748 εί
839 4697 932 4749 καὶ
965 4695 1055 4750 διὰ
1078 4695 1185 4749 τῶν
1209 4697 1317 4750 σῶν
1343 4694 1580 4766 βαδίζειν
1602 4695 1826 4762 ἔξεστιν,
1861 4697 1974 4750 ἀλλ’
2007 4700 2157 4770 ὅμως

481 4783 578 4836 καὶ
606 4783 674 4835 δι’
693 4782 991 4853 ἀλλοτρίων
1019 4781 1232 4852 ἀνάγκη
1251 4799 1262 4812 ·
1300 4781 1505 4846 ἐκεῖνος
1524 4783 1580 4836 δὲ
1608 4782 1696 4836 διὰ
1726 4784 1906 4855 πάσης
1927 4784 2028 4854 τῆς
2059 4787 2157 4838 αὐ-

481 4869 577 4923 τοῦ
604 4867 928 4938 πορεύσεται
953 4867 1076 4936 γῆς·
1104 4869 1199 4921 καὶ
1231 4869 1392 4921 ποτὸν
1420 4869 1518 4940 μὲν
1545 4870 1693 4941 αὐτῷ
1714 4872 1977 4926 πάντοθεν
2002 4873 2158 4943 δαψι-

483 4956 592 5018 λῶς
613 4955 913 5026 παρέχουσι
941 4955 1129 5025 λίμναι
1159 4957 1254 5009 καὶ
1279 4958 1514 5026 ποταμοὶ
1552 4960 1648 5010 καὶ
1674 4963 1868 5030 πηγαὶ,
1899 4964 2072 5034 τροφὴ
2098 4964 2155 5017 δὲ

484 5041 632 5112 αὐτῷ
653 5041 860 5112 λάχανα.
880 5045 976 5096 καὶ
999 5042 1239 5112 βοτάναι,
1261 5044 1356 5096 καὶ
1377 5043 1532 5114 ἄρτοι
1547 5045 1605 5098 δὲ
1627 5047 1972 5119 πολλαχόθεν.
1991 5050 2157 5106 Οὔπω

487 5131 594 5202 γάρ
624 5146 706 5184 σοι
725 5128 886 5198 λέγω,
916 5131 999 5184 ὅτι
1023 5129 1240 5201 καὶτῆς
1261 5132 1364 5203 γῆς
1384 5131 1602 5202 ἀπάσης
1627 5140 1978 5205 καταφρονεῖ,
2003 5139 2156 5196 πόλιν

2071 5248 2154 5328 ᾗ

552 5336 580 5366 a
599 5335 708 5410 Quo
743 5351 862 5388 mss.
901 5338 988 5408 οὐκ
1029 5338 1084 5386 ἂν
1113 5337 1256 5448 ἕξοις,
1289 5352 1416 5388 unus
1443 5339 1556 5448 ἓως
1574 5341 1765 5396 ἐξελθὼν
1792 5341 1864 5390 δτι
1890 5344 2019 5422 χρόω
2045 5345 2154 5408 (sic)

552 5411 672 5448 υτω·
705 5402 952 5448 πολλαγου
988 5401 1088 5448 ιιέν.
1152 5401 1280 5448 'aVIl.
1323 5401 1412 5448 οὐκ
1483 5419 1507 5448 ν
1536 5417 1660 5448 εγοιε
1687 5403 1878 5448 ἐξελθὼν
1902 5407 1928 5448 ό
1950 5422 1996 5448 τι
2027 5411 2154 5448 νοῶη

705 5401 952 5470 πολλαχοῦ
988 5401 1280 5470 μέν.“8ιινῇ1.
1313 5401 1412 5470 ὀὐκ
1451 5401 1515 5470 διν
1536 5402 1878 5470 ἔχοιςέξξλθῲν
1890 5401 1934 5454 ’δ’
1950 5422 1996 5454 τι
2027 5401 2158 5470 χρῷο

488 5463 679 5548 σαυτῷζ
688 5461 938 5548 πολλαχοῦ
957 5461 1056 5525 μέν.
1084 5461 1258 5512 Morel.
1279 5463 1367 5511 οὐκ
1387 5463 1442 5511 ἂν
1465 5461 1789 5527 ἔχῃς’ἐξελθὼν
1817 5467 1890 5516 ὅτι
1911 5471 2013 5532 χρῶ
2027 5461 2158 5518 ’σαυ-

486 5525 577 5586 τῷ⁶
594 5525 838 5587 πολλαχοῦ
860 5525 960 5586 μέν.

546 5583 577 5660 ξ
601 5586 708 5660 ρυο
734 5599 850 5660 ξηεε.
877 5592 931 5660 ει
951 5585 1138 5660 Sa_v.“in
1158 5599 1299 5660 mprg
1327 5585 1466 5660 ῶσξε
1485 5603 1564 5637 σοι
1587 5590 1764 5660 μηδένα
1791 5590 1968 5660 λυπεῖν.

548 5651 574 5722 ξ
601 5648 711 5728 Sy.
738 5649 790 5696 in
812 5653 953 5698 textu
980 5655 1034 5698 et
1055 5649 1173 5699 Mor.
1198 5649 1303 5708 ἐμοὶ
1323 5649 1392 5698 δέ.
1415 5647 1529 5699 Sav.
1563 5647 1623 5702 ad
1657 5665 1809 5715 marg.
1841 5661 1896 5704 et
1913 5653 2010 5728 du0
2039 5665 2151 5704 n-ss.

485 5708 844 5856 ήιῖίθξὲιίίζωεξ.
868 5771 1010 5844 ἄφελε
1016 5773 1190 5856 ιαὐτόν.

600 5828 719 5882 Ἀπὸ
741 5828 922 5884 τούτων
947 5835 998 5884 in
1016 5833 1187 5885 Morel.
1215 5837 1404 5886 tantum
1428 5833 1591 5887 deest.

1253 207 1312 264 S.
1351 206 1636 264 JOANNIS
1672 203 2170 264 CHRYSOSTOMI
2207 205 2530 264 ARCIIIEP.
2571 203 3119 300 CQNSTANTINOP.
3806 212 3920 272 338

2249 317 2387 392 ἔχων
2415 322 2504 377 τὸν
2537 323 2763 392 οὐρανόν
2809 323 2850 377 τ.
2883 323 3004 378 Κᾶν
3050 323 3376 395 τελευτῆσαι
3401 325 3526 396 δέῃ,
3562 326 3660 396 τῆς
3701 328 3923 399 τρυφῆς

2248 408 2402 478 ὑμῶν
2425 409 2574 480 ἥδιον
2605 411 2741 463 οἴσει
2771 410 2868 482 τὴν
2905 411 3179 484 τελευτὴν,
3208 411 3304 466 καὶ
3330 411 3544 479 εὔξεται
3571 413 3743 478 οὔτως
3777 415 3924 469 ἀπο-

2242 493 2422 548 θανεῖν
2456 497 2678 566 μᾶλλον,
2709 497 2740 568 ἢ
2768 498 2924 568 ὑμεῖς
2955 499 3048 552 ἐπὶ
3081 500 3179 570 τῆς
3206 501 3464 572 πατρίδος
3493 501 3588 554 καὶ
3606 501 3706 572 τῆς
3728 487 3918 573 εὑνῆςο

2240 580 2383 635 ὥστε
2414 583 2510 637 καὶ
2563 583 2759 638 πλάνον
2797 587 2891 638 καὶ
2933 585 3144 655 φυγάδα
3184 588 3278 641 καὶ
3320 587 3527 659 ἀλήτην
3571 589 3671 661 τὴν
3697 590 3726 632 ⁸
3763 590 3923 644 πόλιν

2243 669 2434 740 ἔχοντα
2457 672 2550 724 καὶ
2571 673 2746 726 οἰκίαν
2773 673 3042 735 οἰκοῦντα,
3077 673 3190 726 ἀλλ’
3217 676 3318 733 οὐκ
3342 678 3548 731 ἐκεῖνον
3577 679 3722 731 εἴποι
3741 695 3825 743 τις
3848 677 3922 732 ἂν

2241 760 2333 812 τὸν
2373 761 2590 815 πάντων
2631 761 2836 815 τούτων
2883 763 3323 834 ἀπηλλαγμένον.
3372 766 3509 820 Οὔτε
3537 768 3648 839 γὰρ
3675 769 3777 839 τῆς
3809 787 3922 822 παι

2241 848 2422 918 τρίδος
2453 849 2616 903 αὐτὸν
2639 849 2925 918 ἐξαγαγεῖν
2945 850 3170 923 δυνήσῃ,
3195 851 3301 915 ἓως
3333 851 3397 906 ἂν
3421 853 3494 926 μὴ
3523 855 3798 929 ἐξαγάγῃς
3818 856 3922 925 τῆς

2243 935 2344 1005 γῆς
2380 936 2615 1007 ἀπάσης·
2649 937 2788 1002 τέως
2835 937 2942 1008 γὰρ
2968 937 3140 1002 οὕτως
3178 940 3446 1010 εἰρήσθω,
3495 943 3617 995 ἐπεὶ
3656 943 3798 998 κατά
3824 942 3923 996 τὸν

2243 1021 2419 1091 ἀληθῆ
2451 1023 2606 1090 λόγον
2638 1024 2758 1076 τότε
2801 1024 3036 1093 μάλιστα
3074 1025 3235 1078 αὐτὸν
3269 1028 3348 1088 εἰς
3385 1025 3482 1096 τὴν
3513 1027 3748 1098 πατρίδα
3781 1030 3926 1082 ἀπο-

2245 1108 2500 1178 πέμψεις,
2524 1111 2650 1162 ὅταν
2687 1110 2794 1162 ἀπὸ
2821 1112 2918 1180 τῆς
2948 1111 3053 1180 γῆς
3075 1110 3370 1183 ἐξαγάγῃς.
3414 1112 3552 1166 Ἀλλ’
3579 1115 3732 1168 οὔπω
3756 1115 3923 1169 τοῦτο

2245 1196 2380 1266 πρὸς
2414 1197 2472 1248 σέ
2509 1196 2600 1249 τὸν
2633 1197 2784 1250 οὐδὲν
2828 1199 2988 1251 πλέον
3037 1199 3146 1252 τῶν
3191 1201 3484 1270 ὁρωμένων
3529 1201 3728 1256 εἰδότα.
3782 1203 3923 1264 Οὐδὲ

2245 1281 2451 1350 γυμνὸν
2473 1281 2639 1345 δεῖξαι
2655 1279 2882 1354 δυνήσῃ,
2909 1284 3012 1348 ἐως
3031 1284 3096 1337 ἂν
3116 1283 3183 1338 15:
3203 1285 3304 1355 τῆς
3325 1285 3526 1357 ἀρετῆς
3549 1289 3738 1356 ἱμάτια
3761 1306 3936 1358 περι-.

2247 1370 2496 1438 κείμενος
2515 1367 2570 1440 ᾖ,
2600 1367 2722 1422 οΰιε
2742 1371 2883 1440 λιμῷ
2902 1371 3231 1444 διαφθερεῖς,
3259 1374 3362 1437 ἓως
3389 1373 3456 1428 ἂν
3477 1376 3594 1446 εἰδῇ
3624 1375 3724 1446 τὴν
3747 1376 3923 1440 ὅντως

2247 1455 2465 1523 τροφήν.
2504 1455 2666 1510 Ἀλλά
2709 1459 2843 1510 πᾶσι
2876 1459 3086 1521 τούτοις
3123 1461 3174 1511 οἱ
3204 1459 3560 1525 πλουτοῦντες
3601 1465 3733 1516 εἰσιν
3776 1461 3924 1516 ἀλώ-

2251 1527 2426 1607 σιμοί·
2463 1538 2604 1593 ὥστε
2633 1541 2727 1595 καὶ
2760 1543 2898 1597 κατά
2925 1545 3083 1596 τοῦτο
3113 1545 3213 1598 οὐκ
3239 1545 3303 1598 ἀν
3329 1563 3410 1609 τις
3439 1547 3675 1618 ἁμάρτοι
3696 1548 3926 1614 τούτους

2253 1625 2349 1694 μὲν
2381 1626 2619 1697 πένητας
2645 1628 2977 1698 προσειπὼν,
3007 1631 3100 1683 καὶ
3133 1632 3336 1704 σφόδρα
3366 1633 3622 1704 πένητας,
3654 1635 3923 1705 εὐπόρους

2249 1711 2304 1764 δὲ
2347 1713 2586 1778 ἐκείνους
2621 1715 2882 1786 ἀκριϐῶς.
2926 1718 2986 1770 '0
3014 1717 3122 1789 γὰρ
3153 1719 3245 1772 καὶ
3283 1721 3489 1791 τροφῆς
3514 1722 3609 1775 καὶ
3636 1722 3799 1774 ποτοῦ
3823 1724 3924 1778 καὶ

2247 1801 2426 1864 οἰκίας
2467 1803 2562 1854 καὶ
2605 1803 2962 1868 ἀναπαύσεως
3009 1807 3287 1877 πανταχοῦ
3317 1807 3612 1878 δυνάμενος
3645 1809 3920 1880 εὐπορεῖν,

2250 1889 2345 1940 καὶ
2385 1891 2446 1942 οὐ
2483 1890 2641 1959 μόνον
2683 1891 2758 1962 μὴ
2783 1889 2811 1928 h
2853 1891 3052 1955 ἀλύων,
3085 1893 3219 1948 ἀλλά
3263 1896 3357 1949 καὶ
3388 1896 3534 1967 ἥδιον
3563 1899 3621 1950 ἐν
3644 1898 3853 1960 τούτοις
3883 1899 3918 1968 ἢ

2252 1976 2408 2045 ὑμεῖς
2449 1979 2506 2031 ἐν
2546 1980 2660 2041 τοῖς
2709 1979 2994 2050 ὑμετέροις
3033 1981 3255 2049 διάγων,
3307 1982 3528 2054 εὔδηλον
3568 1985 3651 2038 ὅτι
3697 1985 3922 2038 πάντων

2251 2063 2403 2131 ὑμῶν
2427 2063 2533 2116 τῶν
2564 2063 2934 2120 πλουτούντων
2967 2066 3112 2120 ἐστὶν
3151 2068 3528 2142 εὐπορώτερος
3555 2071 3663 2124 τῶν
3699 2071 3791 2124 ἐπὶ
3817 2071 3922 2138 τῆς

2249 2151 2425 2214 οἰκίας
2469 2151 2636 2222 μόνης
2669 2151 2873 2206 τούτων
2917 2153 3230 2224 δυναμένων
3261 2157 3550 2226 εὐπορεῖν.
3597 2158 3758 2211 Ὅθεν
3797 2159 3924 2211 οὐδὲ

2251 2238 2439 2290 πενίαν
2468 2233 2608 2290 οἶδεν
2638 2239 2842 2303 ἐκεῖνος
2873 2239 3142 2311 θρηνῆσαί
3181 2259 3330 2296 ποτε.
3361 2245 3496 2296 Οὐδὲ
3527 2243 3634 2316 γάρ
3661 2247 3725 2314 τῇ
3755 2245 3928 2314 ἀφθο-

2249 2328 2338 2400 νίᾳ
2369 2327 2526 2399 μόνον
2553 2321 2708 2392 οὗτος
2731 2331 2759 2383 0
2789 2331 3018 2395 πλοῦτος
3046 2331 3291 2402 βελτίων,
3327 2333 3449 2386 οὐδὲ
3470 2337 3536 2406 τῇ
3570 2335 3754 2406 ἡδονῇ,
3781 2335 3926 2388 ἀλλά

2249 2419 2344 2470 καὶ
2374 2417 2450 2487 τῷ
2474 2417 2744 2481 ἀνάλωτος
2777 2415 2934 2484 εἶναι,
2966 2421 3060 2472 καὶ
3087 2421 3166 2482 είς
3202 2422 3475 2490 πτωχείαν
3503 2421 3576 2492 μὴ
3599 2421 3924 2493 μεταϐαλεῖν

2251 2521 2401 2566 ποτε,
2445 2505 2577 2574 μηδὲ
2615 2504 2930 2558 ὑποκεῖσθαι
2965 2505 3040 2576 τῷ
3069 2506 3162 2560 τοῦ
3199 2507 3485 2577 μέλλοντος
3530 2508 3744 2581 ἀδήλῳ,
3783 2511 3924 2582 μηδὲ

2250 2593 2538 2663 φροντίδας
2565 2592 2727 2664 ἐχειν,
2762 2594 2895 2664 μηδὲ
2929 2593 3193 2667 βασκανίᾳ
3210 2597 3545 2668 χειροῦσθαι,
3575 2597 3711 2651 ἀλλά
3735 2597 3922 2668 θαῦμα

2250 2681 2342 2732 καὶ
2375 2680 2594 2734 ἔπαινον
2638 2682 2732 2734 καὶ
2759 2681 3034 2753 εὐφημίαν
3069 2683 3370 2756 κεκτῆσθαι
3406 2686 3606 2738 πᾶσαν·
3643 2685 3818 2739 καίτοι
3851 2703 3920 2754 γε

2248 2767 2332 2836 ἐφ’
2359 2769 2512 2838 ὑμῶν
2545 2769 2854 2823 τούναντίον
2878 2769 3024 2824 ἐστιν
3055 2771 3200 2826 ἰδεῖν.
3236 2773 3310 2825 Οὐ
3334 2772 3442 2844 γάρ
3466 2773 3625 2844 μόνον
3645 2773 3788 2844 ὑμᾶς
3817 2775 3923 2827 οὐκ

2249 2853 2533 2908 ἐπαινοῦσι
2570 2855 2660 2908 διὰ
2686 2855 2777 2909 τὸν
2817 2855 3066 2922 πλοῦτον,
3107 2855 3241 2912 ἀλλὰ
3270 2859 3364 2912 καὶ
3407 2859 3626 2930 μισοῦσι
3660 2861 3754 2914 καὶ
3779 2861 3923 2914 ἀπο-

2251 2941 2574 3012 στρέφονται
2607 2943 2700 2996 καὶ
2731 2942 3083 3012 βασκαίνουσι
3113 2945 3170 2998 δὲ
3204 2945 3330 3016 ὑμῖν
3354 2945 3448 2998 καὶ
3481 2947 3927 3002 ἐπιϐουλεύουσιν

2249 3031 2296 3083 οί
2323 3029 2525 3082 πολλοί·
2549 3021 2702 3093 οὗτος
2727 3030 2783 3083 δέ
2808 3030 2992 3102 ἐπειδὴ
3015 3030 3234 3086 πλουτεῖ
3259 3031 3487 3086 πλοῦτον
3502 3035 3592 3088 τὸν
3615 3034 3806 3105 ἀληθῆ,
3832 3033 3928 3088 διὰ

2249 3115 2406 3170 τοῦτο
2453 3117 2788 3187 θαυμάζεται
2831 3117 3064 3188 μάλιστα
3082 3159 3096 3184 ,
3134 3119 3230 3172 καὶ
3256 3120 3345 3174 διὰ
3370 3119 3528 3175 τοῦτο
3555 3122 3616 3174 οὐ
3647 3124 3931 3190 φθονεῖται

2249 3202 2372 3256 οὐδὲ
2407 3202 2834 3256 ἐπιϐουλεύεται.
2865 3203 3007 3256 Ἀλλ’
3046 3205 3153 3276 ἀρα
3186 3207 3322 3276 πρὸς
3363 3206 3570 3275 ὑγίειαν
3601 3207 3680 3270 τίς
3724 3209 3926 3278 ἐπιτη-

2248 3289 2544 3360 δειότερος;
2567 3290 2664 3360 οὐχ
2691 3289 2718 3340 ὁ
2749 3289 2845 3359 μὲν
2867 3291 3071 3344 ἐκεῖνον
3099 3291 3236 3362 ἔχων
3267 3292 3519 3364 καθάπερ
3540 3294 3607 3346 τά
3631 3295 3794 3364 ἄγρια
3811 3294 3932 3347 τῶν

2251 3371 2403 3439 ζώων
2433 3375 2738 3446 εὐσωματεῖ
2753 3376 2846 3429 καὶ
2871 3377 3202 3450 σφριγᾷ,ἆτε
3229 3379 3386 3450 ἀέρος
3417 3379 3699 3433 ἀπολαύων
3717 3381 3733 3420 ί
3752 3380 3934 3434 καθαο

2255 3461 2347 3533 ροῦ
2387 3462 2480 3516 καὶ
2514 3463 2770 3532 ναμάτων
2823 3463 3075 3532 ὑγιεινῶν
3096 3465 3190 3518 καὶ
3209 3465 3384 3519 ἀνθῶν
3407 3467 3499 3520 καὶ
3521 3465 3798 3537 λειμώνων
3825 3467 3932 3519 καὶ

2250 3549 2480 3612 εὐωδίας
2514 3548 2865 3620 εἰλικρινοῦς,
2899 3543 3054 3614 οὗτος
3089 3551 3144 3604 δὲ
3347 3551 3538 3625 ὥσπερ
3576 3553 3634 3607 ἐν
3675 3552 3932 3624 βορϐόρῳ

2250 3637 2518 3710 κείμενος,
2555 3638 2940 3709 μαλακώτερός
2967 3639 3028 3692 τέ
3053 3641 3168 3692 ἐστι
3197 3641 3291 3694 καὶ
3321 3642 3520 3712 μᾶλλον
3545 3643 3828 3706 ἐπίνοσοςς
3861 3644 3930 3696 Εἰ

2249 3725 2306 3778 δὲ
2331 3728 2387 3778 ἐν
2407 3725 2584 3796 ὑγιείᾳ
2601 3726 2669 3778 τά
2690 3729 2929 3797 πρωτεῖα
2951 3727 3100 3798 παρά
3121 3727 3316 3798 τούτῳ,
3341 3728 3582 3798 δηλονότι
3606 3729 3702 3782 καὶ
3723 3731 3779 3781 ἐν
3802 3728 3930 3800 ἡδο-

2250 3815 2336 3882 νῇ.
2373 3811 2506 3866 Τίνα
2532 3812 2640 3884 γὰρ
2679 3813 2778 3865 οἴει
2819 3813 3016 3884 μᾶλλον
3047 3816 3278 3885 τρυφᾷν,
3322 3812 3412 3866 10v
3445 3816 3537 3868 ἐπὶ
3569 3814 3796 3884 βαθείας
3823 3834 3928 3870 κα⁸

2249 3899 2640 3970 τακεκλιμένον
2693 3900 2852 3964 πόας,
2899 3899 3049 3972 παρά
3092 3904 3272 3972 πηγὴν
3319 3899 3591 3972 καθαράν,
3619 3901 3729 3954 ὑπὸ
3768 3903 3926 3956 σκιάν

2250 3989 2484 4060 δένδρων
2541 3989 2896 4060 ἀμφιλαφῶν,
2967 3991 3062 4044 καὶ
3097 3990 3188 4044 τὸν
3226 3989 3502 4061 ὀφθαλμὸν
3549 3991 3819 4045 ἑστιῶντα
3858 3993 3926 4064 τῇ

2253 4076 2370 4148 θέᾳ,
2415 4075 2510 4132 καὶ
2551 4077 2940 4151 καθαρωτέραν
2987 4077 3174 4149 ἔχοντα
3202 4077 3296 4131 τοῦ
3331 4076 3560 4150 οὐρανοῦ
3595 4079 3690 4148 τὴν
3724 4078 3926 4152 ψυχὴν,

2253 4166 2350 4220 καὶ
2390 4167 2637 4238 ταραχῆς
2682 4169 2779 4220 καὶ
2820 4165 3051 4238 θορύϐου
3085 4165 3272 4240 πόρρω
3301 4166 3637 4238 καθήμενον,
3673 4167 3707 4238 ἢ
3741 4167 3835 4220 τὸν
3867 4167 3929 4220 ἐν

2252 4257 2480 4328 οἰκίσκῳ
2503 4257 3029 4328 κατακεκλεισμένον
3049 4275 3062 4323 ;
3093 4258 3168 4310 Οὐ
3191 4257 3300 4330 γὰρ
3321 4257 3384 4330 δὴ
3399 4257 3492 4311 τοῦ
3511 4257 3669 4328 ἀέρος
3691 4257 3759 4310 τὰ
3783 4257 3931 4330 μάρ-

2256 4361 2406 4416 μαρα
2434 4342 2812 4415 καθαρώτερα,
2835 4344 2955 4396 οὐδὲ
2983 4343 3080 4414 τῆς
3116 4346 3272 4407 σκιᾶς
3292 4345 3392 4414 τῆς
3421 4343 3528 4398 ἀπὸ
3562 4343 3668 4397 τῶν
3691 4344 3931 4415 δένδρων

2251 4435 2285 4504 ἡ
2310 4431 2416 4486 ἀπὸ
2455 4432 2554 4502 τῆς
2605 4431 2809 4502 ὀροφῆς
2836 4431 3018 4502 ἡδίων,
3047 4432 3169 4485 οὑδέ
3213 4434 3244 4501 ἠ
3275 4431 3447 4502 ψηφὶς
3480 4431 3706 4501 ἐδάφους
3739 4431 3930 4486 ἄνθεσι

2253 4519 2729 4590 καλλωπιζομένου
2755 4519 3043 4584 ποικίλοις.
3077 4521 3190 4575 Καὶ
3222 4521 3424 4575 τούτων
3465 4520 3643 4576 αὐτῶν
3671 4521 3832 4590 ὑμεῖς
3875 4521 3926 4573 οί

2255 4607 2607 4672 πλουτοῦντες
2637 4606 2931 4679 μάρτυρες,
2967 4602 3048 4670 οἷς
3076 4609 3130 4662 εί
3149 4625 3212 4678 γε
3241 4609 3368 4678 ἐνῆν
3402 4609 3494 4663 ἐπὶ
3519 4607 3628 4662 τῶν
3658 4608 3925 4678 ὑπερῴων

2253 4695 2444 4766 δένδρα
2473 4694 2636 4765 ἔχειν,
2677 4695 2771 4747 καὶ
2805 4695 2902 4764 τὴν
2935 4694 3042 4748 ἀπὸ
3085 4693 3192 4748 τῶν
3236 4694 3515 4765 λειμώνων
3545 4693 3924 4764 παραμυθίαν,

2259 4783 2458 4856 μᾶλλον
2490 4783 2554 4836 ἂν
2582 4780 2816 4836 εἵλεσθεὶ
2856 4783 2955 4852 τῆς
2983 4781 3180 4854 στέγης
3207 4783 3308 4852 τῆς
3327 4781 3532 4854 χρυσῆς
3562 4781 3658 4835 καὶ
3683 4779 3793 4834 τῶν
3817 4779 3926 4833 τοί-

2255 4888 2366 4942 χων
2393 4869 2500 4924 τῶν
2531 4867 2876 4939 θαυμαστῶν.
2904 4868 3071 4922 Ὅταν
3101 4866 3228 4937 γοῦν
3257 4870 3321 4921 ἐκ
3349 4866 3556 4928 πολλῶν
3580 4866 3761 4921 πόνων
3789 4865 3925 4939 πρὸς

2255 4961 2435 5015 ἄνεσιν
2475 4960 2701 5022 ἑαυτοὺς
2746 4960 2960 5028 ἀφεῖναι
3002 4943 3414 5030 ἐπιθυμήσητε,
3453 4955 3630 5026 ταῦτα
3671 4955 3921 5026 ἀφέντες,

2256 5046 2391 5116 7:90;
2423 5047 2606 5100 ἐκεῖνα
2649 5045 2912 5115 βαδίζετε.
2957 5043 3098 5098 Ἀλλ’
3142 5044 3282 5118 ὑπὲρ
3326 5043 3484 5114 δόξης
3519 5043 3650 5108 ἴσως
3682 5041 3922 5116 θρηνεῖς,

2253 5132 2353 5204 τῆς
2382 5130 2584 5203 πολλῆς
2617 5131 2829 5202 ἐκείνης
2857 5133 2950 5185 καί⁵
2977 5131 3241 5204 μεγάλης,
3271 5129 3505 5202 οὐδαμοῦ
3529 5130 3558 5170 ι
3591 5127 3925 5200 φαινομένης

2324 5281 2344 5348 ξ
2372 5284 2481 5348 Quo
2502 5297 2618 5348 mss.
2643 5285 2692 5334 ἐν
2723 5285 2924 5348 οὐρανῷ.

2319 5345 2345 5385 Β
2371 5345 2502 5394 Fort.
2523 5347 2619 5394 τόν.

2316 5403 2444 5464 ΙιΜή
2466 5409 2612 5456 deest
2635 5405 2684 5456 in
2720 5407 2908 5456 duobus
2944 5419 3058 5456 mss.
3089 5405 3222 5456 Infra
3261 5405 3414 5456 εει-ξι.
3453 5406 3529 5456 ἐπὶ
3549 5410 3635 5465 τῆς
3671 5401 3823 5466 οἰκίας
3844 5399 3926 5466 (³91

2255 5481 2408 5536 ma_r_g.
2425 5463 2791 5536 _0lxai0:;)_p.6v0_;
2806 5469 2986 5517 τούτων
3023 5470 3290 5536 δυναμένων
3304 5531 3314 5536 _
3327 5468 3557 5536 εὐπορεῖν,
3581 5463 3636 5536 ἐξ
3655 5463 3922 5536 εἱεληονὲξ.

2256 5534 2340 5592 qui
2361 5526 2512 5592 Babel
2530 5526 2720 5587 οἰκείας.
2745 5530 2856 5580 Duo
2868 5543 2990 5592 mss.
3019 5531 3094 5578 ἐπὶ
3120 5526 3204 5590 τῆς
3219 5531 3370 5586 οἰκίας
3389 5526 3703 5592 μόνηςξταῦτα
3723 5526 3927 5588 δυναμέ-

2255 5590 2348 5658 νων
2368 5591 2532 5658 εὑρεῖν.
2560 5592 2715 5658 Ρειιιιο
2733 5598 2844 5658 ροει
2865 5590 3014 5641 iidem
3033 5605 3148 5642 mss.
3173 5593 3227 5640 οὐ
3245 5593 3338 5658 γὰρ
3358 5590 3416 5649 δὴ
3436 5595 3495 5653 τῇ
3523 5591 3632 5653 ἀφθ.

2324 5652 2342 5692 ί
2367 5652 2475 5702 1.)υο
2500 5666 2616 5701 mss.
2637 5652 2950 5702 ἀπολαύοντα.

2326 5725 2342 5764 ι
2371 5713 2452 5779 Sjc
2469 5727 2640 5779 omne_s
2661 5719 2842 5779 praeter
2861 5714 3180 5779 edigjlorel,
3201 5729 3312 5779 qua:
3332 5715 3484 5779 habet
3505 5713 3674 5775 εἴχετε.

2323 5779 2347 5812 k
2375 5774 2508 5822 Unus
2530 5777 2637 5825 cod.
2661 5769 2743 5831 ’ὡς
2761 5775 2994 5837 οὐδαμοῦ,
3025 5784 3078 5824 οι
3112 5769 3184 5827 sié
3219 5769 3370 5831 Savil.
3399 5775 3450 5826 in
3487 5769 3643 5838 πῶς.
3676 5770 3808 5824 Infra
3821 5769 3920 5820 duo

2261 5848 2378 5888 mss.
2406 5838 2822 5889 καταπεπτωκέναι
2843 5853 2921 5886 σοι
2939 5838 3020 5887 τὸν
3037 5838 3156 5888 υἱόν.
