4088 6138
278 222 377 279 357

280 353 379 392 scas
399 376 413 397 ,
446 333 498 386 hi
515 332 602 401 qui
629 331 832 384 adstant
852 328 1072 396 hospites
1106 327 1346 397 impensis
1376 324 1542 395 parati
1580 331 1717 380 sunt.
1759 321 1856 377 In-

282 428 384 481 tulit
414 426 603 495 quippe
620 424 675 476 in
703 421 798 476 hoc
824 422 988 491 ipsum
1009 420 1272 489 pecuniam
1313 420 1560 488 ingentem
1614 416 1856 471 Simmias
1895 490 1913 499 Α

280 516 570 572 Thebanus:
591 521 802 583 paratus
821 520 891 565 est
906 510 1059 567 Cebes
1085 525 1296 580 quoque,
1315 510 1405 562 alii
1423 509 1541 561 item
1563 508 1725 561 nmlti.
1748 506 1771 560 I
1782 516 1858 559 ta-

282 625 384 680 que,
415 619 471 660 ut
493 616 643 660 antea
663 604 910 670 dicebam,
929 602 1075 657 nullo
1100 602 1280 655 horum
1308 612 1439 653 metu
1465 605 1657 671 fractus
1677 639 1692 663 ,
1716 597 1857 652 salu.

280 711 365 754 tem
382 716 508 753 cura
530 709 689 752 tuam.
722 696 900 766 Neque
922 711 1037 750 vero
1055 693 1127 759 id,
1159 693 1294 765 quod
1326 695 1379 747 in
1395 692 1596 762 judicio
1617 690 1814 749 dicebas
1835 733 1850 758 ,

280 791 549 845 molestiam
575 788 662 842 tibi
679 788 865 856 pariat,
883 786 1017 854 quod
1043 786 1231 839 scilicet
1258 785 1510 853 profectus
1531 799 1629 836 non
1651 781 1857 835 haberes

279 900 365 953 quo
381 883 595 952 teipsnm
612 888 844 933 verteres.
870 877 1046 931 Multis
1060 877 1191 930 enim
1206 884 1249 928 et
1264 876 1379 928 aliis
1393 875 1444 927 in
1458 874 1599 935 locis,
1617 888 1859 942 quocum-

279 993 363 1044 que
382 975 724 1046 proﬁciscare,
753 972 995 1025 amabunt
1015 980 1061 1023 te
1081 970 1305 1038 plurimi.
1338 967 1433 1022 Sin
1467 974 1635 1019 autent
1654 965 1775 1018 velis
1803 965 1857 1018 in

283 1068 583 1133 Thessaliam
600 1082 825 1136 pergere,
847 1074 962 1118 sunt
993 1063 1117 1117 mihi
1141 1061 1483 1132 pleriqneillic
1505 1062 1744 1129 hospites,
1771 1057 1858 1129 qui

282 1170 324 1215 te
337 1160 537 1229 plurimi
555 1160 755 1230 facient,
774 1167 819 1211 et
837 1167 995 1209 tutum
1011 1156 1214 1208 omnino
1229 1150 1559 1223 prtestabunt:
1576 1152 1647 1203 sic
1662 1159 1716 1203 ut
1729 1147 1858 1202 nihil

258 1250 358 1304 ‘tibi
372 1252 422 1305 in
440 1249 702 1303 Thessalia
718 1249 863 1301 desit.
883 1247 1017 1314 Quid
1034 1247 1131 1299 hac
1142 1244 1409 1314 opulentia
1419 1242 1702 1311 jucundius
1718 1240 1741 1293 ?
1758 1241 1857 1295 Ve-

281 1357 386 1394 rum
400 1339 513 1394 haec
526 1335 913 1408 quidem,utad
929 1334 1238 1389 surcularem
1270 1332 1539 1387 hominem
1560 1331 1664 1384 sint
1692 1329 1855 1384 dicta.

282 1432 421 1500 Quod
450 1433 492 1485 si
523 1429 682 1484 modo
706 1428 774 1483 ad
806 1426 1193 1498 philosophiam
1212 1414 1700 1478 "accommodatiora
1726 1436 1855 1488 epes

282 1524 534 1579 discutere
554 1522 780 1575 velimus
800 1560 815 1583 ,
848 1527 904 1573 tu
933 1517 1159 1571 fortasse
1209 1531 1312 1570 non
1344 1514 1643 1583 assequeris
1694 1512 1854 1566 intel-

278 1596 451 1680 lectu,
480 1612 610 1666 mihi
636 1621 810 1665 tamen
837 1618 1054 1680 propter
1073 1607 1283 1677 judices
1311 1605 1615 1660 necessario
1669 1604 1855 1658 dicen-

279 1705 397 1758 dum
427 1712 527 1758 est.
558 1702 741 1757 Tantae
783 1701 924 1755 enim
970 1708 1096 1753 sunt
1136 1697 1347 1752 virtutis
1399 1711 1562 1766 opes,
1617 1695 1857 1763 adeoque

281 1795 462 1849 vestris
486 1793 757 1847 dulciores
782 1801 835 1847 et
864 1789 1238 1859 optabiliores,
1272 1798 1329 1841 ut
1375 1789 1465 1857 qui
1524 1788 1617 1841 has
1657 1787 1856 1841 habue-

266 1888 369 1941 rrint
395 1901 464 1940 ne
487 1886 788 1940 universam
816 1881 1029 1951 quidem
1059 1891 1251 1935 terram
1270 1921 1285 1944 ,
1316 1879 1523 1935 etiamsi
1550 1879 1637 1932 illa
1666 1894 1854 1932 aurum

281 1976 426 2031 lict-et
453 1991 576 2030 cum
607 1973 875 2028 montibus
896 2014 911 2037 ,
969 1971 1101 2026 mari
1132 1981 1186 2025 ct
1236 1969 1575 2035 ﬂuminibus,
1613 1984 1855 2023 commu-

268 2077 382 2122 tare
405 2082 526 2122 eum
554 2067 658 2121 illis
686 2065 968 2119 voluerint.
999 2065 1068 2117 At
1096 2064 1140 2117 si
1171 2061 1226 2116 id
1267 2061 1383 2115 lieri
1439 2070 1658 2130 posset,
1691 2074 1855 2129 expe-

279 2159 496 2214 rimento
563 2167 709 2212 certe
754 2155 1031 2210 didicisses
1074 2168 1176 2207 nos
1218 2167 1323 2206 non
1373 2152 1644 2222 jactantize
1692 2151 1854 2206 verba

277 2250 413 2319 loqui
445 2267 458 2302 ε
490 2249 583 2304 sed
613 2247 845 2317 majores
867 2261 1077 2316 quoque
1104 2245 1181 2298 illi
1207 2243 1420 2299 divitias
1449 2243 1589 2298 nacti
1629 2257 1854 2312 sperne-

277 2349 386 2396 rent
414 2350 467 2396 et
497 2354 783 2409 numquam
815 2352 1034 2407 prorsus
1063 2351 1183 2391 cum
1229 2336 1344 2389 istis
1383 2335 1500 2389 illas
1550 2343 1853 2389 commuta-

276 2440 406 2487 rent.
435 2432 499 2486 Et
524 2430 651 2500 quid
689 2444 790 2500 ego
817 2429 937 2483 dico
956 2470 969 2493 ,
998 2428 1427 2482 commutarent?
1456 2442 1526 2482 ne
1573 2442 1693 2480 cum
1747 2425 1854 2481 illis

274 2525 482 2596 quidem
513 2524 613 2578 has
633 2523 830 2577 habere
851 2522 1071 2576 vellent.
1097 2521 1253 2574 Certe
1292 2520 1337 2574 si
1364 2519 1482 2589 quis
1531 2519 1683 2573 vobis
1729 2533 1852 2572 cum

275 2616 512 2687 pecuniis
542 2614 757 2669 virtutis
783 2614 1049 2667 conferret
1069 2626 1221 2680 opes,
1254 2610 1458 2680 supinis
1482 2623 1574 2664 eas
1609 2608 1853 2662 manibus

273 2708 642 2777 susciperetis:
672 2705 806 2759 adeo
832 2705 931 2773 ipsi
967 2717 1179 2773 quoque
1204 2717 1296 2757 eas
1316 2701 1526 2756 divitias
1549 2707 1604 2755 et
1630 2713 1851 2769 magnas

271 2813 322 2858 et
344 2800 683 2856 admirabiles
713 2813 831 2853 esse
861 2795 1209 2852 confitemini.
1238 2796 1305 2848 At
1352 2793 1406 2847 bi
1460 2809 1526 2847 ne
1566 2808 1689 2847 cum
1741 2791 1853 2846 suis

271 2894 482 2963 quidem
511 2906 641 2961 opes
660 2898 865 2944 vestras
891 2887 1086 2943 habere
1126 2886 1424 2950 voluerint,
1455 2883 1527 2937 ita
1577 2899 1688 2937 rem
1730 2895 1851 2937 esse

270 2983 620 3055 spernendam
652 2987 869 3034 norunt.
902 2979 1075 3049 Atque
1105 2977 1207 3031 hoc
1232 2977 1403 3044 ipsum
1431 2987 1620 3029 rursus
1665 2988 1851 3028 exem-

272 3075 371 3145 piis
399 3073 593 3129 vestris
624 3071 960 3142 perspicuum
987 3068 1203 3123 faciam.
1226 3067 1490 3135 Quantum
1519 3065 1661 3119 enim
1695 3078 1848 3133 pecu-

211 3240 221 3247 ,
271 3170 474 3222 uiarum
499 3164 860 3221 Alexandrum
893 3162 1112 3232 Diogeni
1138 3160 1385 3214 daturum
1409 3157 1572 3213 fuisse
1594 3165 1780 3226 putas,
1807 3154 1852 3209 si

264 3260 482 3331 quidem
509 3259 597 3313 ille
629 3258 883 3311 voluisset
911 3250 1193 3322 accipere?
1222 3250 1315 3304 Ille
1367 3263 1494 3303 vero
1551 3246 1741 3302 noluit.
1774 3248 1848 3300 At

265 3350 576 3407 Alexander
603 3348 804 3403 viribus
838 3347 968 3401 totis
987 3343 1377 3409 contendebat,
1408 3348 1705 3408 cunctaque
1737 3351 1851 3391 mo-

264 3445 517 3507 liebattir,
547 3452 603 3495 ut
628 3441 694 3495 ad
723 3440 878 3508 hujus
906 3437 1116 3492 divitias
1139 3434 1355 3505 propius
1383 3431 1678 3487 accederet.

331 3537 393 3592 5.
437 3535 537 3602 Qui
561 3533 730 3586 omnia
758 3530 969 3600 despicit
992 3544 1106 3582 vere
1142 3528 1298 3581 dives.
1330 3554 1400 3565 —
1434 3522 1599 3577 Visne
1640 3520 1885 3579 aliunde’

259 3642 476 3698 quoque
505 3634 560 3680 et
591 3635 736 3679 tuam
762 3622 1024 3691 inopiam,
1051 3628 1104 3674 et
1138 3618 1230 3673 filii
1262 3616 1334 3671 tui
1380 3630 1511 3685 opes
1558 3628 1851 3698 cognosce-

262 3692 362 3775 re?
390 3692 544 3772 illum
574 3716 693 3780 adi,
722 3714 951 3783 ejusque
981 3710 1194 3781 pallium
1214 3749 1230 3776 ,
1262 3707 1401 3778 quod
1433 3707 1603 3762 solum
1660 3692 1850 3769 habet,

260 3811 339 3864 illi
366 3807 548 3863 aufer:
581 3806 718 3863 ednc
744 3805 870 3859 item
905 3818 973 3856 ex
998 3801 1252 3865 latibulo,
1308 3799 1529 3869 ejusque
1582 3799 1851 3865 tugurium

260 3902 515 3955 destrue:
554 3914 620 3952 ne
646 3898 725 3951 sic
747 3894 962 3965 quidem
987 3907 1109 3949 eum
1158 3890 1517 3959 indignantem
1570 3896 1662 3942 aut
1710 3902 1853 3957 agre

258 3994 527 4051 ferentem
555 3989 795 4055 videbis;
826 4003 1009 4043 verum
1040 3985 1133 4039 tibi
1157 3986 1346 4038 horum
1373 3982 1571 4051 gratias
1619 3980 1848 4046 reddet,

258 4093 521 4153 tantoque
572 4080 841 4149 majores,
894 4087 1092 4147 quanto
1135 4076 1304 4146 magis
1354 4089 1475 4128 eum
1506 4071 1573 4125 ad
1616 4071 1851 4139 philoso-

256 4176 448 4246 phiam
470 4172 735 4242 impellis:
766 4169 857 4224 tibi
887 4182 1016 4223 vero
1035 4167 1080 4221 si
1109 4166 1228 4235 quis
1252 4164 1336 4218 vel
1363 4162 1550 4217 decem
1574 4159 1854 4215 drachmas

216 4271 220 4274 ’
258 4265 581 4329 abstulerit,
605 4260 818 4331 lugendi
844 4256 1276 4326 lamentandique
1305 4255 1462 4309 linem
1507 4267 1615 4307 non
1671 4252 1852 4306 facies.

258 4355 399 4412 Uter
424 4370 556 4425 ergo
582 4353 731 4408 dives
750 4348 1135 4406 existimandus
1159 4347 1264 4402 est?
1291 4347 1407 4400 isne
1424 4345 1515 4415 qui
1549 4343 1632 4398 vel
1664 4342 1733 4397 de
1758 4341 1858 4396 mi-

256 4448 433 4503 nimis
454 4444 813 4507 excruciatnr,
833 4457 899 4496 an
917 4441 1009 4509 qui
1029 4439 1207 4494 omnia
1228 4436 1381 4492 simul
1399 4434 1647 4503 despicit?
1672 4433 1856 4502 Neque

254 4541 317 4595 id
352 4550 559 4594 tantum
581 4536 779 4602 facias,
812 4548 995 4589 verum
1027 4548 1095 4586 ex
1122 4539 1230 4585 tota
1276 4528 1493 4597 regione
1536 4526 1759 4582 exturba
1795 4525 1857 4579 il-

256 4633 496 4688 lumzet
517 4630 779 4685 ridentem
826 4625 1037 4681 Videbis
1090 4622 1240 4692 quasi
1286 4621 1353 4675 de
1402 4619 1619 4674 ludente
1665 4632 1854 4687 puero.

256 4725 345 4779 Te
374 4738 508 4778 vero
540 4722 585 4776 si
617 4722 737 4790 quis
760 4734 827 4773 ex
873 4716 1044 4786 patria
1089 4714 1260 4768 solum
1289 4710 1562 4774 exturbat,
1590 4707 1860 4763 acerbissi-

255 4831 354 4870 ma
385 4813 640 4885 patieris,
668 4824 843 4880 neque
869 4808 1012 4862 illam
1044 4803 1397 4859 calamitatem
1441 4799 1579 4854 ferre
1624 4797 1855 4868 poteris:

254 4908 362 4962 ille
388 4914 570 4960 autem
591 4945 606 4970 ,
639 4902 837 4971 quippe
866 4909 1024 4954 terra:
1052 4894 1322 4963 marisque
1353 4890 1633 4954 dominus,
1665 4888 1737 4942 ita
1776 4887 1859 4940 ia-

252 5000 374 5055 cile
402 5009 460 5054 et
500 4997 617 5052 sine
647 5006 879 5049 maerore
921 5005 985 5045 ex
1033 4988 1114 5043 bis
1144 4985 1277 5040 locis
1301 4984 1317 5015 ¹
1346 4982 1413 5037 ad
1438 4982 1540 5036 alia
1591 4978 1857 5050 migrabit,

1026 210 1393 272 ADVERSUS
1428 206 1973 269 OPPUGNATOBES
2011 209 2195 267 Ἦτῶ
2234 208 2536 270 MONAST.
2564 213 2694 271 LIB.
2736 213 2797 268 ll.

3437 217 3540 274 358

1962 338 2027 377 ex
2061 321 2189 379 locis
2218 324 2443 402 advecti.
2476 326 2719 382 Nondum
2751 328 2892 383 enim
2920 328 2972 386 id
2999 328 3118 383 dico
3137 372 3151 396 ,
3180 330 3320 401 quod
3343 339 3538 388 terram

1962 414 2075 483 ipse
2115 430 2328 471 omnem
2371 430 2703 488 aspernetur,
2730 417 2934 474 habens
2974 420 3239 474 civitatem
3280 420 3536 477 ccelum'.

1962 504 2112 572 Quod
2138 506 2180 559 si
2214 507 2544 562 moriendum
2574 508 2764 573 fuerit,
2789 508 2960 563 lastius
2986 508 3121 565 feret
3147 511 3352 566 obitum
3377 527 3533 583 quam

1960 596 2180 651 delicias
2223 609 2457 666 vestras,
2512 615 2576 654 ac
2605 601 3389 673 prmoptabititamori,quam
3444 618 3538 658 vos

1961 688 2013 742 in
2043 692 2206 757 patria
2236 704 2285 746 et
2316 694 2493 749 lecto:
2526 694 2596 748 ita
2627 705 2682 749 ut
2728 696 2817 750 ille
2848 712 2972 751 vere
3000 697 3267 768 sitvagus,
3291 696 3537 768 fugitivus

1960 789 2014 836 et
2045 783 2374 850 palabundus
2392 827 2406 851 ,
2432 787 2521 856 qui
2550 787 2730 842 urbem
2758 788 2938 843 incolit
2966 798 3016 844 et
3048 790 3099 844 in
3121 790 3280 845 domo
3314 791 3535 855 habitat,

1960 889 2062 926 non
2080 884 2256 929 autem
2271 872 2359 942 qui
2378 877 2458 932 his
2469 878 2715 932 omnibus
2729 878 2863 934 liber
2878 881 3064 934 evasit.
3080 880 3373 951 Numquam
3395 883 3537 938 enim

1959 963 2105 1017 illum
2130 960 2200 1016 de
2221 960 2391 1030 patria
2418 969 2616 1025 poteris
2640 968 2868 1025 educere
2887 1011 2902 1037 ,
2923 971 3022 1025 nisi
3044 987 3165 1026 eum
3192 988 3258 1027 ex
3287 974 3535 1028 universa

1962 1064 2099 1109 terra
2122 1055 2396 1125 dejeceris.
2428 1056 2505 1113 lta
2534 1060 2674 1113 enim
2725 1061 2935 1116 interim
2975 1063 3290 1132 loquamur:
3327 1080 3449 1119 nam
3492 1065 3537 1120 si

1960 1160 2082 1200 vere
2111 1147 2429 1216 loquendum
2448 1153 2535 1217 sit,
2564 1160 2689 1207 tunc
2716 1169 2838 1208 eum
2871 1156 3100 1207 maxime
3124 1156 3173 1208 in
3198 1155 3420 1224 patriam
3448 1171 3537 1212 re-

1959 1239 2156 1303 mittes,
2179 1254 2299 1293 cum
2314 1256 2376 1294 ex
2397 1251 2536 1296 terra
2553 1244 3065 1300 deduxeris.Verutu
3095 1247 3144 1301 id
3197 1248 3429 1302 nondum
3471 1250 3537 1303 ad

1959 1336 2009 1382 te
2035 1330 2334 1399 loquemur,
2359 1333 2446 1402 qui
2478 1334 2687 1389 nonnisi
2712 1351 2773 1390 ea
2800 1352 2918 1407 qua:
2946 1338 3118 1392 oculis
3143 1340 3538 1409 perspiciuntur

1959 1422 2119 1474 nosti.
2163 1423 2346 1492 Neque
2377 1424 2573 1478 nudum
2614 1442 2737 1480 eum
2779 1429 2977 1497 poteris
3015 1430 3331 1496 ostendere,
3369 1431 3541 1488 donec

1960 1514 2171 1569 virtutis
2202 1516 2524 1571 indumentis
2554 1519 2776 1574 amictus
2809 1520 2983 1587 fuerit,
3011 1538 3185 1592 neque
3212 1524 3349 1580 fame
3378 1540 3536 1580 neca-

1958 1606 2060 1671 bis,
2102 1610 2351 1677 quamdiu
2382 1611 2469 1678 qui
2498 1614 2568 1666 sit
2596 1627 2753 1667 verus
2788 1613 2936 1668 cibus
2974 1617 3270 1685 agnoverit.
3310 1616 3415 1673 Sed
3456 1616 3538 1674 itis

1962 1697 2208 1752 omnibus
2255 1699 2447 1754 divites
2491 1700 2645 1756 facile
2688 1704 2984 1773 capiuntur.
3038 1704 3392 1770 Quamobrem
3438 1706 3539 1763 hac

1957 1788 2164 1842 ratione
2195 1805 2298 1842 non
2329 1790 2627 1859 aberrabit,
2670 1793 2760 1861 qui
2801 1793 2899 1848 hos
2937 1796 3147 1864 quidem
3189 1814 3447 1868 pauperes
3477 1813 3541 1856 ac

1958 1896 2176 1950 prorsus
2207 1882 2391 1951 inopes
2432 1883 2662 1953 dixerit,
2705 1886 2825 1941 illos
2853 1897 3029 1941 autem
3060 1872 3345 1944 admodum
3388 1891 3540 1946 locu-

1959 1973 2147 2042 pletes.
2177 1973 2307 2029 Nam
2333 1976 2418 2030 cui
2446 1975 2613 2042 cibus,
2650 1986 2822 2045 potus,
2858 1979 3075 2044 domus,
3109 1982 3318 2051 requies
3341 1982 3539 2053 ubique

1957 2062 2221 2133 suppetit,
2268 2079 2366 2118 nec
2414 2065 2573 2120 modo
2621 2082 2727 2121 non
2753 2068 2774 2099 ⁸
2804 2067 3028 2124 moleste
3067 2070 3198 2137 fert,
3241 2072 3334 2127 sed
3376 2076 3536 2127 etiam

1958 2152 2010 2207 in
2053 2154 2135 2208 his
2159 2155 2477 2223 jucundius,
2510 2173 2669 2227 quam
2695 2172 2790 2212 vos
2816 2159 2869 2212 in
2897 2159 3123 2225 vestris,
3148 2169 3428 2230 versatur;
3470 2164 3545 2229 is,

1958 2252 2019 2300 ut
2046 2246 2232 2316 liquet,
2260 2249 2564 2317 opulcntior
2589 2258 2673 2304 est
2697 2251 2945 2328 omnibus
2975 2252 3125 2307 vobis
3149 2253 3419 2322 divitibus,
3449 2259 3539 2327 qui

1958 2337 2105 2393 domi
2136 2349 2337 2395 tantum
2369 2340 2483 2396 haec
2518 2342 2755 2397 invenire
2785 2343 3024 2411 potestis.
3056 2344 3313 2413 Quocirca
3344 2363 3445 2403 nec
3472 2348 3539 2404 de

1956 2428 2133 2498 inOpia
2152 2431 2241 2486 ille
2265 2447 2511 2500 umquam
2534 2432 2751 2502 lugebit.
2770 2433 2954 2503 Neque
2974 2436 3115 2490 enim
3139 2453 3202 2491 ex
3233 2438 3329 2492 hac
3354 2455 3533 2494 rerum

1955 2522 2108 2590 copia
2136 2530 2189 2577 et
2220 2522 2489 2592 voluptate
2534 2533 2738 2578 tantum
2769 2524 2966 2580 divitia:
2997 2528 3110 2581 ista:
3140 2528 3538 2597 prmstantiorcs

1955 2619 2115 2673 sunt;
2144 2611 2237 2666 sed
2270 2613 2428 2666 etiam
2458 2613 2599 2683 quod
2628 2614 3014 2684 insuperabiles
3040 2617 3166 2681 sint,
3198 2632 3296 2673 nec
3322 2619 3372 2672 in
3403 2635 3536 2689 pau-

1957 2709 2218 2770 pertatem
2248 2717 2499 2773 umquam
2540 2703 2733 2759 cadere
2771 2706 3006 2773 possint,
3035 2721 3209 2775 neque
3239 2708 3304 2762 iis
3330 2708 3537 2778 praediti

1954 2791 2181 2862 subjecti
2208 2794 2314 2847 sint
2342 2793 2501 2848 futuri
2530 2793 2887 2850 incertitudini
2908 2838 2921 2862 ,
2950 2812 3055 2851 non
3086 2798 3229 2853 curis
3255 2809 3534 2870 angantur,

1958 2900 2066 2941 non
2111 2886 2277 2941 livore
2320 2888 2635 2957 capiantur;
2684 2888 2777 2943 sed
2807 2889 3213 2946 admirationem
3244 2907 3455 2947 onmem
3485 2904 3542 2949 et
3632 2948 3636 2951 .

1956 2977 2168 3032 laudem
2197 2987 2252 3033 et
2278 2976 2470 3032 famam
2500 2979 2795 3035 obtineant.
2828 2982 2985 3049 Atqui
3018 2981 3069 3034 in
3101 2982 3249 3037 vobis
3272 2986 3539 3039 contraria

1953 3068 2170 3138 penitus
2198 3069 2448 3123 videntur
2476 3086 2489 3121 :
2518 3085 2623 3123 non
2651 3072 2812 3124 modo
2842 3071 2982 3126 enim
3010 3088 3106 3128 vos
3135 3074 3222 3128 alii
3249 3076 3315 3129 de
3340 3075 3539 3132 divitiis

1956 3175 2060 3213 non
2090 3159 2340 3224 laudant,
2369 3160 2462 3219 sed
2490 3162 2649 3215 etiam
2680 3162 2906 3217 oderunt
2933 3171 2989 3218 et
3032 3174 3374 3234 aversantur,
3407 3168 3541 3221 invi-

1955 3250 2082 3305 dent
2107 3250 2233 3305 item
2258 3252 2408 3306 vobis
2436 3259 2594 3322 atque
2626 3253 2945 3308 insidiantur
2972 3254 3180 3325 plurimi
3210 3275 3222 3311 :
3254 3256 3341 3313 hic
3359 3268 3537 3317 autem

1955 3342 2098 3411 quod
2123 3343 2263 3396 veris
2289 3342 2488 3398 divitiis
2518 3343 2755 3413 locuples
2782 3344 2871 3411 sit,
2900 3345 3020 3401 ideo
3046 3346 3274 3402 maxime
3301 3348 3535 3404 admira-

1957 3433 2085 3487 tioni
2114 3441 2217 3499 est,
2266 3447 2363 3487 nec
2403 3432 2598 3487 invidia
2629 3441 2722 3487 aut
2751 3434 2956 3489 insidiis
2983 3437 3269 3505 appetitur.
3303 3438 3383 3492 Ad
3413 3454 3536 3494 cor-

1955 3527 2101 3597 poris
2124 3540 2254 3581 vero
2292 3525 2649 3580 valetudinem
2692 3534 2810 3582 uter
2847 3526 3061 3596 aptior?
3105 3543 3281 3583 nonne
3310 3529 3355 3584 is
3381 3544 3538 3601 agre-

1956 3619 2115 3673 stium
2145 3617 2316 3673 instar
2356 3618 2707 3673 animantium
2739 3625 2927 3688 vegeto
2956 3634 3182 3689 corpore
3210 3631 3291 3675 est
3311 3663 3325 3687 ,
3355 3630 3541 3692 utpote

1957 3709 2048 3777 qui
2084 3710 2375 3778 purissimo
2401 3707 2606 3763 fruatur
2634 3722 2777 3777 aere,
2807 3708 3019 3764 fluentis
3048 3710 3366 3779 salubribus,
3395 3712 3542 3768 ﬂori-

1956 3799 2075 3864 bus,
2100 3798 2287 3869 pratis,
2315 3800 2479 3854 odore
2497 3799 2839 3870 gratissimo;
2873 3798 2959 3855 hic
2983 3815 3111 3855 vero
3132 3803 3282 3871 quasi
3307 3802 3359 3856 in
3384 3818 3540 3858 canto

1952 3889 2156 3959 jacens,
2204 3898 2259 3945 et
2302 3891 2514 3945 mollior
2558 3900 2639 3945 est
2683 3897 2739 3945 et
2779 3889 2979 3945 morbis
3026 3891 3193 3960 magis
3236 3893 3542 3948 obnoxius?

1957 3981 2107 4047 Quod
2136 3980 2181 4034 si
2227 3981 2279 4034 in
2324 3981 2551 4036 sanitate
2590 3980 2787 4050 primas
2820 3981 2909 4035 ille
2941 3988 3119 4035 teneat
3140 4020 3157 4046 ,
3187 3982 3239 4035 in
3271 3982 3540 4052 voluptate

1958 4087 2062 4126 non
2095 4072 2304 4138 minus,
2335 4083 2393 4125 ut
2432 4072 2613 4141 liquet.
2648 4072 2833 4128 Utrum
2866 4073 3008 4128 enim
3052 4074 3220 4143 magis
3262 4074 3539 4130 existima»;

1958 4162 2011 4216 in
2038 4161 2243 4216 deliciis
2265 4177 2446 4231 agere,
2472 4178 2666 4218 eumue
2690 4164 2778 4232 qui
2805 4177 2967 4234 super
2993 4164 3250 4219 altissima
3276 4167 3541 4221 recumbit

1958 4254 2143 4321 herba,
2174 4268 2314 4324 pone
2344 4254 2541 4309 fontem
2571 4255 2847 4325 limpidum
2867 4298 2882 4323 ,
2909 4257 3010 4311 sub
3040 4258 3226 4312 umbra
3257 4259 3539 4314 densarum

1957 4347 2248 4410 arborum,
2290 4346 2611 4416 oculumque
2657 4348 2826 4415 pascit
2869 4360 3121 4418 aspectu,
3169 4350 3543 4420 puriorcmque

1961 4440 2078 4508 ipso
2123 4438 2254 4494 cado
2292 4438 2529 4491 animum
2561 4438 2830 4507 possidet,
2862 4453 2891 4491 a
2921 4453 3099 4493 rerum
3144 4441 3542 4508 perturbatione

1961 4545 2025 4585 ac
2049 4529 2275 4585 tumultu
2301 4529 2458 4599 longe
2480 4538 2752 4592 remotus;
2783 4543 2849 4582 an
2875 4544 2995 4583 eum
3017 4532 3107 4598 qui
3134 4529 3278 4583 denti
3309 4531 3544 4587 inclusus

1964 4622 2190 4678 manet?
2218 4623 2356 4678 Sane
2380 4638 2486 4676 non
2512 4637 2639 4677 aere
2666 4621 2878 4692 puriora
2908 4631 3031 4676 sunt
3061 4637 3345 4689 marmora,
3372 4640 3543 4692 neque

1964 4714 2152 4768 umbra
2199 4715 2326 4769 tecti
2373 4712 2609 4768 frondeis
2654 4712 2858 4767 umbris
2898 4713 3118 4783 gratior,
3167 4726 3340 4784 neque
3381 4714 3544 4785 lapilli

1965 4808 2084 4861 solo
2112 4805 2274 4860 variis
2303 4799 2491 4876 operto
2519 4804 2742 4859 ﬂoribus
2778 4804 3120 4859 ammniores.
3152 4805 3325 4873 Atque
3354 4803 3542 4863 horum

1963 4916 2061 4955 vos
2088 4899 2279 4955 divites
2309 4904 2472 4953 testes
2508 4896 2639 4953 estis
2658 4938 2674 4963 ,
2719 4895 2808 4966 qui
2828 4936 2844 4963 ,
2875 4895 2919 4950 si
2949 4894 3065 4950 ﬁeri
3096 4903 3302 4965 posset,
3335 4896 3387 4950 in
3417 4896 3543 4966 ipsis

1966 4995 2122 5050 tectis
2144 4993 2363 5048 arbores
2391 4992 2585 5046 habere
2613 4989 2900 5060 cuperetis,
2931 4996 2987 5044 et
3024 4998 3293 5058 pratorum
3320 4990 3539 5045 amoeni-

255 5100 328 5146 ut
381 5099 441 5144 tu
489 5088 620 5143 facis
666 5100 787 5141 cum
847 5098 941 5153 per
960 5094 1116 5151 agros
1140 5087 1259 5133 tuos
1285 5073 1653 5138 incedis,imo
1700 5071 1859 5126 etiam
1966 5094 2128 5141 talem
2185 5085 2445 5149 manetis,
2497 5098 2599 5153 qua
2648 5096 2812 5136 aurea
2849 5087 3008 5147 ωειλ,
3049 5080 3348 5150 arietesque
3390 5081 3546 5136 mil-3.

253 5182 508 5239 facilius.
536 5180 670 5235 Nam
695 5177 789 5232 tibi
815 5175 914 5231 etsi
965 5188 1060 5244 per
1088 5181 1176 5226 tua
1227 5168 1477 5224 incedere
1530 5166 1720 5230 liceat,
1765 5178 1856 5233 per

1967 5178 2122 5233 biles.
2151 5174 2516 5245 Quamobrem
2543 5188 2665 5230 cum
2706 5187 2775 5228 ex
2814 5171 2998 5227 multis
3036 5171 3307 5226 laboribus
3342 5186 3551 5227 recrea-

253 5277 450 5333 aliena
477 5283 657 5328 tamen
715 5267 1020 5324 necessario
1063 5261 1414 5320 incedendum
1464 5267 1548 5314 εει
1587 5268 1684 5313 ται
1733 5268 1865 5314 vero
1968 5272 2164 5327 tionem
2192 5270 2436 5338 accipere
2461 5267 2639 5332 vultis,
2673 5265 2756 5319 bis
2780 5264 2980 5319 relictis
3004 5262 3072 5318 ad
3098 5263 3189 5318 illa
3229 5264 3549 5333 properatis.

255 5381 477 5425 terram
518 5365 611 5421 ille
659 5376 874 5419 omnem
926 5373 1078 5416 suam
1107 5354 1452 5418 obambulat,
1478 5350 1636 5421 eique
1681 5356 1856 5418 potum

1969 5366 2173 5425 Verum
2220 5365 2447 5420 fortasse
2490 5375 2589 5431 pro
2629 5358 2799 5429 gloria
2842 5355 3188 5428 conquereris
3229 5354 3318 5411 illa
3359 5367 3552 5423 magna

254 5463 514 5532 undique
559 5455 920 5528 largissimum
965 5449 1308 5522 suppeditant
1362 5453 1587 5513 stagna,
1641 5453 1830 5532 amnes
1845 5468 1867 5504 ,ι

252 5528 455 5612 fontes
483 5569 498 5606 :
525 5550 680 5605 cibus
707 5545 807 5617 ipsi
836 5550 963 5600 sunt.
985 5542 1168 5607 olera,
1209 5537 1422 5601 herbas,
1470 5545 1637 5603 panes
1682 5528 1866 5587 multis

331 5669 351 5701 ι
392 5673 447 5716 ιιι
469 5660 642 5714 Morel.
665 5664 854 5710 tantum
873 5654 1053 5708 desunt
1072 5651 1253 5713 verba,
1276 5660 1341 5702 ea;
1362 5644 1439 5699 his
1455 5642 1591 5698 locis.

2038 5574 2053 5604 ι
2090 5575 2193 5619 Duo
2207 5573 2335 5621 3155.,
2355 5564 2406 5615 in
2428 5559 2563 5614 rtelo.

2037 5633 2059 5664 ί
2094 5639 2257 5692 Deest,
2283 5640 2372 5678 non
2386 5661 2402 5689 ,
2427 5626 2476 5675 in
2495 5622 2682 5673 duobus
2702 5625 2810 5669 Mss.
