4088 6138
482 233 588 290 559

485 361 644 419 atque
675 342 907 416 ingenti,
931 355 1052 411 qua:
1081 337 1170 393 hic
1202 349 1307 390 non
1337 337 1628 402 comparet.
1671 325 1890 395 Regiam
1917 321 2060 377 enim

485 438 757 496 solitudini
805 434 1121 494 conferens,
1170 435 1326 496 atque
1375 423 1650 489 utriusque
1699 425 1866 472 status
1915 428 2063 483 spem

487 543 670 590 mutuo
723 536 1059 595 comparans,
1092 521 1159 574 de
1212 517 1346 573 cazlo
1393 516 1509 585 ipso
1553 511 1716 566 lilium
1767 508 1859 562 tibi
1909 507 1923 538 ¹
1969 505 2064 558 de-

486 625 681 681 cidisse
727 616 1025 674 arbitraris.
1073 612 1131 666 ld
1178 610 1339 680 igitur
1387 607 1558 678 primo
1605 601 1913 658 discendum
1961 603 2063 663 est,

485 714 626 786 quod
669 725 842 780 neque
868 703 1096 761 solitudo
1127 701 1436 773 ignobilem,
1477 710 1651 766 neque
1691 692 1836 762 regia
1863 690 2065 786 clarum

487 781 642 861 faciat
660 813 714 860 et
738 803 993 856 illustrem
1017 817 1030 852 :
1050 805 1208 865 atque
1228 801 1511 861 antequam
1538 788 1606 843 ad
1630 788 1863 841 rationes
1887 781 2065 837 venia-

489 913 628 961 mus,
655 892 915 961 exemplis
944 899 995 944 te
1024 889 1090 942 ab
1115 886 1214 940 hac
1242 883 1542 952 suspicione
1571 874 1850 941 liberabis;
1889 891 2068 930 exem-

439 984 446 991 ’
489 988 592 1058 plis
612 1029 627 1053 ,
661 987 875 1053 inquam
895 1024 909 1048 ,
952 995 1060 1034 non
1088 977 1284 1032 nostris
1304 1018 1318 1042 ,
1343 973 1444 1029 sed
1473 972 1685 1027 vestris.
1716 969 1794 1023 De
1819 965 2070 1037 Dionysio

491 1081 627 1136 forte
669 1077 867 1131 .audisti
913 1073 1106 1129 Sicilia:
1157 1079 1405 1141 tyranno,
1458 1067 1691 1134 itemque
1731 1061 1804 1115 de
1850 1060 2072 1114 Platone

497 1172 762 1229 Aristonis
783 1169 919 1224 tilio.
951 1167 1077 1223 Uter
1116 1166 1273 1234 igitur
1293 1205 1307 1228 ,
1338 1161 1423 1215 dic
1457 1157 1585 1213 mihi
1605 1198 1620 1222 ,
1649 1153 1907 1224 insigniur
1935 1149 2072 1204 fuit?

496 1275 616 1321 nter
637 1264 864 1324 canitur,
883 1269 942 1325 ,et
962 1274 1056 1327 per
1075 1263 1387 1311 cunctorum
1411 1265 1504 1304 ora
1531 1245 1866 1303 celebratur?
1898 1256 2074 1295 nonne

497 1355 842 1428 pliilOSOphus
874 1354 1072 1420 magis,
1105 1363 1262 1418 quam
1297 1340 1594 1416 tyrannus?
1639 1338 1796 1409 Atqui
1836 1336 1930 1390 ille
1958 1334 2075 1428 qui-

493 1427 614 1505 dem
685 1447 864 1500 Sicilia
939 1451 1048 1496 tota
1087 1442 1108 1472 ²
1151 1439 1480 1509 potiebatur,
1532 1443 1690 1502 atque
1760 1432 1814 1484 in
1873 1427 2075 1482 deliciis

496 1539 760 1610 degebat,
813 1533 1113 1605 ingentibus
1157 1529 1386 1591 divitiis,
1438 1525 1727 1580 satellitum
1775 1517 2077 1590 agminibus

495 1633 750 1702 stipatus,
782 1643 844 1682 ac
869 1641 988 1682 cum
1017 1622 1235 1692 reliquis
1267 1618 1515 1690 potentim
1551 1614 1843 1684 insignibus
1873 1610 2080 1664 diutur-

499 1738 620 1777 nam
668 1721 827 1774 vitam
876 1714 1041 1787 gessit
1081 1731 1095 1767 :
1139 1711 1226 1766 hic
1267 1718 1442 1763 autem
1485 1707 1538 1760 in
1581 1703 1881 1758 Academia:
1925 1703 2080 1753 horto

499 1814 805 1870 versabatur
828 1853 842 1875 ,
889 1808 1089 1878 rigans,
1137 1804 1381 1857 inserens
1407 1841 1420 1864 ,
1459 1798 1731 1866 olivasque
1771 1791 2078 1857 comedens,

499 1921 562 1960 ac
614 1903 922 1957 vilissimam
976 1907 1250 1966 apponens
1311 1904 1550 1946 mensam
1602 1887 1696 1942 illo
1750 1885 1893 1939 omni
1945 1896 2082 1936 vano

500 1994 782 2066 splendore
825 2003 1042 2045 vacuus.
1091 1986 1158 2040 Et
1188 1984 1290 2040 hoc
1318 1997 1423 2038 non
1453 1994 1621 2050 usque
1664 1976 1797 2032 adeo
1842 1973 2084 2029 mirabile

501 2065 614 2151 est;
643 2085 737 2140 sed
764 2081 905 2152 quod
933 2093 1120 2135 servus
1148 2075 1400 2141 ell'ectus,
1431 2068 1746 2143 tyrannique
1774 2065 1926 2136 jussu
1952 2078 2082 2117 ven-

503 2179 643 2236 ditus
665 2219 680 2244 ,
711 2185 912 2232 tantum
955 2171 1124 2227 abluit
1157 2179 1221 2224 ut
1250 2169 1341 2224 illo
1369 2174 1648 2238 propterea
1681 2163 1836 2216 vilior
1862 2172 2081 2229 appare-

503 2281 607 2338 ret,
631 2279 688 2324 ut
715 2267 814 2338 ipsi
837 2280 1046 2335 quoque
1071 2273 1301 2334 tyranno
1324 2258 1450 2313 hinc
1473 2257 1619 2310 visus
1643 2255 1714 2309 sit
1735 2251 2086 2308 admiratione

503 2361 713 2432 dignus.
747 2359 912 2414 Tanta
943 2370 1027 2411 res
1055 2361 1137 2409 est
1159 2350 1365 2407 virtus!
1407 2363 1513 2404 non
1548 2363 1644 2418 per
1681 2360 1743 2400 ea
1773 2343 1933 2398 modo
1964 2355 2088 2412 qua:

505 2453 634 2523 agit,
666 2449 759 2505 sed
792 2465 884 2518 per
922 2463 984 2502 ea
1012 2446 1171 2501 etiam
1202 2457 1320 2512 qua:
1364 2439 1581 2510 indigne
1609 2436 1824 2508 patitur,
1869 2447 1970 2488 nec
1998 2447 2088 2486 sco

508 2547 698 2616 ipsam,
744 2556 844 2596 nec
883 2553 981 2594 eos
1024 2537 1114 2607 qui
1161 2535 1330 2605 ipsam
1361 2537 1614 2588 exercent
1655 2528 1824 2582 latere
1871 2523 1996 2580 sinit
2037 2530 2092 2577 et

507 2613 782 2692 occultari.
811 2631 948 2701 Quid
970 2645 1099 2686 vero
1123 2634 1421 2698 praeceptor
1443 2623 1559 2692 ejus
1580 2618 1868 2677 Socrates?
1892 2613 2092 2688 qitanto

511 2730 556 2783 is
584 2725 846 2782 Archelao
873 2723 970 2777 fuit
997 2719 1297 2775 illustrior?
1324 2719 1394 2772 At
1431 2717 1518 2771 ille
1544 2731 1638 2770 rex
1667 2728 1790 2768 cum
1825 2718 2004 2774 esset,
2037 2709 2092 2762 in

509 2817 757 2888 plurimis
785 2815 972 2884 opibus
997 2811 1258 2882 degebat;
1299 2808 1386 2863 bic
1413 2816 1591 2861 autem
1631 2806 1684 2859 in
1713 2804 1885 2874 Lyceo
1913 2816 2094 2856 mora-

515 2911 700 2972 batur,
745 2905 985 2974 nihilque
1015 2911 1210 2973 prarter
1233 2900 1606 2956 vestimentum
1638 2910 1802 2950 unum
1842 2893 2091 2957 habebat,

513 3016 620 3072 quo
643 3009 696 3054 et
735 2999 910 3053 hieme
933 3007 989 3052 et
1024 3004 1230 3059 aestate,
1259 2991 1613 3060 omnibusque
1641 2988 1763 3042 anni
1806 2994 2094 3056 tempesta-

514 3095 657 3149 tibus
681 3091 926 3148 utebatur
957 3108 971 3143 :
1002 3087 1158 3142 nullis
1194 3100 1407 3155 semper
1440 3083 1664 3154 pedibus
1698 3080 1860 3146 vixit,
1893 3093 1954 3134 ac
1981 3078 2097 3132 sine

517 3186 638 3241 cibo
678 3193 842 3238 totam
887 3179 1214 3250 transigebat
1253 3176 1423 3239 diem,
1455 3189 1592 3245 pane
1636 3171 1752 3227 solo
1795 3177 2092 3232 contentus,

516 3287 676 3348 atque
717 3275 770 3330 id
797 3282 914 3330 erat
935 3273 983 3329 ei
1016 3281 1068 3327 et
1097 3270 1376 3326 obsonium
1403 3274 1458 3322 et
1481 3280 1606 3322 esca
1636 3283 1648 3318 :
1680 3279 1777 3319 nec
1803 3263 1955 3316 istam
1983 3261 2100 3331 qui-

515 3370 637 3426 dem
684 3382 921 3424 mensam
969 3382 1040 3421 ex
1071 3365 1234 3420 rebus
1277 3361 1387 3417 suis
1427 3357 1733 3430 apparabat,
1768 3354 1861 3410 sed
1889 3354 1955 3408 ab
1982 3353 2100 3407 aliis

517 3459 834 3530 accipiebat,
878 3465 1121 3512 extrema
1162 3453 1363 3508 scilicet
1417 3450 1470 3504 in
1520 3454 1833 3518 paupertate
1878 3444 2098 3514 degens.

521 3551 776 3620 Adeoque
815 3558 991 3602 tamen
1021 3547 1135 3616 ipso
1165 3559 1290 3614 rege
1312 3542 1510 3598 clarior
1533 3549 1664 3604 erat,
1695 3548 1752 3593 ut
1775 3537 1844 3592 ab
1873 3537 1963 3592 illo
1992 3536 2102 3591 fre-

522 3651 748 3711 quenter
777 3639 1048 3701 invitatus,
1082 3636 1247 3692 nollet
1270 3634 1447 3705 Lyceo
1470 3633 1692 3687 dimisso
1718 3629 1782 3684 ad
1810 3629 1949 3684 illius
1973 3642 2105 3700 opes

524 3731 807 3804 proﬁcisci.
841 3730 909 3784 At
934 3745 999 3784 ex
1027 3743 1090 3782 ea
1117 3741 1327 3796 quoque
1349 3766 1364 3790 ,
1396 3739 1515 3794 quae
1546 3737 1689 3778 nunc
1714 3722 1954 3787 obtinet,
1985 3719 2106 3789 opi-

526 3825 706 3888 nione,
729 3837 848 3892 qute
875 3821 1081 3890 potiora
1110 3819 1212 3872 sint
1240 3825 1458 3885 apparet
1485 3831 1498 3866 :
1523 3827 1753 3883 namque
1777 3811 1968 3866 borum
1991 3810 2108 3881 qui-

529 3914 650 3969 dem
672 3911 884 3967 nomina
908 3909 1149 3980 plurimis
1170 3914 1296 3961 nota
1319 3913 1476 3970 sunt;
1504 3903 1716 3958 illorum
1739 3919 1865 3958 vero
1888 3900 2104 3956 nemini.

529 4005 841 4077 Sinopensis
866 4012 1043 4058 autem
1073 3996 1381 4071 (Diogenes)
1413 3997 1548 4050 alius
1578 3995 1926 4066 philosOplms
1963 4002 2110 4048 tanto

529 4107 584 4154 et
612 4098 696 4152 his
720 4105 775 4152 et
800 4094 920 4149 aliis
949 4091 1244 4148 innumeris
1275 4089 1488 4159 regibus
1516 4087 1818 4158 opulentior
1843 4095 1979 4151 erat,
2009 4086 2110 4140 etsi

531 4190 721 4262 pannis
746 4189 938 4244 laceris
963 4185 1204 4251 vestitus,
1231 4191 1290 4239 ut
1314 4179 1616 4236 Alexander
1641 4179 1867 4248 Philippi
1896 4178 2113 4233 Macedo

533 4281 832 4338 exercitum
859 4279 910 4332 in
939 4278 1130 4332 Persas
1152 4275 1375 4340 ducens,
1399 4273 1486 4328 ubi
1516 4273 1664 4327 illum
1687 4271 1835 4336 vidit,
1864 4271 2114 4326 omnibus

533 4370 788 4435 dimissis,
817 4369 886 4425 ad
915 4384 1037 4424 eum
1065 4375 1340 4438 pergeret,
1383 4380 1446 4420 ac
1471 4371 1716 4434 rogaret,
1746 4362 1925 4417 ullane
1951 4378 2009 4417 re
2036 4363 2116 4416 in-

534 4469 761 4538 digeret,
785 4474 839 4520 et
862 4480 929 4520 an
951 4461 1148 4533 aliquid
1168 4461 1402 4530 juberet.
1426 4459 1518 4513 llle
1540 4471 1668 4513 vero
1692 4455 1860 4510 nihilo
1881 4469 1939 4510 se
1959 4470 2118 4526 egere

537 4558 829 4629 respondit.
859 4555 995 4611 Num
1031 4555 1142 4623 jam
1171 4551 1545 4622 exemplorum
1575 4549 1704 4604 satis
1731 4548 1916 4608 habes,
1944 4561 2010 4600 an
2041 4547 2119 4601 vis

533 4653 634 4706 alia
652 4667 862 4722 quoque
885 4646 1278 4704 memoremus?
1293 4645 1495 4714 Nempe
1517 4643 1601 4698 isti
1623 4657 1728 4697 non
1747 4640 1906 4697 modo
1927 4640 2011 4705 iis,
2029 4640 2120 4708 qui

538 4746 590 4798 in
618 4744 759 4813 regia
786 4742 1018 4811 insignes
1040 4739 1208 4806 fuere,
1236 4738 1330 4794 sed
1354 4739 1483 4806 ipsis
1506 4750 1715 4808 quoque
1735 4733 1948 4804 regibus
1975 4733 2122 4788 luere

539 4836 798 4889 clariores
817 4874 834 4901 ,
865 4848 986 4888 cum
1029 4833 1287 4900 privatam
1318 4831 1660 4899 quietamque
1687 4830 1848 4882 vitam
1891 4826 2122 4897 delegis-

541 4936 692 4991 sent,
725 4941 898 4995 neque
935 4924 1003 4979 ad
1051 4924 1434 4994 rempublicam
1467 4924 1734 4981 ullatenus
1775 4939 1834 4979 se
1880 4922 2125 4978 conferre

540 5016 857 5072 voluissent.

624 5109 817 5164 Virtute
835 5108 1075 5164 clariores
1106 5109 1344 5180 e/ﬁcimur
1360 5125 1510 5178 quam
1539 5110 1737 5178 apibus.
1758 5140 1832 5150 —
1849 5110 1952 5166 Sed
1983 5111 2125 5165 enim

543 5203 599 5259 in
624 5204 738 5273 ipsa
780 5217 994 5273 quoque
1031 5202 1336 5273 reipublicae
1365 5201 1826 5256 administratione
1867 5218 1971 5258 non
2010 5205 2130 5261 illos

546 5299 720 5353 claros
745 5296 907 5352 fuisse
933 5294 1303 5365 deprehendes
1324 5336 1338 5362 ,
1370 5297 1459 5365 qui
1489 5294 1687 5348 divitiis
1705 5337 1719 5360 ,
1747 5294 1948 5350 deliciis
1977 5308 2030 5351 et
2056 5297 2132 5352 fa-

545 5391 826 5446 cultatibus
853 5388 1098 5445 instructi
1127 5397 1313 5456 erant,
1331 5388 1427 5444 sed
1450 5403 1544 5444 eos
1563 5429 1578 5453 ,
1605 5388 1695 5458 qui
1724 5389 1774 5444 in
1799 5399 2130 5461 paupertate,

547 5482 918 5554 simplicitate,
940 5491 996 5538 et
1023 5480 1294 5537 moderata
1325 5482 1429 5537 vita
1468 5480 1746 5552 degebant.
1781 5483 1935 5553 Apud
1967 5484 2134 5539 Athe-

611 5597 632 5667 ξ
667 5603 717 5667 ln
742 5603 883 5648 textu
897 5609 1060 5667 ganeo
1075 5595 1238 5653 deest.
1257 5595 1365 5667 tibi;
1390 5597 1479 5651 sed
1497 5599 1742 5652 invenitur
1758 5601 1808 5652 in
1819 5599 2011 5652 duobus
2027 5607 2132 5655 Mss.

611 5661 633 5692 ³
667 5666 769 5712 Duo
785 5667 916 5724 λιες..
931 5664 1028 5716 tota
1046 5666 1190 5713 terra.

1229 219 1286 276 S.
1327 213 1605 273 JOANNIS
1643 205 2116 269 CHRYSOSTOMI
2143 203 2460 262 ARCHIEP.
2501 203 3038 262 CONSTANTINOP.

3643 206 3750 261 3&9

2167 322 2380 378 nienses
2410 321 2670 377 Aristides
2689 363 2704 388 ,
2732 337 2889 392 quem
2914 319 3219 376 defunctum
3259 321 3445 378 civitas
3472 322 3714 390 sepelivit
3736 362 3755 390 ,

2177 416 2448 472 Alcibiade
2468 457 2482 481 ,
2510 417 2601 486 qui
2629 417 2820 485 Opibus
2839 457 2854 480 ,
2896 415 3103 470 deliciis
3122 456 3138 481 ,
3167 414 3424 468 orationis
3450 414 3536 480 vi,
3562 428 3754 483 corpo-

2181 510 2246 564 ris
2275 510 2467 563 robore
2491 550 2506 574 ,
2532 509 2804 564 nobilitate
2825 508 3139 577 caeterisque
3167 506 3413 562 omnibus
3433 509 3754 578 praestabat,

2190 611 2319 655 .anto
2359 601 2551 656 clarior
2575 609 2723 667 erat,
2765 609 2961 671 quanto
3003 599 3096 653 vili
3133 600 3310 669 aliquo
3337 600 3560 669 puerulo
3583 600 3761 670 philo-

2194 691 2374 762 ephus
2402 693 2681 748 mirabilis.
2726 693 2880 763 Apud
2915 692 3198 748 Thebanos
3229 693 3660 761 Epaminondas,
3702 695 3760 750 in

2162 783 2486 841 concionem
2523 794 2778 851 vocatus,
2827 801 2948 838 eum
2994 793 3272 854 propterea
3308 799 3374 838 eo
3413 800 3473 840 se
3513 785 3763 840 conferre

2171 890 2278 929 non
2300 885 2506 945 posset,
2531 875 2669 946 quod
2693 885 2892 930 vestem
2918 875 3194 930 lavandam
3213 883 3456 940 curaret,
3478 890 3578 930 nec
3600 876 3762 930 aliam

2175 965 2398 1022 haberet
2423 982 2524 1036 qua
2555 966 2893 1033 indueretur,
2917 967 3164 1021 omnibus
3185 974 3360 1020 tamen
3383 967 3469 1035 qui
3491 982 3556 1022 eo
3575 983 3772 1023 conve-

2176 1066 2402 1122 nerant,
2433 1057 2657 1114 ducibus
2689 1058 3026 1128 prmstantior
3046 1067 3181 1112 erat.
3208 1056 3285 1112 Ne
3309 1058 3486 1126 itaque
3515 1058 3644 1114 mihi
3669 1074 3764 1113 so-

2177 1147 2452 1204 litudinem
2491 1149 2736 1219 jaetitcs,
2782 1157 2873 1203 aut
2899 1148 3122 1218 regiam.
3151 1148 3333 1218 Neque
3365 1150 3506 1203 enim
3550 1150 3602 1204 in
3634 1149 3766 1205 locis

2181 1243 2397 1298 claritas
2418 1251 2471 1298 et
2500 1241 2788 1312 splendor,
2821 1256 2928 1296 non
2969 1242 3020 1295 in
3049 1241 3288 1296 vestibus
3308 1283 3323 1308 ,
3357 1257 3463 1295 non
3507 1242 3559 1295 in
3589 1241 3764 1312 digni-

2183 1343 2324 1400 tate,
2357 1349 2463 1390 non
2493 1334 2545 1388 in
2571 1334 2805 1404 potentia
2833 1332 2928 1388 sed
2959 1331 3010 1386 in
3035 1332 3231 1388 virtute
3259 1341 3460 1386 tantum
3490 1347 3553 1386 ac
3588 1331 3767 1403 philo-

2181 1427 2389 1496 sephia.

2255 1519 2310 1574 6.
2341 1517 2538 1574 Verum
2574 1518 2697 1588 quia
2736 1517 2977 1586 exempla
3009 1531 3114 1571 non
3161 1524 3359 1570 tantam
3389 1518 3494 1570 vim
3537 1516 3766 1584 habent,

2182 1608 2251 1664 ab
2273 1610 2389 1680 ipso
2411 1609 2520 1664 [ilio
2551 1617 2641 1664 tuo
2669 1624 2782 1663 rem
2807 1609 3110 1664 discutiam.
3130 1607 3278 1662 Illum
3302 1609 3498 1679 quippe
3529 1609 3770 1663 invenie-

2183 1716 2301 1756 mus
2317 1715 2420 1754 non
2435 1698 2592 1754 modo
2611 1714 2750 1754 nunc
2765 1698 3066 1765 clariorem,
3084 1698 3177 1752 sed
3189 1699 3347 1753 etiam
3363 1714 3427 1752 ex
3445 1697 3628 1752 iisdem
3644 1698 3772 1769 ipsis

2184 1792 2344 1848 rebus
2364 1792 2757 1847 honoratiorem
2776 1792 2966 1862 quibus
2989 1799 3043 1845 tu
3060 1790 3207 1845 illum
3227 1798 3280 1845 ct
3301 1791 3456 1844 vilem
3485 1800 3538 1845 et
3563 1790 3773 1860 ignobi—

2188 1884 2294 1940 lem
2335 1899 2456 1939 esse
2491 1884 2642 1938 dicis.
2669 1883 2800 1938 Nam
2837 1883 2881 1937 si
2921 1882 3002 1936 vis
3033 1881 3472 1952 persuadebimus
3509 1882 3583 1935 illi
3626 1891 3682 1936 ut
3708 1881 3776 1936 de

2189 1985 2372 2030 monte
2411 1973 2728 2041 descendat,
2757 1982 2809 2029 et
2845 1973 2897 2027 in
2937 1971 3109 2027 forum
3146 1972 3422 2040 irrumpat.
3456 1971 3778 2041 Videbisque

2190 2066 2372 2121 statim
2403 2066 2566 2120 totius
2594 2064 2823 2119 civitatis
2853 2064 2906 2118 in
2931 2063 3077 2117 illum
3105 2077 3196 2118 ora
3222 2062 3466 2117 converti
3487 2103 3502 2124 ,
3529 2069 3778 2116 cunctos~

2191 2171 2294 2227 que
2318 2172 2440 2212 eum
2466 2156 2897 2212 demonstrantes
2921 2169 3044 2210 eum
3065 2154 3418 2209 admiratione
3447 2168 3511 2208 ac
3540 2163 3779 2224 stupore,

2192 2263 2255 2303 ac
2281 2249 2325 2303 si
2342 2248 2562 2318 angelus
2582 2247 2797 2317 quidam
2814 2245 2882 2302 de
2899 2245 3031 2300 C(BIO
3044 2244 3398 2300 descenderit.
3422 2244 3621 2314 Ecquid
3637 2242 3781 2298 aliud

2193 2340 2288 2394 tibi
2307 2338 2514 2393 videtur
2534 2353 2653 2393 esse
2668 2339 2834 2408 gloria
2850 2337 2874 2392 '?
2889 2337 3028 2392 Sane
3048 2351 3154 2390 non
3172 2336 3236 2391 iis
3259 2329 3438 2399 modo‘,
3462 2335 3552 2406 qui
3571 2335 3624 2390 in
3638 2335 3782 2404 regia

2193 2441 2473 2484 versantur
2493 2471 2507 2493 ,
2531 2429 2624 2484 sed
2656 2431 2772 2499 ipso
2815 2443 3027 2498 quoque
3048 2468 3064 2494 ,
3097 2426 3186 2495 qui
3223 2425 3524 2481 diademate
3567 2424 3788 2480 redimi-

2196 2530 2280 2576 tus
2324 2529 2436 2586 est,
2484 2520 2743 2575 illustrior
2769 2520 2869 2574 erit
2908 2533 3030 2573 eum
3065 2517 3155 2572 illa
3202 2503 3292 2572 vili
3330 2525 3489 2587 atque
3515 2516 3786 2571 conscissa

2199 2624 2369 2671 veste.
2392 2613 2575 2684 Neque
2609 2614 2749 2668 enim
2783 2621 2943 2668 tantae
2966 2611 3303 2666 admirationi
3332 2610 3582 2666 omnibus
3607 2618 3786 2675 esset,

2199 2706 2243 2760 si
2277 2704 2516 2759 vestibus
2553 2703 2850 2772 operiretur
2887 2702 3096 2770 aureis,
3153 2702 3261 2755 imo
3299 2701 3342 2754 si
3374 2701 3486 2770 ipsa
3517 2714 3787 2770 purpura,

2200 2795 2420 2864 ipsaque
2444 2808 2642 2848 corona
2681 2801 2902 2847 ornatus
2927 2802 3105 2856 esset,
3143 2800 3198 2846 et
3239 2792 3282 2846 si
3313 2792 3494 2846 stratis
3536 2790 3796 2845 insideret.

2201 2886 2420 2952 sericis,
2451 2885 2496 2939 si
2535 2900 2566 2938 a
2598 2885 2756 2938 mulis
2784 2883 3104 2949 veheretur,
3146 2891 3327 2937 aurata
3359 2881 3647 2936 satellitum
3678 2889 3795 2934 tur-

2201 2977 2266 3032 ba
2293 2977 2609 3041 comitatus;
2639 2985 2695 3030 ut
2726 2975 2885 3030 modo
2914 2984 2996 3030 est
3025 2974 3270 3045 squalore
3295 2983 3348 3028 et
3374 2973 3620 3028 sordibus
3647 2972 3794 3026 obsi-

2203 3081 2288 3126 tus
2313 3111 2326 3135 ,
2365 3085 2654 3140 crassoque
2675 3069 2896 3124 amictus
2932 3068 3245 3124 indumento
3269 3109 3285 3132 ,
3331 3067 3478 3121 nullo
3506 3067 3794 3120 comitatus

2205 3162 2441 3228 assecla,
2483 3160 2749 3231 nudisque
2795 3160 3019 3230 pedibus
3057 3159 3328 3215 incedens.
3379 3158 3616 3228 Namque
3657 3158 3796 3227 regii

2206 3253 2281 3307 illi
2309 3262 2592 3324 apparatus
2633 3261 2689 3308 et
2716 3251 2922 3321 legibus
2951 3252 3132 3306 statuti
3159 3260 3311 3316 sunt,
3360 3259 3415 3304 et
3453 3248 3797 3306 consuetudi-

2208 3361 2276 3400 ne
2303 3345 2502 3414 recepti
2533 3361 2546 3397 :
2578 3345 2922 3414 quamobrem
2964 3343 3008 3397 si
3039 3344 3156 3413 quis
3183 3358 3302 3398 cum
3339 3342 3687 3396 admiratione
3707 3339 3798 3394 di-

2207 3445 2354 3492 ceret
2397 3437 2771 3506 imperatorem
2813 3450 2931 3491 esse
2965 3445 3115 3492 veste
3153 3451 3313 3490 aurea
3346 3435 3592 3490 vestitum
3616 3475 3630 3498 ,
3683 3448 3798 3488 non

2210 3527 2368 3582 modo
2391 3543 2493 3582 non
2518 3527 2906 3582 admiraremur
2924 3569 2939 3592 ,
2969 3526 3061 3582 sed
3093 3527 3253 3580 etiam
3281 3526 3578 3580 rideremus
3597 3567 3612 3592 ,
3639 3526 3800 3594 quip-

2211 3633 2277 3689 pe
2318 3635 2439 3674 cum
2481 3619 2610 3672 nihil
2662 3620 2784 3674 novi
2833 3619 3052 3673 diceret.
3100 3619 3173 3672 De
3215 3618 3323 3672 tilio
3363 3626 3540 3672 autem
3579 3626 3704 3682 tuo,
3747 3617 3803 3670 si

2211 3711 2329 3780 quis
2352 3710 2646 3775 annuntiet,
2676 3725 2797 3764 eum
2816 3710 3080 3778 despectis
3098 3709 3330 3777 paternis
3359 3709 3568 3778 opibus,
3595 3709 3805 3763 calcata

2213 3803 2392 3858 saeculi
2422 3818 2610 3872 pompa
2633 3844 2649 3867 ,
2697 3818 2792 3872 spe
2822 3802 3086 3856 mundana
3122 3802 3451 3871 superiorem
3474 3843 3488 3869 ,
3519 3803 3571 3856 in
3608 3803 3806 3859 deser—

2215 3904 2324 3950 tum
2355 3911 2414 3950 se
2433 3896 2751 3962 contulisse,
2775 3896 2862 3950 vili
2882 3895 3162 3965 putidaque
3185 3894 3358 3948 tunica
3382 3894 3623 3949 indutum
3641 3911 3803 3952 esse:

2215 3989 2393 4041 statim
2433 3995 2752 4043 concurrent
2793 4002 2979 4041 omnes
2999 4029 3014 4053 ,
3046 3986 3406 4049 mirabuntur,
3435 3995 3596 4056 atque
3620 3987 3811 4042 lauda-

2218 4081 2352 4134 bunt
2370 4080 2484 4150 ejus
2509 4080 2923 4152 magnitudinem
2941 4080 3125 4134 animi.
3138 4079 3294 4133 Certe
3313 4094 3434 4133 cum
3452 4079 3809 4149 imperatores

2221 4175 2516 4230 innumeris
2561 4175 2888 4245 impetuntur
2916 4173 3231 4241 maledictis,
3259 4172 3386 4226 nihil
3419 4173 3552 4241 ipsis
3579 4181 3810 4242 prosunt

2222 4283 2399 4322 aureae
2428 4277 2625 4330 vestes,
2657 4276 2860 4322 tantum
2882 4268 3031 4322 abest
3051 4275 3108 4320 ut
3127 4282 3220 4321 eos
3240 4265 3511 4321 mirabiles
3531 4266 3766 4321 efﬁciant
3789 4286 3804 4321 :

2224 4359 2312 4414 hic
2355 4369 2530 4414 autem
2581 4361 2666 4414 vel
2705 4376 2772 4416 ex
2804 4361 2933 4430 ipsis
2972 4360 3303 4415 vestimentis
3335 4360 3529 4415 multas
3576 4359 3814 4414 admira-

2228 4453 2390 4506 tionis
2417 4467 2575 4506 ausas
2602 4453 2824 4521 pra-bet,
2861 4452 3018 4506 itaut
3058 4453 3283 4506 amictus
3329 4451 3629 4521 hujusmodi
3651 4451 3813 4520 longe

2226 4543 2376 4596 illum
2409 4542 2833 4612 spectabiliorem
2863 4543 3020 4596 faciat
3039 4585 3052 4607 ,
3075 4558 3233 4612 quam
3261 4542 3456 4597 faceret
3481 4541 3657 4612 regius
3687 4559 3701 4596 :
3731 4543 3809 4595 si-

2230 4633 2444 4702 quidem
2462 4649 2527 4689 ex
2552 4635 2643 4687 illo
2665 4650 2825 4689 nemo
2850 4635 3226 4704 imperatorem
3252 4634 3574 4700 admiratur,
3598 4633 3700 4688 hoc
3713 4648 3811 4686 an-

2231 4735 2336 4781 tem
2365 4728 2451 4782 ille
2469 4728 2695 4781 amictus
2713 4729 2903 4783 vestitu
2925 4727 3171 4782 omnibus
3187 4727 3520 4782 admirationi
3533 4735 3586 4781 et
3607 4728 3811 4797 stupori

2231 4828 2333 4875 est.
2384 4819 2583 4889 Ecquid
2628 4820 2787 4884 mihi,
2830 4821 3073 4890 inquies,
3119 4821 3258 4889 vulgi
3309 4820 3489 4889 opinio
3531 4829 3586 4874 et
3631 4819 3816 4874 laudes

2233 4911 2554 4966 conferunt?
2582 4911 2741 4967 Certe
2767 4913 2934 4982 gloria
2984 4912 3114 4966 nihil
3160 4913 3301 4966 aliud
3330 4921 3428 4965 est.
3480 4911 3584 4966 Sed
3618 4912 3813 4980 hujus,

2235 5017 2499 5073 repones,
2537 5002 2805 5057 desiderio
2836 5018 2940 5057 non
2980 5012 3196 5069 teneor,
3230 5002 3518 5072 potentiam
3550 5013 3604 5057 et
3649 5002 3819 5056 hono-

2234 5109 2322 5148 res
2342 5109 2545 5164 qumro.
2580 5096 2647 5147 At
2673 5095 2762 5163 qui
2792 5094 3010 5149 laudant
3031 5137 3042 5157 ,
3063 5095 3220 5148 etiam
3250 5094 3607 5150 honorabunt.
3641 5095 3734 5149 Sin
3765 5105 3819 5148 tn

2235 5187 2522 5257 potentiam
2553 5197 2603 5241 et
2633 5187 2996 5258 praefecturam
3017 5187 3316 5252 desideras,
3339 5202 3456 5242 eam
3484 5203 3587 5241 non
3612 5188 3816 5248 minus,

2236 5297 2394 5351 quam
2440 5279 2650 5350 priora,
2697 5296 2862 5350 penes
2899 5281 2997 5334 hos
3039 5295 3157 5335 esse
3199 5281 3596 5352 comperiemus
3632 5297 3645 5333 :
3679 5277 3819 5349 quod

2239 5376 2409 5446 ipsum
2443 5389 2564 5428 cum
2598 5375 2858 5445 exemplis
2885 5374 3206 5429 confirmare
3246 5372 3543 5442 possimus,
3579 5373 3645 5426 ad
3678 5386 3822 5426 eom-

2241 5468 2534 5524 modiorem
2564 5478 2614 5522 te
2639 5467 2950 5523 consolandi
2984 5468 3198 5522 modum
3228 5467 3469 5522 venimus
3489 5509 3503 5532 ,
3535 5481 3634 5520 nec
3656 5465 3824 5518 aliun-

2241 5561 2309 5615 de
2330 5601 2347 5626 ,
2375 5574 2531 5630 quam
2558 5575 2621 5614 ex
2646 5560 2759 5629 ipso
2785 5559 2894 5614 lilio
2920 5559 3147 5615 tuo'rem
3171 5558 3518 5615 excutiemus.
3547 5556 3825 5625 Quotlnam

2245 5668 2365 5712 esse
2394 5653 2525 5709 dicis
2553 5667 2776 5708 summm
2823 5655 3097 5725 potestatis
3127 5651 3535 5725 argumentum?
3563 5663 3745 5707 nonne
3773 5656 3829 5704 ut
