4088 6138
240 406 507 473 tvm-0:600;
539 396 618 463 fa
647 397 758 480 γὰρ
789 396 1036 479 βασίλεια
1060 409 1124 480 τῇ
1163 407 1366 480 ἐρημίᾳ
1393 407 1784 480 παραϐάλλων,
1815 409 1910 464 καὶ

240 495 338 559 τὰς
361 491 586 559 ἐλπίδας
605 493 708 558 τὰς
733 493 944 547 ἐκεῖθεν
965 495 1087 556 ταῖς
1109 492 1358 546 ἐντεῦθεν
1373 535 1386 558 ,
1416 486 1476 560 ἐξ
1500 493 1666 548 αὐτοῦ
1689 493 1790 548 οῐει
1821 493 1908 548 τοῦ

242 578 478 654 οὐρανοῦ
528 569 1019 636 καταπεπτωκέναι
1057 577 1148 634 τὸν
1197 581 1332 634 υἱόν.
1375 579 1584 635 οὐκοῦν
1623 579 1784 634 τοῦτο
1829 580 1913 634 δεῖ

245 669 462 741 πρῶτον
499 669 724 741 μαθεῖν,
770 669 848 733 ὡς
890 667 1014 722 οὐτε
1045 669 1080 739 ή
1110 669 1315 740 ἐρημία
1357 669 1550 740 ἀτιμον
1583 671 1760 735 ποιεῖ,
1789 667 1914 722 οὐτε

243 756 497 829 λαμπρὸν
523 757 617 810 καὶ
641 755 919 826 περιφανῆ
949 755 1019 808 τά
1048 754 1314 825 βασίλεια,
1345 756 1441 808 καὶ
1485 755 1614 824 πρὶν
1647 757 1738 809 ἐπὶ
1765 755 1916 824 λογι-

246 847 419 916 σμοὺς
447 845 623 898 ἐλθεῖν
654 847 720 898 ἐκ
751 843 1211 917 παραδειγμάτων
1239 859 1300 896 σε
1325 842 1621 909 ἀπαλλάξω
1673 843 1775 912 τῆς
1811 843 1916 895 ὐπ-

244 931 423 1000 οᾷίας,
445 931 902 1003 παραδειγμάτων
921 931 982 984 οὐ
996 930 1105 983 τῶν
1125 931 1256 1002 παρ’
1275 932 1308 1002 ὴ
1319 931 1428 1000 μίν,
1443 928 1578 984 ἀλλά
1597 927 1708 982 τῶν
1727 929 1920 1000 ὐμετέ-
1976 924 1980 928 ’

249 1031 378 1090 ρων.
425 1019 702 1071 Διονύσιον
751 1019 881 1081 ἴσως
931 1016 1159 1080 ἀκούεις
1197 1015 1290 1070 τὸν
1330 1015 1578 1079 Σικελίας
1626 1015 1916 1086 τύραννον,

247 1105 468 1170 ἀκούεις
495 1107 552 1160 δὲ
583 1106 679 1159 καὶ
707 1105 970 1159 Πλάτωνα
994 1105 1087 1158 τὸν
1129 1103 1484 1178 Ἀρίστωνος;
1525 1103 1620 1168 Τίς
1645 1099 1760 1167 οὖν,
1799 1101 1920 1156 εῖτ-ἑ

254 1211 366 1264 μοι,
401 1193 776 1266 λαμπρότερος
799 1193 1020 1263 γέγονε;
1053 1193 1136 1253 τίς
1166 1191 1224 1244 δὲ
1253 1191 1438 1262 ᾄδεται
1461 1190 1556 1244 καὶ
1586 1192 1645 1244 ἐν
1672 1193 1784 1254 τοῖς
1812 1190 1920 1244 τῶν

252 1282 462 1335 πολλῶν
487 1285 666 1336 κεῖται
697 1281 956 1353 στόμασιν
973 1292 1032 1348 ﬂ;
1057 1280 1156 1351 οὐχ
1175 1279 1204 1331 6
1233 1277 1518 1348 φιλόσοφος
1539 1277 1632 1332 τοῦ
1657 1279 1920 1350 τυράννου

255 1369 488 1440 μᾶλλον;
521 1369 710 1423 Καίτοι
737 1371 766 1422 6
801 1368 901 1441 μὲν
927 1369 1026 1438 τῆς
1052 1384 1112 1420 τε
1141 1365 1390 1430 Σικελίας
1423 1365 1640 1438 ἀπάσης
1679 1365 1919 1438 ἐκράτει,

253 1461 350 1513 καὶ
380 1461 436 1512 ἐν
465 1461 644 1532 τρυφῇ
674 1457 827 1526 διῆγε
846 1499 862 1524 ,
893 1457 990 1510 καὶ
1037 1455 1174 1526 μετά
1204 1451 1399 1508 πολλοῦ
1430 1453 1525 1506 τοῦ
1559 1451 1790 1506 πλούτου
1827 1453 1924 1507 καὶ

251 1545 363 1600 τῶν
387 1547 701 1620 δορυφόρων
729 1547 823 1601 καὶ
851 1546 951 1618 τῆς
979 1545 1144 1614 ἄλλης
1171 1541 1470 1612 φαντασίας
1491 1539 1756 1594 διετέλεσε
1782 1537 1919 1602 ζῶψ

251 1635 283 1686 6
304 1633 361 1687 δὲ
389 1635 448 1688 ἐν
470 1635 548 1706 τῷ
575 1635 673 1707 τῆς
705 1633 1038 1705 Ἀκαδημίας
1059 1632 1222 1702 κήπῳ
1249 1628 1516 1700 διέτριϐεν
1543 1627 1720 1699 ἀρδων
1745 1644 1805 1680 τε
1832 1627 1926 1680 καὶ

254 1722 505 1790 φυτεύων
533 1722 627 1776 καὶ
661 1722 848 1785 ἐλαίας
889 1719 1104 1783 ἐσθίων,
1145 1717 1240 1772 καὶ
1271 1715 1461 1786 εὐτελῆ
1497 1713 1927 1786 παρατιθέμενος

252 1808 532 1878 τράπεζαν
553 1850 567 1872 ,
603 1810 698 1863 καὶ
725 1809 904 1878 πάσης
931 1805 1144 1877 ἐκείνης
1172 1804 1273 1874 τῆς
1303 1803 1606 1873 φαντασίας
1635 1801 1790 1864 ἐκτὸς
1829 1799 1924 1856 ὢν.

255 1897 364 1950 Καὶ
392 1898 452 1950 οὐ
469 1897 628 1950 τοῦτό
655 1899 742 1950 πω
758 1893 1088 1966 θαυμαστὸν,
1122 1891 1234 1945 ἀλλ’
1259 1891 1341 1944 δτι
1369 1890 1464 1944 καὶ¹
1487 1888 1673 1950 δοῦλος
1693 1887 1926 1958 γενόμεο

253 1996 344 2050 νος
361 2027 376 2050 ,
410 1985 504 2040 καὶ
530 1985 676 2040 κατά
705 1985 804 2056 τὴν
832 1981 926 2037 τοῦ
952 1981 1215 2054 τυράννου
1247 1978 1474 2050 γνώμην
1495 1973 1925 2046 ἀπεμποληθεὶς,

255 2073 508 2129 τοσοῦτον
525 2073 762 2144 ἀπέσχεν
784 2069 1105 2142 ἀτιμότερος
1133 2065 1344 2121 ἐκείνου
1369 2065 1601 2135 φανῆναι
1623 2061 1710 2116 διὰ
1733 2060 1926 2128 ταῦτα,

255 2163 332 2229 ὡς
358 2163 455 2217 καὶ
479 2161 628 2232 αὐτῷ
647 2162 676 2201 b
697 2159 779 2230 ,τῷ
793 2159 1042 2230 τυράννῳ
1063 2159 1128 2210 ἐκ
1153 2155 1345 2208 τούτου
1375 2151 1610 2223 φανῆναι
1629 2149 1925 2220 αἰδέσιμος.

255 2250 511 2306 Τοιοῦτόν
551 2251 696 2304 ἐστιν
723 2246 914 2318 ἀρετή·
951 2245 1010 2298 οὐ
1041 2244 1106 2297 δι’
1134 2235 1210 2297 ὧν
1246 2239 1539 2312 ἐργάζεται
1568 2238 1726 2310 μόνον
1745 2277 1759 2302 ,
1793 2236 1928 2290 ἀλλά

241 2339 354 2394 οιαὶ
385 2339 452 2392 δι’
488 2331 564 2392 ὧν
596 2337 797 2406 πάσχει
823 2332 1031 2396 κακῶς,
1072 2331 1170 2400 οὐχ
1215 2328 1415 2398 ἑαυτὴν
1437 2365 1453 2392 ,
1491 2325 1628 2380 ἀλλά
1669 2324 1764 2378 καὶ
1802 2325 1928 2388 τούς

259 2425 547 2489 ποιοῦντας
575 2424 674 2478 οὐκ
702 2423 923 2490 ἀφιεῖσα
951 2415 1293 2490 κρύπτεσθαι
1322 2415 1416 2469 καὶ
1450 2413 1755 2469 λανθάνειν.
1786 2411 1930 2465 Τίδέ

258 2516 288 2569 6
312 2513 502 2568 τούτου
539 2509 855 2570 διδάσκαλος
901 2507 1231 2578 Σωκράτης;
1279 2503 1432 2574 πόσῳ
1459 2499 1754 2572 Ἀρχελάου
1791 2499 1932 2570 λαμ-

261 2603 527 2675 πρότερος
557 2595 656 2670 ἦν;
694 2595 888 2650 Καίτοι
928 2595 957 2646 ὁ
998 2593 1096 2665 μὲν
1131 2591 1382 2662 βασιλεὺς
1415 2585 1506 2662 ἦν,
1541 2589 1636 2642 καὶ
1667 2591 1726 2643 ἐν
1755 2586 1936 2658 πολλῷ

261 2686 477 2756 πλούτῳ
499 2684 700 2755 διῆγεν⁸
727 2682 756 2734 6
779 2681 834 2734 δέ
859 2684 914 2734 ἐν
938 2679 1154 2750 Λυκείῳ
1173 2676 1428 2750 διέτριϐε,
1457 2677 1550 2730 καὶ
1571 2675 1690 2740 ἐνὸς
1721 2675 1934 2746 ἱματίου

183 2802 192 2808 -
262 2775 425 2830 πλέον
459 2770 602 2843 εἶχεν
635 2769 806 2834 οὐδὲν,
838 2769 932 2822 καὶ
961 2765 1118 2820 τοῦτο
1165 2765 1325 2837 μόνον
1358 2775 1381 2804 α
1419 2765 1514 2818 καὶ
1540 2762 1808 2834 χειμῶνος
1844 2763 1938 2816 καὶ

263 2865 460 2935 θέρους
499 2862 593 2914 καὶ
623 2861 682 2912 ἐν
713 2858 915 2920 πάσαις
946 2860 1066 2920 ταῖς
1095 2855 1266 2926 ὥραις
1297 2850 1392 2906 τοῦ
1427 2851 1580 2915 ἔτους
1611 2849 1938 2922 περιϐεϐλη-

267 2953 426 3024 μένος
454 2949 728 3019 ἐφαίνετο·
754 2943 1076 3007 ἀνυπόόετός
1098 2959 1156 2996 τε
1185 2941 1282 3012 έξη
1305 2938 1616 3004 διαπαντὸς,
1639 2939 1734 2991 καὶ
1757 2937 1940 3001 ἄσιτος

265 3023 484 3092 ἅπασαν
526 3032 868 3103 διεκαρτέρει
908 3031 1008 3102 τὴν
1035 3029 1272 3100 ἡμέραν,
1301 3026 1466 3098 ἄρτον
1502 3041 1563 3078 τε
1589 3026 1817 3077 ἐσιτεῖτο
1846 3023 1942 3094 μό-

266 3139 376 3200 νον,
407 3123 502 3176 καὶ
531 3119 692 3173 τοῦτο
715 3114 782 3189 ἦν
811 3115 959 3187 αὐτῷ
983 3115 1111 3186 ὄψον
1141 3113 1237 3168 καὶ
1263 3111 1448 3166 σιτίον·
1475 3109 1572 3164 καὶ
1597 3109 1715 3162 οὐδέ
1741 3107 1944 3179 ταύτην

267 3194 478 3266 οἴκοθεν
498 3207 820 3280 παρετίθετο
843 3205 942 3276 τὴν
960 3201 1263 3276 τράπεζαν,
1285 3200 1421 3254 ἀλλά
1445 3199 1576 3270 παρ’
1605 3197 1804 3270 ἐτέρων
1827 3194 1942 3268 [66]

267 3297 596 3372 λαμϐάνων,
628 3295 801 3358 οὓτως
839 3292 1041 3364 ἐσχάτῃ
1087 3291 1286 3360 συνέζη
1331 3288 1524 3358 πενίᾳ·
1567 3285 1662 3338 καὶ
1693 3284 1946 3338 τοσοῦτον

267 3371 461 3461 ἧντοῦ
502 3383 763 3456 βασιλέως
809 3380 1220 3453 λαμπρότερος,
1257 3377 1332 3442 ὡς
1363 3374 1627 3437 πολλάκις
1655 3371 1816 3426 αὐτὸν
1845 3388 1946 3426 κα·-

267 3459 490 3539 λοῦντος
529 3474 737 3526 ἐκείνου
783 3470 920 3542 πρὸς
960 3467 1185 3534 ἐαυτὸν,
1233 3465 1312 3539 μὴ
1347 3463 1570 3535 θελῆσαι
1620 3461 1681 3515 τὸ
1719 3459 1947 3514 Λύκειον

271 3565 514 3637 ἀφεῖναι,
547 3560 641 3616 καὶ
666 3553 802 3632 πρός
826 3558 918 3611 τὸν
949 3555 1160 3610 ἐκείνου
1181 3552 1457 3626 πλοῦτον(ι
1489 3551 1680 3604 ἐλθεῖν.
1704 3549 1813 3602 Καὶ
1841 3547 1950 3602 ἀπὸ

271 3653 374 3724 τῆς
393 3651 549 3720 δόξης
572 3649 630 3703 δέ
648 3647 748 3718 τῆς
769 3644 1079 3718 κρατούσης
1101 3642 1196 3698 νῦν
1215 3643 1310 3696 καὶ
1329 3641 1398 3694 τὰ
1419 3639 1658 3710 πρότερα
1679 3637 1947 3707 φαίνεται.

286 3723 497 3794 Τούτων
533 3736 631 3808 μὲν
665 3725 875 3804 γάρ’τά
901 3731 1138 3802 ὀνόματα
1171 3728 1382 3792 πολλοῖς
1415 3727 1688 3808 γνῷᾼριμα,
1730 3723 1951 3777 ἐκείνων

278 3826 334 3882 δὲ
356 3811 556 3879 οὐδενί.
597 3823 656 3875 ⁸0
689 3820 746 3873 δὲ
775 3819 1053 3880 Σινωπεὺς
1089 3816 1252 3871 πάλιν
1278 3814 1466 3886 ἐτερος
1490 3805 1643 3875 οὗτος
1667 3810 1954 3881 φιλόσοφος

279 3913 520 3982 τοσούτῳ
563 3909 658 3964 καὶ
681 3907 885 3962 τούτων
919 3907 1011 3960 καὶ
1039 3905 1244 3976 ἐτέρων
1277 3901 1482 3974 μυρίων
1508 3900 1765 3954 τοιούτων
1801 3895 1954 3966 βασι-

217 4029 241 4046 ς
281 4002 417 4056 λέων
446 3996 820 4070 εὐπορώτερος
838 3991 926 4066 ἦν,
953 3991 1238 4048 καὶταῦτα
1261 3989 1472 4062 ῥακίοις
1495 3985 1671 4050 συζῶν
1690 3997 1734 4050 ι,
1764 3985 1838 4048 ὡς
1861 3982 1952 4035 τὸν

281 4085 552 4141 Φιλίππου
589 4083 680 4136 τδν
721 4080 1010 4137 Μακεδόνα
1048 4074 1306 4151 στρατιὰν
1352 4073 1445 4127 ἐπὶ
1488 4073 1702 4143 Πέρσας
1736 4071 1954 4138 ἄγοντα,

283 4174 468 4228 πάντα
499 4171 739 4240 ἀφέντα,
773 4168 952 4222 ἰδόντα
982 4165 1144 4220 αὐτὸν
1175 4160 1428 4218 ἀπελθεῖν
1449 4199 1464 4225 ,
1499 4160 1593 4214 καὶ
1633 4157 1853 4230 ἐρέσθαι
1889 4157 1956 4208 δι’

286 4259 506 4324 ἑαυτοῦ,
535 4259 608 4332 μή
629 4273 774 4320 τινος
800 4253 992 4320 δέοιτο,
1016 4252 1111 4308 καὶ
1132 4251 1186 4306 εί
1201 4268 1254 4305 τι
1279 4247 1491 4304 κελεύοι
1508 4265 1521 4279 ’
1545 4248 1707 4302 αὐτὸν
1731 4247 1787 4301 δέ
1802 4243 1960 4320 οὐδὲν

283 4347 637 4418 ἀπαγγεῖλαι.
666 4341 814 4416 Ἀρά
833 4359 915 4396 σοι
933 4339 1043 4394 τῶν
1071 4336 1532 4410 παραδειγμάτων
1559 4335 1696 4398 ἃλις,
1725 4334 1758 4406 ἢ
1784 4333 1962 4405 βούλει

283 4435 384 4492 καὶ
408 4433 608 4505 ἐτέρων
634 4428 1089 4502 ἐπιμνησθῶμεν;
1121 4419 1278 4480 Οὗτοι
1303 4425 1411 4494 γάρ
1438 4422 1558 4494 οὐχὶ
1587 4421 1697 4474 τῶν
1726 4422 1784 4473 ἐν
1813 4419 1964 4492 βασι-

281 4527 454 4590 λείοις
479 4525 639 4598 μόνον
658 4518 954 4592 λαμπρῶν,
977 4517 1091 4570 ἀλλ’
1111 4512 1274 4568 αὐτοῦ
1297 4512 1390 4566 τοῦ
1413 4511 1786 4598 βασιλεύοντος
1805 4509 1966 4578 γεγό⁶

287 4631 416 4671 νασι
437 4595 828 4684 λαμπρότεροι,
855 4606 946 4660 τὸν
971 4601 1238 4658 ἰδιωτικὸν
1259 4599 1505 4668 ἑλόμενοι
1527 4597 1642 4668 βίον
1663 4596 1758 4650 καὶ
1787 4595 1968 4668 ἀπρά-

219 4757 226 4765 ,
288 4719 494 4778 τμονα,
526 4700 622 4756 καὶ
651 4695 924 4760 πολιτείας
951 4693 1069 4748 οὐδὲ
1097 4691 1262 4760 ἐγγὺς
1296 4686 1645 4758 βουληθέντες
1674 4684 1868 4738 ἐλθεῖν.

369 4879 482 4934 Καὶ
501 4879 558 4932 ἐν
583 4877 720 4948 αὐτῇ
741 4874 797 4928 δὲ
820 4873 888 4946 τῇ
912 4868 1156 4940 πολιτείᾳ
1169 4868 1270 4922 οὐκ
1291 4864 1530 4930 ἐκείνους
1549 4863 1670 4934 ὄψει
1686 4862 1972 4933 λαμπροὺς

291 4965 426 5030 τοὺς
448 4968 504 5018 ἐν
530 4963 744 5034 πλούτῳ
771 4963 866 5016 καὶ
893 4961 1072 5032 τρυφῇ
1103 4957 1198 5012 καί
1218 4952 1528 5027 περιουσίᾳ,
1559 4950 1694 5005 ἀλλὰ
1729 4949 1821 5004 καὶ
1845 4949 1972 5012 τοῦς

294 5056 362 5109 tv
395 5053 578 5123 πενίᾳ,
611 5052 735 5115 τοὺς
767 5052 825 5104 ἐν
859 5045 1130 5118 εὐτελείᾳ,
1161 5045 1286 5106 τοὺς
1307 5044 1366 5096 ἐν
1401 5039 1591 5110 ἀτύφῳ
1619 5038 1823 5104 ζῶντας
1851 5035 1969 5108 βίῳ.

295 5141 462 5215 Παρά
491 5141 591 5210 μὲν
633 5137 938 5210 Ἀθηναίοις
969 5132 1336 5207 ’Λριστείδης,
1369 5127 1428 5182 ὃν
1461 5128 1555 5182 καὶ
1578 5127 1975 5196 τελευτήσαντα

297 5234 338 5304 ἡ
366 5212 519 5294 πόλις
543 5228 732 5300 ἔθαψε,
752 5227 848 5280 καὶ
870 5221 1199 5294 πλούτῳοκαῖ
1219 5219 1364 5289 γένει
1385 5217 1480 5272 καὶ
1501 5217 1679 5304 τρυφῇ
1707 5215 1804 5268 καὶ
1820 5212 1977 5268 δυνά-

302 5300 398 5390 μει
425 5317 599 5386 λόγων
627 5315 722 5369 καὶ
751 5312 910 5384 ῥώμῃ
937 5311 1184 5381 σώματος
1211 5307 1304 5362 καὶ
1341 5303 1588 5374 εὐγενείᾳ
1619 5301 1711 5356 καὶ
1735 5303 1846 5364 τοῖς
1877 5300 1974 5354 ἅλ-

299 5495 405 5606 “;
417 5493 528 5542 Duo
550 5505 668 5544 mss.
695 5489 879 5538 πολλῶν
901 5487 1003 5537 ἐστι
1042 5485 1181 5547 στὸμ..
1207 5481 1366 5534 Paulo
1385 5485 1497 5543 post
1531 5477 1681 5528 iidem
1705 5481 1790 5533 τῆς
1807 5492 1859 5524 τε
1893 5478 1978 5537 γῆς

407 5572 513 5606 om.

407 5572 513 5612 σης-

363 5599 570 5665 Ε’Ῑίξῑεέω
593 5614 668 5662 ὅτι
686 5612 768 5662 καὶ
787 5612 931 5670 αὐτῷ.
963 5609 1115 5660 Paulo
1151 5611 1268 5670 pos]:
1293 5605 1443 5670 iidem
1486 5603 1540 5651 ἐκ
1559 5599 1740 5670 τούτων
1765 5599 1978 5670 ³9ανηνᾳι

301 5660 484 5739 δῶρξέξ
503 5660 1104 5739 Τνοσοῦςτονάρετῆηὸονίιι.
1132 5660 1184 5718 εἰ
1227 5667 1400 5716 Morel.
1425 5665 1478 5714 ἐκ
1497 5661 1665 5712 τούτου
1687 5660 1881 5722 φανῆναι
1905 5660 1977 5706 αἶ-

304 5732 516 5848 δέσιῦος.
543 5732 772 5786 Τοιοῦτόν
790 5732 917 5783 ἔστιν
934 5733 1095 5797 ἀρετή.

366 5801 392 5834 ε
455 5813 520 5847 uo
539 5809 654 5844 mss.
677 5795 834 5848 τούτῳ
852 5795 994 5848 μόνῳ.

366 5801 392 5834 ε
412 5795 520 5848 Duo
539 5809 654 5844 mss.
677 5795 834 5859 τούτῳ
852 5795 994 5859 μόνῳ.

373 5861 404 5902 σι
432 5861 495 5909 Sa
503 5860 589 5910 vii.
611 5857 725 5918 πρὸς
741 5851 829 5918 τήν
1044 5851 1220 5900 πενίαν.

367 5923 389 5950 ⁸
409 5924 523 5976 Duo
543 5916 660 5970 mss'
687 5917 863 5977 ῥακίοις
881 5916 997 5971 ζῶνη

715 5989 983 6048 Ρλῖεοι.
1026 5987 1144 6049 Gn.
1187 5983 1447 6050 XLVII.

1063 289 1433 349 ADVERSUS
1471 287 2026 351 OPPUGNATORES
2065 293 2247 350 ΠΤΔΕ
2290 295 2590 353 ΜΟΝΑΞΤ.
2631 295 2760 352 LIB.
2801 295 2866 350 ll.

3569 291 3677 346 340

2016 415 2126 474 λοις
2142 412 2306 466 πᾶσιν
2323 411 2662 466 Ἀλκιϐιάδου
2685 411 3010 484 κρατοῦντος
3033 407 3282 464 τοσοῦτον
3302 402 3524 478 λαμπρά
3537 423 3576 458 ;ε
3590 421 3680 474 ρας

2013 493 2114 563 ἦν,
2159 501 2280 553 ὅσον
2315 499 2526 552 παιδίου
2554 499 2698 564 τινὸς
2731 497 2982 561 εὐτελοῦς
3024 497 3308 566 φιλόσοφος
3345 492 3678 565 θαυμαστός.

2015 585 2176 658 Παρά
2210 585 2938 658 ΘηϐαίοιςἘπαμεινώνδας,
2967 585 3254 656 ἅνθρωπος
3279 583 3358 646 είς
3388 579 3682 652 ἐκκλησίαν

2015 673 2366 744 καλούμενος,
2396 675 2488 727 καὶ
2521 672 2610 727 διά
2634 674 2790 727 τοῦτο
2827 673 2900 744 μὴ
2945 671 3241 744 δυνάμενος
3267 669 3464 730 ἐλθεῖν,
3492 667 3683 744 ἐπειδὴ

2017 759 2166 830 αὐτῷ
2195 760 2257 814 τὸ
2291 761 2502 832 ἱμάτιον
2535 759 2691 831 ἔτυχε
2721 759 3071 829 πλυνόμενον,
3105 759 3200 812 καῖ
3232 759 3417 830 ἓτερον
3466 753 3684 826 περιθέ-

2021 844 2144 899 σθαι
2169 846 2268 900 οὐκ
2293 841 2428 915 εἶχε,
2451 845 2666 900 πάντων
2694 844 2799 899 τῶν
2820 845 3124 916 γενομένων
3153 843 3334 897 αὐτόοι
3363 834 3688 914 στρατηγῶν

2019 934 2416 1005 ἐπισημότερος
2458 930 2547 1005 ἦν.
2590 932 2680 1005 Μὴ
2725 933 2900 986 τοίνυν
2947 949 3035 1004 μοι
3077 931 3176 1004 τὴν
3223 929 3456 1002 ἐρημίαν
3503 928 3684 1000 εἴπῃς,

2025 1020 2157 1093 μηδὲ
2177 1020 2246 1074 τὰ
2266 1020 2531 1092 βασίλεια.
2561 1022 2634 1074 Οὐ
2655 1020 2762 1090 γὰρ
2790 1023 2846 1073 ἐν
2861 1021 3046 1082 τόποις
3071 1018 3140 1072 τὰ
3161 1021 3260 1088 τῆς
3281 1015 3686 1087 λαμπρότητος,

2023 1109 2118 1163 καὶ
2144 1107 2214 1162 τὰ
2238 1111 2337 1178 τῆς
2365 1109 2738 1180 περιφανείας,
2768 1107 2889 1160 οὐδὲ
2921 1107 2978 1160 ἐν
3008 1106 3264 1178 ἱματίοις,
3293 1103 3411 1158 οὐδέ
3442 1105 3500 1156 ἐν
3526 1101 3690 1167 ἀξιῶ-

2027 1212 2176 1264 ματι,
2206 1196 2328 1250 οὐδὲ
2362 1197 2420 1249 tv
2443 1195 2748 1266 δυναστείᾳ,
2777 1194 2890 1248 ἀλλ’
2925 1195 2982 1248 ἐν
3011 1191 3182 1264 ἀρετῇ
3209 1190 3388 1262 ψυχῆς
3415 1189 3514 1244 καὶ
3540 1189 3690 1260 φιλο-

2026 1285 2186 1354 σοφίᾳ
2221 1284 2401 1357 μόνον.

2097 1456 2172 1524 ς’.
2195 1455 2344 1514 Ἀλλ’
2364 1459 2550 1532 ἐπειδὴ
2574 1459 2642 1512 τὰ
2658 1457 3077 1532 παραδείγματα
3104 1457 3164 1512 οὐ
3180 1453 3448 1527 τοσαύτην
3463 1451 3689 1525 ἐχειτὴν

2030 1547 2202 1616 ίσχύν,
2231 1548 2325 1601 ἀπ’
2348 1547 2513 1601 αὐτοῦ
2535 1547 2626 1601 τοῦ
2657 1546 2748 1601 σοῦ
2779 1546 2968 1611 παιδὸς
2991 1545 3286 1618 ποιήσομαι
3307 1542 3401 1614 τὴν
3422 1541 3686 1607 ἐξέτασιν.
3788 1588 3794 1597 ,

2026 1633 2344 1705 Εὐρήσομεν
2381 1633 2490 1705 γὰρ
2518 1635 2679 1688 αὐτὸν
2718 1635 2779 1688 οὐ
2811 1633 2969 1706 μόνον
3003 1632 3381 1705 λαμπρότερον
3417 1629 3544 1682 ὅντα
3571 1625 3690 1686 νῦν,

2026 1719 2163 1772 ἀλλά
2195 1723 2288 1773 καὶ
2316 1719 2384 1773 δι’
2405 1723 2588 1774 ἐκεῖνα
2634 1719 2958 1792 τιμιώτερον
2985 1719 3006 1758 τ
3023 1758 3036 1784 ,
3065 1719 3130 1773 δι’
3161 1718 3304 1789 ειπερ
3331 1715 3522 1786 ἄτιμον
3553 1707 3691 1766 εἶναι

2029 1807 2136 1877 φῂς
2163 1807 2254 1860 καὶ
2282 1807 2493 1879 εὐτελῆ.
2520 1807 2582 1860 El
2611 1807 2720 1878 γὰρ
2743 1807 2921 1879 βούλει
2948 1806 3231 1868 πείσαντες
3259 1803 3422 1858 αὐτὸν
3459 1801 3564 1856 ἀπὸ
3598 1797 3693 1853 τοῦ

2027 1893 2186 1966 ὅρους
2213 1895 2514 1961 κατελθεῖν,
2546 1895 2821 1966 πείσωμεν
2846 1895 2939 1948 καὶ
2963 1895 3044 1958 είς
3072 1893 3276 1965 ἀγορὰν
3297 1889 3571 1963 ἐμϐαλεῖν,
3599 1889 3696 1942 καὶ

2029 1983 2148 2054 ὄψει
2172 1985 2352 2038 πᾶσαν
2374 1985 2836 2056 ἐπιστρεφομένην
2851 1983 2948 2056 τὴν
2968 1983 3142 2047 πόλιν,
3166 1981 3260 2035 καὶ
3277 1977 3697 2040 ὐποδεικνύντας

2029 2073 2192 2127 αὐτὸν
2238 2074 2484 2138 ἅπαντας
2513 2073 2608 2128 καὶ
2651 2071 3027 2144 θαυμάζοντας
3068 2069 3164 2124 καὶ
3201 2064 3692 2138 ἐκπληττομένους,

2030 2158 2106 2223 ὡς
2151 2160 2382 2229 ἀγγέλου
2432 2159 2578 2223 τινὸς
2619 2159 2678 2225 ἐξ
2715 2157 2944 2230 οὐρανοῦ
2983 2153 3425 2228 παραγενομένου
3469 2151 3584 2207 νῦν.
3620 2149 3697 2203 Ἦ

2031 2245 2219 2318 ἐτερόν
2251 2264 2333 2300 σοι
2358 2246 2426 2300 τά
2454 2249 2553 2316 τῆς
2578 2245 2736 2316 δόξης
2761 2263 2816 2299 τι
2839 2240 2978 2298 εἶναι
3001 2243 3176 2309 δοκεῖς
3204 2241 3278 2296 Οὐ
3299 2239 3408 2312 γὰρ
3428 2238 3492 2310 δὴ
3507 2237 3614 2291 τῶν
3637 2237 3697 2289 tv

2037 2332 2328 2404 βασιλείοις
2359 2332 2510 2386 ἔσται
2538 2331 3000 2404 περιφανέστερος
3033 2329 3212 2400 μόνον,
3245 2326 3383 2383 ἀλλὰ
3409 2327 3504 2380 καὶ
3533 2323 3700 2378 αὐτοῦ

2033 2420 2128 2475 τοῦ
2157 2421 2218 2475 τὸ
2259 2421 2496 2492 διάδημα
2521 2419 2926 2491 περικειμένου,
2969 2417 3058 2471 διὰ
3086 2417 3154 2472 τά
3191 2415 3386 2488 ἱμάτια
3417 2415 3598 2468 ἐκεῖνα
3630 2410 3702 2464 τά

2035 2509 2224 2580 εὐτελῆ
2255 2511 2349 2563 καὶ
2377 2509 2854 2580 κατατετριμμένα
2886 2515 2934 2560 ε.
2967 2504 3044 2561 Οὐ
3075 2505 3182 2577 γὰρ
3216 2503 3282 2558 ἂν
3313 2501 3483 2565 οὕτως
3522 2501 3700 2555 ἀπαν-

2035 2614 2133 2661 τας
2164 2595 2455 2668 ἐξέπληττε
2493 2595 2870 2668 χρυσοφορῶν,
2917 2592 3114 2666 μᾶλλον
3157 2591 3214 2645 δέ
3254 2590 3350 2645 καὶ
3387 2587 3700 2661 ἁλουργίδα,

2036 2686 2132 2739 καὶ
2163 2683 2324 2738 αὐτὸν
2351 2684 2442 2738 τὸν
2485 2683 2745 2752 στέφανον
2775 2680 3154 2752 περικείμενος
3191 2678 3283 2732 ἐπὶ
3313 2675 3416 2746 τῆς
3437 2674 3700 2744 κεφαλῆς,

2041 2775 2134 2827 καὶ
2159 2775 2274 2836 τοῖς
2307 2775 2552 2843 σηρικοῖς
2579 2769 2978 2841 ἐπικαθήμενος
3004 2765 3306 2840 στρώμασι,
3339 2764 3435 2818 καὶ
3465 2762 3568 2816 ὑπὸ
3595 2760 3706 2814 τῶν

2042 2862 2278 2932 ἡμιόνων
2304 2859 2611 2931 ἑλκόμενος,
2635 2859 2728 2912 καὶ
2745 2859 2870 2920 τοὺς
2891 2853 3358 2930 χρυσοφοροῦντας
3380 2849 3705 2923 δορυφόρους

2042 2949 2181 3020 ἔχων
2201 2990 2214 3015 ,
2247 2949 2322 3012 ὡς
2350 2947 2446 3001 νῦν
2479 2947 2666 3018 ῥυπῶν
2701 2946 2796 3000 κα)⁸
2828 2942 3052 3015 αὐχμῶν
3086 2943 3180 2996 καὶ
3207 2941 3351 3010 παχὺ
3381 2935 3706 3010 περιϐεϐλη-

2047 3037 2204 3108 μένος
2227 3035 2460 3106 ίμάτιον,
2483 3035 2577 3087 καὶ
2601 3034 2802 3104 μηδένα
2827 3029 3218 3086 ἀκολουθοῦντα
3240 3027 3595 3096 ἐπαγόμενος,
3614 3023 3712 3076 καὶ⁵

2043 3126 2366 3188 ἀνυπόδετος
2395 3123 2489 3178 ὧν.
2519 3124 2734 3177 Ἐκεῖνα
2761 3122 2858 3193 μέν
2887 3120 2992 3192 γάρ
3013 3118 3080 3174 τὰ
3109 3117 3203 3172 τοῦ
3237 3114 3498 3187 βασιλέως
3527 3111 3712 3182 νόμοις

2047 3233 2106 3270 τε
2145 3213 2401 3285 ὥρισται,
2445 3213 2540 3268 καὶ
2578 3212 2675 3282 τῆς
2729 3207 3012 3279 συνηθείας
3049 3204 3199 3258 ἐστί·
3231 3203 3326 3256 καὶ
3363 3201 3448 3255 διὰ
3487 3197 3656 3253 ταῦτα
3682 3198 3712 3238 δ
3798 3199 3804 3212 '

2050 3304 2152 3359 κᾶν
2169 3303 2312 3358 εἴποι
2333 3320 2413 3368 τις
2431 3301 2722 3373 θαυμάζων
2741 3297 2831 3352 τὸν
2853 3293 3095 3368 βασιλέα,
3109 3289 3228 3364 [67]
3243 3291 3322 3344 ὅτι
3346 3287 3535 3358 στολὴν
3557 3304 3716 3358 περι-

2051 3392 2310 3462 ϐέϐληται
2341 3392 2570 3465 χρυσῆν,
2603 3391 2664 3444 οὐ
2715 3387 2873 3460 μόνον
2915 3384 2978 3442 οὐ
3017 3378 3398 3448 θαυμάζομεν,
3445 3375 3580 3430 ἀλλά
3621 3377 3719 3432 καὶ

2049 3483 2299 3554 γελῶμεν
2339 3483 2400 3534 τὸ
2439 3479 2648 3550 λεχθὲν,
2682 3465 2758 3542 ὡς
2795 3477 2948 3532 οὐδὲν
2977 3475 3099 3548 ἔχον
3130 3471 3464 3548 παράδοξονο
3497 3471 3622 3544 περὶ
3659 3470 3718 3528 δὲ

2048 3569 2144 3625 τοῦ
2171 3571 2381 3624 παιδίου
2401 3568 2496 3622 τοῦ
2523 3567 2612 3621 σοῦ
2638 3566 2704 3621 ἂν
2731 3565 2902 3620 ἐλθών
2927 3583 3009 3630 τις
3026 3563 3359 3636 ἀπαγγείλῃ,
3379 3563 3462 3617 ὅτι
3488 3559 3718 3615 πλούτου

2052 3657 2433 3726 καταγελάσας
2467 3655 2562 3708 τοῦ
2597 3653 2886 3726 πατρικοῦ,
2932 3651 3027 3707 καῖ
3059 3650 3156 3723 τὴν
3183 3649 3440 3722 βιωτικὴν
3466 3659 3719 3702 καταπα-

2050 3749 2220 3819 τήσας
2257 3746 2577 3816 φαντασίαν,
2609 3744 2702 3797 καὶ
2743 3742 2852 3796 τῶν
2885 3740 3164 3811 κοσμικῶν
3191 3737 3420 3794 ἐλπίδων
3451 3732 3722 3806 ἀνώτερος

2053 3835 2362 3905 γενόμενος,
2405 3832 2539 3906 πρὸς
2569 3830 2668 3902 τὴν
2709 3829 2944 3902 ἐρημίαν
2982 3826 3238 3898 μετέστη,
3275 3823 3374 3880 καὶ
3404 3819 3724 3894 χιτωνίσκον

2059 3921 2265 3994 σαπρὸν
2291 3919 2443 3974 ἐνέδυ
2473 3918 2569 3973 καὶ
2598 3916 2818 3986 φαῦλον,
2847 3915 3048 3978 πάντες
3075 3912 3276 3976 εὐθέως
3297 3907 3724 3994 συνδραμοῦνται

2059 4013 2154 4066 καὶ
2177 3992 2524 4080 θαυμάσουσι
2539 4009 2632 4061 καὶ
2652 4007 3007 4078 κροτήσουσιν
3029 4001 3169 4071 ὑπὲρ
3199 4001 3297 4070 τῆς
3323 3992 3726 4071 μεγαλοψυχίας

2059 4098 2244 4154 αὐτόν.
2273 4097 2385 4150 Καὶ⁸
2421 4096 2530 4149 τῶν
2568 4097 2666 4166 μὲν
2711 4093 2974 4164 βασιλέων
3007 4089 3174 4162 μυρία
3213 4080 3726 4158 κατηγορουμένων,

2059 4186 2212 4240 οὐδὲν
2237 4183 2303 4236 τὰ
2329 4183 2519 4253 ἱμάτια
2546 4183 2913 4255 προστήσεται
2940 4179 3008 4232 τά
3033 4177 3230 4250 χρυσᾶ,
3261 4171 3511 4228 τοσοῦτον
3532 4167 3728 4239 ἀπέχει

2063 4269 2410 4344 θαυμαστοὺς
2439 4267 2609 4334 δεῖξαι
2643 4267 2804 4330 ὄντας
2828 4266 3046 4330 αὐτούς’
3080 4255 3232 4328 οὗτος
3263 4262 3320 4316 δὲ
3361 4260 3456 4314 καὶ
3485 4256 3594 4312 ἀπὸ
3619 4255 3733 4309 τῶν

2067 4342 2295 4431 ἱματίων
2346 4355 2545 4420 πολλὰς
2588 4355 2701 4426 ἔχει
2743 4354 2839 4408 τοῦ
2886 4351 3264 4424 θαυμάζεσθαι
3310 4347 3410 4412 τὰς
3453 4342 3729 4431 ἀφορμάς.

2068 4429 2228 4503 ’Ὥστε
2257 4445 2398 4516 αῦτη
2425 4448 2459 4516 ἡ
2485 4443 2644 4514 στολὴ
2667 4444 2766 4514 τῆς
2793 4441 3078 4513 βασιλικῆς
3098 4438 3300 4509 μᾶλλον
3322 4435 3484 4490 αὐτὸν
3505 4429 3734 4486 ἀπόϐλεο
3793 4459 3802 4480 ι

2069 4553 2199 4591 πτον
2232 4535 2478 4605 ἀπέφηνε
2513 4532 2606 4586 καὶ
2636 4530 2909 4602 περιφανῆ
2929 4569 2944 4592 ,
2985 4528 3037 4581 εί
3065 4543 3129 4594 γε
3169 4524 3236 4578 δι’
3265 4521 3478 4591 ἐκείνην
3506 4518 3605 4588 μὲν
3638 4516 3734 4584 οὐτ-

2067 4625 2178 4688 δεῖς
2202 4623 2426 4694 βασιλέα
2453 4620 2753 4690 ἐθαύμασε,
2776 4615 2866 4670 διὰ
2891 4616 2949 4669 δὲ
2970 4613 3172 4684 ταύτην
3196 4610 3430 4672 ἅπαντες
3457 4606 3734 4694 τδννπερι-

2069 4691 2320 4782 κείμενον
2361 4709 2814 4778 ἐκπλαγήσονται.
2855 4704 2968 4758 Καὶ
3015 4701 3068 4756 τί
3119 4717 3242 4772 μοι,
3285 4696 3450 4768 φησὶ,
3502 4691 3737 4782 τῆςτῶν

2071 4777 2282 4852 πολλῶν
2317 4797 2567 4860 ὑπονοίας
2585 4777 2775 4862 δφελος
2799 4791 2894 4845 καὶ
2917 4789 3024 4844 τῶν
3045 4786 3312 4848 ἐπαίνων;
3339 4783 3452 4837 Καὶ
3477 4779 3581 4853 μὴν
3611 4777 3740 4845 δόξα.

2071 4885 2222 4940 οὐδὲν
2239 4885 2425 4956 ’ἐτερόν
2456 4887 2624 4945 ἐστιν,
2659 4880 2831 4951 ἀλλ’ἢ
2864 4877 3058 4934 ταῦτα.
3083 4873 3224 4928 Ἀλλ’
3249 4872 3310 4926 οὐ
3341 4870 3553 4940 δέομαι,
3579 4869 3734 4938 φησί,

2071 4977 2294 5046 ταύτης,
2323 4973 2640 5030 δυναστείαν
2683 4973 2739 5026 δὲ
2767 4969 2916 5042 ζητῶ
2955 4967 3050 5023 καί⁵
3078 4965 3264 5038 τιμήν.
3311 4961 3452 5016 Ἀλλ’
3487 4960 3538 5014 οἱ
3581 4961 3738 5013 ἐπαι·

2075 5066 2292 5129 νοῦντες
2320 5065 2415 5118 καὶ
2431 5064 2723 5136 τιμήσουσι
2738 5061 2974 5124 πάντως.
3001 5059 3065 5112 Εἰ
3088 5056 3146 5110 δὲ
3167 5050 3481 5108 δυναστείαν
3513 5049 3689 5122 βούλει
3718 5049 3736 5084 ι

2076 5155 2168 5209 καὶ
2207 5152 2564 5226 προστασίαν,
2609 5150 2704 5204 καὶ
2747 5147 2952 5219 ταύτην
2997 5145 3097 5216 οὐχ
3135 5139 3298 5215 ἦττον
3323 5139 3432 5194 τῶν
3459 5137 3740 5212 προτέρων

2077 5242 2230 5315 παρὰ
2253 5241 2464 5306 τούτοις
2499 5234 2667 5294 οὖσαν
2701 5236 2901 5308 μᾶλλον
2943 5235 3268 5306 εὑρήσομεν*
3301 5231 3394 5285 καὶ
3418 5227 3610 5298 ἔχομεν
3643 5221 3743 5296 μὲν

2077 5333 2211 5386 αὐτὸ
2237 5333 2329 5387 καὶ
2357 5332 2424 5384 ἐκ
2453 5327 2911 5402 παραδειγμάτων
2945 5325 3114 5378 ποιεῖν
3143 5319 3404 5392 φανερὸν,
3443 5315 3537 5368 ἐπὶ
3566 5313 3622 5366 δέ
3651 5309 3742 5365 τὸν
3833 5375 3842 5383 _

2081 5421 2317 5497 μάλιστά
2359 5437 2419 5474 σε
2450 5397 2944 5491 παραμυθούμενον
2975 5412 3174 5484 τρόπον
3212 5397 3742 5497 ἐλθόντεςκούκιέτέ

2079 5487 2253 5583 ἀλλων
2287 5507 2478 5573 τινῶν,
2517 5487 2632 5560 ἀλλ’
2663 5504 2749 5562 ἐπ’
2781 5499 2946 5558 αὐτοῦ
2973 5498 3068 5552 τοῦ
3105 5497 3200 5552 σοῦ
3229 5495 3416 5557 παιδὸς
3453 5491 3546 5547 τὸν
3587 5487 3744 5556 λόγον

2154 5717 2170 5754 ἲ
2201 5719 2306 5766 Duo
2328 5727 2440 5762 mss.
2464 5713 2543 5760 καὶ
2564 5712 2623 5760 δι’
2648 5711 2803 5760 ἐκεῖνα
2821 5708 3145 5772 χαλεπώτερα.

2146 5779 2304 5840 ξυυο
2332 5772 2822 5840 ιιιεε-ἓιιτετρεμμένε-
2871 5829 2904 5840 ..
3110 5839 3118 5840 ,
3155 5825 3172 5840 .
3367 5821 3392 5834 -

2149 5836 2178 5880 Ι·
2195 5825 2305 5890 ὖυο
2322 5850 2436 5888 mss.
2461 5836 2542 5884 διὰ
2559 5825 2751 5891 «EG-him
2772 5829 2924 5882 Sull.
2946 5835 2994 5879 et
3018 5825 3191 5891 Morel.
3215 5825 3295 5876 διὰ
3309 5825 3460 5891 ταῦτα

2158 5879 2170 5938 ἰ
2195 5879 2766 5950 ’έῇνιιῖἶίἓυῖἷέενὶἱζ’ἑι
2790 5879 3012 5942 (eam.
3033 5879 3498 5950 Legebatufriaoém
3512 5879 3647 5931 Εοπ.

3273 5949 3344 6006 1'9
