4088 6138
208 5942 259 5983 Ἢ

360 297 458 354 341

360 412 707 486 ἐξετάσωμεν
734 427 759 456 ι
794 414 1005 471 τοῦτον.
1040 416 1108 471 Τί
1139 418 1249 488 γὰρ
1294 417 1577 491 δυνάμεως
1624 416 1727 489 τῆς
1768 416 2032 489 μεγίστης

361 502 661 575 τεκμήριον
685 498 824 556 εἶναι
847 503 983 576 φῄς;
1009 503 1072 557 οὐ
1096 504 1159 558 τὸ
1181 504 1442 559 δύνασθαι
1466 506 1565 577 μὲν
1586 504 1889 577 ἀμύνεσθαι
1906 505 2032 568 τοὺς

361 586 689 654 λυποῦντας,
714 587 974 643 δύνασθαι
1008 589 1067 644 δὲ
1088 591 1216 655 τοὺς
1238 592 1661 664 εὐεργετοῦντας
1686 592 2035 663 ἀμείϐεσθαι,

364 670 562 732 Καίτοι
586 692 650 745 γε
678 674 884 748 ταύτην
909 675 1128 732 ἃπασαν
1152 678 1272 732 οὐδὲ
1295 679 1447 751 παρά
1469 679 1548 751 τῷ
1572 678 1907 750 βασιλεύοντι
1939 678 2038 732 ίδοι

360 779 448 827 τις
483 762 550 818 ἀν
568 780 583 793 ·
619 763 714 816 καὶ
745 762 856 834 γὰρ
898 763 1128 829 πολλοὺς
1156 765 1269 836 ἔχει
1295 767 1421 830 τοὺς
1450 765 1782 831 λυποῦντας,
1812 764 1904 829 οὓς
1935 767 2037 820 οὐκ

364 849 434 907 ἂν
462 848 677 904 δύναιτο
724 849 938 915 λυπεῖν,
973 852 1065 905 καὶ
1094 851 1322 917 πολλοὺς
1357 854 1485 917 τοὺς
1510 847 1569 908 εὖ
1605 852 1913 917 ποιοῦντας,
1943 852 2037 918 οὓς

363 936 468 995 οὐκ
493 936 560 993 ἂν
587 936 825 1002 εὐκόλως
851 937 1164 1009 ἀμείψαιτο.
1200 940 1310 995 Καὶ
1342 940 1450 1012 γὰρ
1468 942 1526 994 ἐν
1558 941 1816 1013 πολέμοις
1841 939 2037 995 πολλά-

362 1039 453 1089 κις
472 1023 824 1097 λυπήσαντας
861 1024 1174 1097 πολεμίους,
1210 1028 1303 1081 καὶ
1344 1028 1514 1101 μυρία
1544 1029 1707 1084 αὐτὸν
1740 1029 2036 1101 εἰργασμέ-

363 1126 489 1175 νους
522 1111 704 1176 κακὰ,
741 1111 1054 1184 ἀμύνασθαι
1090 1113 1405 1186 ἐπεθύμησε
1453 1116 1571 1187 μὲν,
1607 1114 1709 1171 οὐκ
1736 1117 1924 1187 ῖσχυσε
1953 1115 2032 1170 δέ·

364 1197 460 1250 καὶ
478 1196 667 1266 φίλους
687 1198 747 1252 δὲ
775 1198 987 1270 μεγάλα
1009 1200 1452 1272 ἐπιδειξαμένους
1471 1203 1588 1256 ἐκεῖ
1613 1201 2034 1272 κατορθώματα,

363 1283 466 1336 οὐκ
497 1282 625 1354 ἔσχε
649 1286 764 1348 τοῖς
786 1284 921 1348 ίσοις
952 1283 1308 1355 ἀμείψασθαι,
1347 1285 1904 1358 προαναρπασθέντας
1934 1286 2036 1356 τῆς

363 1369 702 1435 ἀντιδόσεως,
727 1370 822 1425 καὶ
852 1372 911 1424 ἐν
952 1369 1102 1443 αὑτῷ
1140 1370 1217 1443 τῷ
1250 1372 1470 1444 πολέμῳ
1505 1372 1794 1437 πεσόντας.
1827 1373 1892 1425 Τί
1918 1368 2033 1439 οὖν,

364 1454 432 1511 ἂν
460 1455 668 1530 ταύτης
690 1459 789 1530 τῆς
819 1457 1122 1531 δυνάμεως,
1148 1455 1217 1531 ἦς
1237 1460 1358 1514 οὐδὲ
1387 1459 1626 1530 βασιλεῖς
1648 1458 2034 1524 ἀπολαύουσιν,

362 1540 439 1606 ὡς
457 1543 486 1595 ό
507 1541 664 1611 λόγος
694 1543 998 1610 ἀπέδειξεν,
1028 1543 1224 1616 ἐτέραν
1250 1544 1427 1617 πολλῷ
1457 1546 1680 1616 μείζονα
1702 1545 1796 1599 καὶ
1810 1544 1902 1599 τὸν
1922 1545 2037 1598 υἱὸν

364 1626 558 1699 ἔχοντα
587 1630 964 1703 ἀποδείξωμεν
990 1631 1080 1686 τὸν
1104 1631 1224 1699 σόν;
1259 1631 1363 1687 Καὶ
1391 1632 1581 1705 μηδεὶς
1599 1631 1731 1697 ἴσως
1749 1631 1817 1686 τά
1848 1632 1905 1686 ἐν
1924 1634 2037 1696 τοῖς

362 1716 614 1787 οὐρανοῖς
643 1717 822 1788 ἀγαθά
854 1718 1116 1775 ὑπολάϐοι
1146 1718 1412 1788 λεγόντων
1440 1719 1619 1791 ήμῶν,
1650 1716 1733 1783 οἷς
1761 1720 2046 1783 ἀπιστεῖς··

364 1802 464 1874 οὐχ
495 1802 667 1869 οὕτως
692 1804 1091 1877 ἐπιλελήσμεθα
1117 1806 1223 1859 τῶν
1248 1806 1612 1877 ὑποσχέσεων·
1646 1806 1760 1860 ἀλλ’
1792 1806 1902 1860 ἀπὸ
1930 1805 2037 1860 τῶν

365 1889 600 1944 ἐνταῦθα
649 1892 948 1963 γινομένων
1000 1892 1343 1965 παρεξόμεθα
1373 1894 1470 1966 τὴν
1497 1893 1791 1960 ἀπόδειξιν.
1832 1892 1894 1947 Εί
1926 1892 2036 1964 γάρ

363 1973 591 2046 δύναμις
634 1976 773 2048 αῦτη
817 1977 1069 2050 μεγίστη,
1110 1979 1171 2033 τὸ
1207 1979 1509 2044 λυποῦντας
1547 1978 1805 2035 δύνασθαι
1833 1978 2037 2051 ἀμύνε-

367 2061 515 2125 σθαι,
546 2063 724 2136 πολλῷ
760 2063 942 2135 μεῖξον
977 2065 1180 2137 ταύτης
1224 2066 1284 2119 τὸ
1307 2064 1561 2137 τοιαύτην
1588 2068 1766 2139 εὑρεῖν
1796 2065 1892 2121 τοῦ
1920 2066 2036 2137 βίου

366 2148 719 2217 κατάστασιν,
745 2151 805 2207 ἐν
836 2146 873 2227 ᾖ
906 2153 1006 2222 μὲν
1038 2152 1148 2206 οὐδ’
1173 2153 1238 2207 ἂν
1260 2153 1289 2194 ι)
1310 2153 1465 2225 ἐθέλῃ
1494 2171 1578 2218 τις
1609 2152 1850 2225 λυπῆσαι
1875 2154 2039 2227 δυνή-

367 2250 555 2290 σεται·
596 2237 679 2292 ὅτι
722 2236 834 2308 7&9
873 2236 1085 2292 ἐκείνου
1128 2238 1287 2292 τοῦτο
1340 2240 1558 2309 μεῖζον,
1607 2238 1674 2293 ἂν
1720 2238 1805 2309 ἐφ’
1853 2239 2038 2311 ἕτερον

366 2321 717 2398 παράδειγμα
757 2323 850 2379 τὸν
873 2324 1029 2394 λόγον
1060 2324 1378 2397 ἀγάγωμεν,
1415 2326 1574 2398 δῆλον
1602 2327 1733 2398 ἡμῖν
1762 2326 1918 2382 ἔσται
1943 2328 2040 2382 καὶ

366 2409 620 2481 φανερόν.
650 2410 785 2465 Είπέ
805 2412 914 2484 γάρ
949 2429 1058 2483 μοι,
1082 2412 1135 2466 τί
1166 2412 1391 2482 βέλτιον,
1415 2412 1589 2478 οὑτως
1616 2413 1878 2486 ἔμπειρον
1897 2408 2038 2470 εἶναι

363 2495 434 2549 τά
464 2496 758 2569 πολεμικά,
785 2499 862 2563 ὼς
892 2500 1096 2571 μηδένα
1130 2500 1240 2553 τῶν
1262 2499 1671 2570 τιτρωσκόντων
1692 2501 1839 2572 ήμᾶς
1862 2502 2040 2574 ἄτρω-

363 2598 457 2635 τον
485 2582 791 2654 διαφυγεῖν,
828 2583 861 2654 ἢ
898 2584 1057 2658 σῶμα
1087 2584 1386 2654 κεκτῆσθαι
1418 2584 1680 2650 τοιοῦτον,
1704 2587 1781 2650 ὡς
1818 2587 2037 2658 μηδένα,

365 2667 470 2723 κάν
501 2669 671 2741 μυρία
702 2672 828 2741 ποιῇ
850 2711 865 2736 ,
898 2669 1156 2727 δύνασθαι
1184 2670 1385 2742 πλῆξαι
1413 2672 1473 2725 τὸ
1503 2671 1690 2744 σῶμα;
1726 2675 1897 2728 Παντί
1934 2692 2038 2729 που

363 2752 543 2825 δῆλον,
566 2754 648 2808 ὅτι
674 2753 830 2808 τοῦτο
860 2755 1068 2808 ἐκείνου
1098 2757 1192 2810 καὶ
1217 2755 1585 2829 δυνατώτερον
1616 2760 1710 2813 καὶ
1747 2759 2038 2834 θειότερον·

366 2841 462 2895 καὶ
480 2841 539 2895 οὐ
561 2841 722 2896 τοῦτο
746 2843 926 2914 μόνον,
950 2842 1086 2899 ἀλλά
1107 2843 1199 2898 καί
1225 2845 1252 2898 ὃ
1282 2844 1460 2917 πολλῷ
1486 2856 1509 2885 ο
1535 2846 1726 2902 τούτου
1748 2847 2037 2920 ἀνώτερον.

366 2930 526 2984 Ποῖον
564 2930 623 2985 δὲ
667 2931 851 2999 τοῦτο;
888 2933 961 2986 Τὸ
986 2932 1252 3006 φάρμακα
1291 2934 1510 3003 εἰδέναι,
1540 2934 1608 2990 δι’
1634 2929 1709 2991 ὧν
1747 2935 1864 3009 [68]
1895 2940 2039 3006 ἀφα-

363 3016 681 3092 νισθήσεται
721 3019 791 3074 τά
831 3018 1122 3091 τραύματα
1157 3021 1355 3076 πάντα.
1392 3022 1570 3094 Τριῶν
1603 3022 1783 3078 τοίνυν
1822 3024 2040 3096 τρόπων

364 3104 559 3175 ὅντων,
604 3107 724 3173 ἐνὸς
764 3108 864 3180 μὲν
889 3108 984 3163 τοῦ
1026 3108 1286 3165 δύνασθαι
1315 3109 1441 3174 τοὺς
1479 3111 1799 3177 ἀδικοῦντας
1837 3113 2041 3184 ἀμύνε-

367 3193 525 3262 σθαι,
575 3195 766 3267 ἐτέρου
800 3195 858 3250 δέ
885 3195 1158 3269 ἀνωτέρω)
1195 3195 1289 3251 τοῦ
1320 3198 1415 3252 καὶ
1456 3196 1524 3252 τὰ
1546 3200 1720 3253 οίκεῖα
1752 3200 2043 3274 τραύματα

376 3278 723 3353 θεραπεύειν·
750 3283 813 3338 οὐ
837 3282 949 3356 γὰρ
972 3282 1166 3341 ἕπεται
1188 3283 1346 3341 τοῦτο
1371 3283 1589 3349 πάντως
1612 3285 1825 3359 ἐκείνῳ·
1855 3289 2042 3361 τρίτου

367 3366 431 3423 δέ
453 3370 548 3425 τοῦ
585 3370 778 3444 μηδενὶ
820 3371 931 3426 τῶν
962 3371 1133 3432 ὅντων
1178 3371 1483 3444 ἀνθρώπων
1522 3373 1843 3446 εὐχείρωτον
1880 3372 2041 3445 εἶναι,

291 3514 294 3518 ,
367 3456 398 3512 ὃ
415 3455 485 3531 δὴ
510 3458 606 3513 καὶ
635 3457 821 3532 μεῖζον
847 3458 1064 3529 φύσεως
1092 3457 1443 3533 ἀνθρωπίνης
1470 3459 1608 3526 ἐστὶ,
1629 3460 1788 3516 τοῦτο
1808 3462 1900 3520 τὸν
1928 3465 2044 3522 υίδν

374 3544 468 3599 σὺν
498 3543 694 3616 ἔχοντα
719 3544 1098 3616 ἀποδείξομεν.

440 3631 506 3698 ζ’.
533 3632 641 3689 Καὶ
659 3631 816 3687 ὅτιού
835 3631 1004 3703 ψόφος
1030 3631 1201 3688 ταῦτα
1230 3631 1297 3687 τά
1321 3633 1387 3704 ρή
1398 3649 1562 3703 μωτα,
1583 3637 1676 3688 καὶ
1706 3635 1911 3709 ταύτης
1941 3639 2042 3709 τῆς

378 3720 623 3795 μεγάλης
645 3719 927 3792 δυνάμεως
943 3720 1134 3792 ἐτέραν
1150 3720 1312 3776 πάλιν
1341 3721 1563 3792 μείζονα
1580 3723 1783 3793 μεταξὺ
1815 3725 2042 3798 ζητοῦν-

372 3825 467 3873 τες
490 3808 828 3881 εὑρήκαμεν.
874 3807 950 3863 Οὐ
988 3807 1100 3880 γὰρ
1140 3807 1206 3880 δὴ
1251 3807 1410 3879 μόνον
1435 3807 1497 3862 οὐ
1535 3807 1898 3882 δυναμένους,
1920 3815 2041 3869 ἀλλ’

370 3895 494 3951 οὐδὲ
524 3893 884 3967 βουλομένους
909 3894 1133 3950 ἐκείνων
1162 3893 1360 3965 βλάψαι
1384 3886 1536 3960 τινὰς
1561 3894 1747 3966 ὄψεταί
1772 3916 1874 3965 τις·
1899 3899 2041 3957 ὥστε

370 3983 539 4038 διπλᾶ
572 3982 644 4037 τά
672 3983 773 4053 τῆς
804 3982 1104 4051 ἀσφαλείας
1144 3981 1310 4051 αὐτῷ.
1335 3982 1401 4036 Τί
1427 3978 1518 4037 οὖν
1548 3982 1820 4058 θειότερον
1848 3988 2045 4058 γένοιτ’

370 4071 439 4125 ἂν
492 4069 697 4143 ταύτης
730 4072 830 4142 τῆς
857 4069 1024 4143 ζωῆς,
1069 4064 1185 4143 ἐνῇ
1221 4069 1410 4140 μηδεὶς
1446 4071 1581 4144 μήτε
1606 4070 1854 4146 ἐθελήσῃ,
1885 4077 2044 4147 μήτε,

371 4158 441 4213 ἂν
472 4159 652 4229 ἐθέλῃ,
677 4158 968 4224 δυνήσεται
996 4157 1221 4228 ποιῆσαι
1257 4157 1476 4223 κακῶς;
1504 4160 1597 4212 καὶ
1631 4160 1888 4231 μάλιστα,
1920 4164 2048 4219 ὅταν

373 4242 435 4300 τὸ
457 4246 531 4318 μὴ
554 4245 727 4300 θέλειν
741 4246 843 4299 οὐκ
863 4245 927 4297 ἐκ
948 4243 1042 4299 τοῦ
1067 4248 1142 4316 μὴ
1155 4244 1664 4317 δύνασθαιγίνηται,
1683 4249 1935 4322 καθάπερ
1955 4252 2048 4307 ἐπὶ

374 4332 612 4396 πολλῶν,
645 4332 758 4387 ἀλλ’
785 4334 848 4386 ἐκ
873 4330 969 4386 τοῦ
998 4332 1269 4405 μηδεμίαν
1296 4332 1475 4388 αἰτίαν
1496 4335 1697 4406 εὑρεῖν.
1723 4337 1896 4404 Ἐπεὶ,
1915 4337 1970 4392 εί
1983 4357 2047 4410 γε

370 4419 532 4477 τοῦτο
565 4415 635 4493 ἦν
664 4420 786 4475 καθ’
813 4420 1016 4489 λέαυτὸ,
1049 4421 1111 4475 τὸ
1152 4420 1226 4493 μὴ
1252 4420 1510 4476 δύνασθαι
1542 4421 1706 4491 λέγω,
1739 4424 1890 4480 οὐδὲν
1923 4444 2049 4481 τοσ-

371 4510 529 4566 οῦτον
567 4505 655 4582 ἦν·
705 4511 861 4583 μῖσος
897 4507 1007 4583 γάρ
1040 4510 1107 4565 ἂν
1145 4509 1337 4582 ἐτέχθη
1374 4510 1507 4565 πολὺ
1534 4514 1645 4577 τοῖς
1670 4511 1883 4568 θέλουσι
1925 4515 2045 4586 μὲν,

373 4601 436 4654 οὐ
463 4599 778 4672 δυναμένοις
808 4599 865 4653 δὲ
897 4598 1121 4653 ἀδικεῖν·
1145 4599 1207 4653 οὐ
1235 4598 1429 4671 μικρὸς
1454 4599 1511 4652 δὲ
1544 4600 1638 4653 καὶ
1674 4591 1830 4664 οὗτος
1867 4620 2048 4673 μακα-

375 4689 626 4763 ριότητος
652 4688 873 4759 τρόπος.
893 4687 1034 4741 Αὐτὸ
1056 4686 1121 4758 δὴ
1140 4680 1231 4741 οὖν
1251 4686 1409 4740 τοῦτο
1434 4685 1797 4758 ἐξετάσωμεν,
1817 4690 1866 4743 εί
1880 4689 2046 4756 δοκεῖ,

374 4775 612 4847 πρῶτον.
644 4774 742 4838 Τίς
765 4768 881 4836 οὗν,
916 4774 1039 4828 είπέ
1065 4791 1177 4846 μοι,
1200 4773 1292 4827 τὸν
1326 4774 1478 4828 οὐδὲν
1494 4775 1671 4828 κοινὸν
1705 4774 1895 4847 ἔχοντα
1914 4778 2049 4850 πρὸς

375 4860 722 4932 ἀνθρώπους,
763 4862 826 4914 οὑ
870 4860 1213 4933 συμϐολαίων
1257 4861 1463 4927 ἕνεκεν,
1491 4863 1551 4915 οὐ
1582 4863 1705 4933 γῆς,
1738 4864 1799 4917 οὑ
1833 4866 2051 4937 χρημά-

373 4963 506 5011 των,
531 4946 592 4999 οὐ
626 4946 990 5017 πραγμάτων,
1017 4950 1119 5000 οὐκ
1136 4945 1296 5000 ἀλλου
1322 4946 1554 5013 οὐδενὸς,
1585 4947 1830 5020 ἐθελήσει
1851 4950 2049 5022 βλάψαι

377 5030 547 5098 ποτέ;
584 5031 726 5104 ὑπὲρ
751 5032 913 5096 ποίας
942 5029 1128 5103 χώρας
1158 5030 1675 5105 φιλονεικήσειπρδς
1699 5037 2049 5112 αὐτόν;ὑπέρ

375 5118 539 5174 τίνων
569 5118 952 5190 ἀνδραπόδων;
976 5119 1119 5195 ὑπὲρ
1148 5116 1308 5182 ποίας
1333 5117 1522 5189 δόξηςς
1551 5118 1605 5171 τί
1631 5120 1911 5191 δεδοικώςς
1944 5124 2051 5179 ὑπὸ

375 5204 522 5269 τίνος
554 5205 914 5279 δακνόμενος;
941 5207 1013 5260 Ἢ
1049 5205 1160 5277 7&9
1193 5204 1394 5278 φθόνῳ,
1422 5205 1456 5276 ἢ
1486 5205 1616 5271 δέει,
1642 5205 1676 5279 ἢ
1710 5207 1847 5281 ὀργῇ
1872 5212 2053 5266 κινούκ

386 5292 528 5364 μεθα
549 5293 690 5367 πρὸς
713 5294 775 5349 τὸ
801 5294 1061 5367 βλάπτειν
1078 5294 1320 5366 ἐτέρους.
1354 5294 1499 5348 Ἀλλ’
1526 5287 1680 5359 οὗτος
1702 5297 1730 5349 ό
1758 5295 2050 5366 βασιλικώ-

266 5426 273 5432 .
376 5396 541 5446 τατος
578 5381 796 5437 πάντων
825 5385 971 5438 ἐστὶν
1023 5380 1298 5454 ἀνώτερος
1325 5380 1377 5435 ἀ.
1408 5382 1504 5447 Τίς
1534 5382 1644 5455 7&9
1673 5382 1929 5457 φθονήσει
1971 5385 2051 5459 τῷ

443 5540 470 5608 ξ
493 5539 603 5592 Duo
612 5553 738 5608 μετ.
761 5539 1055 5608 εἰκάσομεν.
1078 5541 1208 5608 lytr;
1246 5542 1399 5593 iidem
1434 5543 1681 5608 etiam].
1704 5545 1753 5593 in
1772 5557 1927 5608 marg.
1953 5547 2050 5608 γλυ-

378 5600 583 5669 ποῦνςοις
603 5604 828 5669 ἅπαντας.
845 5600 1152 5669 ,ιονιξ-δην.
1174 5606 1226 5655 in
1247 5611 1466 5669 texlniet
1498 5607 1649 5655 iidem
1674 5600 2050 5669 ρει-ευοῖδύνα-

381 5667 491 5732 σθαι
501 5665 575 5732 δέ.
596 5692 656 5732 :-
680 5664 915 5712 Δύνασθαι
939 5665 1008 5732 δέ,
1028 5669 1216 5732 [πο-καὶ
1229 5668 1477 5732 δύνασθαι,
1497 5664 1794 5729 recepimus:
1819 5668 1953 5718 Em'r.

446 5722 477 5791 ξι
499 5724 650 5791 ξυνῇ.
676 5732 729 5774 et
753 5722 1010 5791 unugcpd;
1031 5722 1133 5791 ἐνῇ
1156 5726 1265 5790 μηδ’
1286 5730 1362 5778 ἄν.
1459 5722 1475 5791 κ’
1617 5722 1629 5729 ’
1668 5785 1680 5791 _
1980 5749 1983 5751 ’

452 5787 477 5816 ο
502 5785 650 5835 εινὶι.
675 5793 812 5836 recte
832 5788 954 5835 ἀλλά
971 5788 1052 5836 καὶ
1075 5785 1307 5852 urbm,
1342 5790 1473 5851 quod
1512 5785 1810 5850 recepimus,
1977 5791 2049 5839 ὅτι

452 5844 569 5902 na.
599 5848 732 5902 quod
754 5848 1028 5902 Iezebatur.
1051 5848 1162 5902 Duo
1181 5865 1295 5902 ms.
1318 5852 1440 5901 ἀλλὰ
1461 5852 1629 5902 καὶτῷ
1647 5851 1825 5902 πολλῶ.
1848 5802 1985 5902 Et}.

385 5844 732 5957 ποὲλὲιᾶνῆυὲά
754 5848 1028 5965 fagum.
1051 5848 1162 5902 Duo
1318 5840 1440 5901 am
1461 5852 1541 5900 καὶ
1560 5840 1825 5917 τῷ’πολλῷ.

643 5951 648 5959 ν
705 5927 773 5959 νω
854 5928 911 5959 ω.

643 5951 648 5959 ν
673 5927 911 5959 ανωτεοω.

1141 303 1197 358 s.
1240 302 1529 361 JOANNIS
1568 296 2061 361 cnnvsosmm
2096 294 2418 358 ARCHIEP.
2460 266 3024 356 CONS’I‘ANTINOP:

3703 280 3815 344 διε

2141 416 2361 471 πάντων
2408 412 2777 484 καταγελῶντι
2816 414 3042 479 τούτων,
3076 428 3144 465 πε
3151 411 3205 483 ρὶ
3237 410 3273 465 ἀ
3320 408 3612 464 κόπτονται
3631 405 3816 478 ’ἕτεροι

2136 502 2234 558 καὶ
2262 502 2650 568 σπουδάζουσις
2672 501 2755 567 τίς
2779 501 2837 555 δὲ
2864 502 3132 572 όργιεῖται
3157 498 3323 571 μηδὲν
3348 495 3709 568 ἠδικημένοςς
3726 493 3814 558 τίς

2141 588 2199 645 δὲ
2229 588 2619 661 φοὸηθήσεται,
2659 589 2823 660 μηδὲν
2849 586 3201 653 ὑποπτεύων;
3234 584 3468 648 Οὐκοῦν,
3509 584 3593 637 ὅτι
3620 582 3718 652 μὲν
3745 580 3813 633 οὐ

2142 677 2494 749 βουλήσονται
2519 695 2663 742 τινες
2700 678 2928 745 ἀδικεῖν,
2968 678 3034 730 ἐκ
3063 675 3254 730 τούτου
3290 673 3467 744 δῆλον·
3496 672 3579 727 ὅτι
3613 669 3670 723 δὲ
3701 667 3816 722 οὐδ’

2139 764 2207 821 ἂν
2236 764 2464 820 ἐθέλωσι
2496 764 2840 837 δυνήσονται,
2874 764 2968 820 καὶ
2996 763 3157 816 τοῦτο
3186 761 3387 833 ὁμοίως
3409 760 3603 829 ἐκείνῳ
3633 757 3814 828 δῆλον.

2140 853 2216 908 Οὸ
2250 851 2361 924 7&9
2389 851 2499 922 ἔχει
2518 851 2620 917 τὰς
2645 852 2929 922 ἀφορμὰς,
2971 849 3091 903 οὐδὲ
3124 849 3221 912 τὰς
3257 845 3448 910 λαϐὰς,
3478 845 3599 898 ὅθεν
3642 842 3708 897 ἄν
3729 857 3814 907 τις

2138 938 2302 995 αὑτὸν
2347 939 2634 1011 κατάσχοι·
2681 939 2796 994 ἀλλ’
2848 937 3039 1009 ὥσπερ
3085 935 3242 999 ἀετὸς
3289 932 3471 1004 ὑψηλά
3516 930 3817 1000 πετόμενος

2138 1025 2326 1096 παγίδι
2361 1026 2635 1098 στρουθῶν
2671 1027 2773 1080 οὐκ
2805 1025 2874 1080 ἂν
2922 1023 3073 1094 ἁλῴη
3118 1021 3270 1087 ποτὲ,
3314 1019 3459 1074 οὕτω
3500 1017 3598 1072 καὶ
3634 1011 3813 1080 οὗτος.

2138 1113 2310 1168 Πόθεν
2350 1109 2461 1186 γὰρ
2507 1112 2668 1169 αὐτόν
2703 1129 2785 1176 τις
2814 1110 3016 1183 βλάψαι
3053 1110 3375 1181 δυνήσεται;
3404 1106 3680 1178 Χρήματα
3712 1103 3817 1156 οὐκ

2138 1198 2255 1254 ἐστι
2307 1201 2440 1270 παρ’
2494 1199 2665 1270 αὐτῷ,
2717 1199 2806 1253 ἵνα
2856 1197 3128 1269 ἀπειλήσῃ
3159 1195 3384 1268 ζημίαν·
3431 1190 3667 1264 πατρίδα
3706 1189 3816 1244 οὐκ

2138 1286 2274 1357 ἔχει,
2302 1287 2390 1340 ἵνα
2414 1285 2512 1359 τὴν
2541 1285 2839 1359 ὑπερορίαν
2862 1284 3305 1355 ἐπανατείνηται·
3340 1280 3499 1351 δόξης
3532 1280 3636 1333 οὐκ
3659 1277 3816 1349 ἐφίε-

2137 1389 2248 1440 ται,
2280 1373 2368 1427 ἴνα
2394 1374 2473 1437 εἰς
2505 1372 2728 1442 ἀτιμίαν
2770 1372 2973 1443 ἀγάγῃ·
3017 1371 3076 1424 ἐν
3106 1372 3225 1424 ἐστι
3248 1368 3312 1422 τδ
3338 1367 3682 1437 λειπόμενον,
3712 1363 3815 1418 0&-

2138 1474 2317 1522 νατος·
2354 1457 2470 1513 ἀλλ’
2507 1457 2742 1514 ἐνταῦθα
2787 1456 3022 1529 μάλιστα
3049 1456 3110 1509 οὐ
3139 1455 3429 1526 δυνήσεται
3449 1450 3611 1507 αὐτὸν
3640 1449 3817 1520 λυπῆη

2141 1545 2232 1599 σαί
2277 1562 2439 1610 ποτε,
2472 1544 2624 1599 κάλλά
2667 1544 2763 1599 καὶ
2807 1542 3081 1615 ὠφελήσει
3125 1542 3195 1596 τά
3240 1541 3493 1613 μέγιστα.
3522 1538 3668 1609 Πρὸς
3702 1536 3814 1609 7&9

2140 1633 2335 1705 ἑτέραν
2357 1632 2519 1687 αὑτὸν
2548 1632 2758 1704 πέμπει
2796 1632 2964 1703 ζωὴν,
3005 1630 3107 1703 τὴν
3138 1630 3482 1701 ποθουμένην
3504 1626 3674 1698 αὐτῷ,
3718 1627 3817 1681 καὶ

2138 1720 2206 1775 δι’
2228 1720 2295 1792 ἢν
2324 1721 2540 1775 ἅπαντα
2567 1720 2795 1792 πράττει
2838 1719 2935 1773 καὶ
2981 1716 3456 1791 πραγματεύεται·
3487 1715 3631 1769 ὥστε
3657 1714 3816 1769 τοῦτο

2139 1806 2430 1879 ἀπαλλαγὴ
2475 1807 2654 1861 πόνων
2705 1806 2841 1869 ἐστὶ,
2893 1806 2988 1860 καὶ
3033 1805 3094 1858 οὐ
3136 1804 3394 1877 τιμωρία.
3427 1803 3540 1857 ἀλλ’
3577 1800 3815 1873 ἱδρώτων

2138 1894 2295 1959 λύσις
2325 1896 2421 1950 καὶ
2452 1895 2764 1950 ἀνάπαυλα.
2793 1893 2984 1948 Βούλει
3016 1893 3112 1947 καὶ
3138 1892 3324 1965 ἕτερον
3353 1893 3553 1962 τρόπον
3591 1889 3693 1958 τῆς
3720 1888 3814 1942 δυ-

2139 1980 2358 2052 νάμεως
2406 1980 2573 2034 αὐτοῦ
2633 1980 2846 2052 μαθεῖν,
2906 1978 3086 2049 πολλῷ
3116 1977 3308 2032 τούτου
3348 1974 3813 2047 φιλοσοφώτερον;

2139 2067 2262 2123 Κᾶν
2287 2069 2396 2140 γάρ
2425 2068 2599 2141 μυρία
2627 2085 2712 2131 τις
2744 2067 2909 2121 αὐτὸν
2936 2065 3236 2138 ἐργάσηται
3265 2064 3416 2119 δεινά
3434 2106 3449 2131 ,
3476 2063 3581 2118 κᾶν
3620 2061 3816 2133 μαστί-

2141 2153 2228 2226 ξῃ,
2254 2153 2359 2208 κᾶν
2380 2154 2538 2228 δήσῃ,
2567 2153 2630 2207 τὸ
2661 2153 2760 2224 μὲν
2784 2151 2945 2224 σῶμα
2991 2153 3286 2225 πλήττεται
3321 2151 3411 2206 διά
3438 2151 3540 2221 τὴν
3567 2147 3752 2218 φύσιν,
3780 2149 3816 2218 ή

2139 2240 2197 2294 δὲ
2223 2240 2370 2312 ψυχὴ
2407 2240 2685 2313 ἄπληκτος
2716 2239 2805 2294 διὰ
2834 2238 2934 2310 τὴν
2969 2238 3288 2308 φιλοσοφίαν
3321 2238 3494 2309 μένει.
3543 2236 3678 2290 Οὐδὲ
3705 2234 3819 2304 7&9

2139 2325 2424 2381 ἁλίσκεται
2452 2326 2629 2399 θυμῷ,
2655 2326 2717 2381 οὐ
2739 2324 3019 2399 χειροῦται
3051 2326 3220 2397 μίσει,
3258 2326 3358 2380 οὐκ
3387 2322 3656 2395 ἀπεχθείᾳ
3693 2338 3821 2374 κατ-

2140 2413 2490 2482 αγωνίζεται.
2518 2414 2630 2468 Καὶ
2658 2412 2812 2468 οὐπω
2843 2411 3002 2466 τοῦτο
3032 2412 3196 2485 μέγα,
3231 2410 3367 2466 άλλά
3397 2411 3459 2465 τὸ
3483 2409 3661 2479 πολλῷ
3684 2406 3818 2461 τού-

2140 2516 2235 2554 του
2270 2499 2734 2573 θαυμαστότερον·
2776 2499 3030 2573 καθάπερ
3070 2500 3178 2574 γὰρ
3222 2499 3516 2571 εὐεργέτας
3546 2498 3641 2551 καὶ
3678 2513 3821 2566 προ-

2142 2588 2365 2653 στάτας,
2403 2586 2548 2642 οὕτω
2575 2586 2722 2657 φιλεῖ
2753 2588 2881 2651 τοὺς
2921 2586 2992 2641 τά
3025 2587 3251 2643 τοιαῦτα
3274 2585 3703 2658 ἐργασαμένους,
3726 2583 3824 2637 οὖ·-

2139 2692 2249 2739 τως
2272 2672 2492 2745 εὔχεται
2524 2673 2705 2730 πάντα
2728 2675 2911 2740 αὐτοῖς
2939 2674 3194 2745 γενέσθαι
3223 2675 3291 2729 τά
3321 2673 3522 2743 ἀγαθά.
3545 2671 3739 2726 Καίτοι
3765 2670 3823 2725 τί

2140 2760 2396 2817 τοσοῦτον
2428 2760 2637 2826 ἔδωκας
2680 2761 2748 2817 ἂν
2786 2760 2962 2835 αὐτῷ,
3006 2764 3054 2815 εί
3096 2760 3355 2834 μυριάκις
3387 2760 3551 2815 αὑτὸν
3592 2758 3822 2829 βασιλέα

2140 2851 2240 2920 τῆς
2258 2848 2585 2920 οίκουμένης
2612 2849 2896 2923 ἐποίησας,
2922 2850 3015 2904 καὶ
3042 2849 3135 2903 ἐπὶ
3164 2847 3376 2921 μυρίοις
3406 2847 3553 2901 ἔτεσι
3578 2847 3676 2918 τὴν
3699 2843 3820 2919 [69]

2145 2935 2423 3008 βασιλείαν
2453 2935 2756 3004 ἐξέτεινας;
2781 2937 2956 3008 πόσης
2987 2923 3304 3008 ἁλουργίδος
3326 2932 3486 2987 τοῦτο
3515 2933 3575 2987 τὸ
3600 2935 3817 3003 κτῆμα,

2143 3023 2318 3095 πόσης
2345 3022 2558 3095 ἀρχῆς,
2593 3022 2768 3093 πόσης
2813 3023 2971 3094 δόξης
3008 3022 3069 3076 οὐ
3116 3021 3471 3093 τιμιώτερον;
3515 3019 3570 3074 τί
3605 3020 3705 3072 οὐκ
3750 3017 3823 3072 ἂν

2144 3110 2448 3182 προήκατο,
2475 3109 2616 3164 ὥστε
2637 3110 2814 3183 ψυχὴν
2841 3109 3098 3182 τοιαύτην
3124 3108 3344 3172 λαϐεῖν;
3372 3108 3535 3178 Ἐμοὶ
3566 3107 3825 3161 δοκεῖκαὶ
3916 3183 3921 3186 ⁸

2143 3194 2270 3260 τοὺς
2311 3196 2518 3267 σφόδρα
2556 3194 2970 3267 φιλοσωμάτους
3009 3195 3150 3250 ἐλεῖν
3185 3194 3252 3250 ἂν
3283 3193 3486 3263 ταύτης
3524 3193 3624 3263 τῆς
3670 3190 3824 3262 ζωῆς

2143 3283 2243 3354 τὴν
2268 3283 2563 3356 ἐπιθυμίαν
2579 3295 2625 3340 ο.
2648 3283 2840 3339 Βούλει
2874 3284 2970 3339 καλ⁸
2997 3282 3264 3357 ἑτέρωθεν
3293 3282 3390 3357 τὴν
3418 3282 3647 3354 δύναμιν
3688 3280 3825 3333 ἰδεῖν

2144 3367 2238 3423 τοῦ
2264 3369 2458 3443 ἀνδρὸς
2487 3369 2941 3442 θαυμαστοτέραν
2972 3370 3065 3425 καὶ
3093 3368 3337 3441 ήδίστην,
3366 3368 3475 3425 ἀπὸ
3507 3368 3705 3439 μέρους
3725 3381 3831 3419 τα.-

2142 3456 2460 3529 πεινοτέρου
2492 3456 2629 3529 μέν,
2673 3456 2758 3511 σοὶ
2804 3457 2865 3512 δὲ
2905 3456 3149 3530 μάλιστα
3182 3455 3434 3529 ἠδίστους
3470 3453 3560 3509 Τά
3577 3453 3680 3527 μὲν
3703 3452 3828 3524 γάρ

2146 3543 2193 3596 εί
2202 3560 2266 3614 ρη
2277 3541 2412 3612 μένα
2446 3542 2716 3597 δείκνυσιν
2741 3543 2904 3598 αὐτὸν
2924 3543 3221 3615 ἀχείρωτον
3242 3541 3370 3597 ὄντα
3391 3541 3486 3597 καὶ
3520 3540 3822 3596 ἀνάλωτον·

2145 3626 2227 3681 ὅτι
2264 3627 2323 3680 δέ
2348 3629 2443 3681 καὶ
2470 3627 2673 3698 ἐτέρων
2701 3629 3089 3700 προστήσεται,
3125 3628 3221 3681 καὶ
3252 3628 3311 3680 ἐν
3340 3626 3612 3699 ἀσφαλείᾳ
3652 3641 3831 3679 κατα-

2149 3715 2335 3785 στήσει
2365 3713 2555 3786 πολλῇ,
2577 3713 2739 3768 τοῦτο
2763 3714 2895 3779 ίσως
2917 3715 3101 3784 ζητεῖς
3133 3713 3344 3785 μαθεῖν.
3387 3713 3560 3767 Τοῦτο
3597 3712 3696 3784 μὲν
3724 3706 3830 3767 οὖν

2142 3799 2337 3873 πρώτη
2372 3801 2489 3854 ἐστὶ
2531 3800 2869 3873 προστασία,
2909 3800 2972 3855 τδ
3008 3800 3104 3854 καὶ
3139 3799 3363 3872 ἐτέρους
3404 3801 3487 3863 είς
3526 3801 3621 3854 τον
3657 3798 3829 3854 αὐτὸν

2143 3887 2308 3957 ζῆλον
2345 3888 2596 3958 ἀγαγεῖν,
2635 3888 2729 3943 καὶ
2773 3886 2916 3942 οὑτω
2961 3889 3182 3960 ποιήσαι
3231 3885 3516 3959 ἰσχυρούς·
3547 3888 3597 3940 εί
3630 3886 3692 3941 δὲ
3744 3886 3825 3958 μὴ

2148 3974 2376 4039 θέλοιεν,
2411 3975 2548 4030 ἀλλά
2592 3974 2691 4047 τὴν
2729 3973 3220 4047 ἀνθρωπινωτέραν
3257 3974 3459 4046 ταύτην
3503 3974 3598 4029 καὶ
3625 3976 3826 4045 γηῖνην

2154 4060 2501 4131 μετέρχοιντο
2546 4059 2694 4131 ζωὴν
2714 4100 2730 4126 ,
2764 4060 2858 4115 καὶ
2896 4060 2954 4115 ἐν
2989 4058 3164 4132 ταύτῃ
3223 4059 3386 4114 πάλιν
3422 4059 3549 4130 ὕψει
3592 4059 3828 4130 δύναμιν

2149 4145 2313 4200 αὑτὸν
2342 4145 2535 4218 ἔχοντα
2577 4146 2672 4201 τοῦ
2715 4146 3074 4210 πλουτοῦντος
3099 4145 3191 4200 σοῦ
3246 4145 3470 4218 μείζονα
3512 4145 3604 4200 τὸν
3652 4144 3828 4216 μηδὲν

2148 4230 2346 4304 ἔχοντα
2376 4232 2444 4287 δι’
2466 4233 2596 4287 αὐτὸ
2616 4233 2775 4288 τοῦτο
2803 4234 3040 4304 μάλιστα
3073 4233 3134 4288 τὸ
3162 4233 3331 4306 μηδὲν
3364 4234 3531 4306 ἐχειν.
3572 4232 3669 4298 Τίς
3709 4231 3828 4305 γὰρ

2153 4319 2292 4390 μετά
2323 4318 2563 4383 πλείονος
2600 4319 2848 4387 ἐξουσίας
2879 4320 3178 4386 διαλέξεται
3200 4320 3411 4391 βασιλεῖ
3438 4320 3530 4373 καὶ
3561 4320 3826 4392 ἐπιτιμή-

2152 4423 2264 4471 σει;
2312 4406 2376 4460 σὺ
2419 4407 2448 4458 ὁ
2486 4406 2722 4460 τοσαῦτα
2760 4407 3120 4480 κεκτημένος,
3159 4409 3256 4462 καὶ
3293 4405 3590 4470 ὑπεύθυνος
3633 4405 3707 4459 ὢν
3732 4406 3827 4462 διὰ

2151 4491 2324 4547 ταῦτα
2352 4493 2446 4546 καὶ
2481 4495 2596 4558 τοῖς
2628 4494 2840 4549 ἐκείνου
2871 4493 3101 4562 δούλοις,
3125 4495 3221 4550 καὶ
3245 4495 3387 4568 ὑπὲρ
3424 4494 3677 4549 ἁπάντων
3696 4493 3826 4565 τρέ-

2154 4595 2292 4648 μων,
2324 4578 2419 4632 καὶ
2452 4579 2654 4651 μυρίας
2687 4580 2837 4652 αὐτῷ
2870 4582 3126 4654 παρέχων
3152 4581 3346 4649 λαϐάς,
3398 4582 3447 4635 εί
3478 4580 3719 4652 βούλοιτό
3758 4597 3823 4634 σε

2152 4666 2358 4722 ἀδικεῖν
2382 4667 2658 4740 ὀργισθεὶς
2687 4667 2733 4733 ί,
2763 4669 2797 4741 ἢ
2824 4663 2978 4734 οὗτος
3005 4672 3033 4723 ὁ
3067 4668 3176 4725 τῶν
3203 4669 3411 4723 ἐκείνου
3437 4669 3636 4741 χειρῶν
3678 4668 3825 4722 ἀνώ-

2150 4770 2307 4824 τερος
2327 4754 2402 4808 ὥν
2424 4773 2438 4822 ;
2460 4754 2749 4808 Βασιλεῦσι
2774 4756 2873 4826 μὲν
2901 4757 3009 4826 γὰρ
3031 4748 3176 4809 οὗτοι
3208 4756 3442 4827 μάλιστα
3468 4754 3822 4826 διελέχθησαν

2156 4841 2273 4912 μετ’
2302 4840 2547 4909 ἐξουσίας
2577 4841 2797 4913 πολλῆς,
2823 4843 2938 4896 ὅσοι
2965 4843 3183 4898 πάντων
3212 4841 3460 4911 ἐγένοντο
3491 4842 3600 4896 τῶν
3638 4842 3824 4914 βιωτι-

2136 4931 2265 4985 ικῶν
2292 4932 2467 4996 ἐκτός.
2501 4931 2619 4986 Τίνι
2643 4932 2701 4986 δέ
2732 4932 2931 5003 μᾶλλον
2959 4932 3092 5000 εἴξει
3129 4933 3225 4987 καὶ
3260 4931 3626 4987 ἐπακούσεται
3656 4934 3684 4973 ε
3708 4933 3737 4986 ό
3761 4934 3821 4985 ἐν

2150 5019 2376 5092 δυνάμει
2420 5020 2516 5087 ὢν,
2547 5022 2642 5077 καὶ
2680 5022 2740 5075 ἐν
2786 5025 2899 5086 τοῖς
2953 5021 3244 5092 βασιλείοις
3304 5021 3669 5095 στρεφόμενος
3694 5061 3709 5085 ,
3740 5020 3821 5093 τῷ

2151 5105 2472 5161 πλουτοῦντί
2527 5124 2643 5172 σοι,
2696 5108 2792 5163 καὶ
2835 5107 2896 5163 δν
2945 5107 3243 5163 ὑποπτεύει
3311 5107 3475 5163 ἕνεκα
3515 5106 3818 5179 χρημάτων

2152 5192 2324 5248 πολλά
2345 5193 2605 5260 πολλάκις
2634 5197 2829 5260 ποιεῖν,
2855 5193 2982 5266 ήτῷ
3011 5193 3139 5265 μίαν
3171 5193 3347 5267 ἔχοντι
3367 5192 3477 5249 τῶν
3503 5192 3819 5263 ἐπιταγμά-

2149 5297 2257 5335 των
2285 5281 2565 5346 ὑπόθεσιν,
2593 5281 2694 5354 τὴν
2719 5284 2801 5346 είς
2821 5283 2947 5347 τοὺς
2977 5281 3171 5346 ἄλλους
3216 5280 3657 5354 φιλανθρωπίαν;
3686 5278 3819 5333 Τίνα
3886 5308 3897 5315 ~

2149 5370 2370 5441 τιμήσει
2402 5370 2498 5425 καί
2537 5368 2911 5443 θαυμάσεται,
2951 5370 3080 5441 περὶ
3115 5365 3176 5423 οὗ
3221 5368 3389 5441 μηδὲν
3422 5368 3676 5423 ταπεινὸν
3710 5367 3819 5422 ὑπ-

2150 5457 2410 5514 οπτεῦσαι
2439 5458 2641 5515 δύναιτ’
2672 5459 2767 5529 ἂν,
2796 5459 2831 5530 ἢ
2858 5459 2949 5514 τὸν
2978 5459 3071 5515 καὶ
3097 5458 3206 5514 τῶν
3247 5458 3473 5515 οἰκετῶν
3499 5457 3819 5515 ταπεινότιο

2208 5663 2229 5731 ξ
2254 5662 2430 5731 μοι-ει.
2455 5665 2542 5731 τῂν
2561 5665 2823 5731 ἐπιθυμίαν,
2847 5671 2901 5731 (τί
2921 5666 2991 5731 sic;
3011 5664 3161 5717 Savil.
3183 5669 3231 5718 in
3257 5670 3393 5718 textu
3408 5702 3425 5727 ,
3446 5667 3495 5716 tu
3519 5678 3674 5731 marg.
3697 5678 3820 5718 vero

2149 5731 2181 5788 ἡ
2202 5724 2438 5791 ἐπιθυμίᾳ»
2463 5728 2560 5791 du}?
2581 5724 2705 5791 ωεβί
2718 5733 2777 5791 τῇ
2800 5728 3039 5791 κέπιθνμίᾳ-

2150 5784 2244 5915 6'"!
2269 5784 2420 5836 Sairil.
2443 5794 2497 5836 el.
2516 5788 2688 5837 Morel.
2714 5784 2775 5836 σέ
2790 5784 2966 5837 ἀδικεῖν
3004 5784 3247 5853 όργισθείς,
3270 5790 3367 5841 duo
3386 5801 3500 5839 mss.
3526 5804 3584 5839 σε
3609 5790 3821 5840 ἀὶίσκειν

2217 5908 2242 5951 κ
2266 5908 2368 5960 Alii
2388 5908 2726 5961 ὑπακούσεται.
2757 5909 2877 5962 Mor.
2906 5910 3237 5961 ἐπακούσεται.
