4088 6138
456 260 551 315 551

456 372 622 442 possit
653 372 772 444 quis
808 386 1040 430 merere
1077 370 1372 428 efﬁcientes
1407 370 1591 427 ulcisci
1612 412 1627 435 ,
1673 378 1729 427 ct
1769 369 2038 428 beneﬁcos

453 468 839 523 remunerare?
867 466 1026 538 Atqui
1068 467 1206 522 hanc
1235 480 1304 521 ne
1330 465 1471 537 apud
1498 464 1879 535 Imperatorem
1917 463 2037 534 qui-

451 558 573 615 dem
604 568 766 613 totam
797 557 1169 629 deprehendas
1201 576 1214 612 :
1247 573 1480 628 namque
1509 559 1707 617 multos
1744 557 1905 614 habet
1937 555 2037 612 sibi

453 649 714 717 infestos,
743 649 938 721 quibus
965 651 1134 706 vicem
1171 650 1399 707 reddere
1426 664 1532 705 non
1568 656 1777 719 potest,
1815 649 2039 705 multos-

450 756 556 812 que
601 743 905 810 beneﬁcos,
946 756 1080 815 quos
1116 758 1225 797 non
1253 750 1430 812 potest
1471 741 1629 799 facile
1669 756 2047 799 remunerare.)

450 833 774 904 Plerumque
801 834 945 890 enim
984 834 1038 889 in
1075 833 1261 899 bellis,
1301 833 1527 890 infestos
1550 833 1648 888 sibi
1697 832 1915 899 hostes,
1946 834 2037 904 qui

451 937 514 982 se
540 925 837 981 innumeris
865 924 1093 981 aﬂ'ecere
1122 926 1277 981 malis
1296 966 1311 992 ,
1336 925 1523 983 ulcisci
1546 940 1668 981 eum
1688 925 2039 981 vehementer

447 1026 702 1088 cuperet,
733 1033 839 1073 non
873 1017 1069 1088 potuit,
1102 1018 1392 1088 amicisque
1417 1018 1509 1087 qui
1553 1032 1741 1088 magna
1767 1016 2036 1072 fortitudi-

450 1112 534 1167 nis
570 1111 761 1168 indicia
792 1111 1086 1180 dederunt,
1117 1112 1262 1182 paria
1283 1112 1580 1181 rependere
1603 1112 1871 1183 nequivit,
1894 1111 2036 1182 quod

450 1203 525 1257 illi
558 1203 666 1258 l'ato
692 1205 1047 1275 praeoccupati
1074 1204 1127 1259 in
1152 1204 1267 1274 ipso
1289 1204 1432 1260 bello
1460 1204 1854 1259 occubuissent.

522 1297 623 1365 Qui
647 1298 817 1352 omnia
840 1298 1151 1367 reliquerunt
1175 1307 1289 1353 sunt
1308 1297 1692 1369 imperatoribus
1712 1299 2032 1371 potentiores.

446 1417 517 1429 —
534 1388 669 1455 Quid
686 1388 729 1442 si
754 1389 852 1443 hac
870 1389 1124 1458 potentia,
1148 1404 1250 1459 qua
1274 1405 1339 1444 nc
1370 1390 1511 1459 ipsos
1529 1389 1743 1459 quidem
1759 1391 1913 1460 reges
1934 1389 2034 1445 frui

445 1479 868 1536 demonstratum
898 1489 1000 1548 est,
1032 1482 1189 1536 aliam
1218 1481 1374 1552 longe
1403 1483 1662 1552 majorem
1696 1481 1860 1536 lilium
1885 1490 2032 1537 tuum

447 1569 644 1625 habere
681 1572 1092 1627 monstravere?
1129 1571 1297 1627 Nemo
1318 1586 1405 1627 me
1440 1574 1578 1629 bona
1607 1573 1839 1628 caeleStia
1869 1573 2030 1627 modo

444 1663 709 1719 dicturum
732 1674 913 1735 putet,
944 1666 1133 1735 quibus
1160 1675 1214 1720 tu
1240 1681 1345 1720 non
1372 1664 1580 1729 credis;
1610 1681 1715 1720 non
1750 1665 1884 1721 adeo
1908 1679 2035 1734 pro-

442 1758 729 1813 missorum
753 1757 949 1818 oblitus
970 1771 1086 1812 sum
1113 1775 1127 1822 ;
1159 1772 1345 1813 verum
1373 1772 1438 1812 ex
1479 1758 1544 1813 iis
1572 1772 1691 1827 quae
1712 1758 1765 1812 in
1797 1756 1899 1813 hac
1924 1757 2029 1812 vita

444 1848 576 1906 ﬁunt
598 1893 614 1918 ,
652 1850 971 1907 documenta
997 1850 1238 1907 afferam.
1283 1851 1340 1907 Si
1370 1851 1512 1906 enim
1541 1851 1727 1906 ulcisci
1757 1851 2029 1916 inimicos,

442 1956 505 1998 ea
549 1956 797 2012 suprema
851 1942 1089 2011 potentia
1135 1952 1218 1997 est
1250 1960 1264 1997 :
1294 1942 1463 1996 multo
1501 1943 1658 2012 plane
1692 1942 1863 2013 majus
1893 1945 2026 2007 erit,

440 2031 603 2086 talem
634 2031 755 2086 vitae
803 2040 998 2086 statum
1044 2031 1314 2101 reperire,
1348 2032 1400 2086 in
1445 2047 1552 2102 quo
1597 2048 1757 2087 uenio
1785 2034 1892 2098 sit,
1938 2034 2028 2102 qui

440 2121 541 2178 ctsi
570 2122 724 2186 velit,
750 2137 944 2178 nocere
968 2123 1153 2192 possit.
1182 2122 1315 2178 Nam
1338 2123 1478 2194 quod
1502 2123 1603 2178 hoc
1628 2124 1695 2178 sit
1721 2124 1811 2178 illo
1832 2124 2024 2193 majus,

440 2220 569 2267 tunc
599 2213 769 2283 magis
807 2213 1108 2277 constabit,
1141 2229 1262 2270 cum
1290 2212 1355 2268 ad
1394 2213 1697 2283 exemplum
1729 2215 1870 2269 aliud
1908 2231 2028 2270 ora-

441 2305 640 2361 tionem
669 2306 1064 2361 rcduxerimus.
1092 2306 1184 2362 Dic
1221 2308 1361 2362 cnim
1384 2350 1397 2371 ,
1422 2322 1635 2379 quzeso,
1663 2317 1837 2361 utrum
1883 2323 2024 2377 pra:-

438 2399 696 2465 stantius,
752 2399 903 2454 reine
945 2399 1150 2455 bellicm
1193 2401 1263 2454 ita
1293 2400 1594 2470 quempiam
1618 2400 1844 2469 peritum
1872 2414 2023 2464 esse,

437 2500 498 2547 ut
540 2505 729 2558 nemo,
753 2492 843 2561 qui
867 2506 925 2548 se
950 2492 1228 2557 vulneret,
1255 2493 1624 2547 invulneratus
1657 2492 1875 2562 ell‘ugiat
1906 2510 1919 2545 :
1956 2507 2022 2546 an

436 2581 699 2652 ejusmodi
728 2597 849 2638 esse
877 2597 1105 2653 corpore
1124 2623 1139 2649 ,
1167 2591 1225 2637 ut
1248 2583 1581 2653 quantalibet
1608 2584 1834 2653 quisque
1859 2590 1980 2653 agat
2003 2625 2019 2649 ,

434 2676 720 2731 vulnerare
747 2691 852 2729 non
883 2675 1082 2745 possit?
1128 2674 1386 2730 Omnibus
1426 2674 1664 2743 profecto
1687 2683 1896 2730 constat
1923 2675 2023 2730 hoc

435 2768 527 2823 illo
555 2769 732 2839 potius
750 2783 870 2824 esse
895 2782 957 2823 ac
976 2767 1211 2824 divinius
1233 2783 1442 2845 :_neque
1470 2767 1599 2823 illud
1621 2777 1822 2822 tantum
1847 2767 2017 2833 adest,

434 2862 526 2917 sed
550 2862 688 2932 quod
718 2863 808 2916 illo
835 2862 993 2932 longe
1023 2861 1268 2932 superius
1295 2871 1396 2916 est.
1427 2860 1704 2927 Quodnam
1741 2859 1870 2915 illud
1899 2859 2022 2915 est?

432 2951 604 3007 Etiam
634 2951 1021 3008 medicamenta
1048 2965 1233 3018 nosse,
1253 2951 1466 3022 quibus
1489 2950 1711 3005 vulnera
1752 2959 2021 3006 curentur

431 3044 631 3099 omnia.
659 3043 853 3098 Tribus
881 3058 1008 3114 ergo
1039 3045 1288 3114 potentiae
1323 3042 1498 3097 modis
1534 3041 1839 3097 constitutis
1858 3082 1873 3107 ,
1904 3042 2018 3112 pri-

430 3150 521 3189 mo
560 3134 772 3204 quidem
794 3175 808 3196 ,
842 3143 899 3188 ut
943 3134 1110 3204 possit
1142 3134 1263 3204 quis
1293 3133 1513 3203 injurias
1558 3133 1780 3199 ulcisci;
1809 3133 1978 3188 altero
1998 3172 2017 3200 ,

430 3227 518 3296 qui
547 3236 599 3281 et
637 3227 881 3297 superior
906 3234 1017 3293 est,
1050 3234 1108 3280 ut
1135 3225 1356 3280 vulnera
1382 3225 1595 3295 propria
1635 3239 1824 3280 curare
1850 3225 2014 3289 norit;

429 3331 603 3388 neque
638 3316 779 3381 enim
823 3317 1041 3372 omnino
1067 3315 1169 3370 hoc
1199 3316 1327 3371 illud
1358 3316 1632 3385 sequitur;
1686 3316 1846 3371 tertio
1885 3323 1944 3371 ut
1985 3330 2018 3370 a

429 3409 575 3463 nullo
618 3407 894 3464 hominum
941 3407 1063 3464 laedi
1106 3408 1312 3480 possit,
1341 3407 1484 3478 quod
1519 3417 1763 3462 naturam
1805 3408 2017 3478 penitus

427 3494 658 3555 excedit'
692 3500 976 3554 humanam
1024 3517 1037 3553 :
1089 3499 1192 3555 hoc
1249 3507 1578 3569 postremum
1624 3500 1717 3555 tilii
1774 3501 1849 3555 tui
1896 3514 2017 3555 esse

427 3590 861 3645 monstrabimus.
1712 3598 1720 3608 '

500 3680 546 3740 7.
562 3679 624 3734 Ei
648 3683 731 3752 qui
747 3681 917 3735 omnia
940 3681 1157 3752 reliquit,
1173 3697 1318 3737 nemo
1338 3697 1514 3736 nocere
1535 3680 1659 3746 vult,
1688 3696 1778 3737 nec
1796 3692 1961 3753 posset
1971 3683 2015 3736 si

426 3775 665 3830 velteL—
684 3774 760 3830 Ne
780 3774 957 3830 autem
984 3774 1100 3830 haec
1126 3776 1289 3831 verba
1313 3777 1569 3847 strepitus
1590 3777 1763 3832 inanis
1782 3793 1903 3833 esse
1929 3778 2011 3831 vi-

426 3867 676 3933 deantur,
706 3867 805 3923 hac
825 3868 939 3939 ipsa
965 3882 1153 3939 magna
1184 3870 1420 3941 potentia
1451 3884 1636 3924 rursus
1660 3871 1820 3925 aliam
1847 3870 2015 3940 majo-

424 3976 537 4015 rem
582 3960 722 4014 inter
749 3959 1091 4029 quaerendum
1139 3960 1459 4015 invenimus.
1502 3960 1617 4015 Non
1664 3961 1824 4015 modo
1868 3962 2009 4015 enim

423 4065 530 4106 non
578 4051 914 4119 reperientur
942 4050 1029 4120 qui
1077 4065 1274 4105 nocere
1318 4051 1543 4120 possint,
1575 4050 1667 4106 sed
1694 4066 1762 4105 ne
1801 4053 1890 4121 qui
1920 4068 2013 4108 vc-

423 4144 522 4200 lint
566 4143 818 4213 quidem;
850 4143 922 4197 ita
966 4150 1024 4197 ut
1064 4142 1260 4211 duplici
1287 4158 1350 4197 ex
1380 4150 1530 4212 parte
1573 4150 1719 4197 tutus
1746 4144 1836 4198 sit.
1873 4142 2010 4210 Quid

424 4233 582 4306 igitur
608 4234 706 4287 Irae
727 4234 831 4286 vita
854 4231 1102 4297 divinius,
1128 4232 1178 4287 in
1206 4248 1308 4303 qua
1340 4248 1497 4288 nemo
1523 4247 1717 4288 nocere
1738 4234 1884 4300 velit,
1910 4249 2011 4291 nec

422 4327 466 4380 si
498 4325 644 4387 vciit,
678 4323 888 4394 possit?
925 4338 1047 4379 cum
1091 4324 1320 4379 maxime
1365 4324 1506 4380 nolle
1551 4339 1745 4379 nocere
1790 4340 1898 4379 non
1940 4340 2009 4381 ex

424 4415 786 4473 imbecillitate
833 4415 995 4480 venit,
1036 4416 1173 4470 utin
1218 4415 1400 4469 multis
1439 4416 1718 4486 contingit,
1744 4415 1838 4471 sed
1867 4415 2009 4486 quod

422 4507 567 4562 nulla
595 4507 892 4577 reperiatur
918 4519 1096 4561 causa.
1127 4505 1258 4559 Nam
1287 4506 1331 4559 si
1358 4505 1409 4559 id
1438 4505 1610 4560 solum
1635 4522 1732 4575 per
1758 4521 1816 4562 se
1841 4515 2007 4574 esset,

422 4596 627 4653 scilicet
666 4611 772 4651 non
823 4610 999 4667 posse,
1045 4609 1152 4649 non
1201 4596 1329 4649 tanti
1375 4604 1518 4651 esset
1549 4614 1563 4650 :
1594 4596 1773 4650 odium
1814 4598 2010 4667 quippe

421 4689 726 4760 gigneretur
754 4689 1042 4743 maximum
1087 4688 1141 4741 in
1179 4687 1265 4751 iis,
1294 4688 1383 4756 qui
1412 4703 1531 4742 eum
1563 4687 1781 4751 vellent,
1816 4689 2009 4745 laedere

423 4798 531 4836 non
563 4792 783 4851 possent
811 4798 826 4847 ;
860 4797 964 4835 non
996 4794 1191 4850 parvus
1218 4788 1397 4835 autem
1422 4789 1506 4835 est
1535 4780 1622 4836 hic
1663 4780 2009 4837 beatitudinis

421 4875 635 4931 modus.
664 4875 839 4945 ipsum
886 4889 1013 4944 ergo
1054 4873 1308 4945 primum,
1341 4871 1386 4928 si
1414 4872 1643 4941 videtur,
1675 4877 2008 4929 excutiamus

422 4966 724 5037 diligenter.
756 4967 1010 5036 Quisnam
1041 4982 1162 5021 eum
1187 4965 1384 5022 laadere
1430 4966 1579 5034 velit,
1610 4967 1699 5038 qui
1728 4966 1861 5022 nihil
1907 4966 2007 5022 ha-

420 5058 513 5115 bet
539 5074 821 5114 commune
850 5075 970 5114 cum
1001 5058 1326 5126 hominibus,
1356 5074 1461 5114 non
1487 5069 1661 5130 pacta,
1688 5075 1796 5115 non
1827 5074 2005 5131 agros,

421 5165 528 5205 non
563 5151 822 5219 pecunias.
885 5165 990 5203 uon
1037 5151 1272 5220 negotia,
1310 5165 1485 5221 neque
1524 5150 1666 5205 aliud
1695 5150 2004 5221 quidpiam?

421 5255 522 5310 pro
551 5256 655 5310 qua
686 5239 810 5294 villa
849 5244 966 5293 Cum
999 5241 1089 5295 illo
1114 5240 1420 5307 contendet,
1463 5256 1561 5312 pro
1585 5241 1776 5312 quibus
1801 5242 1970 5299 servis
1989 5282 2006 5309 ,

422 5347 520 5401 pro
546 5347 648 5400 qua
694 5331 905 5402 gloria?
932 5332 1181 5402 quidnam
1214 5343 1479 5398 metuens,
1524 5348 1629 5403 quo
1671 5330 2008 5395 lacessente?

423 5421 699 5494 Siquidem
730 5431 819 5477 aut
844 5422 1061 5490 invidia,
1094 5434 1185 5478 aut
1214 5434 1378 5490 metu,
1409 5432 1502 5479 aut
1528 5425 1607 5480 ira
1629 5439 1925 5492 movemur,
1950 5433 2012 5482 ut

425 5514 561 5568 alios
589 5513 863 5569 laedamns.
886 5516 955 5569 At
982 5514 1074 5575 hic.
1093 5531 1220 5587 rege
1241 5517 1427 5587 quovis
1452 5519 1740 5587 potentior,
1763 5519 2011 5576 omnibus

426 5604 673 5672 superior
698 5612 799 5659 est.
829 5605 958 5672 Quis
996 5607 1138 5661 enim
1164 5608 1212 5663 ei
1259 5608 1530 5670 invidebit.
1561 5608 1651 5679 qui
1686 5609 1798 5665 haec
1833 5611 2009 5667 omnia

431 5693 648 5762 irridet,
700 5709 795 5767 pro
833 5697 1020 5766 quibus
1064 5698 1151 5753 alii
1202 5699 1443 5757 laborant
1480 5708 1533 5758 et
1574 5702 1861 5774 satagunt?
1889 5704 2008 5773 quis
2056 5724 2065 5733 ι

1209 252 1568 312 ADVERSUS
1594 250 2143 312 OPPUGNATORES
2186 254 2368 313 VITIE
2411 257 2707 317 MONAST.
2748 262 2876 320 LIB.
2922 264 2988 322 ll.

3625 274 3729 331 διε

2150 370 2421 427 irascetur.
2445 374 2576 429 nihil
2619 376 2815 433 lazsus?
2843 380 2962 450 quis
3004 390 3225 449 metuet,
3266 396 3389 440 eum
3437 385 3613 442 nullus
3660 393 3730 444 sit

2143 465 2431 534 suspicioni
2477 467 2670 523 locus?
2695 469 2917 526 Constat
2961 471 3118 542 igitur
3159 487 3231 529 ex
3279 474 3362 531 his
3393 477 3565 534 nullos
3605 493 3726 537 esse

2141 555 2231 624 qui
2259 556 2308 611 ei
2337 572 2532 615 nocere
2575 560 2760 630 velint,
2791 563 2935 633 quod
2976 572 3153 622 autem
3180 582 3286 622 non
3329 568 3375 624 si
3401 571 3565 626 velint
3606 575 3726 644 qui-

2141 646 2287 713 dem,
2315 649 2540 719 possint,
2568 660 2624 707 et
2651 651 2754 709 hoc
2780 655 3025 711 similiter
3046 659 3389 716 manifestum
3426 671 3528 718 est.
3555 661 3725 720 Nulla:
3822 676 3831 691 τ
3888 726 3897 737 _

2140 741 2282 797 enim
2312 752 2436 798 sunt
2475 758 2651 800 causa:
2678 754 2770 802 aut
2793 748 3123 819 occasiones,
3151 751 3367 822 quibus-
3381 768 3506 811 cum
3533 755 3725 825 aliquis

2139 832 2390 889 cohibere
2413 835 2618 904 possit;
2652 837 2745 893 sed
2769 846 2831 894 ut
2850 840 3026 911 aquila
3050 841 3278 899 sublime
3306 845 3510 915 volans,
3543 861 3725 916 passe-

2138 935 2260 977 rum
2290 923 2495 994 laqueis
2532 939 2641 982 non
2681 929 2906 999 capitur,
2930 929 3005 985 ita
3046 940 3103 988 et
3131 931 3234 989 hic.
3268 933 3419 991 Unde
3452 935 3599 993 enim
3626 953 3722 994 no-

2138 1027 2263 1071 cere
2285 1017 2335 1070 ei
2379 1017 2547 1087 possit
2573 1017 2807 1089 aliquis?
2833 1020 3079 1078 Pecuniae
3105 1039 3213 1079 non
3246 1025 3456 1092 adsunt,
3500 1037 3560 1083 ut
3586 1029 3723 1084 mul-

2139 1114 2278 1162 ctam
2325 1110 2681 1166 comminetur
2715 1128 2730 1165 :
2760 1114 2985 1181 patriam
3026 1130 3134 1169 non
3173 1114 3357 1184 habet,
3388 1128 3449 1173 ut
3474 1120 3721 1176 exsilium

2137 1196 2333 1253 inferat
2356 1215 2370 1266 ;
2397 1200 2621 1273 gloriam
2663 1218 2771 1258 non
2800 1206 3148 1277 concupiscit,
3179 1217 3237 1262 ut
3265 1207 3496 1265 dedecus
3526 1210 3719 1266 inurat.

2137 1289 2312 1347 Unum
2343 1294 2603 1364 reliquum
2631 1305 2734 1362 est,
2766 1311 2912 1352 mors
2954 1300 3158 1354 scilicet
3186 1318 3201 1355 :
3230 1300 3323 1357 sed
3354 1300 3456 1357 hac
3493 1302 3723 1359 maxime

2138 1382 2190 1437 in
2219 1393 2368 1453 parte
2394 1400 2514 1440 eum
2552 1386 2788 1458 afﬂigere
2829 1406 2934 1444 non
2981 1393 3196 1461 poterit,
3243 1393 3575 1463 imojuvabit
3601 1410 3718 1450 ma-

2136 1474 2298 1530 xime.
2329 1476 2566 1548 Namque
2589 1492 2713 1534 cum
2737 1466 2802 1536 ad
2842 1481 2999 1537 aliam
3027 1484 3335 1539 transmittit
3359 1485 3541 1551 vitam,
3566 1486 3634 1542 ab
3661 1502 3721 1542 se

2135 1566 2517 1636 desideratam,
2548 1571 2697 1642 cujus
2733 1587 2893 1629 causa
2924 1575 3053 1630 nihil
3084 1591 3189 1630 non
3220 1576 3328 1647 agit
3365 1586 3421 1631 et
3447 1589 3715 1649 operatur.

2135 1655 2317 1728 Itaque
2364 1659 2453 1715 illa
2498 1662 2738 1717 laborum
2782 1665 2884 1720 sibi
2930 1665 3052 1720 ﬁnis
3094 1668 3213 1733 erit,
3259 1684 3363 1724 non
3408 1683 3596 1737 petua,
3626 1671 3720 1724 sed

2135 1751 2388 1806 sudorum
2417 1754 2612 1808 solutio
2653 1765 2707 1810 ct
2736 1758 2969 1828 requies.
3014 1759 3177 1814 Visne
3202 1760 3363 1815 alium
3393 1761 3721 1831 ejus-poten-

2134 1842 2221 1897 ti:e
2250 1844 2465 1899 modum
2507 1847 2768 1912 ediscere,
2801 1848 2852 1902 in
2898 1849 3232 1919 philosophia
3280 1852 3437 1922 longe
3467 1863 3723 1922 praestan-

2134 1934 2368 1991 liorem?
2402 1937 2620 1993 Etiamsi
2651 1940 2771 2005 quis
2797 1956 2918 1995 eum
2951 1941 3245 1998 innumeris
3275 1943 3512 2000 all‘cccrit
3540 1946 3715 2007 malis.

2132 2025 2340 2081 etiamsi
2378 2028 2690 2084 verberibus
2719 2030 3015 2096 lauiaverit,
3059 2033 3112 2087 in
3142 2034 3352 2089 vincula
3391 2035 3675 2105 conjecerit
3699 2078 3715 2099 ,

2131 2133 2325 2189 corpus
2368 2135 2466 2190 pro
2493 2129 2679 2177 natura
2706 2137 2799 2177 sua
2826 2123 3055 2189 laeditur,
3086 2125 3297 2181 animus
3327 2142 3454 2183 vero
3480 2126 3717 2196 philoso-

2133 2208 2268 2278 phia:
2298 2210 2561 2276 addictus,
2593 2211 2792 2266 illarsus
2820 2222 3000 2268 manet
3028 2231 3042 2268 :
3072 2230 3246 2285 neque
3270 2216 3413 2271 enim
3443 2214 3714 2271 iracundia

2130 2301 2355 2370 capitur,
2391 2316 2495 2356 non
2522 2302 2645 2357 odio
2672 2303 2976 2374 corripitur,
3010 2321 3116 2360 non
3145 2306 3449 2363 inimicitias
3475 2317 3713 2364 exercet.

2128 2389 2371 2474 Nondum
2412 2392 2483 2447 ita
2531 2404 2777 2463 magnum
2809 2395 2911 2449 hoc
2940 2403 3040 2465 est,
3073 2396 3167 2450 sed
3198 2396 3352 2467 longe
3377 2398 3672 2453 mirabilius
3694 2438 3711 2463 ,

2127 2480 2267 2548 quod
2297 2495 2411 2543 eos,
2439 2482 2529 2552 qui
2573 2498 2632 2538 se
2663 2484 2735 2538 ita
2762 2493 2976 2549 vexant,
3005 2486 3085 2542 sic
3113 2485 3303 2556 diligit,
3337 2496 3394 2540 ut
3419 2486 3711 2554 beneﬁcos,

2128 2582 2184 2627 ut
2213 2583 2485 2642 patronos,
2519 2576 2762 2645 bonaque
2802 2576 2907 2632 illis
2948 2585 3137 2631 cuneta
3185 2587 3520 2647 apprecatur.
3561 2578 3633 2635 At
3660 2589 3714 2633 tu

2125 2664 2253 2733 quid
2283 2666 2332 2719 ei
2360 2680 2611 2735 umquam
2643 2667 2746 2721 tale
2775 2677 3028 2737 przestare
3048 2669 3334 2738 potuisses,
3355 2669 3567 2725 etiamsi
3590 2670 3712 2724 mil-

2124 2755 2225 2811 lies
2251 2757 2423 2827 ipsum
2449 2757 2592 2813 orbis
2636 2767 2895 2813 terrarum
2927 2774 3106 2829 regem
3137 2761 3528 2829 constituisses,
3560 2772 3616 2817 et
3642 2762 3708 2816 ad

2123 2846 2311 2901 decem
2338 2862 2598 2903 annorum
2625 2848 2787 2903 millia
2813 2831 3033 2920 regnum
3064 2849 3163 2920 ipsi
3192 2851 3579 2922 prorogasses?
3606 2867 3707 2921 qua

2123 2952 2386 3008 purpura,
2418 2955 2524 3010 quo
2570 2941 2815 3009 imperio,
2846 2956 2951 3012 qua
2996 2941 3165 3012 gloria
3205 2958 3309 2998 non
3358 2943 3710 3013 praestabilius

2122 3044 2205 3085 est
2252 3030 2355 3085 hoc
2376 3030 2617 3086 bonum?
2645 3016 2770 3102 quid
2813 3047 2918 3087 non
2960 3033 3316 3103 impenderes,
3361 3046 3419 3089 ut
3444 3036 3707 3105 ejusmodi

2121 3123 2357 3177 animum
2386 3123 2695 3193 acciperes?
2719 3124 2965 3180 Arbitror
3006 3140 3105 3195 ego
3134 3125 3293 3181 etiam
3322 3141 3436 3194 eos,
3482 3127 3572 3197 qui
3597 3137 3708 3185 stu-

2121 3214 2322 3270 diosius
2344 3228 2568 3285 corpora
2587 3224 2793 3278 curant,
2814 3215 2951 3271 hanc
2976 3216 3136 3271 vitam
3158 3226 3544 3287 przeoptaturos
3563 3234 3704 3275 esse.

2120 3307 2284 3364 Visne
2311 3307 2523 3364 aliunde
2548 3324 2759 3379 quoque
2797 3309 3085 3379 potentiam
3111 3309 3211 3364 viri
3238 3319 3290 3365 et
3319 3310 3702 3368 mirabiliorem

2119 3408 2174 3456 et
2197 3399 2567 3471 iucundiorem
2612 3400 2814 3467 videre,
2865 3415 2931 3456 ex
2977 3409 3129 3470 parte
3165 3403 3380 3472 quidem
3428 3403 3702 3461 humiliori

2118 3494 2362 3563 petitam,
2393 3493 2487 3549 tibi
2526 3503 2700 3550 tamen
2737 3509 2947 3550 summe
2969 3497 3212 3565 gratam?
3242 3497 3314 3551 Ea
3342 3497 3554 3568 quidem
3582 3514 3704 3570 quas

2117 3585 2258 3641 dicta
2297 3591 2440 3651 sunt,
2472 3600 2592 3640 eum
2637 3600 2736 3640 nec
2772 3585 2889 3655 capi
2917 3600 3017 3641 nec
3055 3586 3240 3642 violari
3272 3603 3428 3658 posse
3451 3603 3703 3661 compro-

2118 3676 2266 3732 bant.
2312 3675 2464 3745 Quod
2503 3684 2679 3732 autem
2714 3677 2847 3734 alios
2874 3678 3245 3735 moderaturus
3273 3681 3362 3745 sit,
3392 3696 3593 3752 eosque
3623 3692 3705 3739 tu-

2092 3770 2351 3824 ~tissimos
2366 3768 2771 3836 eonstituturus,
2788 3770 2839 3824 id
2857 3769 3081 3827 fortasse
3097 3772 3291 3843 quieris
3306 3773 3569 3830 ediscere.
3590 3775 3703 3830 lloc

2117 3878 2278 3933 porro
2324 3871 2407 3917 est
2451 3863 2683 3932 primum
2727 3864 3121 3934 magisterium,
3173 3876 3231 3919 ut
3269 3866 3404 3921 alios
3446 3867 3511 3922 ad
3559 3868 3698 3925 idem

2116 3955 2346 4011 studium
2374 3954 2620 4019 adducat,
2651 3964 2706 4009 et
2728 3956 2806 4011 sic
2833 3955 2956 4010 illos
2982 3954 3164 4010 firmos
3206 3955 3475 4027 fortesque
3503 3962 3703 4015 consti-

2114 4058 2266 4113 tuat;
2296 4052 2378 4103 sin
2404 4064 2531 4104 vero
2574 4049 2646 4104 illi
2676 4049 2862 4112 nolint,
2897 4059 3269 4119 terrenamquc
3312 4051 3472 4104 vitam
3506 4055 3700 4109 sectari

2116 4140 2322 4205 malint,
2353 4139 2438 4193 hic
2466 4155 2676 4209 quoque
2701 4139 2903 4195 videbis
2928 4140 3131 4210 majore
3155 4149 3207 4195 te
3233 4140 3486 4210 opulento
3513 4153 3702 4211 poten-

2116 4231 2184 4286 tia
2218 4231 2493 4300 prmditum
2524 4245 2668 4297 eum,
2714 4231 2803 4300 qui
2844 4230 2977 4286 nihil
3008 4230 3184 4293 habet,
3233 4243 3394 4303 atque
3434 4232 3554 4288 ideo
3583 4250 3699 4288 ma-

2114 4324 2257 4379 xime
2282 4323 2422 4394 quod
2452 4322 2581 4376 nihil
2612 4323 2822 4378 habeat.
2853 4324 2985 4391 Quis
3010 4324 3153 4385 enim
3181 4326 3385 4394 majore
3412 4339 3535 4381 eum
3564 4325 3702 4380 {idn-

2114 4417 2194 4473 cia
2233 4426 2288 4472 et
2330 4424 2589 4485 potestate
2627 4415 3010 4484 imperatorem
3038 4416 3335 4485 alloquetur
3378 4425 3433 4471 et
3460 4418 3701 4486 increpa-

2112 4510 2223 4565 bit?
2245 4519 2370 4565 tunc
2386 4508 2475 4579 qui
2500 4515 2639 4561 tanta
2663 4505 2926 4576 possides,
2946 4515 3000 4560 et
3024 4515 3303 4575 propterea
3326 4507 3465 4561 illius
3484 4521 3699 4576 quoque

2113 4602 2283 4657 servis
2328 4599 2589 4655 obnoxius
2618 4613 2696 4664 es,
2746 4611 2952 4668 proque
2989 4594 3237 4651 omnibus
3285 4598 3491 4659 tremis,
3536 4612 3699 4655 ansas

2111 4707 2241 4747 vero
2271 4691 2344 4745 illi
2377 4691 2680 4744 innumeras
2714 4687 2943 4758 praebes,
2974 4686 3019 4740 si
3051 4687 3216 4741 iratus
3244 4697 3295 4742 te
3320 4686 3518 4742 hederc
3547 4688 3692 4755 velit;

2112 4797 2180 4837 an
2230 4782 2317 4837 hic
2352 4780 2442 4852 qui
2491 4780 2631 4834 illius
2678 4777 2924 4834 manibus
2964 4776 3209 4846 superior
3247 4776 3372 4833 est?
3404 4777 3514 4832 Hoc
3549 4779 3695 4833 enim

2113 4875 2344 4931 maxime
2362 4887 2530 4944 genus
2551 4872 2825 4926 hominum
2845 4885 3053 4926 summa
3073 4884 3196 4925 cum
3220 4870 3465 4927 libertate
3483 4870 3694 4941 regibus

2113 4964 2399 5035 colloquuti
2429 4970 2569 5029 sunt,
2602 4969 2864 5033 quotquot
2886 4960 3137 5017 videlicet
3157 4975 3189 5015 a
3216 4960 3563 5017 s:ecularibus
3599 4975 3685 5018 ne-

2113 5057 2271 5130 gotiis
2308 5071 2368 5112 se
2408 5061 2830 5125 sequestrarunt.
2875 5052 2971 5108 Cui
3014 5067 3144 5108 vero
3188 5050 3396 5108 facilius
3443 5050 3599 5108 cedet
3639 5057 3687 5113 et

2114 5146 2523 5218 obtemperabit,
2567 5147 2658 5215 qui
2683 5154 2765 5200 est
2792 5143 2846 5198 in
2874 5152 3137 5212 potestate
3166 5144 3513 5211 constitutus,
3537 5150 3593 5199 et
3637 5143 3687 5198 in

2113 5241 2258 5312 regia
2286 5237 2571 5294 versatur?
2599 5236 2762 5291 tibine
2808 5235 2900 5305 qui
2930 5234 3079 5290 dives
3121 5249 3202 5302 es,
3229 5249 3386 5303 quem
3414 5234 3503 5289 ille
3529 5247 3688 5302 pecu-

2115 5334 2322 5390 niarum
2352 5344 2510 5386 causa
2539 5329 2728 5383 crebro
2773 5326 2996 5396 plurima
3040 5324 3216 5380 facere
3261 5326 3592 5395 suspicatur;
3624 5340 3691 5379 au

2114 5423 2164 5480 ei
2187 5423 2278 5493 qui
2314 5435 2474 5477 unam
2505 5418 2663 5474 habet
2685 5416 2984 5487 jussionum
3013 5430 3251 5482 causam,
3280 5430 3473 5485 nempe
3502 5414 3691 5468 humao

2115 5515 2335 5571 nitatem
2363 5526 2491 5582 erga
2527 5510 2696 5565 alios?
2733 5508 2901 5576 Quem
2932 5505 3234 5571 honorabit,
3264 5521 3425 5584 qqem
3464 5502 3694 5563 admira.

2114 5607 2302 5664 hitur?
2332 5619 2523 5660 eumne
2549 5603 2615 5657 de
2636 5616 2740 5672 quo
2767 5599 2899 5654 nihil
2924 5599 3189 5670 abiectum
3214 5595 3471 5666 suspicari
3496 5600 3689 5662 potest,

2128 5716 2193 5756 an
2221 5714 2340 5756 eum
2368 5711 2525 5769 quem
2547 5698 2713 5753 servis
2737 5707 2944 5765 quoque
2972 5692 3082 5749 suis
3111 5691 3342 5745 viliorem
3376 5683 3689 5742 arbitraturl
