4124 6144
427 259 532 314 ΚΠ)

427 375 570 427 Sicut
617 371 757 425 enim
795 346 1012 440 quoties
1055 364 1251 434 aliquid
1302 363 1541 434 pecunia:
1591 359 2006 432 impendendum

427 472 526 528 est,
563 462 668 516 illis
710 460 881 530 potius
910 459 1302 526 obtemperant,
1349 454 1418 509 ita
1451 455 1609 508 etiam
1650 453 1859 522 quoties
1897 451 2012 521 jusa

428 555 592 608 serint
615 551 770 606 alicui
794 547 1133 620 patrocinari.

498 645 551 700 8.
571 643 670 708 Qui
692 652 887 695 terrena
907 637 1077 693 omnia
1097 636 1306 706 spernit,
1321 637 1542 705 lugentes
1560 633 1766 704 [acilius
1780 631 2011 685 consola-

434 736 697 790 ηενρ-δίη
713 743 888 788 autem
903 730 1290 792 volueris,nihil
1308 730 1396 784 ille
1410 744 1502 799 per
1513 729 1643 782 alios
1656 723 2011 796 perficiat,sed

434 842 529 898 per
561 825 792 895 seipsum
815 825 1026 888 omnia;
1048 835 1403 876 aerumnosum
1425 820 1651 889 aliquem
1684 827 1738 872 et
1766 816 1829 870 ad
1862 816 2012 870 illum

432 919 756 974 adducamus
777 926 827 972 te
847 915 913 971 ad
931 923 1004 980 te,
1029 915 1135 969 imo
1159 914 1332 984 potius
1353 927 1458 967 non
1480 912 1544 966 ad
1565 922 1634 975 te,
1649 909 1740 964 sed
1755 909 1819 964 ad
1839 910 2010 977 ipsum

440 1013 816 1082 Imperatorem
843 1025 855 1062 :
881 1016 990 1062 tum
1007 1007 1282 1062 videamus
1307 1015 1424 1060 uter
1445 1004 1526 1058 illi
1546 1005 1714 1072 magis
1735 999 2013 1071 providere

427 1103 616 1171 possit.
632 1102 946 1170 Primusque
958 1107 1080 1154 ante
1096 1099 1228 1153 alios
1247 1095 1652 1165 adducatur,qui
1667 1093 2010 1148 acerbissima

427 1195 662 1250 omnium
684 1208 966 1264 perpessus
987 1193 1074 1246 sit.
1097 1191 1178 1247 Sit
1196 1189 1341 1244 verbi
1374 1188 1542 1259 gratia
1559 1185 1820 1257 quispiam
1845 1184 2010 1239 filium

363 1338 368 1344 .
429 1290 628 1344 habens
667 1288 915 1351 unicum,
963 1300 1120 1353 quem
1162 1283 1214 1337 in
1254 1283 1368 1352 ipso
1408 1280 1578 1335 tetatis
1617 1279 1749 1333 flore
1783 1277 2008 1331 amittat.

428 1381 577 1434 llunc
619 1394 790 1448 neque
824 1377 1103 1446 princeps,
1131 1388 1302 1443 neque
1329 1388 1444 1437 rex,
1481 1386 1653 1440 neque
1687 1368 1824 1423 alius
1868 1367 2011 1436 quis-

428 1472 564 1539 piam
594 1467 856 1524 consolari
898 1465 1109 1536 poterit,
1130 1465 1324 1520 nedum
1351 1457 1410 1518 tu
1432 1482 1443 1516 :
1466 1462 1595 1516 nihil
1625 1461 1767 1516 enim
1788 1460 1890 1514 tale
1912 1459 2010 1528 ipsi

427 1561 596 1622 dabis,
636 1559 792 1630 quale
839 1558 1036 1612 amisit.
1079 1558 1146 1610 At
1169 1555 1214 1610 si
1241 1555 1306 1608 ad
1332 1553 1496 1607 filium
1527 1561 1674 1606 tuum
1701 1549 2007 1611 adduxeris,

427 1657 597 1723 primo
624 1654 794 1723 ipsum
827 1667 889 1705 ex
917 1660 1153 1720 aspectu,
1182 1663 1246 1703 ex
1275 1647 1475 1709 habitu,
1507 1661 1570 1698 ex
1602 1642 1872 1698 domicilio
1898 1648 2009 1695 sta-

427 1747 519 1799 tim
548 1746 732 1814 eriget,
765 1743 970 1812 ipsique
1011 1738 1345 1810 persuadebit
1376 1753 1472 1806 pro
1498 1734 1664 1788 nihilo
1698 1732 1894 1786 habere
1922 1746 2010 1785 res

423 1838 716 1900 lmmanas,
766 1844 873 1887 tum
920 1833 1162 1886 oratione
1206 1843 1418 1882 omnem
1458 1825 1706 1879 mmroris
1756 1822 2007 1877 nebulam

429 1933 578 1985 facile
619 1928 838 1998 fugabit.
870 1927 980 1980 Tua
1006 1939 1134 1978 vero
1157 1938 1225 1977 ex
1259 1921 1420 1975 domo
1442 1919 1641 1973 luctmn
1677 1915 2008 1971 acerbiorum

426 2022 512 2075 ille
564 2018 778 2074 referet.
825 2015 956 2071 Cum
1001 2015 1141 2069 enim
1195 2011 1392 2066 viderit
1436 2024 1551 2064 eam
1582 2007 1734 2061 malis
1764 2004 2010 2060 omnibus

424 2109 898 2183 cxpertem,multa
929 2107 1176 2162 felicitate
1208 2103 1478 2168 refertam,
1501 2099 1696 2154 herede
1721 2105 2006 2169 praesente,

425 2203 612 2274 majori
667 2203 809 2256 luctu
853 2199 1118 2253 :estuabit.
1171 2195 1368 2250 Contra
1412 2207 1541 2247 vero
1596 2190 1718 2246 inde
1779 2188 2010 2260 quietior

424 2297 610 2349 evadet
637 2291 1090 2364 philosophimquc
1114 2286 1457 2358 propinquior
1477 2302 1488 2337 :
1510 2297 1630 2338 eum
1653 2281 1842 2336 viderit
1865 2279 2006 2334 enim

426 2389 590 2441 tilium
623 2395 770 2440 tuum
809 2391 980 2438 tantas
1025 2395 1156 2451 epes
1195 2378 1490 2447 despicere,
1515 2383 1742 2428 'tantam
1786 2372 2008 2441 gloriam

425 2489 733 2544 tantntttque
759 2473 1120 2545 splendorem,
1149 2470 1324 2523 minus
1357 2465 1561 2521 dolebit
1586 2465 1653 2519 de
1681 2470 1851 2518 morte
1893 2461 2004 2514 ﬁlii.

425 2570 524 2636 Qui
556 2569 696 2622 enim
727 2564 1041 2619 discruciari
1090 2561 1307 2631 poterit,
1335 2558 1474 2628 quod
1499 2556 1759 2610 bonorum
1811 2551 2009 2606 herede

423 2672 622 2724 t'nt‘cal,
652 2674 772 2712 eum
819 2656 1008 2710 viderit
1045 2655 1206 2707 alium
1255 2652 1366 2705 haec
1406 2648 1583 2703 omnia
1629 2643 2009 2701 contemnere?

425 2753 654 2806 Facilius
679 2751 804 2803 item
825 2746 1169 2818 philosophia:
1187 2743 1348 2797 verba
1365 2741 1642 2795 facientem
1661 2738 1842 2792 audiet
1863 2751 2006 2801 eum,

427 2843 516 2911 qui
563 2841 812 2910 operibus
860 2835 1093 2892 sermoni
1145 2834 1302 2888 ﬁdem
1345 2831 1488 2886 facit.
1537 2829 1617 2884 Tu
1664 2844 1792 2883 vero
1827 2828 1872 2881 si
1927 2826 2009 2880 vel

423 2935 820 2986 hiseereausus
847 2929 1030 2990 fueris,
1061 2941 1180 2980 eum
1233 2937 1464 2979 moerere
1509 2920 1706 2990 ingenti
1752 2915 2006 2987 replebis,

422 3035 609 3092 utpote
631 3022 720 3092 qui
746 3020 932 3074 alienis
955 3019 1005 3072 in
1033 3016 1184 3071 malis
1207 3011 1614 3085 philosopheris.
1640 3010 1832 3075 Atille,
1849 3007 2009 3062 rebus

424 3119 551 3187 ipsis
579 3132 698 3169 eum
735 3113 1006 3176 erudiens,
1038 3109 1185 3163 nullo
1229 3107 1442 3176 negotio
1484 3101 1844 3174 persuadebit,
1875 3099 2008 3154 nihil

424 3208 603 3273 aliud,
653 3221 808 3276 quam
859 3215 1104 3257 Sttlntlllm
1157 3214 1276 3254 esse
1322 3205 1546 3250 mortem
1589 3211 1600 3246 :
1650 3207 1822 3262 neque
1865 3190 2008 3245 enim

427 3302 684 3370 plurimus
728 3292 1064 3352 enumerabit
1111 3302 1290 3361 patres
1340 3287 1526 3343 eadem
1577 3280 2009 3355 perpessos,sed

421 3394 656 3460 seipsnm
684 3387 933 3443 ostendet
960 3381 1196 3454 quotidie
1227 3381 1278 3434 in
1309 3392 1534 3447 corpore
1564 3376 1632 3430 de
1675 3383 1845 3428 morte
1893 3387 2009 3427 me-

421 3487 786 3546 ditantem,«et
812 3478 878 3532 ad
907 3476 1092 3531 eadem
1123 3487 1334 3543 semper
1362 3479 1601 3540 paratum
1637 3484 1650 3520 :
1682 3477 1844 3536 atque
1885 3463 2010 3519 hinc

423 3571 832 3631 resurrectionis
858 3567 1154 3622 doctrinam
1182 3561 1593 3634 probabiliorem
1637 3558 1874 3614 efﬁciens
1894 3598 1908 3622 ,
1938 3559 2007 3610 ita

424 3669 489 3720 ab
515 3681 572 3720 se
597 3664 849 3725 dimittet,
878 3658 1105 3712 maxima
1137 3654 1384 3710 maeroris
1422 3661 1572 3722 parte
1617 3658 1961 3705 exoneratam
1991 3662 2010 3700 :

425 3759 696 3825 nmltoque
738 3751 969 3820 amplius
1001 3747 1267 3803 valebunt
1309 3745 1424 3813 ejus
1471 3741 1633 3797 verba
1677 3740 1838 3796 rebus
1881 3739 2008 3810 ipsis

422 3857 648 3910 asserta,
678 3845 743 3898 ad
771 3841 1052 3898 levandum
1079 3837 1243 3892 animi
1271 3835 1704 3903 dolorem,quam
1733 3831 2006 3887 combibe-

423 3957 547 3996 num
577 3948 633 3995 et
681 3937 1050 4008 parasitorum.
1101 3932 1167 3986 Et
1207 3929 1350 3984 hunc
1388 3925 1602 3996 quidem
1643 3926 1714 3979 ita
1745 3923 2005 4000 sanabit‘.

423 4036 730 4090 Adducatur
778 4041 954 4085 autem
987 4027 1050 4081 ad
1091 4040 1214 4080 eum
1262 4030 1317 4078 et
1354 4022 1510 4082 alius,
1534 4019 1579 4073 si
1623 4017 1876 4082 volucris,
1917 4015 2052 4085 qui,

418 4128 530 4198 jugi
560 4143 623 4182 ex
655 4106 848 4178 morbo
887 4119 1074 4174 oculos
1120 4113 1361 4169 amiserit
1389 4130 1402 4165 :
1439 4109 1564 4180 quid
1595 4109 1669 4163 illi
1717 4106 2006 4175 adiumenti

420 4222 616 4276 afferre
642 4214 877 4288 poteris?
916 4213 1105 4266 Verum
1133 4209 1222 4262 ille
1250 4205 1538 4261 ostendens
1562 4219 1666 4257 non
1695 4217 1856 4272 grave
1877 4198 2010 4253 illud

421 4330 561 4375 esse,
591 4312 642 4366 in
673 4307 940 4365 domicilio
967 4318 1130 4375 parvo
1169 4301 1426 4361 inclusus.
1457 4306 1512 4352 et
1537 4296 1604 4352 ad
1647 4296 1804 4351 aliam
1835 4295 2008 4350 lucem

421 4419 740 4479 properans,
787 4408 1243 4471 prteseutcmque,
1291 4395 1335 4448 si
1360 4393 1430 4446 illi
1474 4399 1848 4460 comparetur,
1902 4404 2007 4441 non

421 4499 599 4571 magni
629 4495 881 4554 momenti
908 4507 1028 4550 esse
1054 4490 1275 4550 ducens,
1305 4484 1514 4541 erudiet
1535 4498 1656 4537 eum
1683 4481 1748 4534 ad
1787 4479 2008 4534 calami-

424 4604 588 4647 tatem
617 4591 823 4646 fortiter
877 4584 1168 4642 ferendam.
1199 4583 1280 4636 An
1328 4590 1381 4633 tu
1431 4576 1684 4631 damnum
1727 4587 2008 4642 perpessos

424 4686 491 4740 ad
543 4678 1023 4754 philosophandum
1075 4671 1339 4727 induces?
1366 4668 1676 4723 Nullatenus
1709 4683 1721 4718 :
1751 4664 1877 4734 quin
1911 4679 2009 4731 po-

424 4778 532 4832 tius
562 4776 639 4828 eis
663 4774 919 4828 molestus
945 4769 1053 4822 eris
1086 4783 1098 4817 :
1132 4777 1360 4832 namque
1392 4759 1557 4815 tristia
1589 4767 1768 4814 nostra
1797 4759 1846 4810 iu
1890 4772 2012 4824 pru—

425 4871 690 4925 ximornm
739 4861 987 4917 secundis
1041 4857 1202 4910 rebus
1231 4852 1538 4921 diligentius
1584 4850 2011 4903 animadvertere

427 4959 684 5014 solemus.
732 4954 876 5006 Tuus
914 4958 1091 5004 autem
1140 4945 1278 4998 filius
1317 4941 1414 4995 bos
1452 4955 1661 5010 quoque
1692 4939 1896 4993 facilius
1925 4953 2010 4990 re-

428 5047 652 5106 creabit.
699 5043 900 5098 Omitto
949 5053 1164 5109 precum
1210 5049 1402 5101 opem,
1453 5031 1608 5096 longe
1655 5031 1737 5084 bis
1767 5030 2014 5083 omnibus

431 5142 710 5209 majorem,
761 5133 987 5202 ideoque
1034 5127 1243 5184 omitto,
1287 5122 1429 5193 quod
1477 5131 1649 5175 tecum
1703 5120 1830 5173 mibi
1874 5135 2012 5172 nunc

430 5245 610 5287 sermo
637 5228 724 5281 sit.
757 5223 909 5291 Quod
941 5223 983 5276 si
1013 5231 1061 5273 te
1095 5228 1311 5286 propter
1352 5213 1514 5268 filium
1551 5211 1800 5265 honorari
1841 5211 2010 5278 cupis,

421 5339 529 5377 uec
557 5334 674 5374 esse
694 5312 1020 5383 contemptui
1047 5306 1362 5378 (verisimile
1386 5314 1466 5357 est
1491 5301 1631 5357 enim
1660 5311 1710 5356 te
1727 5301 1774 5354 id
1799 5300 2013 5355 deside-

427 5411 596 5479 τευ-ιι),
631 5407 811 5464 nescio
840 5419 945 5475 quo
972 5407 1127 5472 pacto
1157 5399 1206 5453 id
1253 5395 1466 5450 uberius
1511 5392 1766 5463 consequi
1818 5392 2009 5462 possis,

430 5520 587 5574 quam
618 5514 736 5554 eum
769 5497 934 5552 filium
964 5493 1178 5549 habeas,
1206 5487 1303 5557 qui
1354 5494 1600 5538 naturam
1651 5483 1872 5540 excedat
1918 5483 2013 5538 bu.

359 5626 364 5630 τ
431 5612 662 5656 manum,
694 5587 995 5659 «parmae
1043 5593 1155 5636 toto
1203 5587 1464 5634 terrarum
1504 5576 1637 5631 orbe
1686 5577 2015 5632 clarissimus

492 5712 511 5739 ²
543 5714 648 5756 mo
670 5712 799 5764 uss"
822 5701 949 5751 hunc
970 5693 1161 5763 quidem
1180 5687 1363 5755 pariter
1383 5683 1470 5739 ille
1498 5682 1730 5740 sanabit.

1136 247 1509 306 S."J()AN-.\'IS
1549 243 2024 302 CllR’YSOSTOMl
2065 245 2387 302 ARCHIEP.
2431 242 2963 300 CONSTANTl-NOP.
3601 247 3666 301 δι

2122 359 2410 425 habeatur,
2464 375 2528 416 ac
2572 375 2693 416 cum
2743 369 2889 416 tanto
2936 359 3219 431 splendore
3266 362 3466 417 nullum
3511 363 3703 419 habeat

2120 454 2411 508 inimicum.
2449 453 2577 509 Nam
2609 455 2695 508 illa
2719 463 2894 510 vestra
2935 455 3169 523 potentia
3215 455 3471 525 prmditus
3518 457 3698 511 multis

2120 545 2470 612 honorabilis,
2501 545 2742 615 plurimis
2767 547 2982 602 odiosus
3031 547 3218 602 fuisset
3249 565 3263 602 :
3295 557 3350 602 at
3383 548 3467 604 hic
3513 565 3703 606 omnes

2119 638 2207 708 qui
2237 639 2406 707 ipsum
2441 639 2706 694 honorant
2737 681 2750 704 ,
2781 640 2832 693 id
2855 655 2976 694 cum
3003 641 3269 710 voluptate
3309 640 3510 697 faciunt
3572 642 3703 698 Nam

2118 730 2162 784 si
2194 730 2435 784 nonnulli
2475 729 2668 784 infima:
2697 729 2855 784 sortis
2875 771 2890 795 ,
2919 745 2986 784 ex
3018 729 3210 785 vilibus
3255 733 3359 785 orti
3407 732 3620 788 rusticis
3649 746 3705 788 et

2118 819 2395 888 operariis,
2426 819 2562 874 hanc
2595 820 2818 890 ingrcssi
2844 820 3262 890 pllilOSOplliam,
3310 822 3444 878 adeo
3492 825 3703 879 cunctis

2117 911 2451 967 venerabiles
2482 911 2651 978 fuere,
2683 922 2740 967 ut
2768 928 2926 967 nemo
2966 928 3170 979 eorum,
3222 915 3309 983 qui
3355 916 3579 970 summis
3616 915 3702 971 di-

2116 1003 2403 1072 gnitatibus
2437 1004 2721 1076 fulgebant,
2740 1005 3077 1060 erubesceret
3107 1006 3370 1075 proficisci
3401 1006 3464 1060 ad
3490 1008 3699 1062 illorum

2118 1097 2402 1165 tugurium,
2435 1111 2497 1150 ac
2543 1096 2791 1166 colloquii
2839 1111 3025 1151 eorum
3074 1105 3128 1151 et
3178 1111 3379 1151 mensae
3422 1109 3700 1154 consortes

2113 1200 2262 1247 esse;
2314 1187 2439 1256 quin
2486 1186 2554 1239 ita
2601 1185 2776 1240 affecti
2821 1196 2996 1251 erant,
3044 1202 3104 1241 ac
3151 1188 3196 1242 si
3227 1187 3380 1242 bonis
3431 1189 3696 1255 maximis,

2115 1275 2257 1346 quod
2285 1292 2467 1330 verum
2495 1287 2629 1342 erat,
2659 1277 2807 1346 potiti
2849 1276 3074 1332 fuissent
3107 1294 3121 1332 :
3164 1277 3330 1332 multo
3360 1293 3489 1333 sane
3534 1280 3701 1349 magis

2118 1369 2166 1423 id
2201 1370 2416 1434 facient,
2449 1385 2568 1424 cum
2595 1369 2823 1424 viderint
2851 1353 3040 1424 illustri
3066 1385 3264 1439 genere
3290 1379 3486 1436 ortum,
3520 1371 3700 1441 splen.

2116 1461 2254 1517 didis
2279 1461 2636 1526 facultatibus,
2668 1470 2935 1531 tantaeque
2966 1463 3076 1530 spei
3099 1461 3378 1530 juvenem,
3409 1478 3468 1517 se
3493 1464 3558 1517 ad
3581 1479 3699 1519 eam

2114 1553 2362 1607 virtutem
2388 1553 2697 1607 contulisse.
2726 1552 2905 1623 Itaque
2920 1552 3060 1622 quod
3085 1560 3137 1606 tu
3157 1553 3489 1623 potissimum
3511 1571 3701 1626 quere-

2115 1645 2208 1708 ris,
2232 1660 2297 1699 ex
2327 1643 2407 1698 his
2428 1659 2548 1698 eum
2569 1643 2634 1698 ad
2654 1645 2739 1699 illa
2769 1644 3041 1706 transisse,
3075 1645 3174 1698 hoc
3200 1645 3439 1715 estquod
3470 1647 3701 1703 maxime

2117 1739 2262 1792 illum
2295 1737 2639 1806 spectabilem
2672 1735 2813 1799 facit,
2843 1752 3134 1806 omnesque
3158 1745 3214 1790 ut
3239 1737 3303 1790 ad
3335 1738 3479 1791 illtttn
3505 1739 3694 1793 oculos

2114 1839 2325 1886 vertant
2353 1829 2570 1895 inducit,
2603 1844 2706 1882 non
2737 1828 2889 1898 quasi
2919 1827 2984 1882 ad
3011 1827 3300 1895 hominem,
3331 1828 3426 1884 sed
3457 1831 3604 1899 quasi
3631 1830 3699 1885 ad

2115 1924 2381 1994 angelum.
2416 1923 2596 1993 Neque
2633 1921 2774 1977 enim
2805 1937 2924 1992 qua:
2970 1921 3035 1976 de
3078 1921 3198 1976 aliis
3246 1921 3452 1992 Opinari
3501 1923 3697 1988 solent,

2114 2015 2182 2071 de
2209 2015 2317 2070 filio
2348 2016 2439 2070 ιιιό
2463 2014 2896 2084 suspicabantur,
2923 2013 3062 2083 quod
3103 2014 3308 2068 scilicet
3352 2013 3569 2069 honoris
3616 2016 3698 2070 vel

2114 2109 2455 2178 pecuniarum
2483 2106 2751 2176 cupidine,
2781 2104 2860 2159 vel
2891 2104 3110 2174 insignis
3138 2118 3202 2159 ex
3231 2103 3416 2160 humili
3454 2106 3564 2160 fieri
3598 2121 3696 2160 cu-

2115 2203 2284 2286 piens,
2317 2198 2452 2253 hanc
2480 2198 2697 2266 elegerit
2721 2197 2858 2251 viam
2890 2213 2904 2250 :
2932 2196 3046 2250 hzec
3071 2196 3266 2264 quippe
3293 2195 3361 2251 de
3391 2197 3507 2250 algis
3531 2196 3696 2261 dicta,

2114 2295 2210 2349 etsi
2258 2293 2386 2348 falsa
2420 2302 2473 2346 et
2519 2292 2694 2360 iniqua
2741 2290 2866 2351 sint,
2902 2290 2952 2342 in
2999 2298 3125 2343 nato
3172 2297 3260 2343 tuo
3305 2305 3372 2343 ne
3411 2289 3698 2358 suSpit-ioui

2113 2386 2326 2457 quidem
2357 2387 2531 2439 locum
2559 2383 2688 2438 dare
2719 2391 2986 2453 poterunt.

2185 2477 2237 2532 9.
2281 2476 2553 2532 Christiani
2579 2484 2696 2528 tunc
2725 2474 2940 2528 maxime
2962 2474 3144 2543 ﬂorent
3172 2490 3285 2527 cum
3312 2485 3693 2544 Oppugnanttsr.

2113 2598 2184 2608 —
2211 2567 2355 2621 Neve
2397 2577 2550 2637 putes
2582 2566 2695 2619 haec
2732 2564 2852 2619 ideo
2891 2564 3200 2634 contingere
3224 2604 3239 2628 ,
3287 2565 3427 2634 quod
3457 2563 3694 2634 Impera-

2115 2669 2259 2713 tores
2306 2657 2444 2726 piam
2487 2656 2798 2725 religionem
2843 2656 3022 2708 coiant
3051 2671 3064 2708 :
3093 2655 3301 2708 etiamsi
3330 2647 3470 2709 enim
3525 2657 3694 2725 impe-

2114 2750 2252 2804 rium
2280 2748 2511 2812 decidat,
2533 2756 2584 2800 ct
2617 2747 2939 2814 imperantes
2962 2745 3013 2798 in
3035 2745 3399 2800 infidelitatem
3429 2746 3692 2810 labantur,

2115 2850 2238 2896 tunc
2269 2839 2376 2894 nati
2417 2840 2486 2893 tui
2517 2840 2737 2892 virtutes
2771 2838 3087 2891 illustriores
3118 2838 3364 2893 evadent.
3406 2839 3518 2893 Non
3549 2843 3693 2894 enim

2113 2933 2386 3004 gentilium
2428 2947 2576 2986 more
2614 2946 2699 2984 res
2749 2937 2945 2983 nostrae
2989 2945 3047 2984 se
3093 2929 3326 2995 habent,
3377 2947 3548 3002 neque
3590 2933 3695 2986 illm

2115 3025 2486 3093 imperantium
2518 3022 2706 3092 placita
2748 3030 3084 3091 sequuntur;
3131 3036 3314 3076 verum
3359 3023 3568 3092 propria
3598 3039 3694 3079 sua

2113 3118 2306 3170 virtute
2335 3115 2670 3180 consistunt,
2700 3123 2930 3181 tuncque
2961 3113 3188 3168 maxime
3217 3115 3546 3184 splendent,
3570 3133 3693 3170 cum

2113 3209 2344 3263 maxime
2379 3216 2800 3278 Oppugnantur:
2840 3205 3105 3274 siquidem
3155 3206 3310 3261 miles
3353 3208 3512 3262 etiam
3553 3210 3697 3277 pacis

2115 3312 2355 3371 tempore
2380 3310 2650 3370 spectatus
2686 3309 2801 3363 est,
2830 3309 2884 3355 at
2913 3301 3065 3370 longe
3092 3302 3380 3372 spectatior
3406 3302 3686 3372 ingruente

2115 3392 2277 3448 bello.
2351 3391 2534 3461 Itaque
2587 3390 2876 3460 gentilibus
2929 3390 3312 3462 imperantibus
3356 3392 3542 3460 majori
3592 3392 3695 3448 erit

2115 3484 2317 3539 honore
2345 3483 2542 3538 clarus.
2590 3483 2722 3538 Nam
2753 3485 2843 3552 qui
2872 3482 3034 3538 filium
3065 3491 3210 3536 tuum
3253 3499 3393 3538 nunc
3425 3500 3690 3538 veneran-

2117 3585 2218 3636 tur.
2252 3575 2418 3630 multo
2455 3575 2685 3644 amplius
2715 3573 2765 3627 id
2805 3573 2999 3627 facient
3025 3589 3144 3627 cum
3178 3575 3508 3642 przeliantem
3537 3577 3688 3631 vide-

2113 3667 2237 3731 rint,
2267 3667 2454 3734 majori
2483 3673 2718 3730 utentem
2761 3663 2981 3725 fiducia,
3014 3663 3379 3734 plurimasque
3409 3681 3522 3719 rem
3550 3681 3694 3735 prai-

2114 3759 2256 3813 elare
2282 3757 2496 3828 gerendi
2531 3755 2838 3810 occasiones
2862 3753 3168 3809 habentem.
3209 3753 3372 3810 Visne
3401 3755 3488 3808 illa
3508 3757 3694 3820 etiam,

2114 3866 2232 3921 qua:
2254 3849 2320 3905 ad
2345 3858 2395 3902 te
2422 3855 2685 3917 spectant,
2718 3845 3082 3915 expendamus
3103 3887 3119 3911 ,
3161 3860 3227 3898 an
3257 3861 3383 3900 vero
3415 3845 3466 3900 id
3496 3861 3690 3916 super-

2113 3942 2280 3997 ﬂuum
2320 3941 2599 3996 videatur?
2643 3939 2691 3992 ls
2719 3938 2859 3992 enim
2888 3937 2975 4006 qui
3021 3936 3231 3992 ozeteris
3274 3937 3344 3991 ita
3384 3948 3696 3994 mansuetus

2113 4045 2168 4091 et
2212 4035 2356 4088 mitis
2398 4041 2519 4097 est,
2569 4042 2626 4086 ut
2671 4031 2903 4101 querela:
2950 4045 3136 4083 ansam
3184 4030 3382 4084 nemini
3432 4031 3688 4100 prmbcat,

2114 4127 2283 4181 multo
2311 4125 2479 4194 magis
2509 4132 2711 4193 patrem
2742 4136 2952 4175 summo
2991 4119 3208 4174 habebit
3237 4120 3288 4174 in
3317 4121 3540 4186 honore,
3573 4121 3693 4176 lon-

2112 4233 2284 4288 geque
2312 4216 2538 4285 amplius
2562 4213 2793 4273 fovebit.
2836 4229 2993 4281 quam
3039 4212 3083 4267 si
3132 4212 3182 4266 in
3228 4211 3468 4266 smculari
3514 4212 3697 4266 fuisset

2115 4309 2444 4378 magistratu.
2495 4306 2625 4360 Nam
2669 4307 2712 4359 si
2760 4320 3008 4375 magnum
3051 4304 3327 4374 imperium
3360 4305 3694 4369 obtinuisset,

2111 4402 2374 4456 incertum
2401 4409 2481 4454 est
2512 4414 2577 4452 an
2609 4407 2810 4466 patrem
2851 4397 3174 4464 contemptui
3213 4395 3491 4450 habiturus
3511 4411 3648 4453 esset
3677 4417 3691 4453 :

2115 4507 2259 4548 nunc
2297 4506 2424 4546 vero
2471 4505 2588 4543 eam
2630 4489 2792 4557 elegit
2840 4489 2999 4541 vitam
3025 4529 3040 4552 ,
3085 4503 3187 4557 qua
3221 4487 3543 4556 lmperatorc
3583 4490 3698 4558 ινδ)

2116 4584 2347 4646 clarior,
2391 4581 2628 4636 omnium
2658 4579 2989 4634 humillimus
3018 4595 3140 4645 erga
3170 4587 3221 4633 te
3251 4579 3374 4633 erit.
3417 4577 3693 4650 Siquidem

2117 4673 2418 4744 huiusmodi
2462 4672 2600 4742 apud
2635 4686 2731 4724 nos
2759 4671 2962 4725 obtinet
3001 4670 3354 4740 ρΙιίΙοεορΙιὶςι,
3388 4681 3546 4735 utea,
3578 4688 3645 4740 qn
3666 4689 3695 4726 υ

2117 4765 2387 4820 contraria
2417 4772 2674 4833 apparent
2698 4805 2712 4827 ,
2765 4777 2955 4830 nempe
2995 4763 3308 4816 modestiam
3337 4771 3391 4816 et
3419 4762 3694 4830 celsitudi-

2120 4874 2239 4912 nem
2266 4899 2281 4921 ,
2309 4857 2359 4909 in
2391 4871 2549 4910 unam
2575 4854 2805 4908 animam
2845 4863 3018 4923 cogat.
3067 4855 3125 4908 Et
3151 4853 3364 4922 quidem
3393 4854 3444 4908 in
3476 4854 3693 4920 sreculo,

2122 4958 2305 5018 utpote
2354 4948 2698 5014 pecuniarum
2741 4946 3000 5015 cupidus,
3051 4956 3196 4998 tuum
3246 4945 3424 5000 forsan
3463 4951 3699 5014 cptaSSct

2120 5039 2320 5094 obitum
2347 5053 2362 5099 ς
2391 5053 2528 5120 nunc
2557 5047 2734 5090 autem
2769 5046 2824 5089 ut
2851 5051 3006 5105 quam
3036 5035 3345 5106 longissima
3377 5035 3469 5089 tibi
3505 5049 3696 5106 proru-

2118 5145 2271 5201 getur
2301 5131 2402 5183 vita
2435 5139 2702 5198 precatur,
2735 5137 2792 5183 ut
2819 5145 2883 5182 ex
2911 5128 3009 5182 huc
3037 5128 3198 5184 etiam
3225 5129 3436 5183 coronis
3463 5129 3700 5183 clariori-

2121 5223 2220 5276 bus
2250 5221 2495 5274 donetur.
2529 5219 2643 5274 Non
2680 5220 2820 5273 enim
2849 5220 3039 5288 exigua
3081 5234 3288 5274 merces
3316 5219 3470 5274 nobis
3499 5235 3696 5288 propo-

2121 5315 2222 5396 sita
2252 5323 2367 5374 est,
2415 5312 2458 5366 si
2513 5321 2756 5381 parentes
2801 5311 3275 5370 honoraverimus;
3325 5310 3417 5364 sed
3453 5310 3700 5379 jubemur

2120 5421 2216 5460 eos
2257 5419 2352 5474 pro
2399 5403 2630 5459 dominis
2669 5403 2868 5457 nostris
2916 5411 3166 5468 reputare
3191 5443 3204 5464 .
3252 5401 3420 5456 verbo
3448 5411 3500 5458 ct
3535 5415 3698 5470 opere

2119 5495 2318 5559 coiere,
2354 5502 2477 5549 dum
2501 5503 2675 5549 tamen
2704 5493 2754 5546 in
2783 5494 2926 5545 nullo
2962 5493 3128 5561 pictas
3156 5501 3208 5546 et
3239 5491 3424 5562 religio
3456 5491 3690 5546 lzedatur.

2122 5589 2256 5658 Quid
2285 5589 2425 5640 enim
2455 5587 2558 5640 tale
2579 5626 2594 5649 ,
2635 5597 2687 5638 ut
2719 5585 2910 5638 dicitur
2931 5627 2944 5649 ,
2997 5584 3123 5654 ipsis
3153 5583 3341 5638 reddes
3363 5625 3378 5643 ,
3422 5585 3574 5652 quale
3599 5581 3694 5650 ipsi

2127 5676 2259 5733 ubi?
2285 5676 2576 5734 Considera
2619 5676 2774 5746 igitur
2798 5716 2811 5742 ,
2858 5691 2979 5731 eum
3021 5674 3109 5746 qui
3139 5673 3190 5729 in
3216 5674 3422 5729 exteris
3449 5669 3697 5728 omnibus
