4124 6144
437 404 549 463 διε
1196 400 1256 454 s.
1291 395 1573 453 10“le
1610 395 2107 452 cumsusmm
2143 395 2466 454 ARCHIEP.
2502 401 3045 460 CONSTANTINOP.
3753 403 3853 461 me

424 517 734 590 κιμώτερος
832 515 926 569 νῦν
961 516 1055 567 καὶ
1082 512 1455 584 εὐπορώτερος
1486 513 1579 566 καὶ
1605 510 1972 586 δυνατώτερος
2004 514 2099 565 καὶ

424 611 893 684 ὲλευθεριώτερος,
927 610 1019 663 καὶ
1042 608 1241 679 μᾶλλόν
1275 625 1368 661 σου
1396 607 1631 678 δοῦλοςῆ
1660 607 1927 679 πρότερον
1956 607 2092 677 μετά

422 709 523 782 τῆς
555 706 823 777 τοσαύτης
854 703 1224 777 μεγαλονοίας,
1256 704 1402 768 τίνος
1428 703 1634 766 ἐνεκεν,
1666 700 1789 756 εἰπέ
1821 719 1932 773 μοι,
1962 702 2094 773 θρη-

424 809 564 871 νεῖς
594 808 678 860 ὅτι
708 805 829 859 καθ’
863 804 1102 874 ἑκάστην
1128 802 1189 856 οὐ
1220 803 1445 875 τρέμεις
1476 802 1574 874 τὴν
1597 802 1830 874 ἡμέραν,
1864 802 1937 873 μή
1964 818 2094 871 ποτε

423 906 482 959 ἐν
517 902 736 975 πολέμῳ
761 900 921 974 πέσῃ,
949 902 1025 974 μή
1061 917 1191 954 ποτε
1216 900 1565 973 προσκρούσῃ
1595 898 1821 971 βασιλεῖ,
1854 900 1928 970 μή
1964 912 2095 952 ποτε

427 1002 698 1074 βασκανία
725 1001 834 1055 τῶν
861 999 1374 1073 συστρατευομένων
1400 999 1540 1070 amp;
1573 998 1607 1069 ἢ
1632 996 1752 1068 οὐχὶ
1778 997 1872 1050 καὶ
1899 993 2093 1056 ταῦτα,

424 1100 520 1154 καὶ
545 1097 750 1154 τούτων
781 1096 1002 1151 πλείονα
1029 1094 1300 1149 δεδοίκασι
1327 1094 1437 1147 τῶν
1460 1091 1891 1164 εὐδοκιμούντων
1910 1092 1958 1145 οἱ
1989 1106 2094 1144 πα-

421 1196 612 1268 τέρες;
659 1191 773 1267 [72]
807 1192 1074 1264 Καθάπερ
1115 1191 1226 1263 γὰρ
1267 1194 1317 1245 οἱ
1354 1191 1567 1246 παιδίον
1599 1192 1684 1261 ἐφ’
1716 1189 1921 1261 ὑψηλοῦ
1951 1205 2096 1254 τινος

426 1294 727 1363 στήσαντες
764 1290 934 1344 τόπου
977 1288 1203 1359 τρέμειν
1243 1287 1643 1356 ἀναγκάζονται
1678 1286 1753 1359 μὴ
1788 1284 2095 1357 καταπέσῃ,

422 1388 569 1443 οὕτω
611 1387 708 1443 καὶ
748 1389 799 1441 οἱ
829 1386 966 1459 πρὸς
991 1383 1234 1457 μεγάλην
1262 1384 1436 1455 ἀρχὴν
1457 1384 1752 1452 ἀνάγοντες
1786 1384 1913 1446 τοὺς
1938 1384 2094 1446 υἱεῖς.

436 1486 578 1541 Ἀλλ’
599 1485 714 1557 ἔχει
738 1483 862 1538 τινὰ
891 1481 1087 1555 ἡδονὴν
1113 1482 1147 1552 ἠ
1183 1479 1350 1552 ζώνη,
1380 1480 1473 1534 καὶ
1496 1482 1528 1550 ἡ
1551 1480 1785 1551 χλαμὺς,
1820 1481 1916 1534 καὶ
1944 1481 1979 1551 ἡ
2001 1477 2096 1533 τοῦ

352 1624 357 1630 .
424 1586 667 1656 κήρυκος
694 1581 868 1652 φωνή.
911 1580 1022 1633 Καὶ
1052 1577 1213 1650 μέχρι
1255 1577 1438 1631 πόσων
1472 1577 1700 1648 ἡμερῶν
1736 1575 1931 1642 ταῦτα,
1976 1576 2097 1631 εἰπέ

429 1696 551 1752 μοις
583 1677 745 1750 μέχρι
764 1675 1078 1748 τριάκοντα,
1105 1673 1199 1727 καὶ
1221 1673 1433 1736 ἑκατὸν,
1459 1671 1554 1725 καὶ
1576 1671 1658 1736 δὶς
1678 1669 1962 1739 τοσοῦτον;
1987 1671 2098 1724 Καὶ

423 1774 478 1829 τί
500 1774 639 1848 μετά
666 1773 868 1839 ταῦτα;
901 1772 999 1841 οὐχ
1022 1768 1211 1840 ὥσπερ
1241 1767 1404 1840 δναρ;
1425 1767 1523 1838 οὐχ
1557 1765 1747 1838 ὥσπερ
1779 1763 1976 1837 μῦθος;
1998 1765 2097 1837 οὐχ

423 1871 611 1945 ὥσπερ
642 1869 769 1925 σκιά
809 1868 984 1924 πάντα
1010 1864 1224 1938 διῆλθεν
1258 1865 1477 1931 ἐκείνας
1522 1862 1640 1917 Νῦν
1672 1863 1729 1918 δέ
1757 1862 1904 1934 αὐτῷ
1936 1863 2097 1935 μέχρι

422 1969 612 2033 τέλους
638 1966 710 2021 τὰ
745 1965 844 2037 τῆς
868 1964 1056 2036 τιμῆς,
1086 1963 1289 2035 μᾶλλον
1321 1962 1379 2016 δέ
1405 1961 1500 2017 καὶ
1534 1959 1676 2032 μετά
1692 1958 1790 2032 τὴν
1816 1959 2095 2033 τελευτὴν,

422 2066 523 2122 καὶ
555 2063 736 2137 πολλῷ
768 2062 929 2116 πλέον
954 2063 1101 2126 τότε,
1131 2062 1226 2115 καὶ
1254 2060 1457 2132 ταύτην
1481 2060 1643 2114 αὐτὸν
1666 2059 1841 2125 οὐδεὶς
1862 2059 2099 2132 ἀφαιρή-

424 2179 581 2218 σεται
602 2160 702 2232 τὴν
726 2157 922 2231 ἀρχὴν,
957 2156 1053 2213 ἆτε
1074 2158 1173 2229 οὐχ
1198 2156 1304 2212 ὑπὸ
1324 2156 1421 2211 ἀνθ
1432 2156 1648 2229 ρώπων,
1671 2156 1786 2213 ἀλλ’
1810 2157 1901 2212 ὐπ’
1928 2156 2099 2227 αὐτῆς

421 2256 870 2333 χειροτονηθέντα
915 2256 1012 2327 τῆς
1069 2254 1291 2327 ἀρετῆς.
1350 2252 1493 2308 Ἀλλ’
1542 2252 1764 2309 ἐϐούλου
1834 2252 2097 2323 πολυτελῆ

422 2358 697 2430 φοροῦντα
732 2354 947 2427 ἱμάτια,
994 2352 1091 2407 καὶ
1133 2353 1219 2423 ἐφ’
1254 2352 1423 2405 ἵππου
1470 2351 1771 2424 φερόμενον
1802 2353 1956 2425 ὁρᾷν,
2003 2352 2099 2406 καὶ

421 2455 631 2533 πλῆθος
651 2453 842 2525 ἔχοντα
865 2450 1115 2516 οίκετῶν,
1128 2450 1223 2505 καὶ
1243 2450 1579 2521 παρασίτους
1598 2449 1867 2523 τρέφοντα
1889 2452 1982 2505 καὶ
2006 2451 2100 2505 κό-

422 2552 616 2616 λακας.
639 2551 798 2615 Τίνος
828 2549 1013 2604 ἕνεκεν
1038 2546 1213 2602 ταῦτα
1240 2546 1464 2619 ἡθελες;
1498 2549 1594 2618 οὐχ
1614 2549 1807 2619 ἡδονὴν
1832 2547 1980 2618 αὐτῷ
2009 2548 2098 2603 διά

423 2650 631 2705 τούτων
652 2649 909 2704 ἀπάντων
936 2645 1394 2711 κατασκευάζωνς
1431 2648 1528 2700 Ἂν
1552 2643 1647 2701 οὖν
1667 2648 1907 2720 ἀκούσῃς
1933 2648 2096 2702 αὐτοῦ
2142 2693 2154 2707 .

423 2748 675 2817 λέγοντος
710 2746 862 2817 (ἡμῖν
892 2744 1002 2815 γὰρ
1041 2744 1170 2807 ἴσως
1210 2743 1273 2795 οὐ
1317 2743 1528 2815 πείσῃ),
1562 2746 1644 2798 ὅτι
1685 2745 1795 2797 τῶν
1829 2746 1887 2799 ἐν
1918 2747 2096 2818 τρυφῇ

425 2850 645 2915 ζώντων
682 2848 776 2903 καὶ
804 2845 1082 2918 πορνείαις
1119 2844 1214 2899 καὶ
1249 2847 1479 2916 μουσικῇ
1510 2846 1606 2898 καὶ
1644 2845 1965 2917 παρασίτοις
2003 2846 2099 2900 καὶ

423 2950 615 3017 κόλαξι
660 2949 757 3002 καὶ
789 2949 854 3019 τῇ
891 2947 1024 3017 ἀλλῃ
1058 2944 1305 3015 βλακείᾳ,
1335 2943 1578 3016 τοσούτῳ
1620 2945 1713 2999 τὸν
1746 2944 1860 3015 βίον
1887 2947 2098 3017 ἡγεῖται

423 3047 614 3102 τοῦτον
645 3044 803 3116 ἡδίω,
832 3043 908 3107 ὡς
938 3042 1153 3096 ἑλέσθαι
1187 3041 1417 3112 μυρίους
1454 3041 1716 3105 θανάτους
1743 3040 2024 3107 πολλάκις,
2050 3046 2102 3098 εἴ

423 3160 510 3208 τις
542 3140 815 3197 κελεύοιτο
853 3137 1057 3211 ταύτην
1094 3138 1192 3210 τὴν
1236 3136 1430 3209 ἡδονὴν
1470 3137 1678 3207 ἀφέντα
1717 3137 1853 3208 πρὸς
1886 3139 2100 3210 ἐκείνην

430 3237 841 3310 μεταπηδῆσαι,
878 3235 931 3289 τί
975 3234 1109 3306 πρὸς
1145 3234 1318 3289 ταῦτα
1355 3236 1530 3305 ἑρεῖς;
1571 3235 1686 3288 Οὐκ
1726 3230 1873 3298 οἶδας
1904 3236 2035 3306 ὅσην
2071 3236 2101 3288 ὀ

426 3337 738 3410 ἀπράγμων
763 3334 875 3406 βίος
899 3332 1010 3404 ἔχει
1034 3332 1131 3404 τὴν
1156 3333 1382 3404 ἡδονήν;
1408 3331 1550 3403 τάχα
1572 3331 1690 3384 οὐδὲ
1713 3331 1870 3395 ἄλλος
1891 3333 1986 3386 ἀνθ
1997 3332 2100 3403 ρώ-

426 3450 546 3487 πων
575 3431 771 3495 οὐδεὶς,
807 3430 902 3484 ἅτε
943 3428 1169 3500 μηδέπω
1197 3427 1398 3499 ταύτης
1447 3427 1783 3498 γευσάμενος
1820 3426 2095 3499 καθαρῶς.

430 3531 599 3585 Ὅταν
636 3527 694 3580 δὲ
734 3525 828 3579 καὶ
864 3525 1184 3597 λαμπρότης
1222 3527 1419 3597 προσῇ,
1457 3524 1550 3578 καλ⁸
1577 3523 1644 3578 τὰ
1679 3522 1886 3595 ἄμικτα
1926 3523 2099 3578 ταῦτα

431 3624 597 3682 πάλιν
629 3620 959 3693 συνέρχηται
989 3631 1030 3687 ⁸,
1066 3620 1336 3692 ἀσφάλειά
1362 3638 1422 3674 τε
1468 3621 1563 3674 καὶ
1612 3619 1996 3689 εὐδοκίμησις,
2048 3618 2099 3672 τί

424 3721 632 3793 ταύτης
659 3719 863 3791 βέλτιον
891 3720 1087 3790 γένοιτ’
1116 3718 1308 3790 ἀν’τῆς
1333 3717 1511 3790 ζωῆς;
1546 3717 1707 3771 Ἀλλὰ
1728 3718 1780 3770 τί
1810 3734 1899 3787 μοι
1926 3713 2098 3769 ταῦτα

426 3813 672 3888 διαλέγῃ,
707 3813 860 3886 φησὶ,
883 3814 1072 3888 πόρρω
1096 3814 1413 3885 φιλοσοφίας
1437 3814 1661 3880 ἐστᾶηι;
1691 3813 1755 3867 Τί
1780 3808 1872 3867 οὖν
1895 3813 2098 3867 καὶτὸν

428 3910 543 3965 υἱὸν
579 3908 811 3975 κωλύεις
850 3910 1102 3980 γενέσθαι
1129 3910 1334 3982 ταύτης
1371 3910 1568 3980 ἐγγύς;
1609 3912 1770 3982 ἀρκεῖ
1807 3910 1967 3982 μέχρι
2003 3908 2098 3963 σοῦ

430 4007 712 4079 στῆναιτά
733 4008 832 4080 τῆς
862 4007 1086 4079 ζημίας.
1118 4009 1230 4079 Οὐχ
1260 4009 1365 4079 ἡγῇ
1403 4007 1666 4080 μεγίστην
1699 4004 1839 4062 εἶναι
1871 4006 2096 4077 ζημίαν,

427 4102 559 4156 ὅταν
589 4103 724 4176 πρὸς
753 4103 980 4175 ἔσχατον
1008 4104 1187 4175 γῆρας
1214 4104 1526 4171 ἐλάσαντες,
1557 4103 1652 4158 ἆτε
1679 4103 1843 4174 μηδὲν
1870 4104 1965 4156 ἐπὶ
2001 4105 2100 4174 τῆς

428 4198 656 4273 πρώτης
691 4198 911 4270 ἡλικίας
944 4199 1370 4271 καρπωσάμενοι
1410 4200 1676 4273 χρηστὸν,
1711 4200 2100 4272 δυσχεραίνητε

430 4298 567 4370 πρὸς
595 4297 656 4350 τὸ
684 4298 895 4369 γῆρας;
933 4299 1044 4351 Καὶ
1080 4297 1185 4371 μὴν
1212 4298 1301 4353 διά
1328 4298 1507 4365 τοῦτο,
1537 4299 1722 4370 φησιν,
1745 4298 1879 4352 αὐτὸ
1909 4298 2102 4369 δυσχε-

433 4392 713 4465 ραίνομεν,
741 4394 824 4449 δτι
854 4395 1065 4467 μεγάλα
1082 4397 1229 4469 ἡμᾶς
1249 4395 1457 4469 ὤνησεν
1479 4398 1511 4469 ὴ
1538 4397 1746 4467 νεότης.
1774 4398 1908 4450 Ποῖα
1935 4396 2103 4467 μεγά-

429 4486 526 4555 λα;
550 4487 720 4555 δεῖξον
746 4488 939 4562 ἔχοντα
965 4491 1058 4546 τὸν
1076 4493 1305 4564 γέροντα
1332 4494 1401 4548 τὰ
1436 4492 1646 4564 μεγάλα
1679 4495 1879 4546 ἐκεῖνα·
1911 4494 1960 4545 εἰ
1993 4491 2102 4562 γὰρ

431 4578 577 4656 εἶχεν
600 4585 758 4652 αὐτὰ,
795 4588 890 4641 καὶ
914 4606 979 4659 με
989 4590 1211 4660 μενήκει
1239 4587 1460 4660 διαρκῆ,
1484 4587 1583 4641 οὐκ
1610 4587 1675 4641 ἂν
1700 4586 1775 4650 ὡς
1801 4584 1897 4658 ἔρη
1908 4602 2005 4655 μος
2029 4584 2103 4639 ὣν

435 4681 689 4735 ἁπάντων
713 4682 916 4737 τούτων
945 4682 1117 4747 οῦτως
1141 4683 1395 4755 ὠδύρετοο
1428 4686 1475 4736 εί
1502 4683 1560 4736 δὲ
1591 4682 1810 4754 ἀπέπτη
1838 4681 1932 4734 καὶ
1965 4681 2103 4750 ἐμα-

434 4774 628 4846 ράνθη,
656 4779 784 4829 ποῖα
817 4778 1029 4847 μεγάλα
1053 4776 1123 4831 τά
1146 4777 1290 4831 οὕτω
1317 4779 1526 4849 ταχέως
1557 4777 1923 4849 σϐεννύμενας
1962 4775 2104 4828 Ἀλλ’

432 4871 533 4940 οὐχ
559 4871 587 4922 ὁ
618 4872 749 4934 παῖς
778 4870 937 4926 τοῦτο
964 4872 1209 4926 πείσεται
1242 4874 1272 4925 ὁ
1302 4874 1413 4936 σὸς,
1450 4875 1563 4927 ἀλλ’
1592 4873 1801 4927 εἴποτε
1823 4875 1901 4936 είς
1927 4873 2105 4944 γῆρας

433 4963 579 5018 ἔλθοι
612 4966 844 5038 μακρὸν,
873 4969 975 5021 οὐκ
997 4968 1119 5038 δψει
1140 4966 1313 5021 ταῦτα
1341 4968 1819 5024 ἀποδυσπετοῦντα
1844 4970 1987 5042 ἆπερ
2012 4970 2105 5024 καὶ

436 5058 619 5128 ὑμεῖς,
647 5059 784 5115 ἀλλά
816 5062 1077 5134 χαίροντα
1111 5064 1207 5117 καὶ
1227 5062 1563 5134 γαννύμενον
1592 5066 1687 5118 καὶ
1718 5066 2102 5137 ἀγαλλόμενονσ

434 5155 504 5209 τά
526 5153 635 5226 γὰρ
663 5155 847 5225 ἀγαθὰ
871 5157 1021 5229 αὐτῷ
1044 5158 1167 5212 τότε
1192 5157 1429 5229 ἀκμάζει
1460 5158 1681 5228 μᾶλλον.
1714 5161 1772 5213 '0
1795 5160 1853 5213 δέ
1881 5159 2106 5225 πλοῦτος

434 5258 466 5311 ὁ
502 5255 788 5331 ὑμέτερος,
828 5258 931 5315 κᾶν
965 5261 1133 5333 μυρία
1184 5260 1365 5330 ἀγαθὰ
1391 5260 1728 5331 κεκτημένος
1773 5255 1829 5332 ᾖ,
1873 5261 1966 5313 ἐπὶ
2006 5260 2106 5331 τῆς

436 5352 661 5426 πρώτης
698 5355 838 5410 αὐτά
870 5356 1209 5413 συνέστειλεν
1243 5356 1480 5429 ἡλικίας·
1505 5351 1657 5419 οὗτος
1692 5356 1749 5410 δέ
1775 5356 1872 5427 οὐχ
1910 5354 2104 5422 οὕτως,

436 5448 573 5504 ἀλλά
604 5449 753 5521 μένει
770 5451 864 5505 καὶ
888 5453 947 5504 ἐν
976 5452 1123 5523 γήρᾳ
1142 5453 1237 5507 καὶ
1258 5451 1397 5523 μετά
1423 5452 1523 5523 τὴν
1550 5451 1806 5522 τελευτὴν
1829 5451 2105 5521 συναπέρ-

437 5568 611 5620 χεται.
641 5551 740 5605 Διά
784 5551 954 5605 ταῦτα
985 5553 1141 5624 ὑμεῖς
1172 5554 1271 5624 μὲν
1302 5551 1398 5625 τὴν
1428 5552 1615 5608 οὐσίαν
1649 5553 1775 5625 ὑμῖν
1802 5551 2104 5622 αὐξανομέ-

438 5662 535 5715 νην
562 5648 795 5717 δρῶντες
814 5652 872 5705 ὲν
896 5651 1064 5722 γήρᾳ,
1091 5652 1184 5704 καὶ
1208 5650 1408 5715 πολλὰς
1435 5652 1528 5705 καὶ
1549 5650 1706 5723 δόξης
1733 5649 1825 5703 καὶ
1848 5650 2056 5720 τρυφῇς
2075 5646 2104 5687 ιι

499 5819 523 5893 ξ
546 5819 791 5893 ριιολῐηςθ.
815 5830 956 5876 πάλιν
974 5830 1316 5893 προσέρχηται.

500 5879 530 5918 δ
559 5884 640 5950 Sig
661 5886 820 5950 Sam,
852 5897 906 5936 et
941 5879 1266 5939 om'ues'ﬁ'aés.
1313 5892 1484 5941 Morel.
1524 5904 1643 5940 vero
1663 5891 1783 5940 ἀλλὰ
1804 5890 1929 5950 μένει
1952 5882 2032 5931 καὶ
2057 5881 2103 5928 ὲν

442 5941 583 6014 τήῃὶ
602 5946 693 6014 Καὶ
714 5948 844 6012 ’ἔμ’-ῖς
878 5951 960 6012 μὲν
987 5952 1163 6009 πολλὰς
1189 5954 1266 6000 καὶ
1293 5955 1426 6012 δόξης
1455 5954 1535 6002 καί
1565 5959 1757 6018 τρυφῆς,
1790 5941 1957 5999 inultis
1980 5956 2103 6019 prii:-

2206 512 2491 579 ύποθέσεις
2528 516 2763 589 ἔχοντες,
2791 516 3182 590 ἐπηρεάζεσθε,
3215 516 3310 572 ἆτε
3337 516 3439 571 οὐκ
3472 517 3738 589 ἀρκούσης
3760 520 3855 590 τῆς

2206 607 2421 678 ἡλικίας
2449 611 2584 682 πρὸς
2608 612 2705 685 τὴν
2725 614 3044 668 ἀπόλαυσιν·
3075 610 3166 666 διὰ
3190 610 3349 664 τοῦτο
3372 611 3466 664 καὶ
3495 611 3629 683 πρὸς
3659 612 3752 682 τὴν
3770 631 3853 668 τε.

2200 703 2393 776 λευτὴν
2427 706 2700 777 φρίττετε,
2748 708 2844 762 καὶ
2873 707 3091 762 πάντων
3135 705 3526 777 ἐλεεινοτέρους
3558 700 3696 760 εἶναί
3728 725 3856 774 φατε

2201 806 2321 858 τότε
2359 805 2622 876 μάλιστα,
2656 808 2784 863 ὅταν
2826 808 3168 880 εὐδοκιμῆτε.
3222 806 3457 870 Ἐκεῖνος
3500 806 3555 860 δέ
3586 805 3706 859 τότε
3736 808 3856 863 ἀνα-

2200 902 2466 957 παύσεται
2494 904 2749 975 μάλιστα,
2776 905 2905 959 ὅταν
2926 905 3165 979 γηράσῃ.
3193 903 3289 958 an
3319 904 3399 965 είς
3424 902 3619 971 λιμένα
3648 904 3854 972 ἐπειγό-

2206 1013 2363 1068 μενος
2395 999 2590 1063 ἐλθεῖν,
2612 1001 2706 1054 καὶ
2737 1000 2967 1071 νεότητα
2994 999 3091 1069 μὲν
3119 998 3256 1068 ἔχων
3280 995 3396 1071 [75]
3428 996 3513 1050 ἀεὶ
3541 1008 3562 1035 ε
3589 996 3857 1067 ἀκμάζου-

2204 1109 2324 1155 σαν,
2358 1094 2438 1156 είς
2457 1092 2632 1165 γῆρας
2669 1093 2726 1146 δὲ
2757 1092 3015 1146 οὐδέποτε
3051 1091 3399 1161 ἐπείγουσαν.
3433 1091 3505 1143 Σύ
3528 1089 3584 1143 δέ
3621 1091 3857 1162 τοιαύτην

2202 1189 2412 1261 τρυφὴν
2443 1190 2535 1245 τὸν
2564 1191 2678 1245 υίὺν
2722 1189 2943 1244 ἐϐούλου
2983 1189 3216 1261 τρυφᾷν,
3250 1187 3319 1241 δι’
3366 1188 3433 1260 ἢν
3487 1186 3555 1241 ἂν
3582 1189 3858 1269 μετενόησε

2208 1285 2487 1357 μυριάκις,
2518 1287 2613 1339 καὶ
2658 1286 2895 1357 ἤλγησεν
2949 1286 3007 1338 ὲν
3036 1286 3184 1357 γήρᾳ.
3230 1283 3545 1355 γενόμενος.
3598 1284 3750 1339 Ἀλλὰ
3790 1285 3859 1356 μὴ

2204 1381 2413 1449 γένοιτο
2471 1381 2605 1453 μηδὲ
2630 1383 2756 1446 τοὺς
2777 1380 3004 1453 ἐχθροὺς
3027 1382 3153 1444 τούς
3181 1380 3480 1453 ὑμετέρους
3511 1381 3730 1435 τοιαῦτα
3749 1398 3863 1452 τρυ-

2206 1474 2375 1546 φῆσαι
2408 1493 2562 1533 ποτε.
2601 1478 2712 1531 Καὶ
2737 1477 2791 1531 τί
2824 1476 2969 1546 λέγω
2990 1476 3051 1531 τὸ
3079 1477 3289 1548 γῆρας;
3315 1476 3375 1529 ἐν
3406 1476 3521 1546 γὰρ
3554 1477 3729 1548 ἡμέρα
3774 1479 3862 1548 μιᾷ

2206 1571 2489 1627 σϐέννυται
2503 1572 2573 1627 τὰ
2589 1573 2686 1643 τῆς
2705 1573 2899 1644 ἡδονῆς
2922 1572 3157 1643 ἐκείνης’
3180 1572 3380 1643 μᾶλλον
3398 1570 3456 1626 δὲ
3470 1571 3575 1624 οὐκ
3597 1573 3651 1626 ἐν
3671 1571 3860 1643 ἡμέρα,

2204 1666 2325 1719 οὐδὲ
2351 1668 2410 1721 ἐν
2434 1666 2575 1737 ὥρᾳ,
2605 1667 2742 1722 ἀλλά
2778 1668 2871 1723 καὶ
2902 1668 2960 1721 ἐν
2985 1670 3157 1741 μικρᾷ
3186 1669 3282 1722 καὶ
3309 1667 3582 1740 ἀκαριαίᾳ
3617 1669 3770 1739 ῥοπῇ.
3803 1668 3861 1721 Τί

2205 1760 2314 1831 γάρ
2343 1762 2488 1815 ἐστιν
2519 1762 2713 1833 ὴδονή;
2748 1763 2810 1817 οὐ
2852 1762 2915 1818 τὸ
2952 1762 3361 1834 γαστρίζεσθαι,
3394 1763 3497 1815 καὶ
3530 1762 3863 1833 συϐαριτικάς

2208 1855 2609 1928 παρατίθεσθαι
2632 1858 2933 1929 τραπέζας,
2967 1858 3061 1913 καὶ
3087 1858 3335 1927 γυναιξὶν
3355 1856 3596 1929 ώραίαις
3627 1856 3863 1925 συγγίνε-

2208 1950 2330 2005 σθαι
2394 1950 2645 2023 καθάπερ
2706 1953 2860 2018 τινας
2913 1952 3132 2024 χοίρους
3182 1953 3241 2007 ἐν
3295 1950 3554 2024 βορϐόρῳ
3605 1949 3864 2005 κυλινδου-

2210 2047 2406 2117 μένους
2422 2064 2435 2111 ;

2281 2158 2330 2205 ι’.
2368 2150 2529 2205 Ἀλλά
2555 2150 2662 2224 γάρ
2700 2151 2866 2223 μήπω
2897 2149 3074 2205 τοῦτο·
3097 2151 3193 2223 τὴν
3224 2151 3282 2205 δὲ
3315 2151 3518 2224 ἡδονὴν
3542 2151 3864 2224 ἐξετάσωμεν

2205 2251 2363 2316 τέως,
2386 2252 2435 2304 εί
2464 2248 2538 2322 μὴ
2562 2248 2747 2321 ψυχρά
2774 2249 2858 2313 τίς
2896 2251 3011 2303 ἐστι
3040 2250 3135 2303 καὶ
3172 2248 3396 2321 εὐτελὴς
3415 2289 3430 2314 ,
3468 2250 3569 2303 καὶ
3601 2252 3647 2304 εί
3682 2249 3862 2321 βούλει,

2207 2346 2428 2419 πρώτην
2443 2344 2471 2385 ἀ
2496 2345 2591 2417 τὴν
2620 2346 2752 2417 ἡδίω
2773 2345 3032 2399 δοκοῦσαν
3060 2341 3197 2400 εἶναι
3219 2346 3317 2417 τὴν
3337 2347 3436 2417 τῆς
3450 2349 3686 2420 τρυφῆς.
3703 2348 3866 2413 Δεῖξον

2205 2435 2299 2494 οὖν
2323 2457 2412 2511 μοι
2423 2440 2512 2493 τὸν
2527 2441 2730 2510 ταύτης
2744 2439 2953 2511 καιρὸν,
2972 2439 3065 2493 καὶ
3079 2438 3242 2495 πόσον
3260 2440 3517 2512 κατέχειν
3532 2442 3672 2514 ὑμᾶς
3680 2442 3865 2496 δύναιτ’

2206 2535 2271 2589 ἂν
2316 2536 2480 2607 μέρος
2510 2535 2754 2607 ήμέρας;
2798 2535 3072 2598 τοσοῦτον,
3116 2534 3238 2589 ὅσον
3266 2535 3385 2588 οὐδὲ
3416 2536 3652 2610 ὀφθῆναι
3682 2538 3866 2604 καλῶς.

2208 2631 2361 2703 ’Ἅμα
2389 2648 2450 2685 τε
2506 2631 2613 2700 γάρ
2646 2630 2951 2702 ἐνεπλήσθη
3000 2649 3082 2695 τις
3104 2672 3117 2697 ,
3160 2632 3254 2686 καὶ
3283 2633 3381 2705 τὴν
3425 2634 3625 2707 ἡδονὴν
3660 2634 3867 2700 ἔσϐεσε,

2208 2727 2301 2780 καὶ
2322 2724 2429 2797 πρὸ
2457 2726 2556 2797 τῆς
2577 2725 2894 2798 πλησμονῆς
2918 2725 2974 2779 δὲ
2998 2724 3268 2797 ῥεύματος
3298 2726 3498 2783 θᾶττον
3526 2734 3866 2801 παρέρχεται,

2209 2821 2343 2892 πρὸς
2370 2820 2534 2874 αὐτὸν
2556 2821 2931 2892 ἀφανιζομένη
2950 2820 3051 2875 τὸν.
3064 2821 3281 2892 λαιμὸν,
3306 2823 3403 2875 καὶ
3423 2823 3549 2876 οὐδέ
3568 2826 3677 2887 τοῖς
3698 2825 3869 2886 σιτίοις

2208 2914 2455 2986 ἀρκοῦσα
2485 2915 2869 2984 συγκατελθεῖν
2887 2933 2902 2946 ο
2931 2913 3068 2987 ὁμοῦ
3093 2934 3152 2970 τε
3177 2916 3287 2989 γάρ
3316 2919 3563 2991 παρῆλθε
3590 2919 3687 2992 τὴν
3713 2918 3871 2989 γλῶτ·

2206 3028 2307 3064 ταν
2326 3051 2340 3077 ,
2393 3011 2487 3064 καὶ
2517 3011 2887 3080 συγκατέλυσε
2912 3011 3011 3084 τὴν
3054 3011 3227 3084 ίσχύν.
3259 3014 3370 3067 Καὶ
3415 3014 3606 3068 σιωπῶ
3637 3015 3701 3069 τὰ
3724 3012 3870 3068 λοιπά

2210 3104 2375 3171 κακὰ,
2403 3106 2500 3159 καὶ
2519 3106 2643 3169 ὅσος
2666 3106 2771 3160 ἀπὸ
2793 3107 2997 3179 ταύτης
3020 3108 3231 3178 γίνεται
3252 3111 3351 3180 τῆς
3377 3110 3591 3181 τρυφῆς
3610 3112 3637 3163 ὁ
3656 3107 3868 3181 χειμῶν’

2208 3201 2269 3253 οὐ
2296 3201 2406 3273 γὰρ
2438 3200 2601 3270 μόνον
2630 3201 2794 3272 ἡδίων
2822 3204 2850 3273 δ
2884 3204 2958 3274 μὴ
2993 3205 3299 3275 τρυφήσας,
3330 3204 3466 3258 ἀλλά
3499 3209 3593 3259 καὶ
3626 3205 3870 3275 κουφότεο

2211 3310 2322 3363 ρος,
2359 3296 2453 3348 καὶ
2485 3296 2614 3366 ῥᾷον
2665 3295 2992 3351 διακείσεται
3037 3298 3131 3352 τοῦ
3163 3300 3588 3365 διασπασθέντος
3636 3302 3735 3353 ὐπὸ
3778 3299 3870 3369 τῆς

2210 3388 2556 3460 πλησμονῆς·
2593 3391 2818 3458 ’Ὑπνος
2846 3381 2977 3463 γάρ,
3005 3394 3190 3464 φησὶνζ
3214 3396 3441 3465 ὑγιείας
3462 3397 3531 3449 ἐν
3554 3394 3872 3465 σπλάγχνα)

2202 3487 2438 3555 μετρίῳ.
2471 3489 2535 3541 Τί
2559 3489 2639 3542 δεῖ
2667 3489 2844 3559 λέγειν
2876 3491 2975 3554 τὰς
3009 3491 3225 3558 νόσους,
3253 3491 3351 3555 τὰς
3381 3492 3594 3563 ἀηδίας,
3620 3493 3714 3556 τὰς
3746 3508 3872 3562 συμ-

2208 3581 2402 3653 φορὰς,
2432 3583 2530 3647 τὰς
2554 3584 2798 3647 δαπάνας
2827 3584 2923 3647 τὰς
2947 3585 3101 3654 εἰκῆ;
3132 3585 3253 3638 ὅσαι
3286 3587 3341 3639 αί
3368 3586 3654 3651 αἰτιάσεις,
3680 3587 3796 3640 ὅσαι
3822 3585 3872 3638 αί

2208 3678 2524 3743 ἐπιϐουλαὶ,
2554 3680 2677 3734 ὅσαι
2722 3682 2780 3733 αἱ
2806 3680 2914 3734 ἀπὸ
2946 3691 2970 3719 ο
2996 3680 3199 3732 τούτων
3240 3682 3494 3752 ἐπήρειαι
3538 3682 3645 3735 τῶν
3676 3699 3873 3753 συμπο-

2210 3773 2338 3827 σίων
2387 3773 2806 3844 βλαστάνουσιν;
2849 3775 2985 3829 ἀλλὰ
3019 3777 3079 3828 τὸ
3120 3777 3346 3848 πόρναις
3384 3779 3632 3845 γυναιξὶν
3679 3781 3875 3853 ὁμιλεῖν

2209 3868 2339 3940 ήδύ;
2374 3870 2483 3923 Καὶ
2517 3870 2643 3923 ποία
2679 3871 2817 3941 μετά
2859 3871 3125 3942 τοσαύτης
3167 3872 3431 3944 αἰσχύνης
3477 3875 3638 3948 ἡδονὴ
3687 3878 3872 3947 γένοιτ’

2208 3960 2307 4026 ἄν;
2343 3961 2595 4014 Μάλιστα
2623 3962 2680 4015 δὲ
2713 3963 2848 4035 μηδέ
2883 3964 3116 4017 ἐνταῦθα
3154 3964 3312 4018 τοῦτο
3355 3966 3699 4039 ἐξετάζωμεν
3729 3972 3869 4034 τέως,

2212 4057 2346 4127 μηδὲ
2384 4058 2484 4121 τάς
2525 4059 2589 4110 ὲκ
2629 4057 2738 4114 τῶν
2784 4061 3029 4131 ἐραστῶν
3076 4062 3289 4132 μάχας,
3339 4064 3473 4135 μηδὲ
3513 4046 3640 4130 τοίς
3671 4070 3734 4120 ἐκ
3778 4069 3872 4122 τῶν

2209 4153 2556 4225 ἀντεραστῶν
2587 4154 2875 4226 πολέμους,
2917 4157 3051 4227 μηδέ
3076 4157 3173 4221 τὰς
3203 4160 3564 4231 κατηγορίας·
3596 4164 3710 4216 ἀλλ’
3747 4162 3870 4216 ἔστω

2208 4265 2292 4312 τις
2327 4250 2443 4320 μετ’
2472 4250 2720 4314 ἐξουσίας
2750 4251 3039 4306 ἀπολαύων
3069 4255 3167 4324 τῆς
3196 4256 3485 4324 ἀσελγείας
3515 4258 3754 4328 ἐκείνης,
3788 4258 3867 4317 καὶ

2214 4346 2351 4415 μήτε
2392 4346 2727 4416 ἀντεραστὴν
2768 4346 2965 4417 ἐχέτω,
3010 4351 3147 4419 μήτε
3199 4351 3556 4422 ὐπεροράσθω
3594 4356 3738 4425 παρὰ
3782 4353 3864 4423 τῆς

2211 4440 2522 4512 ἐρωμένης,
2563 4442 2632 4495 τά
2660 4459 2719 4495 τε
2756 4444 3015 4513 χρήματα
3056 4443 3247 4516 ὥσπερ
3279 4448 3343 4499 ἐκ
3376 4449 3568 4516 πηγῶν
3598 4449 3865 4503 ἀναλισκέ-

2211 4554 2307 4603 τω,
2326 4536 2502 4590 καίτοι
2527 4537 2763 4609 οὐδαμοῦ
2780 4539 2954 4593 ταῦτα
2973 4557 3035 4591 συ
3044 4541 3378 4612 μϐεϐηκέναι
3400 4545 3577 4597 πάντα
3598 4545 3809 4598 δυνατὸν
3825 4541 3863 4607 ί,

2212 4630 2348 4685 ἀλλά
2377 4632 2456 4686 δεῖ
2487 4633 2578 4686 τὸν
2614 4634 2713 4705 μέν
2745 4633 2819 4706 μὴ
2847 4634 3106 4705 μέλλοντα
3131 4636 3275 4706 ἔχειν
3307 4639 3642 4710 ἀντεραστὴν
3664 4641 3755 4710 τὴν
3784 4638 3863 4690 οὐ·

2216 4728 2336 4783 σίαν
2366 4728 2668 4782 καταλῦσαι
2704 4731 2884 4783 πᾶσαν
2903 4772 2916 4796 ,
2947 4732 3183 4785 νικῶντα
3215 4735 3280 4803 τῇ
3318 4734 3597 4805 φιλοτιμία
3633 4735 3752 4796 τούς
3783 4731 3863 4786 ἄλ·

2212 4824 2335 4889 λους
2373 4826 2638 4889 ἅπαντας,
2680 4826 2771 4881 τὸν
2809 4826 2865 4879 δὲ
2902 4826 2976 4899 μὴ
3009 4827 3328 4901 βουλόμενον
3358 4831 3583 4902 ἀπορεῖν
3617 4828 3864 4899 ὑπερορᾶ-

2216 4918 2340 4973 σθαι
2388 4920 2539 4992 παρὰ
2572 4921 2672 4990 τῆς
2719 4922 2926 4994 πόρνης
2973 4924 3067 4977 καὶ
3112 4924 3465 4977 διαπτύεσθαι
3514 4925 3690 4978 πάλιν.
3735 4922 3862 4991 Πλὴν

2213 5021 2349 5075 ἀλλά
2392 5022 2554 5093 μηδὲν
2592 5022 2731 5077 ἔστω
2760 5024 2986 5091 τούτων,
3028 5025 3161 5078 ἀλλὰ
3188 5027 3364 5079 πάντα
3393 5026 3542 5098 αὐτῷ
3588 5025 3719 5079 κατὰ
3752 5021 3860 5077 νοῦν

2214 5116 2599 5186 προχωρείτω-
2639 5117 2741 5169 ποῦ
2771 5117 2872 5189 τὴν
2902 5120 2964 5170 ἐκ
2989 5117 3194 5171 τούτων
3233 5119 3424 5191 ἡδονὴν
3454 5120 3709 5186 ἐπιδεῖξαι
3734 5118 3860 5187 ἔχεις

2213 5212 2374 5281 ἡμῖν;
2400 5210 2533 5262 Οὐδέ
2554 5209 2663 5282 γὰρ
2684 5211 2740 5263 ἐν
2761 5211 2907 5283 αὐτῷ
2934 5215 2958 5253 ε
2980 5213 3058 5283 τῷ
3076 5214 3177 5283 τῆς
3203 5215 3398 5285 μίξεως
3422 5218 3663 5285 φαίνεται
3685 5210 3856 5283 καιρῷ.

2212 5307 2329 5364 ἀλλ’
2377 5308 2405 5361 ὁ
2459 5309 2557 5379 μὲν
2598 5308 2890 5381 πληρώσας
2935 5311 3034 5382 τὴν
3075 5314 3387 5375 συνουσίαν,
3438 5315 3528 5367 καὶ
3563 5317 3655 5384 τὴν
3688 5309 3857 5382 ἡδονὴν

2214 5402 2457 5469 ισϐεσεν,
2486 5404 2514 5456 ὁ
2543 5404 2600 5458 δὲ
2638 5408 2696 5459 ἐν
2733 5409 2799 5478 τῇ
2839 5408 2984 5479 μίξει
3015 5406 3110 5475 ὢν,
3141 5408 3240 5461 οὐκ
3281 5410 3427 5464 ἐστιν
3466 5410 3523 5464 ἐν
3554 5410 3726 5480 ἡδονῇ,
3757 5402 3857 5457 ἀλλ’

2279 5581 2302 5610 θ
2325 5580 2438 5629 Sav.
2465 5581 2665 5639 νεότητα
2689 5582 2771 5643 μὲν
2795 5581 2887 5641 ἀεί,
2921 5583 3018 5630 duo
3041 5597 3155 5631 mss.
3179 5585 3379 5643 νεότητα
3407 5584 3505 5644 ἀεί,
3532 5584 3644 5633 Mur.
3679 5582 3856 5637 νεότητα

2216 5641 2297 5702 μὲν
2330 5644 2585 5709 έχωνκάεί.
2627 5641 2738 5690 Μὸχ
2772 5644 2901 5709 Mor.
2940 5647 3135 5707 τοιαύτῃ
3160 5641 3330 5709 τρυφῇ,
3367 5648 3447 5695 alii
3472 5641 3638 5694 (mines
3658 5646 3856 5698 τοιαύτην

2213 5706 2408 5772 τρυφῄν.
2441 5704 2592 5752 Paulo
2618 5712 2729 5772 po_sl.
2754 5705 2850 5751 duo
2874 5720 2989 5755 mss.
3019 5704 3532 5772 μετῆνθὴσεμυριάκις.

2278 5762 2439 5828 91)υο
2460 5778 2579 5828 ωδετ
2600 5762 2789 5828 σξρῶτωε

2275 5825 2295 5845 ⁸
2326 5823 2482 5891 ξὈσαι
2507 5826 2590 5891 καί
2610 5823 2891 5891 Euagrum"
2921 5833 2974 5876 et
2997 5826 3199 5891 quidem
3227 5837 3385 5891 recte,
3408 5835 3461 5879 ut
3484 5830 3685 5877 vtetur.
3707 5827 3767 5876 At
3784 5838 3829 5872 rc

2214 5883 2338 5944 liqui
2364 5898 2536 5932 omnes
2566 5887 2676 5934 ὅσαι
2696 5883 2744 5935 αἱ
2767 5888 2881 5936 ἀπὸ.

2281 5942 2306 6015 ξ
2328 5948 2439 6015 ρυο
2462 5948 2856 6015 nf§s_.'1:_év::a§vg,
2883 5950 3029 6015 egsjc
3049 5948 3164 5999 Sav.
3191 5949 3238 6015 in
3264 5966 3419 6015 marg.

2281 6007 2306 6047 ιι
2328 6005 2480 6040 lirlom
2500 6008 2572 6042 ἐπ’
2589 6009 2719 6044 κείς-οτι
2767 6005 2888 6046 Ιιιῆιο
2919 6009 3065 6050 ἰίιΙρηι
3086 6014 3240 6052 clm-NN
3263 6016 3341 6054 νηὶ
3370 6005 3515 6056 ἔὸϐον
3542 6012 3715 6058 οὐδένα.
3742 6030 3746 6035 ‘
3770 6005 3835 6055 ’Ἴ
