4124 6144
435 246 544 304 535

436 359 649 417 virtutis
689 359 896 430 apicem
942 359 1216 430 attigerit,
1259 365 1456 428 quanta
1495 372 1615 412 cum
1658 355 1928 426 diligentia
1959 365 2016 412 et

438 452 782 508 accuratione
843 466 938 520 par
988 451 1059 506 sit
1111 451 1214 507 hoc
1265 449 1498 505 ofﬁcium
1547 447 1828 504 exhibere.
1887 447 2021 502 Nam

439 543 538 597 etsi
585 541 916 597 moriendum
943 541 1012 597 sit
1056 555 1155 611 pro
1192 540 1367 611 capite
1405 549 1530 607 tuo,
1580 555 1687 594 non
1728 537 2014 604 recusabit,

437 633 636 703 quippe
673 629 766 703 qui
800 647 906 688 non
950 632 1177 687 naturali
1201 632 1362 687 modo
1389 631 1509 702 lege
1534 640 1586 686 te
1613 629 1741 686 colit
1764 639 1819 685 et
1845 631 2021 684 hono-

442 734 566 790 rat,
610 725 706 780 sed
741 740 852 793 prae
881 723 1130 780 omnibus
1176 732 1393 794 propter
1433 723 1632 788 Deum,
1677 723 1830 792 cujus
1854 722 2024 792 gratia

455 813 654 872 eu'ncta
674 815 834 870 simul
862 814 1123 885 despexit.
1148 814 1283 869 Cum
1307 814 1468 885 igitur
1495 813 1585 868 ille
1605 827 1746 868 nunc
1767 812 2027 868 illustrior

443 907 552 973 sit,
595 907 930 977 opulentior,
975 906 1240 977 potentior
1265 914 1323 960 ct
1361 905 1649 970 liberalior,
1690 913 1895 961 etcum
1925 904 2026 960 hac

444 1009 590 1054 tanta
614 998 778 1053 animi
809 997 1172 1070 magnitudine
1200 998 1371 1068 magis
1398 1011 1587 1053 servus
1619 1006 1740 1052 tuus
1769 997 1839 1051 sit
1863 1011 2024 1066 quam

446 1101 626 1158 antea,
655 1105 773 1159 cur,
805 1104 1012 1160 quaeso,
1043 1089 1391 1160 ingemiscis?
1412 1103 1479 1142 an
1507 1089 1628 1158 quia
1655 1089 1892 1158 quotidie
1917 1103 2028 1143 non

446 1183 644 1238 metuis
666 1223 681 1249 ,
714 1197 782 1238 ne
811 1183 865 1237 in
905 1182 1044 1237 bello
1079 1181 1276 1249 cadat,
1318 1197 1387 1236 ne
1428 1181 1768 1252 imperatoris
1791 1181 2028 1236 animum

446 1272 684 1329 oﬂendat
705 1315 721 1341 ,
754 1288 822 1329 ne
848 1272 901 1326 in
929 1273 1353 1328 commilitonum
1380 1272 1633 1326 invidiam
1664 1272 1906 1328 incidat?
1928 1287 2025 1326 an-

448 1379 558 1420 non
583 1373 638 1420 et
662 1364 778 1420 haec
801 1371 854 1420 et
876 1363 959 1417 his
979 1364 1137 1418 etiam
1147 1363 1304 1439 plura
1332 1362 1624 1418 illustribus
1645 1361 1769 1417 ﬁliis
1787 1370 2032 1420 metuunt

450 1455 659 1526 patres?
697 1453 1156 1523 Quemadmodum
1185 1454 1328 1510 enim
1357 1454 1446 1524 qui
1478 1469 1701 1524 puerum
1727 1453 1780 1508 in
1807 1453 2028 1510 sublimi

449 1546 565 1601 loco
593 1545 904 1610 statuerint,
951 1553 1189 1598 metuere
1213 1553 1475 1614 coguntur
1501 1558 1570 1598 ne
1595 1542 1828 1607 decidat,
1871 1542 1944 1598 ita
1975 1552 2032 1599 et

449 1639 485 1694 ii
512 1639 601 1708 qui
630 1637 767 1691 filios
794 1637 862 1691 ad
902 1636 1164 1706 insignem
1206 1635 1515 1706 dignitatem
1561 1635 1886 1706 provehunt.
1924 1636 2032 1692 Sed

447 1730 732 1804 quamdam
769 1729 929 1784 habet
957 1729 1284 1800 voluptatem
1317 1728 1524 1783 balteus
1545 1769 1559 1793 ,
1589 1736 1644 1782 et
1677 1728 1950 1800 chlamys,
1979 1735 2034 1783 ct

448 1823 712 1894 prteconis
740 1837 861 1876 vox.
892 1821 959 1876 Et
987 1821 1102 1876 haec
1127 1829 1258 1890 quot
1278 1820 1488 1876 dierum
1513 1821 1708 1890 spatio,
1736 1820 1823 1875 dic
1854 1820 1982 1874 mihi
2006 1821 2030 1875 ?

448 1931 516 1970 an
561 1914 774 1984 triginta
795 1954 808 1978 ,
861 1921 952 1968 aut
996 1920 1210 1968 centum
1237 1952 1251 1978 ,
1294 1921 1386 1966 aut
1413 1911 1495 1967 bis
1524 1912 1787 1967 totidem?
1830 1911 2034 1982 Ecquid

451 2007 673 2077 postea?
728 2020 909 2060 nonne
959 2004 1110 2075 quasi
1160 2003 1463 2070 somnium,
1517 2019 1695 2059 nonne
1735 2010 1797 2058 ut
1833 2003 2030 2069 fabula,

450 2111 630 2152 nonne
652 2104 710 2150 ut
735 2096 922 2150 umbra
941 2133 960 2162 ,
988 2095 1074 2149 illa
1107 2094 1284 2149 onmia
1311 2094 1671 2148 transierunt?
1697 2095 1766 2148 At
1791 2109 1931 2149 nunc
1956 2095 2033 2148 illi

450 2204 616 2259 usque
646 2188 699 2242 in
729 2186 890 2242 finem
922 2187 1094 2241 honor
1122 2186 1222 2240 iste
1252 2197 1547 2255 permanet,
1578 2186 1685 2240 imo
1714 2186 1882 2256 magis
1912 2193 2035 2255 post

450 2287 678 2338 mortem
705 2318 720 2344 ,
762 2287 819 2333 et
863 2276 1078 2348 quidem
1123 2277 1292 2332 multo
1331 2284 1456 2331 tunc
1479 2278 1801 2332 cumulatius
1833 2295 1846 2332 :
1874 2286 2035 2346 atque

451 2371 553 2425 hoc
604 2368 889 2439 imperium
936 2368 1114 2422 nullus
1159 2383 1410 2439 umquam
1448 2369 1546 2438 ipsi
1577 2368 1809 2433 auferet,
1839 2371 2035 2439 quippe

449 2476 570 2516 cum
611 2476 716 2514 non
760 2460 828 2514 ab
859 2459 1074 2514 homine
1115 2458 1166 2512 id
1193 2458 1280 2513 ille
1309 2459 1614 2528 acceperit,
1647 2459 1740 2514 sed
1779 2475 1810 2514 a
1840 2460 2035 2516 virtute

450 2552 585 2624 ipsa.
616 2551 721 2606 Sed
743 2551 1003 2606 voluisses
1032 2566 1155 2606 cum
1183 2551 1416 2621 pretiosa
1460 2545 1708 2606 amiCtum
1756 2559 1940 2618 veste,
1981 2561 2036 2606 et

449 2658 590 2713 equo
618 2655 829 2698 vectum
875 2642 1092 2708 videre,
1137 2641 1456 2696 famulorum
1504 2643 1758 2712 stipatum
1788 2643 2030 2697 multitu-

449 2732 594 2799 dine,
623 2733 886 2803 parasitos
899 2731 1309 2802 adulatoresque
1335 2732 1586 2787 alentem.
1616 2731 1722 2787 Cur
1746 2734 1817 2787 ita
1835 2734 2034 2789 velles?

450 2842 578 2883 num
610 2835 668 2880 ut
695 2825 768 2879 illi
797 2825 1123 2894 voluptatem
1166 2839 1232 2879 ex
1273 2825 1355 2877 his
1383 2824 1630 2878 omnibus
1669 2825 1926 2892 parcres?
1976 2825 2035 2881 Si

450 2920 626 2990 itaque
653 2919 802 2972 illum
823 2917 1088 2972 dicentem
1117 2917 1304 2971 audias
1334 2916 1505 2987 (forte
1535 2917 1730 2986 quippe
1755 2917 1908 2971 nobis
1928 2932 2034 2972 non

450 3009 684 3079 credes),
713 3018 861 3063 tanto
887 3024 946 3063 se
969 3009 1130 3062 vitam
1163 3009 1316 3060 istam
1343 3021 1426 3073 ea,
1460 3022 1617 3076 quam
1643 3007 1840 3076 degunt
1867 3007 1956 3077 qui
1981 3008 2033 3062 in

450 3103 658 3158 deliciis
686 3103 912 3168 vivunt,
952 3100 1149 3170 quique
1180 3099 1570 3162 meretricibus,
1607 3099 1845 3163 mu.~ie'.c,
1875 3115 2034 3169 para-

451 3196 601 3262 sitis,
641 3195 1005 3251 adulatoribus
1029 3233 1045 3260 ,
1095 3203 1151 3248 et
1192 3193 1432 3248 lascivia:
1469 3209 1528 3248 se
1556 3192 1794 3260 dedunt,
1839 3195 2033 3262 jucun-

450 3287 656 3342 diorem
683 3286 990 3341 existimare
1014 3326 1030 3353 ,
1069 3294 1128 3340 ut
1164 3284 1316 3338 malit
1344 3284 1538 3339 millies
1578 3284 1748 3348 mori,
1797 3300 1957 3355 quam
1985 3286 2038 3340 ei

451 3380 825 3449 obtemperare
849 3420 864 3443 ,
915 3379 1002 3448 qui
1041 3377 1252 3448 juberet
1291 3376 1391 3431 hac
1420 3375 1637 3430 dimissa
1674 3377 1947 3446 voluptate
1967 3377 2036 3432 ad

452 3471 596 3527 illam
630 3486 689 3526 se
717 3469 964 3525 conferre
985 3510 999 3534 ,
1028 3468 1154 3538 quid
1191 3467 1257 3521 ad
1284 3466 1400 3520 haec
1427 3466 1618 3522 dices?
1659 3466 1793 3520 Num
1822 3467 2037 3538 ignoras

452 3549 704 3633 quantam
732 3563 1056 3631 voluptatem
1082 3561 1251 3630 pariat
1284 3559 1390 3613 vita
1419 3559 1647 3629 negotiis
1677 3561 1876 3614 vacua?
1921 3559 2036 3615 for-

455 3663 598 3710 tasse
638 3670 738 3710 nec
768 3654 908 3708 ullus
947 3652 1001 3707 id
1037 3652 1313 3708 hominum
1346 3650 1531 3716 novit,
1578 3651 1774 3720 quippe
1799 3651 1891 3720 qui
1916 3666 2034 3706 eam

453 3747 616 3800 vitam
648 3760 934 3816 numquam
961 3759 1091 3812 pure
1112 3743 1424 3813 gustaverit.
1446 3742 1577 3798 Cum
1598 3753 1773 3797 autem
1801 3752 1855 3797 et
1873 3743 2036 3798 clari-

455 3848 537 3895 tas
561 3838 738 3906 adsit,
780 3849 833 3892 et
881 3837 998 3891 haec
1043 3851 1164 3906 qua:
1194 3837 1278 3888 vix
1310 3835 1468 3891 simul
1518 3835 1743 3889 inveniri
1789 3844 2033 3904 possunt,

455 3931 712 3986 securitas
745 3937 799 3984 et
835 3927 1043 3998 gloria,
1085 3927 1211 3996 quid
1260 3926 1359 3980 hac
1396 3926 1500 3979 vita
1549 3925 1899 3994 praestabilius
1924 3926 2037 3981 sit?

456 4021 654 4076 Verum
674 4061 688 4085 ,
717 4019 956 4090 inquies,
991 4017 1116 4088 quid
1147 4026 1199 4071 tu
1223 4017 1338 4072 haec
1359 4015 1486 4070 mihi
1517 4015 1774 4069 edisseris
1799 4031 1828 4068 a
1856 4015 2033 4086 philo-

455 4109 643 4180 sophia
686 4108 1086 4164 rcmotissimo?
1131 4108 1237 4162 Cur
1265 4121 1394 4176 ergo
1421 4113 1604 4160 natum
1631 4121 1841 4174 quoque
1885 4113 2036 4162 tuum

455 4204 525 4258 ad
552 4219 668 4258 eam
711 4202 969 4258 accedere
999 4217 1103 4256 non
1134 4201 1309 4255 sinis?
1355 4198 1487 4254 satis
1527 4199 1597 4252 sit
1632 4198 1734 4253 isto
1763 4207 1815 4252 te
1840 4198 2036 4255 damno

454 4301 701 4356 aﬂ'cctum
729 4315 868 4357 esse.
919 4302 1113 4354 Annon
1151 4313 1420 4356 summum
1460 4311 1580 4352 esse
1607 4295 1858 4349 damnum
1889 4291 2004 4347 arbi

459 4393 646 4458 traris,
692 4391 903 4462 quando
942 4391 1009 4446 ad
1053 4400 1347 4446 extremam
1394 4395 1729 4444 senectutem
1776 4382 2033 4455 provecti,

457 4486 578 4556 quia
606 4487 658 4540 in
702 4486 950 4554 primaeva
1002 4493 1159 4537 aetate
1199 4483 1328 4537 nihil
1373 4481 1498 4536 boni
1537 4479 1715 4549 adepti
1740 4479 1908 4543 estis,
1941 4489 2037 4530 vos

457 4586 727 4632 senectam
765 4575 990 4630 moleste
1040 4572 1229 4628 fertis?
1270 4573 1341 4625 At
1380 4570 1500 4625 ideo
1527 4569 1753 4623 moleste
1793 4566 2033 4631 ferimus,

460 4667 688 4739 inquies,
714 4666 856 4737 quod
879 4670 1068 4736 inagna
1094 4663 1248 4718 nobis
1267 4660 1548 4718 commoda
1563 4661 1817 4732 juventus
1835 4658 2034 4713 tulerit.

457 4761 588 4829 Quae
612 4757 848 4828 magna?
890 4757 1113 4813 ostende
1139 4770 1321 4810 senem
1342 4795 1356 4819 ,
1406 4754 1496 4824 qui
1523 4767 1713 4822 magna
1739 4751 1854 4805 hzec
1885 4764 2036 4804 eom-

459 4851 614 4906 moda
645 4850 856 4904 habeat.
887 4848 942 4903 Si
975 4848 1116 4903 enim
1147 4847 1238 4901 illa
1279 4844 1586 4910 habuisset,
1619 4841 1882 4898 eteadem
1909 4855 2036 4910 per-

459 4953 796 4999 severassem
820 4983 836 5008 ,
882 4955 988 4995 non
1026 4940 1208 5009 utique
1246 4945 1305 4992 ut
1335 4937 1419 4992 his
1441 4936 1658 4992 orbatus
1688 4932 1936 4989 omnibus
1965 4932 2036 4985 ita

453 5037 877 5099 lamentaretur;
917 5033 1001 5087 sin
1026 5046 1154 5087 vero
1180 5031 1271 5085 illa
1292 5029 1655 5094 evolaverunt,
1685 5037 1739 5083 et
1765 5038 2044 5081 emarcne-

447 5134 608 5190 runt,
653 5123 921 5195 quomodo
948 5123 1136 5194 magna
1161 5163 1174 5184 ,
1203 5137 1322 5192 qua)
1349 5121 1420 5176 ita
1455 5120 1561 5175 cito
1583 5118 1844 5174 exstincta
1869 5123 1993 5170 sunt
2011 5114 2041 5167 τ

454 5216 621 5286 Atqui
647 5231 753 5270 non
783 5215 886 5268 hoc
912 5214 1048 5267 filius
1091 5223 1211 5267 tuus
1248 5211 1480 5280 patietur
1504 5251 1522 5277 ,
1558 5209 1652 5264 sed
1679 5209 1722 5262 si
1749 5207 1815 5261 ad
1840 5207 2040 5275 longae-

458 5325 577 5363 vam
608 5322 818 5379 quoque
841 5313 1170 5361 senectutem
1205 5303 1540 5374 pervenerit,
1573 5316 1677 5354 non
1705 5299 1856 5353 illum
1882 5296 2035 5351 vide-

459 5400 540 5454 bis
575 5400 690 5453 hmc
729 5397 913 5466 iniquo
946 5394 1124 5449 animo
1151 5393 1404 5447 ferentem
1429 5432 1444 5456 ,
1475 5397 1535 5444 ut
1569 5403 1665 5442 vos
1699 5386 1905 5452 facitis;
1941 5384 2037 5440 sed

461 5489 780 5558 gaudentem
806 5526 822 5551 ,
869 5485 1187 5556 gestientem
1228 5492 1282 5537 et
1315 5481 1671 5536 exsultantem
1698 5495 1711 5530 :
1745 5487 1870 5532 tunc
1892 5477 2036 5533 enim

465 5577 604 5633 bona
647 5577 764 5648 ejus
811 5575 978 5646 magis
1020 5575 1213 5629 ﬂorent
1251 5580 1306 5626 et
1349 5571 1550 5640 vigent.
1607 5567 1812 5622 Vestra:
1857 5576 2035 5620 autem

465 5667 696 5739 divitiae,
749 5667 956 5724 etiamsi
1007 5664 1148 5721 bona
1193 5662 1424 5719 habeant
1465 5657 1766 5727 innumera,
1790 5656 1842 5714 in
1864 5657 2036 5728 primo

1168 241 1529 299 ADVERSUS
1563 241 2105 299 OPPUGNATOBES
2148 242 2329 299 VITE
2365 244 2658 304 MONAST.
2699 246 2828 302 LIB.
2867 247 2932 304 ll.

3596 255 3699 312 346

2127 358 2300 412 :etatis
2344 357 2474 413 ﬂore
2508 357 2601 412 illa
2640 359 2970 414 concludunt
3006 377 3020 412 :
3059 375 3164 415 non
3202 362 3331 417 item
3360 362 3444 419 ha:
3474 365 3693 432 divitiae,

2125 449 2220 504 sed
2257 450 2310 504 in
2338 458 2615 505 senectute
2647 460 2885 518 manent,
2917 452 3340 526 excedentesque
3361 471 3393 512 e
3413 457 3518 512 vita
3546 473 3696 514 com-

2125 538 2323 594 itantur
2360 542 2400 592 ¹.
2434 541 2638 596 Idcirco
2661 556 2757 597 vos
2775 556 2897 598 cum
2917 557 3048 613 opes
3079 545 3134 600 in
3154 555 3428 603 senectute
3454 562 3700 604 crescen-

2127 640 2209 687 tes
2233 631 2425 688 videtis
2441 672 2458 699 ,
2487 634 2836 705 plurimaeque
2855 634 3007 691 vobis
3027 645 3080 691 et
3101 635 3286 708 gloriae
3312 647 3367 695 et
3389 638 3700 696 deliciarum

2125 723 2436 779 occasiones
2465 734 2788 795 suppetunt,
2821 726 3035 798 indigne
3064 728 3233 796 fertis,
3265 730 3408 800 quod
3434 741 3564 787 aetas
3593 749 3699 788 non

2127 813 2385 881 sufficiat,
2425 823 2485 870 ut
2515 816 2593 870 eis
2627 815 2732 872 frui
2768 817 3010 874 valeatis.
3063 818 3188 875 Ideo
3214 830 3440 876 mortem
3477 822 3700 892 perhor-

2128 905 2334 960 rescitis
2354 948 2370 972 ,
2407 921 2610 977 vosque
2640 916 2765 964 tunc
2789 911 3020 966 maxime
3045 910 3458 969 miserabiliores
3477 929 3599 970 esse
3615 914 3700 969 di-

2128 995 2268 1063 citis,
2285 1010 2406 1050 cum
2426 996 2479 1051 in
2501 1012 2560 1053 re
2580 1012 2833 1068 prospera
2852 1000 3002 1056 estis.
3019 998 3217 1056 Contra
3233 1001 3322 1057 ille
3345 1007 3452 1057 tum
3471 1005 3702 1060 maxime

2129 1089 2340 1159 quietus
2382 1091 2518 1157 erit,
2564 1105 2684 1146 cum
2726 1093 3004 1166 senuerit,
3055 1093 3250 1164 quippe
3277 1095 3366 1164 qui
3393 1096 3458 1149 ad
3489 1105 3701 1166 portum

2131 1190 2404 1251 properet,
2433 1197 2499 1238 ac
2517 1182 2854 1253 juventutem
2879 1197 3095 1254 semper
3118 1185 3382 1254 vigentem
3411 1185 3620 1254 habeat,
3648 1198 3706 1244 et

2131 1268 2198 1324 ad
2245 1279 2572 1327 senectutem
2608 1287 2897 1342 numquam
2933 1282 3136 1344 vergat.
3182 1274 3260 1328 Tu
3293 1290 3421 1329 vero
3449 1276 3610 1331 tilium
3642 1278 3706 1332 iis

2132 1361 2334 1418 deliciis
2375 1364 2479 1420 frui
2519 1365 2817 1433 voluisses,
2865 1381 3089 1436 quarum
3133 1366 3280 1421 illum
3309 1367 3500 1423 millies
3538 1369 3715 1438 pa-ni-.

2133 1453 2323 1509 tuisset
2343 1494 2359 1519 ,
2391 1470 2456 1510 ac
2480 1455 2548 1511 dc
2573 1455 2765 1526 quibus
2795 1457 2849 1511 in
2874 1465 3148 1512 senectute
3187 1457 3464 1513 doluisset.
3511 1458 3706 1514 Verum

2132 1542 2299 1612 absit,
2349 1553 2406 1600 ut
2449 1545 2646 1601 inimici
2672 1561 2884 1616 quoque
2911 1547 3079 1602 nostri
3106 1547 3190 1602 his
3221 1547 3428 1603 deliciis
3466 1548 3708 1605 fruantur

2133 1651 2402 1707 umquam.
2443 1637 2648 1708 Ecquid
2685 1647 3015 1694 senectutem
3051 1639 3336 1695 memoro?
3381 1640 3709 1711 quandoqui-

2133 1725 2255 1782 dem
2285 1727 2375 1783 die
2409 1742 2517 1783 uno
2551 1728 2795 1799 voluptas
2835 1729 2924 1783 illa
2953 1729 3128 1784 omnis
3163 1729 3552 1798 exstinguitur,
3600 1731 3708 1786 imo

2134 1834 2240 1873 non
2265 1818 2353 1874 die
2378 1833 2486 1874 uno
2509 1859 2525 1885 ,
2566 1835 2674 1875 non
2702 1833 2807 1875 una
2843 1819 2997 1886 hora,
3025 1819 3120 1876 sed
3164 1820 3216 1873 in
3243 1820 3557 1877 brevissimo
3578 1832 3710 1877 tem-

2134 1909 2281 1980 poris
2331 1919 2622 1966 momento.
2694 1910 2834 1980 Quid
2884 1911 3027 1966 enim
3073 1919 3157 1965 est
3201 1911 3481 1980 voluptas?
3531 1927 3710 1970 nonne

2136 2003 2306 2057 ventri
2344 2018 2404 2059 se
2446 2003 2643 2060 dedere
2664 2045 2680 2072 ,
2725 2001 3040 2075 sybariticas
3082 2016 3294 2057 mensas
3325 2018 3512 2073 parare
3534 2044 3551 2071 ,
3587 2021 3721 2059 cum.

2134 2093 2392 2162 Speciosis
2412 2095 2727 2151 mulieribus
2755 2093 3005 2164 congredi
3051 2107 3338 2164 porcorum
3369 2094 3533 2150 instar
3569 2110 3628 2151 se
3658 2097 3710 2150 in

2135 2198 2291 2240 caeno
2316 2185 2706 2240 volutantium?

2208 2275 2295 2330 10.
2343 2274 2625 2346 Voluptatis
2651 2275 2882 2332 brevitas.
2908 2305 2983 2319 —-
3003 2274 3108 2331 Sed
3147 2275 3214 2332 de
3242 2275 3325 2331 his
3354 2276 3709 2332 nondum-lo-

2136 2381 2361 2436 quamur
2392 2385 2406 2422 :
2437 2367 2650 2423 interim
2679 2369 2806 2438 quid
2844 2369 2914 2424 sit
2937 2369 3180 2440 voluptas
3209 2367 3583 2438 disquiramus,
3613 2384 3714 2424 an-

2137 2471 2242 2511 non
2273 2457 2430 2526 plane
2458 2456 2646 2528 frigida
2681 2467 2736 2515 et
2759 2459 2877 2514 vilis
2904 2461 3010 2515 sit:
3033 2468 3194 2531 atque
3229 2458 3396 2522 illam,
3437 2459 3481 2512 si
3517 2457 3711 2531 placet,

2136 2545 2366 2616 primum
2395 2549 2416 2580 ³
2444 2548 2808 2620 inspiciamus,
2825 2564 2944 2620 quae
2964 2530 3249 2621 jucundior
3277 2547 3504 2614 videtur,
3524 2530 3715 2616 nempe

2135 2636 2334 2705 gulam.
2367 2637 2481 2702 Dic,
2504 2653 2704 2708 quaeso,
2731 2639 2876 2696 illius
2895 2647 3122 2711 tempus,
3145 2649 3416 2710 quotaque
3436 2637 3537 2692 diei
3565 2647 3716 2708 parte

2137 2744 2235 2784 nos
2263 2729 2350 2783 illa
2375 2743 2638 2802 occupare
2669 2731 2837 2801 possit
2868 2747 2882 2785 :
2915 2739 3060 2787 tanta
3083 2739 3253 2804 certe,
3286 2750 3344 2793 ut
3380 2738 3464 2793 vix
3496 2729 3736 2810 perspici-

2137 2818 2326 2888 possit.
2357 2819 2490 2873 Nam
2529 2820 2687 2875 simul
2716 2835 2780 2876 ac
2803 2821 3027 2892 quisque
3065 2821 3319 2895 impletus
3361 2828 3535 2892 fuerit,
3571 2830 3722 2885 volu-

2137 2917 2337 2978 ptatem
2379 2909 2635 2964 exstinxit
2663 2926 2676 2963 :
2704 2918 2760 2966 et
2803 2919 2928 2966 ante
2972 2911 3274 2970 satietatem
3320 2916 3522 2973 ﬂuento
3563 2920 3722 2975 citius

2139 2998 2348 3065 transit,
2401 2999 2454 3054 in
2502 3001 2738 3070 ipsisque
2779 3000 3020 3056 faucibus
3059 3000 3266 3073 deficit,
3313 3023 3412 3062 nec
3457 3024 3562 3063 una
3600 3025 3722 3065 cum

2137 3088 2270 3144 cibis
2298 3098 2474 3158 potest
2500 3089 2706 3160 ingredi
2737 3107 2752 3144 :
2781 3091 2962 3146 statim
2982 3091 3129 3149 enim
3154 3103 3315 3166 atque
3345 3097 3575 3167 linguam
3597 3114 3723 3168 per.

2140 3181 2407 3247 transivit,
2440 3182 2548 3236 vim
2579 3183 2971 3250 etiammisit.
3005 3183 3202 3256 Taceo,
3251 3189 3453 3260 reliqua
3482 3193 3641 3258 mala,
3669 3204 3732 3250 et

2138 3280 2336 3341 quanta
2380 3288 2447 3326 ex
2494 3273 2597 3327 ista
2647 3273 2921 3344 voluptate
2960 3273 3210 3345 gignatur
3255 3287 3561 3350 tempestas.
3605 3282 3722 3339 Non
3821 3298 3828 3305 '

2139 3362 2300 3418 modo
2338 3361 2483 3420 enim
2506 3362 2790 3433 jucundior
2816 3363 2906 3434 qui
2933 3364 3003 3420 ab
3031 3365 3120 3422 illa
3158 3367 3413 3436 abstinet,
3442 3371 3537 3426 sed
3563 3373 3748 3427 etiam‘

2139 3454 2327 3518 levior,
2375 3455 2686 3526 faciliusque
2721 3455 3018 3524 recumbet,
3057 3472 3216 3528 quam
3261 3459 3307 3515 is
3349 3461 3438 3530 qui
3478 3462 3724 3518 satietate

2140 3545 2482 3602 distenditur.
2515 3546 2740 3602 Somnus
2765 3546 2930 3614 enim,
2961 3547 3149 3619 inquit,
3181 3550 3413 3605 sanitatis
3449 3552 3503 3606 in
3538 3554 3724 3608 viscere

2139 3637 2397 3692 moderato
2421 3637 2610 3710 (Ecdi.
2632 3640 2732 3715 βι.
2773 3637 2888 3709 24).
2915 3639 3056 3705 Quid
3098 3655 3455 3699 memoremus
3484 3645 3719 3712 morbos,

2139 3745 2385 3797 nauseas,
2408 3731 2758 3799 calamitates,
2781 3731 3074 3802 inanesque
3093 3734 3375 3803 sumptus?
3399 3749 3516 3804 quae
3541 3751 3607 3790 ex
3639 3735 3722 3795 his

2139 3821 2399 3876 conviviis
2435 3822 2578 3890 lites,
2624 3837 2746 3893 qua:
2789 3821 3017 3888 insidia',
3056 3837 3174 3892 qua:
3203 3824 3393 3878 damna
3421 3824 3720 3895 pullulant?

2141 3914 2338 3970 Verum
2371 3928 2534 3970 suave
2562 3923 2646 3970 est
2680 3928 2801 3970 cum
2839 3914 3211 3971 meretricibus
3239 3917 3511 3986 congredi.
3543 3919 3720 3990 Ecqua

2139 4014 2317 4075 potest
2357 4020 2479 4060 esse
2505 4005 2750 4076 voluptas
2780 4006 2832 4060 in
2871 4013 3018 4062 tanta
3061 4006 3418 4076 turpitudine?
3453 4007 3558 4064 Sed
3605 4009 3722 4066 hmc
3792 4048 3798 4079 ρ

2140 4095 2355 4151 interim
2393 4095 2645 4167 indagare
2686 4097 3016 4162 omittamus,
3058 4113 3158 4154 nec
3185 4097 3253 4153 de
3295 4108 3593 4154 amatorum
3625 4116 3722 4170 pu-

2137 4189 2258 4259 gnis
2298 4190 2597 4260 loquamur,
2635 4204 2738 4245 nec
2773 4189 2840 4245 de
2867 4190 3114 4247 rivalium
3157 4192 3590 4248 contentionibus
3632 4195 3718 4249 vel

2139 4281 2564 4336 accusationibus
2593 4297 2608 4334 :
2638 4280 2732 4335 sed
2764 4279 2836 4335 sit
2859 4281 3052 4352 aliquis
3076 4282 3164 4352 qui
3193 4297 3313 4339 cum
3351 4283 3593 4340 libertate
3618 4285 3718 4340 ob—

2141 4387 2322 4428 serena
2363 4373 2450 4428 illa
2495 4371 2714 4428 libidine
2751 4372 2978 4440 fruatur,
3027 4390 3200 4446 neque
3243 4377 3462 4433 rivalem
3506 4379 3714 4445 habeat,

2141 4477 2316 4532 neque
2365 4464 2434 4519 ab
2475 4463 2674 4518 amasia
2718 4473 3112 4532 contemnatur,
3165 4468 3420 4537 pecunias
3466 4470 3611 4523 velut
3652 4485 3719 4524 ex

2143 4554 2377 4612 fontibus
2409 4556 2626 4612 haustas
2665 4555 2960 4626 impendat,
2991 4557 3199 4612 etiamsi
3246 4558 3360 4613 fieri
3408 4569 3635 4629 nequeat
3663 4574 3722 4616 ut

2139 4648 2257 4705 haec
2281 4649 2459 4704 omnia
2490 4650 2648 4705 simul
2677 4649 3024 4716 conveniant;
3056 4659 3110 4704 at
3135 4651 3184 4706 ei
3213 4650 3302 4720 qui
3345 4651 3564 4706 rivalem
3611 4668 3717 4708 non

2141 4740 2427 4796 habiturus.
2455 4750 2538 4798 est
2570 4756 2758 4798 omnes
2781 4741 3059 4798 facultates
3084 4742 3460 4799 exhauriendas
3489 4754 3632 4812 sunt,
3659 4754 3722 4801 ut

2142 4831 2387 4901 largitate
2427 4847 2708 4887 munerum
2738 4833 2871 4887 alios
2898 4846 3085 4889 omnes
3123 4843 3376 4904 superet:
3404 4850 3722 4906 rursumque

2142 4937 2264 4976 eum
2293 4923 2385 4992 qui
2424 4923 2656 4993 inopiam
2697 4923 2918 4990 devitat,
2956 4937 2987 4977 a
3024 4925 3305 4980 meretrice
3343 4936 3625 4997 spernatur
3665 4934 3723 4983 et

2141 5023 2421 5084 respuatur
2470 5023 2701 5085 Oportet.
2751 5013 2948 5070 Verum
2986 5015 3343 5073 concedamus
3393 5017 3524 5071 nihil
3579 5017 3722 5087 ejus-

2138 5106 2286 5162 modi
2311 5107 2444 5172 fore,
2467 5107 2561 5163 sed
2583 5107 2759 5163 omnia
2789 5108 2889 5176 ipsi
2911 5123 2976 5163 ex
2997 5110 3258 5164 sententia
3288 5118 3542 5166 eventura
3563 5126 3719 5167 esse:

2137 5213 2298 5269 quam
2335 5199 2389 5252 in
2430 5198 2514 5253 his
2536 5199 2862 5268 voluptatem
2893 5198 3048 5255 nobis
3080 5207 3232 5270 potes
3258 5201 3578 5256 ostendere?
3605 5200 3721 5256 Non

2139 5290 2285 5345 enim
2328 5289 2380 5343 in
2426 5290 2542 5359 ipso
2588 5304 2906 5361 congressus
2954 5299 3194 5360 tempore
3230 5301 3468 5361 apparet,
3510 5292 3602 5346 sed
3633 5294 3724 5363 qui

2205 5424 2221 5454 ί
2256 5422 2329 5472 sic
2359 5421 2499 5484 savil.
2525 5430 2579 5472 et
2610 5435 2782 5472 omnes
2821 5431 2928 5473 Mss.
2951 5423 3114 5474 Morel.
3141 5437 3278 5484 vero,
3299 5427 3674 5484 exsertantesque
3695 5439 3722 5477 ε

2139 5481 2234 5532 vita
2249 5481 2563 5550 conﬁtentur._
2576 5494 2642 5550 Ac
2658 5497 2736 5534 vos
2759 5484 2951 5550 quide
2974 5484 3206 5550 plurimas
3222 5481 3437 5550 et'gton'a;
3453 5493 3499 5550 et
3521 5481 3720 5534 delicia-

2139 5556 2247 5616 rnm
2259 5543 2528 5616 pceast'ones
2541 5543 2785 5606 habentes,
2806 5543 3001 5608 indigne
3015 5545 3172 5611 fertis,
3207 5543 3321 5610 cui,
3334 5547 3496 5598 multis
3516 5553 3715 5608 praeter-

2140 5617 2317 5655 mISSlS.

2204 5667 2224 5698 ί
2256 5672 2356 5717 Duo
2377 5671 2507 5728 1155..
2527 5665 2752 5737 primam.
