4124 6144
499 260 602 316 ω

488 571 655 627 motu,
685 563 868 616 aculeo
894 577 945 618 et
975 566 1153 620 furore
1173 576 1227 621 et
1257 569 1462 627 fervore
1492 578 1788 632 vehementi
1811 583 2051 649 agitatur.

486 651 643 718 Atqui
679 662 858 706 nostra
892 655 1132 725 voluptas
1169 673 1273 713 non
1301 660 1601 731 lmjusmodi
1625 678 1726 735 est,
1761 670 1930 735 absit;
1962 675 2054 728 sed

485 742 715 794 animum
755 749 898 799 omni
931 750 1324 815 perturbatione
1355 771 1575 811 vacuum
1607 770 1802 826 servat,
1832 766 2054 819 nullam-

479 845 582 898 que
601 831 941 901 agitationem
973 838 1196 906 inducit,
1227 843 1320 897 sed
1358 860 1540 914 puram
1569 852 1850 918 quamdam
1877 867 2064 912 servat-

479 920 844 994 integramqae
881 928 1136 993 ltetitiam,
1166 947 1386 1002 eamque
1414 937 1718 1005 gloriosam,
1745 958 1861 1010 qua:
1893 944 2048 1000 ﬁnem

476 1027 581 1066 non
633 1013 843 1082 habeat,
898 1018 1157 1090 longeque
1201 1027 1551 1092 potentiorem
1605 1045 1668 1084 ac
1715 1032 2043 1102 vividiorem,

473 1119 632 1172 quam
672 1115 844 1161 vestra
892 1111 980 1162 sit.
1030 1111 1182 1178 Quod
1225 1115 1366 1168 enim
1410 1129 1588 1172 nostra
1634 1121 1702 1174 sit
1739 1122 2042 1191 jucundior,

473 1207 628 1261 quam
673 1205 872 1262 vestra,
921 1197 1125 1268 liquet:
1157 1217 1278 1256 nam
1322 1213 1551 1260 vestram
1597 1219 1769 1264 metus
1815 1213 2044 1282 abjiccre

474 1291 649 1348 potest
679 1303 691 1338 :
721 1286 762 1339 si
813 1288 953 1341 enim
1003 1289 1294 1360 Imperator
1340 1293 1504 1349 literis
1552 1309 1778 1353 mortem
1830 1304 2044 1357 commi-

471 1384 644 1439 netur,
686 1377 752 1432 ab
793 1394 852 1432 ea
884 1381 1402 1450 voluptatemaxima
1453 1403 1571 1457 pars
1601 1390 1871 1447 hominum
1899 1395 2040 1450 absi-

468 1474 590 1519 stet.
633 1465 878 1523 Nostram
910 1487 1035 1526 vero
1076 1473 1282 1528 etiamsi
1315 1479 1433 1545 quis
1475 1482 1772 1537 sexcenties
1813 1494 2036 1540 mortem

466 1558 674 1623 inferat,
719 1575 822 1614 non
854 1561 1012 1615 modo
1041 1579 1143 1617 non
1176 1567 1509 1630 persuadebit
1549 1580 1604 1624 ut
1631 1587 1691 1625 ea
1733 1584 2032 1643 spernatur,

468 1663 650 1700 verum
689 1650 1027 1716 irridebitur;
1070 1654 1203 1708 adeo
1245 1667 1423 1710 nostra
1469 1660 1747 1716 violentior
1786 1665 1940 1720 simul
1981 1679 2036 1722 et

467 1739 694 1807 dulcior,
727 1757 884 1811 quam
913 1755 1084 1798 vestra
1130 1755 1231 1809 est,
1262 1749 1508 1819 nullaque
1533 1769 1750 1822 prorsus
1777 1767 1858 1811 est
1898 1760 2034 1814 inter

461 1842 740 1901 utramque
762 1837 1106 1903 comparatio.
1137 1838 1210 1893 Ne
1237 1840 1410 1910 itaque
1439 1843 1676 1900 invideas
1701 1849 1828 1911 ﬁlio,
1857 1865 1975 1904 cum
1999 1867 2028 1907 a

460 1924 619 1976 ﬂuxis
662 1926 830 1990 bonis,
868 1943 985 1996 qua:
1025 1943 1092 1983 ne
1129 1934 1390 1986 exsistunt
1430 1936 1663 2003 quidem,
1703 1939 1767 1993 ad
1809 1956 1868 1995 ea
1912 1958 2028 2012 qum

456 2028 578 2070 sont
624 2028 677 2070 et
723 2029 937 2074 manent
981 2037 1041 2076 se
1077 2024 1308 2091 confert;
1344 2044 1512 2097 neque
1554 2031 1734 2098 lugeas
1769 2048 1887 2088 eum
1937 2037 2024 2105 qui

457 2108 793 2162 beatissimus
836 2111 1198 2179 prmdicandus
1247 2127 1361 2180 est;
1405 2119 1495 2172 sed
1539 2119 1584 2172 is
1619 2122 1892 2191 lugendus,
1936 2129 2023 2196 qui

453 2213 557 2252 non
589 2200 706 2254 talis
741 2211 841 2268 est,
875 2204 1069 2272 quique
1096 2205 1146 2257 in
1172 2210 1418 2275 praesenti
1453 2210 1556 2263 vita
1589 2215 1732 2279 quasi
1765 2215 1814 2267 in
1842 2218 2024 2286 euripo

450 2289 846 2345 circumfertur.
891 2293 1064 2363 Atque
1107 2304 1161 2348 ut
1207 2297 1270 2349 ad
1302 2314 1560 2353 summam
1591 2304 1859 2356 veniamus
1886 2323 1897 2357 :
1923 2309 2020 2360 etsi

348 2365 364 2377 ’
449 2381 592 2433 enim
626 2391 679 2434 tu
714 2385 924 2450 gentilis
968 2401 1046 2450 es,
1077 2385 1211 2440 hanc
1241 2396 1412 2443 tamen
1455 2402 1686 2445 nostram
1726 2397 2016 2452 orationem

447 2475 722 2543 suseipies.
753 2477 918 2530 Audis
947 2493 1090 2546 saepe
1123 2480 1368 2550 Cocytos,
1407 2493 1457 2535 et
1489 2484 2017 2554 l’yriplilegctbontas

446 2565 656 2631 ﬂuvios,
683 2577 733 2619 ct
763 2566 939 2638 Stygis
971 2567 1183 2632 undam,
1216 2581 1269 2623 et
1291 2571 1565 2625 Tartarum
1599 2583 1796 2628 tantum
1824 2592 1851 2628 a
1877 2587 2014 2632 terra

450 2655 756 2722 distantem,
805 2667 1056 2726 quantum
1102 2659 1215 2714 hinc
1259 2661 1366 2729 ipsa
1416 2663 1574 2716 distat
1613 2680 1639 2717 a
1683 2667 1833 2732 cmlo,
1862 2669 2014 2736 pluri-

443 2761 666 2816 mosque
727 2749 1108 2816 suppliciorum
1173 2751 1378 2807 modos.
1435 2753 1546 2808 Etsi
1595 2756 1734 2809 enim
1789 2757 1900 2812 ha-c
1957 2769 2013 2813 ut

439 2847 588 2891 erant
619 2853 866 2893 enarrare
893 2855 994 2892 non
1034 2850 1319 2910 potuerunt
1344 2844 1534 2910 Grmci,
1566 2855 1744 2913 utpote
1777 2851 2002 2918 propriis

437 2929 566 2981 moti
596 2929 902 2995 ratiociniis,
928 2945 1130 2985 necnon
1156 2933 1523 2988 traditionibus
1546 2947 1846 2992 nostrorum
1872 2943 2008 2998 male

435 3018 685 3087 acceptis,
733 3027 964 3074 attamen
1011 3021 1292 3089 imaginem
1321 3026 1600 3093 quamdam
1639 3027 1821 3096 jndicii
1853 3045 2004 3086 acce-

434 3118 643 3177 perunt.
675 3109 908 3179 Itemque
937 3111 1174 3166 invenies
1201 3122 1252 3168 et
1280 3125 1464 3183 poetas
1507 3128 1558 3170 et
1588 3118 1926 3190 philosophos
1951 3131 2006 3178 et

431 3209 672 3254 oratores
715 3207 876 3269 atque
926 3215 1084 3255 omne
1123 3204 1438 3273 scriptortm
1480 3221 1645 3276 genus
1691 3213 1786 3262 hac
1839 3211 1905 3266 de
1945 3226 2002 3267 re

431 3288 882 3360 philosophantes.
910 3291 1074 3345 Audis
1101 3302 1276 3346 autem
1303 3305 1358 3349 et
1391 3295 1626 3366 Elysium
1651 3313 1915 3368 campum,
1947 3311 2002 3356 et

427 3381 702 3434 beatorum
740 3382 956 3448 insulas,
989 3393 1041 3437 et
1071 3396 1218 3452 prata
1261 3395 1313 3441 et
1341 3399 1563 3458 myrtos,
1595 3399 1648 3444 et
1692 3406 1873 3445 auram
1918 3402 1996 3448 te-

425 3485 584 3524 nuem
607 3471 930 3541 odoremque
956 3474 1360 3541 suavissimum;
1385 3478 1577 3534 choros
1603 3480 1724 3534 item
1756 3482 1826 3536 ibi
1853 3497 1997 3538 com-

423 3571 714 3628 merantes,
763 3564 985 3617 amietos
1023 3565 1158 3618 stola
1197 3567 1441 3633 candida,
1491 3572 1714 3626 choreas
1755 3583 1991 3644 agentes,

421 3662 580 3721 atque
609 3653 835 3722 hymnos
860 3655 1114 3725 quosdam
1143 3669 1392 3715 canentes
1422 3680 1434 3714 :
1461 3677 1523 3716 ac
1553 3665 1838 3720 universim
1881 3685 1991 3724 ma-

422 3743 485 3795 lis
512 3751 565 3796 et
597 3742 748 3798 bonis
789 3754 904 3812 post
927 3746 1126 3800 obitum
1155 3751 1438 3817 repositam
1479 3767 1572 3820 pro
1608 3756 1815 3809 meritis
1840 3760 1991 3812 retri-

419 3831 711 3888 butionem.
743 3833 858 3900 Quo
899 3844 1049 3904 putas
1075 3836 1232 3907 igitur
1257 3839 1415 3893 animi
1458 3844 1647 3898 allecto
1679 3847 1857 3902 vivere
1896 3865 1988 3904 eos

416 3921 512 3989 qui
545 3921 806 3990 ejusmodi
851 3925 1198 3993 cogitationes
1233 3939 1465 3996 versant,
1505 3931 1618 3986 sive
1643 3933 1831 4002 bonos,
1874 3937 1986 3993 sive

415 4012 583 4067 malos
599 4013 628 4066 ?-
649 4011 833 4069 Nonne
866 4015 952 4068 alii
979 4016 1214 4086 quidem,
1257 4019 1356 4073 etsi
1384 4020 1436 4074 in
1472 4025 1718 4091 praesenti
1763 4027 1868 4080 vita
1893 4027 1986 4082 de-

411 4113 538 4171 gant
576 4105 691 4158 sine
729 4118 960 4160 moerere
997 4123 1310 4178 summaque
1356 4126 1476 4165 cum
1513 4114 1800 4184 voluptate,
1832 4120 1980 4187 quasi

410 4193 638 4262 quodam
665 4197 1001 4251 conscientia:
1028 4197 1256 4269 ﬂagello,
1289 4201 1691 4276 futurorumque
1719 4210 1978 4265 malorum

409 4287 817 4352 exspectatione
841 4303 1054 4358 semper
1081 4292 1448 4359 stimulantur;
1479 4296 1600 4351 boni
1627 4314 1752 4353 vero
1773 4302 1978 4357 etiamsi

409 4374 562 4431 malis
618 4377 910 4432 innumeris
965 4390 1258 4449 vexentur,
1307 4386 1597 4441 secundum
1653 4389 1974 4457 Pindarum,

408 4484 556 4536 spem
605 4469 821 4537 habent,
862 4487 964 4541 qua
1012 4484 1338 4542 recreentur,
1369 4493 1486 4547 qure
1530 4481 1662 4533 mala
1695 4486 1972 4551 prmsentia

406 4560 552 4626 ipsos
576 4576 673 4615 nec
710 4563 908 4617 sentire
933 4565 1097 4619 sinit?
1121 4564 1299 4636 Itaque
1337 4569 1387 4621 in
1429 4569 1529 4623 hoc
1555 4586 1762 4640 quoque
1805 4575 1974 4641 major

405 4647 519 4703 haec
552 4651 791 4722 voluptas
820 4663 920 4707 est.
955 4654 1118 4709 Multo
1144 4657 1285 4710 enim
1316 4659 1504 4712 melius
1530 4670 1611 4713 est
1638 4675 1668 4713 a
1701 4670 1969 4730 tempora-

405 4740 520 4793 neis
561 4741 829 4797 laboribus
873 4745 1123 4813 incipere,
1166 4757 1325 4816 atque
1358 4749 1409 4802 in
1443 4750 1698 4804 inﬁnitam
1735 4754 1969 4821 requiem

401 4827 664 4895 desinere,
694 4827 850 4901 quam
887 4835 972 4899 iis,
1002 4851 1119 4904 qua:
1147 4836 1524 4905 jucundissima
1555 4841 1798 4897 videntur
1827 4861 1966 4911 esse,

401 4920 632 4975 breviter
657 4923 899 4989 gustatis,
937 4924 988 4977 in
1024 4927 1364 4980 acerbissima
1394 4939 1448 4983 et
1481 4932 1794 4999 gravissima
1833 4938 1968 4992 mala

399 5010 667 5066 decidere.
709 5011 841 5065 Cum
883 5022 1057 5068 autem
1107 5016 1172 5069 ad
1217 5016 1330 5070 lure
1379 5019 1429 5071 in
1477 5023 1722 5077 confesso
1767 5027 1836 5079 sit
1885 5027 1970 5081 hic

399 5098 559 5153 etiam
584 5101 740 5154 vitam
771 5101 911 5155 illam
941 5104 1466 5174 essejucundiorem,
1495 5125 1691 5179 nonne,
1730 5123 1788 5166 ut
1817 5117 1975 5170 initio.

394 5190 659 5256 dicebam,
693 5192 976 5249 miserandi
1019 5203 1142 5250 sunt
1179 5195 1234 5262 ii,
1277 5199 1364 5266 qui
1391 5197 1458 5253 de
1488 5198 1678 5256 talibus
1707 5202 1858 5259 bonis
1886 5205 1963 5259 lae

1206 271 1264 329 S.
1303 272 1579 334 JOANNIS
1613 279 2436 372 CHRYSOSTOMIARCHIEP.
2476 298 3001 366 CONSTANTINOP.

491 380 688 434 coitum
739 383 985 453 explerit.
1038 387 1358 456 voluptatem
1407 393 1692 462 exstinxit;
1745 399 1833 469 qui
1883 409 2058 458 autem

487 470 663 524 adhuc
694 472 745 525 in
779 489 1066 542 congressu
1103 486 1203 543 est,
1253 495 1356 533 non
1401 483 1453 535 in
1485 485 1750 554 voluptate
1789 491 1916 559 agit,
1966 493 2058 547 sed

3631 327 3730 386 3i3

2174 416 2519 482 erymantur?
2549 417 2687 476 Sane
2723 422 2863 478 luctu
2908 427 3096 498 dignus
3140 447 3243 488 non
3292 448 3371 491 est
3413 439 3551 496 ﬁlius
3590 451 3725 511 tuus,

2168 500 2259 554 sed
2302 503 2482 570 plausu
2520 518 2571 561 et
2601 515 2833 580 coronis,
2862 532 2948 586 qut
2988 521 3052 574 ad
3097 527 3428 591 tranquillam
3458 536 3614 588 vitam
3647 547 3726 590 tu-

2167 599 2381 663 tumque
2423 608 2631 666 portum
2667 618 2724 659 se
2754 611 2969 676 recepit.
3000 614 3068 666 At
3091 622 3521 684 exprobranttibi
3555 638 3727 694 patres

2163 682 2394 749 plurimi,
2437 703 2657 755 quorum
2690 691 2779 747 ﬁlii
2811 696 2862 748 in
2906 705 3145 766 praesenti
3190 708 3386 762 sarculo
3416 726 3724 782 versantur;

2160 781 2214 825 et
2241 773 2326 827 alii
2375 791 2492 830 cum
2539 781 2738 850 vident,
2788 796 2926 841 tuam
2974 792 3138 847 vicem
3185 797 3363 852 dolent
3419 803 3458 867 ί,
3503 805 3726 864 irrident

2156 863 2283 917 alii.
2325 865 2431 920 Cur
2474 877 2526 922 tu
2591 887 2695 926 non
2755 890 2850 930 eos
2906 883 3071 950 magis
3117 885 3302 941 irrides
3341 900 3393 944 et
3441 892 3725 963 deploras?

2154 951 2334 1023 Neque
2350 959 2559 1014 enimid
2578 968 2948 1022 attendendum
2966 982 3044 1026 est
3063 975 3105 1027 si
3129 976 3279 1031 nobis
3303 951 3543 1049 illuduni,
3566 989 3656 1041 sed
3674 991 3719 1043 si

2149 1043 2269 1110 jure
2306 1061 2369 1100 ac
2403 1052 2591 1105 merito
2617 1071 2630 1107 :
2655 1064 2707 1109 et
2746 1057 2790 1110 si
2835 1059 2903 1112 ita
2932 1077 3017 1116 res
3055 1079 3113 1118 sc
3154 1065 3367 1132 habeat,
3399 1077 3601 1129 etiarnsi
3644 1078 3719 1134 illi

2152 1148 2255 1188 non
2293 1138 2518 1206 rideant,
2565 1159 2662 1197 nos
2704 1147 3008 1217 lugeamus;
3050 1156 3132 1208 sin
3167 1173 3291 1212 vero
3329 1161 3515 1230 injuria
3562 1169 3612 1222 id
3644 1170 3720 1224 fa-

2149 1224 2309 1290 ciant,
2338 1230 2544 1286 etiamsi
2573 1251 2759 1292 omnes
2784 1240 3011 1308 rideant,
3046 1262 3142 1300 nos
3171 1257 3346 1306 tamen
3377 1254 3558 1311 beatos
3591 1275 3717 1314 cen-

2147 1328 2378 1384 seamus,
2411 1320 2527 1375 illos
2549 1338 2674 1378 vero
2701 1327 2988 1396 lugeamus,
3025 1345 3211 1404 utpote
3239 1341 3328 1409 qui
3367 1346 3604 1400 omnium
3633 1324 3717 1403 in.-

2146 1403 2432 1464 l‘elicissimi
2462 1413 2587 1480 sint,
2619 1425 2672 1471 et
2701 1420 2866 1474 nihilo
2885 1423 3083 1480 insanis
3109 1429 3376 1486 meliores.
3405 1433 3714 1495 lnsanorum

2143 1497 2337 1568 quippe
2368 1514 2470 1566 est,
2509 1513 2562 1558 et
2590 1506 2846 1575 ejusmodi
2892 1515 3076 1569 morbo
3103 1518 3472 1587 laborantium,
3511 1528 3595 1582 illa
3636 1531 3710 1584 ri-

2141 1587 2288 1656 dere,
2321 1606 2438 1660 qua:
2468 1595 2705 1663 plurimis
2735 1601 2976 1658 laudibus
3016 1615 3069 1660 et
3110 1612 3320 1665 coronis
3364 1613 3518 1684 digna
3565 1631 3706 1674 sunt.

2142 1678 2237 1733 Dic
2271 1683 2432 1745 enim,
2468 1701 2668 1756 quaeso,
2712 1691 2754 1744 si
2792 1692 2858 1746 de
2897 1695 3006 1749 ﬁlio
3031 1706 3120 1752 tuo
3149 1703 3452 1760 saltatorem
3483 1719 3536 1762 et
3564 1715 3708 1766 auri-
3769 1733 3780 1741 ε

2136 1783 2320 1839 garum
2358 1774 2618 1831 insaniam
2665 1781 2959 1839 admirante
3002 1796 3051 1841 te
3091 1805 3276 1846 omnes
3331 1795 3605 1854 laudarent
3645 1817 3707 1858 ac

2135 1860 2346 1918 beatum
2375 1869 2743 1936 praedicarent,
2785 1891 2961 1932 nonne
2999 1880 3048 1933 id
3088 1882 3369 1940 derisionis
3397 1889 3512 1943 loco
3539 1892 3705 1949 habe-

2134 1954 2259 2008 res?
2293 1955 2426 2021 Quid
2467 1961 2663 2029 igitur?
2713 1965 2757 2017 si
2801 1973 2852 2020 te
2893 1977 3166 2024 strenuum
3209 1974 3408 2031 facinus
3451 1981 3706 2052 laudeque

2137 2043 2351 2113 dignum
2394 2049 2585 2104 edente
2629 2053 2701 2106 illi
2753 2056 3007 2122 riderent,
3052 2062 3251 2131 tibique
3291 2070 3700 2137 exprobrarent,

2131 2149 2306 2190 nonne
2333 2149 2570 2194 amentes
2593 2142 2710 2196 illos
2737 2160 2852 2199 esse
2875 2148 3117 2203 diceres?
3143 2155 3300 2222 Atqui
3325 2157 3424 2211 hoc
3455 2175 3593 2214 nunc
3623 2162 3702 2216 fa-

2129 2225 2332 2281 ciamus
2360 2247 2372 2282 :
2402 2245 2506 2284 non
2549 2234 2901 2291 multitudinis
2929 2241 3184 2308 opinioni,
3217 2247 3310 2299 sed
3338 2248 3575 2318 diligenti
3617 2269 3704 2308 re-

2127 2332 2241 2370 rum
2273 2323 2498 2375 examini
2529 2326 2788 2380 calculum
2825 2329 2890 2382 de
2919 2331 3024 2384 ﬁlio
3059 2343 3147 2387 tuo
3171 2335 3443 2393 ferendum
3475 2345 3698 2409 permit-

2127 2416 2334 2462 tamus:
2361 2421 2414 2465 et;
2444 2413 2646 2469 videbis
2682 2419 2924 2474 irrisores
2952 2423 3071 2477 illos
3111 2430 3487 2497 mancipiorum
3523 2438 3696 2503 potius

2124 2512 2279 2566 quam
2325 2501 2610 2557 liberorum
2650 2518 2896 2576 parentes
2935 2527 3072 2575 esse.
3117 2520 3160 2569 si
3204 2533 3387 2574 eorum
3429 2526 3536 2578 nati
3586 2527 3696 2583 ﬁlio

2123 2597 2212 2643 tuo
2237 2606 2627 2662 comparentur.

2193 2681 2418 2738 Historia
2455 2689 2716 2757 cujusdam
2749 2695 2962 2750 solitarii
2989 2700 3131 2764 cuius
3157 2713 3298 2770 pater
3333 2708 3532 2775 gentilis
3558 2719 3689 2767 erat.

2116 2773 2351 2830 —Nunc
2377 2794 2533 2847 porro
2559 2797 2787 2840 moerere
2813 2789 3184 2848 obtcnebratus
3208 2812 3272 2851 ne
3297 2802 3558 2868 respicere
3578 2807 3692 2874 qui-

2116 2865 2236 2920 dem
2281 2868 2375 2922 ista
2418 2876 2646 2940 poteris;
2679 2892 2798 2932 cum
2833 2891 3008 2937 autem
3043 2888 3272 2942 animum
3303 2891 3599 2962 sedaveris,
3630 2897 3692 2951 ῆς

2115 2957 2316 3029 liusque
2348 2971 2463 3017 tuus
2497 2980 2736 3036 magnam
2781 2972 3024 3028 virtutem
3056 2977 3384 3048 exhibuerit,
3418 3000 3520 3040 non
3553 2987 3686 3042 ultra

2114 3047 2203 3101 tibi
2229 3050 2450 3106 aliorum
2471 3069 2716 3112 sermone
2739 3075 2871 3129 opus
2891 3064 3010 3130 erit,
3035 3068 3126 3120 sed
3149 3077 3200 3120 tu
3224 3061 3336 3125 haec
3355 3083 3408 3126 et
3433 3073 3512 3129 bis
3537 3076 3684 3144 plura

2110 3140 2226 3193 aliis
2250 3142 2411 3197 dices.
2441 3146 2506 3199 Et
2535 3147 2648 3204 hate
2677 3166 2774 3220 ego
2804 3167 2905 3207 non
2935 3155 3025 3209 tibi
3057 3165 3256 3214 temere
3284 3140 3555 3228 vaticinor,
3587 3168 3681 3221 sed

2108 3244 2224 3298 qua:
2245 3231 2431 3302 loquor
2453 3249 2699 3306 expertus
2725 3257 2864 3296 sum.
2892 3245 3108 3301 Amicus
3132 3251 3270 3304 enim
3298 3253 3423 3306 mihi
3453 3254 3564 3320 fuit,
3592 3259 3680 3325 qui

2108 3333 2311 3391 patrem
2362 3326 2586 3385 habebat
2628 3333 2928 3403 inﬁdelem,
2969 3339 3223 3408 divitem,
3265 3355 3596 3414 spectatum,
3625 3355 3679 3404 et

2105 3415 2450 3488 undequaque
2475 3423 2696 3477 clarum.
2728 3427 2776 3479 ls
2806 3430 3034 3496 primum
3060 3435 3340 3488 concitavit
3380 3439 3673 3509 principes,

2101 3506 2330 3562 minatus
2369 3520 2452 3565 est
2489 3514 2726 3580 vincula,
2767 3517 3041 3589 ipsumque
3087 3526 3333 3580 omnibus
3372 3539 3582 3585 exutum
3621 3533 3675 3586 in

2099 3596 2267 3651 aliena
2295 3608 2434 3654 terra
2463 3603 2687 3672 reliquit,
2714 3609 3026 3663 necessariis
3052 3613 3207 3666 etiam
3235 3615 3495 3672 alimentis
3515 3635 3676 3689 egen-

2101 3695 2227 3753 tem,
2252 3688 2352 3745 hoc
2377 3692 2530 3746 modo
2559 3703 2746 3762 putans
2773 3711 2831 3750 se
2862 3699 3004 3752 illum
3035 3701 3099 3754 ad
3131 3706 3306 3757 smculi
3332 3708 3491 3761 vitam
3515 3688 3674 3765 redu-

2096 3788 2304 3833 cturum
2336 3798 2349 3834 :
2385 3791 2658 3852 postquam
2697 3796 2871 3840 autem
2903 3789 3051 3842 illum
3090 3791 3140 3844 in
3177 3795 3324 3847 nullo
3353 3797 3450 3850 sibi
3479 3799 3670 3854 cedere

2095 3868 2259 3933 vidit,
2288 3870 2456 3924 victus
2491 3873 2698 3927 tandem
2738 3875 3054 3944 palinodiam
3090 3883 3312 3950 cecinit,
3347 3899 3409 3939 ac
3443 3903 3582 3942 nunc
3612 3889 3665 3943 in

2097 3955 2298 4013 honore
2341 3961 2506 4016 ﬁlium
2554 3963 2746 4032 habet,
2786 3981 3012 4038 cumque
3045 3973 3211 4041 magis
3241 3990 3395 4042 quam
3437 3978 3478 4030 si
3519 3989 3668 4046 pater

2092 4061 2220 4104 suus
2260 4061 2438 4118 esset,
2479 4065 2801 4111 veneratur:
2833 4074 3060 4129 cumque
3097 4063 3228 4117 alios
3264 4063 3452 4120 habeat
3495 4069 3662 4134 ﬁlios,

2092 4148 2358 4207 spectatos
2386 4143 2547 4209 viros,
2577 4161 2668 4200 eos
2694 4163 2759 4201 ne
2783 4149 2969 4219 dignos
2994 4154 3202 4222 quidem
3229 4158 3316 4224 qui
3343 4160 3478 4212 servi
3509 4159 3664 4230 hujus

2089 4228 2195 4282 sint
2221 4231 2505 4286 arbitratur
2533 4252 2546 4286 :
2577 4237 2688 4305 ipse
2715 4255 2923 4309 quoque
2953 4253 3166 4312 propter
3192 4247 3356 4300 ﬁlium
3384 4249 3536 4319 longe
3556 4228 3662 4305 cla-

2088 4321 2196 4376 rior
2217 4331 2317 4376 est.
2342 4324 2464 4379 Hzrc
2487 4327 2535 4379 in
2560 4337 2648 4381 tuo
2670 4345 2877 4400 quoque
2900 4334 3006 4388 ﬁlio
3028 4337 3339 4393 videbimus.
3363 4342 3511 4408 Quod
3535 4359 3660 4398 vero

2087 4428 2191 4466 non
2218 4417 2461 4481 mentiar,
2492 4434 2556 4472 ex
2586 4422 2744 4475 rebus
2775 4424 2901 4492 ipsis
2933 4427 3150 4481 videbis.
3184 4431 3357 4495 Quare
3389 4435 3545 4488 linem
3579 4437 3656 4489 lo-

2083 4505 2278 4573 quendi
2307 4506 2514 4574 faciam,
2547 4510 2597 4564 id
2624 4520 2822 4566 tantum
2851 4531 3060 4585 rogans,
3093 4528 3150 4572 ut
3175 4535 3312 4574 anno
3341 4539 3446 4576 uno
3471 4540 3659 4594 exspeo

2083 4605 2216 4661 etes,
2247 4608 2335 4651 ant
2361 4600 2534 4655 minus
2559 4604 2738 4658 etiam.
2768 4605 2954 4660 Nostra
2975 4611 3171 4678 quippe
3195 4612 3358 4666 virtus
3386 4630 3488 4667 non
3522 4619 3656 4670 mul-

2084 4685 2152 4738 tis
2178 4701 2310 4755 opus
2344 4688 2504 4744 habet
2531 4691 2716 4748 diebus
2736 4735 2750 4760 ,
2784 4703 2962 4764 utpote
2989 4715 3105 4766 qua)
3130 4699 3304 4754 divina
3331 4705 3496 4771 gratia
3534 4706 3652 4772 pul-

2081 4775 2210 4829 lulet
2232 4794 2244 4828 :
2272 4779 2576 4850 videbisque
2597 4797 2660 4836 ea
2679 4785 2853 4838 omnia
2875 4803 2990 4855 quae
3011 4788 3148 4842 dicta
3169 4799 3309 4854 sunt,
3336 4793 3494 4848 rebus
3521 4794 3650 4862 ipsis

2081 4865 2292 4933 impleta
2332 4884 2344 4921 :
2388 4883 2556 4938 neque
2595 4871 2752 4926 modo
2791 4889 2852 4927 ea
2893 4890 3008 4943 qute
3051 4877 3184 4931 facta
3221 4889 3344 4932 sunt
3381 4881 3649 4950 laudabis,

2075 4969 2260 5008 verum
2282 4997 2297 5020 ,
2330 4958 2373 5009 si
2409 4966 2460 5012 te
2495 4961 2753 5015 tantillum
2789 4965 3019 5021 excitare
3048 4969 3273 5023 volueris
3293 5010 3309 5036 ,
3339 4971 3444 5026 cito
3484 4974 3647 5042 ipsius

2075 5046 2294 5100 :emnlus
2321 5047 2457 5114 eris,
2489 5051 2793 5120 magistrum
2821 5053 3022 5110 habens
3051 5059 3103 5111 in
3132 5059 3323 5117 virtute
3351 5061 3539 5118 ﬁlium.

2141 5229 2154 5259 ¹
2191 5227 2327 5278 savii.
2347 5230 2396 5278 in
2428 5233 2666 5295 margine,
2685 5238 2729 5284 te
2750 5233 2898 5299 digito
2919 5233 3185 5300 designant.
