4124 6144
169 333 272 390 367

170 448 226 505 ἐν
256 445 473 519 θορύϐῳ
503 445 598 501 καλ.
631 448 841 519 ταραχῇ
882 447 975 502 καὶ
1004 450 1203 522 οἴστρῳ
1236 450 1329 504 καὶ
1358 450 1524 522 μανίᾳ
1551 451 1646 506 καὶ
1672 451 1846 523 κλόνῳ

170 533 351 606 πολλῷ
373 535 470 588 καὶ
497 534 748 608 βρασμῷ.
789 535 931 589 Ἀλλ’
956 536 1054 608 οὐχ
1081 540 1114 610 ἡ
1145 540 1277 609 παρ’
1309 540 1440 609 ἡμῖν
1465 539 1628 612 ἡδονὴ
1660 540 1846 594 τοιαύ-

169 636 264 695 τη’
298 626 377 697 μὴ
407 625 648 695 γένοιτο’
680 624 818 679 ἀλλά
862 625 1153 691 διαπαντὸς
1197 629 1527 700 ἀχείμαστον
1564 632 1725 699 τηρεῖ
1750 628 1846 702 τὴν

166 709 378 781 ψυχὴν,
412 713 513 781 καὶ,
546 711 774 782 θόρυϐον
803 711 1014 777 οὐδένα,
1041 713 1163 767 οὐδὲ
1197 714 1384 768 κλόνον
1422 715 1647 784 ἐπάγει,
1676 717 1847 771 καθα-

173 800 269 871 ρὰν
310 797 369 852 δέ
414 812 536 852 τινα
579 797 920 871 εὐφροσύνην
950 801 1045 854 καὶ
1079 802 1348 875 εἰλικρινῆ
1389 804 1483 857 καλ⁸
1510 804 1719 870 ἔνδοξον
1750 808 1850 861 καί.⁴

168 886 318 949 τέλος
344 885 445 939 οὐκ
472 886 722 957 ἔχουσαν,
749 886 1124 959 δυνατωτέραν
1147 906 1206 943 τε
1243 890 1423 962 πολλῷ
1450 890 1563 963 [74]
1594 894 1687 947 καὶ
1716 911 1845 964 σφο-

169 972 431 1046 δροτέραν
459 972 563 1043 τῆς
592 974 722 1045 παρ’
758 971 909 1044 ὑμῖν.
945 976 1065 1030 Ὀτι
1093 976 1201 1048 γὰρ
1230 976 1393 1047 ἡδίων
1422 976 1560 1051 αὕτη
1589 983 1621 1050 ἡ
1657 981 1841 1055 ἡδονὴ,

169 1060 264 1130 τὴν
300 1061 403 1131 μὲν
448 1061 723 1132 ὑμετέραν
764 1061 949 1125 ἱκανὸς
987 1063 1290 1134 ἀποστῆσαι
1329 1064 1495 1134 φόϐος
1530 1083 1544 1097 ·
1578 1066 1680 1122 κᾶν
1735 1068 1844 1142 γὰρ

172 1149 423 1222 βασιλεὺς
452 1152 757 1223 γράμματα
787 1153 1120 1226 καταπέμψῃ
1150 1153 1377 1209 θάνατον
1407 1156 1753 1219 ἀπειλοῦντα,
1782 1160 1844 1214 τὸ

170 1238 334 1292 πλέον
386 1237 495 1292 τῶν
542 1237 846 1310 ἀνθρώπων
890 1242 1213 1312 ἐκστήσεται
1256 1241 1460 1314 ταύτης
1503 1243 1604 1315 τῆς
1626 1246 1841 1317 ’ἡδονῆς⁴

168 1325 384 1397 ἐκείνης
404 1325 461 1379 δέ
481 1336 522 1394 ⁸,
545 1325 648 1380 κᾶν
671 1327 897 1400 μυρίους
918 1327 1178 1394 θανάτους
1195 1346 1280 1393 τις
1302 1330 1559 1403 ἐπιφέρῃ,
1581 1333 1643 1386 οὐ
1664 1333 1843 1389 πείσει

167 1418 565 1484 καταφρονεῖν,
616 1413 752 1468 ἀλλά
814 1418 911 1471 καὶ
961 1416 1355 1487 γελασθήσεται
1416 1419 1650 1488 μᾶλλον·
1700 1421 1845 1476 οὕτω

165 1500 610 1571 τυραννικωτέρα
637 1517 696 1554 τε
721 1500 857 1574 αὕτη
881 1503 1030 1556 ἐστὶν
1053 1502 1269 1574 ἐκείνης
1291 1504 1386 1558 καὶ
1409 1504 1591 1576 ἡδίων,
1619 1507 1713 1560 καὶ
1735 1508 1842 1562 οὐδ’

162 1584 232 1639 ἀν
253 1584 542 1656 σύγκρισιν
566 1586 778 1652 δέξαιτο
795 1588 823 1629 δ
846 1587 981 1660 πρὸς
1003 1589 1238 1662 ἐκείνην.
1266 1590 1356 1661 Μὴ
1382 1589 1446 1661 δὴ
1469 1591 1748 1665 βασκήνῃς
1766 1593 1845 1665 τῷ

164 1673 338 1737 παιδὶ,
365 1675 476 1728 ἀπὸ
498 1673 608 1728 τῶν
638 1675 875 1748 ῥεόντων
903 1675 1148 1745 ἀγαθῶν,
1182 1677 1381 1748 μᾶλλον
1414 1678 1470 1732 δὲ
1498 1679 1620 1732 οὐδὲ
1652 1679 1842 1745 όντων,

164 1759 258 1812 ἐπὶ
270 1759 341 1812 τά
363 1759 495 1814 ὄντα
515 1762 609 1814 καὶ
638 1761 865 1832 μένοντα
889 1762 1236 1830 διαϐαίνοντι,
1259 1766 1393 1836 μηδὲ
1417 1766 1601 1839 θρήνει
1626 1767 1715 1822 τὸν
1740 1785 1846 1839 μα-

162 1847 489 1918 καρίζεσθαι
528 1849 696 1916 ἄξιον,
739 1850 854 1904 ἀλλ’
884 1851 940 1905 εί
980 1869 1066 1916 τις
1106 1853 1181 1923 μὴ
1219 1853 1459 1918 τοιοῦτος
1500 1855 1752 1926 καθάπερ
1789 1858 1848 1909 ἐν

163 1935 379 2007 εὑρίπῳ
426 1935 505 2007 τῷ
549 1937 779 2010 παρόντι
814 1939 914 2010 βίῳ
961 1939 1282 2012 φερόμενος.
1323 1942 1435 1996 Καὶ
1470 1941 1532 1996 τό
1573 1943 1635 2014 δὴ
1677 1944 1847 2014 κεφάο

162 2021 343 2076 λαιον·
374 2025 547 2096 είγάρ
571 2025 664 2079 καὶ
679 2025 912 2092 ἄπιστος
937 2028 1002 2080 σὺ
1032 2029 1127 2082 καὶ
1156 2029 1648 2102 ”Ελλην,ὂμωςκᾶν
1661 2031 1847 2086 τοῦτον

160 2111 447 2184 παραδέξῃ
469 2112 560 2167 τὸν
582 2112 760 2183 λόγον.
793 2114 1039 2179 Ἀκούεις
1062 2117 1358 2182 Κωκυτούς
1382 2119 1599 2183 πάντως
1621 2119 1716 2173 καὶ
1739 2120 1848 2173 [luo

162 2200 589 2271 ριφλεγέθοντας
608 2204 909 2273 ποταμοὺς,
928 2203 1024 2257 καὶ
1044 2203 1247 2273 Στυγὸς
1270 2204 1433 2276 ὕδωρ,
1452 2207 1547 2259 καὶ
1562 2206 1848 2277 Τάρταρον

158 2286 416 2339 τοσοῦτον
444 2288 717 2360 ἀπέχοντα
740 2289 843 2359 τῆς
875 2292 998 2360 γῆς,
1028 2292 1152 2346 ὅσον
1184 2291 1323 2364 αὕτη
1347 2292 1441 2346 τοῦ
1471 2294 1724 2366 ούρανοῦ,
1755 2294 1858 2348 καὶι

158 2373 396 2439 πολλοὺς
425 2375 705 2433 κολάσεων
737 2378 993 2448 τρόπους.
1026 2380 1089 2432 El
1126 2380 1235 2452 γὰρ
1266 2381 1360 2434 καὶ
1395 2380 1532 2451 μετὰ
1556 2382 1843 2454 ἀληθείας,

158 2460 238 2524 ὥς
254 2461 393 2532 ἔχει,
422 2463 596 2518 ταῦτα
619 2466 794 2519 εἰπεῖν
814 2467 914 2520 οὐκ
939 2466 1280 2539 ἠδυνήθησαν
1308 2468 1590 2542 Ἕλληνες,
1621 2469 1718 2524 ἀτε
1740 2471 1847 2524 ἀπὸ

158 2547 442 2621 λογισμῶν
505 2552 821 2623 κινηθέντες
876 2556 970 2607 καὶ
1037 2557 1512 2628 παρακουσμάτων
1562 2558 1672 2612 τῶν
1715 2559 1844 2630 παρ’

158 2637 329 2710 ἡμῖν,
355 2639 469 2693 ἀλλ’
501 2641 652 2712 ὅμως
676 2641 862 2696 εἰκόνα
885 2642 1007 2696 τινὰ
1036 2644 1272 2714 κρίσεως
1302 2644 1493 2699 ἔλαϐον
1514 2664 1527 2677 ο
1560 2647 1655 2700 καὶ
1683 2665 1842 2718 ποιη-

160 2725 262 2789 τὰς
305 2726 401 2779 καὶ
431 2727 754 2798 φιλοσόφους
797 2730 892 2782 καὶ
931 2729 1276 2799 λογοποιοὺς,
1309 2735 1405 2786 καὶ
1439 2733 1644 2798 πάντας
1684 2736 1847 2807 εὑρή-

163 2829 278 2879 σεις
296 2815 440 2885 ὑπὲρ
460 2814 665 2869 τούτων
690 2816 1113 2886 φιλοσοφοῦντας
1138 2818 1246 2872 τῶν
1262 2819 1570 2891 δογμάτων.
1601 2823 1846 2887 Ἀκούεις

160 2900 219 2954 δὲ
245 2901 341 2954 καὶ
374 2901 624 2955 Ἠλύσιον
645 2904 847 2969 πεδίον,
879 2904 974 2958 καὶ
999 2907 1264 2977 μακάρων
1282 2908 1501 2979 νήσους,
1527 2909 1621 2962 καὶ
1645 2908 1846 2981 λειμῶ-

162 3006 282 3054 νας,
315 2989 409 3043 καὶ
441 2991 729 3063 μυρσίνας,
764 2991 860 3045 καὶ
888 2991 1090 3064 λεπτὴν
1111 2992 1308 3065 αὕραν,
1335 2996 1430 3048 καὶ
1455 2995 1683 3050 εὐωδίαν
1718 2995 1847 3050 πολ-

161 3077 283 3150 λὴν,
313 3080 409 3134 καὶ
436 3081 631 3151 χοροὺς
665 3080 784 3134 ἐκεῖ
818 3080 1219 3153 διατρίϐοντας,
1256 3084 1351 3136 καὶ
1382 3083 1584 3156 λευκὴν
1627 3083 1850 3156 περιϐε-

162 3165 264 3238 ϐλη
273 3167 471 3239 μένους
496 3167 709 3239 στολὴν,
738 3168 1061 3240 χορεύοντάς
1089 3187 1148 3223 τε
1174 3170 1269 3224 καὶ
1290 3171 1515 3242 ᾅδοντας
1543 3171 1747 3243 ὕμνους
1771 3190 1850 3226 τι-

159 3252 293 3319 νάς,
328 3254 424 3307 καὶ
465 3253 601 3318 ὅλως
649 3255 746 3308 καὶ
783 3259 1041 3327 πονηροῖς
1081 3257 1175 3310 καὶ
1205 3256 1431 3326 ἀγαθοῖς
1473 3258 1850 3330 ἀποκειμένην

156 3339 431 3395 ἀντίδοσιν
454 3341 594 3410 μετά
609 3342 709 3414 τὴν
730 3342 978 3397 ἐντεῦθεν
994 3345 1321 3415 ἀποδημίαν.
1338 3345 1463 3410 Πῶς
1479 3341 1570 3400 οὖν
1585 3346 1687 3400 οἴει
1711 3347 1850 3417 μετὰ

154 3427 423 3481 τοιούτων
452 3428 601 3499 βιοῦν
626 3429 734 3483 τῶν
757 3430 1034 3503 λογισμῶν
1057 3443 1080 3471 ο
1112 3432 1238 3496 τούς
1259 3449 1318 3485 τε
1344 3433 1605 3502 ἀγαθοὺς,
1630 3433 1759 3497 τούς
1786 3452 1847 3488 τε

156 3514 220 3567 οὐ
248 3513 559 3579 τοιούτους;
587 3514 699 3586 Οὐχ
726 3518 776 3569 οί
810 3518 907 3587 μὲν
930 3517 1100 3571 ταῦτα
1119 3519 1462 3590 στρέφοντες,
1499 3519 1601 3573 κᾶν
1627 3520 1849 3585 ἀλύπως
1886 3530 1893 3539 ’

157 3603 347 3666 αὐτοῖς
381 3603 477 3655 καὶ
528 3603 669 3672 μετὰ
715 3604 920 3676 πολλῆς
947 3606 1052 3676 τῆς
1101 3607 1295 3679 ἡδονῆς
1336 3607 1405 3661 τά
1441 3608 1535 3662 τοῦ
1581 3609 1848 3677 παρόντος

157 3693 425 3763 προχωρῇ
462 3690 599 3761 βίου,
632 3693 886 3767 καθάπερ
924 3694 1029 3749 ὑπό
1056 3712 1200 3760 τινος
1238 3694 1551 3751 ἐλαύνονται
1585 3699 1848 3769 μάστιγος

157 3780 253 3832 τοῦ
288 3779 593 3844 συνειδότος
625 3781 718 3836 καὶ
749 3781 849 3853 τῆς
897 3783 1225 3855 προσδοκίας
1268 3783 1375 3837 τῶν
1418 3783 1718 3856 δεξομένων
1746 3788 1847 3839 αὐ-

157 3868 287 3931 τοὺς
310 3868 503 3922 δεινῶν
519 3886 533 3898 ·
555 3871 603 3922 οἱ
619 3870 675 3923 δὲ
703 3870 897 3940 ἀγαθοὶ
914 3871 1017 3926 κᾶν
1042 3872 1212 3944 μυρία
1241 3873 1490 3943 πάσχωσι
1513 3873 1679 3933 κακὰ,
1705 3874 1848 3928 κατά

160 3955 458 4026 Πίνδαρον,
491 3955 680 4010 ἐλπίδα
712 3959 1076 4030 κουροτρόφον
1106 3958 1318 4029 ἔχουσιν
1338 3960 1438 4011 οὐκ
1464 3960 1715 4027 ἀφιεῖσαν
1736 3961 1845 4014 τῶν

160 4044 450 4114 παρόντων
476 4044 661 4098 κακῶν
682 4045 933 4114 αἴσθησιν
962 4046 1175 4111 λαϐεῖν;
1208 4046 1369 4098 Ὥστε
1401 4046 1493 4099 καὶ
1518 4047 1655 4100 κατᾶ
1690 4048 1846 4125 τοῦτο

165 4130 370 4202 μείζων
395 4132 578 4203 ἐκείνη
620 4133 653 4202 ἡ
684 4133 865 4204 ἡδονή.
905 4132 1093 4204 Πολλῷ
1124 4132 1232 4204 γάρ
1264 4132 1494 4204 βέλτιον.
1528 4133 1636 4187 ἀπὸ
1666 4136 1845 4190 πόνων

161 4216 517 4289 προσκαίρων
549 4218 855 4290 ἀρξάμενον
895 4220 1030 4289 πρὸς
1067 4220 1369 4273 ἀνάπαυσιν
1400 4220 1626 4289 ἄπειρον
1655 4219 1844 4272 τελευς

160 4304 283 4374 τᾷν,
321 4305 355 4376 ἢ
385 4305 493 4357 τῶν
518 4305 817 4360 δοκούντων
844 4302 982 4360 εἶναι
1008 4307 1237 4378 ἡδίστων
1263 4310 1320 4361 ἐν
1351 4307 1541 4379 βραχεί
1567 4310 1840 4379 γευσάμε-

160 4406 287 4455 νον,
322 4391 418 4443 ἐπὶ
454 4390 522 4444 τά
574 4392 873 4464 πικρότερα
907 4394 1000 4446 καὶ
1044 4395 1419 4467 φορτικώτερα
1466 4395 1621 4466 λῆξαι
1673 4397 1837 4467 κακά.

162 4476 338 4532 Ὅταν
366 4478 423 4532 δὲ
462 4479 598 4549 πρὸς
620 4479 794 4550 τούτῳ
830 4482 924 4535 καὶ
957 4466 1375 4555 ὡμολογημένον
1417 4479 1473 4557 ᾗ,
1514 4484 1595 4536 ὅτι
1624 4484 1716 4537 καὶ
1750 4466 1839 4537 ἐνλ

160 4558 338 4619 ταῦθα
370 4562 523 4631 οὗτος
554 4570 583 4621 ό
630 4567 744 4638 βίος
784 4568 974 4639 ἡδίων,
1011 4568 1131 4640 οὐχὶ
1172 4568 1330 4622 τοῦτο
1367 4570 1502 4640 ὅπερ
1540 4572 1840 4642 ἀρχόμενος

161 4651 299 4723 ἔφην
318 4654 535 4726 ἀνάγκη
559 4656 654 4709 νῦν
676 4659 869 4721 ποιεῖν,
900 4655 1069 4709 ἐλεεῖν
1088 4656 1213 4719 τοὺς
1233 4656 1301 4709 τὰ
1331 4655 1554 4710 τοιαῦτα
1576 4658 1840 4728 δακρύον-

161 4756 259 4804 τας
289 4741 504 4810 ἀγαθά;
537 4743 614 4795 Οὐ
643 4742 708 4816 δὴ
731 4743 943 4815 θρήνων
968 4743 1117 4810 ἄξιος
1144 4745 1173 4796 ό
1198 4744 1326 4806 παῖς
1355 4743 1384 4794 ὁ
1414 4743 1527 4807 σὸς,
1555 4742 1691 4797 ἀλλά
1714 4746 1845 4815 κρό-

227 4898 254 4960 _'
277 4897 436 4960 ﬁdem
464 4899 646 4960 ἐκείνην
665 4901 734 4950 δέ.

222 4954 255 4996 ι’
278 4959 458 5009 Morel.
473 4969 526 5010 et.
544 4954 655 5025 ipée
675 4962 844 5011 Montf.
859 4959 1154 5023 “gemam
1173 4962 1375 5023 δέξαιτο,
1393 4962 1525 5024 quod
1547 4965 1845 5026 recepimus.

436 5083 675 5151 (νῖκίζοῖειΔ
707 5088 788 5151 ζῇν
809 5085 928 5149 μετά
955 5084 1188 5151 τοιούτων
1227 5086 1324 5134 τῶν
1358 5086 1458 5147 λόγ.
1485 5084 1627 5135 Alius
1647 5087 1737 5136 οῐει
1761 5091 1844 5151 ζῇν

157 5145 283 5209 μετὰ
297 5144 484 5196 τ’θότωί
504 5146 603 5195 τῶν
622 5145 724 5209 λόγ.
739 5144 928 5198 ἰόευω
951 5144 1152 5197 Pindari
1171 5161 1406 5209 nusquam
1425 5144 1649 5210 'reperio.

1054 332 1423 391 ADVERSUS
1461 332 2013 394 OPPUGNATORES
2050 336 2235 393 VITJE
2275 337 2573 398 MONAST.
2612 341 2739 396 LIB.
2782 341 2844 398 Ιί.

3518 336 3637 403 3ιέ

1943 469 2052 507 των
2098 453 2194 507 καὶ
2231 454 2532 524 στεφάνων,
2575 456 2667 510 ἐπὶ
2709 456 2807 528 τὴν
2847 453 3161 528 ἀκύμαντον
3200 455 3349 531 ζωὴν
3393 457 3489 514 καὶ
3535 460 3624 513 τδν
3680 500 3691 519 .

1945 542 2118 597 εὖδιον
2145 543 2339 614 λιμένα
2362 543 2549 598 ἐλθών.
2588 544 2728 598 Ἀλλ’
2751 544 3069 611 ὀνειδίζουσί
3096 562 3155 599 σε
3181 545 3414 617 πατέρες
3440 545 3623 602 ⁸πολλοὶ

1946 631 2094 695 υἱοὺς
2137 630 2350 701 ἔχοντες
2396 632 2453 684 ἐν
2485 631 2563 701 τῷ
2598 633 2823 704 παρόντι
2869 633 3266 704 στρεφομένους
3300 631 3401 702 βίῳ
3438 630 3484 697 ά,
3530 635 3624 686 καὶ

1943 717 2238 790 δακρύουσί
2268 736 2349 780 σε,
2376 719 2506 773 ὅταν
2536 719 2714 773 ίδωσιν
2737 721 2913 791 ἕτεροι
2941 722 3035 773 καὶ
3061 719 3295 788 γελῶσιν
3318 719 3486 773 ἄλλοι.
3525 722 3622 772 Διά

1943 807 1996 861 τί
2023 808 2079 861 δὲ
2112 807 2187 879 μὴ
2214 807 2438 872 τούτους
2470 808 2534 861 σὺ
2566 807 2766 878 μᾶλλον
2790 809 3097 879 καταγελᾷς
3124 810 3216 862 καὶ
3249 807 3495 871 πενθεῖ;;
3528 808 3619 879 Μὴ

1942 894 2051 967 γὰρ
2071 895 2135 967 δὴ
2155 892 2313 947 τοῦτο
2335 892 2645 965 σκοπῶμεν,
2664 896 2712 947 εί
2736 894 3079 948 σκώπτουσιν
3099 896 3266 965 ἡμᾶς,
3294 892 3408 966 [75]
3434 893 3545 946 ἀλλ’
3575 895 3622 945 εί

1943 980 2124 1045 καλῶς
2152 982 2245 1035 καὶ
2285 981 2536 1044 δικαίως·
2570 980 2673 1035 κᾶν
2721 982 2820 1052 μὲν
2852 982 3009 1034 τοῦτο
3038 978 3094 1056 ᾗ,
3114 982 3207 1034 καὶ
3238 982 3311 1053 μὴ
3342 979 3622 1048 γελώντων

1942 1067 2167 1122 ἐκείνων
2206 1071 2368 1139 ἡμεῖς
2403 1069 2760 1139 δακρύωμεν,
2797 1068 2891 1121 ἐὰν
2926 1067 2979 1121 δὲ
3010 1069 3210 1131 ἀδίκως
3247 1068 3409 1121 τοῦτο
3449 1069 3624 1138 πράτ-

1941 1156 2221 1220 τωσι,κᾶν
2248 1155 2486 1220 ἀπαντες
2513 1155 2765 1224 γελῶσιν,
2800 1157 2961 1228 ἡμεῖς
2991 1157 3091 1226 μὲν
3120 1157 3346 1218 ἑαυτοὺς
3386 1156 3622 1225 μακαρί-

1943 1241 2145 1314 ζωμεν,
2181 1243 2424 1308 ἐκείνους
2459 1244 2515 1297 δέ
2542 1242 2848 1315 θρηνῶμεν,
2887 1241 2981 1296 ἅτε
3009 1241 3228 1295 πάντων
3265 1240 3624 1309 ἀθλιωτέρους

1941 1329 2122 1395 ὄντας,
2157 1331 2251 1384 καὶ
2285 1330 2394 1383 τῶν
2429 1331 2770 1401 μαινομένων
2808 1329 2958 1382 οὐδὲν
2988 1329 3361 1400 διαφέροντας.
3407 1326 3480 1379 Τὸ
3513 1327 3623 1396 γὰρ

1941 1415 2106 1487 γελᾷν
2137 1416 2207 1470 τά
2239 1416 2449 1470 πολλῶν
2474 1417 2711 1471 ἐπαίνων
2738 1416 2863 1483 ἀξια
2898 1416 2993 1469 καὶ⁵
3026 1416 3324 1483 στεφάνων,
3363 1414 3625 1485 μαινομέ·

1942 1520 2048 1558 νων
2076 1503 2214 1570 ἐστὶ,
2247 1504 2344 1558 καὶ
2369 1504 2480 1558 τῶν
2508 1504 2578 1558 τὰ
2608 1503 2749 1558 αύτά
2779 1502 3079 1557 νοσούντων
3112 1503 3315 1565 αὐτοῖς.
3347 1501 3478 1554 Εἰπὲ
3510 1500 3621 1571 γάρ

1946 1609 2068 1664 μοι,
2110 1593 2158 1644 εἰ
2197 1590 2327 1663 περϊ
2353 1592 2454 1663 τὴν
2484 1592 2592 1645 τῶν
2618 1592 2964 1663 ὀρχουμένων
2998 1591 3093 1644 καὶ
3125 1589 3224 1661 τὴν
3253 1590 3360 1643 τῶν
3392 1588 3624 1660 ἡνιόχων

1952 1679 2151 1748 μανίαν
2172 1680 2508 1752 ἐπτοημένου
2529 1680 2623 1733 τοῦ
2647 1679 2836 1742 παιδὸς
2862 1678 3094 1750 ἐπῄνουν
3116 1695 3177 1732 σε
3198 1678 3293 1732 καὶ
3315 1674 3625 1746 ἐθαύμαζον

1951 1765 2191 1831 ἅπαντες
2217 1767 2311 1820 καὶ
2338 1767 2674 1839 μακαριστὸν
2709 1762 2848 1820 εἶναι
2874 1765 3077 1834 ἔλεγον,
3107 1766 3227 1836 οὐχ).
3256 1764 3450 1836 χλεύην
3484 1759 3623 1815 εἶναι

1947 1852 2007 1905 τὸ
2037 1855 2269 1924 πρᾶγμα
2295 1853 2581 1924 ἐνόμισας;
2622 1852 2688 1906 Τί
2717 1851 2794 1913 δέ,
2824 1854 2872 1905 εἰ
2903 1851 3150 1921 γενναῖόν
3181 1869 3231 1904 τι
3261 1852 3354 1903 καὶ
3390 1849 3626 1902 ἐπαίνων

1947 1939 2098 2007 ἀξιον
2139 1941 2472 2013 πράττοντος
2516 1939 2720 2010 ἐγέλων
2761 1940 2958 1993 ἐκεῖνοι
3010 1939 3105 2014 καὶ
3149 1937 3453 2002 ὠνείδιζον,
3503 1935 3626 2008 οὐχὶ

1950 2028 2286 2099 παραπαίειν
2310 2029 2506 2093 αὐτοὺς
2534 2028 2600 2082 ἂν
2631 2028 2798 2098 έφης;
2835 2026 3004 2080 Τοῦτο
3028 2027 3093 2098 δὴ
3118 2026 3359 2096 ποιῶμεν
3387 2027 3480 2079 καὶ
3506 2022 3623 2087 νῦν,

1952 2115 2027 2186 μὴ
2059 2117 2123 2186 τῇ
2154 2115 2269 2202 τῶι
2293 2114 2502 2168 πολλῶν
2533 2114 2786 2185 ὑπονοίᾳ,
2819 2112 3189 2202 ἀλλ’-ἀκριϐεῖΔ
3219 2107 3627 2202 λογισμῶν-ἐξ-

1949 2202 2135 2256 ετάσει
2161 2197 2263 2274 τὴν
2282 2205 2410 2274 περὶ
2421 2202 2514 2257 τοῦ
2542 2202 2733 2266 παιδὸς
2761 2200 3144 2272 ἐπιτρέποντες
3165 2199 3364 2271 ψῆφον,
3390 2199 3483 2252 καὶ
3505 2197 3626 2267 ὄψει

1947 2292 2074 2355 τοὺς
2096 2290 2370 2360 γελῶντας
2395 2291 2618 2355 τούτους
2644 2288 2991 2360 ἀνδραπόδων
3018 2287 3238 2358 μᾶλλον,
3264 2288 3296 2358 ἡ
3325 2285 3627 2357 ἐλευθέρων

1924 2376 2104 2442 -όντας
2134 2379 2338 2433 παίδων
2370 2382 2609 2451 πατέρας
2627 2419 2642 2444 ,
2685 2378 2812 2430 ὅταν
2839 2377 2977 2447 πρὸς
3002 2376 3095 2429 τὸν
3120 2376 3233 2429 υἱὸν
3267 2373 3625 2440 ὲξετάζωνται

1948 2465 2149 2518 ἐκεῖνοι
2177 2466 2268 2519 τὸν
2301 2467 2410 2521 σόν.

2017 2553 2131 2606 Νῦν
2163 2553 2261 2625 μὲν
2295 2554 2402 2626 γὰρ
2430 2553 2532 2607 ὑπὸ
2562 2552 2655 2606 τοῦ
2690 2552 2897 2616 πάθους
2932 2550 3311 2622 σκοτούμενος,
3349 2548 3472 2603 οὐδὲ
3511 2548 3628 2600 δια-

1946 2639 2138 2710 ϐλέψαι
2177 2640 2313 2713 πρὸς
2346 2639 2520 2694 ταῦτα
2554 2639 2790 2711 δυνήσῃ·
2830 2641 2958 2693 ὅταν
2993 2638 3048 2692 δὲ
3082 2637 3276 2709 μικρὸν
3303 2634 3624 2708 ἀναπαύσῃ,

1945 2729 2041 2782 καλ⁹
2078 2731 2106 2783 ό
2141 2728 2257 2793 υίὸς
2297 2728 2497 2798 πολλὴν
2531 2727 2865 2800 ἐπιδείξηται
2906 2726 3006 2800 τὴν
3051 2726 3276 2796 ἀρετὴν,
3308 2722 3491 2776 οὐκέτι
3543 2738 3628 2774 σοι

1944 2815 2117 2886 λόγων
2156 2816 2375 2888 δεὴσει,
2412 2815 2548 2870 ἀλλὰ
2583 2814 2755 2870 ταῦτα
2800 2815 2864 2869 σὺ
2898 2814 3037 2887 πρὸς
3084 2813 3303 2886 ἐτέρους
3338 2814 3493 2883 ’ἐρεῖς
3534 2810 3628 2863 καὶ

1946 2904 2167 2957 πλείονα
2191 2903 2414 2957 τούτων.
2447 2904 2555 2957 Καὶ
2578 2905 2676 2974 οὐχ
2711 2902 2898 2966 ἁπλῶς
2937 2919 3018 2955 σοι
3052 2900 3229 2955 ταῦτα
3270 2898 3623 2970 μαντεύομαι,

1948 2989 2062 3046 ἀλλ’
2082 3003 2106 3031 ε
2133 2992 2242 3046 ἀπὸ
2268 2993 2367 3064 τῆς
2393 2988 2938 3062 πείραςξαύτῆς.’1(αλ¹
2963 2988 3072 3060 γὰρ
3090 2988 3214 3059 ἐμοὶ
3237 2986 3460 3056 γέγονεν
3479 2987 3625 3038 ἐταῖ-

1949 3096 2063 3152 ρος,
2096 3080 2312 3153 πατέρα
2339 3080 2568 3134 ἄπιστον
2591 3076 2729 3149 ἔχων
2753 3076 3088 3132 πλουτοῦντα
3115 3075 3209 3129 καὶ
3228 3074 3513 3141 εὐδόκιμον
3534 3072 3627 3126 καὶ

1948 3167 2213 3223 πάντοθεν
2242 3168 2527 3240 λαμπρόν·
2567 3168 2661 3221 καὶ
2696 3160 2851 3232 οὗτος
2881 3168 2910 3220 ό
2956 3166 3141 3237 πατὴρ
3182 3164 3244 3218 τὺ
3279 3164 3379 3234 μὲν
3409 3162 3628 3235 πρῶτον

1947 3256 2043 3309 καὶ
2071 3257 2338 3329 ἄρχοντας
2368 3257 2609 3327 ἐκίνησε,
2651 3255 2746 3309 καὶ
2774 3254 2950 3325 δεσμὰ
2973 3252 3256 3324 ἠπείλησε,
3284 3251 3378 3305 καὶ
3408 3250 3626 3305 πάντων

1946 3341 2108 3395 αὐτὸν
2137 3341 2414 3406 ἀποδύσας
2450 3342 2544 3395 ἐπὶ
2584 3342 2684 3414 τῆς
2724 3339 3012 3410 ἀλλοτρίας
3056 3337 3205 3391 είασε
3234 3336 3340 3406 γῆς
3361 3377 3375 3401 ,
3409 3334 3627 3404 καὶτῆς

1947 3427 2251 3496 ἀναγκαίας
2275 3428 2530 3499 δεόμενον
2556 3426 2763 3501 τροφῆς
2783 3468 2797 3491 ,
2827 3427 2902 3490 ῶς
2930 3425 3101 3497 ταύτῃ
3135 3424 3339 3478 πείσων
3365 3422 3500 3493 πρὸς
3525 3421 3625 3492 τὴν

1950 3516 2359 3589 βιωτικωτέραν
2392 3517 2537 3590 ζωὴν
2571 3516 2907 3572 ἐπανελθεῖνο
2936 3514 3125 3585 ἐπειδὴ
3156 3514 3213 3567 δὲ
3241 3508 3348 3566 εἶδε
3374 3511 3509 3583 πρὸς
3534 3511 3627 3565 οὑ-

1947 3604 2035 3658 δὲν
2063 3604 2267 3658 τούτων
2303 3605 2540 3670 ἐνδόντα,
2580 3605 2835 3677 ἡττηθεὶς
2879 3602 3206 3674 παλινῳδίαν
3246 3597 3367 3675 ᾖσε,
3402 3601 3496 3653 καὶ
3528 3599 3625 3654 νῦν

1947 3694 2080 3765 τιμᾷ
2110 3693 2201 3746 τὸν
2231 3693 2365 3759 υἱὸν,
2396 3696 2490 3748 καὶ
2520 3694 2746 3747 αἰδεῖται
2781 3692 2980 3764 μᾶλλον
3009 3689 3234 3762 πατρός’
3271 3688 3365 3742 καὶ
3397 3687 3626 3752 πολλοὺς

1947 3781 2086 3851 ἔχων
2119 3783 2339 3853 ἐτέρους
2372 3782 2567 3847 παῖδας
2605 3780 3052 3852 εὐδοκιμοῦντας,
3084 3778 3205 3831 ούδέ
3234 3776 3455 3839 δούλους
3481 3776 3628 3828 ἐκείι·

1947 3885 2070 3931 νους
2091 3868 2280 3923 τούτου
2311 3870 2475 3940 φησὶν
2499 3867 2637 3924 εἶναι
2662 3869 3021 3941 ἐπιτηδείους
3055 3867 3147 3920 καὶ
3178 3865 3337 3929 αὐτὸς
3362 3865 3418 3917 δὲ
3445 3861 3622 3932 πολλῷ

1946 3956 2322 4031 λαμπρότερός
2351 3961 2467 4010 ἐστι
2505 3957 2592 4011 διά
2620 3958 2711 4011 τὸν
2739 3957 2873 4010 υίόν.
2894 3955 3080 4009 Ταῦτα
3107 3955 3201 4007 καὶ
3226 3952 3319 4005 ἐπὶ
3364 3952 3459 4004 τοῦ
3492 3968 3624 4004 παι-

1944 4045 2032 4108 δὸς
2081 4046 2325 4115 ὀψόμεθα
2375 4046 2467 4101 τοῦ
2519 4047 2644 4110 σοῦ,
2692 4048 2786 4101 καὶ
2818 4047 2900 4100 ὅτι
2946 4045 3006 4097 οὐ
3050 4043 3338 4113 ψεύδομαι.
3382 4039 3470 4093 διά
3513 4039 3624 4094 τῶν

1944 4133 2120 4205 ἔργων
2149 4134 2327 4187 αὐτῶν
2360 4136 2481 4208 εἴσῃ
2515 4135 2715 4199 καλῶς.
2749 4135 2840 4188 Διὸ
2879 4137 3173 4203 σιγήσομαι
3197 4127 3405 4193 λοιπὸν,
3430 4125 3623 4180 τοσοῦ-

1945 4220 2033 4273 τόν
2069 4237 2161 4273 σου
2189 4220 2431 4292 δεηθεὶς,
2460 4222 2710 4276 ἐνιαυτὸν
2741 4221 3031 4291 ἀνάμεινον
3070 4220 3249 4290 μόνον,
3281 4217 3312 4287 ἦ
3342 4215 3435 4268 κοιλ⁸
3467 4214 3624 4268 ἐλάτ-

1944 4321 2073 4357 τονα
2093 4305 2304 4375 χρόνον.
2333 4306 2467 4359 Οὑδέ
2485 4307 2593 4377 γάρ
2616 4308 2787 4360 δεῖται
2810 4306 3019 4360 πολλῶν
3041 4303 3261 4376 ἡμερῶν
3282 4304 3314 4373 ἡ
3341 4302 3468 4371 παρ’
3492 4301 3621 4370 ἡμῖν

1947 4394 2137 4466 ἀρετὴ.
2173 4396 2265 4449 ἆτε
2295 4397 2359 4466 δὴ
2392 4397 2512 4465 θείᾳ.
2543 4396 2914 4466 βλαστάνουσα
2937 4394 3141 4466 χάριτι,
3179 4393 3272 4445 καὶ
3299 4391 3419 4459 ὄψει
3446 4389 3622 4443 πάντα

1944 4483 2012 4536 τὰ
2042 4483 2305 4555 εἰρημένα
2327 4485 2418 4537 ἐπὶ
2440 4483 2547 4537 τῶν
2574 4482 2916 4554 πραγμάτων
2940 4480 3119 4534 αὐτῶν
3151 4476 3493 4545 δεικνύμενα·
3526 4475 3621 4527 καὶ

1945 4570 2006 4621 οὐ
2049 4569 2208 4639 μόνον
2245 4569 2551 4632 ἐπαινέσεις
2585 4568 2652 4623 τά
2693 4566 3065 4637 γεγενημένα,
3098 4562 3233 4616 ἀλλὰ
3277 4561 3383 4613 κᾶν
3425 4558 3621 4628 μικρὸν

1945 4656 2295 4725 διαναστῆναι
2321 4652 2580 4730 θελήσῃς.
2621 4657 2829 4727 ταχέως
2857 4655 2950 4708 καὶ
2985 4652 3119 4725 πρὸς
3155 4651 3245 4702 τὸν
3275 4646 3436 4701 αὐτὸν
3470 4644 3622 4716 ἥξεις

1942 4743 2101 4815 ζῆλον
2136 4744 2350 4816 ἐκείνῳ,
2383 4744 2699 4799 διδάσκαλον
2728 4743 2865 4815 ἔχων
2886 4742 2984 4813 τῆς
3015 4737 3217 4810 ἀρετῆς
3250 4735 3341 4788 τὸν
3379 4732 3516 4787 υίόν.

2005 4902 2043 4977 τ’,
2059 4906 2304 4977 υυφξῑιεε-
2323 4912 2376 4977 ει
2413 4904 2562 4953 Savil-
2589 4905 2637 4977 εει
2662 4916 2834 4977 macta
2857 4886 3616 4977 :‘EE’W?P‘:‘£°‘E_9£""..S_?§‘L_IE

1941 4952 2083 5014 tele
2106 4952 2158 5014 ei
2182 4966 2353 5014 Morel.
2384 4981 2495 5029 στρε
2531 4967 2742 5028 ομένους.
2766 4952 2888 5013 Γὺὶᾱ.
2915 4952 3067 5012 ἑοὶ-π.
3086 4963 3135 5009 in
3162 4952 3314 5019 nia'rg'.
3339 4952 3421 5004 καὶ
3443 4954 3619 5011 δακτνὴ

1941 5025 2237 5075 λοδεικτοῦσί
2256 5044 2311 5075 σε
2332 5028 2459 5075 ὅταν.
2485 4981 2591 5075 ﬁo}:
2614 5041 2741 5075 unus
2762 5025 2957 5075 τούτους
2980 5024 3040 5072 σὺ
3062 5024 3217 5075 εἐλᾷς.

1938 5025 2237 5076 λοδεικτοῦσί
2256 5044 2311 5076 σε
2332 5024 2459 5075 ὃτανξ
2485 5024 2591 5076 M03:
2614 5041 2741 5075 unus
2762 5025 2957 5081 τούτους
2980 5024 3040 5072 σὺ
3062 5024 3217 5087 γελᾷς.

2010 5092 2034 5118 ⁸
2060 5087 2224 5138 Ταῦτα
2242 5088 2544 5153 προφητεύω,
2564 5089 2687 5149 ἀλλ’,
2715 5090 2785 5137 sic
2796 5089 2894 5137 duo
2913 5100 3027 5135 mss.
