4124 6144
1035 318 1397 378 Attveusus
1433 298 1976 382 OPPUGNATOHES
2016 326 2513 386 rtrmttoxssr.
2557 330 2684 387 ua.
2729 330 2812 387 ιιι.

304 451 2130 475 ‘W—m

1012 530 1245 636 ΑΙ)
1325 531 2003 642 ΡΑΤΒΕΜ
2056 533 2831 654 FIDELEM.

1539 751 1814 844 iiber
1887 755 2194 849 tertius
2242 742 2353 843 (τ’).

1737 944 2058 1001 εθίξςςειῖὲβιε
2068 952 2107 994 Lb

358 1069 410 1124 Ι.
443 1070 553 1138 Age
573 1068 682 1139 jam
711 1069 919 1124 ﬁdelem
942 1085 1152 1141 quoque
1180 1082 1381 1140 patrem
1402 1071 1708 1138 doceamus,
1737 1074 1877 1142 quod

282 1176 391 1215 non
438 1162 632 1216 debeat
673 1177 769 1217 eos
806 1177 1142 1234 oppugnare,
1173 1164 1262 1234 qui
1295 1165 1460 1218 ﬁliunt
1502 1180 1655 1219 suum
1687 1166 1752 1220 ad
1784 1166 1877 1220 Dei

283 1253 476 1322 placita
498 1253 768 1324 sequenda
790 1254 1089 1310 hortantur.
1118 1257 1446 1327 Quamquam
1477 1258 1770 1328 periculutn
1797 1269 1878 1314 est

280 1361 355 1401 ne
379 1362 559 1401 sermo
585 1347 685 1402 iste
707 1348 1008 1418 superfluus
1033 1349 1120 1408 sit.
1152 1366 1285 1405 neve
1304 1352 1628 1406 contrarium
1650 1352 1874 1418 accidat,

282 1448 343 1492 ut
369 1438 615 1507 superius
638 1439 899 1494 dicebam.
925 1440 966 1495 Τ
972 1442 1226 1497 uncenim
1248 1442 1356 1496 dixi
1388 1442 1542 1511 hujus
1568 1443 1877 1499 certaminis

280 1528 456 1597 legem
485 1545 570 1586 me
599 1544 704 1585 non
742 1546 934 1602 cogere
972 1547 1094 1587 cum
1129 1533 1308 1602 gentili
1339 1514 1873 1601 manusconserere,

280 1621 379 1676 sed
409 1636 531 1676 cum
553 1622 776 1693 jusserit
803 1624 996 1679 Paulus
1016 1639 1110 1680 eos
1136 1634 1339 1680 tantum
1364 1627 1455 1696 qui
1484 1626 1624 1681 intus
1648 1636 1772 1681 sunt
1790 1626 1877 1695 ju-

281 1713 501 1781 dicare,
540 1730 571 1770 a
608 1732 781 1786 pugna
808 1732 928 1772 cum
965 1719 1029 1772 iis
1070 1718 1162 1788 qui
1205 1718 1334 1775 foris
1375 1728 1500 1775 sunt
1541 1734 1638 1774 nos
1677 1720 1876 1775 liberos

280 1806 433 1862 sinit.
473 1806 625 1863 Nune
651 1816 827 1864 autent
853 1851 868 1877 ,
899 1821 956 1865 ιιι
983 1810 1223 1876 videtur,
1253 1826 1320 1867 ne
1349 1812 1445 1867 bas
1472 1812 1686 1882 quidem
1716 1812 1874 1867 dimi-

279 1899 523 1955 cationes
552 1899 689 1956 inire
720 1909 962 1958 tenemur
992 1921 1006 1958 :
1030 1918 1152 1958 nam
1181 1905 1223 1958 si
1252 1904 1399 1975 prius
1424 1904 1490 1960 de
1516 1903 1597 1960 his
1617 1904 1877 1959 Christia-

282 2008 354 2048 uo
394 1995 557 2051 verba
597 1994 777 2053 facere
819 2007 972 2067 turpe
1012 1996 1288 2053 videbatur
1316 2012 1465 2064 esse,
1503 1997 1669 2053 multo
1706 1998 1875 2068 magis

281 2104 446 2145 nunc.
474 2089 754 2157 Quomodo
782 2091 924 2145 enim
953 2106 1059 2146 non
1088 2092 1364 2147 erubescet
1402 2091 1601 2157 ﬁdelis,
1630 2091 1676 2147 si
1705 2091 1772 2146 de
1810 2091 1874 2145 iis

278 2180 560 2236 admoneri
589 2197 723 2251 Opus
752 2181 965 2249 habeat,
997 2197 1159 2252 super
1183 2182 1375 2253 quibus
1403 2198 1471 2236 tte
1501 2181 1727 2236 inﬁdelis
1752 2181 1874 2250 qui-

278 2271 404 2326 dem
449 2272 602 2328 nobis
642 2273 1013 2328 contradicere
1050 2273 1254 2343 possit?
1283 2272 1419 2339 Quid
1456 2271 1653 2343 igitur?
1682 2271 1874 2326 ideone

280 2364 609 2430 tacebimus,
640 2365 879 2436 nihilque
908 2365 1224 2436 loquemur?
1253 2365 1468 2420 Minime
1497 2379 1641 2419 vero.
1672 2363 1728 2420 Si
1754 2366 1875 2435 quis

278 2455 424 2509 enim
448 2470 677 2525 sponsor
697 2457 1000 2524 accederet,
1028 2459 1285 2528 nobisque
1313 2458 1648 2528 perspicuum
1676 2456 1874 2512 faceret

279 2545 395 2602 fore
422 2548 641 2616 posthac
662 2549 930 2604 neminem
956 2550 1044 2620 qui
1066 2566 1178 2605 rem
1206 2550 1508 2619 lmjusmodi
1533 2564 1758 2605 ausurus
1779 2551 1868 2613 sit,

279 2654 379 2693 nos
409 2654 619 2709 quoque
658 2643 937 2710 quiescere
975 2657 1109 2710 opus
1137 2651 1316 2706 esset,
1347 2649 1404 2696 et
1431 2640 1497 2695 iis
1523 2641 1612 2712 qui
1651 2648 1873 2709 pra-ter-

278 2732 475 2797 ierunt,
508 2743 560 2786 ut
588 2734 833 2799 laterent,
863 2737 1156 2789 concedere
1184 2752 1196 2786 :
1227 2732 1440 2804 quando
1465 2741 1640 2788 autem
1668 2732 1871 2787 nullum

277 2820 541 2878 habemus
568 2838 727 2893 super
766 2823 865 2878 hac
903 2840 961 2880 re
992 2823 1355 2894 ﬁdejussorem
1386 2823 1657 2892 idoneum,
1686 2838 1875 2879 neces-

278 2912 417 2965 saria
459 2928 679 2981 prorsus
718 2913 928 2968 videtur
965 2914 1247 2969 verborum
1277 2914 1592 2969 admonitio.
1633 2914 1692 2970 Si
1730 2913 1872 2969 enim

279 3017 341 3056 ea
370 3003 578 3073 aliquos
608 3004 868 3059 invenerit
907 3006 1007 3059 hoc
1034 3006 1222 3059 morbo
1250 3005 1554 3059 laborantes
1573 3047 1588 3070 ,
1620 3004 1873 3075 operabi-

282 3103 369 3147 tur
396 3094 537 3163 quod
566 3111 720 3148 sutttn
748 3088 861 3160 e'st;
885 3096 966 3149 sin
991 3111 1148 3149 nemo
1176 3095 1226 3148 in
1252 3094 1621 3164 aegritudinem
1650 3094 1870 3158 incidat,

276 3196 454 3239 aetum
484 3194 648 3241 estut
684 3187 944 3258 cupimus.
986 3186 1254 3256 Siquidem
1297 3184 1549 3253 medicis,
1594 3196 1873 3256 postquam
1905 3189 1910 3195 '

277 3277 667 3332 medicamenta
699 3278 999 3346 paraverint
1022 3320 1036 3343 ,
1065 3277 1355 3346 Optandum
1384 3288 1466 3331 est
1495 3292 1563 3332 ne
1593 3278 1655 3331 iis
1688 3278 1873 3348 aegroti

278 3382 417 3437 opus
446 3368 675 3423 habeant
702 3387 715 3422 :
750 3384 954 3440 nosque
982 3370 1231 3424 similiter
1249 3380 1492 3438 optamus
1514 3370 1776 3425 neminem
1808 3384 1872 3424 ex

278 3459 534 3513 fratribus
553 3461 746 3514 nostris
770 3460 867 3515 hac
883 3476 1040 3531 egere
1061 3460 1431 3515 adhortatione
1459 3478 1471 3513 ε
1493 3461 1538 3514 si
1568 3475 1692 3514 vero
1717 3475 1876 3531 egere

281 3551 575 3621 contingat,
600 3550 745 3622 quod
765 3550 922 3618 absit,
946 3551 1493 3622 secundatnavigatio,
1517 3560 1573 3604 ut
1595 3550 1876 3619 proverbio

279 3645 506 3711 dicitur,
539 3661 644 3700 non
684 3646 788 3700 illis
828 3645 1020 3701 deerit.
1065 3647 1317 3718 Fingatur
1349 3661 1477 3716 ergo
1517 3645 1687 3700 ﬁdelis
1718 3644 1873 3708 talis,

280 3737 454 3807 qualis
492 3737 751 3803 inﬁdelis,
792 3737 996 3809 ipsique
1035 3755 1130 3808 per
1166 3748 1358 3794 cuncta
1402 3737 1623 3804 similis,
1653 3747 1876 3807 excepta

280 3831 541 3900 religione
573 3847 587 3884 :
619 3831 866 3885 similiter
902 3830 1113 3901 lugeat,
1148 3832 1486 3900 provolvatur
1514 3830 1752 3884 omnium
1784 3844 1877 3899 pe-

280 3922 461 3989 dibus,
488 3937 653 3977 cauos
679 3924 943 3988 ostendat,
976 3935 1327 3990 senectutem,
1359 3923 1722 3986 solitudinem,
1755 3938 1875 3978 om-

280 4013 370 4067 nia
400 4014 661 4083 ejusmodi
694 4015 944 4084 proferat,
975 4025 1029 4071 et
1055 4027 1307 4085 quantum
1338 4016 1450 4071 vult
1479 4017 1767 4071 iracundia:
1789 4016 1875 4086 ju-

282 4105 493 4161 dicibus
521 4116 751 4162 moveat.
782 4107 895 4162 lmo
935 4109 1111 4178 potius
1148 4108 1403 4163 adversus
1444 4108 1581 4164 hunc
1624 4124 1728 4163 non
1764 4108 1875 4177 jam

282 4212 465 4252 coram
493 4198 800 4254 hominibus
830 4199 982 4255 nobis
1024 4200 1088 4254 lis
1119 4209 1202 4255 est
1230 4217 1246 4254 :
1274 4200 1475 4255 audivit
1501 4201 1645 4256 enim
1671 4215 1733 4255 ea
1757 4214 1876 4270 qua:

283 4289 382 4343 viri
412 4289 550 4359 apud
580 4305 679 4346 nos
704 4290 884 4346 divino
912 4291 1110 4362 Spiritu
1148 4293 1336 4362 repleti
1365 4294 1432 4347 de
1470 4292 1740 4349 horrendo
1769 4299 1876 4346 ter-

285 4382 534 4453 ribilique
579 4384 863 4450 tribunali,
900 4385 965 4439 ad
1004 4384 1144 4455 quod
1188 4396 1305 4455 post
1343 4386 1545 4439 obitum
1586 4386 1873 4451 sistemur,

286 4475 646 4547 philosophati
675 4486 818 4532 sunt.
848 4481 985 4532 Ante
1011 4479 1191 4533 omnia
1220 4495 1345 4534 vero
1374 4478 1877 4533 commemorandus

287 4566 380 4621 ille
406 4567 521 4622 dies
550 4578 653 4635 est,
685 4584 781 4623 nec
808 4585 912 4623 non
949 4569 1085 4639 ignis
1110 4569 1342 4624 fluminis
1370 4570 1535 4624 instar
1560 4570 1874 4647 decurrens,

287 4660 501 4713 ﬂamma
533 4676 822 4730 numquam
854 4661 1271 4732 exstinguenda,
1307 4661 1438 4715 radii
1479 4661 1607 4715 solis
1645 4661 1874 4727 sublati,

287 4751 414 4806 luna
440 4754 724 4817 occultata,
755 4755 922 4810 stella)
948 4754 1277 4820 decidentes,
1305 4754 1416 4808 ca'li
1444 4754 1735 4819 convoluti,
1767 4754 1877 4807 vir-

288 4853 430 4898 tutes
456 4853 768 4909 commotze,
801 4859 1057 4899 concussa
1092 4845 1325 4915 undique
1350 4853 1403 4899 et
1428 4854 1658 4899 aestuans
1691 4853 1832 4899 terra
1859 4886 1874 4910 ,

289 4935 545 4991 terribilis
568 4945 621 4992 ct
651 4937 889 4993 alternus
918 4938 1159 4992 tubarum
1186 4938 1435 5008 clangor,
1462 4936 1633 5006 angeli
1672 4951 1765 5006 per
1791 4951 1879 4990 or-

286 5026 411 5082 bem
440 5029 747 5084 universum
774 5030 1135 5084 discurrentes
1154 5071 1169 5095 ,
1206 5029 1370 5083 millia
1402 5029 1626 5084 millium
1657 5028 1877 5084 adstan-

287 5121 460 5186 tium,
517 5121 783 5193 ntyriades
834 5124 1230 5183 ministrantes.
1278 5122 1546 5177 exercitus
1593 5136 1712 5176 cum
1762 5121 1880 5187 ipso

283 5213 467 5284 judice
494 5214 866 5279 adventantes,
895 5216 1101 5286 signum
1130 5216 1181 5269 in
1204 5224 1487 5285 conspectu
1510 5215 1625 5285 ejus
1652 5215 1876 5284 fulgrni,

289 5306 566 5375 appositus
595 5306 842 5372 thronus,
872 5309 1039 5377 aperti
1069 5308 1209 5372 libri,
1240 5307 1509 5361 inaccessa
1548 5308 1735 5376 gloria,
1770 5318 1880 5360 ter-

287 5398 462 5452 ribilis
490 5407 545 5454 et
572 5398 835 5455 horrenda
871 5400 1158 5470 judicantis
1193 5414 1292 5453 vox
1319 5441 1332 5463 ,
1366 5400 1453 5469 qui
1493 5399 1626 5453 alios
1665 5399 1878 5468 quidem

288 5491 457 5546 mittit
482 5493 533 5546 in
563 5492 736 5561 ignem
767 5502 1006 5563 paratum
1034 5492 1250 5548 diaboio
1277 5501 1331 5547 et
1360 5492 1561 5560 angelis
1592 5491 1706 5559 ejus
1728 5533 1741 5555 ,
1773 5492 1871 5545 vir-

287 5585 446 5654 gines
470 5593 669 5650 autem,
703 5594 823 5655 post
851 5588 1090 5656 ingentes
1127 5586 1447 5656 virginitatis
1477 5584 1711 5649 labores,
1736 5583 1883 5637 clau-

314 5698 432 5767 ,_(a)
455 5700 640 5767 Titulus
661 5715 732 5752 διε
753 5703 902 5756 habet
924 5706 973 5755 in
994 5705 1182 5756 duobus
1205 5707 1389 5763 Mss.;in
1414 5704 1558 5754 editis
1580 5717 1698 5767 vero
1719 5703 1881 5762 deest,

287 5758 613 5816 liberamus.
637 5767 773 5818 Initio
788 5768 906 5819 item
923 5782 1035 5832 vox,
1052 5768 1170 5833 iam,
1182 5758 1484 5819 desideratur
1502 5768 1552 5817 in
1568 5766 1757 5819 duobus
1773 5758 1879 5819 Mss.

1989 1080 2062 1133 sis
2101 1080 2301 1138 toribus
2339 1096 2520 1147 arcet;
2559 1087 2647 1156 qui
2689 1102 2754 1142 ex
2798 1088 3056 1143 ministris
3096 1090 3209 1144 suis
3250 1091 3384 1145 alios
3419 1091 3570 1162 jubet

1987 1173 2186 1227 zizania
2228 1176 2512 1246 colligare,
2563 1188 2618 1233 et
2661 1179 2710 1232 in
2758 1179 3028 1247 fornacem
3076 1181 3386 1248 immittere,
3435 1186 3570 1240 alios

1985 1267 2272 1334 compedes
2297 1269 2614 1338 quibusdam
2644 1270 2913 1337 inducere,
2936 1281 2992 1327 et
3013 1273 3257 1328 manibus
3283 1283 3402 1343 post
3423 1285 3567 1345 terga

1986 1355 2181 1413 vinctis
2206 1361 2422 1415 eosdem
2452 1361 2683 1430 abjicere
2717 1363 2767 1415 in
2799 1362 3043 1417 tenebras
3069 1364 3380 1430 exteriores,
3411 1374 3570 1434 atque

1986 1447 2257 1506 horrendo
2281 1450 2521 1507 dentium
2551 1451 2764 1508 stridori
2795 1453 3040 1518 tradere;
3080 1454 3227 1509 illum
3256 1455 3471 1524 quidem
3499 1456 3568 1509 ob

1987 1540 2284 1610 impudicos
2311 1550 2558 1613 aspectus
2586 1552 2823 1611 tantum,
2857 1544 3005 1599 illum
3035 1559 3161 1599 vero
3185 1545 3257 1599 ob
3286 1546 3452 1600 risum
3483 1547 3566 1599 in-

1987 1634 2360 1702 tempestivum
2380 1675 2394 1698 ,
2422 1634 2582 1688 alium
2605 1675 2618 1697 ,
2647 1635 2787 1705 quod
2831 1636 3127 1705 proximum
3169 1638 3285 1692 sine
3321 1638 3567 1692 examine

1982 1721 2335 1791 damnaverit,
2363 1724 2525 1779 alium
2551 1725 2693 1795 quod
2715 1726 3050 1781 maledixerit
3075 1727 3367 1792 dumtaxat,
3400 1728 3566 1783 vehe-

1984 1815 2315 1868 mentissimo
2360 1817 2784 1887 gravissimoque
2825 1818 3084 1886 supplicio
3138 1819 3333 1887 plectet
3379 1835 3393 1872 :
3442 1834 3565 1873 nam

1982 1906 2122 1975 quod
2163 1907 2293 1961 ietos
2317 1922 2528 1978 quoque
2580 1923 2734 1978 poena
2770 1918 2981 1963 maneat
3031 1912 3072 1975 ι,
3112 1925 3233 1964 eum
3274 1911 3443 1980 ipsum
3473 1911 3565 1981 qui

1983 1995 2098 2051 haec
2123 1997 2380 2066 supplicia
2408 1998 2651 2053 illaturus
2676 2008 2758 2054 est
2786 1999 3050 2055 dicentem
3074 2010 3128 2054 et
3151 2001 3563 2055 comminantem

1981 2088 2166 2144 audire
2206 2089 2347 2145 licet.
2374 2091 2453 2145 Ad
2500 2089 2641 2146 hunc
2681 2092 2835 2147 nobis
2871 2092 3121 2147 omnibus
3162 2093 3393 2161 judicem
3441 2092 3565 2148 hinc

1981 2178 2215 2235 eundum
2244 2189 2346 2248 est,
2373 2181 2594 2252 diesque
2615 2183 2703 2236 illa
2729 2182 2956 2238 videnda
2979 2184 3155 2250 nobis,
3182 2185 3236 2238 in
3257 2199 3361 2254 qua
3385 2186 3563 2240 omnia

1983 2273 2122 2328 nuda
2153 2283 2206 2329 et
2232 2274 2492 2344 patefacta
2521 2284 2715 2343 erunt,
2745 2291 2852 2331 non
2880 2291 3054 2351 [opera
3089 2287 3142 2331 et
3171 2278 3332 2332 verba
3371 2276 3562 2344 modo,

1981 2364 2074 2421 sed
2100 2367 2228 2435 ipsa:
2252 2380 2464 2436 quoque
2491 2367 2861 2436 cogitationes.

2050 2458 2104 2511 2.
2150 2457 2379 2512 Proximi
2423 2459 2578 2513 saluti
2622 2459 3022 2531 advigilandum.
3066 2488 3140 2501 —-
3179 2459 3309 2514 Nam
3372 2474 3560 2515 eorum

1981 2550 2161 2613 etiam,
2194 2563 2313 2619 qua:
2341 2563 2482 2604 nunc
2513 2549 2646 2604 levia
2691 2550 2956 2613 videntur,
2985 2558 3115 2615 tunc
3142 2551 3403 2605 terribiles
3447 2551 3564 2604 lue-

1981 2656 2101 2696 mus
2132 2656 2347 2712 pmuas:
2381 2643 2514 2698 adeo
2549 2643 2713 2713 judex
2748 2644 2820 2698 illi
2847 2644 2957 2713 pari
2987 2645 3327 2698 aecuratione
3369 2652 3422 2699 et
3464 2659 3564 2697 no-

1980 2741 2146 2787 stram
2174 2741 2230 2787 et
2258 2733 2621 2803 proximorum
2649 2733 2874 2788 salutem
2900 2734 3121 2804 requirit
3156 2748 3184 2787 a
3234 2733 3408 2788 nobis.
3443 2731 3566 2788 Ideo

1982 2823 2178 2879 Paulus
2204 2825 2254 2895 (i
2269 2864 2281 2877 .
2303 2824 2420 2879 Cor.
2458 2825 2542 2879 l0.
2563 2824 2658 2896 24)
2688 2825 2881 2896 ubique
2904 2825 3149 2879 hortatur
3168 2825 3425 2895 singulos,
3458 2840 3565 2879 non

1981 2930 2099 2986 qua:
2125 2931 2217 2970 sua
2245 2928 2368 2971 sunt
2389 2931 2647 2986 quaarere,
2680 2916 2774 2972 sed
2796 2931 2914 2986 qua:
2949 2916 3176 2985 proximi
3203 2934 3215 2969 :
3242 2927 3566 2986 quapropter

1982 3006 2036 3061 in
2060 3006 2367 3061 Corinthios
2390 3007 2735 3062 vehementer
2760 3007 3047 3070 invehitur,
3076 3006 3196 3075 quia
3228 3007 3426 3059 nullam
3448 3020 3568 3074 pro-

1981 3095 2269 3151 videntiam
2299 3105 2352 3151 et
2375 3110 2555 3151 curam
2579 3095 2872 3150 habuerant
2902 3096 3040 3164 ejus,
3063 3096 3149 3165 qui
3174 3096 3224 3148 in
3255 3094 3565 3149 fornicatio-

1982 3202 2104 3243 nem
2134 3188 2411 3253 inciderat,
2442 3186 2535 3242 sed
2565 3186 2679 3257 ejus
2704 3186 2897 3241 vulnus
2929 3195 3140 3240 tumens
3173 3184 3563 3254 despexeram;

1982 3277 2183 3333 Galatis
2206 3292 2418 3348 quoque
2455 3277 2694 3334 scribens
2731 3276 2977 3332 dicebat:
3012 3275 3242 3342 Fratres,
3274 3286 3318 3329 et
3347 3277 3389 3330 si
3426 3292 3562 3345 pra:-

1983 3380 2258 3440 occupatus
2287 3371 2439 3441 fuerit
2466 3371 2615 3425 homo
2660 3371 2715 3424 in
2741 3369 2910 3438 aliqua
2940 3368 3146 3431 delicto,
3172 3384 3260 3421 vos
3288 3368 3373 3435 qui
3412 3368 3567 3438 spiri-

1984 3462 2143 3515 tuttles
2172 3461 2306 3526 estis,
2354 3460 2648 3531 hujusmodi
2687 3460 2919 3514 instruite
2948 3457 3093 3528 (Gal.
3125 3456 3181 3513 6.
3213 3458 3290 3526 1).
3333 3456 3567 3511 Thessa-

1982 3552 2342 3608 lonicensibus
2359 3553 2482 3609 item
2509 3561 2662 3607 antea
2681 3551 2867 3607 eadem
2885 3551 3082 3607 monita
3102 3549 3527 3615 dederat,dieens
3548 3568 3565 3606 :

1984 3643 2167 3714 Itaque
2198 3644 2536 3699 exltortamini
2563 3645 2775 3698 invicem
2803 3642 2933 3697 sicut
2962 3651 3007 3695 et
3045 3641 3214 3713 facitis
3250 3657 3269 3696 :
3310 3640 3565 3710 itemque,

1985 3736 2238 3805 Corripitc
2258 3737 2529 3805 inquietos,
2571 3734 2902 3790 consolamini
2929 3734 3300 3804 pusillanimes,
3330 3733 3571 3788 sustinete

1983 3829 2211 3897 inﬁrmos
2230 3829 2303 3900 (l.
2331 3827 2510 3882 Thess.
2532 3829 2585 3884 5.
2614 3829 2699 3882 lt.
2727 3837 2773 3881 et
2793 3825 2904 3898 14).
2932 3825 3010 3881 Ne
3036 3827 3154 3895 quis
3180 3825 3320 3881 enim
3343 3825 3566 3890 diceret,

1985 3919 2123 3986 Quid
2154 3906 2268 3973 mea
2296 3920 2516 3974 interest
2540 3919 2949 3974 etiamaliorum
2975 3931 3163 3971 curare
3189 3916 3412 3971 salutem
3434 3916 3459 3970 τ
3478 3915 3567 3986 qui

1987 4014 2143 4083 perit,
2172 4021 2376 4084 pereat,
2423 4020 2480 4067 et
2505 4012 2595 4081 qui
2630 4022 2891 4073 servatur,
2926 4020 3204 4073 servetur;
3250 4008 3300 4062 id
3334 4007 3465 4062 nihil
3503 4006 3566 4060 ad

1987 4119 2073 4159 me
2103 4106 2348 4174 pertinet,
2382 4104 2540 4160 rebus
2565 4104 2697 4159 meis
2730 4102 3243 4173 prospicerejnbeor
3274 4116 3292 4156 :
3330 4115 3399 4155 ne
3424 4100 3573 4169 quis,

1988 4197 2226 4267 inquam,
2268 4195 2382 4249 lucc
2422 4193 2642 4257 diceret,
2676 4192 2894 4248 feralem
2941 4193 3082 4247 illam
3128 4201 3183 4246 et
3222 4191 3576 4245 inhumanam

1985 4286 2360 4357 cogitationem
2406 4284 2691 4347 auferens,
2741 4284 2946 4353 legibus
2991 4282 3105 4336 istis
3152 4282 3296 4335 illam
3342 4280 3573 4352 sopivit,

1988 4379 2212 4450 plurima
2237 4378 2435 4446 jubeus‘
2468 4374 2746 4430 commoda
2789 4374 3074 4443 negligere,
3101 4382 3157 4425 ttt
3182 4373 3441 4442 proximis
3470 4385 3571 4424 no-

1990 4470 2113 4526 stris
2137 4468 2498 4527 consulautus,
2527 4476 2686 4533 atque
2708 4464 2844 4516 hanc
2870 4464 2991 4516 vita:
3018 4462 3344 4530 diligentiam
3373 4461 3572 4529 ubique

1987 4561 2286 4619 habendam
2334 4576 2454 4615 esse
2499 4558 2707 4612 deﬁnit.
2767 4556 3023 4611 Romanis
3061 4569 3273 4623 quoque
3328 4552 3573 4607 scribens

1992 4657 2167 4729 (Rom.
2210 4656 2306 4709 15.
2347 4655 2424 4724 l).
2462 4654 2729 4723 ingentem
2776 4650 2881 4704 illis
2906 4663 3087 4703 curam
3118 4645 3381 4717 ejusmodi
3410 4644 3575 4700 officii

1987 4750 2256 4821 imposuit,
2291 4749 2455 4803 fortes
2501 4747 2778 4802 imbecillis
2819 4753 3025 4815 patrum
3053 4744 3172 4799 loco
3214 4756 3333 4799 esse
3353 4743 3576 4813 jubens,

1991 4855 2152 4914 utque
2181 4859 2367 4898 eorum
2406 4841 2549 4896 salus
2586 4856 2726 4894 curre
2771 4840 2871 4894 illis
2900 4839 2966 4894 sit
2998 4838 3311 4893 admonens.
3352 4836 3455 4893 Sed
3485 4837 3577 4892 hic

1990 4937 2204 5008 quidem
2232 4934 2622 4989 adhortationis
2649 4943 2703 4987 et
2741 4932 2945 4986 consilii
2977 4930 3201 4986 formam
3232 4941 3431 4995 servat,
3469 4931 3579 4984 alio

1968 5040 2166 5095 autem
2211 5029 2262 5083 in
2308 5028 2426 5083 loco
2466 5041 2670 5081 sunnna
2715 5040 2835 5080 cum
2880 5023 3219 5079 vehementia
3272 5024 3575 5077 auditurum

1991 5123 2199 5176 animos
2226 5120 2502 5190 percellit:
2527 5134 2622 5174 eos
2651 5118 2815 5184 enim,
2852 5118 2939 5187 qui
2972 5114 3193 5170 fratrum
3226 5115 3449 5169 salutem
3477 5131 3576 5168 ne-

1989 5215 2212 5285 gligunt,
2239 5214 2289 5266 in
2319 5213 2489 5282 ipsum
2512 5209 2781 5266 Christum
2809 5222 3030 5279 peccare
3056 5207 3205 5273 dicit,
3234 5205 3430 5276 Deique
3449 5204 3581 5259 auli-

1989 5308 2167 5362 ticium
2198 5306 2412 5360 diruere
2430 5306 2506 5376 (Ι.
2535 5303 2653 5359 Cor.
2677 5303 2729 5358 8.
2753 5302 2875 5371 12):
2907 5301 3066 5370 idque
3095 5317 3200 5355 non
3228 5314 3256 5352 a
3279 5295 3576 5368 seipso,sed

1989 5417 2017 5456 a
2046 5401 2302 5471 magistro
2341 5399 2565 5454 edoctus
2593 5396 2844 5466 loquitur.
2873 5394 3113 5463 Namque
3143 5392 3449 5462 unigenitus
3480 5388 3575 5443 Dei

1996 5493 2182 5556 Filius,
2234 5499 2293 5545 ut
2333 5491 2552 5545 doceret
2600 5487 2703 5542 hoc
2752 5485 2984 5541 ofﬁcium
3025 5498 3146 5540 esse
3193 5480 3574 5564 necessarium,

1991 5587 2289 5656 atque'eos,
2322 5582 2410 5654 qui
2438 5581 2568 5636 illud
2601 5578 2823 5634 reddere
2853 5579 3146 5648 negligunt,
3175 5572 3400 5630 summis
3421 5568 3578 5623 malis

2054 5702 2069 5733 ί
2105 5697 2157 5747 in
2189 5697 2293 5747 solo
2330 5695 2492 5745 Morel.
2517 5697 2695 5746 desunt
2717 5694 2822 5744 hate
2846 5693 3010 5752 verba,
3041 5704 3155 5742 nam
3176 5683 3305 5753 quod
3326 5682 3440 5737 istos
3461 5691 3580 5745 quo-

1990 5776 2081 5828 que
2101 5773 2243 5827 pana
2272 5764 2460 5810 numeat
2472 5771 2492 5823 ;
2517 5757 2603 5810 sed
2629 5757 2839 5821 genuina
2860 5761 2990 5806 sunt.
