4124 6144
619 364 688 384 0-p-

620 362 716 420 ὒιδί

631 473 973 546 excipiendos
997 487 1137 536 esse,
1169 471 1376 527 dicebat
1404 488 1417 524 :
1450 472 1759 540 Quicumque
1782 470 2197 523 scandalizurerit

620 581 777 621 wmm
806 580 870 619 ea:
909 563 1107 632 pusiliis
1129 563 1258 627 istis,
1286 558 1489 632 expedit
1531 561 1576 614 ei
1604 570 1658 613 ut
1687 560 2028 629 suspendutnr
2064 559 2201 613 mola

619 657 845 710 asinaria
866 656 999 709 circa
1026 654 1213 709 collum
1236 655 1366 726 ejus,
1392 664 1436 707 et
1458 655 1778 724 demergatur
1804 654 1855 706 in
1886 651 2198 723 profundum

619 750 777 804 maris
800 748 1012 818 (Matth.
1041 746 1126 803 l8.
1158 746 1237 818 6).
1272 748 1444 816 Atque
1480 747 1543 809 is,
1578 747 1667 815 qui
1700 749 1950 799 talentum
1991 743 2201 799 obtule-

619 847 722 905 rat,
744 854 848 892 non
876 838 1016 907 quod
1036 836 1236 921 aliquid
1264 853 1326 892 cx
1357 838 1468 893 suis
1494 835 1919 905 contempsisset,
1937 833 2029 888 sed
2057 845 2199 902 quot!

622 931 985 1001 proximorum
1012 930 1237 984 salutem
1266 928 1614 999 neglexisset,
1663 926 1753 980 illo
1783 923 2043 995 supplicio
2079 921 2197 977 affi-

620 1021 776 1075 citur.
826 1018 1010 1089 ltaque
1046 1018 1147 1073 etsi
1191 1019 1350 1072 vitam
1403 1028 1636 1071 nostram
1670 1024 1816 1070 recte
1839 1014 2194 1080 instituamus,

623 1111 755 1166 nihil
779 1110 829 1163 id
856 1109 1070 1179 prodest
1097 1109 1271 1175 nobis,
1302 1123 1422 1163 cum
1453 1118 1730 1179 peceatum
1760 1105 1885 1159 illud
1913 1103 2081 1174 possit
2104 1118 2199 1158 nos

624 1202 678 1257 in
706 1202 965 1272 gehenna:
1005 1200 1321 1270 profundum
1368 1201 1705 1269 immergere.
1751 1198 1807 1253 Si
1855 1199 2000 1253 enim
2053 1196 2198 1250 nulla

623 1295 761 1349 ratio
801 1294 966 1363 possit
991 1308 1086 1348 eos
1109 1294 1198 1363 qui
1230 1292 1487 1361 proximis
1516 1305 1829 1362 corpoream
1857 1303 2010 1358 opem
2058 1285 2200 1342 ferre

624 1388 892 1442 noluerint
918 1386 1164 1449 liberare,
1198 1401 1402 1449 verum,
1444 1385 1542 1437 etsi
1573 1383 1924 1453 virginitatem
1953 1394 2201 1435 servave-

624 1480 753 1542 rint,
786 1489 960 1532 tamen
999 1486 1147 1532 extra
1188 1477 1369 1547 sponsi
1402 1474 1690 1528 thalamum
1718 1471 2003 1541 abjiciendi
2050 1470 2195 1524 sint:

624 1573 672 1627 is
696 1570 783 1640 qui
811 1570 951 1641 quod
990 1570 1155 1624 multo
1184 1568 1355 1637 majus
1386 1576 1466 1620 est
1492 1565 1731 1619 omiserit
1769 1563 1960 1633 (multo
2003 1562 2200 1631 quippe

624 1662 796 1733 major
824 1672 905 1717 est
929 1660 1223 1714 animarum
1247 1656 1396 1730 cura)
1426 1672 1521 1711 cur
1560 1671 1666 1710 non
1711 1655 1846 1708 mala
1872 1653 2051 1706 omnia
2081 1666 2197 1705 me-

624 1753 729 1805 rito
759 1751 1018 1821 patiatur?
1036 1749 1312 1805 Hominem
1331 1747 1470 1802 enim
1497 1762 1602 1800 non
1623 1753 1677 1798 ut
1705 1744 1801 1799 sibi
1826 1751 2026 1797 tantum
2050 1740 2202 1811 prod-

622 1854 767 1902 esset
798 1843 999 1899 creavit
1030 1842 1202 1908 Deus,
1229 1840 1322 1895 sed
1352 1849 1408 1894 ut
1450 1839 1567 1892 aliis
1592 1838 1752 1892 etiam
1773 1836 1972 1891 multis.
1998 1833 2201 1889 idcirco

624 1934 821 1989 Paulus
880 1933 1134 2004 (Philipp.
1166 1932 1221 1985 2.
1270 1932 1373 2000 15).
1408 1930 1589 1983 fideles
1630 1927 1908 1981 luminaria
1947 1924 2197 1995 appellat,

629 2024 752 2080 hinc
778 2024 1069 2080 ostendens
1093 2038 1186 2079 eos
1206 2023 1416 2079 caeteris
1447 2023 1605 2076 etiam
1635 2020 1750 2074 usui
1777 2032 1895 2073 esse
1926 2025 2197 2087 oportere:

626 2117 889 2170 luminare
921 2116 1136 2186 quippe,
1190 2113 1441 2184 quamdiu
1488 2113 1721 2181 seipsum
1766 2118 1967 2163 tantmn
2001 2106 2201 2163 illumi-

627 2217 738 2274 nat,
769 2208 1027 2261 luminare
1064 2206 1301 2275 profecto
1343 2222 1447 2259 non
1476 2212 1576 2259 est.
1607 2203 1892 2272 Propterea
1916 2201 2201 2272 gentilibus

625 2312 839 2367 quoque
887 2297 1017 2366 ipsis
1063 2295 1355 2349 deteriores
1404 2308 1524 2349 esse
1568 2292 1661 2359 ait,
1717 2291 1806 2362 qui
1838 2290 2198 2361 proximorum

626 2389 849 2443 salutem
896 2386 1242 2456 negligercnt,
1273 2384 1354 2438 bis
1392 2384 1572 2439 verbis
1601 2401 1613 2437 :
1656 2382 1717 2437 Si
1746 2382 1856 2452 quis
1883 2391 2050 2434 autent
2078 2396 2198 2433 sua-

626 2495 760 2544 rum,
796 2486 844 2531 et
867 2476 1083 2530 maxime
1106 2476 1488 2528 domesticorum
1511 2472 1878 2539 providentiam
1909 2487 2005 2523 non
2049 2470 2194 2540 gerit,

626 2571 776 2641 [idem
822 2569 1036 2639 negavit,
1077 2576 1221 2621 etest
1268 2566 1463 2634 inﬁdeli
1511 2565 1732 2619 deterior
1763 2565 1837 2636 (ι.
1867 2563 1997 2617 Tim.
2021 2563 2074 2618 5.
2116 2564 2197 2634 8).

625 2662 760 2729 Quid
789 2662 931 2716 enim
963 2660 1063 2715 hoc
1091 2662 1207 2714 loco
1233 2658 1576 2729 providentia:
1604 2657 1819 2711 nomine
1846 2657 1926 2711 vis
1948 2655 2201 2725 intelligi?

624 2766 700 2808 au'
749 2753 972 2809 fortasse
1025 2753 1444 2806 necessariorum
1498 2747 1892 2819 largitionem?
1940 2748 2199 2817 Equidem

624 2856 753 2920 puto
798 2848 970 2915 ipsum
1009 2860 1192 2899 curam
1242 2843 1433 2897 anima:
1480 2840 1798 2910 significare.
1849 2841 1943 2894 Sin
1970 2855 2096 2894 vero
2146 2849 2200 2893 tu

625 2937 982 3003 contradicas,
1010 2938 1087 2990 sic
1112 2949 1325 3005 quoque
1348 2947 1464 2987 mea
1494 2932 1755 2986 sententia
1787 2929 1988 2983 firmior
2018 2943 2199 2984 mane-

624 3030 722 3086 bit.
751 3029 883 3085 Nam
915 3030 958 3083 si
989 3028 1056 3083 de
1091 3041 1320 3098 corpore
1363 3025 1479 3080 ham
1505 3014 1653 3089 dicit,
1686 3038 1915 3093 eumque
1944 3022 2037 3092 qui
2062 3037 2199 3092 quo-

624 3124 879 3178 tidianum
914 3120 1055 3175 bunc
1078 3121 1253 3176 cibum
1276 3134 1381 3174 non
1413 3118 1614 3189 praebet
1645 3124 1791 3172 tanto
1816 3116 2076 3186 supplicio
2106 3102 2202 3170 ad-

624 3214 776 3281 dixit,
802 3213 1192 3289 gentilibusque
1213 3211 1534 3268 deteriorem
1560 3224 1683 3266 esse
1704 3209 1781 3265 ait
1808 3227 1822 3264 :
1853 3226 1960 3280 quo
1984 3208 2200 3265 tandem

625 3307 679 3362 in
707 3306 824 3383 loco
848 3312 1109 3360 statuetur
1130 3304 1195 3370 is,
1216 3302 1313 3383 qui
1335 3306 1477 3373 quod
1506 3301 1680 3371 majus
1708 3302 1984 3383 magisque
2014 3314 2201 3357 neces-

621 3382 820 3435 sarium
848 3392 930 3436 est
960 3382 1292 3437 contemnit?

692 3471 746 3525 5.
791 3470 1047 3538 Quantum
1080 3472 1146 3527 sit
1181 3473 1372 3527 malum
1401 3472 1668 3528 liberorum
1688 3473 1961 3544 neglectus.
1990 3503 2063 3515 —
2090 3475 2201 3544 Age

621 3559 801 3630 itaque
844 3562 1220 3618 ratiocinemur
1256 3562 1324 3619 de
1363 3565 1562 3635 peccati
1601 3567 1768 3620 nostri
1798 3565 2158 3634 magnitudine
2181 3605 2198 3633 ,

621 3668 685 3708 ac
705 3653 956 3723 paulatim
986 3655 1333 3711 ascendentes
1367 3657 1706 3712 ostendanius
1748 3658 2036 3712 maximum
2079 3674 2201 3712 om-

622 3748 769 3802 nium
798 3756 1074 3817 peccatum
1099 3763 1218 3803 esse
1244 3749 1529 3804 liberorum
1557 3750 1874 3819 neglectum,
1918 3759 1971 3805 et
2011 3751 2075 3804 ad
2117 3752 2199 3821 ip-

623 3853 741 3893 sum
785 3838 1003 3894 malitia:
1051 3840 1255 3910 apicem
1300 3842 1617 3911 pertingere.
1666 3841 1761 3896 Est
1801 3841 1959 3911 igitur
1999 3843 2199 3912 primus

624 3929 862 3995 malitiae,
886 3931 1256 4001 iniquitatiset
1280 3931 1609 3987 crudelitatis
1634 3934 1849 4003 gradus,
1880 3935 2079 3989 amicos
2108 3951 2198 3989 as-

620 4021 831 4091 pernari
874 4039 888 4076 :
917 4022 1043 4092 quin
1071 4032 1126 4076 ut
1153 4021 1219 4077 ad
1250 4021 1498 4077 inferiora
1527 4039 1826 4080 sermonem
1851 4027 2196 4096 reducamus;

619 4111 673 4166 id
697 4112 839 4168 enim
867 4113 1047 4169 nescio
1076 4114 1343 4183 quomodo
1373 4130 1457 4170 me
1496 4129 1632 4184 pene
1671 4114 1904 4186 fugerat;
1937 4118 2082 4188 prior
2112 4119 2198 4173 illa

619 4205 706 4260 lex
734 4205 931 4260 Judaeis
950 4205 1089 4270 data,
1125 4222 1189 4261 ne
1211 4206 1448 4277 jumenta
1479 4208 1691 4278 quidem
1720 4208 2053 4264 inimicorum
2099 4227 2196 4265 ne-

619 4296 817 4366 gligere
847 4299 1139 4366 permittit;
1155 4298 1267 4353 sive
1287 4297 1599 4366 deciderint,
1623 4300 1733 4355 sive
1753 4302 2044 4356 erraverint
2066 4321 2080 4366 ;
2104 4303 2197 4358 sed

620 4386 735 4444 haec
757 4385 969 4455 quidem
995 4386 1269 4452 reducere,
1301 4388 1388 4443 illa
1417 4405 1543 4445 vero
1572 4391 1774 4461 erigere
1799 4392 1969 4460 jubet.
1992 4393 2202 4447 Estita-

617 4494 720 4549 que
750 4479 970 4549 primus,
1000 4481 1066 4533 ab
1096 4480 1289 4535 intimis
1318 4481 1671 4549 ascendendo,
1695 4482 1908 4537 malitim
1932 4493 1988 4538 et
2010 4484 2198 4540 crude-

617 4571 781 4626 litatis
799 4573 1012 4642 gradus,
1041 4571 1374 4629 inimicorum
1400 4574 1639 4642 jumenta
1675 4581 1729 4627 ct
1770 4589 1957 4642 pecora
1999 4574 2195 4630 malum

618 4679 866 4734 perpessa
895 4664 1161 4735 negligere
1209 4682 1224 4718 :
1260 4665 1525 4719 secundus
1552 4666 1641 4719 illo
1661 4667 1921 4736 superior,
1954 4666 2197 4723 inimicos

617 4759 765 4829 ipsos
787 4759 1136 4828 negligentius
1159 4775 1386 4815 curare:
1414 4770 1612 4829 quanto
1646 4761 1789 4815 enim
1828 4760 1986 4815 homo
2027 4760 2198 4817 brutis

617 4858 857 4918 praestat,
880 4858 1027 4902 tanto
1059 4858 1330 4919 peccatum
1363 4849 1463 4905 hoc
1502 4850 1672 4919 majus
1708 4850 1815 4904 illo.
1846 4850 2054 4906 Tertius
2090 4861 2194 4921 est,

617 4939 808 4994 fratres
833 4942 1126 5008 aspernari,
1155 4941 1278 4997 licet
1306 4940 1468 5010 ignoti
1498 4941 1693 4997 iuerint
1723 4961 1736 4997 ε
1768 4954 2006 5012 quartus,
2040 4943 2198 4999 fatui-

616 5030 777 5086 liares
802 5046 1013 5101 quoque
1058 5030 1333 5101 despicere
1374 5049 1388 5085 :
1430 5033 1663 5101 quintus,
1711 5048 1832 5088 cum
1873 5050 1981 5090 non
2024 5036 2195 5091 solum

615 5134 859 5188 corpore,
887 5120 978 5175 sed
1006 5120 1164 5176 etiam
1192 5121 1364 5174 anima
1387 5135 1570 5176 eorum
1599 5133 1871 5191 pereunte,
1898 5127 2199 5181 contemni-

616 5225 770 5266 mus:
794 5221 995 5281 sextus,
1022 5228 1141 5269 cum
1171 5229 1276 5290 non
1308 5215 1477 5269 solum
1508 5214 1873 5282 familiaribus,
1904 5233 2087 5275 verum
2111 5223 2195 5292 ip-

616 5303 694 5359 ois
720 5317 931 5375 quoque
961 5303 1141 5360 liberis
1170 5305 1530 5375 pereuntibus,
1552 5306 1894 5377 negligimus:
1915 5311 2194 5382 septimus,

615 5404 738 5447 cum
759 5407 856 5448 nec
879 5394 1012 5449 alios
1038 5394 1125 5465 qui
1148 5394 1357 5450 illorum
1382 5410 1563 5455 curam
1595 5396 1790 5453 habere
1816 5401 2019 5470 possint
2045 5418 2197 5473 qua!-

616 5485 784 5542 rimus
813 5504 827 5541 :
859 5496 1097 5554 octavus,
1124 5503 1246 5543 cum
1272 5498 1325 5545 et
1343 5504 1458 5556 eos,
1496 5489 1589 5560 qui
1623 5489 1676 5545 id
1716 5506 1746 5545 a
1784 5494 1973 5565 seipsis
2019 5493 2197 5554 facere

616 5577 914 5643 instituunt,
943 5594 1187 5637 arcemus
1220 5591 1378 5653 atque
1425 5582 1767 5652 prohibemus
1805 5602 1817 5639 :
1848 5599 2040 5653 nonus,
2072 5601 2192 5641 cum

612 5687 720 5728 non
749 5681 949 5728 tantum
977 5673 1093 5729 illos
1132 5674 1493 5745 prohibemus,
1524 5675 1617 5731 sed
1656 5691 2025 5748 oppugnemus
2064 5693 2196 5747 quo-

612 5778 735 5833 que.
768 5762 947 5838 Itaque
970 5765 1014 5823 si
1047 5764 1294 5838 primum,
1322 5766 1612 5825 secundum
1651 5776 1704 5824 et
1735 5768 1943 5825 tertium
1976 5769 2190 5826 malitia:

1363 360 1420 417 S.
1443 358 1725 415 ιῡιΝΝιε
1767 355 2235 414 (IliRYSOS'l'OMl
2257 356 2572 412 ARCBIEP.
2603 358 3132 417 CONSTANTINOP.
3761 372 3851 429 552

2304 468 2461 539 hujus
2489 469 2728 540 gradum.
2762 480 2901 525 tanta
2945 471 3183 542 sequitur
3216 488 3388 542 poma,
3421 490 3467 531 et
3498 478 3587 550 qui
3615 478 3725 535 illos
3748 500 3849 538 om-

2304 574 2400 615 nes
2426 569 2660 630 snperat,
2690 560 2739 615 in
2765 577 2872 631 quo
2910 564 3012 615 vos
3040 562 3189 628 estis,
3230 580 3419 634 nempe
3456 581 3611 632 nono,
3645 585 3850 640 quantus

2303 651 2438 721 ignis
2466 651 2759 705 destinatus
2786 652 2900 706 est?
2943 653 3209 719 Quiuimo,
3259 670 3362 710 non
3406 666 3607 712 tantum
3655 678 3848 727 tinuum.

2303 757 2402 797 nec
2427 742 2711 808 decimum,
2749 742 2844 798 sed
2873 744 3029 798 etiam
3059 744 3392 799 undecimum
3429 746 3551 815 jure
3588 763 3651 804 ac
3686 755 3852 811 merito

2301 849 2423 889 eum
2449 833 2819 903 appellaveris.
2841 832 2947 888 Cur
2969 834 3106 889 hoc?
3149 834 3283 904 Quia
3326 850 3433 891 n0u
3477 846 3657 893 natura
3701 841 3853 897 solum

2304 922 2407 980 hoc
2436 933 2707 995 peccatum
2731 941 2888 995 supra
2916 928 3221 980 memoratis
3237 927 3406 996 majus
3431 936 3531 994 est,
3558 929 3647 984 scd
3674 935 3855 991 ratione

2303 1018 2559 1087 temporis
2586 1018 2821 1087 gravius.
2853 1016 2988 1084 Quid
3019 1017 3118 1073 sibi
3141 1018 3252 1073 vult
3275 1018 3424 1086 illud,
3452 1021 3653 1077 ratione
3675 1035 3855 1093 tempe.

2302 1108 2421 1162 ris?
2446 1109 2575 1174 Quia
2603 1108 2756 1163 nobis
2785 1110 2970 1164 eadem
2997 1110 3367 1179 peccantibus,
3399 1128 3515 1180 qua:
3568 1112 3603 1167 ii
3650 1117 3733 1184 qui
3770 1124 3855 1172 sub

2303 1197 2421 1268 lege
2449 1207 2620 1265 erant,
2653 1212 2757 1252 non
2786 1200 2928 1268 paria
2957 1199 3211 1268 supplicia
3261 1199 3543 1268 debentur,
3590 1204 3678 1257 sed
3720 1205 3855 1275 longe

2302 1292 2564 1363 graviora,
2594 1303 2792 1361 quanto
2828 1291 3032 1346 scilicet
3073 1291 3261 1361 majori
3304 1292 3450 1347 dono
3495 1295 3660 1362 potiti,
3701 1297 3855 1365 perfe-

2303 1383 2454 1437 ctiori
2481 1381 2721 1437 doctrina
2752 1381 2959 1446 imbuti,
2991 1381 3178 1452 majori
3222 1383 3428 1438 honore
3462 1384 3631 1439 affecti
3672 1401 3852 1442 sumus.

2302 1475 2433 1530 Cum
2461 1475 2618 1545 igitur
2643 1485 2829 1530 natura
2850 1483 2903 1529 et
2922 1476 3126 1531 ratione
3156 1477 3413 1545 temporis
3445 1477 3545 1533 boc
3568 1481 3733 1535 scelus
3750 1500 3855 1552 gra-

2302 1565 2577 1620 vissimum
2621 1566 2707 1631 sit,
2737 1566 3014 1620 considera
3042 1575 3290 1635 quantam
3318 1567 3589 1622 flammam
3621 1571 3670 1623 in
3695 1587 3856 1629 eorum

2303 1656 2497 1727 capita,
2525 1656 2613 1725 qui
2636 1655 2688 1711 id
2716 1666 3023 1726 perpetrare
3057 1656 3273 1722 audent,
3322 1656 3561 1714 inducet.
3603 1660 3746 1729 Quod
3780 1678 3859 1719 au-

2304 1757 2411 1804 tem
2438 1762 2543 1803 non
2573 1756 2774 1804 temere
2803 1751 2873 1803 ita
2902 1749 3203 1816 ratiocinor,
3238 1765 3300 1806 ex
3328 1766 3389 1807 re
3436 1752 3549 1822 ipsa
3587 1757 3857 1825 exemplum

2304 1838 2543 1907 atl‘eram,
2575 1847 2633 1893 ut
2662 1839 2860 1905 sciatis,
2887 1841 3096 1896 tametsi
3137 1856 3223 1896 res
3266 1851 3485 1897 nostras
3519 1859 3700 1901 omnes
3736 1858 3859 1902 recte

2304 1930 2665 1997 instituamus,
2687 1931 2732 1985 si
2763 1931 2990 1986 filiorum
3013 1931 3235 1986 salutem
3266 1932 3618 2007 negligamus,
3660 1950 3749 1989 nos
3778 1952 3859 1991 ex-

2306 2031 2501 2077 tremas
2550 2020 2770 2077 daturos
2808 2037 2929 2077 esse
2969 2037 3174 2092 pmnas.
3218 2022 3371 2089 Quod
3434 2025 3585 2078 vobis
3630 2025 3860 2082 allaturos

2304 2130 2444 2181 sum,
2478 2129 2582 2170 non
2613 2130 2675 2169 ex
2708 2115 2911 2185 meipso
2938 2114 3168 2183 profero,
3191 2115 3286 2170 sed
3313 2116 3363 2170 in
3386 2115 3588 2171 divinis
3601 2115 3863 2187 Scriptqu

2298 2205 2461 2276 jacet.
2493 2205 2754 2261 Sacerdos
2784 2205 2996 2275 quidam
3024 2206 3160 2274 apud
3184 2205 3397 2261 Judaeos
3426 2216 3560 2273 erat,
3590 2209 3668 2261 vir
3696 2210 3862 2264 mode-

2304 2305 2452 2353 ratus
2479 2312 2543 2352 ac
2563 2296 2781 2367 probus,
2806 2298 2922 2351 ileli
2953 2297 3188 2352 nomine.
3215 2298 3346 2352 lluic
3373 2297 3490 2353 duo
3513 2308 3663 2354 erant
3690 2299 3860 2354 liberi:

2304 2403 2437 2458 quos
2466 2403 2587 2442 cum
2608 2388 2811 2443 videret
2850 2387 2917 2442 ad
2951 2388 3081 2442 vitia
3128 2388 3413 2453 declinare,
3471 2406 3579 2444 nan
3626 2390 3861 2456 cohibuit,

2305 2495 2410 2533 non
2441 2479 2703 2543 coercuit;
2757 2479 2863 2533 imo
2906 2479 3084 2549 potius
3123 2478 3363 2534 cohibuit
3404 2488 3467 2534 et
3499 2481 3745 2546 coercuit,
3781 2480 3863 2536 sed

2305 2584 2409 2624 non
2439 2580 2633 2639 quanta
2659 2569 2925 2638 diligentia
2952 2578 3005 2624 et
3025 2584 3148 2624 cura
3177 2585 3268 2637 par
3295 2578 3432 2624 erat.
3470 2569 3664 2624 [lorum
3703 2580 3864 2625 autem

2305 2660 2420 2715 haec
2444 2667 2594 2714 erant
2619 2659 2859 2722 crimina,
2893 2658 3168 2713 fornicatio
3198 2668 3251 2714 et
3273 2659 3418 2729 gula.
3455 2661 3691 2715 lidebant
3713 2661 3859 2727 enim,

2304 2749 2476 2819 inquit
2501 2749 2577 2818 (1.
2602 2747 2729 2819 Reg.
2760 2747 2953 2819 2.16),
2984 2758 3263 2818 antequam
3298 2750 3753 2806 sanctificarentnr
3790 2765 3866 2804 sa-

2303 2858 2409 2898 cra:
2429 2858 2641 2909 carnes,
2670 2853 2721 2896 et
2745 2842 3049 2912 priusquam
3077 2841 3361 2897 oli‘erretur
3391 2842 3506 2897 Deo
3546 2843 3862 2898 sacriﬁcium.

2303 2933 2397 2989 llis
2421 2933 2710 3002 compertis
2740 2941 2889 3003 pater
2929 2947 3035 2988 non
3075 2933 3195 2987 illos
3242 2947 3398 3002 poena
3448 2933 3734 2999 muletavit,
3781 2932 3866 2988 sed

2304 3027 2480 3082 verbis
2503 3036 2558 3080 et
2584 3024 2801 3080 monitis
2829 3024 2897 3079 ab
2931 3023 3031 3079 hac
3061 3024 3291 3094 nequitia
3320 3025 3466 3093 ipsos
3505 3038 3748 3079 revocare
3784 3038 3865 3077 co-

2306 3127 2459 3199 palus
2499 3125 2601 3183 est,
2627 3128 2783 3187 atquc
2812 3116 2896 3171 his
2932 3115 3236 3186 frequenter
3255 3115 3432 3170 verbis
3457 3131 3550 3170 eos
3575 3113 3865 3186 alloqueba-

2304 3216 2391 3263 tur
2423 3226 2437 3262 :
2467 3207 2662 3274 Nolite,
2685 3208 2801 3277 lilii,
2829 3207 2984 3262 nolite
3010 3207 3083 3262 sic
3106 3210 3271 3281 facere
3291 3223 3309 3260 :
3331 3222 3432 3261 non
3458 3206 3589 3261 bona
3614 3211 3748 3277 fama
3771 3215 3864 3269 est,

2302 3314 2453 3369 quam
2474 3314 2564 3369 ego
2592 3299 2744 3351 audio
2773 3298 2835 3351 de
2859 3297 3015 3362 vobis,
3047 3308 3099 3351 ut
3129 3297 3328 3369 faciatis
3359 3298 3603 3367 populum
3635 3314 3731 3351 non
3766 3313 3868 3349 ser-

2305 3386 2410 3439 uire
2428 3383 2667 3439 Domino.
2693 3384 2753 3440 Si
2774 3385 3069 3460 delinquens
3091 3385 3361 3453 peccaverit
3383 3385 3457 3436 vir
3484 3384 3537 3436 in
3564 3398 3741 3445 virum,
3768 3397 3870 3433 ora.

2306 3479 2428 3532 bmtt
2456 3495 2548 3547 pro
2576 3479 2666 3532 illo
2701 3476 3012 3543 Dominum;
3040 3478 3118 3531 sin
3145 3487 3313 3529 autem
3340 3473 3560 3528 Domino
3612 3471 3872 3543 peccaverit

2305 3574 2474 3637 homo,
2502 3571 2614 3641 quis
2632 3586 2724 3640 pro
2751 3569 2841 3623 illo
2867 3569 3029 3622 orabit
3055 3568 3132 3638 (l.
3162 3566 3286 3636 Reg.
3312 3566 3364 3619 2.
3397 3564 3525 3635 2i)?
3548 3563 3710 3618 Multa
3740 3568 3873 3615 certe

2305 3672 2388 3720 est
2406 3663 2635 3733 gravitas
2653 3676 2715 3716 sc
2740 3660 3035 3715 reverentia
3058 3658 3359 3724 verborum,
3374 3672 3491 3727 qua:
3517 3657 3690 3711 virum
3709 3663 3875 3710 mente

2306 3756 2584 3827 prarditnm
2632 3753 2698 3807 ad
2748 3753 3023 3809 meliorem
3069 3750 3272 3820 frugem
3315 3764 3566 3805 revocare
3610 3756 3872 3817 possent:

2307 3863 2426 3902 nam
2454 3846 2655 3902 crimen
2686 3844 2858 3910 ail‘ert,
2887 3859 2951 3899 ac
2996 3840 3330 3898 tremendmn
3370 3854 3488 3895 esse
3528 3837 3872 3899 demonstrat,

2304 3939 2608 4009 ingruentcs
2636 3951 2762 3992 vero
2790 3950 2978 4006 poenas
3004 3931 3363 3988 intolerabiles
3389 3939 3441 3985 et
3466 3928 3765 3984 horrendas
3785 3928 3874 3983 de-

2309 4031 2533 4085 nuntiat.
2574 4031 2824 4084 Attamen
2860 4028 2981 4097 quia
3022 4023 3273 4096 quidquid
3317 4021 3580 4093 agendum
3624 4030 3741 4077 erat
3777 4034 3872 4074 non

2305 4122 2563 4185 exhibuit,
2594 4121 2706 4191 ipse
2731 4135 2852 4175 eum
2880 4118 2982 4173 illis
3001 4133 3103 4172 una
3134 4116 3310 4187 periit.
3339 4114 3574 4183 Namque
3597 4114 3765 4167 minas
3783 4110 3873 4164 ad-

2306 4213 2434 4270 dere
2456 4212 2731 4278 debuerat,
2761 4227 2791 4265 a
2817 4219 3104 4280 conspectu
3135 4221 3232 4262 suo
3269 4220 3539 4269 amovere,
3577 4202 3871 4258 verberibus

2306 4305 2585 4374 castigare,
2627 4303 2900 4371 muneque
2945 4303 3047 4356 illis
3093 4300 3309 4371 gravius
3349 4307 3402 4354 et
3438 4297 3622 4354 durius
3665 4298 3866 4351 instare.

2305 4396 2435 4463 Quia
2465 4395 2622 4464 igitur
2650 4393 2778 4448 nihil
2808 4393 2998 4447 horum
3031 4392 3156 4461 egit,
3182 4391 3347 4445 Deum
3375 4398 3427 4445 et
3454 4389 3555 4443 sibi
3586 4397 3639 4443 et
3668 4385 3870 4442 illisini-

2305 4486 2499 4542 micum
2525 4485 2680 4540 fecit:
2714 4492 2874 4554 utque
2902 4482 3023 4537 filiis
3052 4483 3422 4553 intempestive
3448 4488 3708 4551 parceret,
3735 4476 3869 4544 etip-

2306 4594 2487 4634 sorum
2511 4585 2565 4633 et
2592 4591 2740 4631 suam
2763 4575 2987 4630 salutem
3009 4574 3205 4628 amisit.
3237 4573 3374 4628 Audi
3405 4586 3532 4643 ergo
3574 4569 3698 4640 quid
3739 4567 3869 4620 dicat

2306 4671 2382 4725 illi
2413 4670 2585 4734 Deus;
2614 4669 2719 4723 imo
2748 4682 2877 4723 vero
2904 4682 3010 4722 non
3036 4666 3146 4736 jam
3194 4665 3292 4729 illi,
3336 4680 3506 4734 neque
3551 4664 3690 4717 enim
3736 4659 3866 4711 illum

2306 4775 2567 4830 reSponso
2596 4759 2810 4829 dignum
2841 4757 3067 4828 amplius
3086 4754 3358 4826 judicavit,
3388 4752 3480 4807 sed
3513 4761 3772 4820 tamquam
3805 4750 3861 4799 la-

2305 4851 2505 4907 mnlum
2536 4851 2624 4923 qui
2654 4866 2711 4905 se
2735 4851 2969 4921 graviter
3004 4847 3331 4912 oli‘endisset,
3381 4860 3475 4915 per
3517 4845 3678 4897 alimn
3716 4858 3867 4895 even—

2306 4954 2421 4999 tura
2445 4944 2544 5013 ipsi
2571 4941 2708 4997 mala
2731 4940 3063 5011 significavit.
3095 4939 3266 4993 Tanta
3313 4947 3437 4991 tunc
3480 4944 3599 4989 erat
3640 4933 3732 4987 Dei
3779 4931 3866 4982 ira.

2303 5033 2442 5088 Audi
2471 5033 2647 5102 itaque
2666 5030 2790 5102 quid
2820 5029 2884 5084 ad
2915 5028 3233 5100 discipulum
3261 5026 3328 5081 de
3349 5024 3601 5094 magistro
3618 5023 3865 5090 loquatur,

2303 5124 2563 5197 siquidem
2585 5132 2640 5191 et
2659 5123 2920 5193 discipulo
2945 5132 2999 5177 et
3030 5120 3187 5176 alteri
3220 5120 3510 5191 prophetae,
3550 5127 3602 5172 et
3637 5113 3868 5171 omnibus

2304 5220 2501 5291 potius,
2528 5232 2686 5288 quam
2712 5216 2806 5282 illi,
2836 5214 2903 5270 de
2931 5212 3107 5269 futura
3128 5213 3430 5267 calamitate
3465 5210 3583 5280 ejus
3623 5203 3861 5276 loqueba-

2304 5323 2390 5368 tur
2419 5330 2432 5363 :
2460 5310 2595 5367 adeo
2624 5309 2770 5365 illum
2797 5307 2863 5362 ad
2881 5317 3174 5362 extremum
3202 5304 3562 5359 aversabatur.
3594 5298 3726 5368 Quid
3752 5307 3864 5361 ergo
3912 5356 3915 5367 Ι

2305 5402 2474 5473 inquit
2497 5399 2767 5456 Samueli?
2795 5397 3023 5453 Noverat
3055 5395 3195 5467 quod
3223 5392 3595 5449 maledicereut
3633 5387 3722 5443 [liii
3758 5384 3865 5453 ejus
3912 5389 3923 5425 ῑ

2307 5493 2437 5558 Deo,
2457 5501 2510 5546 et
2536 5505 2643 5545 non
2668 5487 3061 5550 monebatcos;
3095 5500 3199 5550 non
3227 5484 3305 5539 sic
3342 5494 3537 5547 tamen,
3578 5493 3697 5534 nam
3729 5481 3864 5531 certe

2304 5592 2601 5649 monuerat,
2632 5582 2725 5637 sed
2756 5581 2893 5635 bane
2921 5580 3059 5635 Deus
3085 5593 3181 5649 pro
3209 5576 3566 5632 admonitione
3589 5588 3689 5627 non
3719 5582 3864 5621 acce-

2303 5679 2398 5747 pit,
2429 5676 2563 5731 adeo
2591 5675 2734 5730 illam
2766 5672 3117 5743 improbabat,
3149 5669 3291 5742 quod
3322 5668 3647 5725 vehementia
3675 5660 3863 5717 camis-

2301 5781 2401 5825 set.
2437 5769 2615 5839 itaque
2652 5767 2693 5825 si
2737 5766 2856 5821 liliis
2902 5763 3296 5837 provideamus,
3339 5762 3429 5819 sed
3479 5776 3582 5817 non
3624 5764 3859 5828 quantum

4037 1842 4042 1971 ι

4042 2118 4045 2191 i
