4124 6144
284 438 515 505 oportet.
545 441 652 483 non
672 439 737 482 ea
770 430 914 479 certe
950 419 1281 492 providentia
1321 413 1543 472 dicenda
1584 417 1685 474 est,
1729 408 1866 462 sicut

285 539 386 581 nec
408 522 498 578 illa
533 516 827 575 admonitio
848 514 984 570 Heli.
1009 514 1142 568 Cum
1172 526 1300 565 vero
1329 509 1531 563 crimen
1574 507 1864 561 narrasset,

285 625 395 673 tum
427 626 640 684 ptenam
681 608 882 680 ingenti
925 621 1046 661 cum
1091 601 1359 658 iracundia
1400 597 1623 653 induxit.
1664 592 1864 657 Juravi,

284 708 451 773 enim,
474 703 662 774 inquit,
689 700 863 760 domui
888 698 1030 764 Heli,
1054 697 1098 752 si
1125 704 1379 766 peccatum
1409 691 1542 745 istud
1567 687 1740 742 domui
1763 685 1870 738 lle-

286 803 322 855 li
348 793 654 869 expiabitur,
681 795 783 847 sive
809 791 1136 862 thymiamate
1176 787 1279 840 sive
1323 781 1588 852 sacriﬁciis
1628 774 1870 848 usque.in

286 901 529 946 retentum
557 887 632 959 (Ι.
666 885 793 954 Reg.
823 883 877 937 5.
912 879 1298 953 14).νὶ(1ἰειίηθ
1328 878 1594 945 ingentem
1627 871 1869 936 indigna-

288 982 507 1042 tionem,
529 987 850 1047 poenamque
880 972 1024 1027 omni
1051 983 1146 1039 spe
1179 967 1349 1022 venia:
1378 959 1689 1020 carentem?
1715 959 1873 1012 l’ror-

287 1085 398 1136 sus,
428 1067 620 1138 inquit,
649 1065 795 1120 illum
823 1062 999 1133 perire
1023 1065 1251 1129 oportet,
1281 1071 1380 1110 nec
1408 1055 1578 1123 ipsum
1618 1049 1776 1105 modo
1820 1055 1873 1101 et

288 1161 405 1232 ejus
437 1160 593 1223 ﬁlios,
617 1156 712 1213 sed
738 1171 858 1211 cum
884 1155 999 1224 ipso
1028 1153 1245 1207 domum
1286 1149 1608 1209 universam,
1645 1142 1874 1196 nullum-

288 1267 393 1324 que
421 1248 866 1304 medicamentum
914 1245 1034 1308 erit,
1081 1239 1221 1312 quod
1265 1238 1455 1293 vulnus
1501 1233 1640 1289 istud
1686 1244 1874 1286 curare

291 1323 462 1415 possit
493 1362 507 1397 :
538 1342 662 1397 licet
692 1341 806 1396 seni
838 1338 911 1392 illi
945 1346 1138 1406 prmter
1166 1333 1394 1388 ﬁliorum
1422 1329 1716 1399 neglectum
1744 1323 1874 1378 nihil

290 1434 432 1506 quod
460 1431 670 1489 crimini
691 1430 843 1486 daret
871 1426 1111 1482 habuerit
1132 1425 1289 1479 Deus.
1314 1423 1442 1477 Erat
1471 1420 1612 1474 enim
1635 1419 1687 1472 in
1717 1422 1877 1472 ca'te-

291 1527 368 1581 ris
393 1524 640 1580 omnibus
668 1519 1031 1584 admirandus,
1065 1517 1288 1586 ejusque
1334 1510 1722 1584 philosophiam
1761 1522 1878 1562 om-

293 1631 416 1671 nem
437 1631 540 1669 non
563 1629 627 1668 ex
645 1613 762 1666 aliis
788 1611 968 1674 modo,
997 1608 1091 1664 sed
1117 1622 1182 1662 ex
1213 1607 1277 1661 iis
1302 1618 1510 1675 quoque
1536 1616 1655 1672 quae
1699 1601 1750 1652 in
1785 1612 1880 1652 ca-

292 1707 533 1760 lamitate
560 1703 916 1774 contigerunt,
949 1700 1130 1754 videre
1155 1706 1256 1753 est.
1299 1696 1532 1750 Primum
1572 1693 1715 1746 enim
1756 1704 1876 1744 cum

293 1797 410 1853 hinc
438 1796 615 1852 omnia
645 1795 900 1860 audisset,
926 1806 1087 1861 seque
1107 1789 1173 1844 ad
1199 1801 1502 1859 supremam
1532 1799 1739 1856 poenam
1761 1797 1878 1851 per-

291 1890 506 1945 venisse
548 1887 900 1956 conspiceret,
949 1898 1055 1937 non
1099 1882 1351 1953 graviter,
1399 1893 1503 1933 non
1545 1876 1880 1945 indignanter

297 1982 439 2049 tulit,
471 1996 577 2035 non
603 1979 656 2033 id
686 1978 818 2033 dixit
844 1976 987 2047 quod
1019 1975 1229 2045 plurimi
1265 1972 1523 2026 dixissent
1556 1987 1568 2023 :
1606 1967 1737 2022 Num
1783 1980 1881 2035 ego

295 2073 524 2128 aliorum
548 2070 836 2125 voluntatis
865 2068 1112 2123 dominus
1143 2064 1300 2120 sum?
1339 2063 1682 2118 Peccatorum
1727 2072 1880 2120 meo-

295 2181 414 2220 rum
439 2178 623 2234 poenas
653 2164 798 2217 luere
817 2160 988 2215 debeo
1019 2177 1034 2214 :
1064 2159 1154 2213 ﬁlii
1180 2163 1391 2212 aetatem
1428 2154 1645 2219 habent,
1677 2152 1882 2221 ipsique

295 2257 400 2313 soli
430 2255 747 2328 supplicium
775 2260 1065 2308 merentur.
1086 2251 1286 2304 llorum
1315 2247 1448 2302 nihil
1479 2245 1612 2301 dixit
1639 2245 1719 2299 vel
1736 2243 1883 2314 cogi-

298 2347 466 2411 tavit;
495 2344 589 2400 sed
617 2355 673 2398 ut
697 2358 880 2399 servus
908 2343 1047 2396 bene
1071 2339 1311 2405 aﬁ‘ectus,
1340 2339 1426 2392 cui
1451 2335 1502 2391 id
1541 2349 1701 2390 unum
1735 2333 1883 2387 cordi

298 2447 436 2502 erat,
465 2433 816 2490 utadomino
869 2432 1046 2487 omnia
1091 2431 1240 2485 facile
1279 2427 1646 2498 patienterque
1694 2424 1880 2490 ferret,

298 2526 692 2598 quantumlibet
717 2525 802 2578 illa
832 2523 1023 2578 acerba
1056 2529 1252 2587 essent,
1281 2521 1360 2575 sic
1401 2519 1488 2574 ille
1517 2517 1678 2574 verba
1709 2516 1883 2587 philo-

243 2638 246 2641 ·
299 2616 506 2687 sapltim
535 2617 690 2686 plena
720 2613 960 2685 protulit.
1004 2611 1273 2677 Dominus,
1323 2609 1488 2676 enim,
1541 2608 1726 2678 inquit,
1772 2615 1885 2672 est;

300 2707 440 2777 quod
466 2716 668 2777 gratum
697 2715 768 2760 est
793 2706 846 2759 in
867 2712 1134 2774 conspectu
1155 2719 1244 2756 suo
1267 2701 1414 2772 faciet
1436 2701 1512 2772 (1.
1541 2697 1668 2771 Reg.
1699 2697 1881 2767 5.18).

301 2799 422 2854 Non
451 2799 620 2853 solum
649 2806 823 2851 autem
854 2796 998 2861 hinc,
1023 2793 1115 2849 sed
1145 2792 1358 2847 aliunde
1387 2805 1597 2862 quoque
1631 2789 1744 2859 ejus
1781 2788 1888 2842 vir-

304 2898 393 2964 tus
422 2888 745 2959 deprehendi
778 2894 970 2958 potest.
999 2885 1130 2940 Nam
1175 2899 1294 2938 cum
1337 2882 1477 2937 bello
1519 2889 1886 2949 premerentur

305 2980 498 3047 Judaei,
528 2978 890 3049 accedensque
919 2976 1132 3048 quidam
1163 2975 1478 3030 bclliclades
1499 2975 1883 3038 annuntiasset,

308 3082 469 3144 utque
500 3072 722 3143 turpiter
750 3080 802 3125 et
827 3071 1022 3124 misere
1055 3068 1168 3137 ejus
1212 3067 1304 3121 ﬁlii
1345 3066 1396 3119 in
1443 3065 1623 3135 praelio
1661 3064 1886 3119 cecidis-

309 3173 448 3232 sent,
476 3165 592 3220 hcec
619 3165 794 3235 quiete
819 3162 1048 3225 audivit;
1081 3169 1133 3214 at
1175 3159 1265 3214 ubi
1317 3159 1404 3214 ille
1453 3167 1647 3228 praeter
1685 3157 1886 3212 caedem

305 3257 611 3328 hujusmodi
635 3271 814 3312 arcam
841 3255 908 3311 ab
933 3254 1172 3308 hostibus
1213 3262 1423 3322 captam
1457 3251 1620 3305 fuisse
1658 3249 1886 3319 adjecis-

305 3356 410 3412 set,
435 3357 562 3403 tunc
587 3361 815 3403 maerore
842 3343 1217 3401 obtenebratus
1247 3357 1411 3397 senex
1436 3340 1626 3396 cecidit
1649 3339 1716 3394 de
1760 3339 1888 3393 sella

306 3449 456 3495 retro
479 3439 626 3510 juxta
669 3439 907 3509 januam,
949 3446 1000 3492 et
1035 3437 1321 3516 contritum
1356 3443 1438 3489 est
1480 3432 1696 3488 dorsum
1728 3432 1843 3500 ejus
1872 3448 1886 3485 :

308 3545 475 3586 senex
495 3532 635 3586 enim
663 3539 796 3596 erat,
823 3537 875 3584 et
893 3528 1068 3599 gravis
1088 3535 1140 3582 et
1170 3525 1512 3590 honorabilis,
1532 3533 1586 3578 et
1619 3523 1731 3592 ipse
1750 3523 1892 3592 judi-

310 3623 450 3679 cavit
495 3622 652 3678 lsrael
695 3621 877 3692 viginti
903 3620 1075 3674 annis.
1100 3618 1251 3686 Quod
1273 3618 1315 3671 si
1334 3615 1663 3672 sacerdotem
1684 3629 1888 3681 senem,

311 3715 701 3780 ltonorabilem,
743 3715 830 3784 qui
875 3713 992 3768 sine
1031 3712 1246 3782 querela
1292 3710 1634 3764 Hebraeorum
1679 3717 1890 3778 gentem

311 3805 497 3876 viginti
539 3805 692 3859 annis
740 3813 974 3870 rexerat,
1021 3803 1109 3872 qui
1140 3801 1205 3855 iis
1230 3798 1556 3872 temporibus
1583 3798 1730 3863 vixit,
1775 3813 1893 3867 qua:

313 3913 421 3954 non
454 3906 652 3951 tantam
683 3897 804 3950 vitae
831 3893 1154 3965 diligentiam
1177 3891 1537 3962 requirebant,
1554 3888 1685 3943 nihil
1703 3889 1892 3944 horum

313 4003 572 4045 excusare
606 3987 802 4057 potuit;
826 3985 918 4041 sed
942 3986 988 4040 is
1017 3985 1138 4055 quia
1165 3982 1393 4037 ﬁliorum
1437 3995 1617 4035 curam
1666 3994 1770 4032 non
1813 3986 1896 4032 sat

313 4080 600 4150 diligenter
619 4078 896 4144 habuerat,
923 4078 1117 4131 misere
1137 4083 1191 4130 et
1217 4063 1496 4127 infeliciter
1520 4071 1696 4142 periit,
1723 4085 1785 4124 ac
1802 4083 1896 4123 ne-

312 4169 579 4240 gligentia:
600 4169 738 4223 illius
761 4168 967 4223 crimen
998 4166 1165 4220 instar
1188 4162 1380 4218 ﬂuctus
1411 4161 1640 4232 ingentis
1665 4160 1754 4214 illa
1780 4175 1896 4213 om-
1949 4169 1958 4180 '

315 4259 403 4314 nia
430 4258 776 4325 transcendit,
808 4266 860 4313 et
889 4264 1034 4312 recte
1054 4255 1191 4311 facta
1211 4254 1389 4309 omnia
1415 4254 1589 4308 obruit
1617 4269 1629 4305 :
1653 4267 1771 4321 qua:
1798 4265 1896 4305 nos

316 4353 452 4408 ultio
474 4351 722 4422 excipiet,
753 4351 840 4421 qui
868 4349 950 4405 his
968 4347 1299 4419 temporibus
1327 4346 1577 4412 vivimus,
1616 4345 1670 4398 in
1708 4343 1899 4413 quibus

317 4443 491 4513 major
515 4441 849 4514 phil050phia
879 4441 1186 4512 requiritur,
1211 4449 1265 4495 et
1285 4448 1458 4494 tamen
1485 4437 1561 4492 illi
1585 4435 1778 4490 virtute
1815 4434 1901 4488 in-

317 4534 544 4590 feriores
569 4549 790 4600 sumus;
813 4547 875 4587 ac
907 4547 1013 4586 non
1042 4530 1202 4585 modo
1228 4529 1350 4585 ﬁliis
1378 4544 1486 4584 non
1527 4526 1897 4597 prOSpicimus,

317 4626 414 4682 sed
439 4627 599 4681 etiam
625 4627 758 4680 alios
784 4625 836 4679 id
873 4623 1049 4678 facere
1078 4623 1306 4677 nitentes
1354 4618 1559 4674 insidiis
1603 4618 1902 4687 appetimus

321 4729 784 4790 ctoppugnamus,
819 4732 880 4772 ac
909 4716 1149 4772 barbaris
1196 4713 1538 4769 immaniores
1581 4725 1701 4780 erga
1752 4717 1903 4763 natos

319 4821 539 4870 nostros
568 4811 791 4867 sumus?
819 4809 1034 4865 Illorum
1060 4809 1253 4879 quippe
1280 4806 1464 4861 feritas
1491 4817 1659 4873 usque
1683 4801 1750 4856 ad
1789 4817 1903 4856 scr-

319 4906 542 4960 vitutem
570 4912 796 4968 tantum,
824 4912 877 4958 et
901 4901 1200 4956 vastitatem
1225 4915 1288 4955 ac
1310 4899 1667 4970 captivitatem
1700 4894 1902 4966 patriai,

317 5009 687 5065 corporeaque
709 4993 845 5047 mala
873 4994 1030 5048 saevit
1048 5009 1062 5058 ;
1082 5008 1177 5048 vos
1200 5000 1376 5047 autem
1404 4991 1572 5060 ipsam
1600 4989 1830 5042 animam
1855 4986 1905 5040 in

319 5088 634 5142 servitutem
653 5084 911 5156 redigitis,
926 5101 1149 5156 eamque
1174 5085 1312 5139 velut
1333 5082 1596 5152 captivum
1617 5081 1905 5150 alligatam,

323 5179 396 5232 ita
421 5177 666 5246 malignis
689 5174 921 5245 ferisque
953 5175 1282 5230 daemonibus
1313 5188 1604 5242 eorumque
1633 5169 1910 5224 affectibus

327 5268 562 5324 traditis.
584 5268 718 5324 Cum
771 5269 915 5324 enim
962 5282 1134 5338 neque
1176 5267 1278 5336 ipsi
1325 5264 1596 5336 quidpiam
1639 5263 1912 5334 spirituale

327 5360 582 5426 monetis,
615 5374 788 5429 neque
828 5359 964 5413 alios
997 5358 1050 5414 id
1076 5359 1352 5429 cupientes
1379 5355 1552 5410 facere
1585 5353 1910 5424 permittitis,

329 5451 465 5506 nihil
497 5451 735 5522 profecto
760 5451 903 5508 aliud
957 5451 1132 5522 agitis.
1177 5449 1287 5504 Nec
1338 5448 1468 5502 mihi
1511 5447 1654 5501 dicat
1701 5444 1911 5514 aliquis,

330 5543 556 5611 multos,
586 5545 676 5615 qui
697 5544 817 5614 plus
846 5560 1001 5614 quam
1034 5542 1149 5598 Heli
1199 5541 1336 5595 ﬁlios
1377 5539 1754 5610 neglexerant,
1787 5536 1915 5589 nihil

331 5635 515 5692 simile
562 5651 749 5706 passos
777 5651 916 5691 esse.
960 5635 1106 5689 Multi
1146 5635 1288 5689 enim
1325 5647 1467 5701 sazpe
1507 5632 1575 5686 ob
1616 5629 1916 5698 hujusmodi

333 5729 548 5798 culpam
577 5727 735 5782 etiam
762 5727 825 5782 iis
845 5726 1086 5796 graviora
1115 5723 1256 5796 passi
1283 5731 1426 5780 sunt.
1455 5721 1586 5777 Nam
1614 5718 1755 5775 unde
1781 5733 1916 5789 prae-

1034 301 1392 362 ADVEBSUS
1419 281 1963 356 OPPUGNATORES
2003 284 2184 342 VlTxE
2222 286 2511 345 MONAST.
2553 284 2682 342 LIB.
2725 281 2814 341 Ill.

3457 281 3564 340 555

1977 409 2200 457 maturae
2228 400 2464 456 mortes?
2491 397 2635 454 unde
2658 395 2957 468 gravissimi
2986 401 3041 450 et
3065 391 3368 462 frequentes
3389 394 3561 451 morbi

1974 503 2029 549 et
2049 494 2203 548 nobis
2225 502 2277 549 et
2300 493 2481 550 liberis
2531 491 2731 546 nostris
2774 488 3114 544 inferuntur?
3151 487 3295 542 unde
3343 485 3560 551 damna,

1975 589 2116 642 unde
2142 586 2489 652 calamitates,
2511 585 2652 640 unde
2691 592 3030 648 nocumenta,
3061 580 3203 637 unde
3232 581 3370 635 mala
3402 581 3562 634 innu-

1975 676 2158 732 mera?
2188 693 2366 732 nonne
2392 677 2532 747 quod
2564 676 2837 745 improbos
2881 675 3019 730 ﬁlios
3062 673 3346 728 emendare
3390 673 3562 740 negli-

1975 768 2199 838 gamus?
2225 767 2376 834 Quod
2404 767 2514 821 haec
2539 777 2715 821 autem
2756 781 2861 820 non
2911 766 3215 834 conjectura
3263 765 3362 830 sit,
3419 762 3563 816 senis

1977 859 2118 912 illius
2147 873 2302 912 casus
2332 858 2461 912 satis
2490 857 2740 912 ostendit.
2775 857 2888 926 Ego
2919 872 3046 911 vero
3081 856 3337 926 sapientis
3380 854 3561 924 cujus-

1977 950 2098 1004 dam
2125 965 2188 1003 ex
2226 950 2425 1003 nostris
2453 949 2554 1002 hac
2579 949 2646 1003 de
2695 965 2753 1002 re
2793 950 2992 1002 dictum
3040 949 3265 1003 referam
3299 965 3311 1000 :
3344 947 3410 1002 de
3441 945 3563 1000 (iliis

1978 1043 2119 1096 enim
2143 1041 2430 1103 disserens,
2454 1041 2521 1094 ita
2553 1041 2787 1109 loquitur
2811 1058 2823 1092 :
2851 1039 3130 1093 Nelwteris
3151 1039 3203 1091 in
3227 1039 3345 1106 ﬁliis
3368 1037 3562 1106 impiis;

1977 1134 2076 1186 nisi
2107 1134 2256 1203 fuerit
2283 1134 2334 1186 in
2356 1131 2592 1208 illistei
2634 1133 2801 1197 timor,
2837 1149 2899 1186 ne
2933 1131 3162 1198 conﬁdas
3195 1129 3400 1183 illorum
3449 1130 3561 1182 vita:
3609 1110 3614 1114 I

1979 1226 2161 1295 (Eccli.
2197 1226 2281 1280 l6.
2317 1227 2452 1297 1-5).
2483 1225 2800 1295 lngemisces
2817 1225 2956 1280 enim
2985 1234 3306 1295 przematuro
3329 1223 3566 1285 luctu,et.

1979 1315 2266 1386 derepente
2295 1317 2503 1371 illorum
2533 1317 2993 1386 consumptionem
3023 1317 3179 1370 scies.
3212 1315 3430 1368 Plurimi
3463 1313 3562 1382 igi-

1981 1414 2085 1473 tur,
2116 1416 2171 1461 ut
2193 1407 2322 1473 dixi,
2355 1408 2518 1461 multa
2547 1407 2810 1476 ejusmodi
2841 1408 2978 1476 passi
3010 1416 3153 1460 sunt.
3189 1406 3242 1459 Si
3266 1414 3440 1458 autem
3462 1404 3563 1456 ali-

1981 1502 2070 1572 qui
2119 1501 2430 1571 cﬁugerint,
2461 1511 2515 1555 at
2559 1517 2664 1554 non
2716 1502 2766 1554 in
2812 1500 2970 1554 ﬁttem
3020 1482 3271 1569 effugient
3304 1478 3340 1562 ί,
3378 1498 3473 1553 sed
3511 1499 3562 1551 in

1981 1594 2168 1663 capitis
2192 1595 2272 1648 sui
2300 1595 2495 1648 malum
2518 1611 2532 1659 ;
2562 1595 2862 1648 acerbiores
2889 1595 3052 1658 enim,
3085 1609 3204 1647 cum
3236 1593 3564 1646 excesserint

1981 1702 2012 1742 e
2038 1688 2166 1751 vita,
2195 1703 2380 1758 poenas
2406 1688 2568 1742 luent.
2602 1686 2708 1742 Cur
2735 1698 2932 1750 autem,
2963 1687 3189 1756 inquies,
3217 1702 3318 1740 non
3347 1687 3431 1738 hic
3454 1702 3566 1738 om-

1982 1797 2079 1836 nes
2100 1781 2418 1850 puniuntur?
2448 1781 2578 1849 Quia
2613 1782 2750 1834 Deus
2777 1781 2914 1834 diem
2945 1782 3151 1845 statuit,
3179 1796 3277 1848 qua
3304 1779 3566 1848 judicatu-

1983 1890 2074 1929 rus
2100 1883 2181 1928 est
2207 1874 2388 1928 orbem
2420 1873 2723 1927 universum
2753 1891 2765 1926 :
2800 1872 2915 1926 inec
2952 1883 3126 1925 autem
3170 1872 3284 1925 dies
3333 1871 3565 1924 nondum

1984 1965 2156 2021 adest.
2187 1965 2266 2019 Ad
2292 1965 2408 2019 haec
2431 1979 2556 2018 vero
2590 1965 2632 2018 si
2676 1965 2747 2018 ita
2794 1963 2961 2026 ﬁeret,
2986 1963 3092 2032 jam
3128 1963 3464 2029 ahsumptnm
3515 1972 3569 2014 et

1985 2059 2260 2128 abreptum
2290 2068 2431 2111 esset
2452 2072 2609 2110 mune
2645 2072 2811 2125 genus
2855 2054 3166 2107 humanum.
3210 2052 3314 2106 Sed
3365 2059 3422 2105 nt
3471 2067 3568 2103 nec

1987 2149 2089 2204 hoc
2119 2150 2409 2218 contingat,
2440 2163 2537 2202 nec
2567 2147 2780 2216 plurimi
2812 2147 3085 2215 segniores
3123 2144 3248 2196 ﬁant
3284 2158 3351 2196 ex
3402 2141 3567 2194 tardi-

1987 2248 2096 2294 tate
2120 2239 2326 2309 judicii,
2352 2238 2607 2308 quosdam
2632 2239 2771 2292 Deus
2794 2236 3026 2306 peccatis
3057 2235 3318 2289 obnoxios
3344 2232 3428 2285 hic
3458 2247 3568 2300 pm-

1987 2332 2070 2386 nis
2100 2331 2356 2397 afﬁciens,
2383 2331 2572 2384 horum
2601 2330 2844 2400 exemplo
2873 2329 3107 2398 reliquos
3127 2327 3303 2392 docet,
3326 2339 3567 2394 quasnam

1949 2473 1956 2482 ,
1987 2423 2058 2476 sit
2083 2411 2459 2491 suppliciorum
2488 2421 2623 2475 ratio
2649 2436 2711 2475 ac
2736 2435 3004 2485 mensura,
3027 2427 3084 2472 ut
3102 2417 3363 2482 ediscant,
3387 2430 3464 2480 se,
3488 2424 3567 2468 et—

1989 2516 2036 2570 si
2065 2515 2117 2568 in
2147 2516 2245 2568 hac
2271 2515 2376 2568 vita
2401 2529 2584 2583 poenas
2607 2529 2712 2568 non
2743 2515 2910 2577 luant,
2942 2521 3060 2582 post
3089 2526 3363 2566 excessum
3393 2519 3567 2562 tamen

1989 2605 2144 2676 longe
2184 2607 2456 2676 graviores
2498 2605 2770 2660 subituros
2813 2619 2954 2658 esse.
2997 2602 3181 2672 Neque
3233 2602 3374 2656 enim
3426 2599 3566 2670 quod

1988 2697 2303 2768 prophetam
2329 2712 2470 2751 nunc
2499 2712 2604 2750 non
2635 2697 2810 2750 mittat
2838 2695 3002 2761 Deus,
3027 2708 3127 2748 nec
3153 2705 3336 2760 poenas
3361 2690 3569 2744 denun-

1989 2789 2086 2868 tiet
2112 2797 2169 2844 ut
2199 2788 2315 2842 Heli
2343 2797 2603 2857 tempore,
2629 2787 2748 2841 ideo
2768 2784 2979 2840 desides
2999 2798 3117 2838 esse
3144 2782 3398 2836 debemus
3425 2798 3439 2834 :
3465 2794 3571 2834 non

1989 2883 2131 2937 enim
2159 2880 2535 2952 prophetarum
2586 2880 2688 2934 hoc
2731 2887 2940 2947 tempus
2987 2887 3106 2939 CSl;
3151 2876 3255 2928 imo
3279 2867 3430 2926 'vero
3478 2885 3572 2926 eos

1991 2988 2132 3028 nunc
2156 2988 2366 3042 quoque
2395 2971 2576 3026 mittit.
2609 2968 2784 3042 [Unde
2805 2968 2855 3022 id
2893 2967 3045 3021 nobis
3067 2967 3224 3034 liquet
3246 2964 3268 3017 ?
3294 2962 3491 3015 Habent
3523 2963 3562 3026 ³,

1991 3065 2176 3133 inquit,
2205 3063 2433 3133 Moysem
2453 3071 2500 3114 et
2529 3059 2817 3132 prophetas]
2833 3058 2983 3129 (Luc.
3016 3058 3102 3112 iﬁ.
3131 3057 3246 3128 29).
3270 3056 3340 3110 Ea
3370 3054 3566 3122 quippe

1991 3172 2112 3226 quae
2136 3155 2278 3210 illius
2316 3155 2570 3222 temporis
2616 3153 2741 3206 viris
2784 3151 2924 3206 dicta
2974 3157 3116 3214 sunt,
3163 3147 3315 3200 nobis
3358 3159 3571 3214 qucque

1991 3249 2130 3305 dicta
2157 3256 2299 3314 sunt,
2331 3262 2433 3302 nec
2458 3244 2778 3310 mod0‘lleli,
2808 3241 2900 3297 sed
2931 3241 3176 3294 omnibus
3207 3237 3359 3291 simul
3383 3235 3572 3289 eadem

1993 3339 2336 3412 peccantibus
2366 3353 2461 3407 per
2490 3337 2635 3391 illum
2662 3350 2861 3404 perque
2888 3332 3026 3385 illius
3050 3330 3375 3383 calamitates
3405 3327 3573 3396 loqui-

1995 3443 2080 3488 tur
2100 3433 2260 3488 Deus.
2283 3431 2394 3486 Nec
2423 3431 2563 3486 enim
2597 3441 2850 3499 personas
2876 3424 3088 3493 accipit,
3119 3437 3217 3476 nec
3241 3423 3330 3490 qui
3367 3421 3571 3474 minora

1994 3533 2304 3598 peccantem
2329 3539 2448 3579 cum
2476 3522 2636 3576 domo
2657 3529 2764 3574 tota
2801 3517 3034 3573 funditus
3078 3514 3288 3578 evertit,
3331 3512 3572 3582 graviora

1995 3632 2276 3690 aggressos
2302 3616 2530 3671 dimittet
2555 3613 2773 3667 inultos.

2065 3711 2122 3766 4.
2166 3709 2321 3780 Leges
2359 3705 2732 3762 educandorum
2761 3702 3030 3756 liberorum
3055 3697 3162 3751 Deo
3189 3697 3338 3750 datis.
3367 3725 3438 3734 —
3457 3694 3570 3748 Non

1997 3803 2138 3858 enim
2163 3801 2342 3856 dicere
2371 3797 2448 3851 fas
2473 3805 2573 3860 est,
2604 3809 2723 3850 eum
2748 3807 2851 3846 non
2882 3790 3100 3845 multam
3126 3788 3283 3856 hujus
3311 3787 3384 3841 rei
3414 3785 3576 3838 ratio-

1997 3909 2119 3948 nem
2166 3891 2382 3954 habere,
2415 3889 2676 3942 summam
2702 3883 2918 3952 quippe,
2951 3879 3344 3933 etlucandorum
3386 3875 3578 3928 libero-

1997 3998 2114 4040 rum
2141 3979 2546 4038 sollicitudinem
2577 3976 2774 4030 inducit
2806 3991 2818 4025 :
2853 3970 3112 4041 siquidem
3150 3977 3345 4022 tantam
3374 3977 3578 4022 na'.ur:e

1999 4073 2478 4142 concupiscentiam
2517 4070 2636 4124 idco
2677 4066 2882 4132 indidit,
2928 4074 2985 4119 ut
3013 4061 3159 4132 quasi
3206 4058 3578 4114 necessitatem

2000 4167 2280 4239 quamdam
2313 4163 2670 4219 inevitabilem
2690 4175 2829 4214 cura:
2856 4157 3082 4211 ﬁliorum
3105 4150 3360 4208 habenda:
3384 4165 3582 4219 part-n-

2001 4262 2141 4317 tibus
2178 4256 2525 4314 constitueret
2573 4272 2585 4307 :
2637 4253 2779 4321 leges
2806 4250 2930 4304 item
2951 4246 3287 4319 postmodum
3318 4241 3490 4296 intulit
3514 4239 3581 4294 de

2002 4367 2126 4407 cura
2149 4350 2375 4404 ﬁliorum
2405 4342 2635 4416 gerenda
2661 4357 2759 4396 nos
2787 4341 3064 4408 alloquens
3088 4353 3102 4390 :
3135 4345 3185 4390 et
3221 4350 3342 4389 cum
3363 4332 3478 4388 dies
3500 4329 3582 4386 fe-

2004 4450 2114 4496 stos
2140 4446 2417 4502 statueret,
2461 4443 2519 4489 ut
2541 4446 2729 4488 causas
2759 4429 2877 4483 ﬁliis
2899 4428 3009 4481 suis
3032 4425 3325 4478 indicarent
3357 4423 3585 4490 impera-

2005 4533 2099 4588 vit.
2143 4531 2272 4586 Nam
2305 4543 2424 4582 cum
2462 4525 2529 4581 de
2562 4521 2821 4578 Paschate
2850 4518 3176 4586 loqueretur,
3217 4512 3408 4581 adjecit
3450 4528 3462 4562 :
3521 4509 3586 4560 Et

2006 4623 2325 4681 annuntiabis
2378 4620 2484 4690 ﬁlio
2537 4627 2620 4670 tuo
2659 4615 2714 4668 in
2769 4611 2850 4664 die
2896 4609 2986 4662 illa
3035 4605 3204 4659 dicens
3247 4601 3425 4656 :ldeo
3471 4599 3586 4667 fecit
3677 4607 3685 4614 ‘

2008 4717 2147 4772 Deus
2175 4714 2298 4768 mihi
2341 4712 2467 4775 hwc,
2495 4724 2607 4762 cum
2642 4705 2828 4759 exirem
2848 4700 2910 4753 de
2943 4696 3194 4767 Egypto.
3227 4693 3282 4747 In
3313 4692 3427 4759 lege
3452 4705 3588 4757 quo-

2009 4825 2112 4882 que
2152 4808 2376 4877 idipsum
2434 4801 2602 4856 facit:
2648 4811 2770 4852 nam
2825 4793 2893 4848 de
2928 4786 3292 4861 primogenitis
3345 4784 3592 4851 loquutus

2009 4873 2193 4960 rursus
2229 4873 2435 4968 iadjicit
2491 4911 2506 4949 :
2572 4891 2632 4947 Si
2679 4898 2844 4944 autem
2908 4878 3285 4951 interrogaverit
3343 4885 3390 4930 te
3456 4873 3594 4940 [ilius

2014 5007 2148 5062 tuus,
2176 4965 2381 5046 dicens:
2417 4985 2552 5054 Quid
2581 4984 2673 5037 hoc
2703 4978 2971 5035 est?'dices
2997 4973 3064 5028 ad
3089 4988 3220 5035 eum,
3251 4968 3382 5035 Quia
3407 4965 3459 5018 in
3481 4980 3593 5014 ma-

2015 5104 2083 5141 nu
2109 5061 2275 5140 ualida
2302 5081 2473 5137 eduxit
2498 5094 2588 5132 nos
2617 5074 2860 5130 Dominus
2890 5069 2950 5122 de
2987 5064 3218 5136 Aigypto
3248 5078 3311 5115 ea:
3329 5061 3458 5131 jugo
3490 5073 3598 5110 ser-

2017 5177 2206 5232 vitutis.
2231 5172 2356 5228 Cum
2372 5187 2485 5226 vero
2511 5168 2840 5223 obduraretur
2852 5161 3056 5214 Pharao
3079 5170 3169 5208 nec
3189 5152 3458 5208 dimitteret
3483 5163 3600 5210 nos,

2019 5268 2201 5324 occidit
2217 5282 2363 5320 omne
2378 5261 2762 5335 primogenitum
2779 5256 2829 5308 in
2843 5263 2973 5307 terra
2983 5247 3198 5318 Egypti
3213 5261 3242 5297 α
3259 5239 3605 5314 primogeniti‘s

2021 5359 2280 5414 hominum
2305 5330 2459 5425 usque
2475 5330 2894 5421 adprimnaenita
2907 5344 3272 5414 jumentorum.
3295 5330 3496 5385 Idcirco
3511 5342 3606 5396 ego

2085 5473 2101 5505 ¹
2137 5481 2247 5522 Haec
2267 5468 2437 5527 verba,
2460 5469 2509 5515 at
2530 5475 2623 5513 non
2644 5461 2694 5511 in
2715 5457 2860 5524 ﬁnem
2892 5454 3141 5520 emigrent,
3163 5451 3215 5498 in
3237 5444 3400 5497 Morel.
3423 5449 3610 5493 tantum

2021 5534 2427 5652 “ei'%‘¥2“‘iiae
2447 5587 2502 5638 ία
2518 5578 2868 5652 ,ιιιμιειρ
2913 5577 3116 5652 nubem...
3313 5567 3610 5652 statim

2024 5630 3246 5718 prop-Iieto’s,vaiiioamibus’absunt3exceptomatorel.
3273 5646 3284 5681 :
3309 5641 3419 5693 qua:
3441 5630 3608 5687 aperti

2029 5699 2467 5781 Esiiiiiéiphiiub;
2492 5721 2644 5773 quare
2666 5707 2854 5756 uncinis
2876 5699 3178 5751 seclusimus.
