4124 6144
566 209 672 263 338

564 320 771 375 imm:lo
818 316 1039 374 Domino
1072 332 1217 371 omne
1244 316 1582 372 masculinum
1616 316 1912 386 adaperiam
1955 316 2152 371 vulvam

566 407 1029 481 (Εωοα.13.8.14.
1056 408 1143 474 15)
1171 423 1184 461 :
1208 406 1385 462 omnia
1407 415 1464 461 ut
1483 421 1575 461 eos
1593 406 1658 461 ad
1682 407 1773 460 Dei
1794 403 2152 476 cognitionem

565 500 834 556 adducant
862 497 1075 570 praecipi
1089 513 1206 553 ens.
1225 498 1330 554 Sed
1347 507 1399 554 et
1417 500 1543 568 ipsis
1559 514 1770 569 quoque
1790 499 1910 553 ﬁliis
1928 498 2152 568 plurima

567 591 707 646 circa
752 604 866 655 eos,
911 589 1000 659 qui
1027 604 1085 643 se
1112 598 1430 659 genuerunt,
1482 589 1728 657 imperat,
1760 589 1896 645 bene
1936 588 2152 644 affectos

571 683 860 751 honorans,
900 681 1138 752 ingratos
1176 681 1438 752 supplicio
1473 680 1752 738 afﬁciens:
1796 680 1892 735 hac
1913 681 2037 735 item
2068 696 2153 734 ra-

570 774 712 829 tione
738 773 976 828 cariores
1013 773 1134 827 illos
1164 773 1475 842 parentibus
1503 772 1647 826 facit.
1676 771 1805 825 Nam
1836 771 1879 825 si
1909 771 2027 840 quis
2056 785 2152 823 cu-

562 865 795 936 juspiain
828 868 933 919 nos'
967 865 1317 919 constitueret
1343 864 1609 929 dominos,
1651 864 1852 918 honore
1884 864 1986 917 isto
2008 878 2152 916 sum-

520 984 521 987 η
566 970 711 1010 mam
737 956 889 1010 nobis
918 956 1291 1010 necessitatem
1318 955 1616 1023 imponeret
1654 970 1720 1008 ne
1742 954 1888 1007 illum
1918 954 2152 1023 neglige-

567 1061 752 1102 remus
784 1065 796 1099 :
822 1047 1017 1101 etenim
1049 1048 1092 1101 si
1120 1046 1247 1101 nihil
1275 1046 1434 1110 aliud,
1467 1046 1594 1099 illud
1625 1054 1769 1100 certe
1808 1061 1904 1098 nos
1930 1061 2152 1100 exorare

568 1146 772 1208 posset,
802 1137 944 1207 quod
982 1138 1124 1192 illius
1166 1137 1346 1192 omnia
1376 1138 1574 1191 nostris
1606 1136 1656 1189 in
1684 1138 1926 1190 manibus
1951 1144 2150 1201 essent,

569 1245 672 1287 nec
708 1230 861 1285 nobis
900 1229 1163 1285 creditum
1206 1239 1264 1283 ut
1291 1229 1638 1299 proderemus
1668 1243 1913 1297 umquam
1963 1226 2154 1281 adduci

575 1334 874 1389 possemus.
896 1318 1031 1374 Cum
1056 1329 1234 1374 autem
1256 1326 1438 1389 postea
1458 1320 1616 1373 etiam
1650 1318 1927 1381 irascatur,
1963 1318 2156 1388 magis-

571 1425 675 1480 que
695 1425 851 1478 quam
873 1410 973 1479 ipsi
990 1410 1328 1464 contumeliis
1351 1409 1483 1472 laesi,
1508 1408 1830 1479 indignetur,
1856 1422 2155 1477 gravesque

576 1515 763 1571 pinnas
788 1500 968 1567 addat,
1000 1500 1124 1555 hinc
1150 1514 1360 1570 quoque
1401 1499 1568 1552 multo
1601 1499 1768 1569 magis
1811 1499 1877 1552 ad
1921 1497 2154 1559 ofﬁcium

574 1592 865 1662 pertrahat.
898 1591 1049 1657 Quod
1079 1591 1249 1660 ipsum
1282 1591 1421 1645 Deus
1464 1591 1724 1665 111-10811111.
1776 1589 1857 1643 Ad
1886 1589 2000 1644 hzec
2031 1604 2156 1644 vero

575 1683 787 1736 tertium
835 1691 1037 1736 natura:
1086 1682 1356 1735 vinculum
1387 1680 1646 1748 adjunxit,
1680 1678 1763 1734 sin
1803 1680 1976 1734 mavis
2000 1721 2013 1746 ,
2046 1680 2155 1748 pri-

575 1790 718 1828 mum
755 1791 769 1828 :
810 1789 873 1827 ac
895 1791 961 1827 ne
990 1772 1129 1826 illius
1146 1772 1213 1826 de
1234 1772 1525 1826 educandis
1551 1771 1730 1825 liberis
1757 1773 1955 1825 monita
1978 1780 2157 1842 patres

572 1872 1217 1932 aspernareutur,natur:c
1239 1862 1441 1917 addidit
1471 1863 1859 1917 necessitatem.
1876 1862 1953 1917 Ne
1979 1873 2155 1918 autem

574 1953 662 2007 illa
695 1953 920 2006 ﬁliorum
951 1952 1158 2021 injuriis
1206 1951 1522 2006 imbecillior
1567 1951 1755 2007 eﬁ‘ceta
1798 1961 2153 2023 rumperetur,

573 2055 627 2101 et
647 2061 795 2099 suam
823 2057 875 2101 et
895 2054 1170 2117 parentum
1201 2045 1453 2099 ultionem
1479 2044 1702 2099 ﬁrmiter
1729 2044 2023 2109 constituit,
2055 2043 2158 2100 hoc

573 2138 733 2191 modo
772 2147 827 2191 et
873 2138 990 2191 illos
1031 2151 1239 2192 summa
1268 2138 1607 2192 accuratione
1632 2136 1872 2191 subditos
1903 2136 2155 2203 reddens,

572 2239 627 2284 et
654 2229 843 2283 horum
890 2245 1013 2298 erga
1064 2228 1200 2283 ﬁlios
1243 2244 1482 2283 amorem
1533 2228 1796 2283 excitans.
1843 2227 2027 2299 Neque
2056 2227 2157 2284 hoc

575 2330 809 2385 tantum;
838 2321 932 2375 sed
956 2322 1060 2376 alio
1086 2337 1296 2392 quoque
1330 2330 1383 2376 et
1405 2331 1596 2392 quarto
1627 2321 1785 2376 modo
1811 2336 2016 2377 summa
2059 2336 2158 2377 nos

573 2413 677 2466 illis
706 2411 976 2482 diligentia
1003 2412 1281 2482 conjunxit
1308 2431 1321 2467 :
1350 2428 1454 2467 non
1487 2421 1685 2467 tantum
1705 2413 1847 2468 enim
1871 2414 2008 2467 ﬁlios
2032 2429 2173 2493 erga

574 2511 819 2580 parentes
845 2504 1078 2572 ingratos
1104 2504 1274 2570 ptenis
1297 2502 1481 2569 afﬁcit,
1506 2503 1673 2557 bonos
1689 2513 1864 2557 autem
1886 2502 2157 2573 amplexa-

574 2602 688 2658 tur;
733 2609 913 2647 vcrum
947 2594 1075 2663 ipsis
1106 2608 1316 2663 quoque
1356 2593 1664 2662 parentibus
1711 2594 1763 2647 id
1795 2593 1964 2663 ipsum
2008 2595 2152 2660 facit,

571 2683 858 2737 liberorum
911 2684 1209 2752 neglectum
1238 2684 1468 2752 graviter
1504 2684 1785 2748 ulciscens,
1818 2699 2001 2738 eorum
2028 2700 2157 2739 vero

571 2790 752 2829 curam
784 2764 837 2829 et
862 2776 1271 2830 sollicitudinem
1309 2775 1512 2829 honore
1539 2785 1592 2831 et
1616 2776 1862 2831 laudibus
1890 2777 2151 2831 afﬁciens.

571 2865 808 2935 Namque
833 2882 1016 2921 senem
1051 2867 1198 2920 illum
1224 2868 1431 2922 tametsi
1451 2868 1583 2921 alias
1601 2868 1857 2922 illustrem
1885 2885 1950 2923 ex
1976 2869 2158 2939 hujus-

577 2958 717 3011 modi
762 2969 962 3013 tantum
1007 2959 1327 3030 negligentia
1371 2961 1596 3031 punivit,
1648 2961 1998 3030 patriarcham
2030 2977 2157 3017 vero

574 3065 678 3104 non
711 3051 883 3105 minus
910 3066 975 3104 ex
1018 3049 1138 3116 hac,
1191 3065 1348 3120 quam
1392 3066 1454 3104 ex
1502 3051 1622 3104 aliis
1649 3053 1811 3115 curis,
1860 3052 2154 3106 honoravit.

572 3140 707 3195 Cum
746 3143 884 3193 enim
918 3142 1079 3195 multa
1110 3158 1406 3213 magnaque
1432 3143 1569 3198 dona
1600 3141 1708 3205 illa,
1740 3158 1857 3211 quae
1879 3158 1934 3195 se
1962 3142 2033 3196 illi
2060 3143 2157 3198 da-

575 3241 747 3286 turum
790 3232 1157 3301 pollicebatur,
1200 3246 1496 3299 enarraret,
1542 3242 1596 3289 et
1638 3249 1852 3288 causam
1882 3234 2153 3304 adjiceret,

575 3325 712 3378 hanc
735 3324 935 3378 addidit
964 3342 978 3377 :
1015 3323 1268 3380 Noveram
1310 3328 1476 3392 enim,
1511 3326 1701 3396 inquit,
1732 3327 1867 3395 quod
1893 3327 2158 3380 constituet

573 3414 826 3469 Aera/tam
875 3416 994 3484 ﬁliis
1023 3416 1147 3481 suis,
1195 3428 1240 3470 et
1268 3416 1439 3470 domui
1469 3433 1577 3470 sua:
1602 3427 1713 3486 post
1753 3434 1883 3481 cum,
1915 3427 1958 3470 et
1985 3427 2155 3471 casto-

575 3508 710 3561 dient
736 3509 839 3560 uias
871 3507 1074 3561 Domini
1105 3507 1217 3572 Dei,
1269 3518 1323 3562 ut
1357 3509 1546 3579 faciant
1563 3509 1815 3579 justitiam
1842 3519 1888 3561 et
1907 3509 2157 3578 judicium

575 3597 726 3670 (Gen.
760 3599 846 3652 18.
877 3599 985 3667 19).
1020 3597 1144 3653 lltcc
1164 3608 1342 3654 autem
1364 3616 1392 3652 a
1416 3614 1500 3653 me
1523 3614 1662 3653 nunc
1688 3598 1808 3653 idco
1828 3613 2159 3654 commemo-n

574 3698 778 3755 rantur,
820 3699 876 3742 ut
902 3688 1167 3743 discamus
1207 3690 1370 3744 Deum
1402 3706 1507 3743 non
1534 3704 1687 3758 aequo
1724 3691 1902 3742 animo
1927 3688 2156 3743 laturum

574 3795 692 3835 esse
713 3781 757 3834 si
788 3781 860 3834 illi
890 3781 1243 3851 negligantur,
1268 3781 1356 3850 qui
1380 3790 1535 3835 tanta:
1563 3781 1661 3850 ipsi
1691 3795 1832 3834 cura:
1864 3790 2007 3835 sunt.
2048 3779 2154 3835 Ne-

574 3888 678 3943 que
703 3873 842 3926 enim
884 3872 1023 3927 idem
1073 3873 1187 3942 ipse
1217 3881 1391 3942 potest
1428 3882 1571 3926 tanta
1604 3888 1700 3941 pro
1728 3873 1939 3939 illorum
1984 3875 2157 3929 salute

574 3963 806 4033 operari,
859 3973 1018 4034 atque
1061 3963 1106 4018 si
1146 3964 1219 4017 illi
1251 3964 1583 4034 negligantur
1614 3964 1746 4018 nihil
1777 3980 1985 4020 curare.
2038 3964 2154 4020 Non

576 4056 752 4124 itaque
797 4055 1056 4125 negliget,
1112 4054 1204 4108 sed
1255 4056 1631 4125 indignabitur,
1683 4055 1776 4110 sed
1812 4056 2157 4112 vehementer

575 4145 855 4211 irascetur,
907 4155 960 4198 ut
990 4160 1055 4199 ex
1088 4145 1246 4199 rebus
1277 4146 1406 4215 ipsis
1432 4146 1853 4201 demonstratum
1884 4156 1984 4202 est.
2015 4148 2156 4214 Qua-

579 4244 797 4304 propter
823 4235 1008 4289 beatus
1037 4236 1226 4290 Paulus
1253 4236 1449 4308 jugitcr
1491 4237 1739 4293 admouet
1769 4237 1953 4292 dicens
1982 4255 1996 4291 :
2044 4238 2154 4291 Pa-

576 4332 695 4393 tres,
750 4329 956 4383 educata
996 4330 1130 4398 ﬁlios
1159 4341 1343 4384 vestros
1378 4331 1429 4385 in
1468 4330 1736 4399 disciplina
1764 4340 1808 4384 et
1845 4330 2157 4400 correptione

512 4430 515 4434 '
575 4417 781 4474 Domini
829 4417 1041 4490 ,E'pltes.
1076 4421 1127 4476 6.
1160 4420 1236 4493 4).
1286 4421 1339 4476 Si
1376 4421 1517 4477 enim
1546 4435 1642 4475 nos
1664 4419 1916 4489 jubcmttr
1943 4421 2155 4489 vigilare

576 4527 672 4581 pro
710 4512 986 4566 animabus
1019 4527 1203 4568 eorum
1246 4520 1513 4581 tamquam
1562 4512 1822 4565 rationem
1874 4511 2151 4576 reddituri,

575 4602 744 4656 multo
768 4602 933 4672 magis
965 4616 1130 4670 pater,
1155 4603 1243 4673 qui
1274 4603 1476 4671 genuit,
1518 4601 1607 4671 qui
1632 4600 1895 4667 educavit,
1924 4600 2154 4669 quicum

577 4693 667 4748 illo
690 4693 832 4746 domi
861 4709 1073 4763 semper
1095 4702 1291 4748 manet.
1321 4693 1775 4762 Quemadmodum
1804 4692 1944 4748 enim
1970 4694 2020 4746 in
2047 4693 2157 4746 suis

575 4782 779 4836 delictis
803 4797 906 4836 nou
931 4791 1106 4852 potest
1129 4783 1193 4837 ad
1222 4784 1624 4838 excusationem
1651 4794 1705 4838 et
1731 4784 1935 4837 veniam
1966 4783 2151 4837 confu-

575 4887 719 4941 gere,
751 4873 820 4925 ita
850 4888 946 4926 nec
975 4873 1025 4926 in
1051 4873 1136 4935 iis,
1159 4889 1275 4941 qua:
1303 4873 1395 4927 ﬁlii
1426 4873 1760 4943 deliquerint.
1787 4874 1948 4944 idque
1974 4888 2156 4927 rursus

576 4964 762 5018 beatus
779 4963 973 5018 Paulus
985 4962 1219 5018 declarat
1236 4965 1279 5035 (l
1294 5002 1309 5017 .
1325 4963 1459 5018 Tim.
1476 4965 1530 5018 3.
1547 4965 1622 5034 4).
1639 4965 1769 5019 Cum
1784 4967 1923 5020 enim
1939 4968 2029 5022 ille
2043 4967 2159 5038 lege

575 5052 808 5108 sanciret
827 5054 1124 5122 cujusmodi
1152 5070 1271 5109 esse
1300 5054 1558 5109 deberent
1590 5055 1622 5107 ii
1650 5056 1739 5125 qui
1766 5058 1988 5110 aliorum
2013 5062 2161 5128 prin-

574 5147 805 5215 cipatum
848 5146 1065 5210 adeunt,
1105 5147 1372 5215 eumaliis
1401 5146 1666 5213 omnibus,
1700 5163 1817 5217 quzc
1843 5148 1944 5201 illis
1975 5164 2161 5204 neces-

574 5238 717 5292 sario
745 5238 917 5293 inesse
947 5238 1231 5302 debebant,
1256 5238 1486 5293 ﬁliorum
1525 5254 1736 5309 quoque
1762 5256 1943 5294 curam
1971 5244 2156 5311 exigit,

550 5330 724 5399 ,quasi
752 5330 891 5384 nulla
909 5330 1017 5400 jam
1048 5330 1244 5400 reliqua
1276 5346 1399 5400 spes
1423 5332 1595 5385 venia:
1620 5333 1708 5399 sit,
1744 5332 1787 5386 si
1815 5332 1891 5386 illi
1922 5336 2159 5403 perversi

572 5420 772 5477 fuerint
801 5438 814 5474 :
837 5431 890 5476 ct
907 5422 1027 5492 jure
1047 5422 1281 5493 quidem.
1808 5414 1823 5420 ’

652 5515 731 5571 Ea:
757 5516 1015 5587 preposito
1056 5516 1197 5588 probi
1232 5524 1280 5572 ct
1312 5516 1527 5586 improbi
1565 5516 1821 5588 elﬁcimttr.
1852 5549 1921 5559 —-—
1951 5517 2080 5573 Nam
2113 5518 2159 5573 si

581 5624 640 5666 cx
670 5618 854 5665 natura
885 5610 1008 5665 vitia
1041 5608 1347 5666 hominibus
1369 5609 1629 5679 inessent,
1663 5610 1855 5668 merito
1891 5610 2152 5682 quispiam

1309 202 1366 258 S.
1407 202 1684 261 JOANNIS
1720 199 2194 260 CllRYSOSTOMi
2234 200 2552 260 ARCillEP.
2592 201 3129 263 CONSTANTINOP.

3752 210 3852 269 ωε

2258 314 2325 369 ad
2354 315 2750 373 excusationem
2770 316 3078 388 confugeret
3108 336 3121 372 :
3149 317 3401 387 quoniam
3425 325 3615 374 autem
3642 333 3708 374 ex
3735 336 3854 390 pro-

2260 406 2434 476 posito
2470 415 2525 461 et
2564 406 2793 477 improbi
2831 418 2885 463 et
2914 408 3063 477 probi
3100 408 3382 476 efﬁcimur,
3433 425 3600 480 quam
3640 410 3851 465 tandem

2259 497 2348 552 ille
2377 498 2771 553 excusationem
2818 501 3011 569 poterit
3050 500 3361 568 obtendere,
3392 501 3488 570 qui
3531 517 3695 571 quem
3738 518 3852 557 om-
3885 562 3889 569 ,

2258 588 2406 642 nium
2448 589 2677 644 maxime
2715 590 2909 661 diligit,
2938 591 3367 661 perverti-atque
3396 592 3718 662 improbum
3745 593 3853 648 ﬁeri

2260 681 2535 756 permisit?
2556 682 2636 735 An
2664 682 2803 751 quod
2833 683 3063 738 noluerit
3087 699 3209 738 eum
3232 685 3459 753 probum
3491 684 3767 740 reddere?
3790 688 3854 741 At

2259 788 2439 837 nemo,
2467 774 2556 843 qui
2602 784 2752 843 pater
2780 774 2865 839 sit,
2903 775 3018 829 htcc
3056 775 3280 840 dixerit,
3312 789 3436 830 cum
3470 787 3668 829 natura
3700 775 3857 831 instet

2256 863 2323 916 ad
2357 863 2457 916 hoc
2478 862 2709 918 ofﬁcium
2747 863 2893 918 illum
2933 879 3101 934 usque
3128 864 3542 941 cxcitansTSed
3585 864 3727 920 forte
3752 883 3853 922 non

2258 954 2469 1022 potuit?
2499 953 2682 1024 Neque
2710 953 2811 1008 hoc
2831 954 2935 1009 dici
2965 963 3141 1024 potest
3167 972 3181 1009 :
3215 971 3337 1009 nam
3365 955 3517 1024 quod
3549 970 3675 1009 eum
3708 964 3854 1010 tene-

2260 1059 2376 1099 rum
2403 1046 2691 1113 acceperit,
2722 1054 2775 1100 et
2801 1045 2943 1115 quod
2964 1038 3182 1115 primus
3211 1054 3263 1100 et
3303 1046 3454 1101 solus
3493 1047 3547 1099 in
3577 1061 3675 1100 sua
3705 1056 3851 1115 pote-

2258 1144 2396 1190 state
2424 1145 2478 1191 et
2517 1137 2617 1191 sibi
2648 1137 2992 1191 commissum
3033 1136 3301 1202 habuerit,
3342 1151 3676 1207 semperque
3715 1136 3854 1192 domi

2259 1238 2583 1291 versantem,
2626 1229 2777 1283 facile
2818 1244 2881 1283 ac
2926 1228 3073 1283 nullo
3114 1229 3327 1297 negotio
3364 1228 3549 1297 ipsum
3589 1226 3852 1283 moderari

2260 1319 2446 1387 potuit.
2489 1318 2670 1389 itaque
2705 1319 2847 1372 nulla
2888 1319 2990 1372 alia
3028 1318 3097 1373 de
3135 1332 3293 1373 causa
3326 1316 3576 1387 perversi
3625 1317 3854 1371 evadunt

2262 1411 2434 1475 liberi,
2458 1411 2557 1465 nisi
2579 1413 2718 1480 quod
2747 1420 2923 1480 patres
2949 1411 3087 1466 circa
3111 1411 3393 1482 prtesentis
3421 1411 3549 1465 vita:
3575 1411 3849 1465 commoda

2262 1501 2545 1555 insaniant.
2574 1501 2706 1554 Cum
2736 1502 2880 1556 enim
2909 1501 2976 1556 ad
3012 1501 3102 1556 illa
3140 1503 3313 1557 solum
3342 1483 3666 1571 respiciant,
3696 1501 3850 1556 nihil~

2260 1606 2365 1660 que
2409 1590 2513 1645 illis
2546 1590 2933 1660 przeferendum
2970 1600 3245 1657 censeant,
3276 1601 3332 1647 et
3370 1607 3535 1646 suam
3580 1592 3779 1661 pariter
3801 1601 3853 1647 et

2262 1682 2547 1736 liberorum
2588 1682 2820 1736 animam
2860 1684 3128 1753 negligere
3164 1692 3453 1755 coguntur.
3488 1682 3601 1739 Hos
3634 1697 3733 1753 ego
3760 1699 3850 1753 pa-

2264 1779 2391 1836 tres,
2431 1771 2571 1841 quod
2620 1786 2779 1826 nemo
2828 1779 3005 1826 tamen
3046 1788 3132 1827 me
3174 1773 3251 1827 ira
3298 1779 3644 1827 commotum
3682 1772 3851 1827 dicere

2260 1865 2548 1930 existimet,
2569 1865 2797 1930 ﬁliorum
2818 1866 3143 1920 occisoribus
3162 1865 3548 1920 sceleratiores
3574 1879 3695 1920 esse
3710 1865 3850 1920 dixe-

2261 1955 2382 2009 rim;
2412 1955 2490 2009 1111
2525 1957 2667 2010 enim
2697 1970 2890 2025 corpus
2918 1958 2986 2011 ab
3011 1956 3187 2010 anima
3223 1965 3505 2026 separant,
3540 1956 3629 2010 isti
3665 1965 3717 2010 et
3742 1956 3851 2008 ani-

2260 2060 2403 2100 mam
2433 2056 2486 2101 et
2522 2061 2716 2115 corpus
2754 2047 3013 2116 gehenna:
3051 2046 3187 2116 ignis
3228 2046 3471 2101 tradunt.
3515 2045 3667 2100 illam
3697 2059 3850 2116 porro

2264 2145 2490 2191 mortem
2534 2138 2757 2191 naturali
2791 2138 2907 2208 lege
2954 2138 3135 2193 subire
3164 2152 3384 2193 necesse
3418 2148 3531 2205 est,
3562 2139 3699 2193 hanc
3728 2150 3848 2193 vero

2259 2227 2496 2297 effugere
2526 2228 2742 2295 licebat,
2771 2229 2870 2284 nisi
2898 2230 3066 2299 ipsam
3108 2239 3316 2299 patrum
3356 2229 3688 2300 negligentia
3719 2229 3849 2283 iutu-

2262 2317 2429 2372 lisset.
2458 2318 2534 2373 Ad
2565 2320 2678 2373 haec
2700 2329 2923 2375 mortem
2945 2320 3184 2389 corporis
3209 2319 3512 2375 adveniens
3534 2321 3847 2375 resurrectio

2260 2411 2366 2466 cito
2393 2411 2573 2466 delere
2604 2413 2796 2481 poterit
2817 2453 2830 2479 ,
2864 2413 3055 2466 anima:
3085 2426 3210 2465 vero
3238 2412 3518 2466 interitum
3550 2412 3681 2466 nihil
3710 2410 3844 2465 sola-

2260 2504 2403 2559 bitur
2432 2521 2449 2559 :
2482 2519 2653 2574 neque
2682 2504 2823 2559 enim
2851 2504 2996 2558 salus
3036 2504 3178 2556 illam
3209 2511 3504 2572 exceptura
3536 2513 3641 2567 est,
3668 2516 3845 2556 verum

2262 2596 2590 2650 immortales
2614 2596 2702 2649 ille
2730 2610 2913 2668 pennas
2941 2594 3243 2650 necessario
3270 2594 3398 2649 luet.
3427 2593 3615 2664 Itaque
3642 2608 3744 2647 non
3772 2590 3845 2645 iu-

2254 2687 2392 2757 juria
2418 2696 2591 2756 patres
2611 2686 2913 2755 bujusmodi
2939 2686 3165 2741 ﬁliorum
3196 2685 3534 2740 occisoribus
3556 2672 3844 2738 deteriores

2259 2795 2380 2834 esse
2408 2778 2725 2833 dixerimus.
2757 2778 2870 2833 Non
2901 2782 2969 2832 ita
2998 2778 3214 2833 crudele
3241 2777 3454 2831 facinus
3481 2785 3584 2841 est,
3616 2774 3841 2846 gladium

2260 2884 2449 2924 acuere
2479 2876 2531 2922 et
2570 2883 2777 2923 armare
2816 2868 3109 2932 dexteram,
3139 2869 3296 2938 inque
3334 2867 3517 2936 ipsum
3551 2867 3646 2921 ﬁlii
3671 2873 3842 2936 guttur

2260 2963 2595 3032 immergere,
2630 2971 2685 3015 ut
2709 2962 2941 3016 animam
2973 2962 3236 3031 perimere
3265 2970 3429 3028 atque
3458 2971 3837 3027 corrumpere:

2260 3070 2432 3122 neque
2462 3053 2604 3108 enim
2631 3052 2754 3108 huic
2778 3052 3001 3107 facinori
3027 3067 3125 3121 par
3154 3050 3428 3121 quidpiam
3459 3058 3564 3104 est.

2331 3147 2382 3203 ὅ.
2418 3144 2559 3199 Varii
2601 3145 2780 3199 salutis
2824 3145 3035 3214 gradus.
3066 3174 3137 3183 —
3161 3142 3299 3210 Quid
3342 3142 3546 3212 igitur?
3583 3155 3652 3199 an
3684 3139 3728 3194 is
3753 3138 3839 3208 qui

2258 3239 2528 3294 civitatem
2554 3237 2757 3302 incolit,
2789 3236 2876 3306 qui
2896 3235 3114 3290 domum
3140 3234 3300 3288 habet
3320 3244 3374 3289 et
3399 3249 3645 3289 uxorem.
3667 3232 3839 3285 salvus

2259 3347 2380 3388 esse
2409 3347 2514 3386 non
2556 3331 2787 3401 poterit?
2816 3329 2955 3385 Sane
2997 3345 3102 3382 non
3138 3341 3274 3382 unus
3303 3326 3491 3380 salutis
3523 3323 3713 3378 modus
3738 3330 3839 3385 est,

2260 3438 2448 3478 verum
2481 3422 2632 3477 multi
2663 3436 2725 3475 ac
2751 3420 2902 3474 varii.
2929 3418 3083 3486 Quod
3125 3416 3337 3487 quidem
3377 3415 3625 3470 Christus
3654 3409 3836 3465 indeli-

2260 3515 2369 3571 nite
2392 3515 2521 3570 dicit
2540 3555 2553 3577 ,
2586 3513 2782 3568 multas
2811 3511 3016 3566 scilicet
3039 3524 3158 3563 esse
3187 3507 3328 3576 apud
3356 3507 3577 3560 Patrem
3601 3501 3835 3558 mansio-

2260 3621 2355 3660 nes
2378 3605 2722 3673 pronuntians
2741 3619 2754 3667 ;
2773 3601 2963 3656 Paulus
2978 3615 3102 3653 vero
3117 3613 3235 3652 cum
3252 3598 3597 3650 distinctione
3613 3592 3834 3664 quadam

2264 3695 2334 3750 ita
2356 3694 2535 3749 scribit
2552 3711 2568 3748 :
2585 3694 2700 3747 Alia
2728 3692 2929 3745 claritas
2956 3689 3098 3753 solis,
3129 3688 3229 3740 alia
3254 3686 3458 3739 claritas
3479 3685 3642 3749 lance,
3668 3692 3720 3736 et
3743 3681 3839 3734 alia

2259 3786 2463 3839 claritas
2492 3783 2741 3839 ttellarum
2765 3797 2783 3834 :
2802 3782 2946 3835 stella
2973 3782 3103 3833 enim
3125 3794 3155 3830 a
3173 3777 3316 3830 stella
3338 3774 3509 3841 di/Iert
3536 3776 3589 3827 in
3611 3773 3839 3828 claritate

2261 3876 2338 3945 (1.
2361 3874 2470 3931 Cor.
2509 3875 2588 3931 l5.
2611 3872 2726 3941 41).
2749 3869 2899 3937 Quod
2917 3879 3092 3924 autem
3119 3869 3246 3922 dicit
3270 3865 3576 3936 bujusmodi
3604 3874 3690 3917 est
3719 3863 3833 3918 :alii

2257 3964 2470 4036 quidem
2498 3963 2769 4033 fulgebunt
2789 3973 2845 4015 ut
2863 3961 2963 4023 sol,
2987 3959 3072 4012 alii
3099 3968 3153 4012 ut
3169 3958 3311 4022 luna,
3330 3957 3417 4010 alii
3441 3966 3496 4008 ut
3522 3954 3715 4009 Stelltn.
3737 3951 3835 4006 Sed

2260 4071 2368 4110 non
2386 4057 2470 4111 hic
2483 4057 2630 4110 stetit
2644 4054 2962 4116 differentia,
2981 4052 3075 4106 sed
3093 4053 3143 4106 in
3162 4051 3244 4104 his
3262 4050 3389 4119 ipsis
3406 4062 3653 4116 magnam
3670 4054 3835 4099 osten-

2260 4147 2336 4201 dit
2351 4162 2469 4202 esse
2487 4146 2815 4212 varietatem,
2838 4151 3140 4211 tantamque
3155 4149 3403 4210 quantam
3427 4139 3477 4192 in
3500 4146 3648 4190 tanto
3665 4133 3833 4188 stella-

2260 4251 2379 4288 rum
2406 4249 2626 4288 numero
2652 4234 2956 4301 contingere
2984 4249 3077 4302 par
3096 4240 3195 4285 est.
3226 4228 3390 4285 Stella
3415 4229 3569 4291 ettim,
3594 4225 3781 4292 inquit,
3802 4236 3831 4273 α

2258 4328 2405 4383 stella
2421 4325 2585 4392 differt
2605 4327 2655 4378 in
2671 4325 2914 4379 claritate.
2932 4323 3204 4392 Perpende
3224 4322 3382 4392 igitur
3397 4337 3423 4374 a
3440 4322 3572 4375 solis
3590 4313 3832 4384 magnitu-

2260 4418 2384 4473 dine
2413 4416 2477 4472 ad
2502 4415 2736 4469 ultimam
2760 4416 3030 4469 stellarum
3056 4415 3367 4478 decurrens,
3393 4414 3445 4466 in
3466 4418 3595 4481 quot
3618 4403 3830 4475 dignita-

2263 4522 2372 4565 tum
2403 4508 2596 4580 gradus
2620 4506 2913 4562 descendas
2938 4514 3197 4576 oporteat.
3217 4503 3497 4573 Quomodo
3526 4517 3629 4555 non
3651 4499 3829 4551 absur-

2261 4600 2385 4655 dum
2419 4599 2468 4654 id
2496 4598 2670 4656 fuerit.
2695 4597 2834 4668 quod
2864 4598 2906 4651 si
2936 4597 2986 4650 in
3014 4598 3209 4667 regiam
3239 4596 3402 4649 ﬁlium
3431 4595 3679 4654 adducas,
3706 4583 3825 4639 nihil

2263 4709 2367 4746 non
2394 4707 2518 4763 agas
2542 4701 2594 4746 et
2622 4692 2859 4762 patiaris,
2884 4690 3161 4760 ipsumque
3188 4689 3254 4743 ad
3276 4689 3413 4744 idem
3439 4684 3730 4741 faciendum
3755 4678 3827 4731 in.

2262 4784 2446 4848 ducas,
2475 4791 2532 4837 ut
2574 4799 2762 4852 nempe
2790 4784 2898 4852 regi
2937 4797 2965 4834 a
2998 4781 3163 4837 latere
3192 4781 3358 4850 possit
3381 4794 3524 4842 esse,
3559 4789 3655 4830 nec
3683 4786 3740 4826 ea
3765 4768 3825 4821 de

2263 4890 2420 4930 causa
2452 4875 2718 4944 quidpiam
2745 4873 3119 4942 subterfugias,
3146 4887 3249 4926 nou
3280 4880 3544 4940 sumptus,
3566 4881 3668 4920 non
3695 4859 3831 4931 peri-

2264 4968 2401 5028 cula,
2436 4984 2538 5021 non
2566 4976 2788 5021 mortem
2818 4966 3016 5035 ipsam;
3044 4981 3163 5021 cum
3192 4975 3367 5019 autem
3402 4959 3630 5018 ctelestis
3655 4950 3822 5009 tuilitia

2265 5059 2418 5114 nobis
2460 5056 2845 5111 consideranda
2890 5066 2943 5111 et
2989 5055 3286 5126 expetenda
3328 5060 3670 5125 proponatur,
3699 5037 3818 5097 nihil

2264 5151 2448 5206 doleas
2483 5150 2526 5203 si
2568 5158 2864 5202 extremum
2894 5148 3145 5202 sortiatur
3177 5148 3373 5212 locum,
3406 5147 3577 5216 sitque
3603 5135 3820 5194 omnium

2266 5241 2623 5297 novissimus?
2653 5241 2868 5305 Verum,
2898 5240 2942 5294 si
2971 5240 3061 5295 tibi
3086 5239 3313 5304 videtur,
3345 5248 3397 5292 et
3424 5239 3526 5292 hoc
3553 5236 3716 5304 ipsum
3743 5224 3816 5276 in-

2266 5336 2570 5406 spiciamus,
2619 5349 2742 5388 num
2786 5334 2849 5398 is,
2892 5334 2980 5401 qui
3027 5334 3080 5387 in
3120 5332 3295 5386 medio
3343 5344 3519 5385 rcrmn
3569 5328 3816 5378 versatur.

2266 5427 2433 5497 possit
2460 5426 2601 5479 illam
2630 5434 2831 5480 sortem
2861 5422 3102 5493 adipisci.
3147 5423 3339 5477 Beatus
3366 5419 3593 5490 quidem
3637 5406 3812 5465 Ριιιιιιι⁵

2268 5517 2479 5573 brevem
2509 5516 2576 5572 de
2604 5515 2706 5570 hoc
2744 5515 3062 5569 sententiam
3103 5513 3239 5579 tulit,
3272 5527 3470 5582 eosque
3511 5506 3596 5579 qui
3634 5498 3812 5555 habent

2271 5623 2483 5675 uxores,
2518 5622 2624 5663 non
2648 5607 2801 5662 aliter
2823 5605 3001 5662 salvos
3019 5619 3137 5661 esse
3165 5618 3322 5677 posse
3349 5598 3643 5661 declaravit.
3671 5599 3810 5659 'll'm
