4124 6144
217 298 319 356 355

214 414 296 468 διὰ
321 412 540 466 πάντων
568 411 647 476 είς
688 411 1020 481 θεογνωσίαν
1073 412 1309 467 κελεύων
1333 413 1488 482 ἄγειν
1526 413 1742 479 αὐτούς.
1770 412 1881 466 Καὶ

216 502 398 565 αὐτοῖς
416 501 474 554 δὲ
510 502 622 562 τοῖς
662 499 893 562 παιδίοις
940 497 1112 553 πολλά
1143 500 1271 571 περὶ
1311 500 1422 555 τῶν
1477 500 1881 570 γεγεννηκότων

214 592 408 654 αὐτοὺς
435 588 798 652 διατάττεται,
834 587 960 651 τοὺς
995 586 1094 658 μὲν
1118 587 1377 651 εὐνοϊκῶς
1399 588 1775 660 διακειμένους
1805 603 1884 640 τι-

217 676 351 749 μῶν,
387 675 631 737 κολάζων
668 675 724 729 δέ
756 675 884 737 τοὺς
905 672 1250 744 ἀγνώμονας,
1281 675 1375 730 καὶ
1404 676 1576 747 ταύτῃ
1597 675 1759 729 πάλιν
1788 674 1887 727 αὐ-

213 773 335 829 τοὺς
360 763 765 835 ποθεινοτέρους
785 765 898 825 τοῖς
920 760 1347 832 φυτευσαμένοις
1376 760 1740 816 ποιῶν.⁶⁸οταν
1777 762 1883 832 γάρ

211 869 355 918 τινος
387 855 587 925 ποιήσῃ
621 870 704 916 τις
737 855 769 923 ἠ
781 853 887 921 μᾶς
923 851 1162 922 κυρίους,
1188 854 1452 924 μεγίστην
1479 854 1613 924 ἡμῖν
1638 854 1884 923 ἀνάγκην

212 941 309 1011 τῆς
324 941 467 1013 ὑπὲρ
487 939 652 994 αὐτοῦ
676 940 934 1009 προνοίας
953 938 1229 1010 ἐπιτίθησι
1248 939 1347 1010 τὴν
1378 942 1565 1012 τιμήν·
1586 941 1680 995 καὶ
1705 941 1812 1012 γὰρ
1835 943 1883 993 εί
1937 932 1944 939 ’

216 1027 383 1098 μηδὲν
411 1017 817 1098 ἓτερονέτοῦτο
848 1025 979 1095 γοῦν
1023 1027 1170 1097 ἡμᾶς
1218 1026 1541 1097 δυσωπῆσαι
1584 1028 1792 1094 ἰκανὸν,
1825 1028 1885 1081 τὸ

214 1116 393 1168 πάντα
429 1116 499 1168 τά
530 1114 737 1168 ἐκείνου
767 1116 825 1171 ἐν
845 1116 966 1177 ταῖς
994 1114 1291 1187 ἡμετέραις
1332 1114 1545 1169 κεῖσθαι
1574 1114 1753 1187 χερσὶ,
1791 1115 1884 1169 καὶ

210 1202 313 1254 οὐκ
349 1201 417 1254 ἂν
445 1200 813 1272 ἀνασχοίμεθα
838 1200 1128 1272 προδοῦναι
1156 1201 1365 1273 ταχέως
1396 1201 1486 1255 τὸν
1510 1200 1684 1265 οὕτως
1725 1204 1882 1270 ἐμπι-

215 1288 504 1341 στευθέντα
534 1288 828 1360 ἡμίφὸτσν
848 1286 904 1341 δὲ
930 1289 1070 1358 μετά
1101 1288 1259 1342 τοῦτο
1274 1290 1367 1342 καὶ
1384 1287 1769 1359 συνοργίζηται
1792 1288 1887 1341 καὶ

211 1376 493 1446 ἀγανακτῇ
523 1374 683 1429 πλέον
699 1374 807 1429 τῶν
828 1375 1173 1447 ὑϐρισμένων
1203 1375 1403 1441 αὐτῶν,
1423 1377 1517 1429 καὶ
1539 1375 1668 1446 χαλε
1678 1376 1773 1439 πὸς
1800 1374 1885 1444 γί-

210 1479 371 1533 νηται
395 1464 658 1537 τιμωρὸς,
708 1463 803 1518 καὶ
862 1464 1037 1537 ταύτῃ
1065 1465 1199 1520 πολύ
1221 1465 1380 1519 πλέον
1403 1464 1710 1533 ἐφέλκεται·
1746 1465 1885 1535 ὅπερ

209 1544 304 1602 οῦν
320 1550 548 1620 ἐποίησε
594 1552 689 1605 καὶ
722 1551 752 1602 6
797 1550 952 1617 Θεός.
983 1552 1129 1625 Πρὸς
1161 1552 1373 1615 τούτοις
1410 1553 1504 1605 καὶ
1530 1552 1621 1605 τὸν
1650 1551 1759 1605 01:6
1786 1554 1884 1622 τῆς

209 1635 428 1703 φύσεως
447 1637 632 1708 τρίτον
648 1640 896 1711 ἐπήγαγε
916 1639 1137 1710 δεσμὸν.
1157 1641 1205 1692 εἰ
1225 1638 1283 1692 δὲ
1314 1636 1515 1710 βούλει,
1533 1639 1885 1709 πρ‹ἶ›τον.Καὶ

211 1723 302 1778 ῖνα
334 1726 434 1795 μέν
472 1726 583 1779 τῶν
617 1727 1060 1799 προσταγμάτων
1088 1727 1254 1782 αὐτοῦ
1288 1727 1364 1798 μὴ
1403 1727 1813 1799 καταφρονῶσιν
1836 1727 1883 1780 οί

207 1811 466 1884 πατέρες,
516 1814 861 1885 κελευόμενοι
888 1815 1107 1887 τρέφειν
1135 1815 1263 1878 τοὺς
1299 1815 1514 1877 παῖδας,
1533 1814 1629 1881 τὴν
1658 1814 1765 1867 ἀπὸ
1785 1813 1885 1883 τῆς

206 1899 427 1968 φύσεως
440 1900 710 1971 ἐπέθηκεν
734 1901 1127 1973 ἀνάγκην.’⁹1να
1150 1902 1207 1955 δὲ
1233 1904 1305 1973 μή
1326 1919 1455 1954 ποτε
1481 1903 1599 1965 ταῖς
1628 1902 1734 1954 τῶν
1760 1902 1887 1955 παί-

203 1987 315 2042 δων
346 1988 570 2060 ὕϐρεσιν
601 1988 967 2063 ἀσθενεστέρα
1003 1990 1270 2062 γενομένη
1303 1990 1442 2059 αῦτη
1470 1990 1883 2061 διαρῤήγνυται,

203 2076 309 2146 τήν
336 2093 396 2128 τε
427 2078 556 2148 παρ’
572 2076 736 2131 αὐτοῦ
759 2078 853 2131 καὶ
877 2077 974 2148 τὴν
992 2077 1314 2149 παράὐτῶν
1343 2078 1450 2131 τῶν
1470 2075 1887 2147 γεννησαμένων

202 2163 513 2234 ἐπετείχισε
536 2165 827 2236 τιμωρίαν,
844 2164 939 2218 καὶ
958 2163 1179 2229 τούτους
1198 2164 1337 2233 μετά
1360 2164 1641 2236 ἀκριϐείας
1659 2164 1888 2217 ὑποτάσ-

206 2268 322 2304 σων
370 2251 590 2321 πολλῆς,
623 2251 895 2307 κάκείνων
929 2251 1101 2324 ταύτῃ
1135 2252 1418 2323 διεγείρων
1455 2253 1547 2305 τὸν
1585 2252 1770 2308 πόθον.
1808 2255 1884 2307 Οὐ

204 2338 385 2413 ταύτῃ
407 2339 465 2392 δέ
490 2340 674 2410 μόνον,
694 2339 830 2394 ἀλλά
861 2340 955 2393 καὶ
978 2340 1149 2410 ἑτέρῳ
1169 2339 1413 2411 τετάρτῳ
1438 2340 1624 2411 τρόπῳ
1646 2340 1888 2412 σφοδρῶς

203 2429 360 2497 ἡμᾶς
386 2428 482 2481 καὶ
509 2427 647 2500 μετά
670 2428 956 2500 ἀκριϐείας
984 2427 1170 2493 αὐτοῖς
1196 2427 1504 2498 συνέδησεν.
1526 2428 1600 2481 Οὐ
1632 2430 1741 2498 709
1761 2429 1887 2493 τοὺς

205 2514 407 2577 παῖδας
440 2515 600 2585 μόνον
636 2516 839 2579 κακοὺς
873 2514 971 2585 μὲν
993 2513 1153 2578 ὄντας
1184 2514 1312 2586 περὶ
1333 2514 1457 2578 τοὺς
1489 2514 1889 2586 γεγεννηκότας

206 2600 455 2669 κολάζει,
477 2603 796 2674 γινομένους
825 2602 883 2655 δέ
909 2602 1147 2672 ἀγαθοὺς
1165 2601 1511 2673 ἀποδέχεται,
1534 2601 1671 2656 ἀλλά
1688 2603 1783 2657 καὶ
1796 2603 1891 2661 ἐπὶ

205 2689 321 2744 τῶν
338 2691 591 2761 πατέρων
607 2690 667 2743 16
689 2690 820 2743 αὐτὸ
839 2689 905 2761 δὴ
928 2688 1086 2743 τοῦτο
1108 2692 1269 2752 ποιεῖ,
1286 2688 1529 2754 κολάζων
1553 2690 1649 2753 μὲν
1678 2690 1889 2760 πικρῶς

204 2780 338 2842 τοὺς
353 2776 691 2848 ἀμελοῦντας
719 2777 921 2842 αὐτῶν,
946 2777 1125 2850 τιμῶν
1156 2777 1214 2831 δὲ
1241 2778 1335 2832 καὶ
1351 2776 1590 2832 ἐπαινῶν
1612 2779 1735 2841 τοὺς
1772 2780 1891 2831 ἐπι-

210 2866 378 2936 μελου
386 2865 604 2936 μένους.
623 2866 734 2920 Καὶ
751 2864 821 2933 70
830 2882 861 2937 ρ
876 2865 965 2919 τὸν
983 2864 1296 2939 πρεσϐύτην
1311 2863 1519 2932 τοῦτον,
1533 2866 1707 2920 καίτοι
1723 2863 1891 2920 τᾶλλα

207 2955 342 3008 ὄντα
374 2953 649 3026 λαμπρὸν,
681 2954 792 3007 ἀπὸ
815 2954 1025 3025 ταύτης
1045 2955 1144 3025 τῆς
1179 2953 1473 3025 ὀλιγωρίας
1506 2954 1892 3025 ἐτιμωρήσατο

214 3044 408 3112 μόνης,
439 3042 534 3096 καὶ
563 3041 654 3095 τὸν
676 3041 1023 3113 πατριάρχην
1051 3041 1109 3095 δὲ
1136 3040 1244 3095 τῶν
1263 3041 1439 3096 ἀλλων
1472 3042 1571 3112 οὐχ
1596 3036 1759 3114 ἦττον
1783 3043 1892 3095 ἀπὸ

212 3130 421 3199 ταύτης
446 3130 673 3200 ἐτίμησε
693 3131 791 3202 τῆς
807 3130 1082 3201 προνοίας·
1101 3129 1277 3197 λέγων
1300 3128 1410 3200 γὰρ
1441 3130 1541 3193 τὰς
1568 3129 1768 3194 πολλὰς
1797 3131 1891 3184 καὶ

214 3219 463 3290 μεγάλας
478 3217 687 3291 δωρεὰς
727 3217 962 3283 ἐκείνας,
986 3216 1053 3281 ἀς
1092 3217 1360 3288 ὑπέσχετο
1380 3216 1571 3270 δώσειν
1600 3217 1774 3289 αὐτῷ,
1796 3220 1893 3273 καὶ

208 3305 315 3379 τὴν
339 3305 522 3360 αἰτίαν
541 3304 733 3369 τιθεὶς,
759 3305 963 3376 ταύτην
999 3304 1183 3358 ἐτίθει·
1208 3306 1415 3376 ’ῌδειν
1438 3304 1567 3377 γάρ,
1588 3305 1773 3377 φησὶν,
1803 3305 1892 3361 ὅτι

203 3392 510 3458 συντάξει
543 3394 799 3462 Ἀϐραὰμ
830 3392 958 3458 τοῖς
978 3390 1130 3457 υἱοῖς
1143 3391 1352 3454 αὑτοῦ,
1378 3392 1476 3446 καί
1505 3392 1584 3458 τῷ
1620 3393 1765 3457 οῖκῳ
1789 3395 1894 3447 οὐ..

205 3482 324 3536 τοῦ
335 3483 465 3551 μετ’
485 3480 805 3545 αὑτὸν,καὶ
829 3479 1172 3549 φυλάξουσι
1195 3480 1302 3544 τὰς
1324 3478 1505 3545 ὀδοὺς
1532 3479 1754 3547 Κυρίου
1785 3480 1892 3535 τοῦ

208 3569 392 3632 Θεοῦ,
425 3567 620 3622 ποιεῖν
672 3567 1067 3634 δικαιοσύνην
1098 3567 1195 3619 καὶ
1234 3567 1456 3634 κρίσιν.
1500 3566 1684 3619 Ταῦτα
1712 3567 1770 3620 δέ
1802 3586 1894 3638 μοι

208 3659 440 3729 εἴρηται
468 3655 586 3719 νῦν,
616 3656 704 3709 ἶνα
748 3655 1012 3727 μάθωμεν
1045 3655 1127 3708 ὃτι
1170 3655 1270 3707 οὐκ
1297 3653 1436 3707 οίσει
1469 3654 1660 3724 πράως
1687 3656 1715 3707 6
1762 3656 1895 3719 Θεὸς

207 3744 610 3816 ἀμελουμένων
633 3743 740 3795 τῶν
755 3742 896 3796 οὕτω
914 3741 1393 3814 περισπουδάστων
1405 3753 1431 3782 ι
1446 3742 1613 3812 αὐτῷ.
1630 3743 1766 3796 Οὐδὲ
1786 3743 1895 3815 γάρ

208 3836 336 3885 ἐστι
365 3830 465 3884 τοῦ
494 3830 661 3883 αὐτοῦ
702 3830 939 3883 τοσαῦτα
972 3831 1069 3900 μὲν
1100 3829 1240 3900 ὐπέρ
1266 3830 1364 3899 τῆς
1394 3829 1598 3883 τούτων
1639 3847 1895 3901 πραγμα-

207 3918 479 3974 τεύεσθαι
519 3919 814 3988 σωτηρίας,
849 3918 1372 3990 καταφρονουμένων
1400 3917 1458 3971 δὲ
1477 3916 1657 3971 αὐτῶν
1691 3917 1895 3971 τούτων

209 4007 493 4080 παρορᾷν.
534 4007 610 4059 Οὐ
636 4005 813 4061 τοίνυν
847 4006 1184 4076 περιόψεται,
1210 4005 1346 4058 ἀλλά
1381 4007 1474 4059 καὶ
1503 4007 1893 4077 ἀγανακτήσει,

210 4097 318 4151 καὶ
354 4095 623 4165 ὸργιεῖται
661 4093 932 4165 σφοδρῶς,
962 4093 1213 4163 καθάπερ
1257 4092 1635 4147 ἀποδέδεικται
1670 4094 1757 4146 διά
1788 4093 1897 4147 τῶν

209 4185 572 4257 πραγμάτων
613 4181 812 4237 αὐτῶν.
850 4180 951 4235 Διά
998 4179 1156 4233 τοῦτο
1195 4181 1288 4232 καὶ
1320 4182 1348 4234 6
1384 4179 1652 4252 μακάριος
1683 4178 1898 4243 Παῦλος

214 4273 486 4343 παραινεῖ
503 4270 741 4341 συνεχῶς
768 4269 962 4338 λέγων·
983 4271 1046 4321 Ol
1077 4265 1347 4335 πατέρες,
1372 4266 1689 4336 ἐκτρέφετε
1721 4265 1792 4321 τὰ
1815 4266 1900 4320 τέ-

213 4376 342 4416 κνα
386 4360 458 4413 ἐν
492 4358 730 4425 παιδείᾳ
774 4358 872 4412 καί
924 4355 1215 4422 νουθεσίᾳ
1241 4356 1483 4424 Κυρίου.
1511 4356 1576 4409 El
1607 4354 1716 4427 709
1738 4357 1899 4427 ἡμεῖς

214 4449 526 4516 ἀγρυπνεῖν
557 4446 697 4515 ὑπὲρ
714 4443 822 4497 τῶν
848 4443 1036 4515 ψυχῶν
1069 4443 1248 4497 αὐτῶν
1286 4443 1621 4515 κελευόμεθα
1651 4444 1727 4508 ώς
1744 4444 1900 4513 λόγον

215 4532 616 4597 ἀποδώσοντες,
654 4530 835 4602 πολλῷ
873 4530 1071 4602 μᾶλλον
1103 4531 1133 4583 6
1164 4531 1347 4602 πατὴρ
1370 4533 1399 4584 6
1434 4531 1855 4602 γεννησάμενος,
1873 4532 1902 4586 6

220 4619 594 4693 θρεψάμενος,
623 4620 652 4672 6
676 4618 1028 4673 συνοικοῦντα
1045 4617 1183 4688 ἔχων
1204 4617 1514 4680 διαπαντός.
1552 4618 1763 4689 Ὥσπερ
1784 4615 1901 4690 [85]

220 4708 338 4779 γὰρ
351 4708 445 4761 ἐπὶ
471 4706 580 4760 τῶν
597 4706 810 4760 οἰκείων
844 4704 1257 4777 ἁμαρτημάτων
1289 4704 1391 4757 οὐκ
1423 4702 1535 4774 ἔχει
1570 4707 1904 4772 καταφυγεῖν

221 4798 311 4861 είς
332 4795 632 4865 ἀπολογίαν
661 4797 756 4849 καὶ
781 4794 1134 4864 συγγνώμην,
1164 4792 1336 4855 οὔτως
1353 4790 1475 4845 οὐδὲ
1496 4792 1597 4845 ὐπὲ
1605 4808 1636 4861 ρ
1664 4790 1773 4844 τῶν
1792 4793 1904 4855 τοῖς

223 4884 422 4938 παισὶν
459 4883 946 4955 ἁμαρτανομένων.
989 4880 1100 4936 Καὶ
1130 4879 1288 4933 τοῦτο
1341 4880 1503 4934 πάλιν
1548 4881 1577 4932 6
1637 4878 1905 4949 μακάριος

225 4972 448 5036 Παῦλος
480 4973 783 5040 κατέστησε
815 4970 1066 5040 φανερόν.
1099 4967 1423 5038 Νομοθετῶν
1454 4970 1561 5038 γὰρ
1581 4967 1798 5030 ὁποίους
1824 4983 1904 5028 τις

224 5060 329 5124 νάς
363 5054 504 5114 εἶναι
532 5057 640 5129 χρὴ
654 5058 781 5120 τοὺς
809 5056 904 5109 ἐπὶ
923 5057 1020 5127 τὴν
1038 5054 1147 5109 τῶν
1159 5054 1333 5109 ἄλλων
1352 5054 1682 5126 ἐρχομένους
1707 5053 1904 5125 ἀρχὴν,

230 5145 499 5219 μετὰτῶν
528 5145 704 5201 ἄλλων
724 5144 979 5198 ἁπάντων
1004 5143 1113 5196 τῶν
1135 5141 1446 5212 ἀναγκαίως
1460 5143 1644 5207 αὐτοῖς
1663 5141 1905 5211 ὀφειλόνο

226 5252 343 5290 των
378 5235 683 5307 προσεῖναι,
715 5232 812 5287 καὶ
839 5231 939 5302 τὴν
965 5230 1076 5284 τῶν
1095 5230 1303 5284 παίδων
1324 5229 1641 5302 ἐπιμέλειαν
1662 5229 1905 5293 ἀπαιτεῖ,

228 5325 311 5390 ὡς
332 5323 437 5381 ὀύκ
458 5323 628 5394 οὔσης
672 5323 804 5394 ἡμῖν
827 5318 1158 5391 συγγνώμης
1187 5318 1624 5389 διαστραφέντων
1661 5318 1903 5375 ἐκείνων·

231 5416 334 5469 καὶ
364 5413 510 5485 μάλα
539 5413 787 5476 είκότως.
830 5411 893 5463 Εί
922 5409 1022 5481 μέν
1065 5408 1176 5479 γάρ
1207 5409 1273 5462 ἐκ
1304 5408 1516 5476 φύσεως
1539 5409 1574 5478 ἠ
1605 5407 1772 5460 κακία
1796 5409 1909 5469 τοῖς

231 5501 548 5575 ἀνθρώποις
573 5500 807 5573 προσῆν,
837 5499 1064 5561 εἰκότως
1084 5498 1151 5553 ἄν
1181 5513 1266 5561 τις
1298 5496 1437 5565 πρὸς
1468 5494 1761 5563 ἀπολογίαν
1778 5511 1909 5548 κατ·

231 5588 442 5659 ἔφυγεν
455 5589 504 5629 1³·
527 5587 718 5660 ἐπειδὴ
741 5588 800 5641 δέ
824 5590 891 5641 ἐκ
913 5585 1284 5659 προαιρέσεως
1318 5583 1413 5636 καὶ
1438 5581 1630 5651 φαῦλοι
1651 5581 1909 5653 γινόμεθα

306 5728 330 5756 ³
349 5726 435 5778 Sic
451 5727 552 5776 duo
571 5740 706 5780 mm.
732 5727 911 5775 melius
935 5738 1078 5785 quam
1110 5722 1259 5773 Savil.
1291 5729 1345 5771 et
1366 5721 1484 5785 Mor.
1506 5721 1592 5785 φῇ
1613 5717 1909 5785 ῂιδεηῑιτῶν

239 5788 390 5855 Hyan
409 5805 602 5855 περισπ.
644 5788 751 5837 M0!
775 5788 925 5836 ﬁdem
1099 5788 1240 5845 τήν...
1276 5781 1535 5848 σωτηρίαν..
1559 5781 1710 5829 Iidem
1730 5782 1910 5829 τούτων

241 5850 387 5916 πάλαι
407 5850 640 5916 W-

309 5913 336 5953 ι
360 5913 441 5963 Sic
466 5906 645 5961 0m'n'os
667 5917 849 5974 paler
873 5910 1043 5961 Morel.
1071 5906 1156 5969 qui
1180 5907 1329 5956 habet
1351 5907 1598 5968 ἀπέφυγεν.

587 6000 857 6061 ΡΑτιιοι..
898 5999 1015 6060 Gn.
1066 5999 1312 6059 XLVII.

1009 296 1376 355 AM’ERSUS
1415 298 1738 363 OPPUGNA
1759 294 1971 353 I‘ORES
2010 295 2193 355 VIDE
2234 301 2532 359 MONAST.
2576 300 2701 359 LIB.
2741 300 2828 357 ιῖΙ.

3541 297 3649 356 5M

1988 414 2081 468 καὶ
2097 418 2397 485 σπουδαῖοι,
2447 418 2568 472 τίνα
2610 418 2676 472 ἄν
2716 417 2874 486 λόγον
2897 414 3009 488 ἔχοι
3046 414 3399 487 εὐπρόσωπον
3430 411 3655 467 είπείνό

1985 505 2077 558 τὸν
2101 508 2336 577 μάλιστα
2360 509 2575 564 πάντων
2594 509 2925 581 ποθούμενον
2949 508 3345 580 διαστραφῆναι
3389 506 3481 560 7.01
3502 506 3656 574 γενέ⁴

1990 591 2115 645 σθαι
2148 597 2382 667 πονηρὸν
2414 598 2623 664 ἀφιείς,
2650 598 2773 652 Ὀτι
2807 597 2907 650 οὐκ
2958 595 3207 650 ἐϐούλετο
3255 593 3481 662 ποιῆσα.
3521 608 3655 664 χρη·

1990 678 2141 745 στόν;
2187 681 2325 734 Ἀλλ’
2364 683 2539 745 οὐδεὶς
2574 683 2640 736 ἂν
2667 683 2825 736 τοῦτο
2861 684 3004 736 εἴποι
3047 685 3248 752 πατήρ·
3276 682 3310 752 ἡ
3345 681 3453 751 γὰρ
3495 681 3656 746 φύσις

1988 766 2254 837 ἐφέστηκε
2290 768 2427 841 πρὸς
2468 769 2625 822 τοῦτο
2659 770 2821 823 αὐτὸν
2844 769 3184 841 διεγείρουσα
3212 767 3469 838 συνεχῶς.
3516 762 3657 817 Ἀλλ’

1987 853 2088 906 οὐκ
2112 853 2369 922 ἠδύνατος
2404 855 2545 909 Ἀλλ’
2579 857 2702 909 οὐδὲ
2730 856 2912 910 τοῦτο·
2948 857 3039 911 x01
3071 855 3181 925 709
3212 855 3271 907 16
3295 854 3501 907 ἁπαλὸν
3525 852 3656 905 ὄντα

1990 939 2068 993 ἔτι
2099 940 2300 1007 λαϐεῖν,
2326 942 2507 997 καὶτὸ
2542 944 2782 1017 πρῶτον,
2813 945 2908 998 καὶ
2953 945 3114 1014 μόνον
3149 943 3249 1015 τὴν
3288 942 3538 1008 ἐξουσίαν
3566 941 3657 1007 i7-

1989 1028 2326 1100 χειρισθῆναι
2374 1030 2475 1103 τὴν
2505 1031 2738 1096 ἐκείνου,
2767 1032 2864 1085 καὶ
2900 1032 2961 1086 16
2989 1030 3282 1092 διαπαντὸς
3314 1028 3457 1099 ἔχειν
3485 1026 3656 1087 ἔνδον,

1992 1117 2180 1188 ῥᾳδίαν
2209 1116 2359 1189 αὐτῷ
2385 1117 2483 1174 καὶ
2506 1118 2713 1190 σφόδρα
2740 1117 2965 1173 εὐκολον
2996 1121 3142 1171 ποιεῖ
3168 1116 3266 1187 τὴν
3301 1112 3655 1186 προστασίαν.

1990 1204 2154 1257 Ὥστε
2177 1204 2475 1276 οὐδαμόθεν
2495 1216 2517 1245 ο
2554 1205 2651 1277 τὴν
2668 1205 2998 1279 διαστροφὴν
3036 1200 3399 1273 γίνεσθαιτῶν
3429 1198 3655 1256 παίδων.

1989 1290 2103 1344 ἀλλ’
2134 1293 2198 1345 ἐκ
2212 1293 2310 1364 τῆς
2340 1292 2468 1363 περὶ
2487 1292 2558 1347 τά
2577 1294 2806 1364 βιωτικά
2841 1294 3055 1364 μανίας·
3086 1291 3149 1346 16
3177 1290 3287 1363 709
3315 1288 3452 1361 πρὸς
3477 1289 3660 1341 ἐκεῖνα

1994 1377 2155 1448 μόνον
2184 1379 2538 1445 ἀποϐλέπειν,
2563 1382 2657 1435 καὶ
2693 1381 2859 1451 μηδὲν
2891 1378 3096 1433 τούτων
3130 1378 3334 1433 ἐθέλειν
3365 1373 3658 1446 προτιμᾷν,

1988 1468 2085 1519 και
2096 1464 2205 1517 τῶν
2216 1464 2419 1520 παίδων
2440 1466 2578 1536 μετά
2590 1468 2688 1538 τῆς
2708 1467 2888 1521 αὐτῶν
2907 1467 3086 1537 ψυχῆς
3104 1462 3503 1534 ἀναγκάζονται
3527 1462 3662 1530 ἀμει-

1988 1550 2120 1608 λεῖν.
2142 1551 2376 1617 Τούτους
2397 1551 2508 1622 ἐγὼ
2538 1556 2666 1618 τοὺς
2683 1554 2922 1626 πατέρας
2946 1544 3061 1619 (1&1
3084 1554 3157 1623 μή
3188 1569 3272 1616 τις
3294 1549 3465 1621 θυμοῦ
3496 1547 3558 1601 16
3576 1546 3665 1598 λεο

1989 1640 2217 1711 γόμενον
2238 1637 2375 1695 εἶναι
2398 1641 2686 1712 νομιζέτω)
2705 1642 2799 1696 καὶ
2816 1640 2998 1696 αὐτῶν
3028 1641 3136 1694 τῶν
3163 1638 3522 1693 παιδοκτόνων
3544 1634 3661 1705 χεί-

1996 1745 2120 1801 ρους
2145 1725 2281 1783 εῖναι
2306 1729 2474 1801 φαίην
2491 1729 2577 1786 ἄν.
2595 1731 2822 1783 Ἐκεῖνοι
2838 1730 2936 1799 μὲν
2951 1728 3061 1799 γὰρ
3090 1727 3152 1783 16
3180 1728 3341 1798 σῶμα
3363 1726 3461 1797 τῆς
3482 1722 3662 1793 ψυχῆς

1986 1816 2287 1891 διιστῶσιν,
2311 1812 2455 1872 οὗτοι
2472 1818 2531 1871 δέ
2555 1817 2760 1890 ταύτην
2790 1817 2905 1888 μετ’
2928 1817 3140 1870 ἐκείνου
3169 1816 3427 1886 φέροντες
3453 1814 3532 1875 εἰς
3563 1810 3663 1881 τὴν

1990 1905 2092 1975 τῆς
2122 1905 2345 1978 γεέννης
2361 1905 2693 1977 ἐμϐάλλουσι
2722 1905 2921 1977 πυράν⁶
2938 1906 3188 1959 κάκεῖνον
3216 1902 3313 1974 μὲν
3342 1902 3553 1968 ἀνάγκη
3571 1898 3663 1951 16v

1993 1990 2220 2046 θάνατον
2245 1993 2339 2045 x01
2372 1994 2525 2066 παρά
2548 1993 2650 2062 τῆς
2675 1992 2891 2062 φύσεως
2919 1991 3176 2057 δέξασθαι
3200 1990 3440 2052 πάντως.
3474 1986 3663 2040 τοῦτον

1990 2078 2048 2131 δέ
2086 2080 2212 2151 ἐνῆν
2234 2082 2329 2134 καὶ
2359 2080 2661 2151 διαφυγεῖν,
2688 2082 2736 2133 εί
2776 2081 2852 2152 μὴ
2885 2081 2917 2151 ἡ
2951 2078 3057 2133 τῶν
3098 2078 3351 2148 πατέρων
3372 2075 3534 2128 αὐτὸν
3565 2074 3666 2125 ἐπα

1994 2168 2166 2238 ήγαγε
2198 2168 2457 2240 ῥᾳθυμία.
2484 2168 2627 2237 Πρὸς
2641 2167 2872 2232 τούτοις,
2900 2167 2998 2238 τὴν
3030 2166 3128 2238 μὲν
3174 2163 3270 2219 τοῦ
3292 2162 3544 2233 σώματος
3571 2176 3664 2212 τε·

1992 2256 2186 2327 λευτὴν
2211 2258 2504 2319 ἀνάστασις
2524 2255 2827 2310 ἐπελθοῦσα
2845 2256 3060 2325 ταχέως
3072 2251 3334 2323 ἀφανίσαι
3353 2250 3661 2319 δυνήσεται·

1992 2343 2092 2413 τὴν
2123 2343 2179 2397 δέ
2200 2343 2300 2414 τῆς
2321 2344 2500 2415 ψυχῆς
2515 2342 2792 2398 ἀπώλειαν
2820 2342 2971 2395 οὐδὲν
2996 2341 3077 2396 ετι
3099 2336 3575 2411 παραμυθήσεται·
3602 2333 3664 2386 οὐ

1994 2431 2105 2503 γὰρ
2120 2432 2362 2502 σωτηρία
2379 2431 2547 2500 αὐτὴν
2565 2431 2868 2501 διαδέχεται
2883 2428 3090 2492 λοιπὸν,
3103 2427 3217 2482 011‘
3244 2424 3487 2481 ἀθάνατα
3500 2421 3668 2489 ἀνάγο

1996 2535 2070 2589 κη
2098 2519 2444 2585 κολάζεσθαι.
2487 2520 2652 2573 ’Ὥστε
2677 2520 2779 2572 οὐκ
2809 2518 3118 2580 ἀπεικότως
3153 2514 3262 2569 τῶν
3304 2508 3667 2567 παιδοκτόνων

1995 2608 2123 2671 τούς
2146 2607 2421 2671 τοιούτους
2450 2606 2694 2677 πατέρας
2721 2606 2938 2677 χείρους
2974 2603 3042 2658 ἂν
3060 2603 3311 2673 εἴποιμεν
3330 2594 3490 2652 εἶναι.
3533 2594 3669 2650 Οὐδέ

1996 2695 2106 2766 γάρ
2125 2696 2272 2748 ἐστιν
2292 2692 2434 2747 οὕτω
2447 2692 2618 2746 δεινὸν
2635 2693 2902 2762 ἀκονῆσαι
2924 2688 3096 2761 ξίφος,
3110 2689 3206 2743 καὶ
3225 2685 3403 2751 δεξιὰν
3426 2682 3665 2745 ὁπλίσαι,

1997 2783 2093 2835 καὶ
2118 2784 2197 2846 είς
2216 2780 2380 2835 αὐτὸν
2393 2779 2488 2833 τοῦ
2514 2779 2704 2843 παιδὸς
2730 2780 2990 2851 βαπτίσαι
3014 2776 3106 2832 τδν
3132 2774 3347 2845 λαιμὸν,
3378 2771 3454 2836 ώς
3477 2769 3540 2823 16
3562 2768 3670 2838 ψνιο

1996 2870 2100 2941 χὴν
2117 2869 2381 2924 ἀπολέσαι
2397 2869 2492 2924 καὶ
2507 2869 2837 2939 διαφθεῖραι·
2856 2867 3060 2938 ταύτης
3070 2864 3180 2937 γὰρ
3204 2864 3334 2935 ἡμῖν
3364 2860 3481 2914 ίσον
3494 2856 3669 2912 οὐδέν.

2069 2958 2202 3011 ε’.Ἰ“ί
2217 2953 2342 3022 οῦνς
2367 2956 2520 3011 πόλιν
2533 2956 2806 3018 οἰκοῦντα,
2825 2951 3218 3009 καὶοίκίανκαὶ
3233 2950 3463 3019 γυναῖκα
3483 2945 3672 3015 ἔχοντα

1998 3043 2097 3097 οὐκ
2118 3043 2194 3097 ενι
2234 3044 2497 3113 σωθῆναι.
2533 3042 2699 3114 φησίς
2736 3042 2985 3096 Μάλιστα
3016 3040 3115 3110 μὲν
3145 3038 3245 3107 οὐχ
3271 3031 3354 3100 εἷς
3399 3032 3672 3103 σωτηρίας

1998 3132 2223 3204 τρόπος,
2243 3130 2380 3184 ἀλλά
2411 3130 2597 3184 πολλοὶ
2622 3131 2716 3183 x01
2756 3128 3026 3198 διάφοροι.
3066 3126 3175 3178 K01
3192 3123 3351 3177 τοῦτο
3381 3120 3531 3188 λέγει
3572 3118 3673 3188 μὶν

1998 3218 2269 3291 ἀορίστως
2305 3221 2334 3271 6
2362 3217 2616 3289 Χριστὸς,
2641 3216 2844 3279 πολλὰς
2875 3214 3013 3268 εἶναι
3047 3212 3213 3285 μονὰς
3241 3206 3673 3278 ἀποφαινόμενος

2165 3305 2244 3377 τῷ
2267 3306 2460 3377 Πατρί·
2494 3304 2642 3373 λέγει
2669 3304 2725 3358 δὲ
2753 3304 2891 3374 μετά
2912 3297 3193 3372 διορισμοῦ
3215 3310 3360 3360 τινος
3380 3298 3409 3350 6
3438 3293 3673 3356 Παῦλος,

1998 3393 2143 3450 οὕτω
2164 3395 2414 3465 γράφων·
2455 3393 2648 3455 ’Ἄλλη
2680 3390 2831 3455 δόξα
2847 3390 3048 3457 ἡλίου,
3077 3386 3176 3442 καί
3195 3385 3356 3451 ἄλλη
3390 3382 3539 3445 δόξα
3568 3398 3671 3434 σε-

1998 3484 2217 3551 λήνης,
2247 3482 2345 3535 καί
2371 3482 2532 3549 ἄλλη
2556 3480 2705 3544 δόξα
2722 3479 3013 3546 ἀστέρων·
3048 3474 3246 3541 ἀστὴρ
3284 3471 3396 3542 γὰρ
3420 3468 3676 3536 ἀστέρος

1999 3571 2259 3641 διαφέρει
2276 3572 2347 3624 ἐν
2373 3569 2547 3639 δόξῃ.
2577 3570 2641 3622 Ὃ
2664 3569 2721 3621 δέ
2740 3567 2913 3635 λέγει.
2935 3563 3173 3618 τοιοῦτόν
3197 3563 3365 3614 ἐστιν·
3387 3562 3445 3613 Οί
3480 3558 3576 3629 μὲν
3599 3558 3676 3620 ὡς

1999 3658 2152 3730 ἥλιος
2184 3657 2513 3728 λάμψουσιν,
2536 3655 2663 3709 οἱδέ
2693 3654 2769 3718 ώς
2809 3652 3088 3723 σελήνη,οί
3110 3649 3167 3704 δέ
3190 3649 3266 3712 ώς
3294 3646 3539 3716 ἀστέρες.
3566 3646 3675 3696 Καὶ

1999 3746 2120 3801 οὐδὲ
2154 3747 2385 3801 ἐνταῦθα
2416 3745 2546 3815 ἔστη
2570 3744 2669 3814 τῆς
2688 3743 2971 3813 διαφορᾶς,
2993 3738 3127 3793 ἀλλά
3147 3738 3240 3791 καὶ
3274 3737 3332 3789 ἐν
3360 3736 3542 3795 αὐτοῖς
3565 3733 3674 3784 τού-

1999 3851 2115 3897 τοις
2145 3833 2343 3904 πολλὴν
2372 3833 2645 3886 δείκνυσιν
2673 3824 2814 3883 εἶναι
2840 3830 2940 3901 τὴν
2969 3826 3264 3895 διαλλαγὴν
3279 3822 3332 3884 δ,
3359 3822 3451 3877 καὶ
3478 3818 3675 3873 τοσαύ-

1999 3938 2121 3992 την,
2146 3921 2279 3993 ὅσην
2304 3923 2362 3973 ἐν
2391 3918 2610 3993 ἀριθμῷ
2628 3916 2869 3987 τοσούτῳ
2905 3912 3225 3984 συμϐαίνειν
3262 3908 3427 3971 εἰκός.
3463 3909 3678 3974 Ἀστὴρ

2002 4009 2132 4078 γάρ,
2149 4010 2333 4078 φησὶν,
2359 4006 2618 4075 ἀστέρος
2640 4002 2903 4073 διαφέρει
2917 4002 2987 4056 ὲν
3005 3999 3179 4067 δόξῃ.
3199 3996 3479 4063 Ἐννόησον
3493 3994 3678 4046 κοίνυν

2002 4094 2214 4149 ἀπὸτοῦ
2230 4095 2457 4166 ἡλιακοῦ
2472 4094 2738 4164 μεγέθους
2752 4091 2886 4163 πρὸς
2898 4090 2987 4143 τὸν
2998 4088 3225 4159 ἔσχατον
3240 4085 3457 4137 πάντων
3475 4082 3679 4152 ἀστέρα

2001 4181 2297 4244 όδεύων,πό
2304 4181 2445 4253 σους[
2454 4180 2546 4253 86]
2556 4180 2881 4251 ἀξιωμάτων
2895 4175 2996 4248 βαθ
3005 4177 3138 4247 μοὺς
3152 4171 3501 4227 καταϐαίνειν
3513 4187 3534 4220 ε
3545 4169 3676 4232 ίκός.

2004 4269 2132 4332 Πῶς
2146 4264 2239 4322 οὖν
2267 4270 2368 4321 οὐκ
2387 4268 2611 4330 ἀτοπον,
2635 4270 2683 4320 εί
2713 4266 2813 4337 μὲν
2834 4266 2915 4329 είς
2949 4262 3198 4334 βασίλεια
3217 4272 3242 4301 ο
3262 4260 3354 4314 τὸν
3387 4257 3503 4312 υίδν
3523 4254 3678 4327 ἦγες,

2005 4356 2221 4411 ἅπαντα
2240 4357 2412 4409 ποιεῖν
2425 4371 2483 4408 τε
2495 4357 2590 4408 καὶ
2605 4355 2857 4423 πάσχειν,
2872 4352 3124 4405 κάκεῖνον
3136 4346 3443 4402 ἀναπείθων
3455 4344 3679 4415 ὁμοίως,

2004 4443 2146 4498 ὥστε
2163 4443 2325 4498 αὐτὸν
2348 4442 2515 4511 ἐγγὺς
2554 4441 2778 4509 ποιῆσαι
2793 4437 2886 4491 τοῦ
2915 4436 3207 4508 βασιλέως,
3230 4436 3326 4488 καὶ
3355 4432 3521 4503 μηδὲν
3544 4430 3683 4489 ὅλως

2007 4529 2445 4599 ὑπολογίζεσθαι,
2472 4529 2548 4600 μὴ
2567 4526 2836 4596 δαπάνην,
2867 4526 2940 4596 μὴ
2965 4523 3234 4585 κίνδυνον,
3252 4520 3327 4591 μὴ
3347 4518 3575 4572 θάνατον
3585 4516 3684 4568 αὐ-

2005 4621 2116 4675 τόν·
2140 4618 2271 4690 περὶ
2289 4618 2346 4671 δὲ
2376 4617 2478 4686 τῆς
2505 4618 2564 4668 ἐν
2590 4616 2705 4677 τοῖς
2721 4613 2971 4684 οὐρανοῖς
2996 4608 3286 4681 στρατείας
3313 4603 3684 4676 προκειμένης

2007 4709 2140 4777 ἡμῖν
2156 4706 2255 4775 τῆς
2274 4704 2535 4772 σκέψεως,
2556 4703 2632 4774 μὴ
2646 4701 2853 4770 ἀλγεῖν,
2874 4700 2923 4751 εί
2938 4697 3030 4751 τὸν
3046 4697 3270 4766 ἔσχατον
3283 4693 3433 4747 λάϐοι
3454 4691 3474 4731 ί
3495 4693 3680 4751 τόπον,

2010 4795 2101 4847 καὶ
2127 4792 2342 4846 πάντων
2357 4791 2586 4854 ὕστατος
2606 4788 2818 4857 γένοιτο
2835 4803 2849 4851 ;
2869 4786 3014 4857 Πλὴν
3029 4784 3167 4848 ἀλλ’,
3188 4785 3237 4837 εί
3252 4783 3422 4847 δοκεῖ,
3440 4783 3534 4836 καὶ
3551 4782 3685 4836 αὐτὸ

2007 4882 2165 4936 τοῦτο
2188 4882 2407 4951 ἴδωμεν,
2429 4881 2477 4932 εί
2492 4879 2718 4935 δυνατὸν
2736 4878 2827 4929 τὸν
2843 4878 2904 4929 ἐν
2928 4875 3078 4946 μέσῳ
3102 4874 3462 4946 στρεφόμενον
3479 4871 3687 4943 ταύτην

2008 4969 2139 5038 γοῦν
2171 4968 2271 5040 τὴν
2296 4967 2451 5037 λῆξιν
2484 4965 2687 5020 λαϐεῖν.
2727 4964 2789 5016 '0
2843 4963 2944 5034 μὲν
2993 4961 3103 5033 γάρ
3150 4960 3425 5032 μακάριος
3471 4959 3683 5021 Παῦλος

2010 5058 2329 5128 ἀπεφήνατο
2354 5058 2412 5109 ἐν
2430 5053 2622 5127 βραχεῖ
2643 5054 2770 5125 περ)⁵
2789 5050 3003 5115 τούτου,
3026 5048 3122 5104 καὶ
3149 5049 3277 5112 τούς
3296 5049 3394 5112 τὰς
3420 5051 3683 5117 γυναῖκαιι

2013 5144 2235 5217 ἔχοντας
2253 5145 2355 5198 οὐκ
2377 5141 2582 5216 ἔφησεν
2605 5142 2782 5204 ἄλλως
2806 5141 2834 5181 ⁸
2859 5138 3119 5193 δύνασθαι
3148 5135 3442 5199 σώζεσθαι,
3471 5138 3611 5208 πλὴν
3634 5138 3684 5189 εί

2018 5232 2093 5305 μὴ
2120 5232 2292 5298 οὐτως
2322 5231 2494 5295 αὐτάς
2532 5230 2706 5301 ἔχοιεν
2731 5228 2807 5291 ὡς
2844 5228 2948 5281 οὐκ
2987 5224 3225 5297 ἔχοντες,
3261 5225 3355 5279 καὶ
3380 5222 3458 5295 τῷ
3495 5224 3687 5294 κόσμῳ

2018 5322 2093 5393 μὴ
2113 5320 2491 5394 παραχρῷντο.
2526 5320 2717 5390 Ἡμεῖς
2754 5317 2811 5371 δέ
2840 5314 2992 5379 0616,
3019 5317 3071 5369 εί
3097 5314 3296 5386 βούλει,
3327 5314 3519 5384 καὶτῷ
3544 5313 3689 5383 λόγῳ

2015 5408 2351 5479 ἐπέλθωμεν.
2375 5408 2559 5479 Ἔχεις
2591 5401 2687 5459 οὖν
2712 5405 2907 5469 είπεῖν,
2933 5403 3017 5456 δτι
3044 5400 3078 5473 ἢ
3100 5400 3195 5456 σοῦ
3229 5400 3686 5473 συμϐουλεύοντος

2080 5551 2102 5578 ⁸
2126 5549 2235 5600 ι)οο
2253 5561 2368 5599 mss.
2395 5546 2653 5609 οὐδαμόθεν
2683 5544 2922 5610 ἑτέρωθεν.
2948 5541 3130 5593 Ultima
3154 5552 3247 5593 vox
3278 5552 3375 5590 non
3402 5539 3609 5589 habetur
3633 5540 3687 5588 in

2016 5610 2228 5723 mgni-lii
2249 5672 2431 5730 πολλὴν
2452 5671 2647 5720 δίδωσιν
2669 5669 2786 5718 εἶναι
2806 5668 2911 5732 τήνᾼ
3273 5726 3284 5732 _

2083 5721 2211 5812 e'Sii:
2255 5721 2571 5789 unus'recte,
2610 5738 2763 5792 atque
2798 5721 2865 5779 ita"
2899 5728 3026 5807 {egit
3061 5721 3373 5784 Ahibroslus;
3400 5721 3572 5779 ε1ίίἰ⁴ίς
3593 5724 3685 5787 βα-

2018 5797 2171 5852 σιλέα.

2088 5856 2106 5893 ι
2135 5857 2239 5903 Duo
2257 5868 2370 5903 mss.
2399 5852 2555 5917 λάχοι.

2083 5920 2107 5960 ⁸
2135 5918 2284 5967 Iidem
2308 5919 2393 5965 οὐκ
2415 5914 2592 5977 ἀφῆκεν
2617 5914 2785 5970 ἄλλως.

3091 5980 3172 6037 20
