4124 6144
437 291 542 346 357

436 407 478 458 si
505 421 596 460 eas
624 406 694 461 ita
723 407 977 464 haberent
1006 420 1271 484 tamquam
1295 432 1398 471 non
1429 417 1703 486 habentes,
1731 429 1786 473 et
1813 421 2012 476 mundo

437 513 542 550 non
573 497 938 555 abuterentur.
971 503 1079 556 Nos
1105 517 1303 573 autem,
1335 508 1378 561 si
1409 509 1597 577 placet.
1626 510 1727 564 hoc
1749 509 2014 580 disquira-

438 603 574 641 mus.
607 589 834 645 Potesne
855 592 1056 660 dicere,
1084 597 1169 650 vel
1193 605 1244 652 te
1264 609 1515 654 monente
1534 601 1800 656 audivisse
1829 602 2012 667 mium,

438 681 518 732 vel
547 696 575 733 a
607 682 785 750 seipso
811 683 1096 750 didicisse,
1140 703 1262 742 eum
1301 691 1392 760 qui
1421 691 1598 761 jurat,
1646 693 1853 748 etiamsi
1894 707 2014 748 eum

436 772 641 826 ratione
669 773 830 844 juret,
865 776 1034 833 Deum
1061 789 1235 835 tamen
1261 781 1571 838 oliâ€˜endere?
1593 784 1678 839 An
1708 785 1833 840 item
1856 801 1976 840 eum
1997 826 2014 851 ,

437 863 525 930 qui
557 863 866 932 injuriarum
895 870 1240 936 recordatur,
1292 873 1500 928 salvum
1532 890 1652 930 esse
1688 892 1794 930 non
1822 876 2017 946 posse?

439 974 558 1012 nam
598 958 734 1025 Vite,
784 962 983 1032 inquit,
1024 967 1398 1020 recordantium
1429 967 1669 1038 injurias,
1711 969 1778 1022 ad
1806 979 2018 1023 mortem

441 1048 619 1117 (Prov.
656 1052 738 1104 12.
771 1051 888 1120 28).
923 1057 1002 1108 An
1025 1097 1038 1119 ,
1072 1057 1213 1124 quod
1244 1057 1562 1114 maledicum
1592 1060 1661 1113 ita
1688 1059 2014 1114 dehonesta-

439 1139 571 1191 Vcrit
601 1141 755 1204 Deus,
790 1151 846 1194 ut
872 1157 992 1196 eum
1023 1160 1051 1197 a
1076 1145 1270 1200 divina:
1298 1150 1587 1218 Scriptura:
1608 1149 1838 1204 lectione
1859 1165 2015 1204 arce-

437 1227 556 1281 ret?
582 1244 670 1294 an,
704 1232 842 1298 quod
864 1245 1201 1304 arrogantem
1229 1245 1281 1290 et
1306 1239 1747 1293 contumeliosum
1777 1241 1843 1294 de
1873 1240 2017 1294 caalis

435 1321 793 1375 exturbaverit
815 1362 831 1389 ,
880 1333 933 1377 et
959 1325 1217 1395 gehennze
1249 1328 1384 1397 ignis
1411 1316 1726 1384 tradiderit?
1752 1346 1840 1394 an,
1873 1329 2015 1399 quod

436 1425 555 1462 eum
584 1414 670 1480 qui
700 1411 986 1482 impudicis
1014 1417 1233 1486 respicit
1260 1419 1450 1484 oculis,
1481 1419 1632 1490 quasi
1659 1435 1785 1474 vere
1805 1419 2016 1491 adulte-

437 1515 554 1552 rum
582 1503 803 1568 puniat?
828 1507 911 1558 An
941 1505 1189 1576 frequens
1221 1508 1345 1562 illud
1372 1518 1427 1562 et
1449 1510 1695 1566 omnibus
1718 1510 1870 1565 facile
1893 1525 2017 1579 pec-

436 1601 651 1657 catum,
702 1596 970 1664 proximos
1014 1613 1205 1667 nempe
1235 1600 1475 1667 judicare
1499 1610 1553 1656 et
1576 1603 1654 1658 sic
1681 1602 1892 1672 gravius
1915 1601 2017 1656 sibi

437 1685 756 1753 supplicium
783 1687 1074 1754 attrahere,
1105 1700 1162 1744 ut
1198 1691 1404 1761 fugeret
1432 1693 1704 1759 monuisti,
1734 1703 1788 1748 et
1818 1694 1961 1765 leges
1985 1709 2017 1748 a

437 1775 652 1829 Christo
683 1777 781 1832 hac
811 1780 877 1834 de
904 1795 962 1835 re
1002 1781 1203 1850 positas
1229 1783 1327 1852 ipsi
1357 1783 1566 1853 legisti?
1587 1772 1655 1839 an
1683 1794 1738 1839 tu
1777 1786 1912 1853 ipse,
1949 1799 2019 1839 ne

435 1867 480 1921 si
502 1870 760 1924 exsistant
780 1872 1015 1940 quidem,
1041 1873 1218 1928 nosti?
1239 1874 1479 1942 Quonam
1502 1892 1629 1946 ergo
1649 1878 1808 1935 modo
1825 1878 2020 1946 poterit

437 1976 498 2012 ea
528 1959 668 2015 tilius
696 1963 952 2030 perficere
970 1993 994 2028 ,-
1014 1981 1240 2035 quorum
1271 1982 1370 2022 nec
1396 1977 1545 2038 pater
1574 1969 1687 2038 ipse
1705 2011 1720 2036 ,
1747 1969 1837 2040 qui
1867 1968 2016 2023 illum

437 2045 659 2105 erudire
691 2053 981 2123 debuerat,
1037 2056 1182 2127 leges
1226 2059 1408 2112 novit?
1451 2060 1624 2128 Atque
1667 2061 1869 2115 utinam
1914 2059 2019 2114 hoc

437 2141 612 2194 Solum
637 2141 817 2196 damni
847 2144 1096 2210 adesset,
1127 2146 1267 2216 quod
1293 2146 1423 2201 nihil
1453 2149 1580 2203 utile
1607 2158 1783 2219 patres
1809 2148 2016 2206 consilii

437 2231 646 2297 darent,
677 2248 783 2287 non
812 2245 1015 2290 tantum
1047 2237 1228 2307 utique
1255 2239 1452 2292 malum
1474 2248 1652 2295 esset:
1677 2254 1814 2294 nunc
1839 2247 2016 2296 autem

436 2336 528 2375 eos
557 2323 622 2376 ad
647 2327 914 2380 contraria
944 2342 1162 2396 prorsus
1188 2329 1478 2398 impellitis.
1506 2329 1686 2400 Neque
1709 2331 1849 2384 enim
1875 2330 2018 2386 aliud

438 2425 615 2484 patres
644 2418 828 2473 audias
869 2435 988 2474 cum
1022 2420 1144 2476 filiis
1178 2429 1439 2488 tractare,
1467 2438 1589 2478 cum
1628 2439 1720 2478 eos
1750 2423 1816 2477 ad
1842 2423 2018 2482 studia

437 2507 702 2560 literarum
747 2507 1061 2576 hortantur,
1095 2512 1196 2566 nisi
1226 2513 1384 2568 verba
1416 2513 1721 2583 hujusmodi
1748 2531 1759 2567 :
1787 2513 1908 2582 llle,
1938 2515 2020 2568 in-

435 2598 580 2665 quit,
627 2598 874 2667 humilis,
924 2603 1214 2674 humilique
1258 2605 1378 2660 loco
1416 2615 1610 2673 natus,
1660 2605 2014 2676 eloquentiam

434 2692 678 2759 adeptus,
708 2709 946 2748 summos
968 2697 1308 2766 magistratus
1329 2699 1578 2766 obtinuit,
1601 2696 1812 2753 divitias
1830 2700 2016 2770 acqui-

435 2784 558 2835 sivit
585 2785 846 2853 ingentes,
891 2802 1111 2841 uxorem
1159 2788 1307 2843 duxit
1339 2790 1665 2860 Opulentam,
1709 2789 2016 2860 splendidas

433 2877 726 2930 Construxit
749 2878 913 2943 mdes,
942 2881 1188 2934 omnibus
1212 2883 1399 2936 terrori
1426 2892 1527 2949 est,
1556 2893 1610 2938 et
1637 2884 1802 2954 gloria
1830 2882 2010 2954 fulget.

432 2968 584 3022 Alius
623 2984 830 3023 rursum
857 2989 870 3024 :
894 2970 1019 3035 Ille,
1071 2973 1271 3043 inquit,
1304 2974 1489 3029 Latina
1530 2975 1705 3046 lingua
1745 2975 2013 3043 eruditus,

433 3059 486 3112 in
514 3061 656 3130 regia
684 3061 1013 3116 clarissimus
1034 3075 1134 3132 est,
1159 3075 1453 3136 cunctaque
1483 3067 1624 3121 intus
1654 3065 2010 3120 administrat.

434 3151 504 3205 Et
526 3153 660 3207 alius
685 3155 846 3208 alium
871 3171 1056 3211 rursus
1095 3159 1360 3226 ostendit,
1401 3159 1685 3229 cunctique
1722 3175 1815 3214 eos
1841 3160 1930 3230 qui
1958 3161 2011 3214 in

435 3253 575 3300 terra
603 3245 839 3316 insignes
865 3257 988 3301 sunt
1019 3261 1333 3314 memorant,
1360 3251 1652 3304 cmlestium
1673 3259 1849 3305 autem
1871 3251 2011 3304 nulla

432 3349 654 3404 usquam
686 3339 914 3401 mentio;
946 3338 1051 3392 imo
1071 3340 1116 3392 si
1137 3341 1256 3410 quis
1277 3340 1362 3394 illa
1385 3356 1806 3398 commemorare
1827 3357 2014 3413 aggre-

431 3423 628 3491 diatur,
661 3436 720 3481 ut
746 3429 834 3498 qui
863 3439 1055 3484 cuncta
1083 3440 1372 3500 pervertat,
1403 3433 1632 3502 ejicitur.

505 3521 556 3573 6.
587 3519 720 3575 Cum
751 3521 911 3591 igitur
937 3539 966 3575 a
999 3524 1258 3593 principio
1290 3527 1403 3579 haec
1432 3525 1539 3580 illis
1560 3525 1818 3580 occinatis
1841 3565 1855 3590 ,
1879 3524 2012 3580 nihil

430 3610 572 3664 aliud
597 3627 690 3666 eos
719 3628 877 3683 quam
907 3615 1142 3668 omnium
1174 3617 1435 3670 malorum
1467 3619 1741 3672 materiam
1765 3619 1970 3672 docetis
1990 3656 2008 3684 ,

429 3702 566 3758 duos
595 3704 1010 3761 violentissimos
1036 3723 1247 3762 amores
1273 3708 1634 3776 insinuantes,
1670 3710 2011 3779 pecuniarum

430 3792 572 3861 dico,
605 3805 659 3850 et
686 3797 774 3866 qui
805 3797 1206 3869 longeiniquior
1221 3809 1324 3867 est,
1340 3816 1491 3855 vana:
1511 3800 1787 3871 inanisque
1805 3801 2008 3871 gloriae.

429 3881 630 3938 Horum
660 3899 790 3940 vero
817 3886 1072 3941 alteruter
1102 3903 1196 3958 per
1220 3904 1278 3944 se
1317 3890 1462 3944 solus
1486 3901 1674 3945 cuncta
1707 3900 2010 3960 pervertere

427 3981 607 4042 potest
627 3993 639 4028 :
658 3989 780 4029 cum
809 3989 985 4032 autem
1015 3979 1172 4033 ambo
1202 3979 1256 4032 in
1289 3989 1520 4034 teneram
1543 3981 1754 4050 juvenis
1777 3982 2009 4036 animam

429 4062 741 4132 confluunt,
785 4067 936 4136 quasi
984 4068 1200 4138 quidam
1243 4078 1504 4125 torrentes
1555 4071 1821 4140 conjuncti
1870 4072 2008 4127 bona

428 4157 608 4210 omnia
632 4169 1011 4229 corrumpunt,
1058 4169 1258 4215 tantam
1292 4163 1398 4217 vim
1439 4163 1712 4233 spinarum
1742 4165 1758 4195 Î¹
1795 4173 1849 4219 et
1885 4180 2007 4221 are-

429 4262 530 4313 nae,
564 4258 762 4304 tantam
789 4252 1068 4306 colluviem
1096 4253 1493 4322 contrahentes,
1525 4265 1581 4311 ut
1608 4258 1838 4310 animam
1867 4258 2007 4311 illam

429 4339 702 4406 sterilem,
748 4339 1165 4412 infructuosam,
1215 4345 1472 4417 bonisque
1510 4347 1756 4402 omnibus
1789 4363 2007 4403 vacuam

427 4428 684 4485 efficiant.
733 4432 931 4488 llorum
976 4443 1143 4490 testes
1183 4451 1302 4492 esse
1331 4448 1551 4506 possunt
1589 4439 1754 4494 exteri
1794 4453 2009 4508 quoque

427 4521 719 4588 scriptorcs
740 4539 753 4574 :
776 4538 1002 4591 quorum
1023 4539 1159 4580 unus
1180 4527 1403 4580 alterum
1424 4525 1669 4581 allâ€˜ectum
1686 4569 1701 4593 ,
1742 4543 1847 4582 non
1887 4544 2007 4582 cum

428 4615 533 4670 alio
555 4617 796 4684 junctum
822 4659 838 4684 ,
871 4617 965 4672 sed
992 4633 1087 4688 per
1117 4633 1175 4674 se
1201 4620 1374 4673 solum
1395 4663 1410 4687 ,
1440 4636 1617 4675 arcem
1635 4661 1650 4684 ,
1679 4621 1812 4674 alius
1838 4637 1966 4674 vero
1989 4662 2005 4686 ,

426 4719 587 4779 caput
615 4710 872 4764 malorum
902 4711 1152 4780 appellat.
1185 4711 1337 4778 Quod
1381 4713 1426 4765 si
1471 4723 1774 4781 separatum
1805 4728 1899 4766 arx
1927 4721 2010 4768 est

428 4807 482 4853 et
503 4807 680 4869 caput,
713 4814 831 4854 cum
860 4800 995 4855 alius
1021 4801 1179 4870 longe
1205 4801 1419 4870 gravior
1446 4809 1500 4856 et
1531 4802 1796 4871 potentior
1821 4817 2005 4856 acces-

428 4890 580 4956 serit,
604 4891 790 4945 insana
814 4906 1005 4960 nempe
1034 4891 1219 4962 gloriae
1243 4892 1456 4960 cupido,
1479 4902 1672 4948 etcum
1696 4893 1786 4946 illo
1810 4893 2012 4948 violen-

431 4990 512 5034 ter
541 4981 788 5050 irruerit,
825 4983 1137 5054 radicesque
1171 4983 1440 5054 posuerit,
1469 4994 1626 5054 atque
1649 4984 1862 5054 juvenis
1891 4985 2008 5039 ani-

429 5089 575 5127 mum
615 5075 994 5144 occupaverit,
1041 5077 1161 5146 quis
1197 5077 1414 5132 demum
1458 5077 1719 5146 ejusmodi
1763 5077 2008 5132 morbum

429 5181 679 5222 amovere
719 5168 924 5236 possit,
955 5181 1076 5222 cum
1120 5169 1350 5223 maxime
1391 5178 1571 5238 patres
1613 5168 1746 5238 ipsi,
1794 5183 1902 5223 non
1954 5176 2012 5222 ut

429 5257 760 5324 evellantur,
804 5258 899 5314 sed
941 5267 1001 5312 ut
1029 5258 1263 5312 firmiora
1291 5258 1398 5313 sint
1427 5257 1541 5312 hmc
1569 5259 1705 5313 mala
1732 5259 1968 5328 germina
1987 5299 2006 5326 ,

431 5349 566 5404 nihil
597 5364 700 5404 non
731 5360 891 5421 agant
920 5358 974 5405 et
1002 5351 1218 5405 dicant?
1264 5349 1394 5417 Quis
1439 5351 1596 5420 igitur
1637 5351 1771 5404 adeo
1816 5350 2009 5405 stultus

429 5449 534 5504 est,
565 5449 624 5494 ut
656 5457 758 5495 non
788 5440 1038 5509 desperet
1061 5441 1129 5496 de
1156 5440 1328 5496 salute
1354 5441 1502 5509 pueri
1529 5441 1594 5495 ad
1621 5439 1762 5494 hunc
1792 5441 2007 5494 modum

430 5532 696 5588 instituti?
722 5533 1021 5604 Optandum
1048 5541 1130 5588 est
1155 5533 1389 5588 animam
1408 5533 1690 5588 contrariis
1713 5531 1875 5588 rebus
1901 5530 2005 5586 im-

495 5669 512 5699 Î¹
547 5676 655 5717 Haec
671 5667 840 5727 verba,
862 5671 1042 5716 tantam
1063 5663 1156 5714 vim
1177 5663 1442 5728 spinarum,
1464 5665 1640 5717 desunt
1672 5665 1722 5715 in
1753 5661 1916 5714 Morel.
1959 5676 2008 5719 ei

429 5731 590 5793 Savil.,
613 5731 701 5780 sed
723 5728 962 5780 habentur
985 5729 1034 5778 in
1055 5728 1246 5778 duobus
1269 5735 1372 5779 Mss.

1131 301 1493 361 ADVERSUS
1530 306 2072 370 OPPUGNATORES
2100 310 2280 367 VITE
2319 313 2612 369 MONAST.
2645 314 2772 370 LIB.
2815 316 2900 371 111.

3594 321 3696 379 358

2118 423 2296 479 hutam
2318 441 2346 478 a
2370 427 2564 483 malitia
2592 443 2651 482 se
2674 429 3001 485 subducere:
3021 429 3232 500 quando
3257 439 3431 486 autem
3459 433 3692 504 undique

2119 514 2343 570 illiciunt
2383 521 2730 587 pecuniarum
2785 523 3037 590 praemia,
3087 531 3143 577 et
3195 523 3438 577 scelerati
3485 525 3581 579 viri
3626 525 3694 580 ad

2120 606 2428 661 imitandum
2459 619 2848 679 proponuntur,
2875 627 3116 680 quamam
3151 614 3338 668 salutis
3363 629 3485 683 Spes
3506 631 3696 684 super-

2117 695 2238 749 est?
2265 696 2398 751 Nam
2428 714 2523 753 eos
2542 740 2557 765 ,
2587 698 2675 768 qui
2708 703 3045 770 pecuniarum
3074 718 3258 759 amore
3307 713 3556 759 tenentur
3580 747 3596 771 ,
3645 717 3698 760 et

2121 785 2347 854 invidos,
2375 797 2431 842 et
2457 790 2725 859 improbos
2753 801 2807 845 et
2828 793 3050 846 multum
3072 793 3334 862 iurantes,
3353 803 3408 848 et
3428 795 3692 863 perjuros,

2117 877 2534 933 contumeliosos
2552 881 2698 944 item,
2726 880 2886 947 fures,
2916 883 3315 949 inverecundos,
3340 885 3692 952 impudentes,

2119 966 2386 1037 ingratos,
2413 970 2644 1040 denique
2667 973 2814 1027 omni
2847 975 3079 1043 nequitia
3114 975 3301 1043 plenos
3331 989 3452 1030 esse
3475 990 3696 1030 necesse

2118 1065 2220 1110 est.
2262 1058 2462 1113 Horum
2502 1062 2652 1117 testis
2683 1061 2786 1118 fide
2827 1064 3018 1134 dignus
3042 1075 3126 1120 est
3164 1067 3347 1120 beatus
3384 1065 3579 1120 Paulus
3615 1067 3692 1135 (l.

2119 1145 2252 1200 Tim.
2269 1149 2448 1221 6.10),
2477 1158 2565 1220 qui
2598 1153 2828 1208 radicem
2844 1155 3078 1208 omnium
3097 1155 3355 1209 malorum
3377 1169 3496 1210 esse
3520 1158 3695 1210 avari-

2120 1239 2244 1292 tiam
2281 1241 2414 1294 dixit
2437 1260 2451 1297 :
2475 1253 2529 1297 et
2553 1252 2680 1298 ante
2705 1245 2875 1313 ipsum
2901 1244 3142 1303 Christus
3170 1245 3223 1300 id
3251 1245 3422 1315 ipsum
3448 1245 3693 1300 declara-

2118 1337 2268 1384 verat
2295 1329 2506 1401 (Matth.
2553 1331 2606 1387 6.
2648 1332 2778 1402 24),
2819 1349 3137 1390 asseverans
3164 1351 3270 1389 non
3299 1349 3420 1390 esse
3446 1335 3696 1405 possibile

2119 1420 2230 1475 Deo
2255 1424 2456 1479 servire
2479 1439 2601 1480 eum
2625 1467 2641 1491 ,
2671 1426 2760 1496 qui
2791 1427 2865 1481 illi
2890 1427 3078 1482 morbo
3099 1429 3344 1484 serviret.
3376 1427 3508 1482 Cum
3539 1427 3696 1498 igitur

2117 1511 2271 1566 initio
2290 1513 2503 1582 juvenis
2527 1516 2593 1571 ad
2621 1516 2760 1572 hanc
2795 1521 2974 1573 statim
3011 1519 3306 1574 adducatur
3343 1521 3650 1574 servitutem
3675 1559 3692 1583 ,

2118 1604 2330 1672 quando
2355 1605 2492 1661 liber
2516 1608 2738 1664 evadere
2770 1611 2994 1679 poterit,
3043 1609 3254 1680 quando
3287 1610 3503 1665 ï¬‚uctum
3534 1610 3696 1667 susti-

2120 1709 2269 1760 nere,
2293 1697 2543 1753 omnibus
2572 1700 2914 1768 pcllentibus,
2945 1702 3196 1757 omnibus
3222 1701 3653 1771 immergentibus
3675 1740 3692 1766 ,

2118 1793 2174 1839 et
2198 1785 2250 1839 in
2280 1796 2536 1842 extremm
2562 1789 2947 1846 submersionis
2971 1793 3344 1848 necessitatem
3367 1792 3536 1862 ipsum
3562 1807 3693 1846 con-

2118 1877 2505 1933 stituentibus?
2549 1879 2680 1934 Nam
2718 1881 2799 1948 si,
2839 1883 2986 1937 nullo
3014 1884 3356 1952 perturbante
3378 1925 3394 1950 ,
3437 1884 3482 1937 si
3516 1883 3696 1938 multis

2117 1981 2334 2020 manum
2359 1969 2771 2040 porrigentibus,
2803 1987 3076 2043 emergere
3110 1975 3278 2044 possit
3310 1989 3373 2028 ac
3396 1974 3693 2043 respicere.

2117 2058 2474 2130 vitiorumque
2492 2063 2812 2133 salsuginem
2830 2065 3071 2131 abluere,
3092 2080 3267 2119 annon
3287 2065 3519 2135 optabile
3537 2063 3692 2118 illud?

2116 2148 2195 2212 si,
2224 2149 2466 2220 inquam,
2498 2152 2657 2224 longo
2678 2163 2918 2226 tempore
2944 2155 3136 2210 divinis
3162 2165 3473 2212 excantatus
3499 2154 3696 2209 carmi-

2120 2238 2313 2305 nibus,
2371 2241 2666 2298 incidentes
2712 2246 2930 2300 morbos
2982 2247 3151 2316 possit
3197 2246 3462 2315 abjicere,
3517 2257 3694 2300 nonne

2115 2327 2456 2398 laudandus,
2514 2346 2694 2389 nonne
2747 2335 2943 2390 millies
2991 2335 3328 2390 coronandus
3379 2336 3504 2406 est?
3555 2336 3692 2389 Dura

2116 2418 2314 2487 quippe
2365 2429 2447 2474 est
2502 2423 2873 2491 consuetudo,
2940 2425 3074 2479 dura
3139 2433 3194 2479 et
3255 2425 3322 2478 ad
3380 2425 3692 2479 viucendam

2117 2511 2536 2582 capiendamque
2579 2516 2808 2568 animam
2852 2524 3191 2585 comparata,
3231 2529 3350 2569 cum
3398 2515 3693 2585 prtcsertim

2118 2603 2235 2658 hare
2271 2607 2594 2676 voluptatem
2631 2607 2949 2676 adjutricem
2981 2608 3190 2671 habeat,
3224 2609 3310 2662 illa
3339 2623 3466 2661 vero
3493 2605 3692 2668 virtus,

2116 2692 2181 2756 ad
2205 2711 2362 2762 quam
2391 2695 2724 2762 festinamus,
2755 2713 2911 2767 quam
2935 2698 3193 2768 attingere
3218 2697 3492 2752 Studemus
3511 2737 3526 2760 ,
3555 2696 3694 2748 ntul-

2119 2795 2200 2844 tos
2227 2786 2378 2841 nobis
2409 2787 2580 2856 pariat
2606 2788 2836 2844 labores.
2860 2787 3062 2843 Idcirco
3084 2788 3245 2854 Deus,
3277 2788 3535 2853 Hebraeis,
3561 2801 3696 2856 quos

2117 2877 2396 2944 Oportebat
2435 2878 2685 2933 vitiorum
2740 2887 2976 2935 veterem
3026 2877 3462 2933 consuetudinem
3525 2877 3695 2946 depo-

2115 2983 2265 3032 nere,
2289 2983 2407 3038 qutc
2433 2984 2626 3039 nempe
2653 2971 2706 3024 in
2735 2967 2970 3041 Egypto
2991 2969 3305 3034 didicerant,
3342 2968 3565 3023 seorsim
3595 2968 3696 3020 ab-

2113 3057 2290 3116 ductis
2319 3060 2373 3113 in
2401 3059 2739 3116 solitudinem
2758 3101 2774 3127 ,
2805 3070 2859 3115 et
2881 3075 2912 3114 a
2951 3059 3353 3130 corruptoribus
3381 3059 3566 3128 procul
3611 3072 3697 3112 se-

2113 3153 2364 3221 gregatis,
2416 3151 2468 3206 in
2515 3152 2730 3206 deserto
2771 3167 2871 3206 ceu
2919 3152 2974 3206 in
3020 3151 3251 3221 quodam
3301 3150 3624 3204 monasterio
3674 3151 3692 3182 â¸

2113 3259 2299 3300 eorum
2340 3243 2649 3300 instituebat
2689 3245 2921 3308 animos,
2968 3244 3110 3297 viam
3153 3258 3368 3297 omnem
3413 3242 3694 3297 medicinm

2115 3343 2345 3399 tentans,
2392 3344 2502 3388 tum
2548 3337 2891 3404 asperiorem,
2944 3344 3054 3388 tum
3098 3333 3414 3399 dulciorem,
3457 3332 3695 3401 nihilque

2113 3433 2258 3478 retro
2273 3426 2580 3495 relinquens
2600 3441 2806 3492 eorum,
2824 3442 2942 3496 quae
2963 3425 3028 3480 ad
3045 3425 3400 3481 valetudinem
3419 3424 3692 3494 profutura

2113 3526 2316 3572 essent.
2345 3517 2532 3588 Neque
2570 3519 2648 3573 sic
2676 3527 2852 3574 tamen
2874 3534 2904 3572 a
2933 3519 3166 3589 nequitia
3197 3517 3567 3580 desciverunt,
3599 3515 3692 3570 sed

2113 3623 2234 3665 cum
2274 3625 2466 3668 manna
2505 3626 2684 3680 cepas,
2722 3612 2881 3678 allia,
2913 3621 3215 3681 cmteraque
3256 3611 3436 3665 omnia
3475 3608 3694 3678 Egypti

2113 3702 2254 3756 mala
2281 3703 2640 3772 requirebant.
2673 3702 2902 3758 Tantum
2948 3703 3146 3757 malum
3191 3712 3275 3757 est
3319 3699 3687 3756 consuetudo!

2112 3795 2314 3850 Deinde
2338 3795 2510 3852 Judtei
2537 3803 2683 3851 tanta
2705 3796 2800 3850 Dei
2823 3810 2948 3850 cura
2973 3796 3232 3858 fruentes,
3265 3804 3372 3848 tam
3401 3791 3613 3863 egregio
3640 3799 3696 3843 et

2112 3901 2372 3957 generoso
2394 3887 2645 3957 magistro
2669 3888 2769 3952 usi,
2789 3896 2844 3942 et
2867 3888 3056 3941 timore
3081 3895 3136 3940 et
3161 3885 3335 3951 minis,
3359 3894 3415 3939 et
3435 3883 3695 3939 beneficio

2111 3989 2166 4034 et
2193 3980 2453 4050 supplicio
2476 3980 2543 4034 ad
2567 3995 2780 4034 omnem
2810 3980 3024 4034 modum
3057 3979 3321 4042 instituti,
3363 3987 3440 4030 tot
3461 3991 3692 4044 conspe-

2111 4072 2210 4124 ctis
2227 4071 2508 4141 prodigiis,
2527 4087 2634 4126 non
2652 4073 2719 4127 ad
2737 4073 3008 4127 meliorem
3026 4087 3084 4127 se
3109 4071 3311 4141 frugem
3335 4077 3650 4138 receperunt
3674 4084 3690 4121 :

2112 4169 2167 4216 tu
2194 4177 2322 4218 vero
2352 4163 2518 4217 filium
2546 4173 2694 4218 tuum
2721 4165 3112 4220 adolescentem
3154 4165 3207 4219 in
3237 4164 3412 4218 media
3443 4163 3691 4234 Egypto,

2111 4253 2220 4306 imo
2241 4255 2291 4306 iu
2317 4255 2508 4308 mediis
2533 4255 2730 4309 diaboli
2777 4257 2967 4310 castris
2994 4265 3321 4319 versantem,
3363 4255 3692 4324 nullumque,

2109 4342 2200 4411 qui
2247 4342 2388 4412 quod
2432 4343 2562 4399 utile
2603 4345 2671 4399 sit
2713 4346 2991 4399 consilium
3038 4346 3148 4410 det,
3202 4346 3526 4409 audientem,
3580 4360 3695 4397 omo

2111 4449 2314 4504 nosque
2337 4449 2396 4489 se
2421 4434 2490 4489 ad
2516 4439 2783 4490 contraria
2804 4436 3061 4491 ducentes
3087 4436 3376 4501 videntem,
3401 4435 3695 4503 imprimis-

2109 4541 2214 4595 que
2243 4535 2490 4595 parentes
2518 4536 2572 4580 et
2600 4526 2884 4581 eductores
2908 4539 3070 4589 suos,
3101 4535 3256 4594 putas
3309 4540 3466 4594 posse
3493 4524 3696 4579 diaboli

2113 4617 2331 4688 laqueos
2355 4617 2628 4688 eï¬‚â€˜ugere?
2652 4615 2826 4684 Unde,
2856 4616 3072 4685 quaeso?
3099 4632 3222 4670 num
3247 4632 3313 4670 ex
3343 4615 3696 4670 hortamentis

2115 4710 2218 4763 tuis
2241 4709 2264 4760 ?
2289 4708 2446 4777 Atqui
2471 4717 2526 4762 tu
2557 4708 2623 4762 ad
2651 4708 2918 4762 contraria
2961 4721 3181 4769 evocas,
3211 4721 3278 4761 ne
3308 4721 3402 4775 per
3427 4707 3694 4760 somnium

2111 4800 2327 4869 quidem
2357 4814 2476 4854 eum
2503 4799 2855 4868 philosophiae
2890 4797 3200 4853 meminisse
3241 4795 3568 4860 concedens;
3600 4797 3695 4851 sed

2114 4892 2241 4946 dum
2288 4891 2428 4946 hanc
2470 4891 2635 4945 vitam
2681 4890 2903 4960 ejusque
2945 4889 3226 4946 commoda
3275 4888 3416 4948 uitro
3457 4887 3700 4956 citroque

2111 4999 2292 5040 versas
2313 5024 2329 5049 ,
2362 4985 2412 5038 in
2444 4983 2768 5039 decumanos
2795 4984 2943 5038 illum
2982 4982 3322 5051 majoresque
3348 4980 3542 5035 ï¬‚uctus
3566 4993 3697 5033 con-

2107 5077 2249 5147 jicis.
2279 5075 2414 5131 Num
2455 5091 2523 5132 ex
2545 5074 2874 5146 semetipso?
2899 5073 3150 5129 Profecto
3187 5073 3401 5140 juvenis
3444 5086 3551 5126 non
3595 5069 3694 5124 sibi

2112 5170 2210 5240 ipsi
2239 5170 2370 5224 satis
2412 5178 2495 5224 est
2521 5169 2588 5222 ad
2618 5169 2867 5223 virtutem
2904 5165 3258 5222 exercendam
3290 5182 3305 5219 :
3346 5163 3442 5219 sed
3484 5162 3694 5218 etiamsi

2111 5260 2239 5330 quid
2273 5276 2336 5315 ex
2367 5262 2546 5331 seipso
2573 5268 2848 5315 strenuum
2875 5257 3076 5328 pariat,
3105 5266 3388 5326 antequam
3416 5253 3466 5308 id
3495 5253 3696 5324 germi.

2112 5361 2225 5414 net,
2271 5351 2487 5407 assiduo
2529 5351 2812 5406 verborum
2853 5357 3064 5403 tuorum
3109 5347 3282 5402 imbre
3325 5343 3689 5400 suffocabitur.

2112 5443 2567 5510 Quemadmodum
2593 5444 2735 5499 enim
2777 5456 2999 5511 corpus,
3030 5439 3174 5511 quod
3199 5439 3516 5494 salutaribus
3558 5436 3692 5490 cibis

2113 5550 2223 5590 non
2253 5535 2458 5602 fruitur,
2484 5535 2578 5590 sed
2608 5533 2965 5590 insalubribus
2987 5531 3163 5601 alitur,
3192 5545 3260 5586 ne
3289 5544 3452 5602 parvo
3475 5527 3686 5599 quidem

2176 5733 2196 5769 Â¹
2229 5735 2402 5796 verba,
2425 5734 2476 5784 in
2507 5732 2713 5794 deserto,
2751 5733 2802 5782 tn
2832 5727 2997 5781 Morel.
3018 5727 3124 5780 solo
3142 5725 3341 5777 desunt.
