4124 6144
401 311 507 368 559

402 431 646 494 tempore
674 421 965 478 subsistere
997 421 1170 489 valet,
1199 422 1277 476 sic
1301 435 1402 476 nec
1425 422 1600 476 anima
1639 419 1722 475 his
1752 421 1986 476 instituta

405 519 462 567 et
502 512 726 580 imbuta,
755 521 1030 567 strenuum
1069 511 1195 581 quid
1223 519 1316 565 aut
1339 526 1587 581 magnum
1628 513 1861 580 cogitare
1893 525 1990 580 po-

407 605 553 669 terit,
587 603 678 656 sed
716 617 935 657 necesse
964 612 1047 656 est
1071 617 1186 655 eam
1217 609 1272 656 et
1317 600 1617 670 languidam
1662 608 1717 654 et
1745 600 1988 661 mollem,

411 697 770 765 uequitiaceu
800 694 1028 764 quadam
1058 703 1206 763 peste
1231 692 1446 747 assidue
1471 692 1762 757 detentam,
1794 692 1871 746 sic
1899 691 1994 746 de-

413 801 556 855 pmm
589 786 638 837 in
665 784 962 854 gehennam
990 795 1043 837 ct
1068 785 1118 838 in
1147 784 1434 853 perniciem
1462 782 1638 852 dejici.

486 877 536 927 7.
566 873 809 929 Parentes
855 891 991 946 stupe
1016 875 1321 929 contrariam
1349 873 1648 943 evangelicae
1675 873 1993 941 disciplinam

414 967 537 1038 ﬁliis
565 968 791 1021 tradunt.
818 997 892 1010 -—
919 968 1012 1022 Sin
1039 977 1093 1022 tu
1120 968 1266 1023 dicas
1284 1009 1300 1033 ,
1323 985 1428 1024 non
1455 968 1525 1022 ita
1551 983 1610 1023 se
1631 983 1744 1022 rem
1775 967 1992 1022 habere.

418 1074 684 1130 posseque
713 1059 766 1113 in
793 1060 976 1114 medio
1004 1076 1180 1115 rerum
1212 1069 1512 1116 versantem
1551 1060 1801 1113 virtutem
1841 1073 1998 1112 exer-

418 1166 544 1206 cere
572 1167 806 1214 omnem,
839 1167 1009 1222 neque
1035 1152 1223 1207 ludens
1251 1151 1345 1207 sed
1373 1153 1514 1208 serio
1540 1153 1609 1206 ita
1642 1151 1901 1223 loquaris,
1933 1166 1998 1205 ne

420 1252 494 1307 te,
520 1258 734 1313 quaeso,
789 1243 1128 1314 pigeatdtanc
1153 1260 1343 1298 novam
1389 1259 1486 1298 nos
1524 1256 1681 1314 atque
1709 1243 1996 1298 inauditam

420 1332 617 1388 docere
640 1333 977 1403 disciplinam
1003 1353 1016 1388 :
1043 1350 1212 1406 neque
1229 1337 1372 1389 enim
1401 1335 1555 1388 velim
1575 1343 1777 1388 temere
1797 1341 1999 1387 tantum

425 1425 553 1478 mihi
602 1426 799 1494 negotii
841 1441 1148 1489 assumere,
1179 1442 1352 1496 neque
1378 1435 1452 1480 tot
1480 1425 1635 1480 bonis
1679 1424 1872 1479 fruStra
1915 1439 2002 1478 ca-

426 1531 564 1569 rere.
599 1515 789 1570 Vcrum
816 1517 869 1570 id
893 1517 1133 1572 ediscere
1167 1518 1481 1572 nullatenus
1511 1531 1756 1586 possum;
1781 1515 1831 1569 id
1860 1515 2002 1570 enim

425 1621 530 1659 non
564 1607 868 1678 permittitis
889 1622 985 1662 vos
1013 1627 1026 1662 :
1048 1617 1205 1679 atque
1226 1607 1350 1661 huic
1376 1607 1652 1661 sententiae
1677 1615 1732 1660 et
1749 1605 1930 1659 verbis
1950 1613 2005 1659 et

425 1699 590 1768 gestis
620 1700 954 1769 repugnatis,
983 1708 1038 1754 et
1063 1699 1325 1752 contraria
1363 1697 1567 1752 docetis
1595 1713 1611 1752 :
1653 1695 1913 1765 siquidem
1943 1709 2007 1750 ac

428 1791 470 1842 si
502 1789 674 1844 dedita
697 1805 857 1859 opera
879 1789 1016 1844 filios
1069 1789 1291 1860 perdere
1312 1788 1588 1853 studeatis,
1613 1787 1691 1841 sic
1711 1787 1802 1840 illa
1829 1785 2005 1840 omnia

429 1882 712 1950 praecipitis
740 1882 816 1935 eis
836 1923 850 1945 ,
877 1897 997 1951 quae
1039 1881 1127 1950 qui
1159 1891 1526 1951 exsequuntur
1563 1881 1788 1935 salutem
1819 1894 2009 1933 conse-

431 1970 520 2038 qui
551 1986 653 2023 non
688 1977 927 2039 possunt.
976 1971 1109 2025 Rem
1141 1971 1311 2024 altius.
1338 1971 1636 2026 considera.
1679 1969 1786 2034 Vae,
1817 1969 2007 2039 inquit.

431 2061 709 2114 ridentibus
749 2060 902 2131 (Luc.
955 2062 1006 2116 6.
1049 2061 1137 2116 24.
1180 2071 1229 2116 et
1273 2061 1469 2132 seqq.);
1515 2076 1612 2114 vos
1653 2072 1829 2114 autent
1882 2060 2011 2128 ipsis

433 2154 626 2206 multas
675 2154 923 2222 praebetis
963 2153 1165 2208 ridendi
1205 2155 1515 2208 occasiones
1556 2171 1569 2206 :
1610 2151 1698 2206 Va:
1739 2152 2012 2216 divitibus;

432 2258 530 2297 vos
558 2258 686 2298 vero
715 2254 771 2297 ut
798 2244 1072 2314 pecuniosi
1103 2243 1210 2298 sint
1234 2253 1423 2298 cuncta
1456 2242 1711 2297 molimiui
1739 2259 1752 2296 :
1793 2240 1879 2296 ινιτ
1901 2257 2013 2294 cum

434 2334 775 2386 benedixeriut
803 2332 942 2387 vobis
980 2350 1150 2388 omnes
1178 2334 1438 2399 homines;
1465 2347 1561 2388 vos
1589 2343 1764 2386 autem
1796 2346 1892 2400 pro
1919 2345 2017 2400 po-

437 2425 604 2493 pulari
631 2440 757 2477 aura
787 2424 1063 2480 facultates
1086 2441 1227 2495 sarpe
1252 2440 1440 2480 omnes
1467 2425 1756 2480 ell'uuditis.
1784 2424 2014 2479 Rursum

437 2515 506 2580 is,
533 2518 621 2584 qui
641 2515 800 2570 fratri
824 2517 1215 2572 contumeliam
1246 2515 1439 2580 infert,
1476 2531 1600 2570 reus
1627 2525 1709 2572 est
1729 2515 2014 2584 gehennae,

439 2621 639 2674 vosque
681 2616 856 2660 tamen
895 2617 952 2660 et
977 2607 1273 2662 imbecillos
1317 2616 1372 2661 et
1401 2596 1629 2660 timidos
1653 2620 1773 2660 esse
1823 2606 2018 2675 putatis

439 2709 555 2761 eos,
585 2695 671 2764 qui
703 2697 861 2750 tacite
885 2696 1056 2750 illatas
1081 2696 1180 2751 sibi
1207 2697 1276 2749 ab
1301 2697 1419 2750 aliis
1443 2696 1796 2750 contumelias
1823 2695 2016 2750 lerunt.

440 2785 596 2842 Jubet
623 2787 864 2841 Christus
889 2803 1088 2857 pugnas
1113 2797 1171 2843 et
1189 2789 1306 2842 lites
1326 2797 1699 2851 contemnere;
1719 2803 1814 2843 vos
1843 2797 2018 2840 autem

445 2878 563 2932 illos
587 2878 638 2931 in
668 2878 750 2932 his
773 2893 988 2949 semper
1009 2878 1162 2932 malis
1179 2879 1384 2932 «versari
1417 2879 1633 2933 curatis.
1662 2878 1883 2932 Oculum
1908 2878 2017 2941 ille,

444 2968 490 3021 si
535 2979 743 3032 noceat,
794 2983 985 3022 eruere
1027 2983 1170 3038 saepe
1203 2967 1386 3038 jubet;
1420 2978 1473 3021 at
1517 2981 1612 3021 vos
1654 2981 1749 3021 eos
1792 2968 2021 3021 maxime

447 3059 596 3113 vobis
621 3060 918 3114 conciliatis
955 3061 1185 3125 amicos,
1226 3060 1314 3130 qui
1355 3061 1560 3129 possint
1604 3059 1852 3128 pecunias
1879 3075 2019 3128 pra:-

449 3148 608 3216 bere,
645 3150 854 3204 etiamsi
884 3160 1176 3205 extremam
1208 3149 1495 3220 nequitiam
1517 3149 1763 3204 doceant.
1787 3149 2020 3204 Uxorem

447 3247 728 3320 repudiare
751 3261 853 3301 non
879 3246 1156 3316 permittit,
1183 3255 1540 3318 prmterquam
1572 3243 1623 3297 in
1645 3245 1755 3298 sola
1777 3243 2021 3298 adulterii

447 3354 642 3404 causa;
671 3346 726 3392 at
763 3353 858 3392 vos
899 3339 1023 3392 dum
1071 3337 1321 3407 pecunias
1371 3337 1648 3406 acquirere
1692 3336 1873 3400 liceat,
1922 3333 2026 3390 hoc

453 3440 773 3499 prmeeptum
799 3428 1074 3498 despicere
1095 3429 1317 3483 docetis.
1341 3426 1718 3497 Jusjurandum
1736 3435 1879 3480 vetat
1905 3441 2024 3480 om-

452 3538 551 3587 ne;
583 3537 681 3576 Vos
718 3521 763 3575 si
787 3537 944 3590 quem
979 3521 1027 3575 id
1056 3536 1271 3576 servare
1313 3521 1553 3576 videritis
1573 3561 1588 3584 ,
1618 3522 1777 3574 etiam
1819 3520 2024 3575 ridetis.

452 3613 553 3679 Qui
586 3622 743 3676 autat,
786 3612 974 3683 inquit,
1017 3613 1237 3664 anintant
1271 3629 1439 3677 suam,
1488 3613 1658 3682 perdet
1698 3629 1809 3665 eam
1850 3611 2026 3683 (Joan.

453 3704 542 3760 12.
571 3702 664 3774 25)
689 3719 704 3765 ;
736 3719 828 3756 vos
849 3704 913 3756 ad
949 3704 1087 3758 hunc
1111 3719 1346 3758 amorem
1377 3704 1495 3758 illos
1522 3719 1733 3773 semper
1756 3703 2025 3758 inducitis.

450 3792 516 3846 Si
545 3808 645 3846 non
680 3792 992 3856 remiseritis,
1026 3793 1196 3862 inquit
1217 3834 1232 3857 ,
1273 3793 1554 3846 hominibus
1599 3804 1835 3863 peccata,
1873 3811 2032 3857 neque

442 3882 590 3935 nobis
613 3883 830 3935 remitte:
855 3878 1008 3935 Pater
1035 3892 1192 3936 uester
1217 3883 1430 3936 crrlestis
1460 3882 1669 3952 (Matth.
1700 3885 1752 3938 6.
1787 3885 1906 3953 HL);
1935 3900 2030 3938 vos

455 3973 563 4029 illis
607 3975 968 4044 exprobratis,
996 3990 1116 4029 cum
1171 3989 1285 4039 eos,
1314 3975 1401 4043 qui
1433 3990 1492 4029 se
1536 3975 1792 4040 lmserint,
1846 3977 2028 4031 ulcisci

455 4067 670 4132 uolunt;
700 4078 862 4137 utque
885 4068 936 4122 id
962 4077 1166 4122 mature
1192 4077 1444 4136 prtestare
1487 4068 1687 4136 possint
1731 4069 1846 4122 illos
1875 4070 2031 4124 iusti-

457 4159 625 4214 tuitis.
675 4159 872 4214 Gloria:
913 4159 1136 4227 cupidos
1179 4159 1356 4212 omnia
1404 4158 1600 4212 frustra
1643 4175 1801 4230 agere
1853 4160 2034 4214 docuit

456 4247 721 4316 Christus,
751 4249 864 4302 sive
896 4249 968 4302 illi
1009 4249 1393 4317 jejunavcrint,
1427 4251 1544 4303 sive
1583 4251 1851 4305 oraveriut
1872 4291 1886 4313 ,
1914 4251 2033 4306 sive

462 4340 660 4396 miscrti
689 4339 914 4404 fuerint;
937 4349 992 4394 at
1015 4355 1110 4394 vos
1138 4351 1194 4393 ιιι
1225 4341 1366 4394 illam
1393 4351 1745 4410 assequamur
1772 4343 1899 4396 nihil
1928 4359 2032 4396 non

457 4434 630 4503 agitis.
665 4433 862 4503 Ecquid
894 4447 1027 4500 opus
1056 4433 1231 4486 omnia
1274 4432 1540 4502 persequi,
1569 4447 1689 4486 cum
1728 4447 1885 4501 supra
1919 4449 2030 4486 meo

459 4535 662 4582 morata
686 4527 994 4580 innumeras
1009 4525 1280 4595 gehennas
1303 4521 1501 4579 inferre
1519 4525 1742 4592 possint;
1763 4539 1859 4578 nec
1878 4523 2037 4577 modo

459 4618 637 4674 omnia
677 4617 856 4682 simul,
902 4617 994 4671 sed
1035 4631 1277 4672 seorsum
1317 4615 1561 4683 singula?
1605 4618 1673 4669 At
1717 4630 1812 4669 vos
1859 4616 2034 4668 omnia

461 4709 617 4764 simul
642 4719 915 4778 congesta,
947 4717 1002 4765 et
1029 4706 1366 4762 intolerabile
1395 4715 1736 4775 peccatorum
1769 4721 1905 4758 onus
1933 4707 2035 4757 im-

463 4807 755 4867 ponentes,
785 4799 862 4851 sic
889 4799 938 4850 in
971 4797 1186 4851 fluvium
1236 4797 1448 4865 igneum
1481 4797 1786 4850 immittitis.
1818 4795 2040 4860 Quando

462 4886 686 4943 salutem
720 4887 950 4941 nancisci
992 4895 1239 4955 poterunt
1273 4895 1476 4939 tantam
1520 4886 1749 4941 ferentes
1791 4887 1924 4954 ignis
1949 4901 2038 4938 es-

463 4978 619 5032 cam?
645 4977 826 5042 Neque
870 4977 919 5030 id
947 4976 1280 5031 solummodo
1321 4993 1482 5046 grave
1513 4986 1627 5039 est,
1658 4976 1797 5046 quod
1846 4976 2040 5030 Christi

467 5068 746 5137 praeceptis
765 5068 1030 5121 contraria
1059 5065 1295 5120 doceatis
1314 5107 1327 5127 ,
1357 5067 1449 5120 sed
1481 5067 1620 5135 quod
1655 5068 1924 5135 prmclaris
1951 5083 2044 5136 ap-

469 5157 845 5227 pellationibus
867 5155 994 5210 vitia
1025 5156 1308 5225 obtegatis.
1343 5157 1706 5225 hippodromis
1727 5171 1789 5210 ac
1817 5158 2044 5212 theatris

463 5249 658 5319 jngiter
677 5249 938 5302 interesse
951 5247 1302 5304 urbanitatem
1317 5257 1587 5308 vocantes,
1609 5247 1818 5300 divitias
1833 5247 2046 5299 liberta-

469 5352 598 5401 tem,
617 5340 799 5404 gloria:
815 5354 1050 5394 amorem
1075 5340 1581 5408 magnanimitatem,
1602 5340 1958 5408 arrogantium
1979 5342 2046 5391 li-

467 5433 699 5496 duciam,
723 5432 1145 5503 prodigalitatem
1178 5431 1583 5493 hmnauitatem,
1605 5431 1912 5499 injustitiam
1932 5430 2045 5484 for-

470 5525 770 5582 titudinem.
797 5524 994 5580 Deinde
1019 5567 1033 5589 ,
1083 5523 1234 5593 quasi
1266 5522 1380 5576 haec
1405 5521 1613 5576 fallacia
1647 5537 1749 5574 non
1773 5519 1999 5575 sufficiat
2027 5560 2046 5583 ,

473 5621 718 5674 virtutem
745 5634 953 5688 quoque
982 5615 1266 5671 contrariis
1293 5613 1596 5669 nominibus
1625 5613 1826 5667 vocatis
1855 5651 1869 5676 ,
1914 5621 2047 5666 tem-

473 5713 766 5781 perantiam
793 5707 1118 5778 appellantes
1148 5707 1496 5761 rusticitatem
1517 5744 1532 5770 ,
1561 5703 1876 5758 modestiam
1907 5701 2047 5754 timi-

1111 307 1167 366 Β.
1207 306 1485 366 JOANNlS
1521 307 1990 365 CHRYSOSTOMI
2029 307 2342 366 ARClllEP.
2383 307 2920 367 CONSTANTINOP.

3559 313 3663 368 360

2095 422 2335 488 ditatem,
2358 422 2621 494 justitiam
2650 424 3088 487 imbecillitatem,
3112 432 3474 494 contemptum
3501 425 3663 481 fastus

2094 513 2340 568 servilem
2391 513 2668 579 animum,
2723 515 3029 584 iniuriarum
3072 515 3406 570 tolerantiam
3443 516 3667 570 inﬁrmi-

2096 612 2258 657 tatem
2286 622 2298 656 :
2350 620 2414 658 ac
2439 605 2482 658 si
2514 607 2761 660 metuatis
2810 623 2876 659 ne
2907 647 2923 671 ,
2955 607 2998 660 si
3037 607 3106 660 ab
3135 607 3251 660 aliis
3273 623 3451 660 veram
3483 609 3668 661 horum

2109 693 2502 762 ippellationem
2528 696 2791 749 audierint
2821 697 2909 748 lilii
2941 697 3100 750 vestri
3125 737 3140 762 ,
3171 699 3456 766 perniciem
3486 697 3671 768 hujus-

2098 783 2241 838 modi
2273 782 2492 853 fugiant.
2519 785 2697 853 Neque
2718 785 2857 839 enim
2883 801 3067 855 parum
3096 786 3304 840 confert
3334 787 3400 840 ad
3423 789 3671 841 vitiorum

2099 876 2430 930 aversioncm
2457 917 2472 939 ,
2498 879 2541 930 si
2571 878 2724 932 mulae
2746 888 2796 932 et
2818 881 3044 948 propria;
3079 893 3264 933 eorum
3294 879 3673 948 appellationes

2102 965 2468 1031 proferantur;
2512 968 2603 1022 sed
2634 979 2835 1023 tantum
2865 970 2913 1023 id
2939 970 3096 1023 habet
3125 971 3334 1024 roboris
3357 971 3422 1025 ad
3450 986 3679 1040 peccan-

2104 1057 2232 1109 tium
2273 1059 2480 1111 animos
2506 1059 2770 1114 feriendos
2800 1103 2814 1124 ,
2845 1071 2899 1114 ut
2922 1061 3162 1132 plerique
3190 1078 3332 1131 smpe
3361 1064 3677 1132 turpissimis

2105 1149 2338 1218 insignes
2362 1150 2501 1205 vitiis
2529 1192 2546 1218 ,
2577 1167 2633 1206 se
2661 1153 2727 1204 ita
2757 1155 2932 1208 vocari
2964 1171 3068 1208 non
3099 1155 3328 1209 libenter
3351 1155 3553 1219 ferant,
3585 1156 3678 1212 sed

2105 1240 2240 1294 adeo
2270 1242 2489 1296 saeviant
2513 1253 2567 1297 et
2590 1243 2929 1314 indignentur
2961 1287 2978 1311 ,
3009 1261 3071 1299 ae
3094 1246 3136 1299 si
3160 1247 3502 1302 acerbissima
3533 1257 3680 1316 pate-

2104 1343 2310 1389 rentur.
2339 1334 2395 1390 Si
2423 1337 2542 1404 quis
2566 1337 2916 1392 adulteratam
2948 1340 3261 1404 mulierem,
3304 1349 3358 1394 et
3386 1349 3680 1408 stupratum

2107 1439 2328 1495 puerum
2357 1442 2422 1482 ex
2452 1429 2754 1498 turpissimo
2775 1440 2894 1483 actu
2922 1432 3210 1498 vocaverit,
3232 1432 3683 1487 irreconeiliabilis

2109 1519 2340 1575 efficitur
2368 1521 2612 1575 inimicus
2641 1563 2655 1585 ,
2687 1530 2866 1590 utpote
2888 1524 2974 1592 qui
2999 1538 3188 1593 magna
3213 1523 3682 1592 affeceritiujuria.

2112 1611 2294 1680 Neque
2329 1613 2424 1665 hos
2465 1621 2667 1667 tantum
2695 1654 2710 1679 ,
2763 1613 2857 1667 sed
2899 1619 3056 1667 etiam
3089 1631 3340 1678 avarum,
3373 1615 3639 1668 ehriomm
3667 1654 3684 1679 ,

2112 1715 2450 1774 arrogantem
2481 1746 2496 1770 ,
2547 1705 2866 1775 demumque
2891 1722 3076 1760 omnes
3096 1707 3412 1776 gravissima
3438 1717 3688 1772 oneratos

2112 1797 2293 1851 videas
2321 1838 2338 1863 ,
2385 1812 2491 1851 non
2523 1805 2628 1851 tam
2651 1797 2717 1851 de
2747 1799 2861 1865 ipso
2891 1813 3052 1866 opere
3078 1839 3093 1862 ,
3139 1799 3383 1867 vulgique
3432 1799 3681 1868 opinione

2115 1889 2232 1958 angi
2259 1897 2306 1944 et
2335 1888 2536 1954 dolere,
2570 1904 2725 1957 qttam
2751 1889 2817 1942 de
2841 1886 3131 1942 bucinorum
3161 1887 3479 1942 nominibus
3501 1886 3690 1940 Multos

2118 1993 2278 2049 porro
2295 1981 2414 2034 novi
2435 1981 2533 2034 hoc
2553 1980 2862 2034 emendatos
2878 1980 3054 2043 modo,
3075 1979 3165 2050 qui
3181 1980 3479 2049 opprobriis
3508 1978 3691 2032 mode-

2119 2073 2342 2125 ratiores
2370 2081 2674 2126 evaserunt.
2701 2076 2766 2125 At
2794 2087 2886 2126 vos
2927 2074 3028 2126 hoc
3056 2071 3304 2126 solatium
3335 2079 3494 2140 atque
3525 2085 3696 2124 reme-

2119 2163 2264 2216 dium
2316 2163 2648 2218 sustulistis:
2701 2163 2947 2232 quodque
2986 2161 3200 2232 gravius
3226 2173 3328 2226 est,
3372 2179 3475 2214 non
3521 2160 3694 2214 verbis

2121 2257 2316 2319 solum,
2340 2257 2432 2311 sed
2459 2256 2706 2324 exemplo
2730 2271 2939 2326 quoque
2961 2264 3011 2309 et
3042 2270 3204 2324 opere
3232 2253 3343 2307 haec
3367 2254 3470 2306 illis
3497 2254 3695 2305 monita

2121 2346 2281 2413 datis,
2308 2347 2434 2400 dum
2464 2346 2606 2402 mdes
2624 2346 2929 2415 Splendidas
2955 2346 3262 2399 construitis
3289 2394 3306 2412 ,
3329 2360 3486 2413 agros
3523 2344 3699 2397 etnitis

2122 2439 2518 2510 pinguissimos,
2541 2438 2878 2507 reliquosque
2909 2438 3214 2508 magnilicos
3240 2445 3524 2506 apparatus
3554 2435 3700 2488 addi-

2125 2535 2190 2589 tis
2223 2575 2239 2599 ,
2291 2519 2616 2604 prorsusque
2636 2533 2796 2587 veluti
2818 2531 3043 2602 quadam
3069 2530 3259 2585 nebula
3283 2532 3490 2583 animos
3517 2543 3700 2582 eorum

2124 2625 2526 2680 obtenebratis.‘
2563 2623 2712 2678 Unde
2760 2624 2918 2693 igitur
2964 2623 3091 2675 mihi
3147 2621 3455 2691 persuaderi
3505 2619 3702 2689 poterit

2127 2731 2283 2786 posse
2321 2717 2441 2770 illos
2468 2713 2689 2768 salutem
2721 2713 3013 2782 consequi,
3045 2729 3164 2766 cum
3196 2713 3262 2767 ad
3288 2728 3352 2766 ea
3381 2711 3590 2766 evocari
3615 2710 3698 2762 vi-

2126 2809 2278 2863 deam
2303 2851 2318 2874 ,
2348 2825 2465 2878 qure
2490 2808 2576 2876 qui
2625 2807 2825 2861 faciunt
2862 2821 3078 2875 prorsus
3107 2805 3374 2876 perituros
3399 2819 3516 2857 esse
3547 2801 3704 2855 Chri-

2127 2908 2240 2952 stus
2285 2897 2612 2951 dcclaravit?
2655 2913 2774 2950 cum
2805 2896 3012 2950 videam
3056 2911 3150 2949 vos
3198 2895 3428 2947 animam
3477 2907 3659 2945 eorum
3685 2932 3702 2953 .

2127 2993 2277 3062 quasi
2311 2993 2531 3045 minoris
2579 2991 2732 3060 pretii
2781 2989 2984 3060 aliquid
3032 2989 3297 3058 negligere
3328 3029 3342 3051 ,
3401 2986 3487 3040 illa
3529 2994 3703 3038 autem

2129 3099 2246 3152 qure
2277 3099 2400 3136 vere
2425 3081 2691 3152 superﬂua
2717 3091 2839 3134 sunt
2867 3121 2880 3142 ,
2915 3081 3062 3149 quasi
3097 3079 3395 3132 neccSraria
3426 3085 3481 3129 et
3517 3074 3706 3144 praeci-

2130 3191 2235 3246 pua
2258 3175 2488 3230 curare?
2514 3174 2750 3244 Namque
2787 3182 2844 3226 ttt
2870 3189 3054 3226 servus
3085 3213 3099 3236 ,
3131 3181 3191 3225 ut
3215 3185 3382 3239 equus
3414 3213 3425 3234 ,
3460 3181 3514 3221 ut
3541 3167 3705 3221 vesti-

2133 3279 2370 3322 mentum
2401 3265 2814 3336 pulclterrimum
2847 3264 2956 3318 lilio
2977 3264 3066 3328 sit,
3099 3263 3279 3316 omnia
3304 3261 3507 3325 facitis;
3538 3271 3592 3312 ut
3614 3275 3707 3311 att-

2133 3373 2237 3416 tem
2261 3361 2372 3428 ipse
2387 3360 2583 3428 probus
2604 3359 2692 3421 sit,
2717 3373 2782 3412 ne
2800 3357 3032 3427 cogitare
3054 3355 3264 3425 quidem
3287 3355 3474 3408 vultis:
3496 3368 3558 3406 ac
3586 3367 3704 3406 cmn

2133 3453 2199 3508 ad
2227 3454 2464 3524 lignum,
2493 3451 2556 3505 ad
2601 3451 2827 3519 lapidem
2874 3449 2977 3503 hoc
3019 3449 3250 3502 studium
3303 3448 3317 3478 ¹
3356 3445 3654 3500 extendatis
3687 3483 3702 3504 ,

2133 3545 2364 3598 animam
2407 3559 2473 3597 ne
2517 3542 2733 3596 minima
2782 3540 2999 3610 quidem
3040 3537 3414 3594 sollicitudinis
3443 3548 3588 3606 parte
3621 3535 3705 3588 di-

2133 3653 2292 3710 gnam
2321 3635 2590 3705 judicatis.
2620 3633 2724 3688 Sed
2753 3643 2806 3686 ut
2834 3641 3003 3686 statua
3033 3629 3274 3700 qumdam
3309 3631 3359 3683 in
3391 3630 3594 3683 mdibus
3614 3627 3711 3682 ad-

2136 3729 2376 3784 miranda
2397 3727 2648 3796 erigatur,
2667 3732 2858 3778 tectum
2879 3724 2949 3776 sit
2969 3736 3215 3786 aureum,
3239 3721 3472 3774 laborem
3495 3734 3708 3774 omnem

2135 3819 2436 3888 suscipitis:
2467 3816 2702 3870 omnium
2731 3822 3023 3868 statuarum
3053 3811 3430 3880 pretiosissima
3453 3812 3626 3862 anima
3651 3819 3713 3863 ut

2137 3925 2295 3965 aurea
2317 3909 2606 3970 efficiatur,
2636 3907 2834 3960 nullam
2865 3917 3046 3958 curam
3070 3917 3259 3972 gerere
3289 3900 3470 3953 vultis.

2209 4005 2262 4058 8.
2297 4001 2361 4057 In
2389 4001 2637 4072 nefarium
2679 3998 3044 4054 Sodontiticum
3066 3995 3228 4050 scelus
3265 3993 3512 4046 inuehitur
3535 4034 3550 4056 ,
3579 3992 3712 4062 quod

2138 4106 2256 4150 tunc
2277 4098 2493 4149 maxime
2520 4091 2788 4146 obtinebat.
2809 4088 2996 4143 --Scd
3022 4087 3254 4142 nondum
3280 4083 3540 4138 malorum
3565 4084 3708 4137 colo-
3775 4079 3792 4093 '

2141 4189 2371 4257 phonem
2394 4185 2520 4245 dixi,
2543 4199 2639 4237 nec
2659 4181 2975 4236 calamitatis
2995 4189 3153 4247 caput
3173 4177 3346 4231 detexi
3367 4193 3382 4239 ;
3407 4175 3544 4242 quod
3573 4190 3711 4241 smpe

2139 4280 2317 4336 dicere
2343 4291 2624 4346 aggressus
2648 4274 2854 4332 erubui,
2885 4288 3025 4341 sa-pe
3048 4287 3154 4341 prm
3179 4269 3377 4340 pudore
3393 4269 3591 4322 destiti.
3621 4266 3713 4320 Ec-

2141 4370 2264 4439 quid
2289 4368 2414 4421 illud
2441 4367 2562 4421 est?
2601 4365 2898 4418 audendum
2921 4363 3061 4417 enim
3086 4363 3193 4430 jam
3223 4371 3276 4416 et
3304 4359 3581 4414 dicendum
3609 4370 3707 4412 est.

2142 4463 2342 4533 Magnae
2369 4461 2561 4530 quippe
2592 4460 2812 4529 ignaviae
2844 4458 2892 4511 id
2917 4468 3080 4522 esset,
3100 4457 3140 4508 si
3172 4455 3295 4524 quid
3328 4454 3450 4508 mali
3474 4467 3712 4507 resecare

2143 4555 2416 4622 cupientes
2445 4592 2460 4616 ,
2493 4567 2558 4606 ne
2590 4550 2780 4604 mutire
2815 4549 3029 4618 quidem
3055 4561 3216 4614 super
3243 4545 3329 4597 illo
3356 4544 3672 4597 auderemus
3695 4582 3709 4604 .

2144 4663 2207 4702 ac
2235 4649 2277 4702 si
2325 4646 2590 4700 silentium
2635 4642 3000 4711 mgritndiuem
3030 4640 3168 4692 ultro
3205 4647 3513 4692 sanaturum
3555 4641 3712 4688 esset.

2147 4738 2222 4793 Ne
2249 4749 2519 4791 taceamus
2549 4735 2726 4804 igitur,
2745 4733 2948 4785 etiamsi
2973 4729 3165 4783 millies
3190 4725 3607 4782 erubescendum
3627 4724 3713 4777 sit.

2147 4832 2327 4902 Neque
2354 4831 2495 4885 enim
2525 4828 2760 4881 medicus
2782 4841 2900 4879 cum
2917 4821 3266 4892 abstergenda
3287 4819 3512 4888 putredo
3539 4816 3713 4880 fuerit,

2151 4925 2347 4979 ferrum
2377 4923 2616 4984 arripere
2639 4917 2902 4972 dubitabit
2928 4956 2942 4981 ,
2973 4923 3025 4970 et
3045 4913 3111 4968 ad
3139 4914 3309 4981 ipsum
3336 4909 3573 4965 vulneris
3599 4907 3716 4961 fun-

2149 5017 2272 5069 dum
2286 5015 2476 5084 digitos
2499 5011 2808 5064 immittere.
2836 5007 2946 5061 Nec
2975 5021 3072 5059 nos
3096 5003 3256 5072 igitur
3283 5001 3351 5056 de
3381 5001 3529 5053 hisce
3559 4997 3714 5053 verba

2152 5108 2324 5161 facere.
2366 5102 2727 5158 recusabimus
2758 5139 2774 5165 ,
2804 5106 3288 5167 quantumcumque
3342 5091 3614 5144 molestior
3653 5088 3718 5140 sit

2152 5199 2396 5270 putredo.
2426 5195 2574 5263 Quod
2607 5209 2734 5264 ergo
2764 5191 2977 5245 tandem
3007 5187 3143 5243 istud
3180 5184 3376 5239 malum
3421 5182 3538 5238 eSt?
3563 5185 3718 5233 Amor

2151 5291 2363 5362 quidam
2395 5303 2563 5341 novus
2592 5300 2654 5338 ac
2683 5283 3041 5354 nequissimus
3093 5280 3144 5333 in
3188 5287 3427 5332 nostrum
3472 5273 3717 5327 saeculum

2153 5384 2345 5453 irrupit
2377 5399 2390 5436 :
2420 5380 2637 5437 morbus
2664 5375 2817 5431 irruit
2837 5373 3181 5444 gravissimus
3201 5380 3254 5424 et
3273 5365 3599 5428 incurabtlis,
3631 5377 3720 5430 pe-

2151 5471 2250 5532 stis
2275 5474 2510 5531 omnium
2542 5469 2766 5540 pestium
2792 5465 3082 5520 teterrima.
3113 5461 3316 5516 Novum
3360 5469 3415 5514 et
3440 5455 3723 5511 intolerans

2153 5570 2279 5624 dttm
2310 5567 2482 5622 scelus
2509 5564 2859 5633 excogitatum
2882 5555 3111 5613 est.Non
3144 5554 3283 5609 enim
3312 5553 3524 5619 scriptae
3545 5544 3721 5610 modo,

2219 5707 2234 5737 ι
2273 5703 2442 5757 verba.
2469 5699 2556 5748 hoc
2577 5695 2810 5752 studium,
2828 5695 2877 5744 in
2893 5689 3056 5744 Morel.
3075 5686 3178 5739 solo
3198 5687 3395 5738 desunt.
