4124 6144
409 465 827 540 παιδευομένην,
857 471 1103 537 γενναῖόν
1129 488 1182 525 τι
1203 471 1298 524 ml
1321 471 1464 541 μέγα
1491 470 1743 543 ἐννοῆσαί
1775 486 1931 535 ποτε,
1961 468 2081 523 ἀλλ’

412 553 625 623 ἀνάγκη
652 551 752 623 τὴν
776 551 1031 626 τοιαύτην
1082 554 1414 608 ἀσθενοῦσαν
1468 555 1563 609 ml
1621 553 2082 626 μαλακιζομένην,

416 634 666 706 καθάπερ
685 636 795 689 τινὶ
821 635 959 709 φθόῃ
989 639 1057 709 τῇ
1086 638 1257 710 κακίᾳ
1291 639 1652 710 συνεχομένην
1678 638 1962 711 διηνεκῶς,
1995 637 2088 691 οῦ-

410 736 520 784 τως
559 717 788 792 ὕστερον
843 723 925 784 εἰς
959 722 1060 793 τὴν
1110 722 1336 790 γέενναν
1389 722 1795 795 καταστρέψαι,
1848 722 1944 777 καὶ
1988 721 2087 794 τὴν

409 803 686 858 ἀπώλειαν
729 803 828 876 τὴν
865 806 998 859 ἐκεῖ.

482 888 551 951 ζ’.
577 889 640 941 Εἰ
660 888 717 942 δὲ
743 887 820 959 μὴ
843 888 949 959 φῂς
975 886 1147 942 ταῦτα
1180 878 1352 951 οὕτως
1368 887 1682 959 ἔχειν,ἀλλά
1704 887 1930 941 δυνατὸν
1949 883 2090 941 εἶναι

413 972 510 1026 καὶ
551 973 611 1027 έν
668 973 819 1044 μέσῳ
861 971 1227 1043 στρεφόμενον
1279 971 1457 1025 πάντα
1505 970 1874 1042 κατορθοῦντα
1920 983 1948 1013 ι
1988 970 2090 1041 τῆς

414 1056 637 1129 ἀρετῆς,
672 1057 767 1109 καὶ
796 1055 871 1127 μὴ
894 1055 1127 1120 παίζων,
1164 1055 1302 1109 ἀλλά
1337 1051 1651 1118 σπουδάζων
1671 1052 1890 1125 ἀληθῶς
1913 1053 2089 1108 ταῦτα

414 1137 615 1208 λέγεις.
670 1139 744 1212 μὴ
790 1141 1135 1213 κατοκνήσῃς
1174 1141 1321 1210 ἡμᾶς
1370 1138 1576 1204 διδάξαι
1613 1138 1674 1192 τὸ
1716 1138 1904 1193 καινὸν
1932 1137 2092 1192 τοῦτο

417 1225 512 1279 καὶ
542 1222 844 1293 παράδοξον
891 1220 1140 1293 μάθημα·
1172 1222 1291 1276 οὐδὲ
1338 1221 1449 1292 γάρ
1481 1220 1739 1292 βούλομαι
1788 1219 2092 1292 πράγματα

411 1306 538 1376 εἰκῆ
564 1304 805 1359 τοσαῦτα
831 1304 994 1375 ἔχειν,
1021 1305 1143 1359 οὐδὲ
1184 1304 1458 1368 τοσούτοις
1477 1305 1505 1344 ιι
1535 1303 1839 1375 ἀπέχεσθαι
1890 1302 2088 1374 μάτην.

426 1386 590 1441 Ἀλλά
613 1387 724 1460 γάρ
756 1388 817 1441 οὑ
849 1386 1085 1458 δύναμαι
1111 1386 1269 1441 τοῦτο
1297 1387 1506 1459 μαθεῖν⁸
1536 1386 1596 1441 οὐ
1623 1385 1733 1458 γάρ
1760 1387 1887 1440 ὲᾶτε
1913 1387 2090 1457 ὑμεῖς,

415 1472 510 1525 καὶ
543 1472 611 1524 δι’
644 1464 720 1523 ὧν
771 1469 962 1539 λέγετε
1000 1471 1095 1525 ml
1135 1470 1203 1525 δι’
1244 1463 1322 1525 ὧν
1354 1472 1558 1524 ποιεῖτε
1603 1467 2092 1538 ἀντιφθεγγόμενοι

415 1553 588 1628 ταύτῃ
608 1556 676 1625 τῇ
717 1554 904 1625 ψήφῳ,
938 1555 1031 1607 ml
1073 1554 1333 1608 τάναντία
1361 1551 1727 1618 παιδεύοντες·
1771 1550 1962 1624 ῶσπερ
1983 1551 2093 1624 γάρ

416 1639 729 1709 ἐξεπίτηδες
776 1636 1069 1691 ἀπολέσθαι
1115 1636 1508 1700 σπουδάζοντες
1553 1635 1680 1698 τοὺς
1713 1634 1884 1698 υἱοὺς,
1921 1632 2094 1698 οὕτως

418 1720 636 1774 ἄπαντα
666 1717 918 1772 κελεύετε
965 1720 1161 1781 ποιεῖν,
1191 1717 1227 1772 ἀ
1253 1719 1380 1782 τοὺς
1411 1716 1698 1778 ποιοῦντας
1726 1715 1963 1786 σωθῆναι
1994 1716 2095 1769 οὐκ

416 1802 517 1856 ενι.
540 1805 685 1874 Ὅρα
709 1801 765 1855 δὲ
802 1801 1030 1856 ἄνωθεν.
1068 1802 1213 1855 Οὐαί
1234 1844 1249 1869 ,
1286 1802 1440 1872 φησὶ,
1474 1801 1598 1867 τοῖς
1622 1798 1902 1870 γελῶσιν·
1938 1800 2095 1869 ὑμεῖς

415 1886 475 1941 δὲ
498 1885 699 1950 πολλάς
731 1886 915 1948 αὐτοῖς
945 1884 1211 1955 παρέχετε
1242 1885 1476 1953 γέλωτος
1509 1881 1784 1954 ἀφορμάς·
1804 1879 1951 1935 Οὐαί
1971 1880 2097 1946 τοῖς

418 1968 813 2026 πλουτοῦσιν·
833 1968 992 2039 ὑμεῖς
1010 1966 1067 2021 δὲ
1086 1969 1234 2031 ὅπως
1256 1986 1360 2040 χρη
1369 1968 1707 2040 ματίσαιντο,
1724 1966 1903 2020 πάντα
1923 1964 2096 2035 πράτ-

418 2069 560 2107 τετε·
585 2051 752 2115 Οὐαὶ,
795 2050 941 2105 ὅταν·
960 2051 1162 2117 καλῶς
1192 2051 1447 2106 είπωσιν
1472 2051 1629 2122 ὑμᾶς
1659 2050 1884 2117 πάντες
1911 2053 1967 2104 οὶ
1991 2049 2094 2103 ἆν-

418 2140 655 2206 θρωποι·
686 2136 844 2206 ὑμεῖς
877 2135 935 2188 δὲ
981 2138 1075 2189 καὶ
1099 2136 1287 2200 οὐσίας
1325 2136 1650 2208 ὁλοκλήρους
1679 2136 1821 2207 ὑπὲρ
1862 2134 1964 2204 τῆς
1985 2132 2094 2188 τῶν

416 2220 606 2291 δήμων
646 2219 922 2289 εὐφημίας
976 2218 1280 2274 ὲκενώσατε
1319 2219 1599 2282 πολλάκις.
1651 2219 1822 2273 Πάλιν
1851 2217 1909 2270 δὲ
1943 2218 1972 2271 ό
2003 2216 2095 2269 τὸν

417 2299 646 2369 ἀδελφὸν
674 2298 911 2370 ὑϐρίζων
938 2297 1237 2362 ὑπεύθυνός
1258 2300 1375 2352 ἐστι
1395 2302 1461 2370 τῇ
1491 2298 1706 2370 γεέννῃ·
1730 2298 1888 2367 ὑμεῖς
1915 2294 1973 2348 δὲ
2003 2296 2097 2349 καὶ

417 2380 668 2452 ἀδρανεῖς
696 2373 836 2431 εἶναι
868 2376 1119 2446 νομίζετε
1146 2377 1240 2429 ml
1267 2377 1474 2440 δειλοὺς
1505 2378 1631 2440 τοὺς
1667 2378 1792 2448 σιγῇ
1822 2375 1922 2438 τὰς
1948 2372 2099 2444 παρά

418 2462 527 2517 τῶν
559 2462 762 2533 ἐτέρων
792 2460 1054 2532 φέροντας
1080 2459 1287 2533 ὕϐρεις.
1329 2460 1526 2531 Μάχης
1563 2460 1775 2513 κελεύει
1812 2459 1906 2513 καὶ
1939 2458 2099 2527 δίκης

420 2548 779 2619 καταφρονεῖν
823 2547 852 2599 ό
907 2544 1163 2617 Χριστός·
1214 2545 1374 2615 ὑμεῖς
1416 2542 1472 2596 δὲ
1523 2543 1721 2606 αὐτούς
1777 2544 1832 2595 έν
1890 2539 2100 2604 τούτοις

419 2631 685 2703 στρέφετε
746 2630 859 2691 τοῖς
912 2631 1105 2691 κακοῖς
1151 2627 1467 2690 διαπαντός.
1514 2626 1619 2679 Τὸν
1648 2624 1926 2695 ὀφθαλμὸν
1977 2623 2098 2678 πολι

416 2712 577 2777 λάκις
606 2711 912 2784 ὲξορύττειν
941 2710 1250 2775 ἐκέλευσεν,
1282 2711 1410 2764 ὅταν
1445 2708 1676 2781 βλάπτῃ·
1712 2709 1868 2779 ὑμεῖς
1891 2709 1948 2763 δὲ
1982 2707 2099 2760 τού-

417 2813 546 2860 τους
588 2795 825 2866 μάλιστα
859 2795 1064 2848 ποιεῖτε
1127 2792 1335 2863 φίλους,
1388 2795 1612 2863 ὅσοιπερ
1666 2790 1733 2845 ἂν
1779 2789 2042 2844 δύνωνται
2071 2800 2093 2830 ο

418 2880 679 2952 χρήματα
710 2877 913 2941 δοῦναι,
944 2876 1049 2931 κᾶν
1075 2876 1174 2947 τὴν
1203 2875 1440 2948 ἐσχάτην
1487 2872 1817 2928 παιδεύσωσι
1877 2871 2097 2926 κακίαν.

431 2958 713 3013 Ἐκϐαλεῖν
750 2959 985 3024 γυναῖκα
1032 2958 1133 3012 οὐκ
1182 2956 1388 3027 ἀφῆκε,
1442 2956 1582 3026 πλὴν
1634 2954 1721 3007 ἐπ’
1752 2953 1902 3024 αἰτίᾳ
1963 2953 2099 3024 μόνῃ

419 3039 698 3108 πορνείας·
756 3038 915 3107 ὑμεῖς
967 3036 1048 3103 δὲ,
1104 3037 1233 3091 ὅταν
1280 3035 1375 3107 ὲξῇ
1433 3037 1691 3108 χρήματα
1738 3032 1944 3097 λαϐεῖν,
2007 3034 2102 3086 ml

417 3121 625 3191 ταύτης
669 3122 1032 3190 καταφρονεῖν
1079 3118 1327 3173 κελεύετε
1371 3120 1473 3189 τῆς
1519 3118 1762 3188 ἐντολῆς.
1824 3118 1928 3171 Τὸν
1983 3115 2099 3189 [8'7]

418 3206 584 3277 ὅρκον
628 3200 855 3275 ἀπεῖρξε
891 3201 1193 3266 παντελῶς·
1234 3203 1392 3271 ὑμεῖς
1433 3201 1510 3268 δὲ,
1562 3201 1628 3256 ἂν
1659 3201 1808 3271 ἴδητε
1838 3200 2103 3270 φυλαττό-

425 3305 604 3359 μενον,
632 3286 727 3341 ml
765 3285 984 3354 γελᾶτε.
1029 3285 1092 3338 ’0
1119 3284 1314 3356 φιλῶν
1343 3285 1458 3352 τὴν
1497 3285 1712 3355 ψυχὴν
1748 3285 1960 3348 αὑτοῦ,
1998 3301 2103 3355 φη-

424 3373 529 3436 σὶν,
582 3371 874 3426 ἀπολέσει
903 3370 1117 3438 αὑτήν·
1173 3370 1333 3440 ὑμεῖς
1383 3370 1441 3424 δὲ
1479 3370 1677 3433 αὐτοὺς
1722 3367 1984 3423 πάντοθεν
2021 3368 2103 3431 εἰς

420 3454 627 3525 ταύτην
667 3453 968 3523 ἐμϐάλλετε
1001 3455 1101 3523 τὴν
1150 3453 1354 3522 φιλίαν.
1397 3453 1534 3506 Ἐὰν
1554 3453 1641 3522 μὴ
1696 3452 1910 3522 ἀφῆτε,
1944 3451 2100 3523 φησὶ,

422 3536 549 3604 τοῖς
589 3535 923 3604 ἀνθρώποις
960 3535 1034 3589 τὰ
1067 3536 1510 3605 παραπτώματα
1536 3535 1755 3598 αὐτῶν,
1782 3535 1925 3589 οὐδὲ
1960 3534 2105 3604 ὑμῖν

423 3622 459 3673 ὀ
497 3617 700 3685 Πατὴρ
736 3616 904 3686 ὑμῶν
959 3616 1185 3686 ἀφήσει
1237 3621 1269 3672 ό
1312 3617 1614 3686 οὐράνιος·
1682 3618 1839 3688 ὑμεῖς
1897 3617 1955 3670 δὲ
2011 3617 2105 3671 ml

422 3699 731 3765 ὀνειδίζετε,
778 3700 907 3755 ὅταν
958 3702 1085 3764 τοὺς
1141 3701 1472 3772 ἠδικηκότας
1519 3702 1594 3774 μὴ
1644 3700 1874 3755 θέλωσιν
1908 3699 2105 3770 ἀμύνε-

426 3783 551 3836 σθαι
581 3782 642 3846 ιι,
684 3784 778 3836 καὶ
821 3786 902 3845 εἰς
951 3782 1048 3854 τὴν
1112 3783 1342 3856 δύναμιν
1397 3785 1595 3847 αύτούς
1641 3782 1846 3853 ταύτην
1893 3782 2104 3854 ταχέως

423 3865 711 3933 ἐπείγεσθε
762 3866 1012 3934 ἀγαγεῖν.
1062 3867 1200 3930 Τοὺς
1249 3868 1407 3938 δόξης
1454 3868 1696 3939 ἐρῶντας
1748 3867 1926 3921 πάντα
1979 3865 2102 3941 εἰκῆ

426 3951 600 4002 ποιεῖν
626 3951 940 4020 ἀπεφήνατο
973 3950 1001 4001 ό
1033 3952 1073 4003 Χ
1083 3951 1286 4020 ριστὸς,
1305 3951 1408 4005 κᾶν
1436 3950 1757 4021 νηστεύωσι,
1784 3950 1886 4003 κᾶν
1909 3949 2108 4018 εὔχων-

423 4047 536 4095 ται,
573 4031 678 4084 κᾶν
717 4030 958 4085 ὲλεῶσιν·
989 4032 1147 4102 ὑμεῖς
1199 4034 1280 4095 δὲ,
1329 4036 1476 4096 ὅπως
1514 4034 1718 4102 ταύτης
1772 4035 1896 4086 ἐπιτ
1935 4048 2101 4103 χοιεν,

424 4109 640 4167 ἅπαντα
669 4113 1143 4183 πραγματεύεσθε.
1182 4114 1289 4167 Καὶ
1315 4114 1366 4168 τί
1386 4115 1465 4168 δεῖ
1497 4116 1671 4168 πάντα
1696 4115 1905 4168 ἐπιέναι
1932 4132 1944 4179 ;
1978 4114 2104 4168 ὅταν

426 4194 536 4268 γάρ
551 4197 645 4249 ml
661 4196 729 4248 τὰ
751 4196 1017 4269 εἰρημένα
1043 4186 1240 4268 μυρίας
1261 4197 1420 4251 ἱκανά
1442 4197 1858 4268 παρασκευάσαι
1879 4196 2104 4265 γεέννας

425 4274 485 4348 ᾗ,
518 4279 640 4349 οὐχὶ
691 4279 872 4332 πάντα
910 4278 1046 4348 ὁμοῦ
1082 4280 1405 4334 συνελθόντα
1446 4281 1627 4352 μόνον,
1674 4279 1809 4333 ἀλλὰ
1840 4280 1932 4333 καὶ
1981 4278 2103 4331 καθ’

426 4363 588 4415 ἑαυτὸ
612 4362 860 4416 θτούτων
892 4363 1145 4416 ἕκαστον·
1179 4363 1335 4434 ὑμεῖς
1364 4365 1422 4417 δὲ
1450 4365 1629 4417 πάντα
1655 4363 1790 4434 ὁμοῦ
1820 4364 2103 4434 συμφορή-

428 4461 641 4508 σαντες,
669 4447 762 4500 καὶ
807 4444 869 4498 τὸ
898 4445 1170 4516 ἀφόρητον
1210 4446 1319 4499 τῶν
1367 4447 1783 4517 ἁμαρτημάτων
1827 4445 2105 4508 ἐπιθέντες

426 4528 668 4600 φορτίον,
707 4527 882 4591 οὓτως
932 4530 1013 4592 εἰς
1058 4530 1149 4582 τὸν
1198 4529 1294 4583 τοῦ
1344 4530 1516 4601 πυρὸς
1551 4530 1798 4601 πέμπετε
1837 4528 2101 4600 ποταμόν.

427 4613 567 4666 Πότε
597 4612 838 4681 σωθῆναι
863 4612 1203 4683 δυνήσονται,
1228 4614 1496 4685 τοσαύτην
1518 4614 1835 4684 κομίζοντες
1865 4612 1944 4683 τῷ
1968 4630 2040 4665 πυ
2048 4613 2105 4685 pl

424 4695 527 4766 τὴν
557 4696 804 4767 τροφήν;
834 4696 942 4748 Καὶ
977 4696 1038 4748 οὐ
1074 4695 1232 4749 τοῦτο
1284 4697 1445 4767 μόνον
1481 4697 1597 4750 ἐστὶ
1655 4698 1716 4750 τὸ
1766 4696 1965 4761 δεινὸν,
2025 4699 2108 4751 ὅτι

427 4779 689 4832 τάναντία
719 4782 832 4841 τοῖς
879 4777 974 4832 τοῦ
1014 4778 1253 4849 Χριστοῦ
1292 4782 1609 4850 παραινεῖτε
1652 4781 2105 4852 προστάγμασιν,

427 4861 543 4918 ἀλλ’
585 4863 670 4915 ὅτι
718 4862 813 4915 καὶ
871 4862 1263 4934 προσηγορίαις
1289 4864 1556 4934 εὐφήμοις
1582 4863 1961 4935 περιστέλλετε
2007 4863 2106 4935 τὴν

428 4946 650 5009 κακίαν,
673 4947 731 5000 τὸ
760 4950 857 5018 μὲν
890 4947 1243 5018 ίπποδρόμοις
1270 4948 1363 5000 καὶ
1400 4947 1648 5019 θεάτροις
1686 4947 2041 5019 προσκεῖσθαι
2084 4949 2100 4987 τ

427 5026 719 5091 διαπαντὸς
767 5029 1092 5100 ἀστειότητα
1135 5030 1456 5095 καλοῦντες,
1490 5030 1549 5083 τὸ
1571 5031 1628 5084 δὲ
1665 5030 1915 5085 πλουτεῖν
1957 5032 2108 5085 ὲλευ-

431 5111 641 5182 θερίαν,
673 5113 736 5166 τὸ
769 5112 827 5167 δὲ
879 5113 1036 5185 δόξης
1085 5115 1216 5185 ἐρᾷν
1263 5113 1687 5186 μεγαλοψυχίαν,
1736 5115 1835 5187 τὴν
1873 5115 1931 5169 δὲ
1979 5117 2109 5170 ἀπό.

429 5211 579 5249 νοιαν
602 5196 932 5266 παρρησίαν,
952 5198 1045 5251 καὶ
1068 5197 1165 5268 τὴν
1185 5198 1283 5269 μὲν
1298 5198 1535 5251 ἀσωτίαν
1553 5198 1981 5271 φιλανθρωπίαν.
2004 5200 2104 5272 τὴν

429 5278 487 5333 δὲ
522 5278 736 5333 ἀδικίαν
763 5279 1035 5352 ἀνδρείαν.
1066 5281 1219 5348 Είτα,
1245 5281 1434 5354 ῶσπερ
1464 5282 1565 5336 ούκ
1594 5282 1874 5355 ἀρκούσης
1902 5284 2105 5357 ταύτης

495 5407 523 5475 _‘
548 5407 631 5475 _S_ic
646 5419 822 5475 omne;
844 5413 1025 5475 prgtgr
1047 5408 1220 5475 Morel.
1245 5409 1516 5475 qulkhahel
1538 5407 1689 5475 ταῦτα
1710 5414 1902 5475 mago.

495 5465 525 5534 ξ
548 5470 719 5518 Morel.
743 5465 881 5534 εοιυό
900 5471 1009 5534 οὐδὲ
1030 5465 1292 5530 τοσούτων,
1334 5472 1482 5534 Savll.
1512 5478 1564 5520 el.
1592 5470 1674 5521 alii
1701 5472 1811 5521 οὐδὲ
1835 5465 2104 5534 τοσούτοις.

433 5530 561 5581 Infra
582 5544 708 5580 unus
731 5533 891 5581 codex
915 5533 1168 5590 ἀπολέσαι,
1192 5535 1275 5584 alii
1301 5533 1579 5581 ἀπολέσθαι.

495 5595 519 5624 ⁸
545 5594 652 5643 Duo
668 5606 785 5641 mss.
809 5594 1043 5643 δύνανται.
1071 5593 1223 5644 Savil.
1252 5603 1304 5644 el
1329 5593 1499 5643 Morel.
1526 5593 1771 5642 δύνωνται.
1804 5594 1927 5645 Infra
1948 5599 2100 5650 iidem

428 5654 647 5719 ἀπ’
670 5654 822 5711 αἰτίας
845 5656 1004 5719 μόνης.
1031 5655 1182 5719 Βανὶι.
1205 5664 1257 5705 ει
1277 5656 1448 5719 lignei.
1475 5655 1548 5719 ἐπ’
1569 5654 1698 5719 αἰτίᾳ
1721 5656 1857 5719 μόνῃ.

496 5715 523 5755 αὶ
544 5716 651 5766 Duo
684 5715 1000 5790 malgus'crlpli
1022 5717 1303 5780 ἀμύνασθαι.
1327 5717 1451 5766 Infra
1482 5715 1654 5766 Morel.
1677 5715 1996 5781 νηστεύσωσι,
2022 5722 2105 5772 alii

429 5790 606 5828 omnes
627 5793 913 5833 νηοτευωσι.

500 5850 524 5879 ο
547 5839 655 5904 D90
680 5852 795 5904 τηεν.
824 5841 926 5904 καθ’
960 5840 1120 5889 ἑαυτά.
1172 5840 1278 5890 Mox
1324 5853 1450 5890 unus
1489 5853 1576 5890 ms.
1617 5842 2009 5904 συμφορὲσαντες,
2054 5853 2106 5896 et

433 5909 546 6001 πιιὶι
570 5899 702 5948 idem
732 5899 1022 5955 ἐπιτιθέντες.

558 5958 667 6001 mm
685 5973 797 6001 mm,
834 5963 1013 6001 θεᾶτηηί

557 5958 667 6012 Duo
685 5973 798 6010 mss.
834 5963 1040 6026 θεάτροις
1064 5963 1314 6025 ἐγκεῖσθαι.

1238 351 1607 414 Αῐινιιιιεῠε
1644 350 2202 411 OPPUGNATORES
2240 353 2426 413 Ἧτῶ
2469 354 2767 415 MONAST.
2808 353 2938 414 LIB.
2977 352 3071 410 111.

3746 359 3858 415 ἷϐθ

2185 473 2284 542 τῆς
2316 473 2549 542 ἀπάτης,
2580 475 2674 527 ml
2698 470 2797 543 τὴν
2817 470 3017 542 ἀρετὴν
3038 458 3300 532 ἐναντίοις
3332 469 3544 524 καλεῖτε
3578 470 3856 548 ὀνόμασιν,

2187 554 2477 626 ἀγροικίαν
2523 555 2622 626 μὲν
2653 556 2753 626 τὴν
2797 553 3171 626 σωφροσύνην,
3210 550 3413 608 δειλίαν
3454 554 3512 607 δὲ
3549 556 3651 626 τὴν
3683 558 3856 610 ἐπιεί-

2188 653 2366 700 κειαν,
2414 637 2700 709 ἀνανδρίαν
2738 636 2794 690 δὲ
2827 636 2927 706 τὴν
2958 632 3304 706 δικαιοσύνην
3341 635 3721 706 ὀνομάζοντες,
3762 636 3860 693 καὶ

2188 718 2249 772 τὺ
2289 720 2389 790 μὲν
2427 719 2627 787 ἄτυφον
2658 719 3045 789 δουλοπρεπὲς,
3080 717 3178 788 τὴν
3209 717 3265 770 δὲ
3308 717 3657 784 ἀνεξικακίαν
3695 719 3859 774 ἀσθέ-

2189 821 2339 858 νειαν
2358 820 2374 838 ⁸
2406 804 2657 875 καθάπερ
2691 802 2989 865 δεδοικότες
3037 800 3112 872 μὴ
3155 801 3283 872 παρ’
3311 802 3516 874 ἑτέρων
3544 803 3642 872 τὴν
3684 803 3861 874 ἀληθῆ

2189 887 2394 942 τούτων
2427 887 2800 959 προσηγορίαν
2837 885 3170 959 ἀκούσαντες
3213 883 3427 954 φύγωσι
3456 884 3555 956 τὴν
3595 886 3773 957 λύμην
3810 886 3862 939 οἱ

2193 970 2399 1035 παῖδες.
2433 954 2568 1024 Οὐδὲ
2730 969 2926 1041 μικρὸν
2946 954 3031 1031 ἒίς
3053 967 3150 1039 τὴν
3182 965 3290 1022 τῶν
3321 954 3522 1022 κακῶν
3541 954 3862 1040 ἀποτροπὴν

2191 1056 2252 1109 τὸ
2273 1052 2485 1125 γυμνὰς
2505 1052 2673 1116 αὐτὰς
2695 1053 2790 1106 ml
2811 1050 3008 1122 κυρίας
3028 1051 3136 1104 τῶν
3155 1050 3341 1104 κακῶν
3372 1050 3744 1122 προφέρεσθαι
3765 1052 3864 1115 τας

2191 1138 2488 1210 ὀνομασίας
2517 1139 2563 1179 ⁸·
2596 1135 2732 1191 ἀλλά
2753 1134 3020 1205 τοσαύτην
3049 1134 3163 1204 ἔχει
3181 1134 3279 1203 τὴν
3307 1134 3461 1203 ἰσχὺν
3482 1134 3620 1203 πρὸς
3646 1136 3706 1187 τὸ
3731 1135 3866 1204 πλῆ-

2196 1222 2281 1286 ξαι
2319 1221 2445 1284 τοὺς
2484 1220 2914 1291 ἁμαρτάνοντας,
2948 1218 3024 1282 ὡς
3054 1217 3282 1281 πολλοὺς
3310 1218 3570 1282 πολλάκις
3612 1218 3706 1271 ἐπὶ
3750 1221 3868 1278 τοῖς

2195 1304 2493 1375 αἰσχίστοις
2521 1302 2681 1365 δντας
2711 1304 3028 1371 περιφανεῖς
3061 1301 3134 1371 μὴ
3166 1300 3352 1372 φέρειν
3386 1299 3577 1372 πράως
3598 1300 3865 1368 καλουμέ-

2195 1405 2319 1450 νους
2335 1383 2510 1448 τοῦτο,
2536 1384 2671 1456 ὅπερ
2691 1384 2849 1445 εἰσὶν,
2874 1382 2987 1437 ἀλλ’
3010 1384 3315 1453 ἀγριαίνειν
3336 1384 3430 1437 καὶ
3455 1382 3863 1454 ὲκθηριοῦσθαι,

2195 1472 2270 1535 ὡς
2293 1468 2360 1523 τά
2381 1467 2656 1522 δεινότατα
2675 1466 3003 1538 πάσχοντας.
3021 1466 3132 1538 Τὴν
3149 1464 3276 1534 γοῦν
3296 1467 3659 1537 ήταιρηκυῖαν
3682 1468 3869 1533 γυναῖ-

2196 1569 2290 1616 κα,
2312 1551 2407 1606 ml
2433 1551 2524 1605 τὸν
2545 1548 2986 1621 πεπορνευμένον
3018 1547 3182 1601 παῖδα
3214 1547 3279 1601 ἂν
3307 1549 3512 1620 καλέσῃ
3541 1565 3625 1610 τις
3645 1546 3754 1601 άπδ
3771 1548 3869 1613 τῆς

2195 1634 2481 1705 αἰσχίστης
2556 1632 2809 1705 πράξεως
2870 1630 3107 1702 ταύτης,
3177 1631 3583 1694 ἀκατάλλακτος
3650 1630 3870 1698 γέγονεν

2196 1716 2412 1787 ἐχθρὸς,
2428 1716 2524 1770 ἅτε
2546 1716 2615 1770 τὰ
2650 1715 2881 1787 μέγιστα
2908 1713 3205 1785 ¹ἰγδικηκώς.
3226 1715 3336 1768 Καὶ
3357 1716 3417 1767 ού
3431 1715 3656 1776 τούτους
3688 1713 3869 1782 μόνον,

2196 1798 2332 1852 ἀλλά
2375 1799 2468 1852 ml
2518 1798 2610 1852 τὸν
2662 1797 3011 1865 πλεονέκτην,
3045 1797 3140 1850 καὶ
3182 1796 3276 1850 τὸν
3311 1796 3542 1866 μέθυσον
3564 1797 3615 1860 ιι,
3648 1797 3744 1848 ml
3780 1794 3873 1848 τὸν

2197 1881 2454 1947 ἀλαζόνα,
2499 1881 2593 1935 ml
2628 1880 2831 1944 πάντας
2861 1880 3049 1944 ἁπλῶς
3075 1880 3202 1944 τοὺς
3232 1880 3303 1933 τὰ
3332 1880 3608 1950 δεινότερα
3638 1881 3876 1949 ἐργασα-

2202 1966 2394 2037 μένους
2439 1965 2536 2018 ἴδοι
2565 1981 2647 2027 τις
2677 1963 2743 2018 ἂν
2770 1965 2871 2034 οὐχ
2898 1963 3068 2027 οὕτως
3101 1962 3192 2016 ἐπὶ
3223 1962 3301 2034 τῷ
3332 1963 3589 2035 πράττειν
3611 1963 3751 2015 αὐτὰ
3779 1961 3877 2016 καὶ

2197 2050 2262 2118 τῇ
2284 2046 2432 2119 παρά
2455 2046 2563 2100 τῶν
2585 2045 2792 2100 πολλῶν
2818 2045 2943 2117 δόξῃ
2959 2044 3320 2116 δακνομένους
3342 2047 3435 2099 καὶ
3457 2044 3774 2114 ἀλγοῦντας,
3798 2045 3877 2109 ὡς

2199 2131 2292 2185 ἐπὶ
2329 2133 2443 2194 τοῖς
2489 2130 2600 2184 τῶν
2639 2127 2855 2184 οἰκείων
2894 2129 3071 2201 ἔργων
3117 2130 3364 2201 ὀνόμασι.
3409 2129 3643 2194 Πολλοὺς
3685 2130 3742 2184 δὲ
3782 2130 3877 2183 καὶ

2201 2212 2667 2285 σωφρονισθέντας
2706 2208 2828 2266 οἶδα
2857 2213 3031 2284 τούτῳ
3059 2214 3136 2284 τῷ
3175 2215 3382 2284 τρόπῳ,
3419 2213 3514 2267 καὶ
3548 2212 3875 2284 γενομένους

2197 2301 2312 2363 τοῖς
2347 2298 2607 2352 ὀνείδεσιν
2647 2297 3084 2369 ἐπιεικεστέρους
3144 2298 3284 2352 Ἀλλ’
3318 2300 3477 2370 ὑμεῖς
3529 2299 3622 2351 ml
3661 2297 3869 2368 ταύτην

2201 2381 2516 2452 ἀνῃρήκατε
2543 2379 2643 2451 τὴν
2676 2379 3052 2451 παραμυθίαν·
3070 2380 3246 2434 καὶτὸ
3273 2380 3336 2451 δὴ
3364 2378 3768 2450 χαλεπώτερον,
3791 2379 3876 2432 δτι

2198 2466 2257 2517 ού
2288 2466 2377 2519 διὰ
2408 2463 2518 2516 τῶν
2558 2462 2820 2534 ῥημάτων
2855 2462 3035 2532 μόνον.
3068 2462 3206 2519 ἀλλά
3235 2465 3331 2518 καὶ
3356 2463 3444 2518 διά
3479 2462 3587 2517 τῶν
3615 2462 3876 2535 πραγμά-

2200 2566 2311 2601 των
2352 2545 2557 2616 ταύτῃν
2610 2546 2797 2608 αὐτοῖς
2844 2544 3081 2599 ποιεῖσθε
3135 2545 3232 2616 τὴν
3286 2545 3651 2616 παραίνεσιν,
3698 2544 3877 2607 οἰκίας

2202 2632 2608 2705 οἰκοδομοῦντες
2640 2630 2901 2701 λαμπράς
2920 2670 2934 2693 ,
2975 2631 3180 2702 ἀγροὺς
3212 2631 3511 2704 ὠνούμενοι
3546 2630 3876 2696 πολυτελεῖς,

2200 2718 2299 2789 τὴν
2359 2716 2526 2786 ἀλλην
2568 2714 2985 2787 περιϐάλλοντες
3031 2714 3351 2784 φαντασίαν,
3403 2716 3497 2769 ml
3530 2715 3626 2767 διὰ.
3661 2715 3880 2769 πάντων

2203 2799 2393 2871 πυκνῷ
2422 2816 2526 2853 τινι
2554 2797 2706 2868 νέφει
2738 2796 3122 2860 συσκιάζοντες
3146 2795 3325 2849 αὐτῶν
3349 2797 3447 2868 τὴν
3473 2796 3672 2867 ψυχήν.
3706 2794 3878 2849 Πόθεν

2201 2879 2295 2937 οὖν
2317 2884 2614 2954 δυνήσομαι
2640 2879 2756 2953 [88]
2790 2879 3104 2949 πεισθῆναι,
3129 2880 3212 2932 ὅτι
3243 2878 3485 2949 σωθῆναι
3516 2873 3628 2932 οἷόν
3656 2894 3713 2931 τε
3751 2878 3879 2933 τού·

2203 2983 2350 3029 τους,
2390 2965 2518 3018 ὅταν
2563 2963 2658 3016 ἴδω
2700 2963 2837 3034 πρὸς
2877 2960 3051 3017 ταῦτα
3083 2961 3624 3033 παρακαλουμένους,
3662 2962 3699 3016 ἀ
3749 2962 3879 3027 τοὺς

2206 3048 2492 3111 ποιοῦντας
2512 3047 2541 3100 ό
2566 3045 2797 3117 Χριστὸς
2820 3044 3134 3115 ἀπεφήνατο
3157 3044 3374 3107 πάντως
3401 3044 3696 3099 ἀπολέσθαι
3715 3064 3729 3111 ;
3751 3045 3880 3098 ὅταν

2206 3128 2492 3203 θεάσωμαι
2519 3130 2619 3197 τῆς
2652 3130 2751 3201 μὲν
2774 3128 2952 3199 ψυχῆς
2973 3128 3174 3190 αὐτῶν,
3199 3127 3388 3198 ῶσπερ
3406 3128 3552 3192 τινὸς
3573 3128 3878 3200 παρέργου,

2205 3211 2679 3286 καταφρονοῦντας
2729 3212 2910 3282 ὑμᾶς,
2965 3209 3074 3263 τῶν
3125 3210 3182 3263 δὲ
3227 3210 3398 3274 ὅντως
3456 3210 3746 3281 περιττῶν,
3804 3210 3882 3274 ῶς

2205 3296 2515 3367 ἀναγκαίων
2541 3296 2635 3349 ml
2663 3293 3093 3367 προηγουμένων
3123 3293 3538 3362 φροντίζοντας;
3569 3294 3759 3358 Ὅπως
3782 3295 3882 3365 μὲν

2205 3382 2315 3455 γὰρ
2334 3379 2552 3450 οἰκέτης
2573 3378 2745 3441 ἔσται,
2773 3377 2865 3431 καὶ
2892 3377 3038 3440 ὅπως
3066 3376 3252 3439 ἵππος,
3288 3376 3381 3430 καὶ
3400 3376 3547 3440 ὅπως
3573 3376 3785 3447 ἱμάτιον
3806 3379 3884 3448 τῷ

2208 3465 2360 3519 παιδὶ
2387 3463 2692 3525 κάλλιστον,
2734 3460 2912 3514 πάντα
2942 3461 3146 3513 ποιεῖτε
3167 3477 3180 3491 ·
3218 3459 3366 3522 ὅπως
3397 3458 3454 3512 δὲ
3484 3459 3647 3523 αὐτὸς
3672 3460 3885 3529 γένοιτο

2208 3547 2392 3611 καλὸς,
2409 3546 2530 3600 οὐδὲ
2552 3544 2800 3614 ἐννοῆσαί
2822 3560 2954 3596 ποτε
2971 3541 3229 3612 ἀνέχεσθε
3260 3543 3304 3606 ἱ,
3328 3541 3465 3596 ἀλλά
3485 3543 3578 3597 ml
3596 3542 3766 3608 ξύλων
3788 3543 3883 3598 καὶ

2206 3627 2402 3683 λίθωνί
2444 3628 2607 3699 μέχρι
2621 3626 2814 3680 τούτου
2836 3623 3166 3695 προάγοντες
3186 3626 3287 3697 τὴν
3310 3625 3569 3696 σπουδὴν,
3591 3626 3690 3697 τὴν
3706 3625 3883 3697 ψυχὴν

2206 3709 2437 3765 οὐδὲτοῦ
2454 3708 2748 3763 πολλοστοῦ
2765 3707 2864 3777 τῆς
2881 3706 3197 3779 ἐπιμελείας
3210 3706 3412 3779 ταύτης
3423 3707 3634 3775 ἀξιοῦτε
3662 3708 3880 3780 μέρους·

2207 3794 2320 3848 ἀλλ’
2350 3794 2436 3848 ἵνα
2472 3792 2571 3863 μὲν
2604 3791 2826 3863 ἄγαλμα
2852 3789 2945 3842 ἐπὶ
2977 3791 3073 3861 τῆς
3102 3790 3278 3856 οἰκίας
3308 3790 3514 3865 ἑστήκῃ
3544 3791 3877 3863 θαυμαστὸν,

2208 3879 2303 3931 ml.
2333 3878 2367 3948 ή
2405 3878 2570 3947 στέγη
2607 3875 2832 3946 γένηται
2873 3873 3074 3945 χρυσῆ,
3129 3875 3307 3929 πάντα
3345 3875 3643 3946 ὑπομένετε
3666 3893 3678 3905 ·
3714 3878 3776 3930 τὸ
3826 3876 3882 3929 δὲ

2209 3962 2426 4015 πάντων
2442 3958 2666 4030 τιμιώτε
2674 3975 2766 4030 ρον
2788 3957 3010 4028 ἄγαλμα
3031 3959 3064 4029 ὴ
3092 3955 3238 4028 ψυχὴ
3260 3957 3405 4022 ὅπως
3429 3959 3652 4029 γένηται
3683 3960 3879 4032 χρυσῆ,

2206 4046 2330 4099 οὐδὲ
2359 4041 2665 4115 φροντίζειν
2699 4040 2931 4095 ἐθέλετε.

2276 4132 2347 4196 η’.
2367 4125 2505 4179 Ἀλλ’
2534 4125 2686 4178 οὔπω
2705 4123 2795 4177 τὸν
2819 4121 3097 4193 κολοφῶνα
3128 4121 3237 4176 τῶν
3257 4123 3443 4176 κακῶν
3475 4117 3649 4185 εἷπον,
3683 4124 3805 4177 οὐδὲ
3823 4124 3885 4178 τὸ

2211 4208 2500 4276 κεφάλαιον
2522 4206 2827 4276 ὲξεκάλυψα
2848 4206 2947 4275 τῆς
2977 4206 3282 4277 συμφορᾶς,
3313 4206 3574 4269 πολλάκις
3599 4206 3696 4277 μὲν
3715 4207 3886 4260 ἐλθὼν

2209 4293 2383 4344 εἰπεῖν
2421 4289 2515 4342 καὶ
2555 4289 2906 4361 ἐρυθριάσας,
2951 4287 3209 4353 πολλάκις
3236 4289 3293 4342 δὲ
3332 4290 3426 4343 καὶ
3453 4290 3781 4360 αἰσχυνθείς.
3816 4287 3885 4341 Τί

2210 4374 2328 4427 ποτ’
2360 4370 2453 4427 οὖν
2505 4372 2624 4424 ἐστι
2673 4371 2864 4435 τοῦτο;
2905 4371 3201 4441 τολμητέον
3244 4373 3354 4442 γάρ
3401 4372 3501 4442 ήδη
3534 4377 3627 4425 καὶ
3665 4371 3884 4424 λεκτέον

2211 4454 2362 4507 αὐτό.
2395 4454 2504 4507 Καὶ
2547 4454 2655 4522 γὰρ
2706 4451 2997 4522 ἀνανδρίας
3029 4451 3094 4505 ἂν
3125 4453 3211 4522 εῖη
3245 4452 3464 4522 πολλῆς,
3505 4454 3794 4523 μέλλοντάς
3829 4469 3882 4506 τι

2210 4536 2376 4590 κακὸν
2402 4536 2638 4607 ἐξαιρεῖν
2671 4536 2720 4596 ι,
2761 4534 2897 4605 μηδὲ
2924 4534 3107 4605 φωνὴν
3139 4535 3356 4602 ἀφιέναι
3389 4535 3593 4604 τολμᾷν
3619 4537 3759 4606 ὑπὲρ
3787 4538 3886 4590 αὐ·-

2211 4621 2325 4683 τοῦ,
2357 4619 2434 4683 ὡς
2465 4621 2563 4690 τῆς
2598 4618 2755 4688 σιγῆς
2784 4617 3104 4686 αὐτομάτως
3141 4617 3431 4686 ἰασομένης
3459 4617 3557 4689 τὴν
3585 4620 3756 4672 νόσον.
3808 4620 3882 4673 Οὐ

2209 4700 2386 4755 τοίνυν
2424 4701 2741 4769 σιγήσομεν,
2788 4697 2890 4752 κᾶν
2930 4697 3186 4769 μυριάκις
3217 4698 3565 4769 αίσχύνεσθαι
3601 4701 3884 4771 μέλλωμεν

2212 4783 2306 4837 καὶ
2329 4781 2605 4855 ἐρυθριᾷν.
2634 4780 2769 4835 Οὐδὲ
2797 4779 2906 4852 γὰρ
2942 4780 3126 4850 ίατρὸς
3159 4780 3366 4851 μέλλων
3396 4781 3660 4852 σηπεδόνα
3688 4782 3881 4837 καθαί-

2214 4884 2346 4935 ρειν,
2376 4867 2775 4937 παραιτήσεται
2802 4863 3282 4936 μεταχειρίσασθαι
3304 4865 3543 4937 σίδηρον,
3579 4868 3673 4920 καὶ
3704 4869 3886 4921 καθεῖα

2212 4966 2298 5003 ναι
2331 4948 2623 5013 δακτύλους
2670 4951 2746 5012 εἰς
2791 4947 2952 5000 αὑτὸν
2984 4945 3077 5000 τοῦ
3111 4946 3423 5019 τραύματος
3463 4948 3556 5001 τὸν
3602 4949 3881 5019 πυθμένα·

2211 5030 2405 5085 οὐκοῦν
2420 5030 2540 5084 οὐδὲ
2556 5032 2713 5102 ἡμεῖς
2737 5030 2827 5083 τὸν
2845 5029 2985 5101 ὑπὲρ
3001 5028 3204 5082 τούτων
3229 5029 3386 5098 λόγον
3411 5031 3881 5103 παραιτησόμεθα,

2211 5113 2321 5183 ὅσῳ
2353 5113 2447 5166 ml
2469 5111 2879 5185 χαλεπωτέραή
2907 5111 3174 5183 σηπεδὼν.
3193 5112 3258 5165 Τί
3289 5114 3407 5167 ποτ’
3427 5110 3519 5168 οὖν
3551 5117 3666 5168 ἐστι
3700 5117 3760 5169 τὸ
3789 5135 3888 5170 κα-

2213 5194 2340 5262 κόν;
2380 5195 2561 5267 Ἔρως
2594 5197 2776 5259 καινός
2802 5212 2885 5258 τις
2913 5196 3008 5248 καὶ
3041 5195 3357 5267 παράνομος
3387 5200 3466 5262 είς
3496 5198 3589 5251 τὸν
3617 5199 3886 5271 ἡμέτερον

2210 5276 2554 5349 εἰσεκώμασε
2582 5276 2723 5347 βίον·
2760 5276 2973 5349 νόσημα
3000 5278 3236 5330 ἐπέπεσε
3264 5278 3498 5348 χαλεπὸν
3523 5281 3617 5334 καὶ
3636 5280 3873 5333 ἀνίατον·

2211 5358 2401 5430 λοιμὸς
2438 5359 2752 5432 κατέσκηψε
2785 5360 3005 5414 πάντων
3047 5359 3252 5431 λοιμῶν
3296 5361 3688 5434 χαλεπώτερος·
3725 5365 3885 5436 καινή

2211 5455 2295 5502 τις
2324 5439 2637 5511 παρανομία
2664 5438 2933 5511 ἐπενοήθη
2966 5439 3059 5492 καὶ
3089 5440 3390 5510 ἀφόρητος·
3427 5443 3489 5495 οὑ
3522 5442 3629 5514 γάρ
3660 5443 3710 5494 οί
3740 5443 3885 5496 θετοὶ

2279 5539 2304 5604 β
2328 5538 2500 5604 ᾕοτει.
2524 5546 2579 5588 ει
2599 5538 2752 5604 Savil.
2770 5537 3049 5604 ῥνομασίας.
3075 5538 3187 5587 Mss.
3214 5542 3546 5604 προσηγορίας.

2277 5599 2303 5664 ξι
2330 5601 2679 5664 βυθίωεεητὸν
2704 5599 2951 5664 μεθύοντα.
2980 5600 3135 5664 [idem
3162 5599 3274 5650 moi
3309 5599 3570 5664 δεινότατα.

2279 5661 2295 5702 ἰ
2322 5661 3027 5725 δειδίμειᾲΜοτέιεάνέχεσθε.
3070 5662 3179 5725 Ι)υο
3205 5676 3318 5711 mss.
3344 5662 3643 5725 ἀνάσχοισθε.
3680 5664 3786 5713 Mox
3834 5666 3887 5717 in

2214 5723 2521 5788 Morgl,solo
2543 5723 2688 5788 deest
2731 5723 2817 5780 τὴν
2851 5723 3080 5788 σπουδήν.
3122 5723 3274 5773 Paulo
3315 5728 3425 5784 post
3461 5723 3631 5772 Morel.
3670 5726 3885 5788 ἑστήχοις

2212 5786 2361 5835 Savil.
2390 5786 2590 5847 ἑστήκῃ,
2611 5786 2708 5835 duo
2730 5798 2846 5833 mss.
2870 5786 3074 5842 ἑστήκει.

2282 5848 2296 5897 ί
2330 5848 2411 5957 Silo
2434 5860 2462 5896 e
2488 5844 2670 5897 Sa'viJio
2695 5851 3013 5896 correximus.
3041 5847 3316 5904 Scripserat
3343 5844 3512 5895 Manil.
3537 5846 3670 5900 ξύλον
3689 5849 3773 5898 καί
3816 5851 3887 5899 Μ.

2282 5926 2306 5955 ν.
2360 5921 2477 5957 .mr.

2213 5912 2306 5959 θον.
2345 5909 2477 5957 Εοιτ.

2275 5974 2301 6010 ι
2329 5970 2478 6020 εωιι.
2510 5975 2560 6019 ει
2587 5969 2759 6020 Morel.
2782 5969 2973 6031 ἐξερεῖ-ι,
2998 5965 3080 6016 alii
3111 5967 3320 6027 ἐξαιρεῖν.
