4124 6144
291 337 385 395 361
1062 331 1122 387 ε.
1161 328 1450 389 JOANNIS
1486 288 1972 386 cunisosmm

2081 324 2339 383 καθίει).
2381 324 2932 383 CONS’I‘ANTINOP.

292 448 475 523 μόνον.
496 444 634 503 ἀλλά
658 445 754 503 καὶ
771 445 926 502 αὐτοὶ
941 445 991 498 οί
1015 443 1117 516 τῆς
1136 444 1352 516 φύσεως
1364 444 1756 517 ἀνατρέπονται
1776 444 1949 511 νόμοι.

290 545 502 617 Μικρὸν
525 547 608 610 είς
624 542 908 613 ἀσελγείας
926 541 1082 612 λόγον
1105 542 1328 613 πορνεία
1348 542 1560 595 λοιπόν
1591 547 1684 595 καὶ
1706 542 1958 611 καθάπερ

290 643 352 696 ἐν
381 645 501 702 ταῖς
529 642 741 705 ὀδύναις
768 640 829 694 τὸ
858 638 1324 713 τυραννικώτερον
1361 638 1531 704 πάθος
1560 639 1655 693 τοῦ
1689 639 1956 711 προτέρου

290 738 392 806 τὴν
427 737 677 809 αἴσθησιν
710 735 946 808 ἔκρυψεν
977 736 1223 800 ἐπελθὸν,
1256 734 1398 790 οὕτω
1430 741 1521 790 καὶ
1551 738 1585 807 ή
1612 737 1710 807 τῆς
1751 735 1959 807 ὕϐρεως

291 832 496 903 ταύτης
529 833 799 906 ὑπερϐολὴ
840 833 1025 887 οὐκέτι
1068 832 1339 904 ἀφόρητον
1381 834 1527 885 ποιεῖ
1578 832 1862 903 φαίνεσθαι
1900 834 1961 887 τὸ

295 933 587 1003 ἀφόρητον.
621 933 722 1005 τὴν
743 932 872 1004 περὶ
894 931 991 1003 τὴν
1022 934 1295 1001 γυναῖκαα
1320 932 1626 999 ἀσέλγειαν.
1654 930 1960 1002 ’Δγαπητὸν

293 1030 405 1101 γὰρ
423 1025 560 1083 εἶναι
581 1028 728 1082 δοκεῖ
746 1029 806 1082 τὸ
828 1027 1118 1100 δυνηθῆναι
1142 1026 1211 1081 τά
1247 1026 1438 1081 δίκτυα
1458 1027 1630 1082 ταῦτα
1658 1028 1962 1098 διαφυγεῖν,

294 1123 392 1178 καὶ
423 1122 720 1178 κινδυνεύει
749 1121 933 1178 λοιπὸν
973 1123 1224 1196 περιττὸν
1251 1118 1392 1177 εἶναι
1440 1123 1504 1178 τὸ
1537 1124 1647 1179 τῶν
1686 1125 1962 1193 γυναικῶν

294 1222 475 1288 γένος,
503 1214 611 1272 τῶν
636 1219 771 1274 νέων
791 1221 905 1273 ἀντ’
925 1219 1151 1273 ἐκείνων
1171 1219 1349 1273 πάντα
1371 1219 1439 1273 τά
1457 1220 1680 1274 ἐκείνων
1703 1221 1966 1294 πληρούν-

295 1331 429 1371 των.
461 1316 571 1369 Καὶ
595 1314 657 1367 ού
683 1314 840 1368 τοῦτό
873 1332 960 1369 πω
981 1314 1172 1382 δεινὸν,
1206 1314 1320 1369 ἀλλ’
1352 1316 1435 1370 ὅτι
1468 1317 1565 1369 καὶ
1592 1315 1730 1386 μετά
1761 1316 1964 1387 πολλῆς

297 1410 564 1482 τολμᾶται
590 1410 690 1483 τῆς
720 1410 904 1475 ἀδείας
936 1410 1106 1482 μύσος
1134 1411 1408 1476 τοσοῦτον,
1438 1412 1534 1467 καὶ
1560 1412 1723 1484 νόμος
1745 1412 1966 1483 γέγονεν

295 1509 333 1579 ἡ
369 1506 707 1580 παρανομία.
736 1508 924 1571 Οὐδεὶς
951 1507 1206 1571 δέδοικεν,
1241 1509 1361 1563 οὐδὲ
1390 1510 1584 1581 τρέμει
1619 1511 1836 1566 λοιπόν·
1872 1511 1967 1564 ού-

296 1603 409 1667 δε“ις
430 1601 762 1673 αἰσχύνεται,
785 1603 905 1656 οὐδὲ
932 1602 1179 1675 ἐρυθριᾷ,
1209 1604 1346 1659 ἀλλά
1376 1610 1470 1659 καὶ
1500 1607 1966 1674 ἐγκαλλωπίζεται

295 1700 376 1773 τῷ
402 1700 600 1771 γέλωτι
623 1700 817 1771 τούτῳ,
844 1700 934 1754 καὶ
969 1699 1254 1772 μαίνεσθαι
1278 1701 1525 1755 δοκοῦσιν
1551 1702 1601 1755 οἱ
1630 1701 1967 1773 σωφρονοῦν-

296 1816 410 1863 τες,
442 1799 537 1853 καὶ
569 1797 903 1868 παραπαίειν
935 1798 986 1850 οἱ
1014 1796 1415 1861 νουθετοῦντες·
1449 1799 1554 1853 κᾶν
1602 1800 1702 1869 μὲν
1747 1799 1967 1853 ἀσθενέ-

300 1916 482 1972 στεροι
508 1897 744 1968 τύχωσιν
772 1896 944 1962 ὀντες,
970 1897 1345 1967 συνεκόπησαν
1370 1900 1491 1960 ταῖς
1523 1898 1785 1969 πληγαῖςσ
1825 1898 1889 1951 ἂν
1911 1898 1966 1950 δὲ

297 1993 676 2065 δυνατώτεροι,
709 1990 1080 2064 χλευάζονται,
1114 1993 1401 2062 γελῶνται,
1439 1996 1653 2065 μυρίοις
1681 1994 1967 2048 πλύνονται

301 2089 649 2162 σκώμμασιν.
669 2088 834 2142 Οὐδὲν
862 2087 1052 2158 ὄφελος
1074 2088 1454 2161 δικαστηρίων,
1479 2089 1598 2143 ούδέ
1621 2090 1820 2162 νόμων,
1848 2092 1968 2145 οὑδέ

299 2186 686 2256 παιδαγωγῶν,
718 2186 777 2240 οὐ
808 2185 1081 2256 πατέρων,
1113 2187 1212 2238 οὐκ
1242 2185 1570 2250 ἀκολούθων,
1601 2187 1665 2239 οὐ
1712 2187 1968 2241 διδασκά-

299 2281 439 2338 λωνο
468 2282 594 2345 τοὺς
628 2282 726 2353 μὲν
764 2281 874 2353 γάρ
913 2280 1137 2351 ἴσχυσαν
1165 2282 1473 2353 διαφθεῖραι
1508 2283 1806 2355 χρήμασιν,
1845 2285 1894 2337 οί
1926 2284 1970 2337 δ’

296 2381 450 2444 ὅπως
467 2379 650 2443 αὐτοῖς
674 2379 863 2449 μισθὸς
882 2378 1091 2447 γένοιτο
1117 2379 1275 2448 μόνον
1295 2378 1463 2451 ὁρῶσι
1479 2394 1494 2411 ⁸
1526 2379 1634 2433 τῶν
1654 2380 1710 2434 δέ
1736 2382 1974 2435 ἐπιεικε-

302 2475 529 2548 στέρων,
555 2479 650 2529 καὶ
675 2472 1070 2546 φροντιζόντων
1112 2473 1222 2546 [89]
1248 2475 1349 2546 τῆς
1375 2475 1481 2529 τῶν
1505 2476 1973 2548 ἐμπιστευθέντων

299 2574 485 2636 αὐτοῖς
506 2571 862 2642 σωτηρίας,οί
892 2570 989 2642 μέν
1021 2568 1344 2624 κλέπτονται
1370 2571 1570 2643 ῥαδίως
1600 2573 1695 2626 καὶ
1723 2573 1973 2626 ἀπατῶν-

300 2684 415 2733 ται,
460 2669 509 2722 οῐ
540 2667 597 2720 δέ
628 2666 722 2719 καὶ
762 2665 1029 2719 δεδοίκασι
1073 2667 1180 2719 τῶν
1226 2665 1539 2721 ἀκολάστων
1578 2667 1676 2739 τὴν
1722 2668 1968 2738 δύναμιν.

312 2764 472 2835 Ῥᾷον
495 2761 602 2833 γὰρ
629 2762 693 2816 ἀν
722 2778 804 2824 τις
834 2760 1189 2824 ὑποπτευθεὶς
1235 2762 1328 2814 ἐπὶ
1358 2762 1632 2833 τυραννίδι
1663 2763 1971 2834 διασωθείη,

302 2861 339 2932 ἢ
370 2860 479 2915 τῶν
509 2857 722 2932 μιαρῶν
754 2857 976 2912 ἐκείνων
1006 2858 1241 2926 ἀπάγειν
1292 2858 1594 2931 πειραθεὶς,
1626 2861 1725 2924 τὰς
1751 2862 1974 2916 ἐκείνων

302 2956 554 3028 διαφύγοι
583 2958 769 3027 χεῖράς
820 2971 980 3007 ποτε·
1014 2955 1156 3008 οὕτω
1188 2955 1439 3027 καθάπερ
1464 2958 1551 3010 ἐπ’
1581 2958 1818 3029 ἐρημίας
1847 2958 1976 3012 πολ-

304 3054 425 3124 λῆς,
443 3053 501 3106 ἐν
522 3050 712 3122 μέσαις
732 3051 850 3112 ταῖς
872 3048 1089 3103 πόλεσιν
1111 3051 1336 3121 ἄρρενες
1363 3052 1420 3104 ἐν
1443 3050 1664 3123 ἄρσεσιν
1686 3052 1783 3123 τὴν
1803 3055 1975 3125 ἀσχη-

309 3151 545 3221 μοσύνην
582 3144 1028 3217 κατεργάζονται.
1063 3145 1126 3199 Εἰ
1159 3146 1216 3200 δέ
1257 3163 1400 3211 τινες
1432 3148 1632 3213 ταύτας
1662 3149 1916 3221 διέφυγον
1947 3151 1975 3190 b

304 3247 404 3309 τας
428 3244 630 3312 παγάς,
656 3242 755 3314 τὴν
784 3240 915 3310 γοῦν
947 3242 1189 3315 πονηρὰν
1212 3242 1322 3295 τῶν
1342 3242 1411 3296 τά
1438 3243 1661 3299 τοιαῦτα
1690 3246 1977 3318 ὑϐριζομέ-

305 3360 414 3397 νων
436 3340 704 3403 δυσκόλως
726 3340 1101 3409 διαφεύξονται
1121 3340 1302 3408 δόξαν·
1329 3341 1543 3414 πρῶτον
1570 3343 1687 3414 μὲν,
1709 3344 1791 3397 ὅτι
1810 3344 1976 3414 ὀλίγοι

309 3440 517 3512 σφόδρα
538 3439 664 3501 εἰσὶ,
699 3439 794 3492 καὶ
814 3438 988 3511 ταύτῃ
1014 3439 1211 3511 ῥαδίως
1240 3440 1307 3492 ἂν
1330 3439 1410 3511 τῷ
1437 3441 1546 3494 τῶν
1569 3443 1818 3515 πονηρῶν
1841 3443 1976 3515 κρύ-

308 3552 529 3590 πτοιντο
564 3534 796 3603 πλήθειο
835 3533 1107 3605 δεύτερον,
1148 3535 1231 3587 ὅτι
1272 3534 1367 3588 καὶ
1402 3534 1557 3589 αὐτοὶ
1586 3537 1637 3589 οί
1669 3540 1853 3610 μιαροὶ
1883 3540 1978 3594 καὶ

307 3630 738 3700 ἐναγεῖς’ἐκεῖνοι
768 3628 1038 3699 δαίμονες,
1071 3628 1171 3681 οὐκ
1200 3628 1415 3699 ἔχοντες
1445 3631 1645 3702 έτέρως
1671 3632 1978 3701 ἀμύνασθαι

305 3728 436 3790 τοὺς
480 3724 830 3796 ὑπεριδόντας
867 3724 1071 3789 αὑτῶν,
1114 3725 1285 3798 ταύτῃ
1333 3726 1720 3790 σπουδάζουσιν
1752 3730 1974 3786 ἀδικεῖν.

320 3821 541 3893 Ἐπειδὴ
579 3820 820 3901 γάροούκ
868 3819 1093 3893 ἴσχυσαν
1122 3822 1343 3894 καιρίαν
1374 3821 1557 3878 δοῦναι
1597 3824 1832 3898 πληγὴν,
1868 3828 1978 3881 οὐδ’

308 3917 483 3989 αὐτῆς
526 3917 848 3972 καθικέσθαι
880 3921 980 3990 τῆς
1011 3918 1209 3992 ψυχῆς,
1250 3919 1342 3974 τὸν
1389 3920 1521 3991 γοῦν
1553 3921 1749 3988 ἔξωθεν
1795 3925 1979 3990 αὐτοῖς

309 4014 691 4087 περικείμενον
733 4015 941 4087 τρῶσαι
973 4016 1176 4088 κόσμον
1210 4017 1573 4089 ἐπιχειροῦσι,
1615 4020 1711 4074 καὶ
1752 4021 1853 4093 τὴν
1888 4022 1980 4076 εὖ·

311 4111 497 4167 κλειαν
520 4114 739 4168 ἃπασαν
778 4112 1009 4166 ἀνελεῖν.
1052 4111 1215 4165 Ὅθεν
1236 4112 1332 4165 καὶ
1361 4110 1569 4167 πολλῶν
1593 4112 1979 4186 θαυμαζόντων

309 4209 540 4279 ἥκουσα,
566 4208 682 4271 πῶς
706 4207 914 4261 οὐδέπω
933 4208 1026 4261 καὶ
1049 4208 1287 4279 τήμερον
1314 4206 1517 4278 Ιἄμϐρος
1541 4210 1727 4281 ἐτερος
1748 4213 1979 4286 κατηνέ-

312 4304 418 4377 χθη
444 4304 631 4377 πυρὸς,
663 4302 780 4369 πῶς
806 4304 1018 4357 οὐδέπω
1042 4303 1110 4359 τὰ
1128 4303 1237 4358 τῶν
1268 4305 1514 4377 Σοδόμων
1542 4307 1742 4363 ἔπαθεν
1767 4312 1899 4382 ἡμῖν
1944 4313 1979 4385 ἡ

278 4432 281 4435 -
312 4401 490 4465 πόλις,
521 4399 761 4472 τοσούτῳ
790 4400 1175 4474 χαλεπωτέρας
1209 4402 1335 4470 ἀξία
1368 4403 1642 4469 κολάσεως
1672 4403 1828 4473 οὖσα,
1858 4409 1980 4464 ὅσον

319 4497 457 4570 μηδέ
485 4498 599 4561 τοῖς
627 4496 848 4551 ἐκείνων
876 4498 1247 4572 ἐσωφρονίσθη
1286 4504 1478 4566 κακοῖς
1502 4513 1559 4568 ες
1605 4504 1766 4558 Ἀλλά
1804 4506 1981 4561 καίτοι

316 4594 419 4665 τῆς
444 4592 622 4666 χώρας
650 4595 860 4667 ἐκείνης
872 4596 931 4649 ἐν
946 4595 1225 4667 δισχιλίοις
1245 4597 1430 4653 λοιπὸν
1450 4600 1615 4666 ἔτεσι,
1634 4603 1818 4673 φωνῆς
1843 4603 1982 4675 λαμ-

313 4692 580 4762 πρότερον
604 4692 690 4746 διὰ
710 4694 808 4763 τῆς
835 4693 1010 4764 ὅψεως
1039 4695 1173 4766 πρὸς
1201 4696 1418 4751 ἃπασαν
1445 4697 1654 4770 βοώσης
1679 4700 1775 4772 τὴν
1799 4703 1980 4755 οίκου-

316 4788 486 4860 μένην
520 4790 653 4860 μηδέ
690 4791 928 4844 τοιοῦτον
957 4792 1186 4864 τολμᾷν,
1221 4794 1282 4847 ού
1318 4796 1477 4866 μόνον
1505 4798 1603 4851 οὐκ
1635 4800 1981 4873 ὀκνηρότεροι

313 4906 384 4942 πε
394 4888 446 4961 ρὶ
471 4887 569 4960 τὴν
596 4890 867 4959 ἁμαρτίαν
901 4892 1145 4959 ἐγένοντο
1170 4895 1393 4965 ταύτην,
1421 4896 1554 4950 ἀλλά
1585 4900 1680 4953 καὶ
1714 4900 1982 4971 ἰταμώτε-

318 4998 424 5054 ροι,
458 4982 710 5052 καθάπερ
733 4983 1156 5052 φιλονεικοῦντες
1177 4987 1254 5058 τῷ
1275 4989 1413 5059 Θεῷ,
1439 4993 1532 5045 καὶ
1555 4993 1643 5046 διά
1673 4996 1782 5050 τῶν
1808 4997 1984 5069 ἔργων

314 5075 487 5141 δεῖξαι
514 5076 926 5142 σπουδάζοντες,
956 5081 1040 5135 δτι
1066 5082 1306 5154 τοσούτῳ
1333 5088 1446 5149 τοῖς
1482 5091 1674 5153 κακοῖς
1702 5091 1985 5163 ἐπιθήσον-

314 5196 401 5234 ται
431 5178 660 5244 τούτοις,
679 5180 899 5253 ὅσῳπερ
924 5181 991 5235 ἂν
1014 5182 1196 5247 αὐτοῖς
1219 5184 1477 5255 μειζόνως
1496 5188 1600 5240 ἀπε
1610 5188 1713 5260 ιλῇ.
1742 5191 1867 5255 Πῶς
1892 5189 1983 5246 οὖν

313 5275 467 5329 οὐδέν
493 5274 683 5342 γέγονε
710 5273 970 5341 τοιοῦτον,
986 5276 1122 5329 ἀλλά
1146 5277 1213 5329 τά
1231 5278 1331 5349 μὲν
1347 5280 1593 5352 Σοδόμων
1614 5283 1984 5355 ἁμαρτήματα

312 5372 597 5444 τολμᾶται,
634 5371 706 5425 τὰ
734 5371 791 5426 δέ
830 5373 1079 5445 Σοδόμων
1110 5376 1171 5430 ού
1223 5377 1430 5446 γίνεται
1470 5380 1651 5454 πάθης
1691 5383 1817 5438 Ὅτι
1872 5387 1983 5459 πῦρ

314 5468 513 5532 αὐτοὺς
527 5467 613 5521 ἐτε
623 5484 712 5539 ρον
728 5467 1105 5544 χαλεπώτερον
1121 5472 1292 5543 μένει,
1317 5476 1409 5529 καὶ
1430 5476 1650 5542 κόλασις
1668 5480 1765 5533 οὐκ
1787 5480 1909 5552 ἔχου
1918 5502 1984 5537 σα

379 5713 404 5740 ⁸
433 5714 581 5765 Savil.
604 5717 665 5789 in_
680 5722 819 5789 ῑθτιιι
843 5726 892 5771 et
908 5722 1007 5789 guno
1028 5736 1144 5773 mss.
1166 5725 1273 5789 περὶ
1293 5725 1529 5787 γυναῖκας.
1558 5727 1731 5780 Morel.
1758 5735 1812 5781 et
1832 5731 1980 5784 εει-11.

316 5768 539 5843 ἱιιὶιτιστς.
565 5781 670 5841 περὶ
693 5768 1012 5843 τὴν

382 5836 407 5924 ἒ
1002 5845 1150 5920 53m.
1173 5850 1226 5918 gt
1247 5844 1420 5895 Morel.
1446 5848 1675 5924 διέφυγον.

430 5900 539 5945 ι)υο
561 5911 675 5947 mss.
699 5900 798 5965 ὅσω
826 5900 942 5965 μηδὲ
970 5900 1071 5964 τοῖς
1096 5908 1282 5956 ἐκείνων
1309 5900 1680 5973 σωφρονισθῆναι
1705 5914 1886 5972 κακοῖς.

3629 328 3736 384 362

2065 442 2235 506 τέλος.
2267 442 2377 496 Καὶ
2401 441 2513 513 γάρ
2530 440 2639 495 τῶν
2664 440 2770 495 ὑπὸ
2796 439 2889 494 τοῦ
2918 438 3304 511 κατακλυσμοῦ
3327 440 3739 512 διαφθαρέντων

2062 529 2243 600 ποκλῷ
2300 529 2615 600 μιαρώτερα
2664 527 3054 599 τολμησάντων
3100 526 3322 582 ἐκείνων
3353 525 3407 592 ἀ,
3439 528 3548 581 τῶν
3601 543 3739 601 μετα

2062 618 2234 671 ταῦτα
2263 617 2427 684 λέγω,
2460 616 2635 679 οὐδεὶς
2664 615 2722 682 ἐξ
2751 614 2962 668 ἐκείνου
2994 613 3216 683 γέγονεν
3244 613 3450 686 ὄμϐρος
3476 614 3737 681 τοιοῦτος.

2065 704 2358 758 Κάνταῦθα
2390 703 2449 757 δέ
2479 703 2638 757 πάλιν
2667 703 2701 773 ἡ
2747 700 2893 755 αἰτία
2929 702 2963 773 ἡ
2996 701 3166 773 αὐτή’
3200 701 3326 754 ἐπεὶ
3367 702 3512 765 τίνος
3553 703 3740 756 ἕνεκεν

2064 794 2114 846 οἱ
2155 794 2252 862 μὲν
2280 791 2431 863 παρὰ
2462 789 2560 861 τὴν
2588 789 2761 861 ἀρχὴν
2795 787 3098 860 γενόμενοι.
3133 789 3223 842 ὅτε
3249 786 3374 842 οὗτε
3411 788 3741 861 δικαστήρια

2064 879 2154 953 ἦν,
2195 881 2314 935 οὐδέ
2367 881 2641 955 ἀρχόντων
2689 878 2941 933 ἐπέκειτο
2990 876 3190 948 φόϐος,
3224 878 3287 931 οὐ
3337 878 3504 950 νόμος
3557 881 3741 951 παρῆν

2069 971 2324 1036 ἀπειλῶν,
2364 971 2425 1023 ού
2473 968 2769 1040 προφητῶν
2809 966 2969 1038 χορὸς
3005 965 3304 1037 ῥυθμίζων,
3339 966 3400 1020 οὐ
3440 967 3741 1038 προσδοκία

2069 1061 2313 1130 γεέννης,
2340 1058 2400 1112 οὐ
2436 1056 2711 1129 βασιλείας
2741 1055 2918 1122 ἐλπὶς,
2947 1056 3048 1108 οὐκ
3079 1054 3212 1126 άλλη
3241 1055 3549 1124 φιλοσοφία,
3581 1056 3642 1109 οὐ
3669 1056 3744 1110 τά

2071 1147 2323 1220 θαύματα
2354 1147 2422 1201 τὰ
2451 1148 2545 1201 καὶ
2576 1146 2756 1211 λίθους
2787 1144 3093 1214 ἀναστῆσαι
3120 1144 3413 1215 δυνάμενα,
3446 1144 3566 1209 πῶς
3593 1137 3743 1200 οὗτοι

2074 1234 2171 1305 μὲν
2198 1233 2248 1287 οἱ
2293 1234 2520 1304 μηδενὸς
2555 1232 2759 1287 τούτων
2782 1230 3188 1295 ἀπολαύσαντες
3220 1232 3360 1302 ὑπὲρ
3389 1224 3464 1286 ὧν
3493 1232 3744 1307 ἥμαρτον

2070 1320 2336 1393 τοσαύτην
2363 1320 2572 1375 ἔδωκαν
2605 1319 2782 1390 δίκην,
2822 1319 2871 1373 οἱ
2899 1317 2959 1372 δέ
2985 1318 3202 1373 πάντων
3234 1318 3440 1372 τούτων
3472 1336 3743 1391 μετεσχηο

2072 1414 2264 1475 κότες,
2322 1408 2416 1463 καὶ
2455 1408 2658 1479 μεταξὺ
2711 1406 2968 1460 τοσούτου
3018 1405 3219 1471 ζῶντες
3264 1407 3430 1475 φόϐου
3458 1407 3554 1460 καὶ
3584 1406 3743 1460 θείων

2070 1493 2435 1562 δικαστηρίων
2469 1491 2562 1546 καὶ
2596 1490 2976 1562 ἀνθρωπίνων,
3009 1488 3223 1542 οὐδέπω
3269 1488 3364 1541 καὶ
3393 1490 3633 1560 τήμερον
3674 1490 3744 1542 τά

2072 1579 2210 1632 αὐτὰ
2232 1579 2431 1632 ἔπαθον
2449 1578 2696 1640 ἐκείνοις,
2715 1576 3101 1647 χαλεπωτέρας
3118 1575 3267 1638 δντες
3285 1574 3421 1639 ἄξιοι
3438 1574 3739 1638 κολάσεως;

2072 1662 2199 1738 Ἆρ’
2222 1668 2342 1737 οὐχὶ
2368 1669 2463 1719 κα)⁵
2487 1665 2639 1719 παιδὶ
2668 1663 2824 1734 δῆλόν
2849 1666 3021 1726 ἐστιν,
3050 1663 3133 1715 ὅτι
3156 1662 3489 1733 σφοδροτέρα
3513 1661 3741 1732 τηροῦν-

2072 1769 2164 1806 ται
2193 1752 2349 1823 δίκῃς
2390 1753 2453 1805 El
2511 1750 2621 1823 γὰρ
2658 1752 2821 1822 ἡμεῖς
2851 1747 3186 1821 ὀργιζόμεθα
3217 1748 3390 1811 οὕτως
3422 1752 3517 1802 καὶ
3542 1750 3745 1817 ἀγανα-

2074 1837 2330 1910 κτοῦμεν,
2363 1839 2394 1891 ὀ
2432 1837 2563 1901 Θεὸς
2594 1838 2624 1891 ὁ
2656 1837 2872 1891 πάντων
2913 1832 3145 1908 μάλιστα
3168 1833 3263 1888 τοῦ
3294 1835 3402 1888 τῶν
3442 1834 3744 1907 ἀνθρώπων

2074 1924 2263 1992 γένους
2288 1923 2602 1995 κηδόμενος,
2629 1924 2724 1976 καὶ
2748 1923 2844 1993 τὴν
2872 1922 3070 1977 κακίαν
3102 1921 3307 1993 σφόδρα
3336 1923 3745 1993 ἀποστρεφόμε-

2074 2027 2161 2074 νος
2190 2010 2286 2063 καὶ
2323 2009 2518 2075 μισῶν,
2552 2008 2669 2074 πῶς
2701 2011 2988 2079 ἀνάσχοιτο
3012 2009 3183 2061 ταῦτα
3209 2007 3512 2079 τολμᾶσθαι
3540 2010 3746 2079 ἀτιμω-

2080 2096 2231 2166 ρητί;
2267 2097 2381 2149 Οὐκ
2412 2096 2527 2150 ἔστι
2553 2097 2748 2162 ταῦτα,
2778 2097 2879 2151 οὑκ
2921 2095 3095 2149 ἐστιν’
3136 2096 3254 2149 ἀλλ’
3290 2096 3499 2150 ἐποίσει
3532 2097 3746 2159 πάντως

2076 2186 2258 2248 αὐτοῖς
2280 2184 2376 2255 τὴν
2398 2188 2557 2256 χεῖρα
2579 2187 2677 2256 τὴν
2698 2184 2986 2257 κραταιάν,
3011 2186 3107 2237 καὶ
3132 2184 3231 2255 τὴν
3251 2184 3467 2255 πληγὴν
3494 2184 3594 2255 τὴν
3612 2184 3746 2253 ἀφό-

2079 2290 2259 2346 ρητον,
2289 2275 2383 2327 καὶ⁵
2412 2273 2522 2347 [90]
2555 2274 2663 2328 τῶν
2697 2273 3129 2346 βασανιστηρίων
3158 2274 3258 2345 τὴν
3290 2273 3481 2345 ὀδύνην
3505 2272 3744 2337 ἐκείνων,

2077 2359 2219 2412 οὕτω
2233 2377 2246 2417 :
2259 2356 2422 2413 οὖσαν
2443 2361 2798 2432 χαλεπὴνξὼς
2812 2360 2884 2413 τά
2904 2360 2964 2414 ἐν
2983 2361 3238 2431 Σοδόμοις
3263 2361 3408 2432 πάθη
3425 2362 3561 2433 πρὸς
3577 2361 3748 2414 ταῦτα

2079 2448 2534 2520 παραϐαλλόμενα
2564 2449 2791 2517 παίγνια
2820 2443 2959 2503 εἶναι
2992 2447 3328 2520 νομίζεσθαι.
3363 2449 3527 2512 Τίνας
3554 2447 3663 2520 γὰρ
3686 2450 3748 2501 οὐ

2079 2536 2404 2608 παρήλασαν
2426 2531 2570 2592 οῦτοι
2601 2537 2930 2609 βαρϐάρους,
2950 2537 3121 2591 ποίων
3141 2536 3346 2609 θηρίων
3366 2537 3522 2607 γένος
3542 2537 3628 2591 διὰ
3651 2537 3750 2609 τῆς

2080 2622 2434 2693 ἀναισχύντου
2483 2624 2679 2696 μίξεως
2703 2623 2938 2695 ταύτης;
2967 2624 3156 2677 Ἔστιν
3183 2622 3241 2677 ἔν
3271 2641 3380 2678 τισι
3407 2623 3514 2677 τῶν
3540 2623 3749 2693 ἀλόγων

2080 2707 2294 2783 οἶστρος
2328 2714 2522 2777 πολὺς,
2567 2712 2660 2766 καὶ
2700 2711 2968 2783 ἐπιθυμία
3006 2712 3308 2783 ἀφόρητος,
3367 2713 3564 2783 μανίας
3598 2712 3751 2765 οὐδὲν

2080 2798 2435 2872 διαφέρουσα·
2467 2802 2584 2856 ἀλλ’
2616 2804 2768 2872 ὅμως
2793 2802 2983 2856 τοῦτον
3008 2803 3108 2856 οὑκ
3135 2798 3243 2856 οἶδε
3275 2803 3365 2855 τὸν
3392 2802 3591 2874 ἔρωτα,
3636 2802 3749 2855 ἀλλ’

2080 2889 2310 2959 ἔστηκεν
2344 2890 2473 2944 εῖσω
2501 2890 2609 2943 τῶν
2638 2891 2736 2961 τῆς
2765 2889 2979 2961 φύσεως
3025 2892 3187 2963 δρωνο
3220 2890 3324 2944 κᾶν
3356 2892 3614 2962 μυριάκις
3651 2908 3750 2943 κα-

2082 2974 2276 3046 χλάζῃ.
2312 2977 2438 3040 τοὺς
2478 2977 2576 3047 τῆς
2623 2975 2837 3045 φύσεως
2870 2978 2970 3031 οὑκ
3013 2976 3307 3049 ἀνατρέπει
3340 2978 3556 3048 νόμους.
3594 2978 3658 3029 Οί
3694 2978 3751 3030 δὲ

2081 3063 2291 3130 λογικοὶ
2316 3063 2497 3134 δῆθεν,
2524 3065 2619 3119 καὶ
2643 3063 2792 3129 θείας
2825 3063 3233 3128 ἀπολαύσαντες
3262 3064 3632 3127 διδασκαλίας,
3658 3064 3752 3116 καὶ

2081 3148 2142 3201 τὸ
2182 3150 2447 3220 πρακτέον
2474 3151 2567 3204 καὶ
2598 3151 2660 3205 τὸ
2691 3156 2767 3223 μὴ
2798 3151 3042 3207 τοιοῦτον
3073 3152 3282 3225 ἑτέροις
3323 3151 3750 3223 διαγορεύοντες,

2084 3236 2177 3288 καὶ
2201 3237 2546 3309 γραμμάτων
2568 3238 2629 3304 ἐξ
2652 3239 2879 3311 ούρανοῦ
2904 3240 3258 3293 καταϐάντων
3274 3238 3628 3301 ἀκούσαντες,
3654 3236 3752 3305 οὑχ

2083 3321 2254 3386 οὕτως
2277 3323 2447 3389 ἀδεῶς
2468 3328 2587 3391 ταῖς
2611 3327 2861 3397 πόρναις,
2885 3327 3073 3398 ὥσπερ
3092 3329 3206 3389 τοῖς
3226 3328 3365 3389 νέοις
3388 3324 3749 3393 συγγίνονται.

2085 3407 2349 3481 Καθάπερ
2366 3410 2475 3481 γάρ
2495 3412 2631 3482 μήτε
2648 3411 2746 3465 ἀνθ
2755 3410 2952 3483 ρώπων
2969 3412 3157 3475 ὄντων,
3185 3412 3322 3482 μήτε
3347 3410 3603 3482 προνοίας
3618 3408 3751 3463 Θεοῦ

2084 3495 2419 3568 ἐφεστώσης,
2451 3501 2544 3553 καὶ
2571 3499 2900 3570 δικαζούσης
2932 3502 3046 3563 τοῖς
3076 3499 3397 3570 γινομένοις,
3427 3498 3541 3551 ἀλλ’
3566 3497 3754 3569 ὥσπερ

2086 3584 2277 3636 σκότου
2312 3585 2491 3638 πάντα
2517 3586 2935 3649 καταλαϐόντος,
2970 3587 3066 3640 καὶ
3095 3586 3319 3657 μηδενὸς
3353 3588 3492 3656 μήτε
3519 3583 3755 3656 ὁρῶντος

2083 3672 2273 3738 ταῦτα,
2310 3676 2445 3746 μήτε
2476 3675 2785 3740 ἀκούοντος,
2815 3676 2957 3729 οὕτω
2995 3677 3172 3730 πάντα
3202 3676 3462 3745 τολμῶσι,
3494 3676 3589 3726 καὶ
3615 3672 3756 3744 μετά

2083 3760 2352 3833 τοσαύτης
2374 3761 2589 3831 μανίας.
2612 3764 2675 3815 υί
2695 3763 2750 3816 δέ
2772 3761 2881 3815 τῶν
2903 3761 3271 3834 ὑϐριζομένων
3291 3761 3495 3813 παίδων
3519 3760 3758 3831 πατέρες

2085 3847 2311 3919 φέρουσι
2333 3848 2507 3903 ταῦτα
2536 3852 2684 3922 σιγῇ,
2712 3849 2806 3904 καὶ
2827 3850 2887 3904 οὑ
2914 3850 3304 3920 κατορύττουσι
3333 3849 3470 3920 μετά
3491 3847 3600 3901 τῶν
3626 3847 3759 3900 παί-

2083 3934 2190 3988 δων
2215 3935 2462 4000 ἑαυτοὺς,
2488 3935 2609 3989 οὑδέ
2638 3936 2912 3991 ἐπινοοῦσι
2937 3953 3059 3992 τινα
3083 3935 3437 4009 παραμυθίαν
3464 3933 3544 4006 τῷ
3574 3933 3751 4006 κακῷ.

2086 4020 2151 4077 El
2197 4025 2307 4095 γάρ
2341 4026 2421 4088 είς
2463 4026 2762 4100 ὑπερορίαν
2808 4028 2915 4081 ἀπὸ
2941 4026 3147 4099 ταύτης
3195 4026 3420 4081 ἑλκύσαι
3454 4027 3555 4098 τῆς
3599 4025 3753 4080 νόσου

2083 4111 2212 4175 τοὺς
2236 4114 2374 4177 υίεῖς
2398 4112 2525 4180 ἔδει,
2560 4116 2610 4168 εἰ
2635 4114 2745 4188 γὰρ
2778 4117 2857 4179 εἰς
2884 4115 3179 4181 θάλασσαν,
3210 4116 3259 4169 εί
3289 4113 3396 4186 γὰρ
3427 4115 3507 4178 είς
3536 4115 3750 4183 νήσους.

2086 4200 2136 4252 εἰ
2160 4200 2273 4272 γὰρ
2295 4202 2375 4266 είς
2400 4202 2601 4256 ἄϐατον
2629 4203 2734 4273 γῆν
2751 4244 2766 4269 ,
2800 4204 2849 4256 εἰ
2886 4204 2996 4276 γὰρ
3017 4205 3095 4267 είς
3118 4203 3215 4276 τὴν
3243 4204 3384 4272 ὑπὲρ
3405 4204 3552 4274 ἡμᾶς
3576 4203 3751 4255 οίκου-

2090 4285 2277 4357 μένην,
2300 4287 2399 4340 οὐκ
2418 4287 2524 4341 ἔδει
2546 4289 2724 4343 πάντα
2743 4289 2964 4359 ποιῆσαι
2987 4292 3081 4344 καὶ
3108 4292 3297 4344 παθεῖν
3319 4290 3461 4344 ὥστε
3486 4291 3560 4361 μὴ
3583 4287 3752 4342 ταῦτα

2086 4372 2339 4442 γενέσθαι
2374 4373 2443 4428 τὰ
2488 4375 2801 4446 μιάσματα;
2843 4376 2985 4430 Ἀλλ’
3010 4377 3061 4430 εί
3101 4378 3204 4448 μὲν
3239 4378 3488 4431 ἐπίνοσόν
3517 4394 3620 4430 που
3662 4377 3754 4430 καὶ

2087 4459 2334 4530 λοιμικὸν
2363 4461 2478 4514 ἐστι
2503 4463 2724 4534 χωρίον,
2755 4463 2855 4520 οὐκ
2883 4463 3164 4535 ἀπάξομεν
3181 4465 3299 4517 ἐκεῖ
3320 4466 3446 4527 τοὺς
3468 4463 3627 4527 υἱεῖς,
3653 4462 3752 4516 κᾶν

2091 4547 2302 4617 μεγάλα
2324 4548 2628 4620 κερδαίνειν
2654 4550 2910 4622 μέλλωσι,
2939 4552 3042 4606 κᾶν
3073 4552 3278 4624 σφόδρα
3304 4551 3530 4620 ὑγιεινοὶ
3556 4551 3755 4620 τυγχά-

2087 4652 2251 4687 νωσιν
2293 4636 2480 4703 δντες;
2521 4639 2640 4691 νυνὶ
2682 4638 2740 4692 δέ
2778 4638 3047 4710 τοσαύτης
3095 4641 3166 4693 τά
3213 4640 3389 4693 πάντα
3422 4638 3754 4708 κατεχούσης

2087 4719 2285 4792 λύμης.
2315 4724 2375 4777 οὐ
2406 4723 2564 4794 μόνον
2590 4726 2744 4779 αὐτοὶ
2777 4726 2913 4797 πρὸς
2945 4726 3116 4780 ταῦτα
3143 4726 3372 4797 ἕλκομεν
3402 4726 3475 4779 τά
3508 4726 3754 4796 βάραθρα

2089 4809 2307 4872 αὐτοὺς,
2325 4810 2459 4865 ἀλλὰ
2478 4811 2576 4865 καὶ
2595 4812 2722 4876 τοὺς
2741 4811 3045 4881 ἀπαλλάξαι
3069 4812 3422 4884 βουλομένους
3444 4813 3521 4876 ὡς
3542 4810 3754 4882 λυμεῶ-

2089 4911 2185 4957 νας
2227 4896 2620 4967 ἀπελαύνομεν.
2670 4900 2781 4953 Καὶ
2824 4899 2998 4971 πόσης
3041 4901 3142 4954 ούκ
3182 4898 3310 4965 ἀξια
3346 4898 3520 4953 ταῦτα
3566 4898 3753 4970 ὀργῆς,

2089 4982 2271 5035 πόσων
2302 4986 2582 5052 σκηπτῶν.
2613 4986 2740 5039 ὅταν
2768 4986 2867 5057 τὴν
2895 4989 2992 5057 μέν
3010 4986 3258 5055 γλῶτταν
3284 4988 3469 5048 αὐτοῖς
3497 4985 3753 5039 ἐκκαθαί-

2091 5086 2205 5140 ρειν
2232 5068 2322 5121 διὰ
2350 5069 2450 5139 τῆς
2478 5070 2676 5134 ἔξωθεν
2712 5075 2902 5142 σοφίας
2929 5074 3339 5146 σπουδάζωμεν,
3374 5074 3474 5146 τὴν
3502 5074 3558 5126 δὲ
3581 5073 3757 5143 ψυχὴν

2090 5158 2148 5209 ἐν
2182 5155 2327 5226 αὐτῷ
2354 5158 2454 5228 τῆς
2484 5158 2771 5227 ἀσελγείας
2800 5160 2875 5232 τῷ
2906 5161 3150 5233 βορϐόρῳ
3179 5162 3437 5234 κειμένην
3464 5162 3558 5215 καὶ
3592 5178 3756 5231 σηποο

2092 5242 2260 5313 μένην
2286 5242 2572 5309 διαπαντὸς
2603 5245 2677 5317 μὴ
2704 5247 2863 5317 μόνον
2887 5249 3234 5319 περιορῶμεν
3251 5257 3296 5314 ε,
3320 5248 3458 5302 ἀλλά
3484 5250 3580 5303 καὶ⁸
3602 5252 3753 5319 ἐγερο

2092 5329 2249 5399 θῆναι
2278 5330 2605 5404 βουλομένην
2633 5334 2960 5405 κωλύωμεν;
3005 5335 3126 5391 Ἔτι
3161 5331 3255 5391 οὖν
3278 5336 3538 5408 τολμήσει
3564 5354 3647 5401 τις
3678 5337 3752 5389 είο

2091 5419 2325 5482 πεῖν,ὄτι
2345 5419 2566 5474 δυνατὸν
2590 5421 2829 5492 σωθῆναι
2848 5424 2972 5487 τοὺς
2995 5425 3052 5476 ἐν
3071 5423 3334 5487 τοιούτοις
3354 5424 3511 5487 δντας
3537 5426 3749 5488 κακοῖςς

2091 5505 2294 5570 Πόθεν;
2322 5507 2384 5559 Οί
2414 5509 2513 5577 μὲν
2537 5509 2645 5581 γὰρ
2668 5509 2768 5581 τὴν
2795 5508 2904 5564 τῶν
2929 5512 3241 5566 ἀκολάστων
3265 5513 3618 5582 διαφυγόντες
3658 5528 3754 5582 μα-

2089 5591 2208 5643 νίαν
2249 5593 2441 5663 (ὀλίγοι
2472 5595 2529 5650 δέ
2563 5598 2700 5650 εἰσιν
2741 5592 2927 5667 οὗτοι).
2973 5600 3099 5663 τοὺς
3136 5601 3487 5670 τυραννικοὺς
3519 5599 3752 5661 ἐκείνους

2089 5677 2319 5749 ἔρωτας,
2334 5681 2429 5734 καὶ
2453 5683 2519 5735 τά
2540 5682 2716 5738 πάντα
2731 5685 3164 5757 διαφθείροντας,
3181 5687 3308 5750 τοὺς
3327 5686 3435 5739 τῶν
3459 5704 3565 5758 χρη
3574 5686 3753 5757 μάτων

2157 5781 2360 5859 ἳὲθγίέο
2382 5784 2429 5833 in
2450 5789 2591 5859 ιριιιι
2616 5789 2668 5859 ει
2689 5785 2786 5859 quo
2808 5800 2922 5839 mss.
2953 5789 3293 5851 τυλμησάντων
3311 5790 3500 5853 mpm.
3529 5789 3682 5841 εινιι.
3703 5786 3749 5837 ω

2090 5854 2243 5951 111³τὲ.
2264 5844 2603 5903 τολμησάντων
2624 5847 2831 5897 ἐκείνων.

2151 5903 2170 5925 ⁸
2231 5905 2277 5951 κ
2299 5916 2409 5951 mss.
2440 5912 2492 5951 et
2523 5907 2587 5951 ita
2612 5907 2729 5951 legit
2760 5912 2823 5951 int

2251 5915 2277 5950 c
2299 5916 2409 5953 mss.
2440 5912 2492 5955 et
2522 5907 2587 5956 ita
2612 5907 2729 5971 legit
2760 5912 3003 5973 interpres
3048 5911 3179 5964 Ε.όὶίὶ
3216 5926 3332 5963 vero
3357 5916 3556 5967 όβῷυιν.
