4124 6144
351 262 450 318 861

348 374 446 431 sed
487 374 761 432 naturales
796 377 925 446 ipsae
973 377 1115 449 leges
1143 389 1474 436 evertuntur.
1501 382 1670 438 Parva
1706 398 1792 439 res
1816 383 1926 455 jam

350 476 432 519 est
464 465 530 519 nd
558 466 904 535 impudicitiae
932 468 1189 523 rationem
1218 469 1494 525 foruicatio
1529 488 1542 525 :
1583 487 1647 527 ac
1674 474 1926 543 quemad-

351 553 566 608 modum
592 554 644 610 in
672 554 965 623 doloribus,
989 557 1076 627 qui
1104 559 1384 613 vblentior
1412 563 1718 630 supervenit
1737 564 1928 633 prioris

348 660 565 702 sensum
592 649 772 703 obruit
802 690 818 715 ,
849 650 927 705 sic
969 659 1022 704 et
1053 649 1211 720 hujus
1252 655 1589 708 contumelia:
1617 655 1927 724 magnitudo

351 753 456 792 non
494 739 774 808 permittit,
804 749 862 793 ut
902 740 1042 809 quod
1070 758 1193 796 vere
1215 741 1546 799 intolerabile
1590 753 1692 810 est,
1710 745 1818 814 jam
1847 745 1927 819 in-

352 828 630 882 tolerabile
672 828 919 884 videatur
943 870 962 897 ,
1001 830 1253 886 obscmna
1305 826 1496 902 nempe
1537 848 1657 888 cum
1690 834 1926 890 mulieri-

349 916 451 971 bus
473 918 695 971 ‘libido.
721 917 1018 988 Optandum
1043 921 1185 974 enim
1213 921 1422 976 videtur
1442 937 1597 992 posse
1622 923 1925 992 hujusmodi

349 1008 481 1064 retia
508 1008 740 1080 effugere
777 1028 790 1062 :
821 1011 1221 1082 periculumque
1258 1022 1341 1069 est
1373 1028 1440 1067 ne
1465 1027 1625 1067 sexus
1652 1014 1927 1069 muliebris

346 1101 454 1171 jam
502 1102 801 1171 superfluus
836 1101 1095 1157 efficiatur
1121 1144 1138 1170 ,
1166 1103 1592 1161 adolescentibus
1622 1107 1768 1162 vices
1809 1107 1927 1177 ejus

349 1206 537 1246 omnes
567 1193 926 1261 implentibus.
954 1193 1105 1262 Quod
1131 1195 1502 1265 gravissimum
1529 1211 1660 1253 sane
1684 1207 1766 1253 est
1792 1237 1809 1263 ,
1830 1195 1924 1254 sed

349 1283 507 1353 longe
530 1284 767 1339 atrocius
797 1285 937 1353 quod
967 1301 1054 1340 res
1082 1297 1186 1340 tam
1213 1285 1540 1341 exsecranda
1573 1287 1773 1357 ingenti
1799 1303 1922 1343 cum

347 1371 563 1426 audacia
595 1383 928 1443 perpetretur
955 1416 970 1439 ,
1002 1376 1070 1428 ita
1107 1385 1163 1429 ut
1211 1375 1415 1430 facinus
1434 1375 1570 1431 adeo
1596 1377 1922 1447 illcgitimum

347 1463 401 1517 in
430 1463 601 1533 legem
628 1462 917 1519 transierit.
945 1463 1112 1519 Nemo
1131 1465 1241 1536 jam
1271 1467 1479 1527 metuit,
1508 1482 1666 1521 nemo
1694 1467 1927 1538 perhor‘

350 1554 509 1609 rescit
533 1596 549 1620 ,
590 1570 747 1609 nemo
771 1566 982 1611 veretur
1008 1567 1097 1613 aut
1123 1559 1391 1613 erubescit
1421 1600 1436 1623 ,
1481 1559 1573 1615 sed
1598 1560 1749 1629 quasi
1776 1561 1842 1615 de
1869 1574 1926 1615 re

350 1644 487 1699 bene
512 1653 660 1716 gesta
687 1645 925 1711 ridetur;
952 1647 1049 1717 ipsi
1091 1658 1450 1717 temperantes
1470 1649 1708 1706 insanire
1729 1649 1921 1705 viden-

348 1742 454 1797 tur,
477 1743 532 1788 et
554 1733 847 1791 munitores
873 1735 1084 1801 furere;
1116 1738 1205 1806 qui
1231 1739 1274 1791 si
1303 1738 1680 1794 imbecilliores
1706 1738 1922 1805 fuerint,

345 1822 658 1879 verberibus
686 1824 1021 1891 afficiuntur;
1071 1828 1153 1881 sin
1183 1829 1507 1896 potentiores
1531 1870 1547 1895 ,
1580 1829 1876 1885 irridentur
1904 1871 1920 1895 ,

344 1914 658 1979 illuduntur,
688 1930 750 1968 ac
779 1917 989 1986 probris
1015 1930 1399 1988 resperguntur
1430 1919 1745 1975 innumeris.
1773 1919 1921 1975 Nihil

338 2004 451 2075 jam
479 2005 782 2072 tribunalia,
810 2007 941 2061 nihil
964 2009 1110 2079 leges
1133 2010 1344 2066 valent:
1370 2026 1474 2065 non
1496 2009 1792 2082 paedagogi,
1818 2026 1922 2065 nun

344 2105 544 2164 patres,
572 2114 679 2152 non
709 2100 949 2163 asseclze,
975 2116 1078 2153 non
1107 2099 1370 2171 magistri:
1400 2101 1487 2156 alii
1515 2104 1658 2158 enim
1683 2102 1924 2172 pecuniis

343 2189 580 2259 corrupti
600 2189 851 2258 sunt,alii
882 2190 932 2243 id
955 2191 1125 2244 solum
1148 2201 1403 2246 curantut
1425 2207 1633 2249 merces
1659 2192 1922 2249 solvatur:

342 2295 410 2335 ex
459 2280 524 2334 iis
560 2295 686 2335 vero
720 2280 812 2350 qui
858 2280 995 2351 frugi
1043 2292 1210 2349 sunt,
1249 2289 1303 2335 et
1354 2281 1455 2337 sibi
1485 2280 1920 2338 concreditorum

342 2372 502 2426 saluti
576 2373 969 2442 prospiciunt,
1043 2373 1136 2428 alii
1205 2373 1362 2429 facile
1434 2375 1923 2431 circumveniuntur

342 2476 406 2514 ac
450 2461 782 2530 decipiuntur
809 2503 823 2525 ,
865 2461 956 2516 alii
993 2462 1379 2534 impudicorum
1416 2465 1704 2535 potentiam
1736 2459 1924 2521 refor-

342 2547 565 2603 midant.
619 2549 849 2606 Facilius
908 2554 1048 2607 enim
1103 2554 1346 2608 elabatur
1391 2555 1481 2625 qui
1544 2556 1596 2611 in
1660 2556 1922 2612 affectata:

344 2639 635 2711 tyrannidis
708 2641 1064 2714 suspicionem
1127 2646 1383 2711 venerit,
1446 2662 1607 2716 quam
1684 2648 1920 2715 ipsorum

342 2745 534 2784 manus
582 2729 801 2802 effugiat
868 2733 956 2802 qui
1023 2749 1217 2803 pueros
1278 2734 1346 2788 ab
1414 2737 1755 2792 exsecrandis
1812 2738 1923 2794 illis

342 2819 647 2875 hominibus
685 2822 951 2878 abducere
978 2825 1277 2879 tentaverit.
1321 2825 1410 2880 Sic
1453 2825 1644 2882 mediis
1694 2828 1746 2881 in
1778 2827 1921 2883 urbi-

340 2912 462 2979 bus,
492 2913 644 2983 quasi
689 2915 743 2969 in
786 2923 935 2968 vasta
964 2915 1270 2983 solitudine,
1312 2918 1532 2973 masculi
1569 2920 1620 2972 in
1654 2920 1919 2976 masculos

342 3005 718 3076 turpitudinem
745 3012 1014 3062 exercent.
1040 3006 1191 3076 Quod
1216 3008 1261 3063 si
1287 3010 1376 3078 qui
1402 3008 1503 3064 hos
1533 3009 1753 3080 laqueos
1781 3010 1917 3065 etfu-

335 3107 534 3176 gerint,
567 3105 766 3158 malam
800 3112 985 3159 tamen
1014 3106 1405 3161 sceleratorum
1444 3103 1644 3158 famam
1689 3103 1905 3160 difficile

334 3197 584 3249 vitabunt
610 3212 622 3247 :
659 3195 830 3264 primo
852 3194 1095 3265 quidem,
1124 3194 1251 3264 quia
1274 3193 1566 3249 admodum
1593 3196 1753 3264 pauci
1779 3210 1904 3251 cum

334 3286 465 3352 sint,
496 3285 868 3354 improborum
895 3283 1247 3339 multitudine
1269 3282 1429 3338 facile
1446 3282 1789 3339 obruuntur?
1817 3298 1902 3340 se~

331 3375 534 3441 eundo,
559 3376 689 3446 quia
712 3376 1018 3432 detestandi
1042 3376 1119 3431 illi
1142 3393 1206 3431 ac
1227 3377 1442 3433 scelesti
1460 3377 1755 3442 daemones,
1780 3391 1905 3430 cum

331 3473 739 3536 contemptores
772 3482 903 3523 suos
928 3468 1037 3521 alio
1063 3466 1226 3522 modo
1256 3466 1456 3523 ulcisci
1485 3477 1780 3537 nequeant.
1805 3467 1908 3520 hac

329 3555 416 3608 via
431 3555 623 3610 laedere
638 3565 922 3610 conantur.
944 3555 1082 3621 Quia
1097 3555 1240 3612 enim
1261 3556 1418 3612 letale
1435 3557 1544 3612 illis
1559 3557 1756 3611 vulnus
1775 3555 1910 3610 inﬂi-

328 3661 456 3716 gere
469 3662 576 3701 non
592 3656 842 3719 possunt,
862 3664 1039 3718 neque
1054 3663 1226 3719 usque
1240 3650 1307 3704 ad
1324 3649 1559 3704 animam
1577 3647 1905 3721 pertingere,

334 3730 664 3795 exteriorem
701 3741 894 3796 saltem
943 3750 1196 3797 ornatum
1240 3742 1453 3807 laedere,
1489 3743 1795 3812 bonamque
1829 3741 1909 3796 fa-

328 3849 470 3889 mam
514 3849 726 3889 omnem
773 3833 982 3889 auferre
1028 3834 1290 3888 nituntur.
1332 3829 1689 3896 Quamobrem
1718 3834 1917 3889 multos

325 3924 525 3990 audivi,
567 3927 657 3996 qui
699 3940 759 3981 se
787 3926 967 3980 mirari
997 3925 1258 3988 dicerent,
1294 3921 1435 3991 qnod
1459 3921 1693 3977 nondum
1724 3922 1912 3979 hodie-

326 4032 431 4086 que
472 4017 645 4072 imber
692 4016 829 4072 alius
874 4018 1059 4088 igneus
1087 4016 1338 4085 delapsus
1382 4013 1472 4079 sit,
1517 4015 1766 4085 quodque
1806 4031 1911 4071 non

326 4107 472 4176 paria
520 4122 642 4162 cum
685 4106 933 4162 Sodomis
974 4107 1102 4161 urbs
1149 4117 1329 4161 nostra
1358 4117 1514 4177 passa
1556 4104 1647 4171 sit,
1689 4120 1809 4176 quae
1847 4121 1914 4162 eo

325 4199 573 4266 graviore
617 4197 879 4268 supplicio
923 4197 1082 4268 digna
1123 4205 1228 4263 est,
1260 4211 1367 4267 quo
1409 4212 1481 4253 ne
1510 4194 1656 4252 illius
1699 4196 1910 4265 quidem

326 4291 494 4346 cladis
523 4292 769 4362 exemplo
798 4291 1133 4348 emendatur.
1176 4291 1375 4346 Verum
1405 4288 1617 4346 etiamsi
1649 4289 1734 4343 illa
1762 4289 1913 4358 regio

327 4385 396 4440 ab
420 4386 579 4441 anuis
606 4385 688 4441 bis
728 4383 876 4440 mille
915 4398 1048 4440 voce
1075 4383 1314 4454 qualibet
1354 4382 1642 4439 clariorem
1680 4397 1911 4450 conspe-

326 4487 471 4531 ctum
498 4473 760 4546 praeferat,
794 4489 900 4546 quo
920 4474 1037 4530 orbi
1067 4474 1314 4529 universo
1337 4473 1532 4528 clamat
1562 4489 1629 4528 ne
1651 4472 1778 4544 quid
1805 4471 1907 4528 hu-

322 4566 554 4636 iusmodi
581 4566 793 4633 audeat,
819 4581 926 4620 non
968 4564 1129 4620 modo
1158 4565 1433 4636 segniores
1461 4564 1527 4620 ad
1558 4565 1661 4620 hoc
1705 4567 1910 4621 facinus

330 4657 453 4713 facti
483 4674 589 4711 non
638 4665 782 4723 sunt,
812 4656 908 4713 sed
936 4656 1096 4712 etiam
1125 4668 1250 4710 sunt
1284 4655 1733 4724 impudentiores:
1765 4672 1827 4711 ac
1861 4658 1907 4712 si

326 4765 449 4805 cum
496 4749 606 4803 Deo
630 4747 979 4812 contendant,
1022 4756 1182 4817 atque
1212 4747 1463 4816 operibus
1491 4746 1766 4801 declarare
1793 4757 1908 4802 stu-

327 4843 489 4898 deant
536 4855 655 4896 sese
704 4850 851 4895 tanto
894 4840 1064 4912 magis
1114 4840 1198 4893 his
1247 4839 1399 4895 malis
1442 4839 1721 4894 dedituros
1764 4855 1903 4903 esse.

326 4942 528 5004 quanto
556 4932 790 5002 majores
832 4932 924 4988 ille
969 4947 1152 5002 poenas
1178 4933 1533 4986 comminatus
1579 4929 1755 4987 fuerit.
1802 4932 1909 4988 Cur

325 5039 455 5094 ergo
488 5023 620 5078 nihil
648 5021 845 5077 factum
871 5030 955 5078 est
998 5021 1332 5093 hujusmodi:
1363 5021 1460 5078 sed
1499 5037 1620 5076 cum
1647 5021 1908 5078 Sodomo-

325 5132 442 5173 tum
468 5116 676 5172 scelera
716 5115 1086 5181 admittantur,
1117 5115 1472 5171 Sodomorum
1515 5123 1693 5169 tamen
1726 5114 1906 5170 clades

326 5224 435 5264 non
460 5208 811 5278 contingunt?
838 5208 971 5276 Quia
1002 5216 1181 5264 manet
1209 5222 1303 5264 eos
1331 5208 1465 5277 ignis
1492 5208 1648 5278 longe
1672 5208 1904 5278 gravior,

323 5310 379 5354 et
403 5300 725 5369 supplicium
757 5298 917 5355 finem
946 5313 1052 5353 non
1083 5298 1407 5353 habiturum.
1436 5297 1568 5352 Nam
1594 5313 1715 5351 cum
1737 5297 1907 5351 multo

323 5390 569 5461 graviora
599 5391 825 5454 scelera,
854 5405 1012 5459 quam
1044 5389 1078 5443 ii
1103 5388 1192 5459 qui
1219 5388 1372 5458 aquis
1395 5387 1580 5442 diluvii
1610 5388 1899 5456 perierunt,

323 5482 539 5552 plurimi
575 5490 757 5551 postea
780 5480 1117 5546 admiserint,
1146 5480 1317 5535 nullus
1349 5488 1526 5535 tamen
1568 5479 1740 5535 imber
1764 5478 1905 5547 ejus-

382 5636 401 5667 ι
436 5633 664 5697 sicsavil.
689 5636 739 5685 in
758 5641 898 5687 textu
922 5641 975 5687 et
996 5634 1093 5685 duo
1114 5640 1243 5697 ttss.;
1261 5632 1420 5686 Morel.
1436 5639 1488 5685 et
1500 5629 1641 5685 savii.
1664 5627 1714 5683 in
1730 5642 1906 5695 marg"

319 5712 430 5750 cum
454 5696 674 5749 muliere.

1060 264 1420 324 ADVERSUS
1454 267 2003 329 OPPUGNATORES
2041 273 2226 338 ἫΤῶ
2261 276 2548 337 HONAST.
2592 281 2719 340 LIB.
2763 283 2853 347 ιιι.

3495 294 3599 349 362

2031 388 2174 444 modi
2218 398 2554 462 postmodum
2595 398 2808 455 accidit.
2835 400 3033 456 Eadem
3061 402 3147 459 hic
3187 418 3396 476 quoque
3442 423 3600 462 causa

2029 480 2299 540 afferenda
2317 495 2419 542 est.
2465 487 2573 543 Cur
2597 489 2739 545 enim
2766 492 2823 558 ii,
2850 493 2937 563 qui
2973 497 3130 565 paulo
3160 507 3280 566 post
3307 500 3487 554 mundi
3515 501 3599 554 in-

2031 570 2182 627 itium
2229 573 2462 639 fuerunt,
2491 593 2611 632 cum
2655 595 2828 651 neque
2856 583 3138 639 tribunalia
3182 596 3383 653 essent,
3428 603 3600 657 nequo

2030 664 2426 734 magistratuum
2449 678 2622 726 metus
2657 672 2975 740 immineret,
3007 690 3114 731 non
3144 676 3276 747 legis
3302 681 3597 734 commina-

2029 753 2124 819 tio,
2146 770 2251 809 nun
2284 757 2661 826 prophetarum
2708 762 2924 828 chorus,
2955 767 3045 834 qui
3076 767 3464 835 moderaretur,
3497 786 3600 825 non

2027 848 2354 916 ex5pectatio
2380 850 2656 920 gehennae,
2690 867 2795 907 non
2825 855 2971 924 regni
2999 872 3149 925 spes,
3180 874 3286 913 non
3326 859 3427 915 alia
3472 861 3592 929 phi-

2026 936 2290 1007 losophia,
2320 954 2425 994 non
2454 941 2724 1008 miracula,
2756 959 2876 1015 qua:
2903 956 3122 1014 possent
3152 948 3239 1004 vel
3267 949 3470 1019 lapides
3496 967 3592 1005 ex-

2026 1027 2225 1083 citare:
2254 1043 2370 1095 cur,
2396 1028 2629 1100 inquam,
2651 1032 2725 1086 illi
2750 1034 2838 1103 qui
2867 1036 3011 1091 nullo
3032 1035 3224 1092 horum
3249 1040 3396 1107 potiti
3414 1049 3588 1106 erant,

2031 1132 2205 1178 tantas
2231 1125 2497 1180 scelerum
2535 1142 2720 1196 poenas
2747 1127 3043 1196 dederunt;
3084 1130 3174 1199 qui
3204 1140 3382 1186 autem
3412 1132 3600 1186 horum

2028 1214 2264 1267 oumium
2293 1215 2578 1285 participes
2609 1215 2839 1284 fuerunt,
2869 1229 2924 1273 et
2965 1218 3103 1274 inter
3130 1228 3306 1275 tantos
3330 1229 3439 1276 tum
3464 1222 3602 1276 divi-

2031 1318 2219 1359 norum
2251 1316 2359 1360 tum
2391 1307 2742 1363 humanorum
2774 1309 3118 1365 tribunalium
3166 1320 3341 1367 metus
3381 1327 3602 1367 versan-

2029 1401 2135 1458 tur,
2181 1394 2415 1450 nondum
2458 1397 2602 1465 paria
2631 1397 2736 1451 illis
2782 1399 2922 1466 passi
2963 1408 3104 1463 sunt,
3132 1414 3253 1455 cum
3297 1400 3404 1456 sint
3447 1402 3604 1472 longe

2025 1484 2252 1553 graviori
2281 1485 2540 1555 supplicio
2566 1485 2753 1557 digni?
2781 1486 2968 1543 Nonne
2997 1488 3079 1543 vel
3109 1504 3271 1559 puero
3299 1490 3464 1561 liquet
3484 1490 3603 1547 illos

2025 1575 2272 1630 atrociori
2312 1575 2500 1631 ultioni
2539 1578 2840 1632 reservari?
2864 1577 2995 1632 Nam
3037 1579 3083 1633 si
3111 1594 3210 1635 nos
3235 1596 3397 1650 super
3422 1581 3503 1636 his
3529 1583 3600 1637 ita

2028 1664 2308 1719 irascimur
2336 1676 2390 1721 et
2419 1666 2774 1736 indignamur,
2807 1667 2951 1724 Deus
2991 1669 3080 1740 qui
3116 1685 3283 1741 genus
3312 1670 3600 1727 humanum

2025 1754 2146 1823 plus
2171 1771 2329 1824 quam
2369 1756 2473 1811 alia
2499 1759 2675 1811 omnia
2700 1768 2871 1824 curat,
2911 1770 2966 1815 et
3003 1760 3289 1832 nequitiam
3315 1761 3601 1831 admodum

2025 1855 2321 1913 aversatur,
2359 1846 2629 1916 quomodo
2654 1848 2769 1905 ha-c
2798 1848 3014 1920 impune
3045 1852 3159 1907 fieri
3190 1854 3456 1922 patiatur?
3485 1853 3600 1908 Non

2027 1936 2098 1991 ita
2123 1948 2288 2004 certe,
2336 1954 2441 1994 non
2471 1940 2540 1993 ita
2577 1955 2637 1995 se
2676 1955 2762 1995 res
2792 1940 2972 2010 habet,
3001 1941 3097 1998 sed
3131 1943 3378 1999 immittet
3404 1944 3456 1998 in
3484 1945 3603 1999 illos

2025 2026 2183 2095 plane
2225 2044 2439 2082 manum
2482 2028 2627 2083 illam
2652 2029 2902 2096 validam,
2948 2031 3261 2103 plagamque
3306 2032 3597 2089 intoleran-

2024 2118 2168 2182 dam,
2199 2127 2358 2190 atque
2386 2119 2718 2175 cruciatuum
2744 2121 2958 2178 illorum
2986 2122 3226 2179 dolorem
3254 2124 3325 2179 ita
3360 2141 3599 2196 gravem,

2023 2220 2085 2265 ut
2127 2210 2480 2265 Sodomorum
2507 2210 2687 2267 clades
2730 2210 2806 2266 illi
2834 2221 3139 2284 comparata
3167 2214 3324 2271 ludus
3361 2215 3603 2271 videatur

2024 2314 2164 2355 esse.
2196 2299 2342 2368 Quos
2370 2301 2513 2355 enim
2544 2300 2619 2356 illi
2649 2301 2904 2359 barbaros
2940 2317 3046 2358 non
3076 2307 3429 2375 superarunt?
3457 2306 3599 2378 quod

2023 2391 2254 2448 ferarum
2297 2408 2466 2464 genus
2518 2409 2612 2462 per
2670 2393 3189 2464 impudentissimam
3246 2413 3592 2469 congressum

2024 2498 2129 2538 non
2153 2493 2297 2539 retro
2317 2484 2662 2555 relinquunt?
2686 2485 2780 2540 Est
2805 2485 2856 2540 in
2879 2485 3194 2557 quihusdam
3214 2486 3385 2544 brutis
3403 2488 3601 2545 ardens

2023 2573 2206 2641 libido,
2235 2574 2535 2645 cupidoque
2562 2575 2935 2642 intolerabilis,
2964 2576 3099 2633 nihil
3126 2577 3196 2634 ab
3222 2577 3426 2633 insania
3455 2578 3602 2634 diffe-

2024 2680 2185 2721 rens:
2215 2681 2335 2736 qure
2377 2674 2553 2721 tamen
2584 2666 2725 2723 hunc
2751 2682 2988 2724 amorem
3020 2682 3128 2724 non
3156 2678 3371 2733 norunt,
3400 2668 3492 2724 sed
3522 2671 3601 2724 in-

2016 2766 2106 2811 tra
2148 2764 2353 2812 naturae
2400 2756 2660 2812 terminos
2703 2767 2953 2826 manent;
3002 2759 3103 2814 etsi
3150 2758 3345 2816 millies
3385 2760 3602 2815 libidine

2021 2856 2266 2925 urantur,
2293 2859 2498 2904 natura:
2537 2864 2824 2920 numquam
2855 2849 3001 2921 leges
3024 2860 3291 2907 evertunt.
3335 2852 3404 2906 At
3433 2852 3598 2905 ratio-

2022 2940 2229 2997 nabiles
2272 2941 2370 3006 illi,
2416 2939 2597 2997 divina
2637 2942 2791 3013 potiti
2819 2943 3085 3008 doctrina,
3124 2945 3215 3014 qui
3239 2960 3359 3015 qua:
3393 2944 3598 3014 agenda

2019 3031 2105 3087 vel
2146 3047 2253 3086 non
2284 3032 2488 3101 agenda
2516 3034 2625 3089 sint
2663 3034 2784 3089 aliis
2823 3035 3133 3106 praedicant,
3188 3036 3598 3107 Scripturasque

2019 3137 2085 3177 ex
2116 3121 2247 3178 czelo
2275 3122 2518 3193 delapsas
2545 3123 2846 3192 audierunt,
2873 3141 2976 3180 tmn
3004 3126 3074 3180 ita
3103 3126 3440 3196 impudenter
3467 3142 3591 3182 cum

2019 3214 2393 3270 meretricibus
2435 3223 2494 3270 ut
2537 3230 2657 3270 cum
2685 3215 3113 3272 adolescentibus
3150 3217 3590 3287 congrediuntur.

2018 3304 2150 3359 Nam
2175 3305 2325 3375 quasi
2350 3305 2593 3362 homines
2619 3321 2724 3361 non
2751 3305 2881 3374 sint,
2910 3321 3080 3376 neque
3105 3306 3433 3374 providentia
3458 3321 3596 3376 pra:-

2017 3395 2089 3450 sit
2126 3395 2288 3452 rebus
2313 3394 2559 3451 humanis
2585 3395 2758 3467 deque
2784 3397 2934 3452 factis
2955 3396 3177 3466 iudicet,
3205 3396 3299 3452 sed
3329 3397 3479 3467 quasi
3512 3406 3590 3453 te-

2016 3486 2199 3545 nebris
2242 3496 2431 3542 cuncta
2475 3486 2881 3557 occupantibus,
2923 3487 3178 3558 nulloque
3218 3487 3333 3543 haec
3378 3487 3593 3543 vidente

2016 3578 2100 3634 vel
2123 3577 2393 3643 audiente,
2426 3578 2506 3634 sic
2529 3579 2706 3633 omnia
2728 3586 2926 3634 etcum
2963 3588 3106 3634 tanta
3137 3579 3342 3634 insania
3369 3577 3590 3636 audent.

2015 3669 2332 3725 Vitiatorum
2359 3677 2534 3724 autem
2556 3684 2842 3739 puerorum
2870 3677 3049 3741 patres
3071 3670 3186 3725 haec
3205 3668 3364 3726 tacite
3392 3669 3591 3738 ferunt,

2016 3768 2120 3809 nec
2146 3770 2329 3812 secum
2354 3757 2494 3813 filios
2513 3766 2659 3814 terra
2679 3760 2944 3827 obruunt,
2965 3778 3065 3818 nec
3085 3764 3231 3833 quod
3252 3779 3416 3833 quam
3436 3772 3591 3820 tanto

2016 3843 2160 3900 malo
2184 3847 2482 3903 remedium
2508 3858 2779 3919 quaerunt.
2810 3853 2879 3906 At
2905 3852 3050 3908 enim
3072 3852 3117 3907 si
3144 3854 3196 3906 in
3216 3854 3472 3908 exsilium
3494 3854 3590 3910 ιὼς

2016 3934 2249 3992 ducendi
2272 3946 2457 3994 essent
2486 3939 2604 4004 filii,
2629 3950 2687 3994 ut
2706 3942 2775 3996 ab
2797 3942 2900 3999 hac
2922 3951 3074 4013 peste
3110 3942 3501 4011 liberarentur,
3535 3945 3582 4000 si

2015 4031 2071 4084 in
2090 4042 2258 4093 mare,
2276 4028 2322 4083 si
2340 4029 2393 4083 in
2417 4030 2648 4096 insulas,
2665 4033 2711 4087 si
2730 4033 2999 4088 interram
3012 4034 3309 4099 desertam,
3329 4033 3376 4091 si
3394 4034 3451 4088 in
3465 4050 3584 4091 eam

2014 4134 2136 4190 qua:
2175 4119 2316 4174 ultra
2356 4135 2458 4177 nos
2495 4130 2582 4177 est
2621 4123 2774 4179 orbis
2804 4132 3047 4191 partem,
3080 4140 3263 4182 nonne
3305 4134 3585 4197 oporteret

2014 4213 2197 4266 omnia
2219 4211 2398 4267 facere
2417 4222 2471 4268 et
2487 4217 2716 4285 perpeti,
2736 4232 2806 4271 ne
2828 4216 3143 4287 huiusmodi
3162 4218 3364 4290 flagitia
3385 4219 3584 4281 admit~

2015 4301 2295 4356 terentur?
2330 4301 2493 4357 Certe
2534 4304 2581 4358 si
2626 4304 2925 4363 insalubris
2971 4320 3119 4365 esset
3156 4309 3311 4366 locus
3344 4310 3542 4381 aliquis
3565 4350 3583 4376 ,

2016 4404 2197 4445 nonne
2214 4388 2341 4445 inde
2354 4390 2492 4447 filios
2506 4401 2939 4462 asportaremus,
2954 4398 3170 4452 etiamsi
3183 4399 3584 4469 lucraingeutia
3623 4426 3633 4435 -

2016 4481 2088 4537 ibi
2117 4484 2510 4554 consequuturi
2548 4494 2738 4540 essent
2757 4525 2773 4551 ,
2796 4485 3010 4544 etiamsi
3041 4489 3244 4560 Optima
3276 4490 3587 4545 valetudine

2017 4574 2356 4646 potirentur?
2375 4575 2532 4630 Nunc
2547 4585 2727 4632 autem
2751 4591 2877 4632 cum
2900 4583 3052 4634 tanta
3070 4580 3188 4636 lues
3213 4581 3395 4635 omnia
3420 4595 3585 4635 occu-

2019 4675 2107 4737 pet
2137 4682 2244 4722 non
2273 4667 2434 4723 modo
2460 4683 2557 4723 eos
2590 4667 2659 4724 ad
2687 4669 2947 4725 barathra
2982 4670 3274 4741 trahimus,
3300 4673 3397 4728 sed
3419 4673 3464 4729 si
3489 4672 3581 4743 qui

2019 4762 2139 4817 illos
2160 4762 2371 4832 eripere
2416 4763 2618 4827 velint,
2675 4780 2771 4820 eos
2808 4771 2871 4818 ut
2908 4772 3260 4835 corruptores
3305 4766 3583 4837 pellimus.

2019 4853 2231 4918 Quanta
2249 4854 2328 4908 ira
2346 4853 2555 4919 isthasc,
2569 4855 2788 4926 quantis
2805 4854 3125 4913 fulminibus
3137 4857 3300 4929 digna
3312 4874 3420 4913 non
3436 4859 3589 4913 sunt?

2016 4944 2455 5016 quandoquidem
2468 4948 2705 5020 linguam
2719 4950 2852 5020 ipsis
2869 4960 3250 5020 perexternam
3262 4951 3584 5020 sapientiam

2015 5041 2281 5112 perpolire
2310 5040 2605 5105 studemus,
2645 5039 2876 5097 animam
2920 5050 3051 5092 vero
3096 5034 3148 5089 in
3181 5034 3295 5104 ipso
3319 5031 3590 5104 spurcitia:

2011 5148 2168 5189 coeno
2190 5134 2482 5203 iacentem,
2504 5131 2829 5202 omninoque
2855 5135 3271 5199 putrescentem,
3301 5139 3406 5180 non
3428 5124 3588 5180 modo

2015 5225 2355 5294 deSpicimus,
2400 5223 2495 5278 sed
2522 5222 2685 5279 etiam
2721 5234 3011 5291 exsurgere
3038 5217 3306 5273 volentem
3331 5213 3586 5287 prohibe-

2012 5331 2153 5372 mus.
2200 5315 2337 5379 Num
2386 5316 2505 5385 quis
2554 5313 2730 5368 adhuc
2768 5312 2948 5369 dicere
2983 5310 3125 5366 ausit
3164 5323 3323 5380 posse
3360 5309 3586 5362 salutem

2012 5406 2267 5476 consequi
2320 5420 2434 5471 eos,
2463 5403 2554 5475 qui
2603 5403 2657 5459 in
2704 5403 2867 5459 tantis
2914 5402 3069 5457 malis
3110 5396 3427 5456 versantur’
3475 5400 3585 5460 Qua

2012 5499 2257 5556 ratione?
2284 5496 2524 5571 Namque
2554 5495 2612 5560 ii,
2642 5493 2734 5567 qui
2770 5495 3101 5550 exoletorum
3143 5492 3414 5547 vesaniam
3459 5487 3591 5541 cffu-

2012 5599 2222 5662 gerunt,
2269 5587 2361 5660 qui
2408 5588 2560 5657 pauci
2591 5600 2723 5641 sane
2759 5599 2984 5640 numero
3012 5590 3155 5648 sunt,
3207 5593 3421 5635 amores
3466 5574 3589 5629 illos

2015 5681 2300 5749 Violentos,
2342 5680 2432 5751 qui
2479 5678 2658 5736 omnia
2702 5685 3073 5746 corrumpunt,
3102 5669 3341 5744 pecunia:
3381 5665 3590 5721 scilicet
