4124 6144
507 319 611 376 εδδ

507 443 554 487 et
587 430 791 500 gloriae,
821 447 927 486 non
957 431 1211 501 effugiunt
1231 449 1243 484 :
1264 431 1442 500 plures
1471 439 1718 485 autemet
1742 429 1826 485 his
1851 431 1999 500 ipsis,
2027 439 2082 486 et

508 537 607 572 una
626 521 902 588 impudicis
918 521 1190 574 amoribus
1209 522 1575 575 vehementius
1597 522 1832 590 oppressi
1846 520 2066 575 detinen

514 621 614 662 tur.
639 610 834 664 Deinde
845 626 963 664 cum
981 612 1097 665 illos
1116 612 1383 666 literarum
1399 613 1586 668 studiis
1599 615 1808 668 tradere
1821 614 2081 676 volumus,

519 717 622 753 non
651 712 852 756 tantum
883 719 945 757 ea
982 720 1098 773 qua:
1125 705 1247 759 huic
1280 706 1595 760 institutioni
1623 707 1837 760 ofﬁcere
1863 715 2084 776 possunt

508 794 820 856 auferimus,
849 795 940 848 sed
963 811 1079 864 qtae
1100 797 1466 867 ipsamjuvare
1483 808 1705 868 possunt
1726 813 2041 866 apparamus
2064 813 2081 860 ;

513 881 824 952 paedagogos
864 897 918 939 et
949 887 1228 956 magistros
1272 889 1400 958 ipsis
1432 906 1807 959 procuramus,
1836 891 2083 958 pecunias

509 976 881 1042 expendimus,
911 989 1070 1049 atque
1099 996 1126 1032 a
1154 981 1362 1035 caeteris
1385 983 1544 1035 rebus
1565 983 1728 1034 otiutn
1749 993 2082 1050 praestamus,

511 1082 574 1118 ac
601 1069 946 1135 lrequentius,
981 1087 1138 1138 qttatn
1179 1072 1482 1139 pmdotriba:
1518 1073 1567 1124 in
1595 1071 1884 1142 Olympicis
1907 1080 2080 1125 eet'ta-

511 1157 743 1211 minibus
773 1159 1125 1215 vociferantes
1155 1203 1168 1224 ,
1200 1171 1563 1231 paupertatem
1594 1179 1751 1232 quam
1795 1161 2080 1230 imperitia,

510 1247 720 1302 divitias
739 1266 866 1318 quas
882 1252 1110 1305 eruditio
1127 1254 1279 1307 all'ert
1295 1253 1628 1317 exhibemus,
1651 1253 1780 1306 nihil
1800 1269 1902 1306 non
1925 1267 2084 1322 agen-

513 1349 591 1393 tes
613 1342 944 1408 acilicentes,
982 1354 1036 1398 et
1075 1357 1255 1397 nostro
1283 1356 1336 1398 et
1358 1346 1579 1398 aliorum
1607 1360 1876 1411 sermone,
1907 1354 1961 1398 ut
1990 1359 2083 1398 eos

509 1431 576 1484 ad
617 1431 774 1486 linem
820 1445 978 1489 tantm
1008 1437 1380 1490 sollicitudinis
1409 1439 1781 1506 perducamus,
1813 1454 1984 1506 neque
2008 1439 2086 1492 sic

509 1524 698 1576 crebro
717 1527 823 1578 voti
840 1537 1112 1595 compotes
1133 1529 1397 1582 efficimur
1423 1546 1436 1582 :
1463 1545 1669 1582 tuorum
1695 1545 1821 1583 vero
1847 1529 2084 1598 probita-

515 1625 643 1679 tem,
675 1627 731 1669 et
758 1615 995 1671 honesta:
1027 1619 1147 1673 vita:
1186 1636 1368 1673 curam
1411 1623 1548 1673 ultro
1578 1621 1707 1688 ipsis
1737 1621 2083 1674 obventuram

511 1705 832 1772 putabimus,
867 1723 985 1761 cum
1028 1710 1256 1763 maxime
1305 1719 1380 1762 tot
1430 1720 1680 1778 tantaque
1719 1711 1843 1774 sint,
1874 1725 1990 1778 quae
2019 1711 2085 1763 il-

509 1797 615 1850 lam
648 1799 979 1867 impcdianl?
1008 1800 1206 1868 Ecquid
1233 1801 1330 1855 hac
1359 1803 1685 1856 absurditate
1713 1803 1949 1856 deterius
1971 1801 2085 1855 [υθ-

509 1890 598 1948 rit,
625 1889 672 1941 id
705 1890 840 1956 quod
871 1891 1076 1944 facilius
1098 1901 1179 1944 est
1207 1896 1256 1945 in
1286 1908 1476 1962 magno
1505 1895 1675 1961 pretio
1703 1894 1899 1948 habere
1925 1935 1938 1956 ,
1975 1903 2080 1946 tam

510 1980 735 2033 Sollicite
772 1983 1036 2051 persequi,
1079 1983 1228 2052 quasi
1278 2000 1380 2037 non
1407 1985 1564 2038 liceat
1597 1984 1740 2038 aliud
1782 1985 1937 2038 aliter
1961 1985 2083 2037 adi-

513 2070 666 2138 pisci,
698 2073 836 2139 quod
865 2083 1041 2126 autem
1067 2073 1220 2142 longe
1243 2073 1512 2128 dil‘licilius
1541 2084 1641 2140 est,
1666 2077 1764 2128 hoc
1792 2075 1942 2130 nobis
1963 2075 2087 2128 dor-

513 2159 805 2213 mientibus
835 2163 1184 2216 obventurum
1212 2179 1328 2217 esse
1371 2173 1573 2232 putare,
1607 2166 1753 2234 quasi
1782 2165 1974 2234 aliquid
2007 2166 2084 2218 vi-

511 2249 580 2304 lis
609 2253 762 2320 pretii
792 2263 842 2305 et
871 2254 1014 2322 parvi
1043 2256 1297 2308 momenti
1321 2255 1344 2308 ?
1372 2256 1709 2322 Philosophia
1738 2256 1930 2324 quippe
1967 2255 2085 2308 ani-

512 2355 612 2393 ma:
637 2342 904 2394 literarum
931 2343 1258 2398 institutione
1281 2353 1426 2397 tanto
1453 2345 1718 2398 difficilior
1737 2356 1790 2399 et
1811 2345 2088 2414 operosior

510 2441 612 2494 est,
661 2443 859 2500 quanto
902 2433 1171 2488 dillicilius
1215 2443 1300 2489 est
1342 2435 1535 2496 facere,
1583 2452 1738 2503 quant
1782 2436 1978 2497 dicere,
2034 2445 2088 2488 et

511 2533 708 2590 quanto
734 2538 893 2591 Opera
921 2533 1044 2577 sunt
1067 2525 1404 2580 sermonibus
1433 2526 1802 2580 laboriosiora.

585 2619 637 2667 υ.
679 2612 1015 2683 Philosophia
1036 2615 1138 2668 sive
1166 2630 1362 2669 morum
1381 2617 1626 2669 institutio
1646 2616 2086 2684 qnmnnecessario

517 2703 906 2771 sit.—-Ecquld,
935 2705 1140 2774 inquies
1169 2706 1499 2776 philosophia
1519 2719 1571 2760 et
1599 2709 1911 2761 accuratiori
1932 2708 2086 2762 insti-

517 2795 717 2848 tutione
748 2795 867 2848 filiis
889 2796 1084 2850 nostris
1112 2799 1289 2866 Opus?
1314 2798 1445 2852 Illud
1489 2799 1629 2851 enim
1655 2840 1669 2863 ,
1699 2799 1827 2852 illud
1864 2801 2085 2854 omnino

513 2893 595 2937 est
621 2885 761 2953 quod
784 2887 956 2940 omnia
986 2888 1236 2956 perdidit,
1259 2889 1396 2960 quod
1424 2904 1508 2942 res
1530 2893 1598 2943 ita
1629 2892 1948 2956 necessaria,
1968 2907 2086 2961 qua:

512 2976 672 3028 vitam
697 2977 966 3031 contineat
996 2987 1176 3032 nostra
1201 2996 1254 3044 n,
1285 2978 1554 3048 superflua
1580 2989 1634 3034 et
1658 2981 1827 3034 otiosa
1855 2997 1974 3035 esse
1997 2981 2081 3035 vi-

511 3065 719 3119 deatur.
751 3065 907 3121 Certe
936 3069 978 3121 si
1005 3071 1124 3138 quis
1153 3069 1318 3123 lilium
1346 3071 1481 3125 mala
1509 3072 1750 3141 corporis
1783 3072 2084 3128 valetudine

511 3156 838 3210 laborantem
889 3159 1098 3221 viderit,
1142 3177 1426 3230 numquam
1453 3163 1593 3217 dicet
1634 3181 1647 3217 :
1679 3162 1816 3229 Quid
1849 3165 1922 3216 illi
1951 3179 2084 3234 opus

515 3247 649 3299 bona
696 3257 748 3300 et
788 3247 939 3302 ﬁrma
991 3250 1334 3306 valetudine?
1370 3253 1462 3307 sed
1510 3255 1685 3308 omnia
1728 3255 1996 3321 molietur,
2029 3265 2086 3309 ut

512 3336 650 3391 bona
679 3340 926 3395 valetudo
964 3341 1032 3394 ita
1082 3343 1178 3411 ipsi
1211 3345 1542 3410 restituatur,
1574 3357 1630 3400 ut
1658 3347 1874 3400 morbus
1902 3355 2082 3415 postea

511 3449 616 3485 non
650 3434 846 3488 redeat.
879 3437 1071 3490 Anima
1097 3454 1221 3492 vero
1252 3449 1563 3508 aegrotante,
1594 3440 1725 3493 nihil
1749 3441 1896 3493 aiunt
1925 3455 2081 3494 cura-

513 3523 653 3577 tione
677 3541 809 3593 opus
838 3542 977 3590 esse,
1014 3530 1200 3600 hisque
1230 3533 1452 3600 prolatis
1476 3533 1652 3588 verbis
1695 3543 1870 3603 patres
1897 3549 1955 3588 se
1985 3550 2078 3587 vo-

510 3631 633 3668 care
658 3617 872 3671 audent.
901 3621 1040 3685 Quid
1069 3623 1265 3690 igitur?
1300 3624 1446 3677 aiunt
1471 3641 1485 3688 ;
1517 3625 2080 3694 phiIOSOphabimurne

510 3721 714 3770 mones,
746 3716 799 3761 et
843 3713 1017 3762 Omnia
1050 3729 1168 3778 qua!
1205 3713 1266 3764 ad
1297 3715 1548 3767 secttlutn
1591 3725 1833 3783 spectant
1869 3731 2078 3785 pessum

513 3795 699 3849 ilnmt?
725 3797 840 3851 Non
872 3801 937 3853 ita
973 3816 1214 3868 prorsus.
1243 3803 1474 3856 virorum
1506 3806 1704 3873 Optime
1728 3848 1743 3868 ,
1775 3821 1879 3861 non
1911 3807 2080 3877 philo-

511 3885 720 3953 sophia,
749 3889 840 3941 setl
869 3889 1220 3959 philosophia:
1243 3893 1415 3960 inopia
1438 3895 1613 3948 onmia
1640 3896 1871 3964 perdidit
1897 3907 1952 3951 et
1970 3911 2083 3951 cor-

510 3977 672 4044 rUpit.
725 3978 973 4045 Quinam,
1027 3997 1228 4050 qumso,
1286 3995 1599 4052 praesentem
1655 4002 1829 4041 rerum
1881 3996 2080 4043 statum

509 4072 900 4137 corrumpunt?
928 4073 1073 4126 illine
1099 4075 1186 4143 qui
1219 4075 1489 4131 moderate
1519 4087 1575 4131 et
1598 4078 1760 4148 probe
1786 4079 1983 4145 vivunt,
2013 4095 2078 4135 an

507 4159 596 4226 qui
640 4176 805 4216 novos
849 4173 902 4218 et
944 4165 1155 4234 iniquos
1185 4170 1480 4238 exeogitanl
1511 4170 1819 4225 deliciarum
1845 4173 2077 4228 modos?

510 4249 599 4317 qui
629 4267 714 4305 res
743 4255 979 4308 onmittm
1009 4256 1106 4310 sibi
1137 4273 1408 4314 assumere
1436 4263 1677 4315 nituntur
1700 4303 1714 4327 ,
1757 4279 1822 4317 an
1850 4265 1938 4333 qui
1966 4266 2078 4319 suis

509 4343 741 4395 contenti
775 4355 898 4399 sunt
921 4347 944 4399 ?
971 4348 1059 4416 qui
1099 4348 1509 4406 domesticorum
1543 4352 1826 4421 phalangas
1859 4355 2075 4420 habent,

505 4439 558 4483 et
582 4442 970 4490 asSetttalorum
1003 4440 1015 4469 '
1046 4454 1247 4493 cuneos
1275 4441 1676 4496 circumducunt
1705 4486 1720 4510 ,
1749 4459 1814 4498 an
1843 4445 1929 4512 qui
1959 4462 2075 4498 ser—

505 4537 628 4576 vutn
655 4541 812 4579 unum
841 4527 941 4581 sibi
972 4531 1100 4585 satis
1119 4547 1236 4585 csse
1263 4534 1626 4587 arbitrantur?
1653 4535 1910 4604 (nondum
1933 4538 2074 4588 enim

504 4614 570 4669 de
612 4631 856 4686 suprema
903 4620 1234 4691 philoSOphia
1283 4625 1488 4690 loquor,
1533 4625 1624 4680 scd
1664 4627 1730 4679 de
1775 4627 1882 4685 illa,
1916 4643 2075 4695 quam

503 4703 712 4778 plurimi
743 4708 891 4764 adire
923 4723 1172 4778 possunt:
1203 4711 1224 4784 )
1258 4715 1404 4770 illiue
1441 4717 1528 4783 qui
1574 4716 1787 4770 humani
1816 4734 1879 4771 ac
1922 4736 2074 4770 inan-

503 4795 637 4848 sueti
668 4805 812 4863 sunt,
845 4800 1302 4872 multitudinisque
1334 4805 1590 4860 honorem
1623 4823 1726 4860 non
1753 4816 1976 4874 curant,
2009 4826 2075 4863 an

502 4884 560 4950 ii,
591 4887 680 4954 qui
711 4887 968 4943 honorem
1002 4892 1115 4958 plus
1157 4909 1314 4960 quam
1357 4912 1515 4951 omne
1555 4897 1790 4952 debitum
1834 4901 2073 4969 exigunt,

501 4977 899 5046 lnnunterisque
927 4982 1310 5036 calamitatibus
1335 4987 1571 5040 alliciunt
1589 5004 1710 5041 eum
1738 4989 1826 5058 qui
1858 5005 1960 5043 non
1988 5007 2073 5042 as-

501 5077 699 5135 surgat,
731 5083 836 5122 non
884 5071 1086 5138 primus
1111 5073 1327 5137 salutet,
1363 5093 1464 5128 non
1496 5093 1553 5132 se
1585 5081 1821 5145 inclinet,
1855 5091 2071 5136 cuncta-

500 5171 603 5225 que
631 5171 906 5211 scrvorum
939 5161 1193 5231 obsequia
1227 5181 1334 5233 piae
1363 5180 1420 5219 se
1466 5166 1632 5221 ferat?
1660 5169 1748 5238 qui
1775 5171 1948 5225 alieno
1975 5174 2074 5226 im-

499 5247 646 5317 perio
669 5263 859 5320 parere
879 5263 1088 5315 curant,
1122 5271 1186 5308 an
1218 5257 1304 5328 qui
1332 5258 1669 5326 magistratus
1697 5261 2070 5328 priefecturas-

498 5355 600 5408 que
643 5349 848 5408 amant,
891 5353 944 5397 et
975 5344 1074 5398 hac
1118 5346 1185 5400 de
1223 5363 1280 5401 re
1318 5349 1492 5402 omnia
1527 5348 1754 5403 libenter
1785 5351 1981 5405 faciunt
2010 5368 2072 5408 ac

497 5429 815 5497 patiuntur“!
839 5435 928 5503 qui
957 5449 1016 5491 se
1041 5438 1276 5492 omnium
1301 5440 1527 5509 optimos
1555 5457 1674 5496 esse
1700 5442 1902 5508 dicunt,
1935 5444 2071 5498 idco-

493 5534 596 5590 que
629 5523 806 5578 omnia
833 5524 1012 5583 dicere
1038 5536 1092 5582 et
1112 5527 1287 5584 facere
1311 5530 1411 5586 sibi
1442 5532 1604 5587 licere
1625 5533 1969 5600 arbitrantur,
1999 5553 2066 5590 an

560 5657 578 5693 ³
593 5663 726 5728 pnus
745 5657 897 5708 codex
921 5659 1086 5722 habet,
1112 5665 1467 5718 assentatorum"
1491 5669 1535 5717 et
1559 5664 1898 5727 parasitorum,
1926 5673 1974 5718 et
1997 5668 2066 5718 sic

489 5711 639 5773 Sat'il.
661 5711 709 5773 in
733 5732 969 5783 margine.

1211 317 1266 370 S.
1307 315 1583 370 JO.\NN|S
1618 313 2088 370 CHRYSOSTOMI
2115 311 2430 368 ARCHIEP.
2462 315 2989 375 CONSTANTINOP.

3659 321 3752 378 εςδι

2191 430 2279 501 qui
2326 444 2384 484 se
2428 430 2628 487 ultimis
2657 443 3040 501 annumerant,
3073 445 3126 489 et
3167 435 3244 490 sic
3268 435 3482 492 brutam
3513 436 3756 491 vitiorum

2189 523 2474 589 potentiam
2497 523 2756 592 castigant
2775 524 2799 578 ?
2817 527 2904 593 qui
2929 525 3234 614 splendidas
3255 535 3571 581 construunt
3597 530 3750 588 mdes,

2189 619 2243 664 et
2268 611 2434 665 lautas
2478 622 2750 680 apponunt
2792 611 3019 675 mensas.
3054 631 3118 668 an
3147 617 3234 685 qui
3273 624 3327 670 et
3351 616 3472 669 cibo
3498 624 3551 669 et
3581 616 3752 670 domi-

2187 702 2331 756 cilio’
2350 703 2576 773 simplici
2609 705 2844 758 contenti
2874 705 3002 758 nihil
3049 706 3278 774 amplius
3307 705 3632 776 requirnnt?
3670 709 3754 776 qui

2189 791 2464 846 innumera
2489 801 2644 847 terrae
2671 795 2872 848 sulcant
2890 793 3074 862 jugera
3100 835 3114 859 ,
3144 811 3208 846 an
3235 795 3321 864 qui
3351 810 3416 849 ne
3443 796 3609 864 gleba:
3635 798 3753 865 qui-

2189 880 2308 934 dem
2348 881 2500 934 unius
2521 883 2909 950 possessionem
2935 883 3032 936 sibi
3053 884 3410 937 necessariam
3433 883 3759 938 existimant?

2188 970 2276 1038 qui
2303 969 2506 1025 fcenora
2538 970 2830 1027 fcenoribus
2857 973 3171 1042 adjicientes
3205 973 3437 1044 iniquam
3481 975 3760 1044 cujuslibet

2189 1061 2494 1115 commercii
2529 1063 2665 1116 viam
2709 1064 2928 1127 adeunt,
2960 1079 3026 1117 an
3077 1064 3166 1133 qui
3207 1065 3414 1134 iniquas
3462 1064 3777 1132 hujusmodi,

2189 1153 2522 1222 syngraphas
2562 1153 2886 1223 discerpunt,
2918 1171 3089 1226 exque
3125 1155 3465 1211 facultatibus
3501 1158 3608 1210 suis
3635 1174 3761 1227 ege-

2191 1256 2292 1295 nos
2322 1241 2542 1296 fovent?
2567 1245 2654 1312 qui
2684 1245 2923 1300 mortalis
2957 1256 3162 1300 naturae
3204 1248 3462 1300 vilitatem
3512 1249 3761 1300 conside-

2191 1345 2311 1388 rant
2336 1376 2348 1398 ,
2380 1351 2445 1390 an
2476 1337 2564 1406 qui
2598 1336 2647 1391 id
2691 1354 2758 1394 ne
2799 1340 2936 1393 scire
2964 1338 3178 1408 quidem
3206 1340 3409 1401 volunt,
3441 1339 3532 1393 sed
3566 1339 3760 1408 ingenti

2189 1440 2282 1478 sua
2309 1427 2631 1496 arrogantia,
2659 1443 2717 1482 se
2745 1427 2988 1483 homines
3008 1431 3312 1484 existimare
3342 1429 3653 1484 desierunt?
3677 1431 3763 1499 qui

2190 1515 2498 1570 meretrices
2534 1518 2702 1584 alunt,
2731 1518 3040 1588 alienasque
3065 1521 3274 1588 nuptias
3305 1521 3566 1589 polluunt,
3593 1536 3658 1573 an
3675 1521 3762 1590 qui

2189 1621 2216 1656 a
2251 1608 2462 1676 pr0pria
2509 1608 2668 1662 etiam
2701 1625 2864 1664 uxore
2894 1611 3208 1665 abstinent?
3235 1612 3422 1666 Nonne
3448 1613 3520 1665 illi
3551 1612 3762 1681 qttidetn

2191 1697 2348 1749 veluti
2383 1705 2618 1752 tumores
2647 1701 2856 1768 corpori
2885 1700 3132 1770 ventique
3163 1701 3397 1755 furentes
3421 1702 3549 1755 mari
3580 1702 3766 1754 adver-

2191 1803 2283 1841 sus
2339 1797 2538 1842 rectam
2590 1791 2736 1845 orbis
2784 1792 3168 1846 institutionem
3219 1794 3514 1863 insurgunt,
3567 1809 3766 1863 perque

2199 1895 2351 1934 suam
2383 1881 2843 1949 intemperantiam
2876 1898 2971 1937 eos
3000 1926 3016 1950 ,
3043 1885 3130 1954 qui
3161 1885 3382 1938 salutem
3414 1885 3644 1939 nancisci
3671 1901 3762 1953 po-

2193 1979 2382 2035 terant,
2411 1971 2460 2023 in
2493 1971 2683 2026 ﬂuctus
2714 1973 3004 2042 conjiciunt
3030 1991 3044 2038 ;
3072 1975 3122 2028 hi
3157 1991 3282 2030 vero
3313 1986 3578 2046 tamquam
3611 1975 3764 2030 lumi-

2193 2063 2335 2115 naria
2385 2062 2435 2116 in
2469 2063 2741 2132 profundis
2787 2065 3019 2119 tenebris
3066 2066 3331 2131 micantia,
3365 2082 3479 2132 eos,
3509 2069 3597 2136 qui
3631 2084 3764 2120 nau-

2192 2153 2356 2224 lragio
2399 2155 2624 2223 proximi
2663 2156 2713 2209 in
2747 2157 2922 2210 medio
2948 2167 3265 2223 versantur,
3313 2158 3377 2211 ad
3427 2161 3762 2213 securitatem

2191 2255 2433 2312 evocant,
2467 2256 2520 2301 et
2551 2247 2899 2318 philosophiae
2931 2247 3070 2302 faces
3113 2251 3162 2303 in
3193 2250 3408 2305 sublimi
3437 2252 3554 2304 loco
3583 2253 3762 2320 procul

2190 2351 2439 2391 accensas
2470 2347 2756 2406 ponentes.
2786 2341 2862 2392 sic
2887 2355 2981 2394 eos
3007 2340 3094 2410 qui
3125 2341 3388 2395 voluerint
3413 2343 3476 2396 ad
3507 2346 3763 2412 tranquil-

2192 2425 2296 2478 ltnn
2342 2437 2548 2494 portum
2580 2428 2892 2483 deducunt?
2936 2429 3124 2485 Nonne
3153 2442 3371 2500 propter
3397 2433 3516 2485 illos
3541 2434 3762 2486 Seditio-

2192 2531 2306 2579 nes,
2341 2517 2493 2580 bella,
2533 2534 2736 2586 pugnae,
2771 2519 2979 2573 urbium
3020 2522 3247 2586 excidia,
3282 2523 3509 2585 vincula,
3540 2525 3764 2576 servitu-

2194 2616 2290 2670 tes,
2321 2608 2649 2676 i-aptivitates
2670 2649 2684 2672 ,
2713 2609 2886 2663 caedes
2926 2621 2982 2663 et
3027 2609 3301 2665 inuun'iera
3343 2613 3519 2665 sa'cnli
3544 2613 3679 2665 mala
3712 2611 3767 2665 ’τ

2191 2714 2293 2754 tton
2319 2708 2517 2752 tantum
2544 2713 2626 2764 ea,
2660 2715 2776 2768 quae
2808 2715 2901 2769 per
2931 2700 3174 2755 homines
3194 2701 3500 2758 hominibus
3529 2704 3764 2757 inierun-

2192 2801 2296 2853 tur,
2325 2791 2417 2844 sed
2444 2791 2602 2845 etiam
2639 2808 2721 2845 ea.
2754 2808 2871 2861 quae
2897 2792 2962 2846 de
2987 2794 3116 2846 caelo
3138 2795 3374 2858 veniunt,
3400 2805 3455 2848 ut
3480 2797 3765 2860 siccitates,

2192 2881 2434 2934 imbrium
2483 2879 2841 2944 exundantim,
2876 2891 3035 2935 terra:
3072 2894 3266 2948 motus,
3323 2885 3512 2947 ruinze,
3557 2887 3764 2938 urbium

2189 2973 2574 3039 demersiones,
2598 2971 2786 3039 fames,
2809 2985 2984 3044 pestes
3010 2975 3218 3045 aliaque
3235 2977 3432 3040 omnia,
3461 2993 3578 3046 qua:
3610 2979 3759 3031 nobis

2187 3065 2390 3123 CtBlllUS
2415 3067 2804 3122 immittuntur?

2265 3161 2349 3214 lO.
2391 3161 2547 3232 Leges
2590 3172 2638 3214 ct
2681 3161 2931 3232 supplicia
2955 3161 3244 3231 reipublira:
3271 3161 3570 3215 necessaria.
3599 3189 3670 3201 —-
3697 3161 3756 3214 lli

2191 3251 2368 3321 itaque
2394 3261 2512 3306 sunt
2532 3294 2547 3319 ,
2571 3253 2658 3323 qui
2696 3252 3075 3322 rempublicam
3101 3263 3366 3319 evertunt,
3395 3253 3578 3322 reique
3621 3269 3765 3307 como

2189 3343 2332 3396 ttnmi
2382 3353 2581 3412 pestem
2615 3343 2848 3397 inferunt
2888 3361 2901 3397 :
2941 3343 2992 3397 hi
3014 3344 3128 3398 aliis
3172 3344 3570 3397 innumerarum
3622 3346 3762 3399 cala-

2189 3436 2430 3489 mitatum
2473 3449 2630 3488 causa
2679 3445 2835 3500 sunt,
2887 3436 2977 3505 qttl
3033 3437 3153 3490 vita:
3203 3436 3446 3506 quietiori
3495 3435 3764 3491 studentes

2190 3527 2524 3596 perturbant,
2576 3527 2806 3597 undique
2851 3527 3179 3597 pertrahunt,
3227 3538 3281 3582 et
3323 3528 3578 3582 dilaniant
3616 3547 3629 3581 :
3675 3528 3766 3582 ho-

2189 3633 2302 3671 rmn
2334 3634 2491 3672 causa
2538 3618 2814 3672 tribunalia
2843 3627 3003 3684 sunt,
3038 3619 3200 3688 leges,
3250 3621 3494 3683 mulctze,
3547 3631 3596 3673 et
3640 3622 3764 3675 varii

2186 3707 2562 3778 Sttppliciorutn
2613 3709 2753 3762 modi
2810 3725 2824 3762 :
2874 3724 2937 3763 ac
2977 3709 3418 3779 quemadmodum
3469 3710 3519 3763 in
3565 3711 3762 3777 domo,

2189 3798 2275 3852 ubi
2338 3799 2483 3850 multi
2520 3798 2702 3866 jacent
2762 3797 2990 3865 infirmi,
3050 3798 3343 3853 ineolumes
3395 3814 3523 3852 vero
3572 3802 3762 3869 pauci,

2185 3898 2240 3942 et
2286 3889 2632 3943 medicamina
2678 3897 2732 3942 et
2793 3889 3025 3943 medicos
3066 3889 3368 3958 complures
3407 3889 3587 3943 videas
3622 3933 3636 3955 ,
3692 3908 3767 3946 suc

2186 3988 2238 4034 et
2295 3981 2345 4034 itt
2373 3977 2504 4034 orbe
2543 3987 2655 4033 toto
2699 3979 2838 4034 nulla
2877 3995 3007 4050 gens
3046 3988 3126 4032 est
3163 4021 3175 4044 ,
3223 3979 3364 4032 nulla
3417 3980 3633 4046 civitas,
3680 3984 3765 4035 ubi

2188 4086 2290 4124 non
2333 4073 2511 4124 multa:
2566 4071 2708 4142 leges
2743 4071 2845 4124 sint
2882 4115 2895 4136 ,
2960 4073 3108 4126 multi
3161 4073 3496 4142 magistratus
3536 4116 3549 4137 ,
3605 4077 3763 4128 multa

2186 4163 2459 4231 supplicia.
2483 4162 2664 4232 Neque
2685 4163 2825 4217 enim
2851 4164 2961 4231 ipsa
2986 4180 3077 4233 per
3099 4181 3155 4218 se
3178 4165 3522 4217 medicamina
3548 4178 3764 4234 possunt

2185 4270 2382 4323 {egrum
2413 4256 2637 4324 erigere,
2665 4256 2760 4307 nisi
2788 4256 2962 4308 adsint
2984 4257 3068 4322 qui
3101 4257 3370 4323 imponant
3399 4257 3481 4309 illa
3509 4299 3522 4312 .
3559 4258 3608 4309 bi
3639 4273 3762 4312 vero

2185 4356 2305 4400 sunt
2332 4346 2557 4413 jttdices,
2583 4346 2670 4415 qui
2698 4362 2887 4414 a'gros,
2921 4348 3085 4400 velint
3118 4349 3322 4412 nolint,
3347 4349 3410 4400 ad
3449 4349 3758 4402 medicinam

2183 4435 2542 4504 accipiendam
2569 4446 2781 4506 cogunt.
2810 4438 3055 4490 Attamen
3083 4437 3150 4489 ita
3182 4438 3396 4490 morbus
3422 4438 3666 4502 obtinuit,
3703 4450 3756 4490 ut

2186 4526 2348 4593 ipSatll
2381 4525 2706 4579 medicorum
2735 4535 2900 4578 artem
2928 4535 3160 4593 superet,
3188 4527 3433 4595 ipsosiine
3457 4527 3663 4594 juitices
3684 4528 3752 4579 in.

2185 4617 2412 4670 vaserit:
2438 4616 2767 4685 idipsumque
2790 4619 3066 4686 contingit,
3093 4633 3154 4671 ac
3181 4620 3222 4671 si
3247 4619 3364 4687 quis
3389 4618 3540 4683 febri,
3575 4621 3758 4672 morbo

2185 4709 2427 4760 intercuti
2457 4747 2471 4770 ,
2516 4709 2910 4777 innumerisque
2952 4709 3068 4761 aliis
3110 4709 3440 4777 gravioribus
3484 4719 3757 4775 correptus

2184 4799 2592 4860 inﬁrmitatibus,
2626 4801 2760 4854 mala
2791 4799 3002 4869 quidem
3047 4801 3259 4868 propria
3301 4817 3404 4852 non
3448 4811 3752 4867 superaret,

2182 4889 2274 4942 Sed
2302 4889 2466 4953 alios,
2500 4889 2586 4958 qui
2620 4888 2805 4943 iisdem
2838 4889 3186 4943 incommodis
3228 4889 3569 4954 laborarent,
3601 4892 3667 4943 ab
3694 4891 3757 4943 iis

2182 4979 2388 5046 eripere
2416 4978 2672 5031 studeret.
2705 4978 2976 5046 Siquidem
3009 4977 3258 5045 nequitia:
3288 4979 3499 5044 fluctus,
3526 4993 3623 5032 ceu
3651 4988 3755 5032 tor-

2183 5085 2307 5123 rens
2332 5111 2344 5132 ,
2373 5070 2612 5122 obicibus
2644 5069 2866 5122 sublatis
2895 5069 3142 5122 onmibus
3173 5070 3222 5123 in
3256 5070 3514 5125 humanos
3553 5071 3755 5124 animos

2182 5163 2526 5217 vehementer
2552 5161 2746 5216 effusus
2768 5173 2866 5216 est.
2904 5162 3101 5232 Ecquid
3122 5162 3308 5232 loquor
3332 5161 3398 5216 de
3421 5173 3580 5216 rectm
3611 5163 3752 5217 insti-

2179 5253 2398 5306 tutionis
2417 5252 2736 5307 eversione?
2762 5252 3058 5307 Periculum
3087 5254 3228 5307 enim
3257 5263 3359 5320 est,
3391 5271 3458 5308 ne
3481 5255 3564 5307 illa
3596 5256 3752 5322 pestis

2178 5344 2244 5396 ab
2266 5343 2519 5411 improbis
2547 5342 2846 5398 hominibus
2869 5345 3094 5404 invecta,
3119 5359 3178 5398 ea
3203 5345 3386 5407 etiam,
3411 5363 3526 5411 qna-
3549 5346 3614 5399 de
3638 5362 3752 5414 ιιι-σι.

2177 5435 2407 5488 videntia
2439 5434 2530 5489 Dei
2557 5449 2586 5488 a
2618 5435 2856 5504 plurimis
2883 5436 3142 5503 diSputata
3183 5444 3343 5500 suat,
3392 5435 3599 5489 refellat
3628 5454 3639 5488 :
3669 5452 3729 5488 us

2176 5543 2277 5595 quc
2297 5526 2430 5580 adeo
2463 5527 2814 5598 progreditur,
2845 5537 3085 5596 augetur,
3117 5528 3292 5581 omnia
3322 5529 3611 5597 pervadere
3643 5538 3750 5579 sat-

2177 5619 2318 5688 agit,
2360 5618 2536 5672 onuiia
2567 5617 2832 5687 susdeque
2871 5619 3096 5680 evertit,
3123 5618 3444 5684 domumque
3475 5618 3732 5672 adversus

2241 5733 2255 5763 ¹
2293 5734 2360 5779 sic
2395 5727 2531 5778 Savil.
2575 5736 2624 5778 et
2661 5735 2764 5777 .‘lss.
2792 5735 2840 5776 In
2865 5730 3029 5778 Iorel.
3056 5729 3275 5792 quasdam
3301 5730 3602 5781 tntiittunmr.
