4124 6144
228 328 336 391 363

220 434 318 482 καὶ
345 421 472 492 τοὺς
511 422 612 499 τῆς
657 420 815 501 ἀξης
847 425 907 484 οὐ
944 425 1344 502 διαφεύγουσιν
1385 437 1434 489 οί
1461 436 1519 489 δὲ
1550 435 1767 501 πλείους
1801 439 1894 492 καὶ

220 517 434 581 τούτοις
453 518 655 581 αὑτοῖς,
676 520 896 582 καὶτοῖς
914 521 1012 590 τῆς
1023 520 1314 589 ἀσελγείας
1334 522 1475 593 μετά
1498 523 1742 587 πλείονος
1776 542 1900 579 κατ-

220 607 436 675 έχονται
465 607 562 676 τῆς
592 606 919 677 ὑπερϐολῆς.
951 604 1085 662 Εἶτα
1103 608 1295 677 λόγους
1331 611 1428 680 μὲν
1452 613 1633 676 αὑτοῖς
1668 613 1898 667 ἐνθεῖναι

223 694 559 765 βουλόμενοι,
585 695 708 765 οὑχί
733 696 800 749 τά
825 697 1184 751 διακόπτοντα
1210 698 1310 769 τὴν
1336 700 1616 754 παίδευσιν
1640 701 1897 773 ἀναιροῦο

224 799 328 853 μεν
353 784 536 854 μόνον,
563 784 696 837 άλλά
722 785 815 837 καὶ
839 784 910 838 τὰ
932 785 1262 839 συνιστῶντα
1277 790 1776 860 κατασκευάζομεν,
1798 792 1900 847 καὶ

221 871 606 940 παιδαγωγοὺς
630 872 725 923 καὶ
753 871 1104 936 διδασκάλους
1136 873 1485 942 ἐφιστῶντες,
1519 876 1612 928 καὶ
1639 878 1899 948 χρήματα

220 957 623 1021 ἀναλίσκοντες,
653 958 747 1011 καὶ
769 958 870 1028 τὴν
902 959 1011 1011 ἀπὸ
1057 958 1166 1013 τῶν
1190 959 1364 1014 ἀλλων
1392 963 1731 1032 πραγμάτων
1758 980 1896 1032 παρ-

220 1046 437 1116 έχοντες
467 1046 681 1116 σχολὴν,
703 1047 799 1099 καὶ
819 1045 928 1099 τῶν
960 1047 1019 1099 ἐν
1033 1050 1147 1111 τοῖς
1174 1047 1560 1117 Ὀλυμπιακοῖς
1584 1050 1757 1118 ἀγῶσι
1780 1068 1898 1105 παι-

218 1131 484 1204 δοτριϐῶν
519 1133 904 1204 συνεχέστερον
936 1133 1338 1202 ἐπιφωνοῦντες
1382 1136 1568 1200 αὐτοῖς
1606 1139 1705 1209 τήν
1730 1155 1788 1191 τε
1830 1143 1894 1195 ἐκ

217 1221 320 1292 τῆς
345 1221 701 1284 ἀπαιδευσίας
730 1222 944 1287 πενίαν,
974 1223 1067 1276 καὶ
1093 1223 1184 1276 τὸν
1245 1224 1353 1277 ἀπὸ
1408 1225 1509 1294 τῆς
1555 1226 1894 1293 παιδεύσεως

218 1307 472 1371 πλοῦτον,
495 1309 592 1361 καί¹
620 1309 798 1364 πάντα
830 1309 1112 1374 ποιοῦντες
1139 1312 1234 1365 καὶ
1258 1311 1528 1378 λέγοντες,
1554 1316 1648 1368 καὶ
1674 1314 1742 1368 δι’
1763 1317 1893 1370 ἐαυ-

217 1396 349 1461 τῶν,
383 1398 480 1451 καὶ
504 1398 574 1450 δι’
599 1397 796 1461 ἀλλων,
848 1398 989 1452 ὥστε
1024 1400 1224 1462 αὐτοὺς
1274 1401 1354 1463 εἰς
1390 1400 1451 1453 τὸ
1478 1401 1632 1465 τέλος
1664 1404 1894 1472 ἀγαγεῖν

215 1485 321 1555 τῆς
338 1484 708 1555 προκειμένης
736 1485 994 1556 σπουδῆς,
1014 1485 1108 1538 καὶ
1129 1486 1252 1539 οὑδὲ
1275 1484 1419 1540 οὑτω
1450 1487 1709 1552 πολλάκις
1737 1507 1893 1561 περι-

215 1569 516 1640 γινόμεθα*
550 1570 768 1642 τρόπων
796 1570 854 1623 δέ
883 1570 1204 1635 ἐπιείκειαν,
1234 1570 1330 1624 καὶ
1357 1570 1631 1636 πολιτείας
1661 1572 1894 1644 ἀρίστης

214 1658 505 1729 ἀκρίϐειαν
563 1658 870 1729 αὐτόματον
937 1658 1236 1728 οἰησόμεθα
1299 1659 1731 1731 παραγενέσθαι,
1797 1662 1891 1715 καὶ

211 1746 392 1801 ταῦτα
434 1745 708 1800 τοσούτων
736 1745 905 1799 όντων
938 1745 1056 1818 [91]
1087 1745 1198 1800 τῶν
1243 1746 1645 1800 διακοπτόντων
1685 1748 1887 1818 αὑτήν;

211 1838 331 1891 Καὶ
360 1836 415 1890 τί
444 1836 652 1908 ταύτης
694 1837 796 1907 τῆς
823 1835 1043 1905 ἀλογίας
1068 1838 1250 1908 χεῖρον
1291 1835 1491 1905 γένοιτ’
1543 1835 1631 1897 ἂν,
1691 1837 1754 1889 τὸ
1790 1836 1891 1907 μέν

214 1928 421 1998 ῥᾷστον
465 1924 611 1979 οὕτω
659 1926 901 1997 μεγάλης
927 1925 1114 1993 ἀξιοῦν
1157 1926 1323 1997 τιμῆς
1370 1925 1467 1980 καὶ
1510 1926 1749 1998 σπουδῆς
1768 1943 1782 1957 ’
1813 1925 1891 1991 ὡς

209 2013 317 2066 οὑκ
344 2012 466 2067 ἐνὸν
510 2012 719 2085 ταύτης
766 2012 895 2068 ἀνευ
928 2012 1062 2066 αὑτὸ
1108 2011 1518 2084 κατορθωθῆναί
1558 2028 1725 2065 ποτεο
1764 2013 1792 2066 δ
1832 2013 1890 2066 δὲ

211 2098 398 2170 πολλῷ
435 2099 858 2171 δυσχερέστερόν
883 2101 1019 2164 ἐστι,
1047 2099 1205 2152 τοῦτο
1239 2097 1597 2154 καθεύδουσιν
1630 2099 1762 2170 ἡμῖν
1792 2099 1890 2169 ἐφ·

211 2183 474 2238 ίστασθαι
501 2184 762 2255 νομίζειν,
786 2184 1039 2256 καθάπερ
1069 2202 1124 2238 τι
1157 2186 1266 2239 τῶν
1291 2185 1512 2256 φαύλων
1543 2186 1639 2240 καὶ
1659 2185 1887 2257 οὑδαμιο

204 2271 320 2324 νῶν
351 2284 414 2336 ις
446 2270 738 2342 Φιλοσοφία
773 2273 883 2345 γάρ
908 2273 1089 2344 ψυχῆς
1116 2273 1291 2342 λόγων
1335 2272 1674 2338 παιδεύσεως
1712 2274 1888 2345 τούτῳ

204 2357 614 2431 δυσκολώτερόν
633 2359 694 2413 τέ
727 2360 843 2414 ἐστι
870 2362 963 2414 καὶ
994 2361 1412 2432 ἐργωδέστερον,
1445 2361 1555 2432 ὅσῳ
1580 2362 1675 2415 τοῦ
1707 2361 1887 2430 λέγειν

204 2448 272 2500 τὸ
302 2446 584 2518 πράττειν,
606 2448 702 2501 καὶ
726 2447 837 2518 ὅσῳ
859 2448 1120 2520 ῥημάτων
1151 2447 1286 2520 ἔργα
1317 2448 1464 2503 ἐστὶν
1486 2447 1883 2518 ἐπιπονώτερα.

284 2536 350 2590 θ’.
382 2536 497 2590 Καὶ
524 2536 579 2590 τί
603 2536 1035 2606 δεῖφιλοσοφίας.
1054 2537 1205 2607 φησὶ.
1229 2537 1322 2591 καὶ
1336 2536 1611 2600 πολιτείας
1628 2536 1887 2607 ἀκριϐοῦς

205 2625 325 2687 τοῖς
342 2623 636 2694 ἡμετέροις
661 2622 821 2678 παισί
835 2639 851 2688 ;
884 2623 1056 2677 Τοῦτο
1081 2625 1190 2695 γάρ
1216 2625 1353 2690 ἐστι,
1369 2622 1529 2676 τοῦτο
1542 2624 1680 2696 ὅπερ
1708 2624 1886 2678 πάντα

207 2710 578 2774 ἀπολώλεκεν,
626 2713 709 2764 ὅτι
771 2713 1003 2783 πρᾶγμα
1049 2711 1222 2775 οὑτως
1267 2713 1585 2779 ἀναγκαῖον,
1633 2713 1730 2766 καὶ
1784 2712 1885 2785 τὴν

208 2799 491 2870 ἡμετέραν
542 2798 762 2870 συνέχον
799 2798 964 2872 ζωὴν,
1019 2799 1270 2871 περιττὸν
1307 2796 1444 2853 εἶναι
1477 2801 1571 2853 καὶ
1605 2801 1886 2874 πάρεργον

206 2886 376 2939 δοκεῖ.
410 2885 520 2938 Καὶ
548 2885 679 2957 περὶ
713 2884 875 2956 σῶμα
919 2886 1017 2957 μὲν
1050 2887 1326 2957 κάμνοντα
1356 2887 1448 2940 τὸν
1479 2887 1594 2940 υἱόν
1638 2906 1722 2953 τις
1760 2888 1885 2943 ίδὼν

207 2973 310 3026 οὑκ
361 2972 430 3026 ἂν
465 2972 640 3026 εἴποι·
697 2972 763 3027 Τί
815 2972 872 3026 δέ
914 2972 1065 3043 αὑτῷ
1108 2973 1358 3045 καθαρᾶς
1403 2974 1617 3043 ὑγιείας
1663 2974 1746 3028 δεῖ
1787 2976 1883 3030 καὶ

211 3058 509 3128 ἀκριϐοῦςς
558 3058 695 3113 ἀλλά
736 3060 915 3114 πάντα
965 3059 1031 3113 ἂν
1070 3059 1562 3132 πραγματεύσαιτο
1613 3061 1755 3132 ὑπὲρ
1783 3061 1880 3114 τοῦ

206 3147 478 3214 τοσαύτην
506 3146 823 3215 ἐγγενέσθαι
845 3147 944 3215 τὴν
968 3145 1205 3212 εὐεξίαν,
1235 3147 1313 3211 ὼς
1357 3146 1554 3218 μηκέτι
1592 3148 1693 3219 τὴν
1725 3148 1883 3202 νόσον

205 3234 525 3287 ἐπανελθεῖν
542 3251 555 3264 ·
574 3234 673 3302 τῆς
691 3234 748 3287 δὲ
770 3232 947 3303 ψυχῆς
972 3232 1380 3305 ἀρρωστούσης,
1399 3234 1553 3287 οὐδὲν
1571 3234 1679 3288 δεῖν
1699 3236 1882 3300 αὑτοῖς

201 3320 509 3388 θεραπείας
538 3322 693 3391 φασὶ,
720 3322 814 3374 καὶ
834 3320 1072 3392 τολμῶσι
1096 3320 1236 3392 μετά
1252 3321 1318 3375 τά
1341 3314 1560 3394 ῥήματα
1582 3323 1756 3377 ταῦτα
1778 3340 1883 3375 πα-

197 3410 374 3480 τέρας
398 3410 583 3463 καλεῖν
609 3410 852 3473 ἑαυτούς.
896 3410 960 3462 Τί
991 3406 1117 3477 οῦνς
1168 3411 1607 3483 φιλοσοφήσομεν
1651 3411 1876 3475 πάντες,

200 3498 367 3568 φησὶ,
389 3500 486 3551 καὶ
506 3498 573 3551 τά
592 3498 687 3552 τοῦ
724 3498 841 3568 βίου
870 3500 1191 3569 οίχήσεταις
1234 3500 1310 3553 Οὑ
1353 3500 1415 3554 τὸ
1461 3500 1788 3569 φιλοσοφεῖν,
1834 3495 1880 3554 ὦ

201 3586 477 3656 βέλτιστε,
512 3586 650 3639 ἀλλά
690 3586 752 3640 τὸ
792 3586 866 3657 μὴ
902 3586 1064 3638 τοῦτο
1092 3588 1267 3639 ποιεῖν
1303 3585 1480 3640 πάντα
1506 3585 1755 3640 ἀπώλεσε
1787 3588 1880 3640 καὶ

197 3670 502 3742 διέφθειρε.
557 3671 716 3735 Τίνες
742 3672 874 3743 γάρ,
892 3670 1013 3724 εἰπέ
1046 3688 1156 3742 μοι,
1178 3674 1245 3743 τῇ
1273 3672 1523 3744 παρούσῃ
1549 3672 1878 3726 καταστάσει

197 3760 582 3831 λυμαίνονται,
629 3761 680 3814 οἱ
714 3760 950 3832 μετρίως
1004 3758 1206 3824 ζῶντες
1262 3760 1356 3815 καὶ
1416 3760 1693 3824 ἐπιεικῶς,
1752 3760 1786 3833 ἢ
1829 3763 1877 3816 οί

198 3847 431 3910 καινοὺς
484 3848 580 3900 καὶ
610 3846 958 3919 παρανόμους
1005 3846 1346 3910 ἐπινοοῦντες
1371 3846 1579 3918 τροφῆς
1603 3846 1873 3919 τρόπους;

194 3936 251 3987 οί
281 3934 353 3987 τά
387 3933 606 3987 πάντων
634 3932 1024 4006 περιϐαλέσθαι
1054 3932 1464 3998 σπουδάζοντες,
1504 3934 1538 4004 ἢ
1575 3935 1624 3986 οἱ
1648 3938 1760 3998 τοῖς
1783 3931 1875 3988 οὗ-

197 4039 293 4074 σιν
316 4021 678 4091 ἀρκούμενοι;
703 4023 752 4074 οί
775 4021 1056 4090 φάλαγγας
1087 4021 1311 4075 οἰκετῶν
1335 4022 1565 4090 ἔχοντες,
1584 4022 1677 4074 καὶ
1697 4024 1871 4093 σμήνη

197 4108 455 4162 κολάκων
480 4108 507 4148 ιι
539 4109 914 4179 περιάγοντες,
941 4108 974 4179 ἢ
1004 4111 1053 4162 οἱ
1088 4107 1246 4179 μόνον
1266 4108 1483 4177 οἰκέτην
1504 4107 1598 4161 ἕνα
1626 4109 1873 4179 ἀποχρῇν

196 4197 390 4260 αὑτοῖς
417 4197 730 4267 νομίζοντες
760 4197 931 4264 (οὖπω
953 4198 1062 4269 γάρ
1083 4196 1182 4268 τὴν
1212 4199 1388 4268 ἄκραν
1436 4195 1626 4267 τίθημι
1659 4184 1874 4265 φιλοσοο

197 4286 357 4351 φίαν,
387 4285 523 4339 ἀλλά
559 4288 659 4357 τὴν
705 4287 917 4351 πολλοῖς
948 4286 1233 4358 ἐφικτήν);
1265 4288 1314 4340 οἱ
1366 4284 1738 4355 φιλάνθρωποι
1780 4288 1873 4339 καὶ

195 4373 403 4442 ἥμεροι
437 4375 533 4427 καὶ
565 4375 639 4443 μὴ
678 4374 919 4444 δεόμενοι
966 4375 1067 4444 τῆς
1119 4373 1272 4446 παρὰ
1307 4373 1417 4427 τῶν
1445 4372 1654 4426 πολλῶν
1682 4373 1867 4444 τιμῆς,

196 4461 234 4530 ἧ
259 4462 310 4512 οἰ
336 4460 539 4523 παντὸς
558 4460 867 4531 ὀφλήματος
899 4462 1096 4532 μᾶλλον
1123 4461 1329 4531 ταύτην
1356 4461 1508 4533 παρὰ
1538 4460 1645 4514 τῶν
1666 4462 1871 4531 ὁμοφύ-

196 4547 311 4600 λων
353 4547 730 4612 ἀπαιτοῦντες,
768 4551 864 4602 καὶ
907 4547 1107 4620 μυρίας
1148 4549 1504 4620 ἐργαζόμενοι
1561 4548 1867 4620 συμφορὰς,

199 4633 390 4703 ἐπειδὴ
423 4634 496 4705 μὴ
527 4634 822 4706 ὑπανέστη,
875 4636 1009 4707 μηδέ
1035 4638 1326 4707 προσεῖπεν
1355 4646 1378 4674 ο
1411 4636 1441 4688 ὁ
1477 4634 1625 4689 δεῖνα
1676 4636 1870 4705 πρότε-

202 4736 317 4789 ρος,
339 4720 473 4791 μηδὲ
485 4721 753 4791 ὑπέκυψε,
773 4723 908 4793 μηδέ
931 4722 1001 4775 τά
1020 4722 1128 4775 τῶν
1148 4722 1493 4793 ἀνδραπόδων
1517 4721 1831 4788 ἐπεδείξατο
1852 4739 1866 4784 ;

197 4808 250 4859 οί
286 4807 620 4874 μελετῶντες
652 4808 936 4881 ἄρχεσθαι,
970 4808 1003 4880 ἢ
1036 4811 1086 4862 οἰ
1131 4808 1460 4861 δυναστειῶν
1501 4809 1735 4879 ἐρῶντες
1772 4811 1870 4864 καὶ

196 4894 405 4965 ἀρχῶν,
444 4897 542 4950 καὶ
574 4896 750 4950 πάντα
783 4896 926 4969 ὑπὲρ
950 4894 1141 4949 τούτου
1165 4897 1259 4949 καὶ
1299 4896 1520 4966 ποιῆσαι
1550 4895 1645 4949 καὶ
1675 4895 1868 4950 παθεῖν

195 4982 545 5053 ἀνεχόμενοι;
575 4984 624 5037 οί
649 4983 864 5036 πάντων
902 4981 1143 5054 βελτίους
1170 4977 1311 5034 εἶναι
1343 4981 1613 5049 λέγοντες,
1642 4981 1736 5035 καὶ
1777 4982 1866 5035 διά

193 5068 356 5121 τοῦτο
411 5070 591 5124 πάντα
622 5073 718 5124 καὶ
762 5071 941 5139 λέγειν
973 5069 1069 5124 καί⁷
1109 5069 1370 5141 πράττειν
1414 5071 1626 5133 ἐαυτοίς
1666 5068 1866 5133 ἐξεῖναι

192 5154 533 5226 νομίζοντες,
576 5157 610 5228 ἢ
643 5159 693 5212 οἱ
730 5158 867 5229 μετά
893 5156 1002 5212 τῶν
1037 5157 1282 5227 ἐσχάτων
1334 5156 1693 5227 ἀριθμοῦντες
1725 5158 1867 5211 ἐαυ-

190 5246 345 5310 τοὺς.
372 5247 467 5300 καὶ
490 5245 660 5320 ταύτῃ
685 5245 712 5286 ἀ
738 5246 834 5317 τὴν
860 5246 1051 5314 ἄλογον
1073 5244 1317 5311 ἐξουσίαν
1347 5244 1453 5295 τῶν
1488 5242 1674 5297 παθῶν
1701 5243 1863 5297 κολά-

194 5330 415 5398 ζοντεςς
439 5337 488 5388 οἰ
526 5335 626 5400 τάς
657 5336 915 5408 λαμπράς
936 5333 1375 5403 οἰκοδομούμενοι
1412 5332 1609 5395 οἰκίας.
1647 5334 1865 5397 καὶτὰς

192 5421 510 5487 πολυτελεῖς
541 5422 965 5496 παρατιθέμενοι
994 5420 1268 5492 τραπέζας
1289 5458 1304 5482 ,
1359 5418 1392 5489 ἦ
1430 5420 1478 5470 οἱ
1511 5418 1677 5488 μηδὲν
1705 5420 1863 5473 πλέον

256 5596 281 5671 ς
310 5595 420 5671 ρυο
445 5611 561 5671 ιτιεεἔ
588 5598 1001 5671 φαυλοτάτωνααὶ
1025 5598 1195 5670 οὑδαμ.
1359 5656 1372 5671 ι
1569 5663 1580 5671 Δ
1637 5656 1650 5671 ¹
1706 5655 1736 5671 η
1804 5659 1814 5669 ι

189 5717 207 5767 ί
256 5655 281 5694 δ
310 5656 446 5780 [3:33
472 5655 626 5709 code'x
663 5661 813 5710 habet
834 5660 1055 5709 κολάκων
1084 5655 1165 5707 καὶ
1192 5656 1488 5721 παρασίτων,
1534 5663 1587 5705 el
1610 5656 1682 5707 sic
1706 5655 1858 5708 Savil.

214 5730 240 5763 ιι
262 5732 364 5767 mar
420 5733 501 5768 ne.

254 5781 273 5806 ⁸⁵
302 5758 406 5830 Ι)ιῶ
429 5796 544 5832 mss.
574 5782 719 5831 εἶπεν.

254 5840 456 5907 [Iidem
479 5843 653 5907 ταύτην
698 5851 747 5894 ει
773 5843 840 5895 sic
866 5843 1013 5895 Savil.
1060 5842 1108 5895 in
1134 5857 1285 5907 marg.
1312 5844 1458 5894 Sam.
1499 5854 1618 5891 vero
1642 5845 1693 5894 in
1720 5845 1860 5892 textu

190 5905 241 5947 ιι
264 5903 435 5955 Morel.
464 5905 628 5967 ταύτῃ.

1000 330 1371 396 Αυγειιδυε
1408 341 1967 401 OPPUGNATOBES
2006 343 2189 405 νινε
2231 351 2532 409 ΜοΝΑετ.
2575 352 2704 407 LIB.
2743 353 2833 409 Ill.

3562 360 3666 415 564

2005 443 2098 495 καὶ
2128 446 2333 515 τροφῆς
2361 446 2454 500 καὶ
2479 448 2745 518 οἰκήσεως
2787 447 2888 517 τῆς
2919 445 3222 517 ἀναγκαίας
3262 449 3584 523 ζητοῦντεςς
3618 456 3668 507 οἰ

2001 529 2172 600 μυρία
2206 531 2414 605 πλέθρα
2433 535 2859 605 ἀποτεμνόμενοι
2888 535 3013 605 γῆς,
3044 535 3076 608 ἢ
3102 538 3152 590 οί
3178 538 3312 608 μηδὲ
3344 538 3513 609 βῶλον
3537 542 3668 610 μίαν

1999 616 2303 685 ἀναγκαίαν
2329 621 2513 684 αὐτοῖς
2552 622 2688 693 πρὸς
2736 623 2931 693 κτῆσιν
2953 619 3091 678 εἶναι
3114 626 3454 697 νομίζοντεςς
3496 630 3546 681 οἰ
3580 630 3669 683 τό-

1999 719 2129 768 κους
2157 706 2249 759 ἐπὶ
2287 707 2480 771 τόκους
2503 718 2529 747 θ
2550 708 2919 777 συλλέγοντες,
2953 711 3048 766 καὶ
3075 714 3259 782 πάσης
3280 715 3551 787 ἐμπορίας
3582 735 3669 770 κι-

1997 789 2212 855 νοῦντες
2239 792 2356 845 ὁδὸν
2387 793 2591 857 ἄδικον,
2622 794 2656 866 ἦ
2696 797 2743 848 οἱ
2768 796 2867 860 τὰς
2900 796 3119 862 ἀδίκους
3154 800 3357 865 ταύτας
3395 800 3667 857 διασπῶν-

1997 894 2089 941 τες
2140 880 2483 949 συγγραφὰς,
2532 882 2627 934 καὶ
2679 884 2745 935 ἐκ
2801 882 2912 936 τῶν
2959 884 3188 940 ἐνόντων
3234 890 3348 952 τοῖς
3395 888 3670 960 δεομένοις

1997 968 2412 1043 ἐπικουροῦντες
2428 991 2443 1039 ;
2462 975 2512 1027 οἱ
2526 973 2586 1027 τὸ
2603 975 2818 1040 εὑτελές
2834 976 2933 1047 τῆς
2947 976 3294 1048 ἀνθρωπίνης
3321 979 3519 1034 ἐπεσκε
3528 982 3669 1053 μμέ-

1998 1079 2078 1117 νοι
2107 1064 2340 1132 φύσεως,
2373 1068 2406 1138 ἦ
2443 1070 2493 1122 οί
2524 1070 2662 1140 μηδέ
2690 1068 2847 1122 τοῦτο
2878 1069 3010 1122 αὑτὸ
3033 1069 3228 1123 εἰδέναι
3253 1071 3517 1137 θέλοντες,
3551 1075 3668 1128 ἀλλ’

1998 1157 2103 1210 ὑπὸ
2131 1159 2235 1235 τῆς.
2260 1158 2400 1228 ἄγαν
2431 1160 2748 1227 ἀλαζονείας
2776 1162 2870 1216 καί⁸
2895 1161 2957 1215 τὸ
2992 1161 3310 1234 ἀνθρώπους
3340 1164 3455 1237 [92]
3472 1168 3670 1232 αὑτοὺς

1995 1251 2235 1319 νομίζειν
2267 1253 2701 1322 ἀπολωλεκότες;
2738 1257 2788 1309 οἰ
2821 1255 3025 1324 πόρνας
3061 1256 3376 1327 τρέφοντες,
3419 1259 3514 1313 καὶ
3555 1263 3670 1325 τοῖς

1995 1342 2294 1414 ἀλλοτρίοις
2325 1344 2709 1417 λυμαινόμενοι
2746 1349 2970 1419 γάμοις,
3001 1350 3034 1422 ἢ
3073 1351 3125 1404 οί
3171 1352 3267 1405 καὶ
3312 1353 3414 1424 τῆς
3458 1354 3670 1408 ἐαυτῶν

1993 1433 2323 1506 ἀπεχόμενοι
2349 1439 2643 1505 γυναικός;
2669 1442 2780 1511 Οὐχ
2805 1444 2851 1494 οἰ
2886 1441 3007 1510 μέν,
3036 1441 3225 1513 ῶσπερ
3259 1446 3530 1516 οἰδήματα
3567 1446 3671 1500 σώ-

1996 1544 2128 1596 ματι
2164 1529 2260 1592 καὶ
2304 1531 2593 1603 πνεύματα
2638 1534 2805 1606 ἄγρια
2851 1534 3112 1608 θαλάττῃ,
3155 1539 3227 1608 ’τῇ
3283 1539 3529 1610 πολιτείᾳ
3569 1542 3671 1611 τῆς

1991 1625 2319 1699 οἰκουμένης
2340 1628 2682 1697 ἐπιφύονται,
2709 1632 2803 1685 καὶ
2825 1633 2951 1695 τοὺς
2974 1633 3097 1686 καθ’
3125 1633 3354 1699 ἑαυτοὺς
3404 1636 3669 1702 σώζεσθαι

1989 1716 2318 1788 δυναμένους
2363 1722 2720 1793 χειμάζοντες
2763 1724 2850 1778 διὰ
2880 1724 2982 1796 τὴν
3017 1726 3289 1795 ἀκρασίαν
3320 1728 3422 1799 τὴν
3452 1731 3668 1784 αὑτῶνο

1990 1813 2040 1865 οῖ
2088 1812 2145 1866 δέ
2174 1813 2365 1884 ῶσπερ
2413 1816 2471 1868 ἐν
2515 1816 2691 1887 σκότῳ
2734 1816 2887 1886 βαθεῖ
2931 1817 3255 1890 λαμπτῆρες
3291 1820 3507 1894 φαιδροὶ
3541 1823 3670 1888 τοὺς

1990 1903 2051 1958 ἐν
2079 1904 2230 1976 μέσῳ
2262 1907 2635 1975 ναυαγοῦντας
2662 1908 2803 1980 πρὸς
2838 1910 2937 1980 τὴν
2975 1911 3183 1964 οἰκείαν
3211 1911 3469 1967 καλοῦσιν
3492 1914 3670 1984 ἀσφά-

1992 1992 2163 2058 λειαν,
2198 1996 2293 2049 καί
2342 1995 2444 2060 τάς
2492 1998 2593 2068 τῆς
2640 1998 2961 2068 φιλοσοφίας
2991 2000 3285 2070 λαμπάδας
3329 2002 3424 2073 ἀφ’
3462 2003 3668 2074 ὑψηλοῦ

1993 2089 2277 2161 πόρῤωθεν
2305 2090 2561 2160 ἅψαντες,
2582 2089 2726 2144 οὕτω
2761 2093 2888 2155 τοὺς
2930 2092 3285 2163 βουλομένους
3311 2094 3405 2148 ἐπὶ
3432 2095 3525 2149 τὸν
3565 2097 3668 2166 τῆς

1992 2185 2427 2257 ἀπραγμοσύνης
2472 2188 2873 2259 χειραγωγοῦσι
2920 2188 3150 2260 λιμένας
3197 2189 3270 2243 Οὑ
3304 2188 3375 2243 δι’
3426 2191 3668 2257 ἐκείνους

1993 2281 2213 2344 στάσεις
2250 2282 2346 2336 καὶ
2391 2283 2617 2353 πόλεμοι
2647 2284 2742 2338 καὶ
2784 2284 2975 2356 μάχαι,
3027 2285 3121 2339 καὶ
3154 2285 3360 2340 πόλεων
3390 2304 3668 2343 κατασκα-

1991 2374 2111 2442 φαὶ,
2161 2374 2255 2428 καὶ
2279 2375 2728 2446 ἀνδραποδισμοί,
2765 2361 2862 2432 καὶ
2897 2378 3157 2441 δουλεῖαι,
3197 2380 3217 2419 ί
3261 2383 3356 2436 καὶ
3382 2381 3668 2453 αἰχμα).ω·›

1990 2464 2122 2527 σίαι,
2168 2466 2262 2519 καὶ
2297 2466 2467 2536 φόνοι,
2497 2469 2592 2522 καὶ
2632 2470 2701 2522 τὰ
2735 2468 2903 2540 μυρία
2943 2472 3000 2523 ὲν
3026 2470 3105 2541 τῷ
3135 2471 3234 2542 βίῳ
3269 2475 3445 2537 κακά;
3491 2475 3552 2527 οὐ
3598 2475 3668 2529 τά

1989 2557 2139 2627 παρά
2167 2557 2470 2627 ἀνθρώπων
2504 2560 2813 2630 ἀνθρώποις
2841 2563 3156 2632 ἐπαγόμενα
3189 2563 3371 2634 μόνον,
3405 2565 3542 2619 ἀλλά
3568 2570 3666 2622 καὶ

1984 2646 2055 2702 τά
2078 2650 2142 2703 ἐκ
2173 2651 2268 2704 τοῦ
2302 2651 2533 2722 ούρανοῦ
2567 2652 2768 2717 πάντα,
2804 2651 2917 2707 οἷον
2956 2654 3180 2724 αὐχμοὶ,
3227 2656 3321 2708 καὶ
3344 2656 3664 2728 ἐπομϐρίοι,

1986 2743 2081 2797 καὶ
2121 2745 2355 2816 σεισμοὶ,
2392 2745 2488 2798 καὶ
2535 2743 2936 2809 καταπτὼσεις,
2982 2747 3077 2800 καὶ
3129 2747 3336 2803 πόλεων
3390 2766 3666 2803 καταπον-

1985 2836 2193 2908 τισμοὶ,
2235 2839 2331 2891 καὶ
2366 2839 2536 2909 λιμοὶ,
2569 2841 2665 2892 καὶ
2693 2841 2893 2911 λοιμοὶ,
2924 2840 3018 2895 καί¹
3046 2840 3115 2894 τά
3149 2840 3284 2895 ἀλλα
3332 2845 3530 2909 πάντα,
3563 2846 3661 2902 ὅσα

1986 2932 2117 3003 ἡμῖν
2136 2931 2346 2985 ἐκεῖθεν
2376 2933 2645 3001 ἐπάγεται
2665 2951 2680 2999 ;

2056 3022 2323 3077 ι’.οὑκοῦν
2338 3015 2483 3078 οὗτοι
2511 3024 2674 3096 οἰτὴν
2694 3025 2968 3080 πολιτείαν
2994 3027 3413 3100 ἀνατρέποντες,
3441 3034 3663 3098 καὶτοῖς

1986 3117 2183 3179 κοινοῖς
2206 3114 2593 3184 λυμαινόμενοι
2608 3132 2621 3145 ·
2641 3109 2788 3171 οῦτοι
2809 3118 2859 3170 οἱ
2884 3119 2980 3171 καὶ
3004 3118 3214 3189 ἐτέροις
3255 3121 3466 3191 μυρίων
3498 3124 3662 3179 αἴτιοι

1986 3204 2282 3278 συμφορῶν
2302 3246 2317 3269 ,
2352 3208 2400 3259 οί
2432 3209 2543 3269 τοῖς
2574 3206 2919 3278 βουλομένοις
2959 3209 3254 3280 ἡσυχάζειν
3291 3212 3660 3288 ἐνοχλοῦντες,

1983 3299 2080 3352 καὶ
2113 3298 2449 3370 πανταχόθεν
2479 3298 2729 3364 ἕλκοντες
2770 3303 2866 3355 καὶ
2920 3302 3352 3374 σπαράττοντες·
3399 3305 3488 3359 διὰ
3537 3309 3662 3362 τού-

1979 3408 2108 3455 τους
2141 3392 2487 3464 δικαστήρια,
2521 3394 2614 3447 καί
2640 3394 2816 3463 νόμοι,
2847 3394 2942 3448 καὶ
2971 3395 3254 3467 τιμωρίαι,
3292 3398 3385 3450 καὶ
3415 3398 3659 3472 διάφοροι

1982 3488 2258 3543 κολάσεων
2313 3490 2525 3560 τρόποι.
2578 3488 2690 3542 Καὶ
2732 3489 2984 3562 καθάπερ
3010 3492 3068 3544 ἐν
3109 3492 3279 3564 οἰκία,
3310 3492 3436 3548 ἔνθα
3475 3497 3660 3554 πολλοὶ

1983 3586 2083 3657 μέν
2114 3589 2161 3639 οί
2193 3587 2511 3657 κάμνοντες,
2556 3586 2697 3640 οἶδὲ
2743 3587 3083 3655 ὑγιαίνοντες
3126 3589 3317 3659 ὀλίγοι.
3371 3593 3467 3647 καὶ
3520 3597 3660 3669 φάρ-

1984 3698 2135 3752 μακα
2192 3683 2287 3736 καὶ
2332 3682 2551 3754 ἰατροὺς
2596 3682 2828 3746 πολλοὺς
2876 3683 3219 3749 εἰσελθόντας
3262 3687 3408 3742 ἔστιν
3439 3692 3655 3763 εὑρεῖν

1977 3780 2118 3835 οὑτω
2147 3780 2241 3833 καὶ
2277 3780 2336 3833 ἐν
2365 3782 2431 3852 τῇ
2463 3779 2757 3851 οἰκουμένῃ
2784 3779 2883 3832 οὐκ
2913 3779 3061 3833 ἐστιν
3087 3780 3260 3845 ἔθνος,
3293 3785 3394 3839 οὑκ
3425 3786 3539 3843 ἐστι
3570 3791 3659 3845 τιό-

1977 3877 2081 3941 λις,
2130 3877 2257 3930 ἔνθα
2286 3877 2361 3947 μὴ
2395 3876 2579 3931 πολλοὶ
2610 3876 2710 3947 μὲν
2756 3877 2808 3929 οἱ
2848 3876 3024 3948 νόμοι,
3082 3878 3267 3932 πολλοὶ
3297 3880 3353 3933 δὲ
3392 3884 3440 3936 οἱ
3467 3884 3656 3957 ἄρχον-

1977 3989 2092 4035 τες,
2121 3971 2313 4026 πολλαὶ
2354 3971 2411 4025 δὲ
2454 3972 2509 4024 αί
2534 3971 2814 4043 τιμωρίαι.
2852 3972 2926 4026 Οὑ
2963 3971 3071 4044 γὰρ
3099 3974 3261 4046 ἀρκεῖ
3286 3977 3355 4028 τά
3384 3978 3654 4050 φάρμακα

1976 4069 2117 4123 αὑτά
2161 4069 2284 4122 καθ’
2317 4068 2485 4122 ἑαυτὰ
2507 4069 2813 4138 ἀναστῆσαι
2849 4069 2943 4123 τὸν
2962 4070 3261 4140 κάμνοντα,
3282 4074 3421 4129 ἀλλά
3445 4078 3529 4132 δεῖ
3555 4083 3653 4134 καὶ

1974 4163 2083 4216 τῶν
2108 4164 2455 4218 ἐπιτιθέντων
2500 4164 2663 4227 αὑτὰ,
2694 4166 2855 4236 οἵπερ
2899 4166 3038 4220 εἰσὶν
3088 4169 3139 4221 οί
3182 4168 3518 4239 δικάζοντες,
3557 4178 3654 4231 καὶ

1974 4259 2200 4323 ἑκόντας
2241 4260 2335 4312 καὶ
2383 4259 2613 4322 ἄκοντας
2666 4260 3069 4328 ἀναγκάζοντες
3122 4263 3371 4335 δέχεσθαι
3422 4269 3520 4339 τὴν
3573 4274 3652 4326 ία-

1973 4353 2160 4424 τρείαν
2189 4353 2407 4418 αὑτούς.
2456 4353 2596 4407 Ἀλλ’
2643 4355 2794 4425 ὅμως
2825 4354 2998 4415 οὕτως
3032 4358 3333 4429 ὑπερέσχεν
3389 4362 3421 4433 ἡ
3475 4365 3647 4428 νόσος,

1973 4452 2049 4516 ῶς
2082 4452 2175 4506 καὶ
2203 4450 2375 4521 αὐτῆς
2400 4451 2500 4519 τῆς
2527 4451 2637 4504 τῶν
2668 4450 2868 4523 ἰατρῶν
2896 4454 3168 4524 κρατῆσαι
3189 4456 3402 4526 τέχνης,
3435 4461 3530 4512 καὶ
3553 4462 3643 4513 αὑ.

1973 4549 2097 4613 τοὺς
2138 4546 2386 4601 ἐπελθεῖν
2424 4548 2548 4610 τοὺς
2588 4546 2942 4611 δικάζοντας’
2988 4549 3084 4603 καὶ
3127 4551 3411 4621 συμδαίνει
3463 4556 3646 4619 ταὺτὸ,

1968 4637 2081 4696 οἷον
2116 4642 2182 4696 ἂν
2219 4641 2272 4695 εί
2301 4659 2384 4705 τις
2425 4641 2645 4713 πυρετῷ
2683 4643 2776 4696 καὶ
2808 4642 2981 4713 ὑδέρῳ
3009 4644 3383 4715 συνεχόμενος.
3422 4649 3517 4701 καὶ
3543 4667 3647 4721 μυ-

1972 4739 2109 4811 ρίοις
2140 4739 2349 4810 ἐτέροις
2376 4736 2572 4792 πάθεσι
2600 4737 3019 4810 χαλεπωτέροις,
3053 4739 3162 4793 τῶν
3193 4742 3294 4812 μὲν
3323 4743 3539 4798 οἰκείων
3569 4747 3644 4818 μὴ

1971 4834 2304 4907 περιγίνοιτο
2335 4832 2545 4895 κακῶν,
2583 4834 2801 4905 ἐτέρους
2828 4834 2884 4888 δέ
2932 4836 3046 4901 τοῖς
3079 4835 3263 4902 αὐτοῖς
3291 4839 3645 4910 ἐνεχομένους

1965 4931 2161 4993 δεινοῖς
2215 4928 2581 4983 ἀπαλλάττειν
2632 4929 2984 5003 φιλονεικοίη.
3048 4930 3113 4986 Ἦ
3154 4932 3265 5003 γὰρ
3317 4937 3413 5008 τῆς
3446 4938 3645 5005 κακίας

1969 5025 2060 5078 ἐπι
2066 5024 2202 5096 ῤῥοὴ
2224 5024 2475 5095 καθάπερ
2500 5041 2584 5089 τις
2606 5025 2967 5098 χειμάρρους,
3000 5026 3216 5084 ἅπαντα
3246 5030 3314 5086 τά
3343 5032 3646 5106 κωλύματα

1966 5120 2345 5194 άναρῤήξασα,
2395 5122 2639 5195 σφοδρῶς
2673 5123 2767 5177 ἐπὶ
2800 5123 2901 5189 τάς
2940 5124 3052 5178 τῶν
3080 5124 3385 5198 ἀνθρώπων
3409 5127 3639 5204 ἐξεχύθη

1964 5217 2163 5289 ψυχάς.
2188 5219 2302 5272 Καὶ
2340 5219 2393 5272 τί
2442 5218 2586 5288 λέγω
2640 5218 2917 5284 πολιτείας
2954 5220 3302 5294 άνατροπήν;
3343 5223 3640 5281 κινδυνεύει

1966 5314 2075 5385 γὰρ
2119 5308 2273 5380 οὗτος
2320 5318 2349 5371 ό
2398 5317 2604 5388 λοιμὸς,
2634 5318 2662 5370 ὁ
2696 5317 2848 5388 παρά
2878 5317 2989 5371 τῶν
3024 5321 3277 5391 πονηρῶν
3304 5321 3510 5374 τούτων
3536 5322 3639 5392 ἀρ-

1965 5410 2100 5475 θεὶς,
2135 5412 2382 5476 καὶτοὺς
2416 5412 2669 5483 περὶτῆς
2693 5412 2949 5484 προνοίας
2983 5412 3076 5466 τοῦ
3107 5412 3242 5468 Θεοῦ
3275 5412 3382 5466 τῶν
3429 5413 3640 5466 πολλῶν

1964 5506 2237 5561 ἀπελάσαι
2271 5506 2492 5575 λόγους·
2534 5508 2677 5561 οὑτω
2712 5509 2923 5580 πρόεισι
2960 5509 3054 5563 καὶ
3086 5508 3308 5581 νέμεται
3340 5509 3434 5561 καὶ
3461 5507 3638 5561 πάντα

1964 5602 2244 5670 ἐπείγεται
2277 5605 2592 5673 κατασχεῖν,
2623 5604 2717 5656 καὶ
2749 5604 2818 5656 τά
2859 5604 2973 5657 ἀνω
3022 5602 3175 5656 κάτω
3216 5601 3505 5669 πεποίηκε,
3541 5600 3637 5654 καὶ

1962 5697 2114 5770 αὑτῷ
2136 5698 2323 5753 λοιπὸν
2351 5698 2739 5770 ἐπιστρατεύει
2775 5699 2852 5771 τῷ
2881 5701 3115 5771 οὐρανῷ,
3148 5700 3246 5764 τὰς
3275 5699 3383 5750 τῶν
3421 5693 3633 5764 ἀνθρώ-

2029 5842 2171 5908 tam
2194 5843 2269 5908 ἐπὶ
2292 5843 2468 5908 τόκοιο.
2588 5903 2604 5908 Α
2675 5902 2714 5908 __
2813 5904 2821 5908 _
3002 5902 3013 5908 _
3203 5901 3209 5908 ,

2036 5901 2053 5942 ι
2085 5904 2162 5953 Sic
2192 5903 2339 5953 Savil.
2372 5914 2419 5953 el
2445 5917 2556 5953 mu.
2588 5903 2641 5953 In
2674 5902 2841 5953 Morel.
2875 5902 3092 5963 qumdam
3117 5901 3425 5948 omittuntur.
