4124 6144
467 255 571 312 365

468 388 585 427 πων
612 371 862 443 γλώττας
893 371 1075 425 οὐκέτι
1104 371 1244 425 κατὰ
1276 371 1385 425 τῶν
1413 370 1735 440 ὁμοδούλων,
1765 368 1880 422 ἀλλ’
1907 367 2006 439 ἥδη
2038 369 2132 420 καὶ

465 457 586 511 κατ’
609 457 775 512 αὐτοῦ
816 457 911 511 τοῦ
947 456 1164 511 πάντων
1207 456 1535 528 κρατοῦντος
1565 454 1801 519 ὁπλίζων
1838 453 2128 507 Δεσπότου.

466 544 638 599 Πόθεν
655 544 784 613 γὰρ,
819 544 942 597 είπέ
975 560 1085 613 μοι,
1111 543 1139 595 ό
1166 542 1333 607 πολὺς
1363 543 1640 614 πανταχοῦ
1674 541 1774 612 τῆς
1796 540 2131 613 εἱμαρμένης

466 632 622 702 λόγος
642 649 655 698 ;
692 632 853 685 πόθεν
879 631 1092 703 ἄστρων
1117 630 1297 702 ἀλόγῳ
1326 632 1470 703 φορᾷ
1494 644 1520 672 ι
1544 631 1615 684 τά
1639 630 1770 685 ὄντα
1788 627 2135 682 ἀνατιθέασιν

465 721 516 774 οἱ
553 719 771 785 πολλοί;
817 718 907 772 διά
952 719 1005 772 τί
1054 719 1248 790 τύχην,
1302 717 1392 771 διὰ
1440 717 1495 771 τί
1542 719 1603 772 τὸ
1655 716 1963 788 αὐτόματόν
1989 733 2136 781 τινες

464 808 865 880 πρεσϐεύουσις
913 807 1078 863 πόθεν
1117 808 1237 878 είκῆ
1282 807 1379 862 καὶ
1430 806 1615 872 ἁπλῶς
1641 808 1821 862 πάντα
1856 805 2135 878 νομίζουσι

465 895 761 968 φέρεσθαι;
791 895 878 949 διὰ
905 896 1033 959 τοὺς
1060 894 1319 959 ἐπιεικῶς
1352 892 1559 959 ζῶντας
1589 896 1682 949 καὶ
1710 893 1964 966 μετρίως,
1997 892 2030 964 ἢ
2069 892 2132 946 δι’

464 981 726 1047 ἐκείνους,
746 981 838 1044 οὒς
870 984 934 1036 σύ
967 982 1065 1053 μὲν
1094 983 1337 1052 συνέχειν
1372 981 1553 1053 ἐφηςι)
1572 981 1671 1054 τὴν
1697 980 1991 1045 πολιτείαν,
2021 979 2136 1053 [95]

463 1069 576 1139 ἐγὼ
618 1070 675 1123 δὲ
721 1070 905 1140 κοινὴν
954 1065 1121 1123 οὖσαν
1149 1068 1405 1134 ἀπέδειξα
1433 1069 1534 1139 τῆς
1562 1069 1888 1141 οἰκουμένης
1922 1067 2134 1140 λύμην;

463 1157 543 1210 Δι’
577 1156 825 1221 ἐκείνους
870 1156 1133 1226 δηλονότι.
1169 1157 1357 1221 Οὐδεὶς
1388 1156 1498 1228 γάρ
1533 1158 1851 1226 ἀγανακτεῖ,
1889 1153 2077 1227 ἐπειδὴ
2107 1157 2137 1209 6

461 1245 608 1298 δεῖνα
630 1245 926 1314 φιλοσοφεῖ,
957 1243 989 1315 ἢ
1016 1245 1098 1298 ὃτι
1128 1245 1275 1297 ἐστὶν
1305 1247 1333 1298 6
1357 1245 1504 1299 δεῖνα
1527 1244 1775 1316 ἐπιεικὴς
1801 1244 1893 1298 καὶ
1917 1243 2138 1314 μέτριος

466 1333 561 1385 καί
591 1330 842 1403 σώφρων.
889 1332 982 1384 καὶ
1009 1331 1118 1384 τῶν
1157 1331 1436 1403 παρόντων
1466 1333 1711 1403 ὑπερορᾷ
1758 1330 2099 1402 πραγμάτων
2118 1345 2131 1359 ·

463 1419 578 1472 ἀλλ’
626 1420 707 1473 ὅτι
755 1421 783 1473 ό
825 1419 972 1472 δεῖνα
1015 1420 1256 1485 πλουτεῖ,
1313 1419 1397 1474 ὅτι
1446 1421 1649 1492 τρυφᾷ,
1694 1420 1776 1472 ὅτι
1822 1418 2139 1470 πλεονεκτεῖ

464 1506 559 1560 καὶ
584 1507 842 1578 ἁρπάζει,
865 1507 948 1560 ὅτι
980 1508 1214 1578 πονηρὸς
1242 1507 1318 1560 ῶν
1345 1508 1438 1562 καὶ
1477 1508 1686 1579 μυρίων
1716 1507 1900 1576 γέμων
1925 1505 2133 1567 κακῶν,

464 1594 719 1666 λαμπρός
747 1594 809 1647 τέ
842 1596 961 1648 ἐστι
994 1597 1089 1648 καὶ
1114 1595 1396 1666 εὐημερεῐ.
1430 1595 1613 1648 Ταῦτα
1639 1592 2008 1665 κατηγοροῦσι
2041 1592 2138 1646 καὶ

468 1683 773 1752 μέμφονται
798 1684 847 1736 οί
870 1681 1227 1745 ἀπιστοῦντες
1249 1682 1402 1752 Θεῷ·
1450 1682 1664 1744 τούτοις
1705 1679 2137 1752 προσπταίουσιν

462 1772 513 1821 οί
544 1768 750 1826 πολλοὶ.
777 1770 853 1833 ὡς
882 1770 990 1823 τῶν
1023 1787 1086 1839 γε
1115 1769 1374 1832 ἐπιεικῶς
1404 1769 1588 1823 ἕνεκεν
1613 1767 1851 1833 ζώντων,
1879 1769 1939 1822 οὐ
1976 1766 2135 1839 μόνον

462 1856 613 1911 οὐδὲν
641 1856 965 1925 φθέγξονται
1009 1857 1118 1912 τῶν
1149 1857 1411 1928 ῥημάτων
1445 1858 1671 1920 τούτων,
1719 1856 1854 1911 ἀλλά
1902 1858 1996 1910 καὶΙ
2036 1872 2137 1910 κα-

465 1948 709 2014 ταγνοῖεν
740 1945 971 2009 ἑαυτῶν,
1010 1945 1097 2014 ἐφ’
1129 1941 1210 2009 οἷς
1262 1945 1329 1998 ἂν
1364 1946 1682 2018 προαχθῶσι
1718 1947 1815 2017 τῆς
1847 1944 1942 1998 τοῦ
1997 1942 2133 1998 Θεοῦ

463 2037 842 2109 κατηγορῆσαι
862 2036 1139 2109 προνοίας.
1172 2035 1284 2090 Καὶ
1309 2037 1356 2089 εἰ
1388 2036 1607 2101 πάντες,
1634 2036 1667 2109 ἢ
1702 2037 1795 2090 καὶ
1823 2036 1874 2088 οί
1918 2034 2135 2098 πλείους

463 2126 745 2180 ἐϐούλοντο
790 2125 933 2178 οὕτω
982 2122 1102 2196 ζῇν,
1159 2124 1269 2177 οὐδ’
1318 2123 1383 2177 ἄν
1432 2141 1515 2187 τις
1564 2123 1812 2194 ἐνενόησε
1851 2122 2027 2175 ταῦτα
2069 2122 2138 2176 τά

466 2214 705 2283 ῥήματα,
735 2212 843 2266 οὐδ’
872 2212 938 2265 ἂν
986 2213 1014 2263 6
1060 2210 1168 2264 τῶν
1200 2210 1386 2265 κακῶν
1426 2208 1630 2265 τούτων
1658 2209 1943 2280 ἐπεισῆλθε
1986 2208 2139 2263 κολο-

463 2299 580 2370 φὼν
609 2301 668 2354 τὸ
698 2298 900 2372 ζητεῖν,
943 2297 1108 2353 πόθεν
1139 2298 1206 2351 τὰ
1238 2284 1405 2351 κακά.
1456 2297 1657 2350 Κακῶν
1685 2297 1790 2369 γὰρ
1827 2297 1927 2350 οὐκ
1969 2296 2137 2349 ὄντων

462 2388 585 2442 οὐδέ
630 2386 997 2458 φαινομένων,
1042 2387 1126 2451 τίς
1169 2385 1236 2440 ἂν
1282 2384 1533 2458 προήχθη
1565 2386 1664 2457 τὴν
1692 2385 1873 2439 αἰτίαν
1901 2384 2136 2454 ζητῆσαι

462 2476 575 2531 τῶν
603 2476 813 2540 κακῶν,
856 2474 951 2528 καὶ
975 2474 1174 2547 μυρίας
1194 2474 1302 2529 ἀπὸ
1325 2476 1423 2546 τῆς
1443 2474 1725 2545 ζητήσεως
1762 2473 1963 2542 ταύτης
1987 2472 2139 2544 αἰρέ-

465 2581 580 2627 σεις
616 2561 927 2617 ἀνατέλλειν
976 2572 1036 2627 ο;
1076 2562 1188 2615 Καὶ
1214 2561 1322 2633 γάρ
1349 2560 1634 2631 Μαρκίων,
1682 2559 1776 2613 καὶ
1806 2558 2018 2629 Μάνης.
2047 2559 2139 2612 καὶ

465 2649 838 2711 Οὐαλεντίνος,
890 2644 985 2700 καὶ
1029 2647 1139 2699 τῶν
1201 2648 1467 2718 Ἑλλήνων
1519 2648 1568 2698 οἱ
1609 2646 1830 2709 πλείους
1888 2638 2139 2698 ἐντεῦθεν

465 2735 655 2789 ἔλαϐον
693 2734 792 2805 τὴν
835 2734 1028 2803 ἀρχήν.
1061 2734 1123 2786 El
1153 2733 1210 2787 δέ
1254 2733 1452 2795 πάντες
1486 2731 1860 2802 ἐφιλοσόφουν,
1886 2731 1987 2784 οὐκ
2012 2732 2138 2802 ἐνῆν

463 2822 638 2876 ταῦτα
666 2821 871 2892 ζητεῖν,
900 2820 1014 2874 ἀλλ’
1045 2823 1094 2873 εί
1118 2821 1211 2875 καὶ
1246 2820 1558 2892 μηδαμόθεν
1591 2819 1833 2883 ἄλλοθεν,
1866 2819 1972 2872 ἀπὸ
2005 2818 2138 2887 γοῦν

463 2914 564 2984 τῆς
612 2912 843 2983 ἀρίστης
885 2910 1088 2982 ταύτης
1118 2910 1392 2974 πολιτείας
1437 2909 1638 2981 ἔμαθον
1667 2910 1732 2963 ἂν
1762 2909 2019 2969 ἅπαντες,
2056 2908 2138 2960 ὅτι

465 3003 570 3056 ὐπὸ
607 3000 727 3073 Θεῷ
774 3000 957 3072 ζῶμεν
992 2999 1223 3071 βασιλεῖ,
1255 3000 1350 3054 καὶ
1382 3000 1452 3053 τά
1493 2998 1739 3069 ἡμέτερα
1763 2992 1916 3058 οὗτος
1947 2998 2140 3049 διοικεῖ

466 3090 561 3145 καὶ
606 3089 850 3160 κυϐερνᾷ
897 3089 1199 3159 ’πράγματα
1252 3085 1394 3140 κατά
1439 3085 1538 3158 τὴν
1589 3084 1754 3140 αὐτοῦ
1811 3084 2002 3152 σοφίαν
2045 3084 2141 3137 καὶ

467 3177 682 3231 σύνεσιν
704 3193 717 3207 ’
749 3176 777 3230 ὅ
808 3179 1035 3231 κινεῖται
1071 3175 1170 3247 μὲν
1197 3177 1291 3229 καὶ
1320 3174 1436 3242 νῦν,
1472 3174 1722 3244 φαίνεται
1753 3175 1810 3227 δέ
1837 3175 1896 3227 οὐ
1941 3173 2140 3244 ῥᾳδίως

465 3265 554 3321 διὰ
603 3265 703 3336 τὴν
757 3264 958 3335 πολλὴν
985 3263 1172 3335 ἀχλὺν,
1205 3264 1274 3334 ἣν
1302 3262 1704 3317 κατεσκέδασαν
1732 3256 1877 3316 οὗτοι
1909 3260 2012 3331 τῆς
2057 3261 2138 3313 01-

468 3352 741 3424 κουμένης
775 3353 1023 3423 ἀπάσης·
1057 3355 1106 3404 εί
1129 3352 1186 3405 δέ
1235 3353 1310 3423 μὴ
1339 3351 1496 3405 τοῦτο
1523 3346 1612 3422 ἦν,
1639 3349 1889 3420 καθάπερ
1917 3351 1975 3400 ἐν
2012 3365 2136 3400 στα-

468 3441 603 3512 θερᾷ
632 3440 953 3512 μεσημϐρίᾳ
979 3441 1073 3493 καὶ
1105 3439 1271 3510 λευκῇ
1298 3439 1508 3512 γαλήνῃ
1529 3439 1693 3490 πᾶσιν
1721 3436 1787 3492 ἂν
1822 3438 1855 3506 ἡ
1881 3434 1975 3488 τοῦ
2001 3436 2137 3489 Θεοῦ

471 3528 691 3601 πρόνοια
706 3528 953 3597 διεφάνη.
973 3529 1035 3580 El
1057 3528 1163 3600 γὰρ
1202 3529 1337 3598 μήτε
1362 3526 1685 3596 δικαστήρια
1713 3520 1803 3595 ἦν,
1837 3525 1974 3594 μήτε
2008 3542 2139 3577 κατ-

469 3618 683 3685 ήγοροι,
734 3617 870 3686 μήτε
918 3612 1270 3684 συκοφάνται,
1316 3612 1389 3685 μὴ
1436 3612 1658 3682 βάσανοι
1704 3613 1798 3665 καὶ
1850 3612 2136 3683 τιμωρίαι,

472 3704 547 3774 μὴ
578 3703 925 3776 δεσμωτήρια
947 3702 1040 3755 καὶ
1064 3701 1335 3766 κολάσεις,
1366 3702 1440 3772 μὴ
1477 3699 1767 3771 δημεύσεις
1796 3700 1888 3753 καὶ
1921 3700 2137 3771 ζημίαι,

473 3793 546 3863 μὴ
582 3791 735 3860 φόϐοι
780 3791 873 3844 καὶ
915 3790 1172 3852 κίνδυνοι,
1223 3790 1297 3861 μὴ
1344 3788 1558 3860 ἔχθραι,
1598 3788 1672 3860 μὴ
1719 3787 2022 3851 ἐπιϐουλαὶ,
2065 3789 2140 3859 μὴ

469 3877 725 3948 λοιδορίαι
761 3879 855 3931 καὶ
889 3880 1062 3949 μῖσος,
1097 3877 1170 3948 μὴ
1211 3877 1359 3937 λιμοὶ
1390 3875 1483 3945 καὶ
1526 3874 1725 3944 λοιμοὶ,
1780 3874 1901 3946 μηδ’
1936 3874 2064 3928 ἄλλο
2087 3893 2139 3928 τι

467 3965 578 4020 τῶν
593 3964 1062 4037 ἁπηριθμημένων
1084 3964 1292 4023 δεινῶν.
1318 3964 1454 4016 ἀλλά
1477 3963 1675 4025 πάντες
1700 3962 1819 4032 μετ’
1841 3961 2140 4026 ἐπιεικείας

468 4052 608 4115 ἔζων
665 4053 764 4122 τῆς
804 4050 1211 4122 προσηκούσης,
1243 4051 1329 4113 τίς
1359 4050 1425 4103 ἂν
1467 4049 1577 4102 τῶν
1618 4048 1837 4113 ζώντων
1883 4048 2140 4104 ἁπάντων

468 4140 859 4210 ἠμφισϐήτησε
905 4139 1036 4210 περὶ
1067 4141 1167 4209 τῆς
1191 4137 1286 4192 τοῦ
1332 4136 1466 4191 Θεοῦ
1498 4136 1787 4207 προνοίας;
1842 4137 1956 4190 Οὐκ
1992 4137 2142 4191 ἐστιν

468 4228 666 4290 οὐδείς.
717 4228 853 4280 Νυνὶ
890 4227 948 4279 δὲ
978 4227 1144 4279 ταυτὸ
1178 4224 1487 4296 συμϐαίνει,
1523 4221 1634 4278 οἷον
1671 4223 1737 4278 ἂν
1783 4225 1832 4278 εἰ
1871 4213 2142 4296 χειμῶνος

470 4315 869 4379 καταλαϐόντος
922 4314 1209 4385 ἐργάζοιτο
1248 4314 1346 4384 μὲν
1389 4314 1418 4366 6
1476 4312 1817 4383 κυϐερνήτης
1850 4314 1912 4367 τὸ
1949 4314 2140 4379 αὐτοῦ,

468 4405 565 4460 καὶ
591 4402 844 4468 διασώζοι
867 4403 928 4456 τὸ
958 4402 1188 4471 σκάφος,
1216 4403 1291 4473 μὴ
1317 4403 1561 4470 φαίνοιτο
1585 4402 1642 4456 δὲ
1676 4402 1840 4455 αὐτοῦ
1878 4402 1978 4474 τῆς
2018 4405 2141 4456 ἐπι-

472 4493 686 4563 στήμης
718 4494 751 4563 ἠ
784 4490 1040 4563 ἀκρίϐεια
1067 4494 1179 4555 τοῖς
1209 4489 1500 4551 ἐπιϐάταις
1534 4488 1623 4542 διὰ
1649 4489 1749 4559 τὴν
1772 4488 2018 4561 ταραχὴν
2047 4492 2149 4543 καὶ

469 4580 561 4634 τὸν
596 4580 758 4649 φόϐον
792 4581 885 4632 καὶ
912 4581 1011 4650 τὴν
1040 4579 1280 4648 ἀγωνίαν
1299 4578 1407 4630 τῶν
1428 4576 1891 4647 ἐπικρεμαμένων
1930 4577 2140 4632 κακῶν.

482 4668 634 4722 Ἐπεὶ
682 4670 775 4721 καὶ
823 4670 851 4721 6
889 4667 1022 4731 Θεὸς
1060 4667 1303 4738 κυϐερνᾷ.
1339 4666 1437 4736 μὲν
1468 4664 1526 4717 τὸ
1561 4665 1669 4716 πᾶν
1704 4663 1864 4717 τοῦτο
1899 4663 1994 4718 καὶ
2022 4665 2140 4731 νῦν,

467 4756 530 4808 οὐ
565 4755 812 4825 φαίνεται
835 4755 892 4808 δέ
918 4758 1029 4818 τοῖς
1063 4754 1274 4817 πολλοῖς
1300 4753 1387 4806 bit
1416 4753 1502 4806 τὸν
1529 4752 1637 4806 τῶν
1667 4754 2010 4826 πραγμάτων
2031 4772 2142 4825 χει-

474 4844 628 4916 μῶνα
659 4844 753 4897 καί
774 4843 870 4913 τὴν
903 4843 1171 4912 ταραχὴν,
1207 4844 1272 4915 ἢν
1297 4837 1441 4895 οῦτοι
1469 4841 1533 4912 δὴ
1554 4840 1786 4911 μάλιστα
1814 4842 2031 4895 πάντων
2053 4844 2143 4915 ἐρ-

475 4931 735 5001 γάζονται
779 4930 830 4983 ἃ.
872 4932 1035 4984 Ὥστε
1075 4933 1134 4983 οὐ
1167 4930 1326 5000 μόνον
1373 4931 1647 4983 πολιτείαν
1701 4932 2119 5004 ἀνατρέπουσιν,

472 5018 606 5075 ἀλλά
629 5017 721 5070 καὶ
747 5018 1025 5072 εὐσέϐειαν
1044 5029 1069 5058 ε
1085 5018 1148 5072 λυ
1157 5018 1458 5088 μαίνονταιο
1486 5020 1578 5071 καὶ
1602 5019 1702 5072 οὐκ
1725 5019 1789 5073 ἄν
1808 5037 1889 5084 τις
1906 5020 2144 5092 ἁμάρτοι

474 5107 685 5168 κοινοὺς
712 5104 941 5176 ἐχθροὺς
964 5105 1189 5169 τούτους
1220 5103 1619 5177 προσειπὼν,οῖ
1648 5108 1788 5160 κατά
1813 5112 1914 5179 τῆς
1942 5109 2144 5181 ἐτέρων

475 5194 610 5257 ζῶσι
646 5193 942 5264 σωτηρίας,
978 5193 1211 5264 δόγμασι
1241 5196 1459 5265 μιαροῖς
1507 5194 1602 5247 καὶ
1647 5194 1784 5264 βίοις
1811 5195 2146 5268 ἀκαθάρτοις

474 5282 598 5343 τοὺς
629 5279 747 5351 μεθ’
786 5281 995 5336 έαυτῶν
1023 5280 1361 5352 ἐμπλέοντας
1394 5279 1776 5345 καταδύοντες.

539 5439 564 5510 ξ·
587 5439 669 5510 ἦξε
691 5453 807 5488 mss.
831 5439 983 5490 Savll.
1012 5440 1148 5510 .malg
1172 5437 1517 5510 ἀλόγεοχθορᾷ-

537 5501 566 5569 b
590 5502 1092 5569 ,1)υομωεεησυγχέειν
1116 5502 1246 5569 ἔφηςῖ
1270 5501 1402 5569 Εόιιί
1421 5501 1541 5569 νει-ο
1562 5504 1789 5569 συνέχειν.

538 5568 562 5597 ο
590 5564 759 5613 Morel.
783 5573 837 5614 el.
855 5563 1039 5626 intéi‘p.
1064 5563 1346 5613 ἀνατέλλειν.
1373 5563 1472 5613 Alii
1494 5563 1973 5627 οωηεςάνατέμναν.

536 5627 561 5665 σί
585 5628 667 5689 Sic
690 5628 839 5689 Savil.
863 5635 919 5676 et
941 5624 1333 5689 Mbrel.quorum
1353 5628 1643 5688 scripturam
1668 5624 1961 5689 recepimus.
1977 5624 2147 5677 Montl'.

476 5700 584 5759 τιιιη
602 5688 795 5759 ἁιιρδιιε
810 5702 946 5759 ωδε..
958 5725 990 5738 ..
1008 5688 1257 5759 ,ταραχὴη
1289 5689 1372 5737 τὸν
1397 5688 1453 5742 δὲ
1465 5689 1678 5752 χειμῶνα
1696 5689 1776 5738 καὶ
1790 5688 1893 5746 τὴν
1926 5691 2142 5752 ταραχὴν

476 5748 605 5797 οὗτοι
627 5751 682 5814 δὴ
841 5752 978 5814 πάντ.
1001 5748 1101 5814 ἐργξ
1124 5748 1260 5814 Ei)”.

544 5815 568 5842 θ
592 5812 675 5863 Sic
696 5813 869 5865 Morel.
894 5811 1047 5865 SaVil}
1066 5811 1069 5812 ⁷
1089 5813 1172 5871 τὴν
1213 5811 1475 5867 εὐλάϐειαν,
1500 5811 1596 5865 duo
1619 5825 1733 5863 mss.
1775 5812 1859 5872 τήν
1894 5811 2144 5875 εὐγένειαν.

1246 259 1303 313 S.
1343 255 1628 313 JOANNIS
1666 250 2156 310 CHRYSOSTOEII
2197 249 2523 308 ARClllEP.
2559 250 3105 308 CONSTANTINOP.

3796 255 3888 308 306

2311 372 2400 421 ια’.
2449 366 2589 421 Ἀλλ’
2637 367 2696 420 ἐν
2746 368 2859 430 τοῖς
2908 364 3290 438 μοναστηρίοις
3358 365 3563 420 τούτων
3593 366 3735 420 οὐδὲν
3760 369 3885 424 ἐστι»

2239 454 2402 517 ἰδεῖν,
2455 454 2593 508 ἀλλά
2636 453 2815 507 καίτοι
2867 453 3135 523 χειμῶνος
3199 451 3448 522 ἠρμένον
3493 451 3759 512 τοσούτου.
3796 455 3876 525 μό-

2236 559 2316 596 νοι
2380 542 2646 614 κάθηνται
2720 544 2779 596 ἐν
2825 540 3000 611 λιμένι
3064 541 3159 593 καὶ
3217 539 3426 611 γαλήνῃ
3484 540 3577 594 καὶ
3639 541 3883 614 ἀσφαλείᾳ.

2237 630 2428 702 πολλῇ,
2462 629 2578 703 [94]
2621 628 2873 701 καθάπερ
2906 629 2964 695 ἐξ
3025 626 3254 699 οὐρανοῦ
3302 628 3373 680 τὰ
3415 628 3528 681 τῶν
3565 626 3732 681 ἄλλων
3780 630 3883 683 ἐπι-

2238 719 2567 783 σκοποῦντες
2618 717 2887 786 ναυάγια·
2935 716 3030 770 καὶ
3074 716 3185 786 γάρ
3220 713 3496 768 πολιτείαν
3527 714 3736 785 οὐρανῷ
3769 715 3884 787 πρέ-

2239 824 2445 862 πουσαν
2494 806 2718 871 εἴλοντο,
2773 806 2871 859 καὶ
2899 802 3150 873 ἀγγέλων
3202 802 3357 856 οὐδὲν
3387 806 3567 873 χεῖρον
3588 803 3882 859 διάκεινται.

2240 895 2449 965 Ὠσπερ
2477 889 2569 949 οὖν
2615 895 2674 946 ἐν
2719 893 2949 956 ἐκείνοις
2983 893 3084 944 οὐκ
3134 891 3279 943 ἔστιν
3328 889 3613 961 ἀνωμαλία
3638 907 3740 953 τις,
3779 891 3885 945 οὐδὲ

2237 984 2287 1036 οί
2323 984 2419 1054 μὲν
2447 984 2506 1037 ἐν
2536 982 2827 1054 εὐημερίᾳ,
2858 982 2907 1033 οί
2928 978 2986 1033 δὲ
3009 981 3066 1032 ἐν
3087 977 3338 1047 ἐσχάτοις
3366 979 3580 1041 κακοῖς,
3603 977 3714 1030 ἀλλ’
3731 977 3884 1032 ᾶπαν-

2234 1087 2327 1134 τες
2348 1073 2405 1124 ἐν
2437 1070 2632 1141 είρήνῃ
2679 1069 2779 1139 μιᾷ
2818 1067 2913 1122 καὶ
2940 1067 3085 1138 χαρᾷ
3116 1065 3213 1118 καὶ
3244 1063 3392 1135 δόξῃ.
3430 1063 3573 1117 οὕτω
3606 1062 3669 1134 δὴ
3693 1064 3783 1117 καὶ
3807 1065 3883 1118 ἐν·

2234 1156 2408 1211 ταῦθα
2428 1173 2441 1187 ·
2465 1156 2639 1219 οὐδεὶς
2655 1154 2905 1218 ὀνειδίζει
2934 1153 3148 1214 πενίαν,
3174 1151 3350 1215 οὐδεὶς
3368 1150 3463 1205 ἐπὶ
3480 1150 3690 1221 πλούτῳ
3712 1152 3886 1221 σεμνύ-

2237 1261 2388 1298 νεται
2407 1260 2420 1273 ⁸
2448 1242 2511 1296 τὸ
2532 1244 2624 1296 σὸν
2650 1243 2822 1297 καὶτὸ
2852 1242 3006 1312 ἐμὸν,
3035 1240 3196 1294 τοῦτο
3226 1240 3291 1311 δὴ
3321 1238 3385 1293 τὸ
3401 1239 3581 1293 πάντα
3607 1240 3884 1310 ἀνατρέπον

2238 1331 2334 1385 καὶ
2371 1329 2633 1401 θορυϐοῦν
2675 1327 2965 1401 ἐξώρισται
2989 1346 3002 1359 ο
3044 1328 3137 1382 καὶ
3157 1329 3335 1382 πάντα
3380 1326 3567 1389 αὐτοῖς
3605 1327 3780 1388 κοινὰ,
3804 1330 3885 1381 καὶ

2235 1417 2486 1491 τράπεζα
2503 1419 2595 1471 καὶ
2614 1420 2830 1489 οῖκησις
2848 1419 2942 1472 καὶ
2972 1416 3187 1486 ἱμάτια.
3216 1415 3326 1469 Καὶ
3346 1415 3400 1467 τί
3419 1413 3744 1484 θαυμαστὸν.
3768 1416 3885 1469 ὅπου

2236 1522 2299 1574 γε
2324 1506 2418 1559 καὶ
2450 1505 2588 1576 αὐτὴ
2626 1508 2659 1576 ἡ
2690 1505 2836 1577 ψυχὴ
2866 1505 2965 1576 μία
2998 1506 3132 1558 πᾶσι
3174 1503 3324 1573 καὶὴ
3355 1501 3532 1571 αὐτῆς
3584 1501 3780 1566 Πάντες
3804 1503 3885 1574 τὴν

2236 1594 2407 1662 αὐτὴν
2424 1592 2703 1663 εὐγένειάν
2719 1595 2855 1647 εἰσιν
2872 1593 3134 1663 εὐγενεῖς,
3152 1591 3250 1661 τὴν
3264 1589 3437 1660 αὐτὴν
3452 1589 3694 1644 δουλείαν
3712 1589 3886 1657 δοῦλοι,

2235 1682 2335 1751 τὴν
2351 1684 2522 1754 αὐτὴν
2559 1681 2871 1752 ἐλευθερίαν
2894 1680 3168 1751 ἐλεύθεροι
3187 1696 3201 1709 °
3229 1675 3310 1743 είς
3339 1680 3463 1732 ἐκεῖ
3488 1677 3715 1743 πλοῦτος
3745 1681 3887 1734 πᾶσιν

2236 1771 2266 1823 6
2289 1769 2458 1834 ὅντως
2492 1769 2740 1833 πλοῦτος,
2764 1770 2865 1839 μία
2889 1767 3068 1840 δόξαή
3093 1768 3262 1832 ὅντως
3289 1765 3420 1832 δόξα
3444 1783 3459 1797 ⁸
3491 1766 3554 1819 οὐ
3580 1767 3686 1836 γὰρ
3714 1769 3766 1820 ἐν
3790 1768 3889 1821 ὀνό-

2244 1876 2430 1930 μασιν,
2456 1858 2571 1913 ἀλλ’
2593 1860 2652 1914 ἐν
2677 1858 2999 1930 πράγμασιν
3026 1860 3212 1923 αὐτοῖς
3234 1858 3303 1912 τὰ
3332 1858 3522 1926 ἀγαθά
3546 1875 3559 1887 σ
3594 1856 3693 1927 μία
3724 1858 3886 1929 ἡδονὴ,

2240 1946 2339 2017 μία
2381 1945 2665 2017 ἐπιθυμία,
2690 1947 2789 2017 μία
2839 1946 2994 2010 ἐλπὶς
3028 1948 3184 2012 πᾶσι,
3210 1947 3305 1999 καὶ
3351 1944 3608 2017 καθάπερ
3629 1944 3888 2000 ἀπὸχανό·

2236 2052 2326 2099 νος
2378 2034 2523 2099 τινὸς
2556 2036 2651 2088 καὶ
2674 2033 2919 2106 στάθμης
2946 2035 3163 2088 ἅπαντα
3219 2034 3625 2105 διηκρίϐωται,
3665 2034 3756 2087 καὶ
3806 2034 3888 2089 ἀν-

2237 2120 2454 2193 ωμαλία
2477 2123 2575 2194 μὲν
2595 2122 2839 2194 οὐδεμία,
2855 2120 3006 2186 τάξις
3025 2121 3083 2175 δὲ
3106 2121 3200 2175 καὶ
3221 2122 3434 2193 ῥυθμὸς
3451 2123 3548 2177 καὶ
3570 2121 3794 2194 ἁρμονία
3812 2121 3891 2174 καὶ

2238 2209 2407 2281 πολλὴ
2432 2211 2533 2281 τῆς
2567 2210 2889 2282 συμφωνίας
2909 2208 3229 2280 ήάκρίϐεια,
3253 2211 3353 2263 καὶ
3375 2210 3629 2280 διηνεκὴς
3653 2208 3891 2278 εὐθυμίας

2238 2297 2513 2362 ὑπόθεσις.
2544 2297 2637 2351 Διὸ
2673 2296 2875 2360 πάντες
2901 2296 3077 2350 πάντα
3103 2295 3315 2349 ποιοῦσι
3353 2299 3453 2350 καὶ
3479 2297 3789 2366 πάσχουσιν,
3819 2295 3892 2348 ἴνα

2237 2386 2517 2457 εὐθυμῶσί
2536 2403 2596 2438 τε
2622 2386 2718 2439 καὶ
2741 2386 3030 2457 χαίρωσιν.
3066 2384 3213 2438 Ἐκεῖ
3236 2384 3348 2455 γὰρ
3376 2385 3543 2455 μόνον
3560 2384 3717 2438 τοῦτο
3749 2381 3896 2436 καθα-

2239 2472 2351 2544 ρῶς
2393 2474 2692 2543 συμϐαῖνον
2714 2473 2862 2526 ἐστιν
2900 2472 3050 2538 ίδείν,
3077 2471 3263 2525 ἄλλοθι
3285 2470 3631 2543 δὲούδαμοῦ,
3665 2472 3722 2525 οὐ
3758 2472 3895 2542 μόνον

2236 2562 2316 2632 τῷ
2348 2561 2456 2617 τῶν
2482 2562 2767 2632 παρόντων
2794 2561 3090 2631 ύπερορᾷν,
3109 2561 3202 2613 καὶ⁵
3230 2561 3426 2616 πᾶσαν
3442 2559 3766 2629 ἐκκεκόφθαι
3784 2557 3894 2613 στά-

2240 2666 2378 2713 σεως
2407 2649 2504 2702 καὶ
2525 2648 2995 2719 μάχηςύπόθεσιν,
3015 2652 3112 2702 καὶ
3125 2647 3390 2720 λαμπράς
3422 2651 3606 2715 αὐτοῖς
3635 2646 3893 2719 εἶναιπερὶ

2235 2737 2346 2791 τῶν
2383 2736 2687 2807 μελλόντων
2741 2736 2839 2800 τάς
2886 2736 3128 2802 ἐλπίδας,
3165 2736 3302 2790 ἀλλὰ
3334 2738 3543 2809 καὶτῷ
3579 2738 3647 2792 τὰ
3682 2736 3891 2808 συμϐαί-

2238 2841 2396 2878 νοντα
2438 2824 2657 2894 ἑκάστῳ
2688 2822 2910 2894 λυπηρά
2955 2824 3050 2879 καὶ
3093 2825 3307 2897 χρηστά
3348 2827 3513 2880 κοινά
3540 2826 3749 2880 πάντων
3774 2820 3892 2877 εἶναι

2239 2910 2503 2982 νομίζειν.
2531 2911 2607 2965 ’Ἢ
2623 2928 2683 2965 τε
2698 2910 2811 2982 γὰρ
2839 2910 3050 2982 ἀθυμία
3068 2913 3392 2981 ἀφανίζεται
3415 2914 3621 2987 ἥδιον,
3647 2912 3891 2978 ἀναλόγως

2236 2998 2314 3069 τῷ
2331 2999 2414 3051 ἐνὶ
2440 2999 2909 3072 συνδιαφερόντων
2928 2999 2988 3052 τὸ
3004 2999 3224 3071 φορτίον
3248 2999 3532 3068 ἁπάντων,
3550 3002 3651 3071 τῆς
3675 3017 3731 3053 τε
3756 2998 3892 3053 εὐθυε-

2244 3087 2371 3157 μίας
2399 3086 2601 3149 πολλὰς
2620 3085 2805 3157 έχουσι
2833 3085 2934 3150 τὰς
2969 3086 3258 3152 ὑποθέσεις
3298 3089 3345 3151 ί,
3374 3089 3483 3144 οὐκ
3509 3091 3603 3144 ἐπὶ
3632 3092 3740 3153 τοῖς
3782 3089 3892 3141 ἐαυ-

2235 3174 2348 3228 τῶν
2387 3174 2570 3246 μόνοις
2613 3174 3032 3245 εὐφραινόμενοι
3066 3175 3274 3240 καλοῖς,
3293 3177 3433 3231 ἀλλά
3456 3180 3549 3232 καὶ
3571 3178 3662 3230 ἐπὶ
3689 3181 3792 3238 τοῖς
3813 3175 3891 3227 ἀλ·

2238 3261 2416 3332 λήλων
2441 3262 2541 3332 οὐχ
2564 3254 2803 3332 ἦττον,ἢ
2828 3262 2922 3314 ἐπὶ
2941 3265 3053 3326 τοῖς
3084 3263 3315 3316 ἑαυτῶν.
3340 3264 3467 3328 Πῶς
3488 3263 3582 3319 οὖν
3615 3267 3740 3336 ἡμῖν
3762 3264 3893 3334 οἰχή-

2241 3348 2478 3401 σεταιτά
2509 3350 2833 3420 πράγματα,
2864 3348 2931 3403 ἂν
2950 3349 3173 3413 τούτους
3193 3350 3390 3414 πάντες
3418 3351 3748 3422 ζηλώσωμεν
3766 3368 3778 3414 ;
3795 3349 3893 3404 Νῦν

2240 3436 2349 3507 γὰρ
2377 3436 2586 3507 οἴχεται
2607 3436 3138 3508 καὶδιέφθαρταιδιά
3150 3438 3276 3502 τοὺς
3303 3438 3494 3511 πόρρω
3522 3440 3621 3510 τῆς
3640 3438 3892 3500 πολιτείας

2238 3523 2446 3595 ταύτης
2467 3526 2493 3564 Β
2517 3525 2659 3597 ἡσκη
2670 3525 2882 3595 μένους.
2908 3526 2981 3578 Σὺ
3003 3525 3060 3579 δέ
3081 3525 3338 3579 τάναντία
3357 3526 3727 3597 ψηφιζόμενος
3750 3524 3893 3579 ταυτδ

2242 3616 2417 3677 ποιεῖς
2436 3652 2451 3674 ,
2484 3613 2674 3686 ῶσπερ
2717 3614 2784 3668 ἂν
2816 3614 2979 3676 εἴτις
3004 3615 3098 3668 καὶ
3126 3613 3296 3684 λύραν
3329 3614 3431 3685 μὲν
3461 3615 3707 3687 ἀκριϐῶς
3742 3617 3892 3686 ἡρμο-

2242 3700 2448 3772 σμένην
2468 3702 2545 3765 ὼς
2570 3700 2845 3771 ἄχρηστον
2870 3700 3168 3765 διαϐάλλοι,
3193 3702 3295 3769 τὴν
3313 3701 3576 3766 ἐναντίως
3589 3703 3645 3757 δὲ
3666 3704 3887 3774 ἔχουσαν,

2242 3791 2336 3844 καὶ
2364 3790 2611 3844 ἐπιτάσει
2656 3792 2750 3843 καὶ
2779 3790 2960 3845 ἀνέσει
2990 3788 3393 3861 διεφθαρμένην
3418 3790 3665 3862 ἀμέτρῳ,
3716 3789 3890 3860 ταύτην

2242 3877 2556 3948 ἐπιτηδείαν
2594 3873 2732 3932 εἷναι
2789 3878 2884 3932 καὶ
2916 3878 3054 3949 πρὸς
3086 3877 3373 3949 κρούματα
3424 3881 3521 3933 καὶ
3556 3880 3694 3952 πρὸς
3724 3879 3889 3951 τέρψιν

2240 3966 2391 4034 λέγοι
2446 3967 2556 4020 τῶν
2600 3965 2829 4021 θεατῶν.
2874 3966 3016 4020 Ἀλλ’
3058 3965 3211 4023 οὐδὲν
3237 3965 3363 4021 οὐτε
3389 3968 3490 4038 τῆς
3526 3967 3791 4038 ἀμουσίας
3811 3964 3889 4019 τοῦ

2239 4054 2414 4108 ταῦτα
2441 4054 2691 4123 λέγοντος
2720 4054 2909 4126 ἕτερον
2935 4054 3130 4109 τούτου
3174 4055 3359 4126 μεῖζον
3384 4059 3682 4129 τεκμήριον
3714 4054 3891 4123 ἐζητή-

2242 4160 2417 4214 σαμεν
2452 4142 2538 4208 ἂν,
2580 4142 2703 4196 οὐτε
2732 4144 2832 4213 τῆς
2881 4142 3184 4213 βασκανίας
3224 4146 3320 4197 καὶ
3358 4143 3769 4214 μισανθρωπίας
3797 4141 3891 4194 τῶν

2239 4230 2308 4283 τὰ
2329 4228 2554 4283 τοιαῦτα
2573 4229 2960 4301 ψηφιζομένων
2976 4230 3172 4300 δεῖγμα
3185 4230 3516 4302 σαφέστερον
3532 4232 3558 4271 ιι
3576 4230 3721 4284 ἄλλο.
3752 4227 3890 4281 Ἀλλά

2241 4319 2324 4383 τίς
2359 4322 2388 4374 6
2425 4319 2532 4372 τῶν
2585 4319 3008 4389 ἐπιεικεστέρων
3036 4319 3194 4387 λόγος
3239 4319 3524 4391 πατέρωνς
3552 4320 3886 4381 Μαθέτωσαν,

2243 4409 2398 4479 φησὶ,
2432 4408 2739 4476 γράμματα
2769 4408 3061 4477 πρότερον,
3099 4408 3193 4459 καὶ
3210 4406 3310 4477 τὴν
3337 4406 3448 4459 τῶν
3482 4406 3655 4476 λόγων
3682 4405 3889 4476 προσλα-

2242 4494 2428 4557 ϐόντες
2478 4493 2730 4564 δύναμιν,
2765 4493 2939 4557 οὕτως
2967 4493 3063 4546 ἐπὶ
3096 4494 3197 4564 τὴν
3232 4492 3554 4562 φιλοσοφίαν
3594 4493 3886 4562 ἀγέσθωσαν

2241 4581 2446 4652 ταύτην
2460 4597 2473 4610 ·
2497 4581 2621 4634 τότε
2637 4581 2664 4632 6
2682 4579 2942 4635 κωλύσων
2958 4580 3150 4642 οὐδείς.
3171 4580 3280 4633 Καὶ
3304 4580 3472 4635 πόθεν
3492 4581 3648 4653 δῆλον
3668 4582 3745 4635 ὅτι
3771 4578 3888 4631 πάν-

2241 4688 2352 4734 τως
2380 4672 2460 4733 εἰς
2486 4671 2685 4741 ἄνδρας
2700 4668 3059 4739 ὲκϐήσονται;
3095 4668 3280 4720 πολλοὶ
3315 4666 3426 4740 γὰρ
3456 4667 3621 4740 ἀώρῳ
3646 4681 3886 4740 προαναρ·

2244 4759 2544 4822 ⁸ττασθέντες
2587 4757 2829 4828 ἀπῆλθον
2855 4757 3091 4827 θανάτῳ.
3131 4757 3271 4810 Ἀλλ’
3300 4757 3444 4812 ἔστω
3473 4759 3568 4812 καὶ
3591 4757 3742 4811 τοῦτο
3762 4751 3884 4809 εἶναι

2245 4847 2482 4918 φανερόν
2502 4861 2518 4874 ο
2549 4845 2732 4916 θῶμεν
2745 4845 2946 4909 αὐτοὺς
2983 4846 3080 4900 καὶ
3098 4846 3180 4909 είς
3204 4845 3404 4916 ἄνδρας
3421 4845 3680 4909 τελέσειν,
3707 4844 3785 4909 τίς
3802 4844 3880 4910 ἐγ-

2244 4936 2506 5005 γυήσεται
2527 4933 2627 5004 τὴν
2638 4933 2911 5004 προτέραν
2931 4934 3149 4987 ἃπασαν
3175 4932 3428 5003 ήλικίαν;
3455 4933 3621 4988 Οὔπω
3635 4934 3736 5004 γὰρ
3752 4929 3883 4984 οὐδὲν

2245 5021 2383 5093 πρὸς
2417 5020 2750 5090 φιλονεικίαν
2767 5020 3096 5091 φθέγγομαι,
3113 5021 3197 5075 ὅτι
3216 5019 3366 5085 είτις
3385 5022 3528 5093 ὑπὲρ
3545 5022 3743 5075 τούτοιν
3762 5034 3882 5088 παρ-

2245 5113 2359 5180 εῖχε
2388 5109 2631 5182 θαρρεῖν,
2649 5109 2770 5163 οὐδὲ
2799 5110 3178 5180 κτησαμένους
3205 5111 3304 5180 τὴν
3329 5110 3561 5183 δύναμιν
3591 5110 3783 5180 ταύτην
3807 5105 3882 5170 ἐξ·

2246 5200 2453 5269 ήγαγον
2473 5196 2562 5262 ἂν,
2590 5196 2709 5270 [95]
2734 5196 2873 5251 ἀλλά
2893 5198 3016 5252 τότε
3040 5197 3279 5268 μάλιστα
3302 5199 3484 5270 μένειν
3513 5197 3781 5259 ἐκέλευσα,
3803 5191 3882 5245 καὶ

2306 5318 2328 5358 ί
2355 5318 2476 5385 011οῄ
2508 5321 2829 5385 1033491165;
2857 5320 3061 5385 ἐχούσης
3097 5324 3182 5378 τὰς
3218 5323 3482 5379 ὑποθέσεις.
3528 5319 3694 5385 Morel.
3731 5312 3884 5365 πολλὰς

2248 5383 2412 5447 ἔχουσι
2432 5383 2515 5438 τὰς
2530 5381 2844 5447 ὐποθζεσγὶι.
2868 5379 3047 5440 πολλὰς
3067 5385 3231 5447 ἔχουσι
3256 5386 3341 5447 τας
3361 5384 3589 5447 ἀφορμάς,
3614 5379 3727 5447 eljn
3750 5386 3881 5447 m_arg_.

2247 5436 2512 5511 ὐξεξοοέσειςξ
2535 5443 2643 5511 ῌοκ
2667 5442 2816 5494 Savil.
2853 5454 2907 5496 et
2930 5436 3060 5496 unus
3090 5436 3244 5495 'c‘odex
3275 5436 3640 5511 εὐφραινόμενοι,
3660 5436 3814 5490 Morel.
3838 5440 3884 5481 el

2250 5508 2393 5571 allus_
2402 5506 2739 5571 εὐφραίνονται.

2317 5571 2343 5609 ε
2368 5556 2587 5617 δῆθἰἰιεε.
2614 5572 2668 5616 et.
2688 5568 2837 5617 Savil.
2866 5567 3038 5617 Μοτιιι.
3076 5582 3195 5619 vero
3218 5571 3407 5628 ἡλικίας
3435 5568 3619 5626 ταύτης.
3654 5556 3885 5628 Ιιιίηλξιξο

2250 5643 2368 5680 mss.
2388 5629 2531 5694 λύραν
2554 5629 2866 5702 μέν’ἆκριϐὧς
2884 5617 3186 5740 ἡρμοσμένην
3529 5617 3795 5702 τῇζμουσικῇ
3815 5617 3884 5667 λέο

2252 5706 2344 5740 γοι·
2371 5693 2457 5740 τήν
2490 5693 2543 5740 δὲ
2570 5692 2865 5740 ἀναοιιοστον
2887 5710 2950 5739 κα
3000 5695 3332 5740 διεὸοηγιιενκν
3364 5697 3445 5740 καὶ
3477 5706 3677 5740 επιτασει
3700 5684 3773 5735 καὶ
3791 5678 3885 5731 άνίο

2252 5706 2344 5753 γοι·
2371 5692 2458 5748 τήν
2490 5693 2543 5741 δὲ
2570 5692 2865 5800 ἀνιὲρμοστον
2887 5692 2968 5740 καὶ
3000 5692 3332 5757 διερρηγμένην
3364 5697 3445 5743 καὶ
3477 5692 3677 5742 ἐπιτάσει
3700 5692 3773 5735 καὶ

2254 5771 2346 5819 σει.
2367 5753 2521 5819 Savil.
2555 5758 2609 5801 et
2639 5816 2654 5819 _
2676 5754 2801 5819 grel.
2828 5758 2883 5803 ut
2905 5755 2954 5819 in
2976 5761 3136 5819 lexlu.
3166 5756 3382 5819 Unique
3404 5756 3546 5807 lecllo
3568 5750 3774 5814 quadrat.

2317 5815 2345 5853 δ
2362 5816 2472 5867 Duo
2494 5828 2609 5865 mss.
2635 5814 2800 5877 δ;ῖγμα
2822 5822 2904 5874 τῆς
2923 5816 3082 5880 ψήφου
3107 5814 3413 5881 σαφεστέραν.
