4124 6144
242 372 336 430 565

243 484 401 552 ipsum
421 474 608 532 calum
629 468 850 540 suscipit
875 467 1068 523 bellum
1085 509 1099 532 ,
1122 467 1246 520 dum
1268 463 1539 519 hominum
1563 461 1788 529 linguas,

241 587 335 626 non
358 568 466 639 jam
493 574 682 620 contra
702 573 1012 622 conservos,
1036 557 1129 613 sed
1153 564 1338 612 contra
1362 553 1606 609 omnibus
1632 553 1796 620 impe-

240 671 427 717 rantem
458 656 737 712 Dominum
763 661 954 707 armat.
983 649 1255 706 Undenam
1283 687 1298 713 ,
1333 661 1515 717 qumso
1539 686 1551 707 ,
1595 652 1672 697 tot
1711 643 1796 697 illa

239 755 420 822 ubique
443 749 512 803 de
542 748 648 801 fato
671 745 971 814 colloquia?
995 742 1258 797 undenam
1282 738 1625 794 irrationabili
1650 736 1795 790 side-

239 858 346 897 rum
372 840 536 894 motui
564 836 739 891 omnia
768 849 887 904 quae
918 832 1068 898 ﬁunt,
1092 829 1401 884 adscribunt
1427 827 1674 897 plurimi?
1703 841 1800 882 cur

241 933 513 991 fortunam,
541 941 636 980 cur
662 939 842 980 casum
872 924 1086 992 quidam
1115 917 1447 990 praedicant?
1476 932 1572 971 cur
1599 926 1799 970 temere

239 1031 289 1076 et
327 1019 438 1074 sine
473 1017 678 1072 ratione
717 1013 844 1068 ferri
873 1012 1048 1066 omnia
1087 1008 1314 1080 putant?
1354 1016 1574 1077 propter
1597 1018 1762 1060 eosne
1783 1044 1796 1064 ,

239 1113 321 1183 qui
343 1109 502 1180 probe
513 1116 567 1162 et
580 1106 853 1161 moderate
863 1106 1065 1165 vivunt,
1081 1117 1146 1154 an
1167 1109 1380 1170 propter
1399 1112 1493 1152 eos
1509 1111 1642 1166 quos
1659 1104 1714 1148 tu
1729 1093 1802 1148 di-

237 1207 388 1262 cebas
411 1200 788 1271 rempublicam
815 1196 1105 1258 continere,
1121 1208 1220 1263 ego
1233 1207 1359 1245 vero
1373 1203 1706 1244 communem
1719 1201 1801 1241 or-

239 1297 318 1351 bis
328 1304 522 1366 pestem
540 1305 660 1347 esse
672 1287 959 1343 monstravi
975 1285 1232 1354 ?Propter
1250 1282 1349 1336 hos
1372 1296 1521 1344 sane,
1535 1288 1593 1334 ut
1617 1279 1800 1348 liquet.

239 1385 398 1440 Nemo
419 1384 560 1438 enim
589 1381 921 1449 indignatur,
945 1375 1085 1446 quod
1108 1375 1194 1428 hic
1212 1383 1358 1428 recte
1382 1369 1801 1442 philosophetur,

238 1485 328 1530 aut
345 1473 481 1544 quod
510 1471 598 1526 ille
619 1483 809 1537 aequus
831 1467 988 1537 plane
1017 1464 1428 1532 modcratnsque
1451 1463 1540 1528 sit,
1562 1469 1655 1515 aut
1681 1469 1806 1513 tem-

241 1579 444 1633 perans,
471 1560 718 1631 quodque
737 1572 824 1612 res
849 1557 1007 1625 hujus
1032 1555 1210 1608 saeculi
1234 1551 1524 1622 despiciat;
1551 1550 1644 1606 sed
1665 1549 1804 1620 quod

239 1655 326 1708 ille
348 1654 414 1708 sit
434 1651 715 1719 epulentus
739 1665 755 1714 ;
783 1645 922 1717 quod
950 1645 1000 1699 in
1029 1644 1235 1698 deliciis
1259 1651 1380 1712 agat
1404 1683 1419 1708 ,
1451 1641 1592 1711 quod
1617 1653 1807 1693 avarus

239 1745 326 1807 sit,
354 1742 492 1812 quod
521 1741 711 1810 rapiat,
741 1739 882 1808 quod
909 1737 979 1790 sit
1007 1736 1312 1804 improbus,
1345 1734 1591 1802 vitiisque
1623 1733 1807 1800 plenus

239 1831 544 1893 innumeris,
571 1829 711 1898 quod
741 1827 1050 1898 splendidus
1075 1824 1144 1878 sit
1169 1833 1224 1879 et
1249 1837 1499 1893 prospere
1519 1832 1658 1892 agat.
1685 1821 1808 1876 llaec

238 1932 514 1994 querentes
531 1932 586 1977 et
601 1923 901 1975 incusantes
917 1917 1178 1988 jactitant,
1201 1915 1289 1985 qui
1314 1915 1422 1968 Deo
1439 1928 1543 1968 non
1563 1912 1804 1968 credunt.

238 2013 329 2068 llis
346 2011 680 2067 oﬂ'enduntur
697 2009 926 2079 plurimi,
942 2010 1010 2062 ita
1030 2018 1086 2060 ut
1104 2007 1310 2074 illorum
1333 2004 1518 2074 gratia,
1535 2005 1622 2073 qui
1647 2003 1809 2073 probe

237 2104 394 2157 vitam
413 2111 593 2172 agunt,
612 2116 717 2155 non
743 2099 901 2154 modo
925 2095 1226 2167 bujusmodi
1249 2095 1377 2150 nihil
1397 2095 1659 2164 loquuturi
1680 2095 1806 2158 sint,

237 2196 330 2251 sed
349 2195 551 2264 seipsos
569 2193 888 2258 damnaturi,
906 2191 950 2244 si
965 2190 1029 2244 ad
1049 2187 1429 2258 providentiam
1449 2186 1544 2242 Dei
1565 2187 1811 2240 incusan-

236 2287 356 2341 dam
377 2286 570 2340 inducti
590 2285 800 2339 fuerint.
818 2283 971 2350 Quod
982 2283 1026 2337 si
1044 2295 1231 2337 omnes
1243 2291 1333 2334 aut
1351 2288 1496 2336 certe
1516 2279 1686 2349 major
1709 2278 1806 2332 ho-

237 2379 434 2432 minum
455 2393 574 2446 pars
595 2377 663 2429 ita
684 2375 864 2429 vivere
882 2373 1276 2438 vellent,nullus
1289 2386 1535 2441 umquam
1550 2370 1810 2440 ejusmodi

240 2471 394 2524 verba
409 2469 710 2538 cogitasset,
725 2482 895 2537 neque
914 2467 999 2520 illc
1015 2467 1273 2520 malorum
1289 2463 1549 2534 col0phon
1567 2464 1812 2517 inductus

238 2561 418 2615 i‘uisset
445 2601 459 2626 ,
497 2569 556 2614 ut
592 2568 920 2629 quaereretur
954 2556 1093 2610 unde
1119 2557 1225 2610 siut
1250 2555 1406 2609 mala.
1437 2553 1569 2608 Nam
1598 2554 1641 2607 si
1673 2554 1811 2607 mala

238 2667 338 2708 nec
357 2660 554 2718 essent,
580 2667 675 2704 nec
695 2659 1012 2718 apparerent
1027 2688 1042 2710 ,
1062 2647 1180 2717 quis
1203 2646 1455 2716 potuisset
1481 2659 1721 2715 quamam
1743 2644 1813 2697 sit

239 2745 497 2799 malorum
524 2756 682 2795 causa
712 2755 970 2809 quaerere,
1001 2749 1054 2792 et
1081 2753 1175 2808 per
1199 2739 1335 2791 hanc
1359 2737 1702 2807 qumstionem
1735 2737 1814 2786 in-

239 2851 484 2890 uumeras
511 2835 742 2888 hmreses
762 2831 1060 2887 suscitare?
1086 2832 1291 2885 Etenim
1317 2830 1584 2895 Marcion,
1611 2828 1812 2892 Manes,

241 2926 568 2982 Valentinus.
585 2937 638 2979 et
657 2924 863 2994 plurimi
887 2923 1191 2977 Griecorum
1215 2921 1338 2976 hinc
1359 2920 1565 2974 initium
1579 2933 1816 2986 sumpse-

243 3028 380 3072 runt.
411 3017 466 3072 Si
491 3027 666 3070 autem
697 3031 881 3069 omnes
903 3013 1397 3084 philosopharentur
1420 3051 1436 3076 ,
1468 3011 1645 3064 nullus
1674 3017 1816 3063 esset

244 3107 360 3161 huic
374 3106 652 3177 qttzestioui
678 3107 842 3170 locus;
867 3106 960 3159 sed
987 3105 1032 3159 si
1048 3120 1151 3157 non
1167 3097 1398 3166 aliunde,
1420 3102 1487 3156 ab
1512 3101 1610 3154 hac
1627 3101 1812 3152 saltem

240 3200 434 3268 Optima
460 3196 666 3251 vivendi
692 3200 893 3250 ratione
914 3195 1222 3249 didicissent
1247 3207 1453 3257 omnes,
1473 3207 1570 3245 nos
1593 3191 1692 3245 sub
1711 3191 1815 3242 Deo

239 3305 363 3360 rege
385 3289 582 3351 vivere,
602 3289 851 3354 illumque
870 3301 955 3340 res
972 3294 1178 3339 nostras
1197 3283 1486 3338 secundum
1503 3281 1814 3351 sapientiam

239 3380 677 3449 prudentiamque
705 3392 852 3431 suam
881 3374 1251 3428 administrare
1274 3382 1328 3427 et
1352 3372 1634 3427 moderari.
1666 3368 1814 3437 Quod

237 3485 381 3523 nunc
401 3484 609 3538 quoque
625 3467 702 3532 ﬁt,
717 3467 808 3521 sed
832 3483 934 3520 non
961 3465 1113 3519 facile
1135 3464 1448 3533 perspicitur
1465 3462 1534 3516 ob
1553 3464 1814 3530 ingentem

239 3564 386 3618 illam
412 3562 677 3625 nebulam,
707 3575 861 3629 quam
887 3575 980 3628 per
1006 3567 1170 3612 totum
1196 3567 1452 3610 terrarum
1478 3555 1658 3608 orbem
1687 3553 1816 3607 etfu-

237 3652 458 3706 dcrunt.
491 3650 642 3716 Quod
671 3650 716 3704 si
743 3665 828 3704 res
855 3665 958 3703 non
985 3648 1057 3702 ita
1085 3663 1144 3702 se
1170 3647 1422 3711 haberet,
1447 3645 1597 3714 quasi
1629 3644 1679 3697 in
1707 3658 1819 3696 uie-

239 3744 447 3798 ridiana
473 3743 591 3796 luce
621 3749 676 3795 et
711 3756 898 3795 sereno
927 3755 1050 3794 aere
1080 3740 1170 3794 Dei
1203 3738 1536 3808 providentia
1568 3737 1818 3790 omnibus

237 3844 544 3904 appareret.
575 3833 705 3888 Nam
735 3834 778 3886 si
805 3849 908 3886 non
933 3833 1213 3887 tribunalia
1241 3840 1440 3896 essent,
1464 3846 1569 3884 non
1599 3845 1817 3884 accusa-

240 3935 392 3980 tores
411 3965 427 3989 ,
458 3940 561 3978 non
591 3924 964 3994 sycophantae,
996 3940 1100 3976 non
1130 3923 1416 3986 cruciatus,
1449 3937 1552 3974 non
1582 3921 1814 3984 mulctai,

239 4032 354 4070 non
386 4030 630 4069 carceres
655 4054 670 4079 ,
701 4030 808 4068 non
838 4014 1123 4084 supplicia,
1155 4028 1259 4067 non
1290 4013 1546 4066 honorum
1577 4010 1817 4082 publica—

241 4108 442 4170 tiones,
471 4122 577 4160 non
607 4106 824 4169 damna,
856 4122 960 4160 non
989 4106 1210 4158 timores
1233 4112 1288 4158 et
1312 4103 1562 4172 pericula,
1591 4115 1695 4155 non
1723 4101 1820 4154 iiii-

237 4199 482 4261 tnicitiar,
506 4216 608 4252 non
632 4198 855 4265 insidiae,
879 4213 984 4252 non
1004 4197 1241 4251 convicia
1262 4205 1316 4251 et
1340 4196 1482 4261 odia,
1505 4211 1609 4249 non
1631 4194 1818 4258 fames,

237 4307 351 4344 non
382 4303 557 4360 pestes
579 4331 594 4357 ,
627 4307 734 4344 non
760 4290 900 4344 aliud
930 4290 1199 4360 quidpiam
1225 4304 1430 4351 eorum,
1460 4304 1578 4358 qua:
1605 4287 1655 4341 in
1682 4303 1823 4341 aitai-

238 4384 392 4437 inuis
427 4394 801 4445 numerantur,
841 4381 934 4436 sed
969 4397 1155 4436 omnes
1194 4391 1517 4451 congruente
1547 4395 1666 4435 cum
1703 4398 1824 4448 pro-

238 4472 415 4526 bitate
446 4473 714 4535 viverent,
746 4472 864 4541 quis
893 4487 1140 4542 umquam
1171 4471 1406 4525 vivorum
1437 4470 1502 4526 de
1536 4471 1821 4541 providen-

237 4565 316 4618 tia
366 4565 541 4618 divina
579 4564 893 4618 dubitaret?
931 4563 1176 4618 Profecto
1214 4563 1410 4618 nullus.
1454 4562 1603 4617 Nunc
1646 4571 1823 4617 autem

236 4655 480 4723 idipsum
521 4656 796 4724 contingit,
822 4671 886 4709 ac
912 4655 956 4708 si
985 4655 1260 4724 ingruente
1286 4661 1614 4722 tempestate,
1634 4652 1826 4723 guber-

238 4757 406 4801 nator
432 4763 555 4801 suas
584 4747 826 4816 impleret
852 4755 1048 4815 partes,
1075 4754 1130 4800 et
1148 4744 1398 4814 scapham
1428 4753 1686 4811 servaret,
1708 4745 1824 4813 ejus

237 4850 430 4893 tamen
458 4840 641 4906 peritia
668 4839 1042 4909 diligentiaque
1066 4854 1096 4892 a
1126 4836 1426 4892 vectoribus
1451 4853 1555 4890 non
1582 4836 1827 4892 adverte-

233 4936 418 4991 retur,
449 4929 517 4980 ob
548 4928 1020 4996 perturbationem,
1053 4935 1274 4988 metum,
1307 4926 1826 4996 impendentiumque

229 5018 513 5072 malorum
544 5018 979 5073 sollicitudinem.
1011 5018 1148 5072 Deus
1173 5018 1366 5088 quippe
1396 5018 1495 5071 hoc
1522 5017 1824 5071 universum

227 5110 410 5162 etiam
449 5124 588 5163 nunc
626 5107 916 5178 gubernat,
958 5110 1138 5163 multis
1173 5117 1349 5163 autem
1389 5109 1439 5162 id
1479 5123 1582 5162 non
1619 5109 1827 5163 videtur

225 5203 310 5259 0h
343 5217 528 5257 rerum
563 5202 1010 5272 perturbationem
1044 5217 1108 5256 ac
1137 5209 1697 5271 tempestatem,quam
1728 5202 1742 5231 ¹
1771 5200 1826 5254 hi

224 5295 484 5348 maxime
508 5294 743 5347 omnium
773 5294 1024 5347 excitant.
1050 5293 1232 5362 Itaque
1262 5309 1364 5346 non
1393 5301 1594 5345 tantum
1619 5292 1826 5345 institu-

223 5385 452 5439 tionem
483 5400 690 5439 mornm
719 5396 994 5452 evertunt,
1028 5385 1120 5440 sed
1155 5393 1210 5439 et
1244 5386 1380 5454 piam
1413 5385 1720 5453 religionem
1752 5384 1826 5437 la-

220 5474 523 5531 befactant
548 5493 561 5530 :
598 5492 696 5532 nec
719 5492 849 5531 sane
884 5477 1125 5547 peccabit
1151 5476 1238 5547 qui
1266 5491 1361 5530 eos
1381 5489 1690 5530 Communes
1720 5473 1821 5528 itii-

297 5635 320 5666 ι
365 5639 468 5681 Duo
501 5639 610 5684 Mss.
636 5645 740 5694 pro,
762 5645 938 5696 quam,
979 5632 1176 5690 habent,
1206 5633 1604 5696 perturbationem
1639 5645 1748 5696 tero
1779 5636 1825 5696 et

210 5697 596 5768 pugnantem,
615 5692 710 5768 etc.
729 5692 803 5745 sic
818 5697 963 5746 etiam
985 5697 1102 5768 inn.
1127 5692 1435 5768 nestituimus
1451 5696 1584 5746 savil.
1613 5703 1658 5746 et
1673 5692 1837 5743 Morel.

209 5754 523 5821 lectionem,
552 5765 719 5823 utpote
740 5768 848 5822 quze
871 5757 1142 5820 expeditior
1167 5757 1374 5808 videtur.

930 353 1287 414 ADVERSUS
1321 348 1862 409 OPPUGNATORES
1900 347 2078 402 νιτΑι]
2115 347 2405 403 ΜΟΝᾹΒΤ.
2447 347 2579 402 LIB.
2606 347 2695 402 Ill.

3365 350 3467 409 366

1908 459 2078 513 micos
2105 461 2465 530 appellaverit,
2495 462 2584 532 qui
2611 462 2732 518 ideo
2757 463 2939 518 vivunt
2965 470 3023 518 ut
3050 469 3360 520 ceterorum
3386 483 3466 521 sa-

1905 551 1999 605 luti
2029 551 2394 618 adversentur,
2424 553 2852 622 exsccrandaquc
2881 571 2972 609 sua
3007 555 3243 609 doctrina
3269 597 3282 620 ,
3314 567 3470 626 atque

1906 640 2263 709 impnrissima
2281 642 2385 696 vita
2405 657 2519 704 eos,
2539 642 2629 712 qui
2648 658 2827 697 secum
2853 645 3116 714 navigant,
3138 646 3470 717 demergunt.

1976 733 1998 785 1
2021 733 2065 786 l.
2093 729 2459 784 Monachorum
2477 733 2578 785 vita
2599 735 2838 803 angelica
2865 746 3205 802 comparatur.
3227 766 3299 776 -—
3323 738 3390 790 At
3421 739 3471 791 in

1907 822 2245 877 monasteriis
2289 821 2420 876 nihil
2461 822 2761 892 hujnsmodi
2799 825 2978 880 videre
3001 835 3116 890 est;
3146 827 3238 880 sed
3267 828 3471 885 etiamsi

1906 921 2052 966 tanta
2091 921 2374 983 tempestas
2414 914 2765 978 intumescat,
2797 915 2896 969 soli
2941 916 2991 969 in
3034 925 3214 985 portu,
3246 920 3297 972 in
3330 929 3474 972 tran-

1907 1006 2166 1075 quillitate
2193 1014 2248 1060 et
2285 1006 2566 1061 securitate
2604 1020 2793 1076 magna
2831 1007 3103 1074 resident,
3144 1023 3206 1062 ac
3231 1011 3380 1078 quasi
3411 1027 3475 1064 ex

1907 1096 2042 1150 οωιο
2081 1095 2196 1164 ipso
2221 1105 2537 1150 caeterorum
2580 1093 2852 1166 naufragia
2887 1097 3196 1166 respiciunt.
3239 1098 3476 1169 Namque

1907 1189 2029 1243 vita:
2056 1203 2224 1258 genus
2246 1190 2378 1244 czelo
2397 1191 2614 1260 dignum
2633 1191 2961 1263 delegerunt,
2988 1207 3085 1247 nec
3105 1193 3361 1248 minorem
3384 1210 3478 1247 an—

1907 1281 2079 1352 gelico
2123 1293 2320 1337 statum
2361 1284 2622 1339 obtinent.
2662 1283 3118 1350 Quemadmodum
3155 1285 3294 1340 enim
3339 1285 3477 1354 apud

1908 1374 2125 1442 angelos
2149 1373 2289 1428 nulla
2318 1383 2401 1429 est
2420 1374 2770 1445 inzequalitas,
2788 1391 2961 1444 neque
2983 1375 3068 1429 alii
3097 1391 3363 1445 prospere,
3391 1377 3475 1429 alii

1911 1464 1964 1518 in
1994 1463 2249 1519 extremis
2277 1465 2428 1519 malis
2455 1474 2755 1530 versantur,
2781 1465 2875 1520 sed
2901 1481 3085 1521 omnes
3115 1465 3166 1519 in
3199 1481 3297 1520 una
3327 1481 3475 1534 pace,

1911 1553 2090 1608 laatitia
2121 1564 2177 1610 et
2203 1557 2402 1624 gloria.
2430 1557 2508 1611 sic
2537 1565 2592 1611 et
2619 1557 2704 1610 bis
2732 1557 2782 1610 in
2814 1557 2980 1622 locis;
3013 1573 3171 1611 nemo
3199 1567 3479 1628 pauperta-

1913 1658 2020 1701 tem
2049 1649 2349 1716 exprobrat,
2377 1665 2533 1702 nemo
2560 1649 2628 1703 de
2657 1649 2851 1704 divitiis
2892 1650 3147 1719 gloriatur
3176 1667 3189 1703 :
3220 1665 3394 1704 meum
3425 1658 3478 1704 et

1913 1748 2058 1792 tuam
2088 1738 2210 1792 illud
2229 1780 2244 1803 ,
2277 1739 2414 1807 quod
2439 1741 2616 1794 omnia
2648 1741 2904 1795 subvertit
2926 1751 2980 1794 et
3004 1742 3304 1809 perturbat,
3332 1741 3480 1810 peni-

1913 1829 2218 1882 tnsexulat.
2249 1829 2435 1884 Omnia
2477 1829 2604 1898 ipsis
2633 1831 2932 1885 communia
2957 1840 3116 1894 sunt,
3145 1847 3324 1884 mensa
3344 1872 3358 1895 ,
3385 1830 3481 1884 do-

1912 1920 2166 1974 micilium
2195 1961 2208 1983 ,
2240 1920 2575 1976 vestimenta.
2615 1920 2817 1989 Ecquid
2848 1921 3038 1974 mirum
3059 1961 3074 1980 ,
3111 1920 3320 1990 quando
3367 1924 3478 1988 ipsa

1913 2011 2088 2065 anima
2134 2025 2234 2064 una
2279 2010 2572 2080 eademque
2611 2010 2854 2064 omnibus
2891 2011 3018 2064 est"
3058 2010 3253 2064 Omnes
3297 2011 3480 2065 eadem

1914 2113 2038 2158 sunt
2068 2103 2342 2157 nobilitate
2363 2103 2589 2169 nobiles,
2617 2103 2802 2158 eadem
2829 2102 3078 2157 servitute
3107 2104 3267 2168 servi,
3296 2101 3481 2157 eadem

1915 2193 2160 2248 libertate
2186 2194 2358 2248 liberi.
2385 2193 2512 2249 Una:
2545 2194 2651 2248 illic
2672 2194 2916 2247 omnilms
2949 2193 3143 2246 divitia:
3168 2236 3182 2258 ,
3213 2209 3330 2263 qua:
3360 2208 3484 2248 vere

1913 2283 2110 2338 divitiae
2135 2292 2294 2337 sunt:
2325 2299 2426 2337 uua
2451 2284 2616 2352 gloria
2639 2325 2654 2351 ,
2681 2300 2798 2353 qua:
2827 2298 2952 2338 vere
2975 2283 3139 2352 gloria
3165 2301 3178 2336 :
3209 2299 3314 2336 non
3342 2285 3481 2338 enim

1915 2375 2151 2440 nomine,
2179 2373 2274 2428 sed
2297 2389 2356 2430 re
2385 2374 2521 2428 bona
2550 2383 2766 2438 tenent;
2793 2389 2895 2426 una
2917 2374 3177 2441 voluptas,
3209 2389 3368 2426 unum
3393 2373 3486 2428 de-

1915 2465 2188 2530 siderium,
2216 2479 2318 2518 una
2342 2478 2464 2534 spes
2483 2463 2767 2517 omnibus:
2793 2478 2855 2516 ac
2875 2463 3022 2532 quasi
3047 2463 3273 2532 quadam
3300 2477 3484 2516 norma

1914 2564 1968 2608 et
1991 2554 2120 2607 libra
2147 2554 2320 2607 (nimia
2341 2559 2588 2608 accurate
2611 2552 2941 2606 ordinantur.
2967 2551 3116 2606 Nulla
3140 2546 3485 2622 inaequalitas,

1915 2645 2009 2699 sed
2040 2645 2191 2709 ordo,
2218 2645 2566 2709 concinnitas,
2598 2643 2892 2708 harmonia,
2923 2652 2976 2697 et
3003 2643 3161 2697 multa
3189 2644 3487 2698 concordi:e

1915 2737 2190 2790 servanda:
2233 2737 2544 2806 diligentia,
2593 2746 2952 2805 perpetuaque
3005 2735 3198 2788 ltetitia:
3248 2735 3484 2789 materia.

1917 2830 2270 2895 Quamobrem
2320 2844 2506 2883 omnes
2547 2829 2724 2883 omnia
2767 2828 2965 2883 faciunt
2997 2837 3050 2883 et
3091 2829 3389 2896 patiuntur.
3434 2837 3489 2881 ut

1919 2922 2164 2976 laetentur
2200 2933 2253 2976 et
2292 2921 2576 2991 gaudeant.
2625 2922 2738 2976 lllic
2765 2922 2906 2976 enim
2950 2921 3121 2975 solum
3166 2922 3347 2976 videas
3375 2922 3488 2974 hzec

1920 3014 2150 3083 perfecte
2176 3016 2512 3084 contingere,
2539 3028 2794 3083 nusquam
2825 3013 2948 3066 alibi
2974 3031 2988 3065 :
3020 3029 3122 3066 non
3155 3013 3311 3067 modo
3349 3015 3489 3082 quod

1922 3107 2198 3175 praisentia
2227 3106 2402 3160 omnia
2433 3112 2809 3166 contemnant,
2845 3113 3002 3172 atque
3030 3117 3242 3155 omnem
3275 3103 3400 3156 rixm
3428 3117 3490 3158 ac

1920 3196 2196 3251 discordiae
2232 3197 2503 3249 materiam
2538 3195 2892 3259 absciderint,
2933 3193 3312 3262 splendidaque
3355 3196 3491 3248 l’utu-

1921 3304 2101 3343 rorum
2133 3304 2226 3356 spe
2256 3287 2365 3341 fulti
2394 3288 2518 3348 sint,
2549 3287 2643 3341 sed
2673 3287 2831 3340 etiam
2863 3285 3003 3354 quod
3043 3299 3103 3338 ea
3129 3299 3245 3354 quae
3271 3285 3491 3354 singulis

1921 3378 2208 3441 accidunt,
2245 3392 2336 3431 seu
2385 3377 2552 3430 tristia
2594 3391 2687 3430 seu
2727 3375 2895 3435 bona,
2923 3375 3167 3428 omnibus
3193 3375 3490 3428 communia

1921 3483 2040 3522 esse
2079 3477 2348 3538 putentur.
2390 3467 2584 3521 Mmmr
2622 3465 2818 3536 quippe
2859 3466 3064 3519 facilius
3097 3466 3325 3529 tollitur,
3369 3481 3490 3520 eum

1924 3561 2264 3629 proportione
2296 3559 2520 3627 quadam
2563 3572 2749 3612 omnes
2795 3558 3117 3626 singulorum
3161 3567 3494 3628 ceniporteut

1921 3667 2083 3706 onera
2108 3669 2122 3704 :
2150 3651 2345 3704 laetitiae
2375 3665 2504 3704 vero
2540 3649 2730 3703 multas
2759 3649 2956 3704 habent
2993 3651 3301 3704 occasiones
3328 3691 3344 3717 ,
3386 3666 3490 3706 non

1921 3744 1988 3797 de
2009 3742 2119 3796 suis
2145 3741 2304 3795 modo
2330 3740 2647 3806 commodis,
2667 3739 2759 3794 sed
2785 3740 2853 3794 de
2880 3739 3102 3794 aliorum
3127 3757 3356 3812 quoque,
3386 3758 3490 3795 non

1923 3834 2116 3897 minus,
2149 3848 2305 3902 quam
2335 3830 2403 3887 de
2428 3831 2557 3894 suis,
2585 3831 2896 3901 gaudentes.
2921 3831 3087 3896 Quem
3117 3831 3276 3900 igitur
3294 3833 3493 3885 exitum

1924 3923 2193 3978 habebunt
2235 3938 2322 3977 res
2362 3932 2559 3976 nostra:
2579 3963 2593 3986 ,
2623 3922 2669 3976 si
2694 3935 2867 3976 cuncti
2894 3936 2990 3976 nos
3023 3923 3324 3977 imitemur?
3347 3923 3497 3977 Nunc

1923 4020 2063 4072 enim
2110 4025 2323 4086 propter
2361 4031 2452 4069 eos
2493 4017 2763 4085 perierunt
2798 4030 2860 4070 ac
2897 4025 3141 4084 corrupta
3190 4024 3354 4081 sunt,
3397 4016 3487 4084 qui

1926 4107 2083 4177 longe
2116 4109 2183 4160 ab
2223 4107 2323 4162 hoc
2354 4108 2479 4161 vita:
2512 4109 2752 4162 instituto
2775 4118 3072 4162 versantur.
3101 4108 3178 4162 Tn
3211 4124 3336 4163 vero
3367 4109 3490 4162 dttm

1923 4197 2189 4252 contraria
2219 4197 2497 4262 decernis,
2530 4199 2756 4266 idipsnm
2795 4198 2920 4252 facis
2941 4240 2955 4263 ,
2993 4213 3055 4253 ac
3091 4201 3134 4254 si
3168 4201 3286 4268 quis
3331 4201 3496 4272 lyram

1924 4289 2184 4344 concinne
2218 4298 2448 4358 aptatam
2479 4291 2626 4358 quasi
2668 4291 2902 4343 inutilem
2943 4291 3249 4360 reprobaret
3279 4333 3292 4357 ,
3343 4309 3497 4349 secus

1924 4381 2231 4448 dispositam
2257 4419 2272 4446 ,
2305 4378 2388 4432 vel
2425 4380 2715 4434 intentione
2740 4420 2754 4445 ,
2779 4381 2860 4434 vel
2893 4381 3200 4433 remissione
3229 4381 3386 4435 nimia
3418 4383 3496 4435 la-

1924 4471 2236 4526 befactatam
2264 4509 2279 4535 ,
2317 4469 2556 4524 idoneam
2597 4469 2798 4523 diceret
2842 4470 2906 4523 ad
2953 4470 3302 4539 pulsatiouem
3340 4481 3393 4525 et
3431 4472 3496 4524 ad

1924 4571 2282 4632 spectatorum
2304 4563 2645 4630 voluptatem.
2675 4562 2740 4614 At
2763 4575 2932 4628 neque
2957 4560 3021 4613 ad
3050 4561 3262 4613 musica-
3285 4562 3498 4630 imperi-

1926 4655 2052 4708 tiam
2079 4653 2192 4706 haec
2221 4652 2444 4706 dicentis
2468 4651 2608 4705 aliud
2640 4650 2810 4719 majus
2836 4661 3202 4720 argumentum
3232 4668 3498 4720 qua-rere-

1926 4761 2064 4809 mus,
2091 4759 2265 4813 neque
2284 4743 2349 4797 ad
2379 4743 2598 4797 livorem
2621 4753 2674 4797 et
2696 4744 3131 4797 inhumanitatem
3155 4744 3389 4805 illorum.
3407 4747 3496 4814 qui

1929 4837 1997 4890 ita
2025 4837 2335 4899 decernunt,
2358 4833 2878 4888 commonstrandam
2899 4835 3104 4903 signum
3132 4835 3272 4889 aliud
3301 4836 3498 4890 clarius

1928 4929 2309 4998 proferremus.
2329 4928 2519 4982 Verum
2541 4928 2666 4997 quid
2689 4929 2869 4981 dicunt
2895 4939 3073 4998 patres
3098 4929 3169 4983 illi
3199 4929 3288 4999 qui
3318 4929 3500 4984 mode-

1931 5019 2128 5073 ratiore
2154 5018 2333 5073 animo
2357 5019 2514 5072 sunt?
2547 5019 2790 5084 Discant,
2819 5020 2964 5072 alunt
2983 5060 2996 5081 ,
3030 5021 3256 5088 primum
3287 5021 3497 5087 literas,

1892 5099 1898 5107 ’
1928 5120 2087 5179 atque
2125 5125 2246 5164 cum
2283 5111 2388 5164 illis
2428 5110 2590 5179 probe
2626 5111 2808 5164 imbuti
2852 5110 3079 5177 fuerint,
3114 5122 3236 5166 tunc
3267 5113 3501 5182 philoso-

1931 5200 2106 5271 phiam
2150 5200 2286 5256 hanc
2323 5211 2605 5256 exerceant
2647 5220 2661 5256 :
2701 5213 2824 5256 tunc
2863 5219 3020 5256 neiiio
3071 5205 3387 5273 prohibebit.
3436 5207 3501 5260 Et

1931 5293 2068 5346 unde
2092 5302 2298 5346 certum
2328 5296 2430 5347 erit
2453 5295 2569 5346 illos
2592 5293 2660 5347 ad
2683 5295 2886 5348 virilem
2917 5304 3125 5349 aetatem
3153 5308 3499 5366 pet-Venturos

1928 5389 2085 5442 esse?
2116 5388 2265 5441 multi
2285 5389 2426 5442 enim
2460 5400 2772 5458 praeit-alunt
2805 5401 2975 5446 morte
3001 5391 3192 5444 sublati
3221 5403 3363 5444 sunt.
3394 5392 3498 5446 Sed

1928 5480 2250 5532 concedatur
2279 5480 2329 5533 id
2357 5491 2730 5547 certumesse,
2766 5497 3123 5550 potia-musque
3154 5483 3268 5537 illos
3295 5483 3499 5536 futuros

1928 5587 2046 5625 esse
2079 5573 2258 5636 viros;
2298 5573 2417 5640 quis
2451 5588 2677 5640 sponsor
2709 5574 2808 5626 erit
2846 5589 2940 5642 pro
2978 5574 3062 5627 illa
3102 5575 3262 5644 priori
3297 5574 3500 5628 actate?

1927 5663 2192 5718 Nihildum
2216 5665 2546 5718 contentiose
2568 5665 2708 5728 dico,
2729 5680 2847 5718 nam
2876 5665 2920 5718 si
2941 5667 3059 5734 quis
3080 5665 3217 5719 hanc
3239 5664 3498 5734 praeberet

1935 5755 2196 5822 lidtn'iani,
2215 5772 2279 5810 ue
2301 5764 2408 5810 tum
2433 5756 2642 5827 quidem
2673 5757 2954 5811 educerem
2975 5773 3094 5815 cum
3119 5757 3284 5814 literis
3311 5757 3494 5812 imbuti
