4124 6144
671 367 774 422 567

672 486 874 536 essent,
904 473 996 527 sed
1028 483 1153 526 tunc
1183 468 1448 541 prxcipue
1477 465 1583 519 illic
1609 475 1829 516 manere
1850 459 2128 528 juberent;
2159 473 2258 510 nec

680 568 951 625 laudarem
981 576 1073 618 eos
1098 603 1115 628 ,
1155 561 1243 630 qui
1280 559 1345 613 ad
1388 557 1560 626 fugam
1604 553 2042 610 cohortarentur,
2075 548 2166 603 sed
2202 555 2260 600 ιιι

675 669 984 718 communes
1025 653 1330 724 reip‘ublica:
1369 651 1548 706 hostes
1578 660 1857 700 aversarer
1884 661 1898 696 :
1929 643 2050 712 quia
2082 642 2257 693 Incer-

676 767 772 805 nas
795 749 1142 808 occultantes,
1167 754 1220 797 et
1247 740 1525 796 luminaria
1547 753 1612 792 ex
1637 737 1769 790 urbe
1789 733 1843 788 in
1868 733 2136 786 desertum
2161 728 2260 782 dit-

676 851 882 904 ccutes,
899 839 1168 892 civitatem
1195 831 1440 888 maximis
1460 830 1729 900 privarent
1749 823 2144 880 emolumentis.
2165 821 2259 876 Sin

677 943 856 987 autem
883 944 1039 984 nemo
1067 927 1246 992 fuerit,
1276 925 1363 995 qui
1391 925 1504 978 huic
1525 921 1762 992 polliceri
1788 918 1975 988 possit,
2003 931 2123 985 quae
2153 915 2259 969 uti-

682 1024 801 1076 litas
829 1023 874 1076 si
899 1020 965 1074 ad
998 1019 1276 1088 magistros
1303 1017 1597 1078 tnittantur,
1624 1013 1713 1067 ubi
1744 1011 1889 1080 prius
1922 1009 2076 1073 vitia,
2101 1021 2260 1077 quam

680 1117 862 1169 literas
891 1114 1130 1168 ediscent
1152 1153 1165 1173 ,
1196 1109 1430 1178 dumque
1461 1107 1510 1161 id
1537 1105 1680 1175 quod
1721 1104 1894 1157 minus
1930 1110 2014 1156 est
2051 1101 2262 1170 assequi

681 1205 973 1259 studebunt
991 1244 1007 1267 ,
1039 1199 1178 1271 quod
1213 1198 1382 1268 majus
1406 1205 1488 1251 est
1519 1195 1776 1265 perdent,
1801 1193 1942 1246 vires
1967 1191 2128 1246 animi
2157 1190 2264 1244 sci-

684 1296 828 1360 licet,
859 1307 1182 1361 omnemque
1213 1288 1488 1359 probitatis
1526 1285 1800 1340 indolem?
1827 1283 1962 1351 Quid
1987 1282 2158 1352 ergo?
2187 1281 2266 1334 lu-

683 1388 853 1443 dosne
879 1401 1065 1441 omnes
1095 1385 1360 1439 literarios
1387 1382 1681 1446 diruemus,
1711 1379 1899 1434 aiunt?
1930 1377 2144 1432 Minime
2165 1373 2268 1428 hoc

685 1478 808 1532 dico
839 1495 852 1531 :
885 1477 979 1532 sed
1011 1485 1062 1530 ut
1095 1491 1164 1530 ne
1194 1475 1404 1528 virtutis
1443 1473 1780 1527 destruamus
1821 1468 2133 1528 aedilicium,
2165 1481 2267 1519 neu

687 1570 860 1623 vivam
883 1569 1170 1622 obruamus
1199 1566 1452 1618 animam.
1482 1563 1609 1631 Qua:
1649 1565 1690 1616 si
1721 1570 2025 1631 temperans
2054 1559 2267 1628 quidem

688 1660 869 1725 fuerit,
901 1659 1098 1712 nullum
1131 1673 1195 1711 ex
1227 1657 1496 1708 literarum
1526 1653 1787 1720 imperitia
1819 1659 2073 1718 sequetur
2100 1648 2268 1702 detri-

690 1763 958 1812 mentum;
982 1753 1062 1804 sin
1085 1759 1332 1815 corrupta
1356 1746 1532 1805 fuerit.
1559 1745 1847 1798 maximum
1868 1742 2120 1796 damnum
2146 1739 2268 1805 erit,

689 1844 898 1898 etiamsi
941 1844 1118 1910 lingua
1151 1840 1494 1894 vehementer
1527 1848 1681 1890 acuta
1728 1835 1885 1889 fuerit
1913 1843 1965 1888 ct
2003 1832 2269 1902 expolita,

691 1944 948 2000 tantoque
985 1932 1153 2002 majus
1179 1932 1429 1986 damnum
1455 1971 1468 1992 ,
1497 1937 1695 1998 quanto
1743 1926 1912 1996 major
1955 1924 2166 1980 dicendi
2195 1924 2274 1978 vis

690 2026 994 2078 accessu'it.

766 2114 1004 2185 Nequitia
1046 2130 1158 2167 cum
1199 2112 1482 2183 eloquentia
1510 2111 1780 2180 conjuncta
1809 2109 1943 2180 quod
1972 2109 2182 2162 malum.
2204 2136 2276 2147 —-

694 2209 933 2278 Nequitia
960 2207 1101 2260 enim
1127 2222 1248 2260 cum
1275 2205 1482 2259 dicendi
1511 2203 1760 2258 facultate
1791 2203 2072 2270 conjuncta
2107 2201 2276 2255 multo

692 2299 977 2363 deteriora,
1005 2313 1161 2367 quam
1199 2296 1484 2364 imperitia,
1508 2295 1645 2348 mala
1673 2309 1858 2363 parcre
1882 2293 2039 2346 solet.
2065 2292 2201 2358 Quid
2231 2291 2274 2345 si

696 2392 818 2446 illuc
853 2393 1130 2451 abeuntes,
1170 2389 1405 2458 inquiet,
1444 2397 1792 2457 prreterquam
1821 2386 1963 2457 quod
1991 2387 2274 2439 tardiorem

697 2481 923 2550 linguam
948 2479 1197 2541 habeant,
1219 2478 1286 2532 ab
1313 2479 1397 2530 illa
1419 2479 1578 2532 etiam
1609 2478 1802 2531 virtute
1827 2476 2109 2531 excidant?
2139 2475 2276 2543 Quid

698 2588 826 2627 vero
854 2573 899 2626 si
936 2581 1245 2636 manentes,
1282 2569 1369 2624 dic
1399 2570 1547 2635 mihi,
1591 2579 1940 2639 praeterquam
1982 2568 2123 2638 quod
2164 2568 2274 2621 aui-

695 2683 834 2720 mam
871 2667 1126 2734 perdant,
1165 2664 1293 2717 nihil
1323 2663 1390 2718 ad
1426 2663 1780 2732 eloquentiam
1815 2665 1864 2718 in
1895 2665 2076 2718 schola
2111 2664 2277 2733 profi-

693 2755 868 2810 ciant?
908 2755 1031 2808 Mihi
1058 2755 1250 2823 quippe
1276 2753 1442 2822 magis
1469 2753 1584 2808 biec
1618 2753 1797 2807 dicere
1823 2755 2090 2819 convenit,
2117 2770 2275 2821 quam

697 2847 780 2900 illa
807 2846 918 2899 tibi.
947 2846 1154 2912 Quare?
1183 2845 1312 2912 Quia
1343 2845 1442 2899 etsi
1472 2845 1737 2914 utrimque
1758 2844 1992 2898 futurum
2016 2845 2276 2899 incertum

696 2949 796 3003 est,
821 2955 884 2992 ex
913 2949 994 2992 tua
1039 2947 1184 3005 parte
1215 2936 1469 2990 incertius
1506 2946 1608 2992 est.
1653 2935 1931 3000 Quomodo
1972 2947 2025 2990 et
2065 2952 2167 3006 qua
2209 2936 2277 2991 de

694 3028 889 3082 causa?
941 3028 1073 3094 Quia
1133 3028 1428 3081 litterarum
1477 3027 1708 3080 studium
1761 3041 1968 3080 morum
2016 3028 2276 3095 probitate

695 3133 828 3186 Optts
859 3117 1051 3183 habet,
1087 3131 1293 3171 morum
1322 3128 1498 3171 autem
1537 3118 1769 3186 probitas
1797 3132 1902 3171 non
1932 3119 2056 3171 item
2088 3118 2272 3172 literis.

695 3209 1120 3278 Temperantiam
1169 3223 1360 3279 nempe
1393 3209 1509 3263 sine
1548 3208 1648 3262 hac
1689 3208 1993 3262 eruditione
2022 3223 2276 3265 exercere

699 3315 994 3372 possumus,
1024 3299 1376 3354 eruditionem
1407 3314 1536 3354 vero
1559 3299 1760 3370 absque
1781 3315 1986 3353 morum
2013 3300 2277 3368 probitate

696 3409 853 3446 nemo
883 3403 1196 3462 assequatut'
1225 3407 1495 3460 umquam,
1523 3407 1644 3446 cum
1674 3407 1832 3445 omne
1865 3401 2074 3458 tempus
2101 3393 2151 3446 in
2179 3408 2276 3447 ue-

698 3484 860 3553 quitia
902 3494 953 3536 et
998 3481 1208 3537 lascivia
1253 3483 1582 3536 absumatur.
1629 3482 1808 3551 Itaque
1845 3483 1986 3551 quod
2027 3483 2132 3536 illic
2167 3499 2279 3537 me-

701 3575 904 3638 tuebas,
934 3573 1019 3628 hic
1052 3589 1262 3643 quoque
1302 3573 1592 3628 timendmn
1623 3582 1732 3637 est;
1783 3573 1889 3626 imo
1926 3583 2071 3626 tanto
2110 3575 2278 3643 magis

697 3665 804 3732 hic,
827 3673 1023 3734 quanto
1051 3663 1376 3733 frequentius
1411 3680 1438 3716 a
1475 3679 1639 3732 scopo
1677 3663 1974 3725 aberratnr,
1998 3673 2051 3718 et
2079 3674 2279 3735 quanto

698 3758 984 3827 majoribus
1008 3758 1074 3812 de
1102 3757 1261 3812 rebus
1289 3758 1577 3826 periculum
1602 3765 1703 3810 est.
1733 3758 1904 3826 Atque
1937 3757 2040 3810 illic
2061 3756 2276 3825 quidem

699 3850 852 3904 unius
894 3859 1096 3903 tantum
1141 3849 1214 3902 rei
1254 3849 1562 3902 exercitatio
1593 3848 1889 3902 necessaria
1923 3859 1999 3902 est
2023 3889 2037 3914 ,
2071 3849 2154 3902 hic
2179 3863 2276 3901 an-

700 3953 802 3997 tem
837 3957 924 3995 res
946 3942 1062 3994 dine
1092 3941 1428 4009 acquirendae
1456 3947 1844 4008 preponuntur,
1872 3940 1942 3992 ita
1974 3949 2028 3992 ut
2055 3941 2276 3993 alteram

695 4035 810 4089 sine
831 4034 996 4088 altera
1021 4034 1251 4087 nancisci
1280 4046 1534 4102 nequeas,
1565 4031 1743 4085 literas
1781 4047 1973 4100 nempe
2001 4033 2115 4086 sine
2146 4042 2280 4086 tem-

699 4125 955 4192 perantia.
1000 4124 1092 4178 Sin
1122 4133 1298 4176 autem
1323 4126 1420 4186 vis,
1452 4122 1592 4192 quod
1622 4138 1744 4176 vere
1788 4139 1892 4176 non
1937 4131 2108 4190 potest
2136 4139 2272 4188 esse,

696 4215 1051 4268 concedamus
1081 4229 1201 4269 esse
1231 4229 1419 4284 posse;
1461 4214 1586 4284 quid
1623 4214 1834 4269 tandem
1869 4215 1992 4268 boni
2030 4216 2183 4269 nobis
2212 4216 2280 4270 ab

699 4305 794 4360 hac
835 4307 1016 4374 peritia
1039 4308 1326 4375 contingat,
1359 4307 1402 4362 si
1441 4309 1581 4362 letali
1621 4309 1842 4362 vulnere
1875 4309 2278 4363 confodiatnur?

695 4397 816 4466 quid
847 4413 973 4452 vero
996 4398 1119 4450 mali
1149 4398 1215 4452 ab
1237 4398 1521 4468 imperitia,
1547 4399 1590 4452 si
1621 4415 1738 4467 qua:
1770 4398 1995 4452 maxima
2029 4409 2154 4452 sunt
2187 4415 2277 4454 as-

695 4491 1012 4560 sequamur?
1042 4491 1166 4546 ll;rc
1195 4507 1321 4545 vero
1349 4507 1451 4544 non
1475 4492 1644 4545 solum
1671 4491 1810 4560 apud
1837 4507 1956 4553 nos,
1986 4491 2075 4561 qui
2099 4503 2280 4546 exter-

695 4601 813 4637 nam
839 4585 980 4638 illam
1011 4584 1323 4653 sapientiam
1347 4584 1602 4646 ridetnus,
1622 4599 1848 4654 eamque
1869 4583 2142 4637 stultitiam
2161 4600 2281 4639 esse

694 4678 1034 4741 arbitramur,
1059 4677 1150 4729 sed
1177 4678 1335 4731 etiam
1357 4676 1493 4745 apud
1526 4677 1668 4745 ipsos
1691 4687 1906 4730 exteros
1935 4674 2281 4744 philosophos

696 4768 745 4818 in
783 4768 1027 4820 confesso
1056 4767 1336 4820 habentur.
1383 4765 1506 4820 Ideo
1535 4782 1600 4820 ex
1630 4765 1733 4819 illis
1761 4765 1972 4836 plurimi
2006 4781 2110 4819 non
2149 4767 2282 4818 mul-

697 4867 803 4907 tmn
821 4857 1002 4909 literas
1017 4867 1301 4920 curarunt;
1329 4857 1418 4910 alii
1439 4872 1566 4909 vero
1588 4857 1798 4924 penitus
1819 4866 2276 4925 contempserunt,

695 4957 746 4998 et
784 4948 1011 5015 imperiti
1045 4961 1472 5012 permanserunt,
1499 4957 1770 5018 totamque
1792 4951 1955 5004 vitam
1984 4950 2036 5004 in
2065 4965 2127 5004 ea
2158 4950 2278 5018 phi-

697 5035 950 5104 losophia:
991 5049 1160 5104 parte,
1190 5052 1308 5105 qua:
1339 5053 1516 5093 moch
1545 5039 1780 5106 reSpicit,
1816 5051 2054 5109 agentes,
2090 5041 2278 5096 claris-

695 5126 815 5178 simi
860 5137 1021 5196 atque
1052 5127 1384 5181 celeberrimi
1411 5139 1714 5181 evaserunt.
1761 5131 1967 5184 Etenim
1997 5134 2276 5186 Anachar-

695 5218 769 5272 sis
788 5261 802 5282 ,
832 5216 1017 5273 Crates
1043 5228 1095 5273 et
1121 5219 1380 5287 Diogenes
1405 5219 1520 5289 ejus
1549 5221 1747 5274 nullam
1787 5219 2019 5275 habuere
2059 5240 2275 5290 curam;

697 5309 802 5362 imo
831 5326 898 5364 ne
927 5309 1176 5364 Socmtes
1203 5309 1414 5378 quidem
1441 5351 1454 5373 ,
1494 5320 1551 5363 ut
1578 5311 1814 5363 nonnulli
1842 5311 2022 5365 dicunt
2048 5353 2062 5373 ,
2098 5313 2278 5384 hujus-

695 5417 797 5468 qne
845 5400 921 5456 rei
964 5402 1111 5456 testis
1153 5402 1308 5457 nobis
1339 5418 1459 5458 esse
1495 5405 1662 5472 possit
1703 5406 1763 5469 is,
1801 5405 1889 5474 qui
1930 5405 2027 5460 hac
2069 5407 2119 5462 in
2165 5419 2279 5462 arte

697 5489 849 5558 longe
875 5501 1097 5548 caeteros
1127 5494 1428 5558 antevertit,
1467 5505 1520 5548 ct
1558 5493 1645 5562 qui
1687 5509 1771 5558 ea,
1806 5512 1927 5564 qua:
1971 5497 2117 5550 illum
2159 5513 2278 5567 spc-

695 5595 747 5638 ct
783 5585 926 5648 bant,
950 5586 1104 5656 longe
1130 5587 1429 5642 accuratius
1449 5603 1604 5646 quam
1627 5590 1828 5652 cteteri,
1859 5600 2094 5645 noverat.

778 5673 935 5731 Verba
976 5677 1203 5731 Socratis
1251 5677 1391 5747 apud
1435 5676 1699 5733 Platonem
1726 5681 1869 5735 initio
1898 5681 2177 5751 Apologia.
2207 5712 2277 5723 -—

699 5763 828 5820 Cum
849 5767 986 5821 enim
1016 5766 1160 5823 illum
1188 5767 1470 5840 aliquando
1494 5769 1562 5826 ad
1591 5771 1816 5828 tribunal
1856 5771 2271 5846 introduxisset,

1381 355 1439 411 S.
1476 351 1754 409 JOA'NNIS
1788 344 2262 406 CllltY'SOSTOMl
2302 343 2622 398 ARClllEP.
2663 336 3195 397 CONSTANTINOP.
3811 345 3899 402 ωδ

2370 471 2423 508 ιιι
2452 470 2666 509 cau~am
2701 471 2850 508 suam
2895 454 3225 517 defenderet,
3255 454 3307 507 in
3347 453 3584 525 apologis
3625 456 3687 512 ad
3725 458 3903 527 iudices

2367 549 2434 602 ita
2467 551 2770 618 loquentem
2799 549 3000 604 inducit
3025 566 3036 600 :
3080 547 3178 603 Vos
3203 559 3370 600 autem
3401 565 3461 602 ea:
3486 566 3562 603 me
3584 553 3791 606 audituri
3808 559 3906 610 estis

2365 657 2561 692 onmem
2585 640 2833 693 veritatem
2855 656 2874 706 ,'
2903 657 3004 692 non
3023 649 3212 704 tamen,
3235 657 3311 692 me
3343 638 3539 702 Hercle,
3562 643 3651 694 viri
3670 643 3907 698 Atheuien-

2365 750 2464 796 ses,
2495 733 2721 786 oratione
2745 733 2982 803 eleganti,
3013 742 3066 784 ut
3092 733 3174 784 isti
3197 771 3210 795 ,
3237 732 3394 784 verbis
3420 749 3480 785 ac
3502 733 3909 791 nominibusexor-

2367 833 2489 874 nata
2511 839 2530 875 :
2556 821 2644 875 sed
2679 821 2905 875 audituri
2929 822 3046 876 estis
3074 822 3362 891 vulgaribus
3387 823 3632 890 obuiisquc
3661 827 3910 884 nominibus

2367 915 2670 984 loquentem.
2714 912 2876 968 Credo
2915 914 3045 967 enim
3074 914 3221 983 justa
3245 931 3350 967 esse
3377 931 3490 984 qtae
3509 914 3650 980 dico,
3680 919 3912 991 nullusque

2370 1017 2586 1059 vestrum
2612 1004 2756 1058 aliud
2796 1015 3061 1072 exspectet.
3099 1003 3279 1074 Neque
3304 1007 3435 1060 enim
3462 1012 3700 1077 profecto,
3720 1011 3911 1081 judiccs,

2368 1096 2484 1148 huic
2499 1096 2634 1148 aetati
2645 1096 2889 1158 convenit,
2909 1097 3038 1149 velut
3049 1096 3441 1162 adolescentulo,
3459 1100 3756 1153 concinnatis
3773 1103 3832 1155 ad
3843 1115 3914 1156 tm

2368 1186 2563 1254 ingredi
2585 1186 2761 1240 verbis.
2795 1186 2906 1240 Hoc
2926 1197 3101 1241 autem
3121 1203 3240 1240 cum
3261 1187 3410 1252 dicit,
3428 1190 3654 1243 ostendit
3677 1207 3730 1245 se
3749 1209 3842 1246 non
3861 1211 3914 1248 ex

2370 1279 2708 1348 negligentia,
2727 1279 2820 1333 sed
2847 1278 2986 1347 quod
3009 1294 3126 1333 eam
3157 1294 3264 1332 rem
3295 1295 3402 1334 non
3423 1281 3596 1349 magni
3617 1281 3813 1348 faceret,
3835 1300 3916 1339 nec

2371 1372 2642 1436 didicisse,
2670 1386 2768 1426 nec
2797 1371 2885 1426 illa
2909 1387 3060 1426 usum
3085 1370 3266 1425 fuisse.
3292 1372 3471 1441 Itaque
3493 1388 3594 1426 non
3619 1371 3918 1443 philosopho-

2373 1480 2488 1517 rum
2513 1473 2594 1517 est
2625 1463 2948 1531 eloquentia,
2972 1465 3078 1516 imo
3102 1479 3169 1517 ne
3193 1465 3431 1518 virorum
3453 1465 3681 1533 quidem,
3705 1468 3788 1520 sed
3815 1469 3920 1522 ado-

2373 1554 2785 1610 lescentulorum
2810 1563 3012 1608 tantum
3044 1555 3334 1610 ludentium
3358 1558 3644 1622 a-mulatio,
3669 1567 3725 1612 ut
3745 1569 3792 1613 et
3818 1561 3919 1628 ipsis

2373 1659 2586 1714 quoque
2620 1643 2956 1715 philosophis
2980 1645 3218 1710 videtur;
3265 1663 3361 1700 nec
3390 1647 3514 1700 aliis
3541 1649 3691 1702 modo
3715 1650 3906 1719 philoso

2377 1735 2516 1804 phis,
2553 1734 2647 1789 sed
2685 1735 2846 1788 etiam
2884 1736 2954 1796 ei,
2982 1737 3074 1805 qui
3113 1752 3301 1790 omnes
3348 1737 3507 1792 facile
3552 1741 3912 1806 superavitzet

2376 1826 2518 1878 enim
2543 1824 2849 1894 magistrum
2878 1841 2938 1879 ea
2969 1843 3025 1880 re
3046 1825 3226 1880 ornari
3259 1844 3363 1881 non
3397 1830 3672 1896 permittit,
3695 1846 3802 1883 cum
3823 1846 3920 1886 eum

2376 1927 2624 1970 ornatum
2665 1927 2868 1986 turpem
2909 1918 3330 1989 philosophoque
3371 1919 3642 1989 indignum
3675 1923 3921 1976 existimet.

2379 2008 2576 2063 Verum
2601 2011 2716 2065 hate
2743 2011 2806 2063 ad
2831 2011 3096 2066 infidelem
3122 2013 3427 2082 quempiam
3462 2015 3647 2068 merito
3674 2015 3782 2085 quis
3799 2016 3923 2070 dixe.-

2379 2103 2480 2166 rit;
2528 2103 2634 2159 imo
2662 2119 2789 2158 vero
2815 2104 2880 2158 ad
2911 2105 3118 2159 fidelem
3152 2108 3337 2176 magis.
3382 2108 3663 2174 Quomodo
3686 2110 3813 2163 enim
3840 2125 3924 2164 non

2379 2198 2667 2251 absurdum
2695 2197 2886 2264 fuerit,
2927 2214 3049 2252 cum
3083 2199 3116 2252 ii
3145 2199 3340 2262 etiam,
3368 2201 3463 2270 qui
3496 2201 3826 2254 multitudinis
3853 2219 3926 2253 au-

2381 2309 2492 2346 ram
2516 2303 2867 2364 aucupantur,
2893 2310 2992 2348 nec
3016 2295 3122 2348 alio
3149 2296 3305 2350 modo
3335 2312 3498 2366 quam
3525 2308 3730 2352 externa
3753 2299 3928 2367 sapien-

2384 2385 2452 2438 tia
2487 2385 2615 2438 clari
2643 2400 2763 2438 esse
2795 2395 3049 2454 possunt,
3095 2402 3213 2441 eam
3269 2387 3397 2441 nihil
3457 2405 3576 2444 esse
3625 2391 3925 2456 arbitrentur,

2390 2490 2488 2528 nos
2513 2475 2656 2529 illaut
2681 2490 2848 2544 usque
2869 2477 3003 2530 adeo
3026 2477 3204 2531 mirari
3222 2479 3467 2548 tantique
3486 2479 3673 2541 facere,
3695 2493 3817 2536 utea
3835 2498 3927 2552 quae

2385 2569 2615 2622 maxime
2637 2570 2936 2623 necessaria
2972 2580 3096 2623 sunt
3121 2581 3336 2640 pr0pter
3356 2572 3507 2627 illam
3538 2575 3928 2628 contemnamus?

2455 2660 2538 2711 12.
2565 2657 2742 2714 Sancti
2765 2661 2858 2713 viri
2876 2670 3066 2730 quanta
3089 2662 3197 2715 sine
3221 2662 3510 2732 eloquentia
3539 2665 3856 2733 prtestiterint.
3872 2692 3927 2704 --

2384 2741 2462 2802 Ad
2495 2750 2760 2806 infidelem
2792 2751 3006 2821 quidem
3036 2752 3148 2806 fere
3174 2753 3303 2807 satis
3332 2763 3461 2808 sunt
3489 2774 3503 2810 :
3527 2756 3591 2807 ad
3616 2756 3810 2809 fidelem
3829 2770 3928 2809 vero

2381 2852 2433 2894 ct
2466 2841 2578 2894 haec
2616 2853 2668 2895 et
2695 2842 2796 2894 alia
2829 2858 2891 2896 ex
2924 2843 3122 2897 nostris
3147 2843 3470 2899 doctnnenta
3515 2845 3772 2901 afferenda
3811 2857 3926 2902 Sunt.

2381 2931 2636 2998 Qtnenam
2668 2933 2791 2984 illa?
2822 2933 2992 3002 Magni
3026 2934 3100 2986 illi
3123 2943 3169 2988 el
3195 2935 3362 2988 Sancti
3395 2936 3532 3000 viri,
3567 2939 3650 3005 qni
3679 2936 3816 3004 Irimi
3838 2936 3928 2989 fuc-

2384 3032 2527 3086 runt,
2555 3038 2676 3076 cum
2706 3024 2874 3076 litera:
2905 3025 3136 3078 nondum
3168 3035 3379 3087 essent;
3415 3038 3526 3080 ttnn
3557 3030 3588 3081 ii
3608 3029 3692 3098 qni
3712 3028 3929 3098 pastillos

2383 3111 2616 3178 fuerunt,
2643 3129 2763 3168 cum
2789 3115 2954 3169 literie
2985 3117 3196 3187 quidem
3225 3127 3427 3184 essent,
3453 3120 3660 3174 dicendi
3681 3137 3798 3176 vero
3821 3122 3928 3189 peri.

2384 3207 2452 3260 tia
2482 3207 2748 3272 nondum;
2782 3219 2836 3262 et
2855 3210 2942 3278 qui
2969 3209 3066 3264 hos
3088 3212 3297 3279 soquuti
3323 3225 3467 3274 sunt,
3493 3230 3612 3267 cum
3644 3224 3696 3269 ct
3723 3216 3870 3267 litera:
3891 3224 3930 3266 et

2381 3300 2592 3353 dicendi
2640 3301 2823 3367 peritia
2870 3311 3071 3356 essent.
3121 3303 3199 3356 llli
3233 3320 3360 3358 vero
3394 3304 3597 3376 (primi)
3629 3318 3935 3373 utrorumque

2382 3403 2630 3461 εκβθηθδ
2674 3403 2856 3457 erm“;
2900 3410 3004 3447 "0|!
3038 3394 3196 3448 Illttdo
3233 3395 3374 3448 enim
3412 3396 3933 3466 θιιιιμιθιιιίτῐξὶηςιὶιιι-

2385 3485 2548 3544 tione,
2589 3485 2682 3538 sed
2728 3486 2888 3539 etiam
2930 3485 3202 3539 literarum
3247 3489 3434 3555 peritia
3472 3490 3622 3542 vacui
3655 3497 3800 3542 erant
3825 3505 3837 3541 :
3863 3486 3934 3555 qui

2385 3586 2562 3629 tamen
2596 3577 2677 3629 vel
2721 3577 2784 3628 iis
2815 3579 2864 3629 in
2903 3577 3083 3641 rebus,
3116 3578 3167 3632 in
3195 3580 3386 3646 quibus
3413 3581 3733 3650 eloquentia:
3760 3580 3830 3632 vis
3856 3593 3934 3631 ne-

2382 3668 2615 3721 cessaria
2645 3682 2763 3720 esse
2793 3668 3023 3733 videtur,
3052 3685 3216 3738 usque
3241 3669 3376 3723 adeo
3399 3671 3484 3736 iis,
3510 3673 3599 3741 qui
3626 3673 3707 3726 illa
3731 3668 3934 3725 instructi

2383 3770 2558 3824 erant,
2589 3761 3026 3821 antecolluerunt,
3060 3771 3113 3814 ut
3145 3762 3194 3813 bi
3224 3762 3598 3830 insipientibus
3626 3765 3796 3832 pueris
3817 3764 3936 3814 ιιι-ιο-

2385 3852 2552 3904 riores
2585 3865 2705 3905 esse
2736 3851 3059 3905 viderentur.
3110 3850 3240 3906 Cum
3268 3853 3408 3906 enim
3437 3857 3786 3922 persuadendi
3809 3856 3872 3907 vis
3896 3856 3932 3904 in

2384 3944 2679 4012 eloquentia
2709 3943 2939 3998 maxime
2979 3944 3080 3998 sita
3118 3945 3226 4006 sit,
3262 3955 3316 3998 et
3355 3955 3533 3999 tamen
3577 3947 3858 4016 philosophi
3885 3959 3934 3997 ne

2386 4052 2545 4088 ttnunt
2576 4051 2822 4105 umquam
2859 4046 3142 4107 tyrannum
3177 4036 3580 4105 superaverint;
3617 4039 3687 4092 illi
3715 4055 3830 4091 vero
3855 4035 3934 4088 itit-

2387 4130 2537 4196 pcriti
2580 4139 2632 4181 et
2673 4129 2849 4182 idiota:
2897 4137 3064 4181 totum
3110 4129 3294 4182 orbem
3337 4131 3723 4194 converterint,
3759 4129 3935 4197 plitlllllll

2383 4229 2464 4272 (εει
2490 4220 2627 4284 apud
2657 4234 2772 4282 eos,
2797 4219 3001 4272 scilicet
3041 4221 3309 4272 literarum
3355 4219 3632 4290 imperitos
3660 4231 3712 4274 et
3740 4221 3930 4276 idiotas,

2384 4311 2658 4378 sapientia:
2690 4311 2918 4379 palmam
2955 4326 3093 4374 esse,
3137 4327 3241 4363 non
3289 4320 3465 4365 autem
3517 4312 3655 4380 apud
3703 4312 3828 4374 illos,
3865 4307 3937 4376 qui

2386 4413 2608 4471 utraque
2642 4403 2890 4457 facultate
2928 4403 3216 4470 pollebant.
3265 4403 3413 4458 Adeo
3452 4414 3508 4457 ut
3539 4420 3662 4458 vera
3692 4404 3936 4470 sapientia,

2385 4510 2615 4564 tri-raque
2658 4496 2883 4548 eruditio
2924 4496 3054 4550 nihil
3082 4496 3222 4550 aliud
3244 4497 3351 4558 sit,
3385 4513 3544 4566 quant
3580 4498 3668 4550 Dei
3699 4498 3856 4550 timor.
3884 4494 3938 4544 At

2387 4603 2543 4641 tn-‘mo
2575 4597 2719 4655 putet
2748 4604 2834 4641 tne
2861 4588 2997 4643 hanc
3024 4589 3193 4658 legem
3222 4599 3476 4655 statuere,
3507 4591 3648 4660 quod
3679 4589 3816 4659 pueri
3841 4598 3937 4638 esse

2385 4680 2614 4734 debeant
2646 4681 2894 4749 imperiti.
2924 4680 3026 4734 Sed
3057 4681 3101 4734 si
3125 4682 3242 4750 quis
3265 4697 3349 4735 me
3378 4682 3444 4735 de
3473 4681 3781 4736 necessariis
3805 4693 3935 4731 set-n-

2385 4788 2501 4825 rum
2532 4783 2828 4840 perstaret,
2865 4773 3058 4826 nollem
3090 4772 3347 4840 impedire
3386 4773 3514 4843 quin
3557 4773 3655 4826 hoc
3694 4789 3754 4826 ex
3792 4771 3934 4822 abun-

2385 4863 2560 4915 ilantia
2595 4864 2762 4917 fieret.
2799 4863 3254 4928 Quemadmodum
3275 4865 3415 4916 enim
3435 4865 3708 4916 concussis
3726 4876 3834 4916 cum
3858 4858 3937 4909 do-

2387 4969 2473 5006 mo
2505 4962 2610 5007 tota
2641 4954 2999 5008 fundamentis
3021 4997 3036 5018 ,
3082 4966 3295 5024 totaque.
3333 4954 3533 5010 fabrica
3577 4955 3773 5007 ruinam
3802 4947 3933 5002 mini-

2385 5056 2551 5110 tante,
2587 5058 2842 5103 extrema:
2891 5049 3174 5104 dementia:
3226 5066 3290 5105 ac
3343 5051 3658 5120 insipientia:
3711 5056 3840 5103 esset
3880 5041 3932 5094 ad

2386 5137 2629 5202 illitores,
2665 5154 2770 5191 non
2799 5138 2863 5192 ad
2895 5148 3190 5194 structores
3215 5155 3432 5195 currere
3461 5160 3471 5192 :
3497 5141 3575 5194 sic
3606 5140 3726 5192 item
3762 5138 3932 5202 impor-

2387 5239 2528 5282 tuna:
2556 5229 2913 5282 Contentionis
2939 5242 3100 5291 esset,
3125 5231 3414 5298 parietibus
3439 5229 3664 5285 firmiter
3683 5225 3931 5284 Stantibus.

2383 5336 2498 5382 eos,
2531 5321 2616 5388 qui
2641 5322 2807 5389 ipsam
2831 5323 3034 5375 illinere
3057 5323 3270 5388 vellent,
3307 5323 3609 5391 prohibere.

2461 5409 2686 5464 Historia
2729 5412 3058 5465 adolescentis
3102 5431 3133 5466 a
3173 5417 3418 5468 monacho
3461 5400 3930 5474 instituti—QII“!

2384 5512 2562 5557 autem
2588 5502 2636 5556 id
2655 5518 2719 5558 ex
2742 5504 2919 5558 animo
2936 5505 3142 5575 loquar,
3160 5521 3277 5575 qua:
3306 5506 3432 5575 ipsis
3458 5505 3704 5574 operibus
3726 5494 3929 5555 ostendi.

2387 5593 2501 5649 haec
2523 5595 2631 5664 jam
2655 5597 2804 5650 vobis
2827 5597 3072 5652 narrabo.
3101 5599 3425 5653 Adolescens
3445 5597 3656 5668 quidam
3674 5590 3928 5648 admodum

2387 5685 2620 5752 locuples
2647 5683 2932 5754 aliquando
2962 5703 3012 5741 tn
3040 5688 3171 5740 urbe
3203 5699 3380 5742 nostra
3407 5687 3705 5741 demoratus
3728 5691 3802 5735 est
3825 5695 3931 5731 rru-

2392 5775 2609 5832 ditiouis
2637 5775 2974 5846 acquirendae
2997 5779 3186 5850 gratia,
3221 5780 3420 5835 Latinae
3445 5779 3650 5833 scilicet
3672 5787 3720 5829 et
3739 5774 3933 5828 Gr-‘t‘cw-
