4124 6144
122 304 229 362 867

111 423 245 488 τοὺς
261 422 673 494 φυγαδεύοντας
701 424 899 490 αὐτοὺς
924 427 1024 481 οὐκ
1052 426 1120 481 ἂν
1141 428 1403 499 ἐπῄνεσα,
1431 426 1547 480 ἀλλ’
1580 425 1655 490 ὡς
1688 442 1802 480 κοι-

112 512 352 583 νοῦςτῆς
381 512 658 577 πολιτείας
684 514 912 585 ἐχθροὺς
942 503 1301 587 ἀπεστράφην
1337 516 1425 580 ἂν,
1453 517 1534 571 ὅτι
1555 519 1681 582 τοὺς
1706 517 1802 572 λύ-

113 612 276 665 χνους
305 597 663 669 κρύπτοντες,
705 599 800 653 καὶ
833 601 960 665 τοὺς
1000 602 1293 673 φωστῆρας
1331 603 1437 655 ἀπ’)
1466 602 1566 672 τῆς
1591 604 1800 669 πόλεως

112 685 207 738 ἐπὶ
236 685 337 756 τὴν
369 687 609 757 ἐρημίαν
630 689 876 757 ἄγοντες,
905 689 974 742 τά
1011 690 1245 759 μέγιστα
1268 691 1396 754 τοὺς
1421 690 1569 745 ἔνδον
1588 692 1785 747 οἰκοῦν-

110 791 214 840 τας
232 776 496 847 ἐζημίουν
516 779 716 847 ἀγαθά.
744 780 805 833 Εἰ
833 780 890 834 δὲ
916 782 1127 847 ούδεὶςό
1148 782 1318 837 ταῦτα
1332 785 1795 856 ὑποσχησὸμενος,

111 865 163 917 τί
194 863 258 917 τὸ
290 866 485 936 ὄφελος
515 868 756 938 πέμπειν
782 871 862 932 εἰς
888 870 1266 936 διδασκάλους,
1296 871 1424 926 ἔνθα
1451 874 1557 946 πρὸ
1585 874 1696 927 τῶν
1710 875 1801 928 λό-

113 968 228 1019 γων
263 956 463 1007 κακίαν
479 953 743 1020 εἴσονται,
775 958 871 1011 καὶ
898 958 959 1012 τὸ
989 959 1211 1014 ἔλαττον
1241 959 1555 1033 βουλόμενοι
1589 963 1797 1029 λαϐεῖν,

117 1040 177 1093 τὸ
218 1042 405 1110 μεῖζον
429 1043 779 1108 ἀπολέσουσι,
810 1047 908 1117 τῆς
939 1047 1118 1120 ψυχῆς
1149 1050 1246 1121 τὴν
1271 1051 1424 1121 ἰσχὺν
1444 1052 1538 1104 καὶ
1567 1051 1666 1122 τὴν
1706 1053 1798 1106 εύ-

115 1127 266 1195 εξίαν
311 1131 573 1197 ἀπασανς
621 1133 688 1187 Τί
724 1131 846 1199 οῦν;
877 1137 1300 1209 κατασκάψομεν
1333 1138 1401 1192 τά
1422 1139 1791 1208 διδασκαλεῖα,

115 1218 319 1289 φησίνς
352 1221 428 1273 Οὐ
464 1219 625 1274 τοῦτο
665 1220 828 1291 λέγω,
866 1222 982 1276 ἀλλ’
1013 1224 1163 1289 ὅπως
1203 1226 1278 1297 μὴ
1318 1227 1419 1298 τὴν
1452 1213 1553 1297 τῆς
1591 1228 1796 1299 ἀρετῆς

113 1307 438 1379 καθέλωμεν
470 1310 780 1382 οἰκοδομὴν,
818 1314 912 1368 καί
943 1312 1126 1377 ζῶσαν
1149 1317 1541 1389 κατορύξωμεν
1566 1321 1665 1389 τὴν
1687 1320 1793 1390 ψυ-

112 1397 219 1467 χήν
239 1413 256 1427 ο
297 1398 684 1469 σωφρονούσης
704 1401 805 1469 μέν
822 1401 932 1474 γὰρ
956 1404 1160 1476 ταύτης
1179 1406 1403 1476 οὐδεμία
1432 1408 1541 1461 ἀπὸ
1561 1409 1661 1479 τῆς
1687 1409 1795 1463 τῶν

112 1483 291 1551 λόγων
315 1485 573 1556 ἀπειρίας
607 1488 758 1542 ἔσται
788 1487 976 1559 ζημία,
1001 1490 1403 1565 διεφθαρμένης
1423 1494 1479 1548 δέ
1513 1497 1741 1566 μεγίστη
1757 1501 1791 1570 ή

115 1572 313 1642 βλάϐη,
345 1573 448 1627 κάν
477 1575 685 1648 σφόδρα
723 1579 756 1646 ἡ
795 1576 1010 1644 γλῶττα
1047 1581 1359 1654 ἠκονημένη
1396 1584 1662 1658 τυγγάνῃ,
1694 1588 1788 1642 καὶ

111 1661 354 1729 τοσούτῳ
412 1664 634 1730 μείζων,
660 1665 878 1737 ὅσῳπερ
922 1666 989 1720 ἂν
1018 1668 1202 1738 ἐκείνη
1233 1674 1406 1742 προσῇ
1443 1674 1476 1740 ἡ
1526 1672 1780 1743 δύναμις.

185 1749 434 1819 Πονηρία
489 1750 600 1820 γάρ
645 1753 742 1823 τὴν
798 1752 893 1806 τοῦ
955 1753 1135 1822 λέγειν
1181 1756 1560 1825 προσλαϐοῦσα
1600 1762 1796 1829 ἐμπει-

113 1837 258 1910 ρίαν.
308 1836 492 1907 πολλῷ
529 1838 791 1910 χείροναι
835 1840 937 1911 τῆς
952 1842 1194 1912 ἀμαθίας
1222 1844 1599 1915 ἐργάζεταιτά
1622 1848 1790 1905 δεινά.

113 1930 212 1980 Ἀν
226 1928 283 1982 δέ
316 1928 647 1994 ἀπελθόντες
672 1931 807 1994 ἐκεῖ,
842 1934 993 2003 φησὶ,
1025 1934 1163 2005 πρὸς
1183 1934 1262 2007 τῷ
1293 1938 1389 2008 τὴν
1420 1937 1671 2007 γλῶσσαν
1695 1942 1796 2011 ἀρ-

109 2022 351 2094 γοτέραν
400 2023 570 2093 ἔχειν.
601 2025 815 2096 καὶτῆς
848 2027 1048 2099 ἀρετῆς
1080 2029 1386 2085 ἐκπέσωσιν
1418 2032 1632 2103 ἐκείνης
1657 2051 1673 2092 :
1695 2035 1792 2091 Ἂν

107 2115 167 2169 δὲ
221 2117 501 2186 μένοντες,
534 2118 654 2171 εἰπέ
686 2136 817 2187 μοι,
863 2120 998 2189 πρὸς
1026 2121 1106 2193 τῷ
1128 2123 1229 2195 τὴν
1256 2123 1433 2194 ψυχὴν
1459 2127 1791 2201 διαφθεῖραι,

111 2207 286 2278 μηδὲν
312 2211 394 2273 είς
414 2209 748 2277 εύγλωττίαν
775 2212 1082 2266 ἀπόνωνται
1108 2214 1135 2254 1³
1153 2216 1253 2284 τῆς
1276 2216 1472 2286 σχολῆς
1495 2235 1510 2284 ;
1540 2220 1665 2290 ἐμοὶ
1683 2221 1793 2293 γὰρ

107 2300 350 2370 ἁρμόσει
377 2301 553 2356 ταῦτα
599 2301 776 2371 λέγειν
807 2304 1083 2379 μᾶλλον,ἢ
1115 2309 1298 2362 ἐκεῖνα
1318 2311 1420 2365 σοί.
1447 2311 1512 2365 Τί
1557 2312 1789 2385 δήποτε;

107 2397 238 2451 Ὅτι
266 2399 313 2451 εἰ
333 2399 429 2452 καὶ
449 2400 509 2451 τὸ
520 2399 614 2452 τοῦ
641 2400 928 2471 μέλλοντος
951 2402 1144 2474 ἄδηλον
1163 2405 1444 2480 ἐκατέρου,
1475 2408 1535 2462 τδ
1559 2410 1648 2464 σὸν
1665 2411 1793 2481 ἀδηο

105 2493 353 2564 λότερον.
386 2493 531 2560 Πῶς,
563 2498 655 2551 καὶ
682 2496 770 2551 διὰ
790 2496 844 2551 τί
867 2514 888 2564 ;
915 2499 1036 2553 Ὅτι
1060 2500 1094 2571 ή
1119 2501 1353 2571 μέντῶν
1383 2502 1558 2574 λόγων
1588 2509 1793 2581 σπουδὴ

105 2591 211 2661 τῆς
234 2591 344 2646 ἀπὸ
365 2591 475 2645 τῶν
504 2595 724 2662 τρόπων
744 2595 1044 2661 ἐπιεικείας
1077 2597 1271 2665 δεῖται,
1298 2602 1332 2671 ἡ
1371 2600 1428 2655 δὲ
1447 2603 1554 2657 τῶν
1575 2604 1794 2675 τρόπων

109 2686 388 2742 ἐπιείκεια
418 2688 604 2743 ούκέτι
620 2689 720 2760 τῆς
742 2689 851 2744 ἀπὺ
868 2690 978 2745 τῶν
1003 2692 1178 2761 λόγων
1205 2696 1541 2768 προσθήκης.
1574 2700 1794 2773 Σωφρο-

111 2783 283 2856 σύνην
308 2784 410 2855 μὲν
433 2785 545 2858 γὰρ
566 2786 660 2839 καὶ
682 2787 853 2856 χωρὶς
878 2787 980 2858 τῆς
1006 2790 1340 2856 παιδεύσεως
1366 2793 1571 2865 ταύτης
1596 2814 1793 2870 κατορ-

109 2878 287 2935 θῶσαι
318 2880 419 2947 ἔνι,
450 2880 625 2950 λόγων
658 2883 713 2937 δὲ
743 2883 971 2955 δύναμιν
999 2886 1167 2959 χωρὶς
1188 2888 1406 2960 τρόπων
1431 2893 1681 2963 χρηστῶν
1710 2897 1795 2950 ού·

106 2975 226 3037 δεῖς
250 2974 315 3030 ἀν
348 2977 646 3048 προσλάϐοι
683 2981 835 3036 ποτὲ.
870 2983 1072 3046 παντὸς
1100 2983 1194 3037 τοῦ
1233 2986 1424 3056 χρόνου
1463 2990 1544 3052 είς
1593 2991 1792 3045 κακίαν

110 3071 215 3124 καὶ
246 3072 536 3141 ἀσέλγειαν
552 3074 1002 3146 ἀναλισκομένου.
1022 3077 1186 3132 ’Ὥστε
1225 3080 1362 3153 ὅπερ
1388 3081 1504 3135 ἐκεῖ
1527 3082 1791 3149 δέδοικας,

104 3160 274 3215 τοῦτο
301 3164 397 3216 καὶ
427 3164 661 3218 ἐνταῦθα
682 3164 968 3233 φοϐεῖσθαι
985 3169 1087 3239 χρή
1107 3185 1122 3199 ο
1160 3169 1254 3222 καὶ
1287 3170 1465 3242 πολλῷ
1486 3172 1683 3242 μᾶλλον
1709 3176 1795 3226 ἐν-

102 3255 315 3321 ταῦθα,
338 3258 450 3328 ὅσῳ
473 3259 567 3312 καὶ
600 3260 931 3331 πυκνότεραι
965 3264 1021 3315 αἱ
1060 3262 1383 3334 ἀποτυχίαι,
1412 3266 1506 3319 καὶ
1539 3284 1602 3319 τε
1614 3268 1665 3339 pl
1687 3269 1793 3321 τῶν

99 3353 383 3424 μειζόνων
416 3354 444 3406 ό
498 3352 762 3419 κίνδυνος.
815 3356 996 3410 Κάκεῖ
1043 3357 1140 3427 μὲν
1198 3358 1333 3431 πρὸς
1361 3359 1419 3413 ἓν
1461 3361 1792 3433 ἠσχολῆσθαι

100 3449 276 3518 μόνον
304 3449 543 3520 ἀνάγκη.
580 3449 813 3509 ἐνταῦθα
850 3451 904 3506 δὲ
935 3451 1044 3505 τῶν
1073 3452 1166 3506 δύο
1187 3455 1458 3529 κρατῆσαι
1481 3459 1790 3528 πρόκειται,

98 3546 301 3610 ὼςούκ
329 3544 452 3598 ἐνὸν
477 3545 702 3617 θάτερον
719 3549 888 3618 χωρὶς
912 3549 1141 3618 θατέρου
1168 3549 1371 3611 λαϐεῖν,
1404 3553 1523 3606 οὐδὲ
1581 3571 1794 3628 σωφρο-

100 3642 280 3712 σύνης
330 3643 501 3714 χωρὶς
532 3644 657 3707 τοὺς
692 3642 884 3712 λόγους
926 3645 1147 3702 εἰδέναι.
1185 3649 1245 3700 Εἰ
1269 3648 1325 3702 δέ
1360 3648 1559 3720 βούλει,
1599 3653 1695 3706 καὶ
1729 3655 1792 3710 τὺ

98 3741 380 3796 ἀδύνατον
432 3739 591 3793 τοῦτο
623 3741 805 3812 θῶμεν
837 3739 976 3796 εἶναι
1005 3744 1241 3800 δυνατὸν,
1277 3747 1330 3800 τί
1356 3748 1552 3816 γένοιτ’
1578 3751 1791 3823 ἃνήμῖν

98 3834 316 3904 ἀγαθὸν
332 3834 443 3886 ἀπὸ
461 3834 560 3904 τῆς
582 3834 789 3888 τούτων
818 3839 1130 3910 ἐμπειρίας,
1153 3843 1280 3912 περὶ
1301 3841 1367 3896 τά
1383 3846 1794 3918 καίριαλαμϐά-

97 3947 260 3985 νουσι
284 3930 388 4001 τὴν
416 3930 630 4002 πληγήν
656 3947 673 3995 ;
709 3932 762 3985 τί
788 3932 843 3985 δὲ
878 3935 1048 3988 κακὸν
1079 3936 1188 3990 ἀπδ
1227 3939 1326 4010 τῆς
1371 3941 1648 4013 ἀπειρίας,
1683 3947 1793 4001 τῶν

102 4025 391 4097 μεγίστων
409 4026 541 4096 ἡμῖν
559 4026 827 4097 κατορθου
836 4028 1042 4096 μένωνς
1079 4031 1190 4084 Καὶ
1219 4032 1391 4088 ταῦτα
1416 4035 1479 4088 ού
1506 4039 1636 4107 παρ’
1659 4040 1791 4109 ἡμῖν

101 4120 275 4190 μόνον
311 4120 427 4181 τοῖς
457 4121 802 4187 καταγελῶσι
836 4123 936 4193 τῆς
970 4124 1172 4190 ἔξωθεν
1209 4128 1422 4197 σοφίας,
1461 4132 1555 4184 καὶ
1582 4133 1792 4203 μωρίαν

98 4214 280 4283 αὒτὴν
310 4211 454 4269 εἶναι
476 4214 809 4286 νομίζουσιν,
840 4217 974 4271 ἀλλά
1002 4220 1098 4274 καὶ⁵
1154 4224 1281 4295 παρ’
1306 4223 1490 4287 αὐτοῖς
1518 4228 1630 4289 τοῖς
1656 4226 1789 4294 ἔξω·

94 4310 199 4364 θεν
243 4310 561 4379 φιλοσόφοις
602 4311 747 4367 οὕτω
779 4315 1246 4388 συνωμολόγηται.
1288 4318 1399 4373 Kal
1440 4318 1528 4374 διὰ
1553 4321 1709 4377 τοῦτο
1740 4325 1791 4377 οί

101 4407 210 4477 μὲν
242 4406 432 4460 πολλοὶ
468 4407 528 4460 ού
570 4407 777 4479 σφόδρα
806 4410 1226 4483 ἐπεμελήθησαν
1244 4413 1338 4468 τοῦ
1360 4416 1684 4487 πράγματος
1707 4436 1720 4450 ·
1739 4421 1789 4473 οί

95 4503 157 4556 δὲ
174 4503 281 4558 καὶ
300 4504 485 4559 τέλεον
497 4505 916 4576 κατεφρόνησαν
942 4509 1038 4561 καὶ
1052 4508 1357 4563 διετέλεσαν
1374 4510 1786 4583 δντεςάμαθεῖς,

96 4599 201 4651 καὶ
226 4599 325 4652 τὸν
367 4600 587 4654 ἅπαντα
624 4601 737 4670 βίον
769 4603 829 4654 ἐν
877 4601 956 4673 τῷ
987 4603 1089 4673 τῆς
1119 4603 1438 4673 φιλοσοφίας
1466 4608 1788 4682 ὴθικωτέρῳ

96 4694 492 4765 διατρίψαντες
517 4695 691 4767 μέρει,
723 4697 924 4767 σφόδρα
943 4697 1212 4768 ἔλαμψαν,
1235 4700 1330 4753 καὶ
1356 4702 1612 4770 γεγόνασι
1631 4720 1699 4757 πε
1708 4723 1789 4775 ρι-

96 4794 319 4855 φανεῖς.
346 4791 456 4845 Kal
483 4790 594 4864 γάρ
626 4790 954 4864 Ἀνάχαρσις
1006 4796 1102 4848 καὶ
1138 4795 1363 4868 Κράτης
1393 4799 1489 4851 καὶ
1530 4800 1788 4873 Διογένης

93 4885 366 4955 οὐδεμίαν
406 4887 735 4960 ἐποιήσαντο
793 4890 1030 4962 σπουδὴν
1072 4890 1265 4945 τούτου
1288 4909 1302 4923 ·
1338 4894 1471 4963 φασὶ
1519 4895 1578 4950 δέ
1617 4915 1783 4967 τινες,

92 4981 225 5035 οὐδὲ
272 4982 594 5056 Σωκράτης,
641 4987 738 5041 καὶ⁵
784 4988 1187 5059 μαρτυρήσειεν
1229 4988 1295 5044 ἂν
1325 4991 1456 5062 ἡμῖν
1485 4993 1515 5046 ό
1550 4993 1785 5065 μάλιστα

90 5079 327 5134 πάντων
346 5081 405 5134 ἐν
423 5084 489 5154 τῇ
519 5083 688 5158 τέχνῃ
708 5083 883 5165 ταύτῃ
893 5083 1205 5155 διενεγκὼν,
1223 5087 1316 5140 καὶ
1335 5086 1402 5141 τά
1433 5088 1644 5144 ἐκείνω
1666 5089 1783 5166 [96]

87 5173 209 5227 τῶν
238 5175 419 5231 ἄλλων
456 5178 614 5244 εἰδὼς
665 5180 1076 5253 ἀκριϐέστερον.
1110 5181 1438 5252 Εἰσαγαγὼν
1477 5184 1588 5256 γὰρ
1620 5187 1785 5243 αὐτόν

86 5287 232 5325 ποτε
257 5273 341 5337 είς
365 5272 721 5347 δικαστήριον
754 5276 1230 5350 ἀπολογησόμενον
1250 5291 1297 5344 ο,
1315 5283 1374 5335 ἐν
1401 5285 1468 5353 τῇ
1498 5283 1636 5353 πρὸς
1657 5283 1786 5349 τοὺς

83 5364 360 5430 δικαστάς
393 5368 663 5442 ἀπολογίᾳ.
709 5371 966 5444 ἐποίησεν
1003 5372 1148 5428 οὕτω
1181 5375 1407 5444 λέγοντα
1427 5395 1444 5409 ·
1495 5378 1681 5447 Ὑμεῖς
1715 5379 1785 5433 δὲ

82 5457 245 5527 ἐμοῦ
272 5458 617 5517 ἀκούσεσθε
648 5461 857 5519 πᾶσαν
888 5465 1003 5533 τὴν
1045 5465 1355 5533 ἀλήθειαν,
1383 5470 1456 5524 οὐ
1476 5470 1683 5539 μέντοι
1697 5472 1784 5543 μὰ

149 5596 170 5618 ⁸
195 5598 282 5668 S_ic
301 5600 414 5668 duo;
436 5606 751 5668 manusrﬁpli
795 5612 850 5657 et
872 5605 1023 5658 Savil.
1050 5606 1225 5657 Morel.
1252 5614 1418 5659 autem
1457 5616 1510 5660 et
1550 5608 1701 5660 Savil.
1730 5611 1780 5660 in

81 5663 316 5727 margine
338 5667 506 5727 πολλῷ
527 5663 738 5717 πλείονα.

150 5718 299 5774 νβὶο
324 5739 434 5793 llus
476 5720 589 5776 imm
634 5728 786 5778 Savil.
832 5735 883 5780 et
925 5729 1117 5779 duobus
1163 5744 1278 5780 mss.
1323 5731 1610 5793 tegebatur
1675 5734 1770 5782 ἀπ-

83 5780 294 5837 εναιντο.
324 5786 460 5836 Eni-1'.

154 5845 177 5873 ‘
203 5844 357 5897 Savil.
387 5847 436 5897 in
464 5863 616 5906 marg.
643 5858 695 5902 el
715 5851 812 5900 duo
833 5866 944 5900 mss.
983 5855 1046 5910 ὡς
1080 5853 1340 5915 amem.

946 305 1314 367 ADVERSUS
1350 307 1904 367 OPPUGNATORES
1948 310 2132 371 VlTAi
2172 316 2473 379 MONAST.
2516 323 2646 382 LIB.
2690 323 2780 380 III.

3474 335 3582 392 368

1912 427 2014 495 Δί’,
2056 426 2105 486 ὧ
2145 432 2360 505 ἄνδρες
2399 439 2717 506 Ἀθηναῖοι,
2752 444 3341 516 κεκαλλιεπημένους
3385 466 3451 520 τε
3481 452 3583 505 ,λό-

1900 543 2067 595 τους,
2128 529 2333 603 ὥσπερ
2372 538 2428 590 οι
2485 538 2735 596 τούτων.
2774 538 3008 609 ῥήμασί
3037 557 3099 594 τε
3127 543 3225 596 καὶ
3266 544 3580 613 ὀνόμασιν,

1900 623 2044 677 οὐδὲ
2086 631 2593 700 κεκοσμημένους,
2651 633 2790 687 ἀλλ’
2841 634 3184 692 ἀκούσεσθε
3221 637 3428 707 ἁπλῶς
3482 643 3580 695 καί

1897 718 2033 788 εὶκῆ
2064 723 2358 793 λεγόμενα
2404 725 2524 793 τοῖς
2558 728 2953 798 ἐπιτυχοῦσιν
2988 733 3266 801 ὀνόμασι.
3314 738 3584 790 Πιστεύω

1898 813 2009 884 τὰρ
2034 815 2234 873 δίκαια
2262 814 2415 876 εἶναι
2444 821 2483 876 ἁ
2506 823 2685 892 λέγω,
2734 826 2832 880 καὶ
2861 827 3076 896 μηδεὶς
3123 829 3294 898 ὑμῶν
3332 834 3583 900 προσδο-

1898 913 2147 981 κησάτω
2182 917 2403 985 ἄλλως.
2449 919 2603 973 Οὐδὲ
2634 922 2742 990 γὰρ
2766 922 2843 976 ἂν
2862 923 3061 989 δήπου
3095 925 3312 994 πρέποι
3335 926 3410 996 τῇ
3443 929 3579 996 ἡλι-

1897 1009 2001 1076 κίᾳ
2050 1009 2213 1079 τῇδε,
2255 1011 2459 1082 ὥσπερ
2495 1017 2783 1085 μειρακίῳ
2827 1018 3152 1074 πλάττοντι
3209 1024 3454 1093 λόγους,
3492 1029 3581 1092 εις

1895 1104 2053 1175 ὑμᾶς
2099 1108 2368 1163 εἰσιέναι.
2408 1110 2592 1164 Ταῦτα
2609 1110 2665 1164 δέ
2687 1111 2839 1182 ἔλεγε
2860 1114 3095 1180 δεικνὺς,
3113 1117 3195 1170 ὃτι
3219 1117 3281 1169 οὐ
3311 1117 3398 1171 διά
3421 1119 3580 1191 ρᾳθυ·

1901 1203 2030 1272 μίαν
2043 1204 2183 1266 τινὰ,
2201 1204 2337 1258 ἀλλά
2364 1205 2452 1259 διὰ
2474 1206 2536 1259 τὸ
2556 1206 2630 1278 μὴ
2658 1207 2802 1278 μέγα
2820 1209 2878 1262 τὸ
2898 1211 3131 1282 πρᾶγμα
3158 1212 3430 1282 ἡγεῖσθαι,
3454 1214 3577 1269 οῦτε

1896 1296 2121 1368 ἔμαθεν,
2146 1298 2269 1353 οῦτε
2293 1301 2582 1372 ἐχρήσατο.
2603 1302 2716 1356 Οὐκ
2741 1299 2832 1357 οὖν
2845 1305 3147 1377 φιλοσόφων
3174 1309 3321 1379 μένή
3350 1309 3577 1378 εὐγλωτ-

1893 1394 1985 1447 τία
2006 1392 2059 1459 ά,
2093 1395 2188 1448 καὶ
2204 1395 2419 1463 ἀνδρῶν
2448 1397 2505 1450 δὲ
2542 1398 2753 1464 ἀπλῶς,
2788 1404 3086 1475 μειρακίων
3121 1405 3178 1458 δὲ
3208 1405 3513 1471 παιζόντων
3540 1408 3573 1477 ἡ

1896 1491 2197 1563 φιλοτιμία,
2216 1493 2303 1557 νὼς
2331 1493 2423 1547 xal
2458 1494 2645 1558 αὐτοῖς
2679 1499 2794 1559 τοῖς
2836 1498 3150 1569 φιλοσόφοις
3177 1502 3346 1568 δοκεῖ,
3374 1502 3434 1556 ού
3462 1506 3575 1567 τοῖς

1893 1584 2076 1649 ἀλλοις
2109 1585 2286 1655 μόνον,
2320 1586 2455 1640 ἀλλά
2474 1588 2569 1642 καὶ
2599 1587 2675 1659 τῷ
2697 1590 2917 1647 πάντων
2950 1594 3182 1665 μάλιστα
3212 1598 3269 1648 ἐν
3287 1596 3464 1667 τούτῳ
3486 1615 3579 1652 κε-

1893 1681 2192 1751 κρατηκότι
2205 1698 2219 1711 ·
2248 1681 2339 1735 τὸν
2355 1683 2465 1754 γὰρ
2483 1683 2800 1739 διδάσκαλον
2821 1687 2920 1742 οὐκ
2945 1689 3137 1760 ἀφίησι
3159 1692 3576 1764 κοσμεῖσθαιτῷ

1893 1776 2202 1848 πράγματι,
2222 1778 2445 1848 αἰσχρὸν
2476 1778 2555 1849 τῷ
2582 1780 2855 1853 φιλοσόφῳ
2884 1784 2975 1836 τὸν
3005 1785 3211 1857 κόσμον
3244 1788 3437 1843 τοῦτον
3497 1786 3577 1843 εἷο·

1893 1885 1982 1923 ναι
2016 1873 2272 1943 νομίζων.
2316 1875 2476 1928 Ἀλλά
2498 1876 2670 1929 ταῦτα
2696 1878 2794 1947 μὲν
2823 1878 2900 1944 ὡς
2932 1881 3070 1951 πρὸς
3098 1881 3329 1937 ἄπιστον
3350 1884 3576 1951 δικαίως

1892 1966 1959 2020 ἄν
2009 1984 2095 2031 τις
2140 1968 2305 2031 εἴποι,
2340 1971 2538 2040 μᾶλλον
2563 1972 2620 2026 δέ
2653 1973 2905 2045 καὶπρὸς
2938 1978 3152 2033 πιστόν.
3183 1981 3308 2045 Πῶς
3336 1981 3446 2053 γάρ
3472 1984 3573 2038 οὐκ

1893 2062 2117 2130 ἄτοπον,
2147 2067 2277 2123 ὅταν
2302 2069 2350 2121 οί
2383 2070 2481 2139 μὲν
2512 2070 2610 2141 τὴν
2635 2069 2786 2143 παρὰ
2814 2073 2924 2125 τῶν
2950 2074 3164 2129 πολλῶν
3196 2076 3356 2143 δόξαν
3397 2079 3574 2150 θηρώ-

1897 2178 2068 2232 μενοι,
2107 2164 2201 2216 καὶ
2230 2164 2352 2217 οὐδὲ
2394 2163 2619 2221 ἀλλοοεν
2650 2166 2886 2236 φανῆναι
2918 2168 3227 2241 δυνάμενοι,
3261 2171 3375 2225 ἀλλ’
3404 2173 3436 2244 ἢ
3466 2175 3574 2228 ἀπὸ

1891 2256 1993 2326 τῆς
2012 2257 2211 2325 ἔξωθεν
2244 2260 2456 2329 σοφίας,
2486 2261 2651 2334 μηδὲν
2686 2264 2856 2335 αὐτὴν
2890 2260 3029 2319 εἶναι
3071 2268 3388 2338 νομίζωσιν.
3414 2270 3574 2338 ἡμεῖς

1891 2351 1947 2405 δέ
1976 2351 2119 2407 οῦτω
2179 2353 2550 2426 θαυμάζωμεν
2580 2358 2676 2411 καὶ
2716 2358 3172 2431 ἐκπληττώμεθα,
3219 2361 3295 2427 ὡς
3343 2363 3574 2417 καὶτῶν

1893 2449 2335 2523 ἀναγκαιοτάτων
2363 2450 2452 2505 διά
2474 2451 2679 2523 ταύτην
2703 2458 3102 2527 καταφρονεῖν;

1965 2547 2051 2599 ιϐ’.
2088 2546 2230 2619 Πρὸς
2266 2546 2362 2619 μὲν
2385 2543 2478 2603 οὖν
2495 2549 2585 2603 τὸν
2615 2550 2843 2604 ἄπιστον
2862 2552 3032 2606 ταῦτα
3051 2554 3230 2624 ἀρκεῖ,
3265 2557 3397 2626 πρὸς
3410 2555 3466 2608 δέ
3482 2556 3574 2610 τὸν

1893 2642 2081 2697 πιστὸν
2115 2644 2211 2696 καὶ
2252 2642 2427 2699 ταῦτα
2470 2645 2562 2698 καὶ
2593 2644 2662 2698 τά
2692 2647 2821 2716 παρ’
2844 2648 2973 2717 ἡμῖν
3001 2646 3372 2719 ὑποδείγματα
3405 2651 3573 2719 ἀναγ-

1892 2742 2046 2793 καῖον
2070 2740 2360 2811 παράγειν.
2397 2740 2532 2793 Ποῖα
2559 2739 2624 2812 δὴ
2650 2740 2854 2806 ταῦτα;
2890 2742 3030 2805 Τοὺς
3060 2742 3331 2812 μεγάλους
3374 2744 3573 2815 ἄνδρας

1893 2835 1986 2888 καὶ
2003 2836 2191 2905 ἁγίους
2214 2837 2478 2903 ἐκείνους,
2494 2838 2620 2901 τοὺς
2638 2835 2909 2908 πρώτους,
2932 2839 3021 2891 ὅτε
3037 2838 3343 2910 γράμματα
3360 2840 3462 2894 οὐκ
3482 2837 3572 2910 ἦν,

1892 2934 2018 2997 τοὺς
2052 2936 2170 3005 μετ’
2199 2935 2460 2998 ἐκείνους,
2492 2935 2581 2988 ὅτε
2627 2936 2931 3006 γράμματα
2964 2935 3064 3005 μέν
3083 2931 3172 3007 ἦν,
3223 2937 3487 3007 ἐμπειρία
3514 2938 3572 2990 δὲ

1892 3029 2065 3096 λόγων
2089 3031 2301 3083 οὐδέπω
2342 3031 2468 3093 τοὺς
2503 3031 2641 3102 μετά
2663 3031 2908 3094 τούτους,
2939 3032 3026 3085 ὅτε
3052 3032 3146 3085 καὶ
3174 3033 3478 3104 γράμματα
3502 3030 3571 3104 ἦν

1894 3127 1987 3179 καὶ
2009 3125 2271 3196 ἐμπειρία
2291 3125 2483 3193 λόγων.
2537 3128 2888 3198 ’Λμφοτέρων
2918 3127 2976 3180 δὲ
3013 3122 3154 3198 ἦσαν
3187 3128 3305 3180 τότε
3349 3130 3569 3202 ἄπειροι

1893 3224 2088 3276 ἐκεῖνοι
2107 3239 2121 3252 ⁸
2157 3223 2217 3275 οὐ
2249 3222 2406 3292 μόνον
2435 3223 2543 3294 γὰρ
2572 3227 2670 3294 τῆς
2711 3222 2820 3275 τῶν
2849 3222 3022 3291 λόγων
3059 3223 3415 3289 παιδεύσεως,
3434 3225 3571 3279 ἀλλὰ

1892 3319 1987 3371 καὶ
2006 3319 2176 3389 αὐτῆς
2204 3319 2300 3389 τῆς
2326 3318 2435 3372 τῶν
2457 3319 2799 3389 γραμμάτων
2857 3317 3149 3388 ἐμπειρίας
3202 3319 3361 3383 ἐκτὸς
3391 3316 3530 3391 ἦσαν
3552 3339 3566 3352 ο

1894 3412 2008 3467 ἀλλ’
2038 3413 2190 3484 ὅμως
2235 3414 2292 3465 ἐν
2322 3413 2505 3475 αὐτοῖς
2533 3411 2764 3474 τούτοις.
2793 3405 2874 3475 οἷς
2898 3412 3134 3482 μάλιστα
3168 3415 3202 3485 ἡ
3236 3413 3346 3467 τῶν
3395 3416 3571 3485 λόγων

1896 3508 2053 3580 ἰσχὺς
2089 3508 2363 3577 ἀναγκαία
2380 3504 2516 3562 εἶναι
2548 3507 2714 3571 δοκεῖ,
2755 3507 2894 3578 μετά
2943 3508 3214 3583 τοσαύτης
3252 3516 3569 3585 περιουσίας

1890 3606 2018 3669 τοὺς
2037 3606 2094 3659 ἐν
2127 3606 2264 3676 αὐτῇ
2283 3604 2619 3677 κρατοῦντας
2639 3605 2980 3677 παρήλασαν,
2999 3608 3074 3672 ὡς
3094 3609 3299 3664 παίδων
3328 3613 3570 3683 ἀνοήτων

1892 3700 2088 3765 αὐτοὺς
2117 3701 2349 3772 φανῆναι
2366 3700 2788 3773 χείρους.’”υταν
2804 3701 2913 3773 γάρ
2933 3701 2993 3756 τὸ
3022 3703 3228 3759 πείθειν
3258 3706 3316 3759 ἐν
3346 3710 3454 3771 τοῖς
3479 3708 3567 3761 λό-

1891 3819 2009 3871 γοις
2130 3801 2223 3854 καὶ
2238 3802 2288 3855 οί
2319 3801 2417 3873 μὲν
2447 3800 2725 3871 φιλόσοφοι
2767 3802 2901 3873 μηδέ
2938 3802 3057 3866 ἐνὸς
3086 3805 3454 3873 περιγίνονται
3477 3824 3569 3860 τυ-

1896 3896 2110 3967 ράννου,
2139 3898 2185 3950 οἱ
2235 3896 2291 3951 δέ
2336 3898 2691 3968 ἀγράμματοι
2739 3898 2835 3950 καὶ
2864 3896 3069 3951 ἰδιῶται
3101 3899 3200 3969 τὴν
3243 3900 3567 3972 οἰκουμένην

1893 3991 2294 4063 ἐπιστρέφουσιν
2332 3990 2574 4056 ἅπασαν,
2607 3990 2830 4061 εὔδηλον
2859 3993 2940 4045 ὅτι
2971 3992 3123 4062 παρᾶ
3155 3992 3368 4056 τούτοις
3395 3994 3463 4047 τά
3491 4013 3568 4047 νι-

1892 4088 2131 4158 κητήρια
2161 4086 2261 4149 τῆς
2286 4085 2477 4155 σοφίας
2492 4087 2626 4149 ἐστὶν
2655 4088 2766 4151 τοῖς
2782 4087 3165 4159 ἀγραμμάτοις
3188 4088 3284 4142 καὶ
3306 4087 3565 4153 ἰδιώταις,

1890 4184 1951 4236 ού
1976 4183 2105 4253 παρ’
2122 4181 2350 4244 ἐκείνοις
2363 4183 2478 4244 τοῖς
2495 4181 2563 4235 τὰ
2589 4182 2825 4254 ἑκάτερα
2846 4182 3290 4255 διηκριϐωκόσιν.
3323 4182 3509 4247 Οῦτως
3530 4185 3564 4254 ἡ

1890 4276 2059 4338 ὅντως
2097 4274 2257 4343 σοφία
2301 4275 2394 4327 καὶ
2418 4274 2451 4344 ή
2480 4275 2648 4339 ὅντως
2679 4277 2963 4340 παίδευσις
2987 4277 3141 4331 οὐδὲν
3177 4277 3364 4348 ἕτερόν
3392 4280 3561 4343 ἐστιν,

1891 4371 2007 4427 ἀλλ’
2036 4371 2068 4444 ἢ
2099 4374 2127 4427 ό
2154 4372 2247 4425 τοῦ
2275 4371 2408 4425 Θεοῦ
2441 4371 2620 4440 φόϐος.
2646 4373 2755 4425 Kal
2780 4373 2852 4444 μή
2888 4374 2954 4442 μέ
2973 4392 3057 4437 τις
3094 4375 3368 4444 νομιζέτω
3399 4391 3563 4445 νομο-

1891 4466 2066 4520 θετεῖν
2110 4465 2342 4537 ἀμαθεῖς
2374 4466 2501 4528 τοὺς
2541 4465 2734 4528 παῖδας
2772 4466 3016 4535 γίνεσθαι
3039 4484 3052 4497 ·
3086 4467 3202 4520 ἀλλ’
3237 4469 3388 4529 εἴτις
3422 4468 3561 4540 ύπέρ

1888 4563 1996 4617 τῶν
2007 4563 2320 4632 ἀναγκαίων
2351 4562 2578 4633 παρέχοι
2606 4560 2848 4632 θαρρεῖν.
2876 4561 2976 4613 οὐκ
2990 4561 3055 4614 ἂν
3077 4560 3301 4631 ἐλοίμην
3321 4559 3560 4616 κωλῦσαι

1890 4659 1985 4712 καὶ
2001 4658 2161 4713 τοῦτο
2180 4661 2244 4712 ἐκ
2256 4658 2570 4729 περιουσίας
2586 4656 2858 4725 γενέσθαι.
2882 4657 3094 4726 ’Ὥσπερ
3113 4655 3243 4728 γὰρ,
3271 4655 3380 4710 τῶν
3400 4655 3560 4728 θεμε-

1887 4754 2018 4809 λίων
2051 4753 2445 4824 σαλευομένων,
2480 4753 2574 4807 καὶ
2603 4752 2782 4822 πάσης
2797 4752 2896 4822 τῆς
2916 4750 3093 4814 οἰκίας
3121 4751 3216 4805 καὶ
3240 4751 3338 4822 τῆς
3356 4750 3557 4805 οἰκοδοα

1891 4851 1997 4922 μῆς
2030 4848 2444 4919 κινδυνευούσης
2505 4849 2835 4902 καταπεσεῖν
2854 4888 2867 4909 ,
2917 4847 3151 4918 ἐσχάτης
3216 4846 3402 4911 ἀνοίας
3461 4847 3558 4902 καὶ

1888 4944 2273 5015 παραπληξίας
2308 4944 2427 4998 ἐστὶ
2459 4942 2596 5014 πρὸς
2632 4944 2757 5007 τοὺς
2797 4943 3111 5009 κονιῶντας,
3143 4942 3276 4996 ἀλλά
3312 4942 3386 5015 μὴ
3419 4942 3557 5015 πρὸς

1883 5041 2010 5103 τοὺς
2030 5039 2444 5111 οίκοδομοῦντας
2470 5038 2704 5111 τρέχεινο
2735 5037 2880 5094 οὕτω
2900 5039 3060 5095 πάλιν
3082 5038 3309 5110 ἀκαίρου
3331 5038 3556 5110 φιλονειο

1886 5128 2030 5191 κίας,
2049 5128 2157 5180 τῶν
2173 5127 2367 5198 τοίχων
2390 5125 2639 5181 ἑστώτων
2655 5126 2909 5197 ἀσφαλῶς
2936 5127 3027 5180 καὶ
3044 5126 3292 5197 βεϐαίως,
3319 5126 3553 5181 κωλύειν

1883 5213 1976 5267 τὸν
2005 5211 2160 5283 βουλό
2167 5229 2324 5283 μενον
2354 5215 2560 5284 κονιᾷν.

1957 5297 2074 5373 [97]
2132 5299 2243 5354 Kal
2298 5299 2380 5355 ὅτι
2429 5299 2601 5354 ταῦτα
2661 5300 2769 5354 ἀπὸ
2804 5299 2983 5371 ψυχῆς
3025 5299 3196 5368 λέγω,
3256 5301 3400 5373 ὅπερ
3456 5301 3549 5355 ἐπὶ

1881 5384 1995 5440 τῶν
2034 5385 2211 5457 ἔργων
2251 5386 2632 5458 ἐπεδειξάμην,
2687 5387 2860 5442 ταῦτα
2901 5388 3028 5458 ὑμῖν
3066 5388 3396 5460 διηγήσομαι
3456 5390 3550 5443 καὶ

1884 5471 2003 5527 νῦν.
2041 5472 2180 5538 Νέος
2243 5490 2328 5538 τις
2366 5474 2563 5545 κομιδῇ
2606 5473 2856 5538 πλούσιος
2921 5474 2998 5530 ὣν
3054 5477 3368 5547 ἐπεδήμησέ
3419 5493 3550 5530 ποτε

1883 5562 1950 5632 τῇ
2008 5559 2160 5614 πόλει
2191 5563 2259 5631 τῇ
2290 5562 2538 5633 ἡμετέρᾳ
2590 5563 2731 5617 κατά
2791 5562 2967 5632 λόγων
3023 5564 3305 5620 παίδευσιν
3357 5563 3549 5618 ἐκατέ-

1886 5664 2009 5719 ραν,
2064 5648 2165 5717 τήν
2212 5664 2274 5703 τε
2339 5649 2557 5702 Ἰταλῶν
2600 5650 2699 5722 τήν
2748 5667 2806 5703 τε
2839 5650 3126 5721 Ἑλλήνων.
3159 5648 3326 5716 οὗτος
3371 5653 3402 5702 ό
3430 5649 3548 5713 νέος

1885 5731 2028 5807 εἶχεν
2057 5736 2453 5791 ἀκολουθοῦντα
2491 5736 2857 5806 παιδαγωγὸν,
2887 5737 2945 5791 ιν
2983 5737 3141 5808 ἐργον
3164 5739 3353 5809 ἔχοντα
3380 5737 3550 5808 μόνον

1946 5858 1976 5899 ἀ
1998 5856 2107 5908 Duo
2130 5871 2243 5909 mss.
2272 5861 2514 5924 φιλοσόφῳ
2539 5862 2622 5922 μὲν
2643 5863 2771 5916 ἀξιον
2790 5865 2821 5921 ἡ
2840 5862 3115 5923 εύγλωττία.
