4124 6144
573 393 917 450 διαπλάττειν
952 393 1117 449 αὐτοῦ
1173 393 1271 465 τήν
1315 393 1513 465 ψυχήν.
1565 394 1754 466 Τούτῳ
1788 391 2102 465 προσελθὼν
2142 392 2252 461 ἐγὼ

576 477 657 550 τῷ
687 478 1022 549 παιδαγωγῷ
1057 477 1304 548 (καὶγὰρ
1326 477 1436 530 τῶν
1467 479 1524 529 ἐν
1561 477 1715 547 δρεσι
1748 473 2073 545 καθημένων
2095 473 2254 542 ἐτύγ-

582 580 746 632 χανεν
789 562 909 625 ὢν),
946 559 1047 632 τὴν
1098 560 1368 632 πρόφασιν
1414 562 1732 633 ἐπεχείρουν
1774 559 2064 631 μανθάνειν
2088 558 2156 613 δι’
2185 558 2254 630 ήν

577 645 833 716 τοιαύτης
867 644 1269 715 ἐπειλημμένος
1307 643 1497 713 σοφίας
1531 645 1611 709 είς
1636 642 1727 698 τὸν
1759 642 1867 697 τῶν
1888 641 2253 712 παιδαγωγῶν

581 726 695 799 βίον
719 728 956 797 καθῆκεν
977 727 1186 781 ἐαυτόν.
1227 729 1290 781 'O
1320 727 1376 780 δέ
1410 724 1606 797 μικρὸν
1641 725 1843 795 ἐφησεν
1875 724 2050 795 ἐαυτῷ
2070 723 2254 777 λείπε-

580 810 708 864 σθαι
753 812 941 883 χρόνον
976 812 1034 863 ἐν
1060 810 1252 878 τούτῳ,
1292 810 1389 864 καὶ
1418 810 1481 863 τδ
1516 810 1625 863 πᾶν
1652 809 1785 879 ἡμῖν
1815 806 2022 863 ἀνωθεν
2059 807 2254 878 διηγή-

582 911 732 948 σατο.
756 894 848 965 Τῷ
874 895 985 967 γὰρ
1006 894 1204 966 παιδίῳ
1226 894 1424 964 τούτῳ,
1450 894 1608 964 φησὶ,
1630 892 1814 964 πατὴρ
1836 891 1938 962 μέν
1955 892 2072 944 ἐστι
2096 891 2257 962 σκλη-

583 978 676 1049 ρδς
717 979 814 1033 καὶ
840 980 1071 1051 τραχὺς,
1106 979 1199 1032 καὶ
1224 978 1357 1051 πρὸς
1382 978 1451 1032 τὰ
1475 977 1707 1045 βιωτικὰ
1732 979 2036 1049 πράγματα
2056 976 2258 1045 ἐπτοη-

583 1062 769 1132 μένος,
821 1068 1003 1136 μήτηρ
1046 1064 1103 1116 δὲ
1139 1062 1335 1133 μετρία
1364 1062 1459 1116 καὶ
1489 1061 1721 1135 σώφρων
1746 1063 1841 1114 καὶ
1868 1057 2138 1129 ἐπιεικής,
2158 1056 2255 1111 καὶ

577 1146 715 1218 πρὸς
731 1147 822 1202 τὸν
846 1146 1073 1219 οὐρανὸν
1104 1145 1374 1217 βλέπουσα
1407 1144 1587 1216 μόνον.
1617 1145 1854 1207 Ἐκεῖνος
1875 1142 1977 1215 μέν
2013 1138 2128 1205 οῦν,
2158 1141 2254 1194 ἆτε

577 1235 673 1291 καὶ
701 1233 758 1285 ἐν
787 1229 1045 1301 πολέμοις
1077 1228 1248 1283 πολλά
1277 1226 1681 1300 κατωρθωκὼς,
1713 1226 1961 1297 βούλεται
2008 1227 2100 1279 τὸν
2138 1225 2254 1278 υίδν

577 1321 671 1375 ἐπὶ
708 1317 807 1389 τὴν
838 1314 1098 1386 πατρῴαν
1121 1313 1276 1378 τάξιν
1305 1314 1554 1382 ἀγαγεῖν,
1579 1314 1613 1383 ή
1643 1312 1702 1366 δὲ
1734 1312 1916 1383 μήτηρ
1947 1310 2118 1364 ταῦτα
2155 1310 2253 1381 μὲν

1354 277 1410 334 s.
1449 276 1736 351 JOANNIS
1771 274 2242 333 cumsosrou

2344 275 2630 338 MCIIIEP.
2663 277 3213 337 CONSTANTINOP.

3887 292 3973 348 570

2358 392 2463 463 τὴν
2493 392 2609 477 μὲν
2628 393 2924 477 ἐπιθυμίαν
2950 395 3064 477 τῆς
3091 397 3407 467 φιλοσοφίας
3440 398 3640 471 ταύτης
3671 402 3700 443 δ
3737 403 3876 459 εἴασα
3896 409 3974 477 μί.

2360 481 2496 539 νειν,
2530 476 2625 530 καὶ
2653 475 2905 530 ἐπέτεινα
2943 475 2999 529 δὲ
3032 477 3212 543 πλέον,
3233 480 3332 550 τὴν
3360 480 3415 533 δέ
3445 481 3598 535 πόλιν
3623 484 3781 538 οἰκεῖν
3802 475 3973 556 ἠξίουν,

2358 560 2456 613 καὶ
2484 559 2586 629 τῆς
2610 559 2718 614 τῶν
2745 559 2919 629 λόγων
2942 561 3160 630 ἔχεσθαι
3195 564 3428 633 σπουδῆς
3445 582 3457 595 ·
3490 565 3629 618 οὕτω
3655 567 3756 639 7&9
3775 570 3858 623 καὶ
3875 572 3975 635 τοὺς

2357 643 2652 715 ἡλικιώτας
2673 644 2973 715 ὠφελήσειν
2991 644 3061 698 τὰ
3081 646 3335 715 μέγιστα,
3360 649 3452 701 καὶ
3473 648 3563 701 τὸν
3585 649 3785 719 πατέρα
3801 650 3973 721 λήσειν.

2368 728 2691 796 Ἀναγκαῖον
2745 728 2803 781 δὲ
2845 726 3004 781 τοῦτο
3054 723 3193 781 εἶναι
3250 727 3516 799 ἐνόμιζον,
3580 731 3640 783 ού
3683 733 3784 786 τῶν
3835 735 3974 803 ἁγίων

2360 810 2518 880 μόνον
2565 811 2749 866 ἐνεκεν
2776 811 3020 873 ἐκείνων,
3045 812 3167 865 οὑδέ
3193 811 3291 881 τῆς
3325 813 3547 884 μητρὸς,
3582 814 3702 869 οὐδὲ
3731 816 3819 871 τοῦ
3848 821 3974 873 παιδ-

2357 893 2577 963 αγωγοῦ
2606 936 2618 958 ,
2674 894 2811 947 ἀλλά
2860 894 2955 948 καὶ
3006 894 3171 949 αὐτοῦ
3227 894 3320 948 τοῦ
3371 895 3574 961 παιδός.
3628 898 3713 950 Ἐν
3741 900 3867 971 ἀρχῇ
3899 902 3973 971 μὲν

2355 977 2467 1049 γὰρ
2496 974 2820 1048 ἐπιθέμενον
2870 975 3019 1048 αὐτῷ
3064 988 3087 1017 ο
3128 976 3231 1031 τὸν
3268 978 3498 1050 πατέρα,
3552 979 3645 1033 καὶ
3685 979 3973 1037 διασαλεύειν

2356 1058 2504 1122 εἰκὸς
2530 1054 2599 1129 ἦν
2625 1058 2695 1111 τά
2722 1059 2820 1129 τῆς
2851 1058 3170 1130 φιλοσοφίας
3214 1059 3378 1131 φυτά,
3423 1061 3608 1115 ἀπαλά
3650 1079 3707 1115 τε
3749 1062 3865 1117 ὄντα
3900 1067 3973 1120 καί

2355 1142 2481 1214 ἄρτι
2512 1141 2734 1196 τεθέντα
2754 1159 2770 1174 ο
2800 1144 2848 1196 εί
2879 1142 2935 1196 δὲ
2962 1144 3155 1214 χρόνος
3179 1145 3471 1214 ἐγγένηται
3508 1144 3690 1209 πολὺς.
3733 1147 3821 1200 καὶ
3845 1147 3972 1219 ῥιζωο

2356 1225 2478 1298 θείη
2530 1227 2734 1291 καλῶς,
2778 1229 2986 1301 σφόδρα
3023 1228 3291 1300 ἐθάρρουν
3331 1229 3414 1282 δτι
3455 1228 3555 1282 οὐκ
3592 1228 3657 1282 ἂν
3696 1229 3794 1283 οὐδ’
3830 1231 3971 1284 ἀξιοῦν

2353 1311 2579 1380 γένηται
2613 1310 2902 1381 δυνήσεται
2945 1311 3301 1383 παραϐλάψαι
3350 1311 3446 1365 τὸν
3489 1311 3602 1365 υἱὸν
3634 1312 3853 1377 ἐκεῖνος·
3879 1312 3971 1385 δδή

571 1404 700 1458 οὔτε
718 1396 1418 1496 βούλεται,οῦτεῆἐπιθυμεῖ,
1438 1395 1574 1496 ἀλλά
1587 1395 1683 1449 καὶ
1710 1394 1914 1496 σφόδρα
1929 1392 2313 1496 ἀπεύχεται·(-
2353 1395 2446 1447 καὶ
2467 1394 2685 1496 :7é7ov’c,
2717 1396 2828 1489 ’καὶ
2857 1396 3261 1496 ούρδιήμαρτον
3305 1396 3410 1465 τῆς
3465 1394 3696 1496 ἐλπίδος.
3742 1396 3971 1496 ’θξὶτὰρ

575 1486 794 1557 εὔχεται
818 1483 877 1537 δέ
909 1483 1003 1536 καὶ
1027 1480 1287 1551 ἐπιθυμεῖ
1317 1480 1571 1553 λαμπρὸν
1611 1480 1773 1533 αὐτὸν
1804 1480 1933 1533 ίδεῖν
1952 1480 2021 1531 ἐνι
2043 1480 2112 1548 τῇ
2141 1477 2293 1529 τῶνκ
2350 1478 2533 1548 πατὴρ
2579 1478 2746 1531 αὐτοῦ
2781 1478 3105 1549 προσϐαλὼν
3150 1478 3378 1553 ὕστερον
3423 1478 3619 1550 χρόνου
3668 1478 3971 1550 παρελθόντος

578 1568 830 1640 μοναχῶν
855 1566 1121 1638 πολιτείᾳ.
1150 1565 1311 1619 Ἀλλά
1330 1565 1501 1618 ταῦτα
1521 1564 1621 1635 μὲν
1649 1564 1789 1634 πρὸς
1813 1563 1906 1617 τὸν
1938 1561 2150 1632 πατέρα
2173 1562 2253 1615 εί-

574 1658 698 1708 πεῖν
720 1655 822 1709 οὐκ
854 1652 1152 1722 ἐτόλμησεν
1171 1667 1185 1681 ο
1214 1649 1469 1703 ἐδεδοίκει
1498 1647 1608 1718 γὰρ
1648 1648 1722 1718 μή
1761 1663 1893 1700 ποτε
1931 1645 2064 1699 αὐτὸ
2090 1642 2251 1697 τοῦτο

573 1737 925 1808 ὑφορώμενος
946 1735 1172 1797 ἐκεῖνος,
1203 1730 1313 1803 πρὸ
1340 1730 1488 1801 ὥρας
1512 1730 1672 1784 αὐτὸν
1697 1729 1797 1800 ήδη
1829 1728 2108 1800 καταδήσῃ
2136 1730 2250 1793 τοῖς

572 1820 666 1874 τοῦ
718 1820 836 1890 βίου
891 1817 1165 1889 σχοινίοις,
1210 1816 1307 1870 καὶ
1353 1814 1558 1886 ταύτης
1602 1813 1765 1867 αὐτὸν
1800 1812 2118 1882 ἀποστήσας
2149 1812 2249 1884 τῆς

574 1903 831 1973 σπουδῆς,
865 1902 958 1955 ἐπὶ
991 1901 1090 1971 τὴν
1120 1898 1298 1970 ζώνην
1324 1898 1544 1968 ἀγάγοι,
1576 1897 1673 1951 καὶ
1703 1896 1803 1968 τὴν
1830 1896 1889 1963 ἐξ
1914 1895 2132 1967 ἐκείνης
2159 1898 2251 1969 ρᾳ-

573 1985 637 2039 θυ
646 1984 775 2056 μίαν
802 1985 1045 2055 ἃπασαν,
1067 1984 1164 2036 καλ⁸
1189 1980 1448 2036 ἀδύνατον
1472 1977 1623 2050 αὐτῷ
1647 1979 1748 2049 τήν
1783 1979 1921 2051 μετά
1949 1978 2123 2033 ταῦτα
2147 1996 2248 2033 κα-

569 2066 1220 2139 τασκευάσῃ⁶διόρθωσιν.
1260 2064 1486 2136 Ἑτέραν
1512 2062 1572 2117 δέ
1599 2078 1721 2117 τινα
1751 2062 2033 2133 συντίθησι
2066 2080 2247 2134 μηχα-

570 2151 669 2222 νήν
691 2166 707 2181 °
760 2149 1041 2204 καλέσασα
1095 2147 1204 2219 γάρ
1252 2164 1321 2218 με
1372 2146 1533 2211 οἴκοι,
1569 2146 1666 2199 καὶ
1704 2144 1877 2199 ταῦτα
1917 2145 2095 2198 πάντα
2128 2161 2247 2197 κοι-

571 2232 885 2303 νωσαμένη.
920 2231 1016 2286 καὶ
1057 2230 1152 2284 τοῦ
1195 2229 1413 2285 παιδίου
1462 2228 1704 2282 λαϐοῦσα
1741 2227 1840 2299 τήν
1883 2226 2086 2294 δεξιὰν,
2126 2228 2248 2291 ταῖς

571 2317 731 2387 ἐμαῖς
759 2314 1002 2386 ἐντίθησι
1026 2313 1233 2387 χερσίν.
1275 2314 1365 2378 Ὠς
1389 2312 1447 2366 δέ
1483 2310 1712 2385 ἠρώτων
1734 2310 1878 2373 τίνος
1905 2310 2092 2364 ἐνεκεν
2114 2308 2249 2363 ταῦ-

570 2419 639 2455 τα
677 2401 837 2464 ποιεῖ,
888 2400 1018 2471 μίαν
1063 2398 1268 2471 ταύτην
1321 2398 1507 2468 ἔλεγεν
1561 2393 1946 2450 ὑπολείπεσθαι
1999 2393 2248 2464 μηχανήν

570 2486 703 2556 ἡμῖν
745 2486 882 2555 πρὸς
908 2485 1008 2555 τὴν
1040 2481 1132 2537 τοῦ
1161 2482 1352 2546 παιδὸς
1382 2480 1678 2553 σωτηρίαν,
1729 2481 1778 2532 εί
1819 2477 2139 2548 βουληθείην
2186 2494 2245 2530 τε

570 2568 666 2622 καὶ
700 2567 1035 2638 ἀνασχοίμην
1056 2567 1113 2620 ἐν
1156 2564 1308 2631 τάξει
1340 2561 1691 2632 παιδαγωγοῦ
1719 2563 1781 2616 τὸ
1820 2562 2033 2616 παιδίον
2063 2559 2246 2616 λαϐὼν

570 2650 744 2704 ἐλθεῖν
772 2649 984 2703 ἐνθάδε·
1015 2649 1225 2701 πείσειν
1254 2647 1364 2718 γὰρ
1405 2646 1576 2717 αὐτὴν
1615 2646 1708 2699 τὸν
1760 2646 1996 2717 πατέρα,
2040 2645 2117 2709 ὼς
2148 2644 2245 2699 καὶ

568 2732 661 2786 τὸν
711 2731 1100 2803 στρατιωτικὸν
1141 2729 1380 2800 ἐλομένῳ
1407 2728 1520 2799 βίον
1544 2729 1813 2799 χρήσιμος
1844 2726 1995 2797 αὐτῷ
2021 2727 2131 2780 τῶν
2153 2726 2244 2780 λό-

569 2831 684 2884 γων
718 2806 1091 2884 ήπαίδευσις.
1127 2812 1223 2865 ’Ἂν
1255 2807 1349 2866 οῦν
1384 2810 1543 2865 τοῦτο
1574 2810 1790 2882 ἰσχῦσαι
1818 2808 2053 2880 δυνηθῶ,
2086 2807 2242 2880 φησὶ,

569 2896 884 2967 καταμόνας
922 2895 1086 2948 αὐτὸν
1116 2894 1256 2966 ἔχων
1286 2895 1473 2949 λοιπὸν
1515 2894 1609 2948 ἐπὶ
1640 2894 1743 2963 τῆς
1778 2892 2085 2964 ἀλλοτρίας,
2117 2892 2243 2946 οὕτε

569 2978 668 3032 τοῦ
700 2977 905 3051 πατρὸς
940 2976 1303 3048 ἐνοχλοῦντος,
1354 2977 1477 3031 οὔτε
1512 2976 1622 3031 τῶν
1662 2976 1879 3031 οἰκείων
1907 2977 2072 3041 τινὸς,
2103 2978 2245 3049 μετὰ

572 3061 772 3133 πολλῆς
833 3060 993 3115 αὑτὸν
1030 3064 1129 3132 τῆς
1188 3061 1435 3126 ἐξουσίας
1501 3059 1795 3116 διαπλάσαι
1852 3060 2093 3133 δυνήσῃ,
2147 3061 2243 3115 καὶ

572 3145 827 3216 καθάπερ
862 3147 919 3198 ἐν
963 3145 1314 3217 μοναστηρίῳ
1344 3144 1633 3213 διάγοντα,
1677 3143 1819 3198 οὕτω
1850 3146 2075 3217 ποιῆσαι
2119 3144 2240 3219 ζῇν.

583 3229 723 3283 Ἀλλ’
752 3230 1034 3283 ἐπίνευσον
1055 3229 1148 3283 καὶ
1177 3229 1412 3298 ὑπόσχου
1440 3228 1503 3282 τὸ
1534 3229 2028 3301 συνυποκρίνασθαί
2057 3247 2147 3302 μοι
2180 3229 2243 3285 τὸ

570 3314 769 3383 δρᾶμα.
797 3312 912 3366 Ούκ
930 3311 1077 3365 ἔστιν
1103 3311 1244 3385 ὑπὲρ
1263 3311 1369 3364 τῶν
1393 3311 1663 3381 τυχόντων
1685 3313 1715 3366 6
1742 3310 1899 3381 λόγος
1921 3313 2042 3383 ἐμοί
2059 3328 2072 3342 ·
2100 3313 2243 3385 ὑπὲρ

568 3397 670 3468 τῆς
698 3394 793 3449 τοῦ
831 3395 1044 3448 παιδίου
1082 3412 1183 3465 μου
1212 3394 1391 3465 ψυχῆς
1419 3394 1448 3448 ό
1474 3394 1624 3462 ἀγὼν
1659 3394 1754 3448 καὶ
1787 3396 1816 3449 6
1855 3396 2118 3461 κίνδυνος.
2149 3399 2241 3472 Μή

569 3480 636 3552 δή
680 3478 927 3551 περιίδῃς
978 3478 1070 3531 τὸν
1111 3477 1329 3533 πάντων
1375 3479 1500 3548 ἐμοὶ
1541 3478 1795 3548 φίλτατον
1841 3479 2239 3548 κινδυνεύοντα,

570 3564 685 3617 ἀλλ’
712 3563 1017 3636 ἐξάρπασον
1056 3561 1220 3616 αὐτὸν
1254 3561 1356 3633 ήδη
1387 3560 1496 3615 τῶν
1537 3561 1802 3616 πάντοθεν
1843 3564 2242 3635 περικειμένων

573 3647 721 3718 αὐτῷ
746 3646 957 3714 παγῶν,
987 3645 1088 3714 τῆς
1126 3643 1314 3716 ζάλης,
1350 3643 1445 3698 τοῦ
1487 3644 1799 3699 κλυδωνίου.
1844 3648 1907 3700 Εί
1941 3646 1996 3701 δὲ
2037 3648 2101 3702 ού
2147 3647 2239 3702 θέ-

570 3733 683 3797 λεις
726 3731 908 3785 δοῦναι
931 3729 1030 3801 τήν
1058 3730 1238 3800 χάριν,
1279 3727 1368 3782 τὸν
1401 3727 1533 3781 Θεὸν
1558 3728 1660 3798 ήδη
1688 3727 1839 3782 καλῶ
1872 3730 2035 3800 μέσον
2058 3731 2238 3803 ήμῶν,

571 3817 665 3872 καὶ
705 3811 1055 3886 μαρτύρομαι
1079 3813 1159 3865 ὅτι
1193 3809 1305 3880 ἐγὼ
1338 3809 1436 3881 μὲν
1463 3809 1613 3864 οὐδὲν
1635 3811 1880 3865 ἐνέλιπον
1897 3812 2005 3867 τῶν
2034 3816 2115 3878 εἰς
2138 3815 2240 3885 τήν

574 3898 844 3970 σωτηρίαν
881 3895 980 3967 τῆς
1010 3894 1200 3948 τούτου
1241 3894 1419 3965 ψυχῆς
1445 3893 1708 3965 ἡκόντων,
1735 3894 1849 3948 ἀλλ’
1879 3896 1995 3967 εἰμὶ
2022 3897 2240 3969 καθαρά

570 3982 679 4035 ἀπὸ
713 3980 807 4034 τοῦ
843 3980 1072 4050 αἵματος
1102 3975 1197 4031 τοῦ
1229 3975 1439 4031 παιδίου
1466 3975 1686 4029 τούτοψ
1736 3978 1785 4029 εί
1822 3977 1879 4030 δὲ
1908 3980 2147 4051 συμϐαίη
2184 3997 2237 4034 τι

571 4065 760 4119 παθεῖν
787 4063 968 4127 αὐτὸν,
993 4058 1105 4116 οἷον
1132 4059 1278 4124 είκδς
1294 4060 1412 4114 νέον
1431 4059 1560 4114 δντα
1586 4061 1679 4114 καὶ
1709 4062 1768 4115 ἐν
1791 4062 2028 4136 τοσαύτῃ
2059 4063 2238 4126 ζῶντα

569 4151 750 4221 τρυφῇ
775 4148 867 4200 καὶ
899 4144 1159 4216 ῥᾳθυμίᾳ,
1183 4143 1292 4197 ἀπὸ
1324 4142 1418 4196 σοῦ
1453 4142 1549 4196 καὶ
1580 4142 1690 4196 τῶν
1723 4143 1832 4197 σῶν
1862 4146 2062 4217 χειρῶν
2094 4148 2238 4203 κατά

570 4232 668 4302 τὴν
695 4230 910 4301 ἡμέραν
949 4228 1164 4297 ἐκείνην
1206 4225 1495 4297 ἐκζητήσει
1529 4226 1622 4280 τοῦ
1659 4226 1873 4281 παιδίου
1918 4229 2109 4283 τούτου
2137 4230 2237 4304 τὴν

568 4315 747 4385 ψυχήν
774 4314 802 4366 6
836 4312 988 4376 Θεός.
1022 4310 1207 4364 Ταῦτα
1239 4311 1334 4364 καὶ
1355 4309 1425 4362 τὰ
1453 4309 1655 4364 τούτων
1691 4311 1912 4366 πλείονα
1937 4313 2238 4385 προσθεῖσα

571 4403 808 4472 ῥήματα,
841 4397 934 4449 καὶ
958 4392 1271 4466 δακρύσασα
1313 4392 1556 4465 σφοδρῶς
1587 4393 1681 4447 καὶ⁵
1713 4393 1981 4458 ἐλεεινῶς,
2019 4393 2237 4450 ἔπεισεν

567 4477 923 4548 ἀναδέξασθαί
986 4496 1054 4551 με
1110 4476 1314 4548 ταύτην
1359 4477 1455 4548 τὴν
1505 4476 1906 4549 πραγματείαν,
1950 4478 2045 4531 καλ⁶
2095 4479 2235 4550 μετά

565 4567 773 4622 τούτων
822 4562 1097 4633 ἐξέπεμψε
1159 4560 1267 4613 τῶν
1319 4559 1565 4616 ἐντολῶν.
1598 4562 1708 4614 Καὶ
1746 4560 1809 4613 ού
1841 4561 2066 4630 γέγονεν
2094 4564 2230 4635 αὐτῇ

570 4651 796 4723 μάταιος
825 4649 859 4718 ή
896 4646 1141 4717 μηχανή⁶
1186 4643 1299 4697 ἀλλ’
1354 4641 1527 4707 οῦτως
1582 4645 1641 4698 ἐν
1696 4644 1889 4716 βραχεῖ
1932 4643 2110 4717 χρόνῳ
2137 4644 2234 4697 τὸν

566 4735 686 4807 I98]
740 4732 904 4786 παῖδα
950 4728 1138 4783 τοῦτον
1184 4727 1214 4779 ό
1270 4729 1517 4796 γενναῖος
1573 4728 1778 4792 ἐκεῖνος
1843 4729 2074 4800 ήσκησε,
2138 4729 2235 4783 καὶ

564 4815 815 4871 τοσοῦτον
837 4811 985 4880 αὐτῷ
1012 4812 1111 4878 τῆς
1140 4808 1432 4880 ἐπιθυμίας
1459 4808 1660 4879 ταύτης
1701 4810 1873 4881 ἀνῆψε
1900 4809 1960 4865 τὸ
1997 4810 2129 4882 πῦρ,
2158 4810 2235 4872 ὼς

565 4898 761 4967 ἀθρόον
782 4896 998 4950 ἅπαντα
1022 4894 1193 4963 ῥῖψαι,
1220 4893 1312 4945 καὶ
1341 4894 1433 4945 ἐπὶ
1466 4892 1563 4963 τὴν
1598 4891 1803 4964 ἔρημον
1844 4893 2095 4965 δραμεῖν,
2136 4894 2233 4947 καὶ

566 4982 754 5051 ἐτέρου
787 4976 989 5031 δεῖσθαι
1014 4973 1228 5045 χαλινοῦ
1252 4975 1412 5028 πάλιν
1450 4975 1543 5028 τοῦ
1572 4975 1936 5047 δυνησομένου
1975 4978 2110 5049 πρὸς
2133 4977 2231 5049 τήν
2306 5025 2311 5029 .

568 5064 877 5133 σύμμετρον
909 5057 1068 5112 αὑτὸν
1106 5058 1338 5127 ἄσκησιν
1381 5057 1488 5110 ἀπὸ
1515 5058 1614 5129 τῆς
1645 5060 2039 5131 ἐπιτεταμένης
2067 5079 2232 5132 μετα-

567 5145 799 5217 στρέψαι
832 5155 857 5182 ι
899 5141 1131 5209 ἐκείνης.
1175 5140 1285 5193 Καὶ
1326 5139 1435 5209 γὰρ
1479 5136 1548 5212 ἦν
1602 5140 1739 5204 δέος,
1796 5141 1870 5211 μὴ
1921 5147 1986 5213 τῇ
2026 5144 2228 5216 σπουδῇ

563 5230 738 5302 ταύτῃ
772 5226 877 5299 πρὸ
904 5224 1094 5295 καιροῦ
1130 5224 1189 5277 τὸ
1219 5224 1402 5294 δρᾶμα
1436 5223 1810 5293 ἀποκαλύψας,
1839 5224 1932 5278 καὶ
1963 5228 2028 5297 τῇ
2062 5229 2231 5298 μητρὶ

565 5316 662 5373 καὶ
691 5312 771 5382 τῷ
794 5306 1147 5377 παιδαγωγῷ,
1190 5308 1283 5362 καὶ
1316 5309 1427 5371 τοῖς
1465 5306 1738 5377 πανταχοῦ
1780 5311 2029 5378 μοναχοῐς
2075 5310 2231 5364 πόλι-

570 5414 670 5471 μον
698 5394 887 5465 ἐγείρῃ
924 5390 1174 5463 χαλεπόν.
1214 5391 1277 5444 Ei
1309 5388 1419 5461 7&9
1454 5390 1649 5461 ᾔσθετο
1678 5389 1883 5461 ταύτης
1926 5391 2025 5462 τῆς
2053 5394 2231 5464 φυγῆς

564 5482 594 5534 6
632 5476 835 5549 πατὴρ,
876 5476 977 5529 οὐκ
1015 5474 1082 5528 ἂν
1114 5473 1323 5546 ἀπέστη
1365 5473 1543 5527 πάντα
1576 5473 1762 5538 κινῶν,
1789 5473 1929 5528 ὥστε
1958 5475 2228 5531 ἀπελάσαι

562 5562 691 5625 τοὺς
728 5560 919 5627 ἁγίους
950 5558 1211 5623 ἐκείνους,
1253 5559 1375 5629 οὐχὶ
1404 5558 1530 5623 τοὺς
1569 5557 2003 5630 ύπώεξαμένους
2035 5560 2224 5631 μόνον,

564 5643 701 5698 ἀλλά
729 5644 822 5696 καὶ
850 5644 977 5706 τοὺς
1014 5641 1208 5705 ἀλλους
1234 5640 1500 5705 ἅπαντας.
1537 5639 1739 5695 Τοῦτον
1766 5642 1947 5695 τοίνυν
1986 5642 2097 5710 ἐγὼ
2135 5644 2227 5699 τὸν

566 5727 731 5783 παῖδα
773 5727 974 5793 λαϐὼν,
1006 5727 1297 5781 καὶταῦτα
1328 5727 1423 5781 καὶ
1456 5726 1526 5780 τά
1547 5724 1753 5779 τούτων
1777 5725 1999 5781 πλείονα
2027 5726 2218 5792 εἰπὼν,

627 5849 655 5882 ⁸
678 5848 757 5900 Sic
775 5852 871 5901 duo
892 5866 1003 5901 mss.
1032 5851 1159 5901 Eclili
1187 5863 1306 5899 vero
1336 5849 1649 5915 ἀποστρέψαι,
1671 5847 1832 5900 minus
1852 5851 2123 5899 mmmnde.

2350 1560 2569 1625 πολλοῦ,
2611 1562 2706 1615 καὶ
2733 1562 2875 1632 μετὰ
2912 1564 3149 1634 σφοδρᾶς
3185 1563 3439 1625 ἐνσείσας
3478 1562 3579 1633 τῆς
3607 1560 3794 1633 ῥύμης,
3819 1562 3872 1616 ού
3897 1563 3971 1631 μό-

2347 1660 2438 1696 νον
2468 1644 2569 1698 οὐκ
2592 1644 2769 1698 ἐκλινέ
2808 1663 2862 1698 τι
2892 1646 2991 1716 τῆς
3029 1646 3337 1716 οἰκοδομῆς,
3376 1644 3519 1699 ἀλλὰ
3547 1646 3640 1698 καί⁸
3671 1645 3970 1716 ἰσχυροτέραν

2349 1726 2601 1796 ἀπέφηνε
2619 1744 2634 1759 ⁸
2672 1727 2781 1782 τῶν
2816 1746 2876 1782 τε
2901 1730 3323 1800 συμφοιτῶντων
3350 1728 3380 1770 ἀ
3406 1729 3561 1800 αὐτῷ
3587 1729 3762 1783 πολλοὶ
3779 1730 3969 1784 τοσαῦτα

2347 1807 2447 1877 τῆς
2481 1808 2699 1879 ὁμιλίας
2725 1810 3011 1865 ἀπώναντο
3038 1811 3138 1881 τῆς
3179 1810 3411 1876 ἐκείνου,
3451 1810 3527 1875 ὼς
3563 1810 3697 1879 πρὸς
3724 1808 3805 1863 τὸν
3842 1810 3969 1865 αὑτὸν

2347 1884 2501 1959 αύτῷ
2567 1887 2726 1960 ζῆλον
2783 1890 2978 1943 ἐλθεῖν.
3028 1892 3209 1961 Ἔχων
3257 1889 3365 1960 7&9
3403 1891 3550 1944 οῐκοι
3600 1888 3866 1953 διαπαντὸς
3897 1888 3967 1943 τὸν

2352 1968 2707 2039 ρυθμίζοντα,
2765 1969 3015 2041 καθάπερ
3057 1968 3279 2041 ἄγαλμα
3309 1967 3557 2038 συνεχῶς
3606 1967 3854 2022 ἀπολαῦον
3891 1969 3969 2038 τῆς

2344 2046 2440 2099 τοῦ
2511 2048 2755 2117 τεχνίτου
2815 2048 3026 2122 χειρὸς,
3068 2047 3212 2101 οῦτω
3256 2047 3583 2119 προσθήκην
3635 2047 3750 2101 καθ’
3777 2047 3969 2116 ἑκάστην

2344 2125 2560 2197 ἡμέραν
2601 2126 2871 2196 ἐλάμϐανε
2916 2125 3012 2180 τοῦ
3045 2126 3189 2180 κατά
3217 2126 3397 2199 ψυχὴν
3436 2126 3686 2191 κάλλους.
3727 2126 3897 2180 Καὶτδ
3920 2126 3969 2197 δή

2346 2203 2676 2274 θαυμαστὸν,
2710 2206 2816 2272 ἐξω
2855 2204 2954 2276 μὲν
2982 2205 3328 2276 φαινόμενος,
3362 2205 3521 2259 οὐδὲν
3544 2206 3807 2277 διαφέρειν
3830 2205 3967 2259 ἐδόκει

2345 2283 2457 2337 τῶν
2485 2283 2694 2336 πολλῶν
2717 2300 2732 2315 ο
2768 2283 2891 2337 οὔτε
2921 2283 3031 2355 γὰρ
3055 2281 3189 2355 ἦθος
3219 2278 3366 2356 εἶχεν
3399 2284 3742 2356 ἠγριωμένον
3765 2286 3850 2339 καὶ
3868 2301 3969 2339 κατ-

2343 2363 2607 2434 εσκληκὸς
2628 2403 2643 2425 .
2693 2361 2816 2416 οὔτε
2858 2362 3263 2435 ἐξηλλαγμένην
3332 2364 3551 2435 στολὴν,
3591 2364 3703 2418 ἀλλ’
3741 2361 3802 2436 ἦν
3830 2364 3967 2425 κοινὸς

2344 2443 2443 2497 καὶ
2465 2442 2543 2513 τῷ
2567 2442 2806 2513 σχήματι
2840 2443 2933 2496 καὶ
2962 2442 3040 2513 τῷ
3077 2442 3349 2513 βλέμματι
3380 2444 3485 2498 καὶ
3512 2447 3577 2516 τῇ
3613 2446 3755 2516 φωνῇ
3787 2444 3867 2496 καὶ
3882 2446 3965 2505 τοῖς

2342 2520 2525 2584 ἄλλοις
2550 2521 2773 2575 ἅπασιν.
2810 2520 2972 2575 ’Ὅθεν
3008 2523 3103 2575 καὶ
3136 2521 3367 2587 πολλοὺς
3406 2522 3522 2576 τῶν
3560 2522 3865 2594 ὁμιλούντων
3893 2522 3964 2575 αὖε

2341 2601 2422 2671 τῷ
2449 2602 2582 2655 είσω
2627 2601 2740 2655 τῶν
2790 2601 2957 2656 αὑτοῦ
2999 2601 3233 2657 δικτύων
3274 2603 3525 2675 ήδυνήθη
3569 2604 3767 2664 λαϐεῖν,
3807 2602 3963 2671 πολλὴν

2342 2680 2491 2734 ἔνδον
2527 2679 2667 2750 ἔχων
2703 2680 3160 2753 ἐγκεκρυμμένην
3185 2681 3285 2753 τὴν
3312 2681 3657 2752 φιλοσοφίαν.
3697 2682 3834 2736 οἴκοι
3863 2680 3908 2734 δέ
3927 2681 3965 2734 εί

2341 2776 2426 2822 τις
2448 2758 2614 2812 αὑτὸν
2644 2754 2806 2822 εἶδεν,
2837 2760 3089 2831 ἐνόμισεν
3115 2760 3181 2815 ἀν
3206 2778 3329 2815 τινα
3351 2758 3501 2816 εἶναι
3519 2761 3627 2816 τῶν
3655 2763 3712 2816 ἐν
3732 2764 3832 2827 τοῖς
3847 2761 3962 2831 δρεσι

2341 2838 2700 2909 καθημένων’
2745 2841 2840 2893 καὶ
2879 2839 2991 2912 γὰρ
3041 2841 3075 2911 ή
3122 2838 3269 2894 οἰκία
3325 2839 3484 2912 αὐτῷ
3532 2840 3668 2913 πρὸς
3725 2839 3961 2912 ἀκρίϐειαν

2344 2918 2710 2988 μοναστηρίου
2747 2919 2950 2983 παντὸς
2988 2919 3253 2984 διέκειτο,
3296 2919 3453 2975 οὐδὲν
3485 2919 3680 2993 ἐχουσα
3704 2919 3805 2974 τῶν
3831 2921 3960 2985 ἀναγ-

2341 2997 2512 3052 καίων
2541 2996 2724 3055 πλέον.
2767 2999 2879 3052 Καὶ
2903 3001 2934 3053 6
2960 2999 3150 3071 καιρὸς
3174 2999 3230 3053 δέ
3258 2998 3412 3069 αὐτῷ
3461 3001 3604 3066 ἀπας
3634 3001 3714 3065 είς
3742 2999 3830 3069 τήν
3865 2997 3961 3051 ἀνά-

2338 3094 2542 3146 γνωσιν
2580 3076 2691 3132 τῶν
2729 3077 2900 3147 ἀγίων
2925 3078 3248 3150 ἀνηλίσκετο
3281 3075 3510 3146 βιϐλίων
3555 3091 3616 3121 θ’
3657 3079 3747 3133 καὶ
3785 3077 3877 3146 γὰρ
3904 3074 3959 3128 ὣν

2338 3156 2467 3223 ὀξὺς
2509 3156 2808 3228 μαθήματα
2848 3156 3197 3227 προσλαϐεῖν,
3246 3160 3313 3228 τῇ
3358 3158 3464 3227 μὲν
3499 3158 3696 3226 ἔξωθεν
3730 3155 3961 3210 παιδεύσει

2342 3235 2517 3308 βραχὺ
2548 3237 2648 3307 τῆς
2674 3236 2888 3308 ἡμέρας
2919 3236 3183 3306 ἀπένειμε
3226 3237 3426 3309 μέρος,
3458 3240 3519 3293 τὸ
3546 3240 3604 3292 δὲ
3640 3238 3814 3293 λοιπὸν
3850 3236 3961 3289 ἀπαν

2339 3317 2523 3387 εὐχαῖς
2545 3316 2787 3387 συνεχέσι
2812 3315 2907 3369 καὶ¹
2931 3314 3157 3386 βιϐλίοις
3193 3315 3446 3372 ἀνέκειτο
3481 3319 3664 3383 θείοις,
3696 3318 3783 3371 καὶ
3818 3316 3963 3376 ἄσιτος

2339 3395 2559 3450 ἃπασαν
2580 3395 2809 3449 διετέλει
2838 3395 2939 3466 τὴν
2967 3395 3202 3468 ἡμέραν,
3230 3395 3432 3468 μᾶλλον
3465 3397 3524 3453 δὲ
3556 3398 3677 3453 οὐδὲ
3703 3396 3839 3468 μίαν,
3868 3392 3961 3446 οὐδὲ

2338 3475 2432 3530 δύο
2478 3476 2657 3546 μόνον,
2697 3474 2833 3530 ἀλλὰ
2853 3475 2949 3529 καὶ
2972 3475 3210 3540 πλείους.
3238 3475 3343 3531 Καὶ
3371 3476 3572 3543 νύκτες
3589 3478 3645 3532 δέ
3668 3476 3807 3548 αὐτῷ
3825 3472 3962 3529 ταῦτα

2341 3553 2657 3626 συνῄδεσαν,
2688 3554 2920 3624 δάκρυα.
2946 3554 3039 3608 καὶ
3071 3554 3258 3625 εὐχὰς,
3292 3556 3388 3610 καὶ
3433 3556 3536 3629 τήν
3574 3556 3822 3625 τοιαύτην
3862 3552 3963 3606 ἀνά.

2338 3648 2561 3701 γνωσιν.
2591 3634 2771 3705 ’Δπερ
2789 3636 2922 3703 ήμῖν
2948 3632 3163 3687 ἅπαντα
3195 3633 3212 3672 ῐ
3237 3637 3266 3688 ό
3299 3633 3418 3707 [99]
3452 3635 3791 3705 παιδαγωγὸς
3824 3631 3960 3702 λάθρα

2337 3711 2672 3783 ἀπήγγειλεο
2699 3712 2793 3765 καὶ
2825 3711 2934 3783 γὰρ
2964 3707 3034 3783 ἦν
3064 3712 3336 3784 ἀφόρητος
3374 3716 3401 3767 ό
3430 3717 3586 3778 παῖς,
3628 3716 3682 3769 εῖ
3712 3733 3760 3769 τι
3797 3710 3959 3767 τούτων

2337 3789 2532 3862 ¹ᾔσθετό
2559 3806 2688 3843 ποτε
2712 3788 3009 3860 ἐξενεχθέν.
3038 3789 3232 3859 Ἔλεγε
3256 3791 3437 3844 τοίνυν
3459 3788 3637 3858 οὗτος,
3665 3794 3744 3849 ὅτι
3768 3792 3850 3846 καὶ
3870 3789 3958 3860 ipi-

2335 3885 2449 3923 τιον
2489 3867 2638 3940 αὐτῷ
2673 3868 2781 3922 ἀπὸ
2824 3868 3029 3939 τριχῶν
3071 3868 3497 3932 κατεσκεύαστο,
3550 3872 3646 3927 καὶ
3698 3870 3855 3941 τούτῳ
3884 3866 3956 3928 τὰς

2334 3946 2538 4011 νύκτας
2565 3946 2903 4017 ἐγκαθεύδοι,
2924 3948 3093 4019 σοφήν
3114 3965 3235 4001 τινα
3261 3950 3515 4021 μηχανὴν
3536 3952 3634 4005 τοῦ
3673 3951 3862 4021 ταχέως
3899 3945 3957 4009 ἐξ·

2335 4026 2654 4082 ανίστασθαι
2680 4025 2884 4099 ταύτην
2908 4026 3102 4098 εὑρών.
3120 4028 3230 4081 Καὶ
3252 4028 3321 4081 τά
3342 4028 3477 4083 ἀλλα
3505 4030 3564 4082 δέ
3578 4030 3727 4101 αὑτῷ
3749 4028 3867 4098 πρὸς
3884 4024 3957 4093 τὴν

2336 4105 2623 4177 ἀκρίϐειαν
2658 4104 2770 4159 τῶν
2803 4106 3055 4177 μοναχῶν
3093 4106 3420 4177 ἀπήρτιστο.
3458 4109 3558 4163 καὶ
3600 4109 3692 4163 τὸν
3729 4107 3847 4162 Θεὸν
3870 4105 3957 4158 ὲδό·

2336 4183 2465 4248 ξαζε
2490 4185 2729 4255 συνεχῶς
2761 4185 2989 4249 ἐκεῖνος,
3024 4184 3117 4238 τὸν
3153 4184 3298 4239 οῦτω
3334 4185 3518 4257 κοῦφα
3553 4188 3655 4258 τῆς
3690 4182 3958 4256 φιλοσοφίας

2333 4260 2538 4334 ταύτης
2570 4262 2793 4317 ἐνθέντα
2829 4261 2979 4334 αὐτῷ
3007 4263 3075 4318 τὰ
3106 4265 3304 4336 πτερά.
3336 4266 3499 4320 Ὥστε
3531 4266 3685 4330 εῐτίς
3711 4282 3792 4336 μοι
3813 4259 3958 4333 ψυχήν

2333 4339 2429 4394 καὶ
2475 4340 2570 4396 νῦν
2615 4341 2824 4396 ἐδείκνυ
2861 4350 2888 4390 8
2916 4341 3196 4415 τοιαύτην,
3235 4344 3331 4398 καὶ
3377 4344 3724 4415 παιδαγωγὸν
3766 4343 3955 4415 παρεῖχε

2331 4418 2591 4485 τοιοῦτον,
2641 4419 2738 4473 καὶ
2781 4418 2852 4474 τὰ
2899 4420 3033 4475 ἀλλα
3089 4412 3268 4477 πάντα
3319 4423 3524 4493 ὁμοίως
3560 4412 3953 4495 ίέἑτιμελεῖσθαι]

2334 4498 2718 4570 ἐπηγγείλατο,
2743 4500 3003 4571 μυριάκις
3030 4500 3098 4556 ἂν
3116 4502 3373 4574 ηὐξάμην
3399 4503 3560 4557 τοῦτο
3580 4500 3822 4572 γενέσθαι
3844 4495 3953 4568 μᾶλ-

2332 4576 2424 4631 λον
2453 4578 2563 4631 τῶν
2605 4579 3023 4650 γεννησαμένων
3058 4582 3259 4636 αὐτῶν.
3284 4578 3361 4637 Ἦ
3397 4582 3506 4653 γὰρ
3533 4582 3601 4637 ἄν
3635 4583 3763 4653 ἡμῖν
3790 4576 3953 4648 ήθήρα

2331 4655 2532 4711 πλείων
2577 4657 2814 4725 ἐγένετο,
2848 4659 2942 4712 καὶ
2960 4657 3048 4714 διὰ
3077 4660 3170 4713 τὸν
3200 4660 3334 4731 βίον,
3360 4661 3455 4716 καὶ
3490 4661 3580 4716 διὰ
3625 4660 3720 4732 τήν
3752 4655 3947 4729 ἠλικίαν.

2332 4735 2426 4788 καὶ
2453 4735 2542 4790 διὰ
2564 4736 2661 4807 τήν
2694 4737 2892 4809 συνεχῆ
2916 4737 3219 4811 διατριϐὴν,
3253 4740 3360 4792 τῶν
3393 4739 3651 4794 τοιούτων
3686 4734 3950 4811 δυναμένων

2330 4815 2456 4876 τοὺς
2483 4814 2776 4885 ἡλικιώτας
2802 4815 2997 4888 θηρᾷν.
3040 4818 3200 4871 Ἀλλά
3223 4818 3331 4889 7&9
3368 4819 3546 4882 οὐδείς
3582 4820 3726 4871 ἐστιν
3752 4815 3779 4868 6
3810 4810 3949 4889 ταῖζτα

2331 4892 2768 4964 ὑποστησόμενος
2793 4892 2844 4960 ι,
2872 4886 2997 4949 ούδέ
3040 4886 3313 4968 ποιήσωνλ
3344 4897 3444 4950 οὐκ
3484 4897 3635 4959 δντος
3669 4895 3743 4959 δέ,
3784 4886 3946 4962 μυρίας

2392 4994 2422 5064 ‘3
2448 4995 2557 5064 9‘”
2580 5008 2696 5045 ³³⁸⁸·
2732 4998 3008 5064 φιλεῖτοφίας
3027 4999 3373 5064 τᾳῦιῗος-,Ρωη
3405 4999 3680 5064 φιλοσοφίας
3692 4997 3846 5064 τεάςηο

2393 5058 2555 5121 θρυρ
2573 5070 2711 5121 ,ωειλ
2740 5048 3008 5121 ἔπιθέμὲνοὸ
3029 5048 3371 5121 αὐτόνξεενίιξ
3391 5048 3449 5111 ἐι
3471 5048 3640 5112 λιδέὲι.
3666 5048 3831 5119 ἀὐτῷῗ
3842 5048 3945 5121 ίιιΐτε

2328 5114 2481 5184 δίψῃ·
2508 5118 2761 5184 έθάρβοννν,
2785 5109 2978 5184 5119f»;
2993 5123 3058 5184 ἂν
3086 5109 3190 5172 οὗδδ
3201 5109 3368 5184 ,ὁτιοῦν
3396 5109 3616 5184 γένηταί
3634 5109 3792 5184 Mor-gf.
3811 5113 3894 5164 οὐδ’
3910 5109 3945 5157 ιι

2325 5194 2371 5226 τι
2394 5178 2493 5242 οὖν,
2523 5178 2651 5228 umis
2673 5181 2827 5230 codex
2854 5182 2928 5231 ὅτι
2958 5183 3016 5230 ἂν
3034 5183 3081 5242 ὅ,
3099 5200 3144 5231 τι
3163 5183 3261 5238 οὖν.
3285 5178 3417 5234 alins'
3440 5178 3513 5233 δτι
3531 5185 3611 5233 ἐὰν
3631 5179 3792 5232 ὁσιοῦν.

2373 5237 2417 5318 ’τι
2445 5242 2596 5290 Savil.
2620 5249 2673 5292 οι
2697 5255 2825 5293 unus
2842 5244 2950 5293 00d.
2976 5237 3327 5308 συμφοιτητῶν.
3353 5246 3523 5296 Morel.
3551 5251 3606 5295 et
3623 5245 3743 5295 alius
3773 5247 3943 5299 πνοαί

2325 5317 2533 5350 τωντων.

2388 5364 2409 5385 ’
2427 5363 2542 5429 puq
2563 5376 2678 5429 m_s_s.
2714 5364 3018 5429 ἀναλίσκεται
3045 5367 3238 5429 βίϐλων.
3270 5368 3379 5419 Mox
3411 5367 3560 5418 iidem
3581 5366 3803 5426 ἀπένειμε,
3825 5353 3944 5407 ουκ

2327 5422 2500 5488 δενίιη
2523 5426 2575 5474 in
2601 5424 2773 5475 Morel.
2800 5435 2965 5476 autem
2991 5422 3210 5488 ἀπένεμε.

2396 5484 2417 5524 ί
2447 5476 2553 5560 ρυρ
2574 5499 2689 5560 ngss.
2722 5476 3003 5550 ἀνάγνωσιν.
3044 5476 3279 5553 Ἦμξῖνδὲ
3317 5491 3519 5540 ἅπαντα.
3544 5487 3689 5539 Savil.
3717 5489 3766 5535 el.
3790 5476 3935 5532 Morel.

2324 5547 2443 5649 ἄπὲρ
2462 5548 2574 5622 ἠμῖγ
2592 5549 2792 5598 ἅπαντα.
2823 5547 2832 5550 ⁷
3032 5610 3059 5622 _
3109 5547 3119 5553 '
3210 5612 3223 5628 '

2335 5670 2380 5684 .-
2411 5671 2424 5684 ,
2450 5610 2605 5684 8"”:
2625 5626 2705 5671 μοι
2737 5611 2893 5684 ψγχῆν
2908 5611 2990 5659 καὶ
3008 5628 3090 5684 νυν
3115 5612 3327 5684 ἐδείκνυ,
3350 5610 3521 5661 Morel.
3546 5626 3623 5672 μοι
3640 5606 3783 5672 ιιωχήν
3800 5598 3939 5655 καινὴν

2330 5670 2527 5738 ἐδείκχυ,
2551 5670 2678 5720 unus
2703 5670 2856 5738 σοι]ὸί
2883 5686 2963 5738 μοι
2986 5675 3067 5722 καὶ
3088 5672 3354 5738 νῦνγψυχήν.
3391 5734 3437 5738 __
3530 5670 3555 5738 ς
3587 5733 3602 5738 _
3655 5670 3661 5672 ⁷
3796 5725 3806 5738 ν

2392 5732 2418 5799 ξι
2446 5731 2555 5799 D_qo
2574 5745 2694 5799 τηεσε
2714 5731 3120 5799 Μοσχήσρμενος,
3150 5731 3568 5799 ςὲνὶῐῖειίιίοιξει.

2332 5791 2647 5859 ιυιτῃιριιςι.
2673 5782 2730 5859 ξι
2752 5782 2981 5859 υΙὶιίξῘτὸν
3007 5782 3141 5845 δοεέ
3172 5782 3525 5859 εἱιιῆᾦῖἐᾱνιι.
3550 5800 3599 5842 ει
3622 5792 3738 5841 alius
3753 5782 3825 5834 τὸν
3856 5782 3944 5830 usu

2325 5856 2479 5916 ἐαυτῷ
2527 5854 2652 5905 Infra
2673 5854 2841 5906 Morel.
2868 5858 3089 5915 ἐκόλασε,
3109 5857 3190 5909 alii
3212 5854 3450 5910 κολάσετε.
