4124 6144
316 346 423 401 369

318 461 468 517 Hunc
507 460 824 532 paedagogus
861 458 1181 531 sequebatur
1218 473 1462 528 semper,
1506 454 1590 511 cui
1628 467 1730 508 una
1773 464 1896 502 cura

314 558 449 615 erat,
485 561 542 606 ut
566 553 684 620 ejus
710 551 943 606 animam
972 550 1305 605 informat-ct.
1338 546 1488 602 Hunc
1525 560 1625 616 ego
1651 544 1901 613 paedago-

313 660 436 715 gum
468 642 656 698 adiens
685 641 823 715 (erat
850 643 991 697 enim
1011 658 1077 696 ex
1105 642 1169 695 iis
1192 641 1283 709 qui
1313 641 1365 694 in
1395 638 1665 693 montibus
1692 633 1899 690 reside-

314 740 443 793 bant
462 737 481 809 )
500 777 518 804 ,
547 753 766 793 causam
796 737 1039 792 ediscere
1065 735 1298 789 conabar
1322 749 1419 788 cur
1443 746 1564 786 cum
1595 727 1899 797 hujusmodi

311 830 630 899 sapientiam
679 828 951 898 professus
994 836 1166 889 esset,
1205 826 1257 880 in
1300 824 1708 896 paedagogorum
1740 818 1898 873 vitam

311 923 549 991 seipsum
593 921 918 976 demisisset.
962 919 1055 974 llle
1088 934 1213 973 vero
1254 916 1529 986 respondit
1564 913 1666 970 sibi
1712 927 1897 983 parum

311 1012 570 1080 temporis
599 1027 882 1081 superesse
921 1012 973 1066 in
1015 1009 1315 1079 hujusmodi
1353 1007 1530 1062 oflicio
1556 1003 1859 1075 prmsmndu
1880 1041 1900 1072 ,

310 1114 365 1158 et
387 1120 501 1159 rem
520 1104 679 1160 altius
698 1105 981 1174 repetitam
1001 1104 1268 1159 enarravit
1292 1103 1464 1158 uobis.
1483 1100 1676 1164 Puero,
1704 1097 1894 1169 inquit,

312 1194 437 1251 huic
468 1205 618 1265 pater
646 1206 728 1251 est
752 1197 938 1264 durus,
969 1198 1138 1264 ferox,
1171 1204 1226 1251 et
1254 1194 1436 1249 mundi
1464 1193 1623 1248 rebus
1650 1190 1894 1256 inhians;

310 1296 486 1343 mater
507 1297 682 1342 autem
710 1287 972 1355 modesta,
993 1297 1318 1357 temperans,
1344 1285 1507 1354 proba
1530 1295 1583 1339 et
1604 1283 1672 1337 ad
1702 1283 1894 1337 czelum

310 1386 516 1433 tantum
546 1379 864 1448 respiciens.
894 1378 1055 1435 Pater
1088 1380 1266 1449 itaque
1285 1418 1302 1444 ,
1333 1385 1515 1446 utpote
1539 1376 1630 1447 qui
1660 1377 1712 1430 in
1741 1375 1897 1431 bellis

307 1469 476 1547 multa
505 1468 714 1525 fortiter
737 1471 983 1540 geSserit,
1015 1470 1180 1524 tilium
1213 1469 1322 1522 vult
1348 1469 1414 1523 ad
1447 1474 1725 1538 paternum
1751 1466 1897 1521 ordi-

307 1578 432 1616 nem
466 1560 762 1629 deducere;
795 1571 964 1617 mater
996 1576 1122 1616 vero
1150 1560 1198 1615 id
1227 1560 1446 1615 minime
1472 1565 1654 1629 optat,
1680 1556 1774 1612 sed
1799 1556 1896 1611 ad-

305 1655 525 1713 modum
557 1655 875 1725 deprecatur
902 1672 914 1707 :
946 1670 1010 1710 ac
1030 1656 1082 1709 in
1105 1653 1239 1709 votis
1262 1652 1420 1706 habet
1442 1659 1496 1706 et
1522 1649 1723 1717 expetit
1747 1650 1891 1703 illum

302 1747 357 1800 in
392 1747 773 1801 monachorum
800 1754 943 1801 statu
964 1744 1242 1800 ﬂorentem
1267 1742 1467 1798 videre.
1492 1741 1688 1796 Verum
1720 1740 1769 1793 id
1801 1728 1894 1808 pa-

304 1841 371 1896 tri
401 1840 582 1895 dicere
616 1856 722 1894 non
749 1854 879 1894 ausa
919 1848 1037 1906 est,
1067 1838 1232 1892 verita
1263 1851 1362 1901 ne,
1390 1836 1434 1891 si
1465 1835 1515 1888 id
1545 1835 1630 1888 ille
1654 1832 1891 1887 subodo-

302 1944 534 2000 raretur,
564 1940 879 2003 prmmature
922 1932 1070 1987 illum
1112 1930 1293 1987 saeculi
1327 1915 1552 1985 vinculis
1593 1926 1887 1997 obligaret,

301 2038 465 2098 atque
502 2029 572 2083 ab
613 2026 716 2083 hoc
744 2025 920 2081 studio
943 2024 1230 2080 abductum
1259 2021 1325 2078 ad
1367 2021 1597 2077 balteum
1636 2018 1891 2074 transfer-

298 2130 403 2182 ret,
432 2128 489 2174 ct
510 2118 578 2173 ad
607 2133 820 2173 omnem
841 2132 961 2187 quae
987 2116 1109 2170 inde
1135 2115 1284 2185 sequi
1310 2113 1450 2167 solet
1472 2111 1594 2166 vita:
1616 2110 1890 2181 negligen-

300 2212 457 2276 tiam,
481 2211 553 2265 ita
567 2220 623 2265 ut
642 2218 828 2280 postea
843 2206 1118 2263 emendari
1139 2215 1190 2261 et
1210 2204 1279 2261 ad
1298 2204 1571 2259 meliorem
1597 2216 1656 2258 se
1680 2202 1885 2272 frugem

299 2306 543 2373 recipere
590 2319 695 2357 non
734 2303 924 2373 possit.
966 2297 1283 2370 Hujusmodi
1322 2298 1479 2369 igitur
1520 2304 1635 2352 arte
1684 2296 1885 2349 utitur:

297 2406 491 2451 evocat
516 2411 602 2450 me
627 2395 867 2459 doumm,
902 2394 1111 2464 hocque
1133 2389 1394 2461 patefacto
1423 2387 1666 2449 consilio.
1689 2401 1886 2456 appre-

298 2488 521 2544 hensam
553 2488 700 2559 pueri
729 2487 1003 2543 dexteram
1032 2485 1276 2540 manibus
1305 2482 1466 2538 tradit
1494 2481 1647 2536 meis.
1675 2481 1757 2536 Mc
1777 2479 1885 2534 sci-

296 2581 529 2635 scitante
546 2594 643 2634 cur
659 2579 760 2635 hoc
781 2577 1000 2644 faceret,
1026 2591 1205 2640 unam,
1229 2575 1419 2644 inquit,
1438 2573 1579 2628 hanc
1602 2585 1886 2642 superesse

295 2674 560 2731 rationem
586 2669 935 2742 procurandae
962 2669 1072 2724 filio
1094 2667 1302 2733 salutis,
1326 2666 1371 2721 si
1392 2665 1582 2721 vellem
1613 2662 1883 2734 paedagogi

296 2775 495 2823 statum
515 2780 797 2820 assumens
818 2764 910 2818 lilii
934 2778 1118 2819 curam
1137 2776 1373 2825 sumere,
1396 2769 1452 2817 et
1472 2763 1572 2815 huc
1591 2759 1882 2817 accedere:

295 2875 355 2915 se
376 2859 517 2928 patri
549 2872 828 2913 suasuram
858 2871 1000 2918 esse.
1030 2856 1195 2912 etiam
1227 2855 1276 2909 ei
1302 2895 1317 2921 ,
1345 2853 1436 2923 qui
1464 2852 1707 2908 militiam
1735 2851 1885 2907 adire

297 2953 451 3015 velit,
486 2953 669 3007 utilem
701 2967 822 3007 esse
861 2953 1133 3007 literarum
1163 2948 1571 3003 institutionem.
1597 2944 1724 3000 Haec
1746 2958 1881 3014 ego,

296 3045 501 3113 inquit,
545 3047 590 3099 si
637 3043 850 3098 efficere
896 3049 1156 3112 potuero,
1186 3047 1241 3094 tu
1270 3052 1512 3094 seorsum
1540 3045 1595 3092 et
1627 3036 1681 3090 in
1709 3035 1883 3090 aliena

295 3139 479 3204 domo,
509 3136 595 3190 ubi
625 3150 724 3190 nec
753 3142 903 3204 pater
926 3147 1026 3188 nec
1056 3131 1393 3186 familiarium
1417 3127 1676 3199 qniSpiam
1700 3124 1884 3181 turbas

296 3244 516 3283 movere
545 3231 737 3297 possit,
766 3239 974 3279 summa
1004 3224 1149 3277 illum
1182 3220 1435 3277 facultate
1470 3219 1701 3273 formare
1726 3227 1882 3287 pote-

294 3324 390 3385 ris,
416 3320 686 3388 vitamque
708 3317 823 3387 ejus
848 3318 917 3371 ita
946 3313 1216 3377 ordinare,
1232 3328 1296 3368 ac
1307 3312 1351 3366 si
1375 3311 1426 3366 in
1449 3308 1774 3366 monasterio
1788 3308 1884 3363 de-

293 3421 467 3484 geret.
493 3410 759 3466 austerum
781 3422 955 3463 annue
975 3404 1128 3471 mihi,
1144 3418 1210 3459 ac
1229 3404 1283 3458 in
1305 3412 1508 3472 partem
1529 3399 1884 3455 simulationis

294 3519 508 3560 mecum
532 3503 714 3559 venire
741 3515 808 3555 ne
833 3498 1099 3570 graveris.
1121 3495 1239 3550 Non
1272 3508 1434 3564 parva
1471 3506 1559 3547 res
1594 3491 1784 3561 agitur,
1814 3489 1883 3545 de

299 3599 392 3654 filii
413 3598 588 3651 anima
611 3602 879 3650 certamen
904 3598 989 3647 est
1011 3604 1074 3644 ac
1100 3587 1397 3659 periculum
1421 3603 1437 3641 :
1460 3599 1529 3639 ne
1548 3598 1773 3652 spernas
1793 3597 1884 3637 ca-

293 3690 570 3746 rissimum
594 3686 724 3741 mihi
746 3684 987 3740 omnium
1010 3681 1421 3751 periclitantem,
1446 3676 1543 3732 sed
1565 3676 1712 3745 eripe
1733 3674 1880 3729 illum

294 3798 323 3836 a
356 3777 754 3848 circumpositis
779 3773 1014 3842 undique
1040 3770 1268 3843 laqueis,
1294 3784 1326 3824 a
1354 3775 1694 3837 tempestate,
1720 3781 1748 3820 a
1776 3765 1882 3820 llu-

293 3873 492 3929 ctibus.
516 3869 609 3926 Sin
638 3883 766 3923 vero
792 3874 846 3920 tu
870 3864 1095 3936 gratiam
1139 3872 1400 3929 praestare
1429 3857 1686 3921 nolueris,
1716 3858 1881 3910 Deum

291 3965 404 4034 jam
433 3963 487 4017 in
519 3960 751 4016 medium
778 3956 1008 4027 appello,
1035 3963 1333 4022 testemque
1357 3964 1493 4006 voco
1521 3962 1609 4004 me
1629 3947 1762 4003 nihil
1785 3961 1883 4001 eo.

294 4071 417 4110 rum
444 4053 712 4117 omisisse,
739 4064 858 4119 qnce
878 4046 946 4101 ad
971 4044 1131 4115 hujus
1157 4043 1351 4097 animae
1378 4042 1603 4096 salutem
1629 4052 1885 4093 necessa-

294 4148 378 4202 ria
402 4152 581 4211 erant,
612 4141 972 4210 mundamque
1010 4151 1133 4191 esse
1166 4150 1197 4189 a
1224 4132 1484 4203 sanguine
1520 4129 1671 4200 pueri
1703 4128 1880 4198 hujus.

293 4238 453 4305 Quod
474 4238 519 4292 si
545 4235 671 4307 quid
702 4230 986 4302 contigerit
1007 4227 1156 4284 illum
1185 4225 1294 4297 pati
1325 4237 1515 4278 eorum
1532 4263 1547 4288 ,
1570 4234 1693 4292 qua
1720 4232 1885 4290 puero

295 4332 353 4386 in
384 4329 546 4386 tantis
568 4325 777 4382 deliciis
803 4332 858 4378 et
884 4323 938 4376 in
963 4328 1107 4376 tanta
1134 4314 1454 4387 negligentia
1481 4312 1693 4367 vivente
1711 4350 1728 4377 ,
1752 4324 1885 4365 con-

293 4427 507 4492 tingere
529 4424 770 4489 possunt,
796 4415 892 4472 abs
918 4422 971 4470 te
996 4412 1085 4467 illa
1111 4410 1200 4465 die
1222 4407 1369 4478 pueri
1394 4405 1626 4460 animam
1653 4399 1887 4492 requiret

297 4491 464 4569 Deus.
489 4511 583 4567 His
612 4517 667 4564 et
693 4506 933 4578 pluribus
956 4503 1119 4558 etiam
1139 4499 1318 4554 verbis
1345 4495 1694 4567 compellans,
1722 4491 1888 4546 vehe-

295 4610 516 4659 menter
554 4614 618 4654 ac
658 4594 1044 4653 miserabiliter
1084 4591 1463 4658 illacrymans,
1495 4584 1625 4640 mihi
1668 4580 1882 4638 tandem

299 4694 602 4763 persuasit,
631 4698 691 4744 ut
718 4688 822 4741 hoc
845 4683 1114 4755 negotium
1155 4678 1481 4747 susciperem
1500 4715 1517 4741 ,
1545 4689 1611 4728 ac
1642 4688 1763 4728 cum
1803 4670 1886 4724 his

297 4785 569 4841 mandatis
596 4796 682 4838 me
701 4780 770 4835 ab
793 4794 853 4834 se
871 4776 1093 4832 dimisit.
1119 4773 1228 4828 Nec
1253 4784 1385 4824 vana
1408 4768 1482 4824 illi
1510 4766 1605 4823 fuit
1635 4766 1748 4820 haec
1775 4778 1888 4818 ma-

298 4878 538 4935 chinatio
565 4892 579 4927 :
613 4875 683 4929 ita
715 4872 860 4927 enim
889 4868 1038 4924 brevi
1063 4878 1283 4936 puerum
1312 4860 1558 4930 egregius
1588 4857 1678 4912 ille
1705 4855 1886 4926 paeda-

296 4982 469 5040 gogus
491 4965 751 5030 exercuit,
777 4969 1086 5028 tantumque
1109 4957 1161 5012 in
1183 4970 1251 5010 eo
1274 4954 1448 5024 ignem
1475 4949 1723 5006 desiderii
1746 4948 1888 5003 illius

300 5060 585 5125 accendit,
620 5067 677 5116 ut
701 5062 891 5112 cuncta
927 5052 1083 5107 simul
1110 5048 1381 5118 abjicerot,
1416 5053 1574 5114 atque
1614 5042 1666 5096 in
1701 5040 1887 5095 deser-

301 5167 416 5210 tum
441 5152 720 5222 aufugeret
741 5189 758 5215 ,
790 5148 1000 5219 alioque
1026 5152 1214 5200 rursus
1242 5139 1502 5209 indigeret
1537 5139 1715 5198 freno,
1746 5133 1888 5204 quod

302 5248 457 5302 illum
490 5259 519 5297 a
546 5239 946 5297 vehementiore
964 5237 1054 5291 illa
1077 5231 1458 5290 exercitatione
1480 5227 1546 5281 ad
1565 5225 1889 5280 moderatio-

304 5355 419 5394 rem
438 5336 760 5391 traduceret.
773 5330 1012 5398 Namque
1026 5322 1368 5382 metuendum
1389 5327 1525 5384 erat,
1544 5331 1611 5371 ne
1630 5325 1777 5370 tanto
1797 5315 1890 5368 illo

306 5430 488 5485 studio
509 5439 633 5482 ante
657 5435 865 5492 tempus
889 5422 1075 5475 drama
1105 5425 1271 5471 totmn
1301 5411 1579 5473 revelaret,
1611 5418 1665 5463 et
1693 5408 1846 5461 matri
1872 5446 1887 5473 ,

306 5520 599 5591 pmdagogo
627 5527 787 5584 atque
809 5510 1056 5566 omnibus
1076 5507 1271 5575 ubique
1289 5500 1562 5558 monachis
1580 5499 1772 5555 bellum
1794 5513 1888 5552 cx-

304 5590 499 5666 citaret
543 5606 936 5678 gravissimum.
978 5599 1111 5655 Nam
1151 5599 1196 5652 si
1242 5606 1395 5667 pater
1441 5592 1586 5646 illam
1635 5590 1893 5646 sensisset

305 5706 514 5774 fugam,
540 5711 831 5767 numquam
859 5693 1151 5750 destitisset
1190 5688 1368 5743 omnia
1399 5698 1643 5747 movere,
1678 5692 1738 5737 ut
1764 5694 1891 5736 san-

304 5805 422 5849 ctos
448 5793 567 5846 illos
590 5788 902 5857 expelleret,
939 5799 1045 5839 non
1067 5797 1160 5837 eos
1189 5789 1389 5835 tantum
1410 5819 1425 5843 ,
1458 5776 1546 5846 qui
1572 5774 1734 5830 lilittm
1766 5787 1889 5828 sus-

1072 340 1430 399 onensus
1468 331 2013 396 orruusaronss
2055 333 2234 390 rma
2274 290 2567 393 ttomsr.
2611 339 2737 395 un.
2782 340 2867 397 Ill.

3488 352 3589 408 370

2012 458 2297 515 ceperant,
2346 452 2439 504 sed
2482 452 2616 505 alios
2655 456 2813 509 eti:qu
2854 470 3062 511 exultes.
3096 457 3243 515 llnnc
3292 459 3451 534 igitur
3493 482 3589 536 ego

2011 554 2228 608 puerum
2246 558 2541 608 assumens,
2564 546 2674 601 lucc
2698 557 2749 602 et
2776 548 2926 617 plura
2948 550 3216 620 loquutus,
3241 552 3589 626 philoSOphite

2010 628 2165 700 hujus
2190 632 2509 690 desiderium
2554 637 2603 691 in
2645 653 2711 692 eo
2751 655 2966 695 manere
3004 645 3256 712 permisi,
3285 645 3393 701 imo
3423 653 3588 721 magis

2010 722 2201 777 adauxi
2226 765 2241 789 ,
2276 724 2326 778 in
2355 726 2486 781 urbe
2519 742 2696 782 autem
2729 729 2966 787 habitare
2995 734 3245 803 rogabam
3267 778 3282 801 ,
3309 752 3370 793 ac
3401 738 3588 796 litera-

2008 827 2125 865 rum
2148 814 2335 868 stndiis
2358 817 2595 873 haerere:
2626 820 2694 873 ita
2716 822 2857 875 enim
2882 831 2935 877 et
2959 827 3251 895 aequalibus
3274 829 3384 886 suis
3416 833 3587 887 maxi-

2009 919 2094 957 me
2121 906 2475 973 profuturum,
2517 919 2571 963 et
2611 926 2723 965 rem
2769 915 2902 982 patri
2949 914 3180 986 ignotam
3212 917 3344 975 fore.
3376 920 3433 976 id
3460 939 3587 979 vero

2006 998 2365 1054 necessarium
2396 1016 2515 1057 esse
2545 1003 2789 1073 pumbam
2817 1047 2831 1071 ,
2865 1022 2968 1061 non
3001 1010 3160 1065 modo
3190 1023 3492 1070 sanctorum
3523 1017 3587 1071 il-

2004 1085 2178 1143 lorum
2203 1104 2387 1157 causa,
2419 1107 2526 1147 non
2551 1095 2757 1161 matris,
2784 1112 2889 1150 non
2922 1100 3192 1170 pmdagogi
3225 1111 3427 1158 unitum
3450 1147 3466 1172 ,
3491 1109 3585 1162 sed

2003 1179 2144 1236 illius
2166 1184 2327 1237 etiam
2352 1185 2519 1253 pueri.
2542 1184 2598 1241 Si
2624 1187 2765 1242 enim
2795 1189 2944 1243 ἰηίιιο
2973 1192 3252 1248 institisset
3291 1206 3461 1265 pater,
3489 1215 3582 1267 pe-

2004 1272 2226 1326 riculum
2268 1283 2386 1328 erat
2419 1290 2487 1330 ne
2520 1276 2874 1346 philosOphiae
2899 1281 3108 1350 plantas
3136 1298 3476 1353 concuteret,
3509 1300 3585 1345 te-

2003 1376 2158 1416 ueras
2202 1378 2410 1433 nempe,
2459 1381 2523 1421 ac
2567 1382 2739 1437 unper
2787 1373 3007 1439 positas.
3053 1373 3144 1430 Sin
3187 1392 3314 1432 vero
3358 1381 3582 1437 multum

2004 1456 2256 1523 temporis
2288 1457 2618 1523 procederet,
2643 1469 2697 1516 et
2726 1462 2931 1519 radices
2964 1465 3127 1535 probe
3153 1467 3405 1532 mitteret,
3430 1474 3583 1529 valde

1999 1545 2351 1612 conlidebam,
2380 1549 2632 1618 quidquid
2663 1552 2873 1606 tandem
2902 1554 3256 1624 contingeret,
3288 1576 3578 1631 numquam

2000 1633 2230 1690 futurum
2275 1648 2331 1692 ut
2371 1648 2521 1709 pater
2562 1641 2725 1695 lilium
2769 1655 2946 1711 posset
2978 1646 3170 1703 lardere
3195 1666 3207 1701 :
3236 1651 3377 1719 quod
3421 1654 3581 1708 etiam

1997 1729 2214 1794 evenit,
2267 1743 2365 1783 nec
2407 1746 2492 1785 me
2538 1747 2662 1801 spes
2701 1750 2818 1789 mea
2851 1734 3055 1793 fefellit.
3088 1737 3221 1793 Cum
3261 1742 3401 1797 enim
3433 1754 3583 1813 pater

1996 1819 2112 1887 ejus
2146 1821 2483 1887 postmodum
2512 1824 2681 1878 nudto
2706 1827 2892 1894 elapso
2920 1836 3157 1898 tempore
3185 1832 3329 1887 illum
3358 1836 3581 1893 adorans

1996 1923 2189 1978 magno
2233 1924 2354 1964 cum
2402 1910 2603 1981 impetu
2651 1914 2913 1980 irrueret,
2959 1934 3065 1973 non
3099 1921 3260 1975 modo
3295 1924 3578 1980 a-dificmut

1996 2002 2301 2058 nullatenus
2328 2013 2516 2060 nutare
2543 2005 2667 2061 fecit
2691 2048 2707 2074 ,
2750 2008 2843 2062 sed
2884 2009 3014 2065 illud
3045 2011 3252 2068 firmius
3279 2028 3401 2069 esse
3426 2031 3581 2071 mou-

1993 2094 2201 2149 stravit.
2231 2093 2727 2166 Condiscipulorum
2755 2110 2935 2156 autem
2964 2102 3173 2172 plurimi
3191 2120 3257 2160 ex
3279 2106 3420 2161 illius
3444 2122 3576 2163 con-

1991 2184 2159 2238 sortio
2183 2195 2383 2241 tantum
2407 2188 2770 2258 profecerunt,
2794 2200 2851 2245 ut
2874 2192 3116 2262 ejusdem
3137 2195 3362 2250 instituti
3388 2197 3576 2254 fierent

1991 2276 2189 2330 annuli.
2237 2276 2372 2341 Cum
2418 2280 2560 2334 enim
2611 2280 2699 2336 ille
2739 2295 2957 2352 semper
2994 2283 3140 2339 domi
3185 2286 3576 2346 moderatorem

1991 2364 2232 2434 haberet,
2277 2382 2376 2423 ceu
2404 2371 2806 2445 statuapjugiter
2844 2387 3001 2428 manu
3045 2375 3264 2431 artificis
3308 2378 3576 2448 expolita,

1990 2476 2069 2518 suc
2095 2464 2331 2535 quotidie
2357 2465 2550 2520 animae
2580 2466 2989 2536 pulchritudinis
3021 2469 3411 2527 incrementum
3439 2476 3577 2529 acci-

1991 2556 2185 2625 piebat.
2215 2555 2283 2612 Et
2309 2556 2450 2626 quod
2475 2556 2770 2612 mirabilius
2798 2567 2901 2626 est,
2926 2574 3049 2615 cum
3081 2561 3209 2616 foris
3234 2564 3574 2632 versabatur,

1990 2646 2123 2700 nihil
2143 2645 2358 2703 differre
2389 2647 2672 2704 videbatur
2696 2665 2728 2703 a
2748 2650 2960 2705 czetcris
2988 2669 3004 2706 :
3037 2667 3141 2707 non
3180 2653 3326 2709 enim
3362 2659 3576 2713 rusticis

1990 2747 2044 2792 et
2072 2738 2359 2807 incomptis
2387 2739 2628 2794 moribus
2647 2780 2663 2808 ,
2695 2754 2803 2795 non
2835 2749 2986 2797 veste
3014 2742 3268 2812 singulari
3297 2753 3447 2812 erat,
3480 2744 3575 2801 sed

1988 2829 2180 2884 similis
2207 2829 2327 2886 aliis
2352 2829 2539 2885 habitu
2559 2872 2575 2895 ,
2608 2842 2827 2901 aspectu
2846 2873 2863 2900 ,
2896 2848 3029 2889 voce
3051 2874 3067 2898 ,
3095 2837 3411 2906 caaterisque
3436 2847 3575 2896 erat.

1987 2922 2345 2992 Quamobrem
2373 2937 2439 2978 ex
2464 2925 2568 2981 sibi
2599 2923 2950 2980 familiaribus
2980 2926 3239 2995 plurimos
3267 2928 3452 2983 iisdem
3484 2945 3575 2985 re-

1989 3015 2132 3071 tibus
2171 3018 2345 3087 cepit,
2379 3017 2599 3071 multam
2646 3018 2923 3073 occultans
2967 3018 3287 3075 intrinsecus
3336 3021 3575 3090 philoso-

1989 3107 2184 3178 phiam.
2216 3107 2364 3162 bomi
2392 3122 2515 3170 vero
2545 3107 2589 3161 si
2611 3108 2728 3176 quis
2755 3108 2902 3163 illum
2931 3108 3170 3171 vidisset,
3198 3118 3433 3179 putasset
3453 3127 3575 3166 esse

1987 3199 2269 3271 quemdam
2297 3214 2363 3253 ex
2393 3199 2478 3264 iis,
2500 3199 2589 3268 qui
2617 3198 2679 3255 in.
2699 3199 2971 3253 montibus
2996 3199 3152 3254 sedes
3180 3200 3442 3256 haberent
3462 3220 3477 3256 :
3495 3201 3574 3257 si-

1987 3291 2200 3361 quidem
2229 3290 2420 3346 domus
2445 3293 2560 3360 ejus
2585 3290 2653 3345 ad
2683 3291 2990 3345 monasterii
3019 3304 3262 3346 normam
3290 3293 3576 3348 ordinaba-

1989 3390 2096 3444 tur,
2116 3380 2202 3434 ubi
2222 3391 2417 3451 printer
2428 3380 2733 3435 necessaria
2751 3378 2882 3435 nihil
2905 3378 3112 3434 aderat.
3137 3380 3369 3451 Tempus
3390 3393 3570 3437 autem

1987 3487 2148 3527 omne
2176 3471 2403 3527 lectione
2432 3480 2739 3526 sanctorum
2767 3470 3027 3526 librorum
3060 3472 3405 3543 transigebat.
3436 3472 3569 3528 Cum

1987 3564 2128 3621 enim
2153 3563 2264 3619 acri
2293 3563 2358 3617 ad
2384 3563 2693 3634 disciplinas
2719 3562 2936 3632 ingenio
2959 3571 3140 3631 esset,
3170 3573 3410 3620 externa:
3447 3581 3573 3619 eru-

1986 3656 2174 3712 ditioni
2224 3655 2486 3710 modicam
2531 3654 2634 3709 diei
2678 3665 2882 3723 partem
2927 3654 3262 3722 insumebat,
3308 3656 3572 3727 reliquum

1986 3762 2115 3802 vero
2142 3747 2398 3817 temporis
2419 3745 2670 3816 precibus
2699 3744 3068 3816 frequentibus
3094 3746 3353 3817 librisque
3377 3748 3573 3804 divinis

1985 3838 2310 3908 deputabat,
2348 3851 2413 3892 ac
2448 3837 2565 3891 sine
2599 3834 2722 3890 cibo
2758 3846 2867 3888 tota
2904 3836 3284 3905 perseverabat
3310 3836 3433 3904 die;
3466 3838 3574 3892 imo

1988 3945 2088 4007 nec
2126 3944 2230 3984 una
2276 3937 2480 3982 tantum
2525 3926 2644 3990 die,
2690 3940 2867 3993 neque
2903 3924 3143 3993 duabus,
3172 3926 3266 3981 sed
3311 3927 3569 3996 pluribus.

1986 4019 2183 4076 Noctes
2209 4034 2369 4090 porro
2399 4019 2472 4073 illi
2498 4017 2688 4072 horum
2713 4017 2945 4071 conscia!
2970 4025 3127 4072 erant
3144 4057 3158 4082 ,
3190 4016 3573 4090 lacrymarnm,

1987 4126 2205 4182 precum
2250 4109 2665 4179 lmjusmodique
2704 4106 2950 4165 leoIionis
2991 4125 3005 4162 :
3037 4122 3158 4178 qua:
3198 4108 3376 4163 omnia
3420 4109 3576 4164 nobis

1989 4201 2305 4272 piedagogus
2347 4200 2484 4254 clam
2547 4199 2935 4263 annuntiabat:
2969 4214 3102 4269 puer
3144 4200 3285 4253 enim
3335 4199 3578 4271 indigna-

1989 4294 2144 4348 batur
2169 4291 2534 4355 vehementer,
2564 4289 2610 4342 si
2638 4289 2764 4360 quid
2790 4289 3092 4358 hujusmodi
3112 4290 3289 4346 efferri
3314 4306 3577 4363 cognoce-

1988 4395 2090 4447 ret.
2123 4384 2339 4439 Dicebat
2361 4396 2489 4449 ergo
2516 4383 2687 4451 ipsum
2713 4381 2815 4436 sibi
2841 4381 3073 4435 cilicium
3107 4382 3159 4435 in
3188 4395 3389 4437 veStem
3418 4399 3576 4452 para-

1988 4479 2164 4544 visse,
2206 4477 2402 4546 illaque
2443 4490 2537 4544 per
2576 4486 2786 4529 noctem
2828 4474 2957 4528 dum
2998 4473 3258 4529 dormiret
3300 4474 3478 4539 indui,
3510 4491 3579 4530 eo

1988 4569 2195 4625 scilicet
2231 4567 2456 4623 consilio
2478 4606 2493 4629 ,
2535 4574 2595 4621 ut
2621 4565 2777 4620 citius
2804 4579 3092 4634 exsurgere
3124 4573 3309 4635 posset
3335 4582 3350 4618 :
3380 4566 3431 4619 in
3457 4567 3579 4621 aliis

1990 4674 2204 4732 quoque
2250 4659 2424 4728 ipsum
2478 4654 2862 4711 monachorum
2910 4654 3247 4725 disciplinam
3296 4654 3580 4725 diligenter

1989 4766 2227 4817 servare,
2256 4751 2455 4819 Deique
2479 4747 2788 4818 frequenter
2806 4745 2991 4801 laudes
3011 4745 3336 4815 persolvere,
3358 4746 3448 4816 qui
3475 4744 3579 4800 sibi

1937 4844 1944 4851 ’
1992 4853 2101 4900 tam
2142 4843 2286 4897 leves
2327 4839 2680 4911 philosOphite
2721 4853 2924 4908 pennas
2969 4837 3268 4892 indidisset.
3310 4836 3494 4906 Itaque
3531 4837 3578 4890 si

1991 4938 2113 5009 quis
2135 4935 2265 4992 mihi
2292 4948 2439 4991 nunc
2462 4933 2700 4989 animum
2739 4933 2810 4986 ita
2839 4941 3207 5001 cmnparatum
3233 4929 3541 4986 ostenderet
3559 4968 3577 4993 ,

1994 5030 2443 5103 ptedagogumque
2465 5027 2694 5082 similem
2723 5024 3018 5096 praeberet,
3048 5023 3261 5093 aliaque
3297 5023 3476 5081 omnia
3500 5022 3580 5075 si-

1995 5127 2192 5182 militer
2216 5138 2276 5179 se
2307 5122 2648 5192 polliceretur
2669 5128 2997 5180 curaturum,
3022 5116 3218 5172 millies
3240 5125 3483 5185 optarem
3509 5113 3580 5170 ita

1995 5219 2134 5286 fieri,
2161 5218 2322 5288 idque
2349 5215 2539 5286 magis,
2568 5227 2728 5284 quam
2755 5212 2853 5281 ipsi
2883 5218 3150 5281 parentes.
3172 5209 3260 5264 Sic
3287 5208 3431 5261 enim
3458 5221 3582 5275 pro-

1998 5313 2135 5368 fecto
2174 5310 2346 5380 majus
2390 5309 2594 5362 lucrum
2639 5302 2951 5366 accederet,
3001 5316 3123 5356 cum
3168 5308 3388 5370 possent
3432 5295 3581 5367 pueri

1998 5400 2301 5472 hujusmodi
2322 5440 2337 5464 ,
2387 5413 2482 5468 per
2525 5398 2647 5450 vita:
2693 5396 2988 5460 rationem,
3021 5407 3118 5462 per
3145 5400 3357 5446 aetatem
3393 5404 3457 5444 ac
3484 5402 3580 5458 per

1998 5494 2120 5565 inge
2147 5494 2475 5548 consortium
2507 5487 2741 5558 aequales
2767 5501 2895 5540 suos
2921 5485 3181 5538 inescare.
3208 5484 3279 5537 At
3302 5480 3582 5534 nullusest

1997 5586 2088 5657 qui
2110 5598 2172 5640 se
2194 5583 2265 5637 ita
2296 5581 2556 5637 facturum
2580 5578 2913 5649 polliceatur.
2938 5576 3071 5631 Cum
3108 5587 3238 5628 vero
3265 5572 3445 5625 nullus
3473 5569 3542 5622 sit
3560 5604 3578 5633 ,

2000 5688 2224 5731 summa:
2240 5670 2572 5728 crudelitatis
2596 5678 2740 5725 esset
2764 5681 2922 5733 eum,
2964 5666 3052 5740 qui
3093 5681 3162 5719 ne
3196 5662 3431 5731 seipsum
3459 5658 3580 5728 qui-

2005 5767 2127 5822 dem
2154 5763 2443 5819 defendere
2464 5762 2652 5833 possit,
2676 5759 2768 5815 sed
2790 5759 2965 5830 jaceat
2989 5755 3282 5813 innumeris
3302 5751 3579 5807 confossus
