4124 6144
537 282 633 340 871
1264 277 1320 334 S.
1361 275 1636 333 JOANNIS
1671 271 2137 329 CIIRYSOSTOHI
2179 271 2490 328 ARCIllEP.
2532 272 3065 330 CONSTANTINOP.

535 395 883 458 vulneribus,
933 392 1168 462 aliosque
1221 390 1539 445 intlrmiores
1582 387 1800 448 reddat,
1848 385 1898 438 in
1936 384 2110 439 medio

535 485 741 541 concidi
775 484 1100 555 permittere,
1133 493 1252 535 cum
1275 487 1547 550 oporteret
1571 492 1692 531 eum
1717 492 1746 529 e
1770 490 1940 544 pugna
1962 490 2108 528 sum-

537 592 771 632 movere.
800 575 1038 642 Namque
1070 569 1314 625 similiter
1341 569 1451 624 dux
1493 566 1785 638 puniendus
1823 573 1992 628 esset,
2019 562 2110 633 qui

538 681 770 736 pugnare
799 664 1036 718 valentes
1063 660 1260 716 milites
1281 676 1345 714 ex
1373 658 1553 729 praelio
1578 657 1885 719 abduceret,
1905 655 2110 709 saucios

535 769 710 812 autem
737 769 788 811 et
821 764 1134 825 prostratos,
1165 755 1254 824 qui
1279 752 1400 807 aliis
1429 750 1807 820 impedimento
1833 756 2032 811 essent,
2056 746 2108 800 in

535 847 710 901 medio
736 860 948 916 semper
966 845 1143 915 jacere
1166 843 1396 914 juberet.

606 941 693 995 l3.
740 937 932 992 Verum
970 936 1091 1007 quia
1129 943 1405 1005 parentum
1451 930 1660 1000 plurimi
1708 929 1943 990 instant,
1978 926 2110 980 lihe-

539 1045 734 1100 rnsqtte
758 1044 884 1083 suos
914 1029 965 1082 in
992 1029 1160 1082 literis
1189 1027 1349 1080 vitam
1379 1039 1536 1092 agere
1563 1023 1782 1091 cupiunt
1807 1062 1822 1084 ,
1853 1035 1915 1072 ac
1944 1021 1984 1073 si
2016 1033 2111 1087 pro

542 1131 692 1175 certo
717 1119 949 1173 habeant
973 1119 1115 1187 ipsos
1143 1115 1208 1170 ad
1241 1116 1450 1171 culmen
1481 1112 1795 1181 eloquentite
1825 1119 2108 1180 perventu-

535 1227 626 1265 ros
663 1229 677 1266 :
705 1210 802 1263 hac
833 1209 1046 1280 quidem
1076 1207 1144 1261 de
1180 1223 1241 1261 re
1280 1222 1348 1260 ne
1380 1203 1763 1258 contendamus
1785 1241 1800 1266 ,
1832 1216 1932 1254 neu
1961 1199 2110 1254 dica-

537 1319 653 1356 mus
683 1301 853 1372 ipsum
884 1317 912 1352 a
956 1314 1117 1368 scopo
1158 1300 1564 1357 aberraturum;
1616 1293 1708 1349 sed
1755 1291 2110 1347 concedamus

536 1408 656 1446 eum
696 1391 852 1445 studii
899 1390 978 1444 sui
1013 1390 1242 1444 fructum
1281 1385 1579 1456 ltujusmodi
1619 1395 2104 1453 conscqutttnrttm,

537 1492 591 1536 et
619 1481 683 1535 ad
715 1482 921 1535 culmen
951 1491 1232 1534 venturum
1255 1494 1394 1533 esse.
1412 1478 1490 1531 Sit
1509 1487 1684 1529 autem
1711 1473 1862 1527 nobis
1888 1477 2109 1526 duarum

538 1588 715 1626 rerum
747 1572 890 1642 optio
917 1587 931 1635 ;
962 1571 1046 1625 vel
1075 1571 1138 1623 ad
1163 1569 1552 1638 ludimagistros
1577 1566 1916 1635 proﬁciscens
1936 1562 2112 1616 erudi-

537 1666 730 1718 tionem
784 1663 991 1731 assequi
1039 1660 1361 1725 conteudat,
1413 1658 1495 1711 vel
1541 1656 1880 1710 solitudinem
1927 1664 2110 1723 petens

535 1755 726 1807 animm.
752 1753 1073 1822 prospiciat;
1103 1761 1221 1805 utro
1250 1751 1301 1803 itt
1332 1749 1508 1803 studio
1551 1763 1662 1801 rem
1706 1745 1946 1799 obtinere
1974 1759 2109 1812 prte-

535 1845 681 1898 stat?
709 1844 839 1898 Nam
880 1843 924 1896 si
967 1845 1017 1896 in
1066 1852 1290 1910 utroque
1326 1842 1627 1908 contingat,
1678 1836 1727 1890 id
1768 1851 1866 1904 ego
1904 1850 2114 1905 quoque

536 1934 693 1998 volo;
723 1934 803 1987 sin
833 1932 1145 1985 alterutrum
1171 1929 1570 1998 relinquendum
1593 1927 1700 1992 sit,
1727 1925 1869 1994 quod
1897 1935 2113 1993 prmsta~

535 2025 693 2080 bilius
713 2023 1011 2094 eligendum
1033 2030 1133 2077 est.
1159 2023 1327 2075 Etiam
1354 2062 1370 2087 ,
1393 2019 1640 2088 inquiunt
1663 2059 1675 2082 ,
1705 2015 1797 2070 sed
1821 2019 1921 2070 hoc
1941 2016 2111 2083 ipsum

533 2115 674 2170 unde
701 2113 850 2167 nobis
884 2122 1130 2167 constare
1160 2109 1389 2181 poterit,
1423 2125 1543 2162 eum
1574 2115 2032 2177 perseveraturum
2059 2118 2114 2160 et

533 2221 839 2261 mansurum
865 2245 880 2269 ,
909 2218 1008 2258 nec
1036 2203 1305 2273 lapsurum
1333 2199 1495 2255 esse?
1523 2197 1676 2251 multi
1707 2211 1932 2266 namque
1965 2195 2112 2250 deci-

542 2299 752 2354 derunt.
779 2298 848 2352 At
866 2295 1008 2351 unde
1031 2305 1279 2350 constare
1305 2300 1481 2363 potest
1505 2291 1647 2361 ipsos
1674 2305 1776 2342 non
1810 2303 2114 2357 persevera-

542 2403 690 2446 turos
718 2401 771 2445 et
800 2403 1080 2444 mansuros
1106 2386 1266 2443 esse?
1297 2385 1443 2441 Multi
1472 2398 1700 2453 namque
1730 2388 2110 2451 perseverant,

533 2493 588 2536 et
627 2481 838 2551 quidem
880 2479 1054 2549 plures
1101 2478 1164 2532 iis
1189 2519 1204 2542 ,
1239 2477 1328 2547 qui
1371 2474 1661 2530 decidunt:
1710 2474 1780 2526 ita
1826 2481 1880 2526 ιιι
1925 2471 2112 2525 horum

535 2585 694 2625 causa
727 2569 893 2638 magis
921 2566 1292 2622 conﬁdendum
1321 2567 1426 2629 sit,
1467 2580 1624 2633 quam
1669 2564 1878 2618 illorum
1924 2563 2115 2614 timeu-

533 2661 680 2714 dum.
711 2658 820 2713 Cur
844 2667 1019 2710 autem
1047 2673 1151 2709 non
1180 2655 1405 2723 idipsum
1442 2654 1582 2708 circa
1625 2653 1895 2706 literarum
1941 2650 2112 2704 studia

535 2750 768 2811 metuis,
813 2747 900 2802 ubi
943 2748 1168 2800 maxime
1209 2744 1500 2798 timendum
1534 2743 1652 2797 est?
1693 2741 1930 2810 Namque
1974 2740 2114 2810 apud

539 2838 830 2893 monachos
869 2837 1082 2907 quidem
1136 2851 1200 2889 ex
1247 2835 1423 2888 multis
1470 2833 1621 2902 pauci
1667 2831 1798 2902 lapsi
1840 2841 2003 2895 sunt,
2059 2831 2112 2886 in

539 2932 738 2985 scholis
793 2939 966 2983 autem
1017 2927 1309 2982 liberalium
1357 2927 1755 2994 disciplinarum
1812 2941 1876 2979 ex
1932 2925 2115 2979 tnultis

539 3023 688 3091 pauci
722 3021 960 3090 peritiam
983 3027 1357 3088 assequuntur.
1388 3016 1568 3086 Neque
1600 3016 1720 3070 inde
1748 3025 1946 3069 tantum
1977 3060 1993 3075 ,
2017 3016 2112 3070 sed

533 3114 691 3165 etiam
724 3111 902 3165 multis
931 3109 1047 3164 aliis
1067 3109 1133 3163 de
1159 3109 1334 3164 causis
1359 3107 1412 3162 in
1439 3108 1539 3161 hac
1567 3116 1716 3176 parte
1737 3107 1902 3176 magis
1924 3108 2117 3161 timen-

536 3202 662 3256 dum
698 3210 799 3257 est.
836 3200 1105 3270 Siquidem
1151 3210 1204 3254 et
1243 3199 1388 3269 pueri
1434 3198 1683 3252 obtusum
1721 3197 2030 3267 ingenium,
2062 3205 2117 3251 et

539 3293 910 3361 magistrorum
933 3289 1190 3360 imperitia
1211 3330 1226 3355 ,
1265 3298 1318 3343 et
1352 3287 1754 3358 paedagogorum
1773 3287 2113 3357 negligentia,

539 3392 595 3438 et
623 3383 786 3452 patris
815 3384 1034 3449 incuria,
1059 3398 1120 3435 ac
1141 3394 1444 3451 sumptuum
1466 3378 1835 3450 mercedisun
1850 3379 2111 3444 defectus,

539 3485 594 3529 et
615 3491 818 3529 morum
840 3473 1214 3527 dissimilitudo
1233 3513 1246 3538 ,
1273 3483 1326 3526 et
1348 3471 1830 3539 condiscipulorum
1851 3472 2111 3540 nequitia,

538 3575 594 3619 et
633 3567 765 3618 livor
805 3564 1134 3631 invidiaque,
1173 3563 1381 3632 aliaque
1421 3564 1643 3633 plurima
1683 3563 1749 3616 ab
1787 3563 2116 3632 assequendo

541 3656 647 3710 fine
673 3655 972 3710 deturbant.
1004 3653 1185 3723 Neque
1216 3654 1331 3708 haec
1369 3662 1567 3708 tantum
1595 3695 1608 3717 ,
1652 3653 1744 3708 sed
1785 3661 1906 3722 post
1944 3653 2114 3722 ipsum

539 3749 698 3802 etiam
726 3747 1014 3800 studiorum
1043 3746 1200 3800 ﬁnem
1244 3746 1345 3799 alia
1385 3756 1440 3799 et
1467 3746 1619 3815 plura
1652 3745 1862 3816 quidem
1894 3746 2118 3814 impedi-

539 3849 716 3892 menta
746 3847 1052 3891 occurrunt.
1097 3836 1378 3904 Postquam
1406 3836 1546 3890 enim
1578 3836 1838 3903 superatis
1868 3837 2116 3889 omnibus

542 3929 860 3998 elapsusque
887 3926 1124 3981 obicibus
1149 3925 1212 3978 ad
1238 3926 1408 3995 ipsum
1432 3924 1742 3978 eruditionis
1763 3925 1970 3978 Cllill'.ell
1998 3940 2116 3992 per-

541 4021 782 4084 venerit,
825 4019 941 4073 alite
980 4033 1188 4073 rursum
1229 4016 1432 4071 insidia:
1466 4028 1588 4070 sunt
1627 4017 1832 4086 posite.
1875 4017 2110 4086 Namque

544 4111 793 4180 principis
823 4109 1000 4162 odium
1027 4149 1041 4172 ,
1072 4107 1397 4162 consortium
1427 4106 1625 4160 invidia
1651 4148 1665 4170 ,
1694 4115 1988 4174 temporum
2016 4109 2117 4160 dif-

545 4202 750 4256 licultas
771 4241 786 4264 ,
817 4202 1106 4253 amicormn
1135 4198 1308 4268 inopia
1334 4239 1347 4262 ,
1379 4207 1662 4268 paupertas
1687 4239 1701 4262 ,
1747 4202 1813 4250 ab
1859 4199 1974 4268 ipso
2012 4199 2118 4253 [ine

543 4305 911 4360 smpvnumero
940 4289 1246 4342 excludunt.
1287 4288 1442 4358 Atqui
1481 4287 1617 4358 apud
1663 4289 1952 4343 menaebos
1988 4289 2115 4343 nihil

542 4383 715 4436 simile
739 4399 754 4443 ;
782 4380 874 4436 sed
906 4395 1008 4435 una
1041 4387 1241 4433 tantum
1286 4395 1343 4434 re
1384 4394 1516 4448 Opus
1553 4389 1672 4444 est,
1718 4380 1876 4433 nobili
1917 4380 2114 4434 scilicet

544 4482 702 4542 atque
726 4471 920 4526 eximia
948 4470 1257 4534 alacritate;
1290 4485 1408 4538 qua:
1435 4470 1477 4523 si
1505 4468 1732 4522 adfuerit
1754 4509 1768 4530 ,
1793 4469 1922 4522 nihil
1954 4471 2120 4540 impe-

553 4565 632 4619 dit
660 4564 945 4633 quominus
973 4561 1037 4614 ad
1072 4561 1226 4614 finem
1258 4560 1467 4614 virtutis
1493 4559 1846 4626 perveniatur.
1936 4594 1939 4596 -

619 4654 782 4718 Quam
817 4653 1149 4723 prtcstabilior
1185 4651 1282 4703 vita
1323 4650 1683 4723 monachorum
1723 4652 1822 4702 vita
1862 4650 2114 4704 secuturi.

544 4777 612 4788 συ-
639 4745 913 4812 Quomodo
944 4744 1102 4810 igitur
1139 4758 1243 4794 non
1278 4742 1510 4810 iniquum
1549 4717 1744 4804 fuerit,
1787 4742 1874 4795 ubi
1919 4744 2116 4810 optima

544 4852 666 4907 spes
693 4845 772 4889 est
792 4835 1071 4888 manifesta
1093 4843 1146 4887 et
1165 4837 1400 4899 proxima
1427 4875 1442 4897 ,
1466 4833 1750 4903 desperate
1772 4850 1833 4887 ac
1858 4845 2113 4897 tremere;

547 4927 633 4979 ubi
670 4941 794 4978 vero
833 4925 931 4975 alia
981 4939 1105 4991 spes
1142 4924 1405 4976 contraria
1433 4963 1446 4986 ,
1491 4924 1842 4976 remotissima
1891 4935 2010 4988 est,
2057 4940 2120 4980 ac

546 5013 725 5069 multis
754 5012 994 5065 obicibus
1023 5011 1352 5078 intercipitur
1374 5050 1389 5072 ,
1419 5026 1523 5062 non
1553 5012 1836 5080 desperare
1861 5055 1874 5077 ,
1905 5014 2012 5066 imo
2043 5017 2119 5068 rei

547 5105 700 5170 longe
745 5100 1068 5154 difﬁcillimas
1115 5099 1396 5153 maximam
1439 5099 1539 5152 sibi
1587 5116 1732 5168 spem
1773 5117 2115 5171 proponere:

545 5205 703 5262 atque
740 5195 790 5247 in
831 5194 1098 5246 litt-rarum
1119 5191 1326 5252 studiis,
1345 5205 1448 5245 neu
1472 5191 1636 5244 tristia
1659 5208 1774 5260 qua:
1794 5191 2118 5262 frequentius

547 5287 792 5340 accidunt
815 5327 829 5346 ,
862 5284 952 5337 sed
975 5284 1109 5337 bona
1129 5299 1248 5352 qum
1269 5298 1390 5337 raro
1410 5284 1719 5351 contingunt
1743 5286 2080 5341 considerare
2101 5304 2115 5350 ;

549 5391 687 5430 circa
716 5386 910 5428 statum
942 5389 1070 5429 vero
1111 5372 1489 5427 monachorum
1532 5373 1858 5426 contrarium
1903 5375 2074 5430 facere
2099 5418 2114 5443 ,

545 5476 600 5520 et
625 5466 709 5519 ubi
741 5480 861 5534 spes
891 5465 1147 5518 honorum
1177 5463 1355 5515 multae
1380 5471 1542 5528 sunt,
1571 5462 1635 5515 ad
1663 5463 1829 5517 tristia
1852 5468 2118 5534 respicere

547 5568 749 5614 tantum
775 5574 788 5619 ;
820 5556 904 5611 tibi
933 5570 1060 5610 vero
1082 5555 1149 5609 de
1177 5555 1442 5608 contraria
1463 5569 1557 5622 spe
1583 5553 1755 5622 agitur
1778 5595 1794 5620 ,
1841 5571 1957 5624 qua:
1978 5555 2115 5610 bona

547 5660 667 5706 sunt
696 5659 896 5705 tantum
925 5644 1265 5702 considerare
1285 5644 1309 5698 ἲ
1328 5645 1654 5715 Quamquam
1679 5644 1785 5699 illic
1813 5643 2115 5715 frequenter

3686 271 3790 325 57'2

2217 386 2510 455 contingit,
2547 395 2602 440 ut
2629 402 2746 440 cum
2778 388 2952 440 omnia
2983 401 3100 456 qua:
3124 400 3444 440 concurrere
3472 384 3669 441 debent
3695 401 3791 456 pro

2214 485 2341 531 voto
2365 477 2720 546 contigerint,
2754 485 3070 546 prtematura
3098 490 3241 529 mors
3265 473 3518 530 athletam
3560 485 3678 542 post
3718 477 3790 529 in-

2217 566 2392 622 finitos
2421 568 2643 622 sudores
2668 568 2901 621 nondum
2932 578 3240 620 coronatum
3267 565 3525 635 abripiat;
3560 567 3644 621 hic
3664 583 3792 621 vero

2213 658 2422 712 etiamsi
2463 659 2514 711 in
2562 658 2750 712 mediis
2793 658 3169 712 certaminibus
3210 658 3336 712 illud
3379 659 3620 722 accidat,
3667 669 3792 716 tunc

2215 749 2447 802 maxime
2477 748 2786 817 splendidus
2814 757 2869 804 et
2891 758 3174 803 coronatus
3196 749 3579 818 proficiscatur.
3610 750 3795 818 Itaque

2213 839 2259 894 si
2302 840 2532 893 futurum
2579 841 2808 904 metuis,
2849 839 2990 894 circa
3035 840 3303 893 literarum
3347 841 3520 895 studia
3561 842 3792 897 maxime

2214 929 2505 984 timendum
2534 939 2616 983 est
2643 971 2656 993 ,
2686 931 2773 982 ubi
2805 945 2872 983 ne
2901 929 2965 984 ad
2994 931 3274 983 terminum
3301 931 3636 997 perveniatur
3663 932 3788 1000 plu-

2217 1021 2348 1073 rima
2375 1029 2497 1073 sunt
2524 1020 2919 1090 impedimento.
2949 1019 3028 1075 Tu
3050 1035 3176 1074 vero
3207 1020 3310 1074 illic
3331 1020 3539 1090 quidem
3563 1023 3790 1088 resides,

2214 1111 2598 1182 diuturnasqtte
2627 1129 2804 1167 moras
2828 1115 3060 1168 sustines
3083 1155 3098 1179 ,
3128 1128 3232 1166 non
3259 1129 3321 1167 ea
3365 1130 3481 1183 qua:
3521 1115 3572 1169 in
3615 1115 3792 1169 medio

2217 1205 2385 1272 posita
2433 1213 2586 1268 sunt,
2631 1215 2871 1272 sumptus
2913 1219 3122 1274 nempe,
3176 1221 3476 1269 mrumnas,
3531 1205 3789 1260 incertum

2213 1304 2461 1348 eventum
2489 1335 2503 1358 ,
2533 1295 2626 1348 sed
2675 1294 2830 1348 linem
2874 1303 3078 1348 tantum
3126 1295 3453 1364 reSpieiens:
3497 1295 3582 1349 hic
3615 1306 3790 1350 autem

2215 1401 2334 1440 cum
2367 1386 2595 1440 nondum
2618 1385 2682 1440 ad
2708 1387 3024 1441 vestibulum
3046 1402 3178 1457 puer
3196 1387 3465 1455 ingressus
3492 1387 3590 1449 sit,
3619 1403 3792 1458 neque

2217 1475 2352 1528 hanc
2397 1477 2799 1544 pulcherrimam
2867 1476 3253 1545 philosophiam
3294 1477 3558 1546 attigerit,
3611 1487 3788 1533 statim

2217 1567 2369 1620 times
2395 1575 2448 1621 et
2477 1569 2706 1638 trepidas
2731 1609 2745 1632 ,
2770 1568 2878 1633 jam
2903 1568 3211 1635 desperatas
3231 1569 3576 1635 cogitationes
3597 1569 3791 1622 admit-

2218 1659 2284 1709 tis
2302 1657 2324 1696 ?
2351 1659 2508 1723 Atqui
2543 1659 2656 1727 ipse
2679 1659 2834 1727 paulo
2855 1670 2979 1713 ante
2999 1659 3214 1713 dicebas
3239 1677 3252 1712 :
3276 1659 3409 1724 Quid
3430 1660 3569 1713 enim
3589 1660 3614 1712 ἲ
3636 1661 3749 1714 isne
3769 1700 3789 1727 ,

2215 1749 2304 1817 qui
2337 1750 2516 1803 urbem
2548 1751 2728 1803 incolit
2752 1761 2803 1803 et
2833 1750 3047 1803 domum
3075 1793 3089 1814 ,
3120 1750 3340 1803 salutem
3391 1753 3640 1820 consequi
3684 1767 3790 1806 non

2218 1841 2434 1909 potest?
2465 1841 2601 1908 Ergo
2636 1840 2678 1893 si
2717 1857 2835 1894 cum
2867 1841 2995 1894 urbe
3022 1883 3036 1902 ,
3085 1841 3246 1894 domo
3276 1851 3328 1895 et
3367 1857 3531 1895 uxore
3568 1843 3792 1896 salutem

2217 1929 2474 1996 consequi
2502 1940 2651 1996 potes
2677 1971 2690 1993 ,
2722 1932 2888 1984 multo
2921 1931 3085 1998 magis
3113 1933 3227 1985 sine
3258 1948 3422 1985 uxore
3447 1941 3499 1986 et
3539 1932 3657 1985 aliis
3693 1933 3796 1986 bu-

2212 2022 2466 2090 jusmodi.
2496 2022 2675 2092 Neque
2702 2024 2841 2076 enim
2871 2034 2948 2077 est
2977 2023 3212 2092 ejusdem
3243 2023 3476 2078 hominis
3505 2039 3644 2078 nunc
3670 2025 3795 2094 qui-

2217 2113 2338 2166 dem
2365 2112 2636 2167 conlidere
2659 2154 2672 2174 ,
2706 2113 2911 2167 etiamsi
2940 2113 3285 2167 sa-cularibus
3315 2115 3539 2183 negotiis
3565 2115 3797 2184 illigatus

2217 2205 2411 2270 fuerit,
2440 2223 2501 2260 ac
2523 2207 2565 2259 si
2599 2207 2698 2259 hoc
2723 2222 2932 2275 quoque
2975 2207 3134 2260 modo
3171 2207 3314 2261 salus
3341 2207 3538 2276 acquiri
3579 2208 3794 2277 possit:

2218 2315 2358 2354 nunc
2385 2314 2512 2354 vero
2541 2341 2555 2365 ,
2596 2300 2694 2354 etsi
2724 2300 2791 2353 ab
2815 2299 3060 2353 omnibus
3089 2301 3224 2354 liber
3248 2301 3478 2354 evaserit
3505 2342 3520 2365 ,
3565 2311 3798 2356 tremere

2216 2405 2279 2444 ac
2304 2399 2542 2444 metuere
2565 2430 2581 2456 ,
2611 2390 2760 2458 quasi
2786 2391 2904 2444 sine
2929 2391 3032 2444 illis
3061 2391 3223 2459 probe
3252 2391 3434 2446 vivere
3468 2406 3572 2445 non
3600 2393 3794 2461 possit.

2215 2482 2346 2536 Nam
2376 2481 2418 2536 si
2451 2482 2513 2543 is.
2542 2483 2629 2552 qui
2662 2481 2846 2536 urbem
2879 2482 3079 2547 incolit,
3114 2489 3294 2550 posset
3337 2482 3561 2537 salutem
3607 2485 3793 2536 nanci-

2216 2572 2291 2624 sci
2319 2614 2332 2636 ,
2362 2581 2418 2624 ιιι
2453 2571 2587 2626 dicis
2611 2612 2628 2636 ,
2673 2572 2838 2625 multo
2876 2571 3042 2640 magis
3071 2571 3160 2640 qui
3205 2572 3256 2625 in
3301 2571 3587 2626 solitudine
3626 2573 3793 2642 degit.

2217 2663 2351 2730 Quid
2376 2663 2532 2732 igitur
2554 2663 2639 2717 hic
2663 2678 2764 2716 non
2790 2677 2944 2732 posse
2967 2665 3124 2717 times
3143 2704 3159 2729 ,
3185 2677 3306 2717 cum
3326 2662 3435 2718 illic
3457 2677 3558 2717 non
3582 2665 3792 2724 timeas,

2219 2754 2306 2807 ubi
2338 2755 2514 2824 potius
2544 2754 2834 2808 timendunt
2865 2754 3057 2808 esset?

2291 2847 2375 2902 M.
2408 2845 2666 2908 Prwcepta
2687 2846 2858 2898 eadem
2888 2845 3146 2899 monachis
3164 2854 3212 2897 et
3240 2845 3581 2898 mentm-ibus.
3612 2875 3683 2885 --—
3707 2848 3800 2909 At,

2218 2937 2442 3006 inquies,
2475 2951 2577 2990 non
2607 2951 2702 3005 par
2744 2936 2947 2990 crimen
2994 2944 3076 2989 est
3126 2936 3435 2989 s:ecularem
3469 2951 3710 3002 peccare.
3740 2947 3795 2986 ιιι

2217 3045 2336 3084 eum
2359 3029 2444 3097 qui
2477 3028 2640 3082 semel
2667 3041 2725 3081 se
2744 3027 2851 3080 Deo
2875 3026 3295 3081 consecraverit:
3318 3041 3488 3094 neque
3510 3027 3650 3079 enim
3678 3041 3804 3077 aut-
3833 3057 3838 3060 -

2219 3119 2286 3174 bo
2311 3120 2378 3172 ab
2403 3118 2587 3172 eadem
2619 3117 2896 3172 altitudine
2920 3117 3117 3170 cadunt
3143 3132 3158 3180 ;
3183 3131 3346 3185 quare
3363 3131 3544 3170 eorum
3574 3117 3798 3169 vulnera

2221 3225 2322 3262 non
2350 3210 2570 3274 mqualia
2602 3216 2744 3262 sunt.
2778 3208 2818 3260 Τ
2822 3208 3025 3276 eipsum
3056 3221 3270 3275 prorsus
3300 3205 3456 3266 fallis,
3481 3207 3524 3258 si
3554 3206 3655 3258 alia
3690 3223 3794 3272 pu-

2220 3309 2299 3352 tas
2325 3314 2352 3352 a
2375 3299 2637 3361 smcnlari,
2669 3298 2768 3350 alia
2799 3313 2829 3350 a
2853 3296 3114 3351 monacho
3128 3297 3285 3366 exigi.
3321 3296 3610 3350 Discrimen
3639 3297 3800 3365 quip-

2221 3405 2286 3459 pe
2316 3391 2451 3442 inter
2473 3389 2593 3443 illos
2620 3389 2718 3442 hoc
2741 3397 2842 3451 est,
2866 3387 3004 3456 quod
3033 3389 3166 3442 alius
3209 3387 3366 3442 ducat
3389 3402 3632 3450 uxorem,
3659 3389 3802 3440 alios

2220 3497 2324 3535 non
2355 3480 2532 3542 ducat,
2565 3496 2660 3549 pro
2689 3481 2804 3534 aliis
2835 3496 2962 3534 vero
3000 3482 3248 3534 omnibus
3275 3496 3608 3534 communem
3635 3484 3803 3534 ambo

2218 3571 2479 3626 rationem
2503 3570 2759 3625 reddituri
2783 3579 2924 3625 sunt.
2971 3569 3100 3624 Nam
3122 3573 3213 3641 qui
3259 3571 3502 3625 irascitur
3522 3569 3671 3624 fratri
3696 3587 3803 3624 suo

2219 3662 2335 3716 sine
2362 3677 2542 3726 causa,
2575 3662 2687 3715 sive
2738 3661 3006 3736 saecularis
3055 3661 3168 3714 sive
3197 3661 3489 3714 monachus
3508 3663 3597 3723 sit,
3628 3661 3801 3714 Deum

2219 3751 2463 3806 similiter
2504 3750 2722 3804 oll‘ettdit
2752 3767 2765 3803 :
2795 3758 2849 3803 et
2876 3750 2962 3818 qtti
3014 3750 3230 3818 respicit
3271 3751 3546 3804 mulierem
3574 3751 3640 3804 ad
3668 3767 3804 3805 con-

2218 3840 2596 3910 cupiscendum
2623 3855 2760 3902 eam,
2793 3839 3042 3892 utrolibet
3072 3840 3122 3891 in
3151 3848 3286 3892 statu
3308 3839 3398 3903 sit,
3427 3840 3614 3894 eadem
3644 3840 3805 3894 adul-

2221 3933 2333 3986 terii
2359 3931 2614 4000 plectetur
2640 3945 2822 3999 poena;
2866 3933 2971 3983 imo
2991 3946 3119 3984 vero
3155 3929 3197 3982 si
3248 3930 3372 3998 quid
3423 3931 3799 3984 ratiocinantlo

2219 4025 2415 4078 addere
2440 4024 2514 4077 fas
2543 4025 2632 4087 sit,
2662 4023 2931 4076 s:ecularis
2962 4023 3062 4076 hoc
3105 4037 3267 4090 agens
3294 4021 3470 4076 minus
3521 4023 3674 4076 venia
3712 4023 3800 4075 tli-

2219 4131 2354 4184 gutts
2373 4123 2472 4168 est.
2497 4113 2609 4168 Non
2639 4114 2780 4168 enim
2813 4129 2904 4182 par
2926 4113 3126 4166 facinus
3157 4121 3239 4166 est
3267 4127 3412 4177 eum,
3443 4113 3531 4180 qui
3571 4128 3800 4166 uxorem

2222 4206 2398 4271 habet,
2427 4217 2481 4260 et
2525 4206 2623 4258 hac
2650 4206 3012 4258 consolatione
3061 4204 3273 4269 fruitur,
3303 4203 3536 4257 mulieris
3560 4203 3800 4271 pulchri—

2223 4295 2403 4350 tudine
2423 4295 2629 4358 abduci,
2655 4297 2733 4348 vel
2757 4311 2877 4351 eum
2904 4295 2994 4364 qui
3013 4296 3114 4348 hoc
3138 4311 3350 4363 prorsus
3371 4295 3675 4349 destituitur
3701 4311 3803 4348 att-

2221 4386 2366 4451 xilio,
2390 4385 2456 4438 ab
2477 4386 2568 4438 illo
2593 4385 2728 4439 vinci
2748 4387 2905 4439 malo.
2941 4386 3141 4440 Rursus
3167 4387 3255 4456 qui
3281 4387 3443 4454 jurat,
3462 4387 3514 4440 in
3543 4402 3798 4456 quocum-

2221 4493 2325 4548 que
2361 4487 2496 4532 statu
2519 4489 2777 4540 versetur,
2809 4479 2917 4548 pari
2943 4479 3099 4532 modo
3119 4478 3416 4532 damnatur.
3448 4477 3632 4548 Neque
3651 4481 3795 4532 enim

2221 4569 2462 4624 Christus
2492 4585 2610 4624 cum
2637 4571 2734 4623 hac
2770 4571 2836 4624 tle
2879 4585 2938 4624 re
2968 4579 3221 4626 statueret
3248 4571 3523 4640 legemque
3549 4583 3795 4640 poneret,

2225 4659 2358 4713 hanc
2377 4659 2773 4713 distinctionem
2804 4659 2948 4726 fecit,
2987 4675 3156 4728 neque
3187 4661 3336 4724 dixit,
3374 4662 3428 4716 Si
3461 4663 3505 4715 is
3531 4663 3618 4729 qtti
3655 4663 3797 4730 jumt

2222 4749 2512 4803 monachus
2532 4749 2619 4814 sit,
2642 4766 2704 4802 ex
2726 4751 2953 4819 maligno
2971 4762 3048 4804 est
3063 4751 3430 4819 jusjurandum
3457 4769 3471 4814 ;
3504 4756 3545 4804 si
3569 4770 3674 4806 non
3691 4769 3796 4805 mo-

2224 4841 2444 4904 nachus,
2494 4856 2598 4893 non
2639 4841 2761 4892 item
2796 4859 2807 4893 :
2839 4841 2930 4894 sed
2961 4841 3274 4909 simpliciter
3319 4844 3594 4912 semelque
3619 4849 3790 4896 orum-

2225 4931 2320 4981 bus
2340 4929 2469 4981 dixit
2495 4947 2507 4981 :
2532 4928 2640 4998 Ego
2663 4940 2829 4981 autem
2875 4930 2986 4982 dico
3029 4929 3182 4992 vobis,
3238 4946 3337 4984 non
3367 4931 3548 5000 jurare
3593 4934 3794 4984 omnino

2224 5016 2455 5084 (Matth.
2479 5018 2531 5070 5.
2564 5018 2633 5071 54
2662 5017 2702 5084 ).
2744 5018 3041 5087 lterttmque
3087 5034 3206 5073 cum
3257 5021 3348 5085 ait,
3390 5018 3479 5074 ινω
3521 5021 3794 5074 ridentibus

2225 5107 2368 5178 (Luc.
2402 5109 2453 5159 ti.
2479 5108 2550 5160 25
2581 5106 2624 5176 ),
2653 5123 2755 5160 non
2788 5107 3008 5173 addidit,
3042 5109 3335 5177 monachis,
3354 5111 3446 5165 sed
3485 5111 3791 5180 simpliciter

2224 5197 2568 5249 sicomuibus
2596 5196 2762 5263 legem
2792 5197 2925 5250 tulit.
2953 5197 3146 5267 Sicque
3192 5197 3316 5252 fecit
3361 5201 3520 5254 etiam
3571 5201 3622 5253 in
3679 5201 3792 5253 aliis

2223 5288 2466 5341 omnibus
2483 5287 2684 5355 magnis
2705 5288 3136 5358 mirabilibusque
3161 5293 3459 5359 prmceptis.
3486 5290 3619 5345 Cum
3646 5293 3784 5347 enim

2224 5383 2292 5432 ait
2323 5381 2340 5445 (
2373 5379 2552 5432 Matth.
2582 5379 2635 5433 5.
2660 5379 2792 5433 5-12
2818 5380 2857 5448 ),
2904 5381 3048 5436 Beati
3081 5397 3339 5452 pauperes
3383 5384 3592 5450 spiritu.
3623 5384 3789 5451 lugen-

2228 5483 2332 5533 tes,
2363 5471 2536 5527 mites.
2567 5471 2865 5524 esurientes
2889 5480 2944 5525 et
2991 5472 3229 5526 sitientes
3275 5472 3554 5539 justitiam,
3585 5475 3784 5527 miseri-

2224 5559 2430 5620 Cordcs,
2468 5559 2647 5612 mundi
2679 5558 2858 5617 corde,
2909 5560 3131 5626 pacilici,
3188 5562 3274 5630 qui
3332 5566 3782 5630 persequutionetn

2226 5648 2497 5715 patiuntur
2526 5656 2739 5716 propter
2779 5647 3058 5714 justitiam,
3087 5660 3138 5703 et
3161 5651 3248 5719 qui
3301 5651 3453 5704 fanda
3481 5662 3538 5708 et
3582 5649 3780 5706 infanda
