4124 6144
164 320 169 325 δ
248 318 343 373 δτι
708 269 727 275 ’
1055 313 1421 372 ADVERSUS
1460 311 1920 372 OPPUGNATOB

2053 312 2235 370 “TE
2276 314 2577 373 MONAST.
2615 317 2744 374 LIB.
2786 314 2874 375 111.

238 433 519 504 ὠμότητος
544 433 609 486 ἂν
634 433 717 504 εἴη
741 431 831 486 τὸν
858 432 978 486 οὐδὲ
1000 431 1177 502 ἐαυτῷ
1198 431 1495 503 δυνάμενον
1518 430 1741 502 ἀμῦναι,
1777 427 1912 482 ἀλλὰ

240 521 510 593 κείμενον,
556 522 651 574 καί
701 521 872 592 μυρία
925 521 1214 592 δεχόμενον
1261 519 1576 591 τραύματα,
1632 520 1726 572 καὶ
1787 516 1913 579 τοὺς

238 610 428 673 ἄλλους
479 609 903 678 ἀσθενεστέρους
964 608 1241 673 ποιοῦντα,
1288 608 1478 661 τοῦτον
1532 608 1591 659 ἐν
1630 605 1708 677 τῷ
1762 604 1914 675 μέσῳ

240 697 679 765 κατακόπτεσθαι
719 700 836 770 ἐᾷν,
868 698 987 752 δέον
1015 698 1260 765 ἐξέλκειν
1292 697 1404 750 ἀπὸ
1429 696 1532 765 τῆς
1566 695 1767 766 μάχης.
1804 694 1915 746 Kal

240 786 346 856 γάρ
375 787 472 840 καὶ
516 784 824 856 στρατηγὸν
870 785 1073 854 ὁμοίως
1112 784 1178 839 ἄν
1218 802 1303 848 τις
1344 784 1617 845 κολάσειε,
1654 782 1747 834 τὸν
1786 780 1917 843 τούς

238 893 296 928 τε
318 875 650 945 δυναμένους
680 874 938 944 πολεμεῖν
961 873 1246 941 ἀπάγοντα
1263 872 1362 942 τῆς
1386 869 1760 943 παρατάξεως,
1788 868 1916 932 τούς

238 981 295 1017 τε
323 962 633 1035 τρωθέντας
665 961 760 1016 καὶ
797 961 1105 1033 κειμένους,
1158 961 1254 1015 καὶ
1300 960 1431 1023 τοὺς
1478 959 1671 1022 ἄλλους
1720 974 1915 1010 συντα-

240 1052 541 1122 Γάσσοντας
581 1048 870 1103 κελεύοντα
925 1050 1141 1103 κεῖσθαι
1194 1047 1485 1112 διαπαντὸς
1533 1049 1591 1102 ἐν
1628 1046 1708 1118 τῷ
1743 1046 1912 1117 μέσῳ.

311 1145 402 1207 ιγ’.
421 1138 574 1192 Ἐπεὶ
593 1139 652 1192 δὲ
677 1138 863 1192 πολλοὶ
884 1138 993 1191 τῶν
1012 1138 1287 1209 πατέρων,
1311 1137 1540 1200 ἕκαστος
1567 1135 1811 1204 ἔγκειται
1825 1135 1915 1189 τὸν

236 1229 351 1284 υἱὸν
381 1226 667 1296 ἐπιθυμῶν
698 1227 756 1280 ἐν
781 1225 962 1294 λόγοις
989 1223 1170 1291 ζῶντα
1192 1227 1347 1297 ὁρᾷν,
1382 1225 1457 1289 ὡς
1485 1222 1730 1295 ἀκριϐῶς
1762 1221 1917 1287 εἰδὼς

237 1318 318 1371 ὃτι
356 1312 493 1386 πρὸς
522 1313 581 1367 τὸ
613 1312 767 1377 τέλος
808 1313 1026 1378 πάντως
1067 1313 1187 1384 ἥξει
1216 1313 1325 1366 τῶν
1352 1312 1695 1384 λόγων,ὑπέρ
1724 1312 1915 1365 τούτου

241 1404 340 1475 μὲν
367 1404 442 1474 μὴ
472 1402 887 1473 φιλονεικῶμεν,
925 1402 1059 1472 μηδέ
1091 1400 1174 1456 ὅτι
1214 1402 1647 1473 διαμαρτήσεται
1683 1414 1709 1442 α
1746 1399 1918 1470 λέγω-

239 1509 362 1562 μεν,
392 1489 527 1543 ἀλλὰ
557 1488 739 1559 δῶμεν
765 1488 839 1561 τῷ
880 1489 1023 1560 λόγῳ
1063 1491 1157 1543 καὶ
1186 1489 1538 1561 περιέσεσθαι
1579 1488 1796 1552 πάντως
1820 1489 1917 1541 αὐ-

245 1580 329 1632 τδν
358 1578 460 1647 τῆς
494 1578 752 1648 σπουδῆς,
788 1578 884 1631 καὶ
922 1578 1056 1650 πρὸς
1091 1578 1260 1648 ἄκρον
1293 1577 1605 1647 ἀφίξεσθαι.
1641 1578 1828 1631 Ἔστω
1857 1576 1918 1630 δέ

236 1667 449 1738 αἵρεσις
476 1668 608 1736 ἡμῖν
632 1666 967 1737 προκειμένη
989 1666 1173 1736 διπλῆ,
1205 1666 1299 1720 καὶ
1329 1669 1408 1730 εἰς
1436 1665 1787 1719 διδασκαλεῖα
1819 1665 1918 1735 μὲν

237 1755 460 1823 φοιτῶν,
498 1755 640 1826 ὑπὲρ
690 1754 790 1824 τῆς
833 1755 1122 1825 μαθήσεως
1163 1756 1334 1826 ἐχέτω
1370 1755 1461 1808 τὸν
1503 1755 1711 1823 ἀγῶνα,
1745 1756 1824 1817 είς
1859 1754 1918 1809 δέ

234 1843 475 1915 ἐρημίας
523 1844 665 1915 ὑπὲρ
697 1844 796 1913 τῆς
828 1844 1039 1913 ψυχῆς·
1086 1844 1189 1898 ποῦ
1222 1844 1450 1915 βέλτιον,
1483 1843 1605 1898 είπέ
1638 1861 1748 1914 μοι,
1779 1860 1919 1914 κρα-

234 1936 387 1998 τεῖν;
424 1933 521 1985 ’Λν
555 1931 653 2002 μὲν
685 1932 795 2003 γὰρ
832 1932 1173 2002 ἑκατέρωθεν
1215 1931 1511 2003 συμϐαίνῃ,
1543 1930 1700 1999 κάγὼ
1732 1930 1921 2002 βούλο-

238 2039 370 2093 μαισ
402 2021 469 2074 ἂν
492 2020 549 2074 δὲ
576 2020 802 2094 θάτερον
831 2020 1110 2091 λείπηται,
1153 2020 1362 2093 βέλτιον
1404 2020 1619 2073 ἑλέσθαι
1648 2020 1708 2073 τὸ
1735 2022 1919 2090 κρεῖτ-

245 2127 351 2163 εον.
376 2108 507 2172 Ναὶ,
536 2110 722 2178 φησὶν,
751 2108 884 2163 αὐτὸ
906 2109 964 2162 δέ
994 2108 1153 2161 τοῦτο
1195 2109 1358 2162 πόθεν
1395 2111 1526 2180 ἡμῖν
1554 2109 1707 2162 ἔσται
1738 2109 1916 2179 δῆλον,

233 2197 321 2251 ὅτι
371 2197 629 2268 στήσεται
676 2197 771 2251 καὶ
804 2200 972 2268 μενεῖ,
1018 2197 1112 2251 καὶ
1151 2197 1212 2251 ού
1260 2200 1684 2268 μεταπεσεῖταις
1733 2197 1920 2253 πολλοὶ

246 2286 352 2358 γὰρ
374 2288 425 2340 οἱ
456 2286 735 2350 πεσόντες.
769 2288 941 2342 Πόθεν
964 2288 1124 2359 δῆλον
1155 2289 1236 2343 ὅτι
1263 2290 1325 2342 ού
1355 2290 1633 2360 στήσεται,
1666 2287 1787 2341 ούδέ
1820 2305 1919 2359 με-

240 2377 358 2439 νεῖς
416 2374 600 2428 πολλοὶ
660 2375 768 2448 γὰρ
821 2377 871 2429 οἱ
931 2377 1174 2441 στάντες,
1231 2377 1327 2430 καλ⁵
1375 2377 1486 2430 τῶν
1552 2376 1919 2431 πεπτωκότων

237 2462 494 2528 πλείους⁶
525 2464 667 2519 ὥστε
713 2465 803 2520 διὰ
837 2464 1061 2530 τούτους
1115 2466 1317 2537 μᾶλλον
1360 2467 1584 2538 θαρρεῖν
1630 2466 1757 2537 χρὴ,
1789 2465 1821 2535 ἢ
1852 2466 1919 2520 δι’

236 2552 487 2616 ἐκείνους
523 2552 828 2622 φοϐεῖσθαι.
872 2552 1029 2618 Τίνος
1059 2554 1118 2608 δὲ
1144 2554 1334 2608 ἕνεκεν
1362 2556 1456 2609 καὶ
1485 2554 1580 2608 ἐπὶ
1612 2555 1719 2608 τῶν
1746 2554 1921 2623 λόγων

236 2640 378 2693 αὐτὸ
400 2641 559 2695 τοῦτο
591 2642 654 2695 ού
678 2641 943 2708 δέδοικας,
979 2642 1107 2696 ἔνθα
1142 2643 1376 2714 μάλιστα
1404 2642 1699 2697 δεδοικέναι
1721 2643 1918 2715 ἐχρῆν;

239 2729 406 2801 Παρά
435 2729 536 2800 μὲν
567 2730 676 2801 γὰρ
709 2732 823 2796 τοῖς
864 2734 1118 2803 μοναχοῖς
1146 2733 1211 2785 ἐκ
1242 2731 1451 2785 πολλῶν
1484 2731 1656 2801 ὀλίγοι
1686 2731 1921 2803 διήμαρ⁴

236 2834 366 2871 τον·
397 2820 454 2873 ἐν
484 2819 542 2872 δέ
565 2823 687 2883 ταῖς
716 2820 827 2873 τῶν
855 2821 1031 2889 λόγων
1059 2820 1362 2893 διατριϐαῖς
1388 2822 1496 2875 ἀπὸ
1522 2821 1731 2876 πολλῶν
1746 2823 1921 2892 ὀλίγοι

237 2910 638 2981 κατώρθωσαν.
677 2913 789 2966 Kal
817 2913 918 2966 οὐκ
949 2912 1060 2966 ἀπὸ
1082 2913 1290 2967 τούτων
1326 2913 1506 2985 μόνον,
1532 2913 1672 2968 ἀλλὰ
1698 2916 1793 2969 καὶ
1826 2917 1919 2986 ἀφ’

239 3003 454 3075 ἐτέρων
488 3003 752 3061 πλειόνων
782 3006 1006 3070 εἰκότως
1044 3007 1108 3061 ἄν
1141 3025 1225 3069 τις
1246 3008 1430 3062 ἐκεῖνα
1453 3008 1653 3079 μᾶλλον
1678 3011 1918 3080 φοϐοῖτο.

242 3098 358 3150 Καὶ
406 3098 515 3168 γὰρ
557 3097 747 3160 παιδὸς
799 3098 990 3167 ἀφυῒα,
1039 3099 1134 3152 καὶ
1179 3099 1516 3154 διδασκάλων
1555 3102 1782 3171 ἀμαθία,
1827 3105 1922 3159 καὶ

240 3188 620 3257 παιδαγωγῶν
653 3188 916 3261 ῥᾳθυμία,
960 3190 1056 3243 καὶ
1099 3191 1304 3262 πατρὸς
1340 3191 1583 3261 ἀσχολία,
1620 3194 1714 3248 καὶ
1743 3194 1923 3249 δαπα-

231 3283 353 3339 νῶν
406 3285 502 3338 καὶ
551 3273 760 3356 μισθῶν
816 3283 1086 3353 ἔλλειψις,
1136 3286 1231 3339 καὶ
1267 3286 1484 3356 τρόπων
1529 3287 1782 3360 διαφορὰ,
1828 3290 1923 3343 καὶ

232 3379 635 3450 συμφοιτητῶν
663 3379 827 3433 κακία
851 3380 946 3434 καὶ
975 3379 1168 3448 φθόνος
1202 3382 1297 3434 καὶ
1326 3380 1613 3450 βασκανία,
1639 3381 1790 3456 [100]
1827 3386 1924 3439 καὶ

229 3472 422 3527 πολλά
459 3471 623 3546 ἐτερα
646 3473 724 3544 τῷ
752 3472 896 3526 τέλει
925 3471 1266 3543 λυμαίνεται.
1300 3474 1410 3526 Kal
1447 3473 1505 3526 οὐ
1537 3473 1708 3527 ταῦτα
1742 3475 1921 3545 μόνον,

224 3568 383 3622 ἀλλὰ
413 3569 508 3623 καὶ
532 3569 670 3640 μετὰ
691 3569 754 3623 τὸ
770 3570 924 3633 τέλος
951 3569 1155 3623 τούτων
1176 3569 1338 3642 ἕτερα
1371 3570 1590 3625 πλείονα
1608 3588 1620 3601 ·
1657 3573 1784 3626 ὅταν
1814 3574 1924 3645 γάρ

226 3665 464 3722 ἅπαντα
495 3664 740 3737 ὑπερϐὰς
769 3665 905 3737 πρὸς
931 3666 1062 3719 αὐτὸ
1099 3667 1199 3736 τῆς
1222 3667 1469 3732 παιδείας
1524 3668 1585 3721 τὸ
1616 3669 1782 3740 ἀκρον
1820 3671 1924 3740 ἀφ·

230 3764 455 3831 ίκηται,
478 3761 669 3831 μηδενὶ
683 3760 886 3815 τούτων
912 3762 1342 3827 ύποσκελισθεὶς,
1373 3763 1535 3834 ἐτέρα
1558 3763 1719 3819 πάλιν
1746 3769 1922 3820 κεῖται

225 3856 441 3928 ἐνέδρα
476 3858 610 3910 ἐκεῖ.
641 3858 752 3911 Kal
784 3857 892 3929 γὰρ
937 3858 1197 3931 ἄρχοντος
1242 3861 1557 3932 δυσμένεια,
1599 3863 1694 3916 καὶ
1731 3863 1923 3932 φθόνος

222 3955 355 4008 τῶν
384 3954 714 4026 ὁμοτέχνων,
749 3955 844 4009 καὶ
880 3957 1087 4029 καιρῶν
1129 3957 1406 4023 δυσκολία,
1443 3960 1537 4013 καὶ
1580 3961 1749 4029 φίλων
1790 3961 1923 4030 ἐρη-

154 4100 159 4103 .
228 4052 372 4125 μία,
404 4053 497 4105 καὶ
526 4053 688 4106 πενία
730 4053 993 4118 πολλάκις
1032 4054 1127 4108 τοῦ
1168 4056 1357 4120 τέλους
1395 4056 1736 4128 ἐξέκρουσεν.
1782 4056 1922 4108 Ἀλλ’

227 4151 350 4204 οὐκ
376 4149 593 4204 ἐπὶτῶν
614 4151 865 4222 μοναχῶν
888 4151 1082 4216 οῦτως,
1115 4152 1228 4207 ἀλλ’
1255 4152 1371 4216 ἐνὸς
1399 4153 1480 4206 δεῖ
1509 4153 1690 4222 μόνου,
1726 4153 1925 4224 προθυ-

237 4248 386 4321 μίας
413 4248 669 4316 γενναίας
696 4251 792 4302 καὶ
821 4250 1033 4321 ἀγαθῆς
1054 4266 1067 4278 ·
1105 4251 1208 4305 κᾶν
1252 4251 1411 4305 τοῦτο
1449 4254 1647 4324 προσῇ,
1683 4252 1835 4305 οὐδὲν
1863 4253 1926 4306 τὸ

230 4344 462 4402 κωλύον
490 4347 624 4417 πρὸς
653 4347 713 4401 τὸ
742 4348 896 4412 τέλος
935 4347 1107 4402 ἐλθεῖν
1148 4350 1246 4421 τῆς
1282 4350 1502 4422 ἀρετῆς.

322 4463 451 4526 Πῶς
486 4458 582 4516 οῦν
602 4463 701 4516 οὐκ
722 4463 927 4527 ἄδικον,
956 4463 1085 4518 ἔνθα
1126 4465 1224 4535 μὲν
1244 4465 1312 4518 τά
1342 4465 1452 4517 τῶν
1487 4466 1739 4537 χρηστῶν
1769 4466 1926 4520 ἐλπί-

227 4561 356 4615 δων
387 4560 526 4629 δῆλά
559 4560 620 4613 τέ
646 4562 762 4614 ἐστι
793 4561 886 4615 καὶ
917 4560 1188 4633 ἐγγύτερα
1236 4562 1632 4627 ἀπογινώσκειν
1683 4564 1776 4616 καὶ⁷
1800 4564 1925 4634 τρέ-

237 4672 399 4726 μειν,
420 4656 549 4710 ἔνθα
563 4657 621 4711 δέ
636 4656 704 4710 τά
724 4657 833 4711 τῶν
848 4658 1106 4711 ἐναντίων
1125 4659 1456 4730 μακρότερα,
1477 4659 1572 4711 xal
1589 4659 1693 4711 ὑπὸ
1711 4659 1922 4714 πολλῶν

206 4738 592 4821 ’κωλυμάτων
625 4752 1059 4824 άνακοπτόμενα,
1100 4755 1173 4827 μὴ
1205 4755 1634 4823 ἀπογινώσκειν,
1665 4757 1745 4820 είς
1772 4758 1828 4810 δὲ
1858 4757 1926 4811 τὰ

228 4848 359 4901 τῶν
373 4848 655 4920 δυσχερῶν
679 4850 988 4924 σαφέστερα
1010 4854 1038 4893 b
1055 4853 1149 4906 καὶ
1187 4851 1385 4923 μᾶλλον
1417 4852 1636 4907 πλείονα
1676 4853 1892 4926 θαρσεῖν
1908 4871 1922 4886 ο

230 4946 346 5000 καὶ
367 4947 463 4999 ἐπὶ
481 4947 580 5015 μὲν
594 4947 702 5003 τῶν
722 4949 915 5020 λόγων,
938 4951 1011 5023 μὴ
1042 4951 1176 5023 πρὸς
1193 4950 1260 5005 τά
1280 4950 1539 5015 πολλάκις
1561 4952 1926 5022 συμϐαίνοντα

224 5042 493 5114 λυπηρὰ,
520 5043 655 5098 ἀλλὰ
685 5046 821 5117 πρὸς
853 5047 919 5100 τὰ
944 5048 1185 5112 σπανίως
1213 5046 1529 5101 ἐκϐαίνοντα
1566 5047 1779 5118 χρηστὰ
1822 5050 1927 5118 ἀφ·-

220 5141 418 5210 ορᾷν,
451 5140 544 5192 ἐπὶ
577 5140 635 5193 δέ
668 5140 776 5195 τῶν
812 5145 1059 5215 μοναχῶν
1095 5145 1404 5199 τούναντίον
1435 5146 1627 5207 ποιεῖν,
1667 5145 1760 5196 καὶ
1800 5143 1926 5197 ἔνθα

230 5231 351 5300 μὲν
382 5233 439 5284 αί
476 5231 586 5286 τῶν
626 5234 848 5303 ἀγαθῶν
895 5235 1105 5299 ἐλπίδες
1157 5236 1370 5301 πολλαὶ,
1412 5236 1548 5307 πρὸς
1589 5236 1659 5289 τὰ
1708 5238 1928 5310 λυπηρά

221 5327 567 5382 ἀποκλίνειν
594 5330 774 5401 μόνον,
811 5331 942 5387 ἔνθα
960 5331 1016 5384 δὲ
1041 5333 1098 5386 αἱ
1126 5331 1235 5386 τῶν
1257 5333 1532 5397 ἐναντίων,
1562 5332 1662 5396 τὰς
1685 5335 1928 5405 χρηστάς

313 5534 339 5563 ⁸
361 5534 515 5604 Savil.
530 5538 584 5604 eg
604 5550 728 5604 gnos
751 5539 1395 5604 6capaprﬁafetaz.MoreLgl
1413 5540 1539 5604 alius
1564 5540 1925 5604 διαμαρτήσετε.

313 5555 339 5563 -
364 5555 515 5585 navu.
530 5555 584 5585 ει
604 5555 728 5587 unus
751 5555 1141 5613 οιαμρτῃσεται.
1157 5555 1395 5589 morem:
1413 5555 1539 5589 anus
1564 5555 1925 5648 (impag‘maﬂs.

221 5596 407 5669 Pgulp
428 5599 887 5669 ροειδιδασκαλεια,
901 5606 983 5650 am
1002 5602 1620 5669 qzaagxgi).ouq.jnflja_unn§
1642 5614 1706 5669 co_
1736 5614 1796 5669 e_x
1825 5619 1928 5665 φοι-

216 5660 489 5735 τῶχίὑπέρ
512 5666 600 5718 τῆς
619 5663 774 5724 ψυχῆς
808 5663 958 5726 ἐχέτω
982 5665 1064 5713 τὸν
1103 5665 1281 5726 ἀγῶνα*
1314 5665 1379 5719 εἰς
1402 5664 1454 5712 δὲ
1472 5663 1667 5728 ἐρημίας
1686 5664 1804 5726 ὑπὲρ
1835 5660 1931 5723 ’τῆς

314 5722 614 5851 ἒῗόδξςηῖὃε.
643 5784 750 5851 ἔνθα
786 5786 838 5834 δὲ
857 5785 928 5851 τάξ
940 5786 1206 5851 μακρότερα
1225 5787 1321 5851 ὑπὸ
1350 5785 1594 5851 τοσούτων
1615 5786 1667 5836 δὲ
1694 5788 1793 5851 ,τῶν
1813 5786 1929 5851 δυσ-

216 5845 402 5905 χερῶν
440 5847 808 5896 ἀνακοπτόμενα
846 5845 1160 5913 κωλξυμᾶτωνί
1199 5850 1260 5898 τὰ
1284 5850 1336 5897 δέ
1376 5850 1471 5897 τῶν
1504 5849 1746 5911 δυσχερῶν
1783 5849 1929 5911 σαφές

218 5922 410 5969 στερα.

629 5995 904 6058 ΡΑτιιοι..
953 5996 1068 6059 Gn.
1118 5996 1370 6058 XLVII.

3581 324 3687 379 572

2021 429 2434 498 ἀναλογίζεσθαι
2481 433 2681 503 μόνας;
2717 435 2910 488 Καίτοι
2940 451 3001 503 γε
3036 434 3154 488 ἐκεῖ
3192 434 3292 509 μὶν
3319 435 3446 490 ὅταν
3473 434 3688 492 ἅπαντα

2023 518 2252 592 συνέλθῃ
2280 520 2347 574 τά
2376 522 2659 591 ὀφείλοντα
2694 518 3039 593 συνδραμεῖν,
3086 528 3221 594 πρὸς
3254 523 3402 595 αὐτῷ
3425 525 3504 597 τῷ
3541 527 3687 580 τέλει

2021 605 2280 670 πολλάκις
2303 606 2530 672 θάνατος
2551 609 2727 680 ἄωρος
2759 609 3083 680 προσπεσὼν
3108 610 3415 681 ἀπήνεγκεν
3448 613 3689 684 άστεφά--

2020 713 2188 749 νωτον
2211 697 2301 749 τὸν
2333 696 2571 768 ἀθλητὴν
2598 696 2735 767 μετά
2755 699 2881 760 τοὺς
2909 699 3134 770 μυρίους
3168 700 3428 770 ἱδρῶτας·
3458 701 3691 756 ἐνταῦθα
3787 748 3791 753 .

2023 784 2080 837 δέ
2111 783 2213 837 κᾶν
2238 785 2295 836 ἐν
2332 784 2514 855 μέσοις
2540 786 2654 848 τοῖς
2682 784 2856 854 ἀγῶσι
2884 784 3041 838 τοῦτο
3069 786 3318 858 γένηται,
3350 788 3471 841 τότε
3492 788 3556 860 δὴ
3594 791 3694 858 μά-

2021 873 2175 923 λιστα
2194 869 2444 942 λαμπρὸς
2472 871 2565 924 καὶ
2599 872 3039 943 ἐστεφανωμένος
3065 873 3282 927 ἄπεισιν
3312 869 3484 939 οὗτος.
3527 877 3690 929 ’Ὠστε

2021 957 2071 1008 εί
2093 957 2154 1009 τὸ
2176 957 2367 1028 μέλλον
2399 958 2661 1023 δέδοικας,
2695 960 2788 1013 ἐπὶ
2818 959 2927 1013 τῶν
2957 959 3130 1028 λόγων
3158 960 3455 1015 δεδοικέναι
3490 962 3691 1033 μᾶλλον

2021 1042 2147 1109 ἔδει,
2176 1043 2306 1098 ἔνθα
2331 1046 2500 1099 πολλὰ
2524 1045 2593 1099 τὰ
2628 1046 2923 1118 κωλύματα
2951 1048 3088 1118 πρὸς
3105 1048 3166 1100 τὸ
3196 1048 3369 1117 πέρας
3392 1048 3583 1106 ἐλθεῖν.
3620 1051 3691 1104 Σὺ

2020 1134 2076 1188 δέ
2105 1136 2222 1188 ἐκεῖ
2262 1136 2360 1205 μὲν
2390 1135 2532 1209 κάθῃ
2570 1136 2758 1207 χρόνον
2807 1136 3092 1207 ἀναμένων
3144 1136 3371 1208 μακρὸν,
3413 1136 3510 1190 καὶ
3558 1137 3694 1210 πρὸς

2021 1222 2170 1276 οὐδὲν
2196 1223 2303 1277 τῶν
2325 1225 2383 1277 ἐν
2415 1224 2586 1295 μέσῳ,
2616 1224 2859 1294 δαπάνην
2898 1224 3042 1292 λέγω
3071 1224 3165 1277 καὶ
3191 1224 3565 1295 ταλαιπωρίαν
3602 1227 3696 1278 καὶ

2020 1310 2082 1363 τὺ
2111 1311 2324 1381 ἄδηλον,
2359 1312 2495 1367 ἀλλά
2517 1312 2653 1384 πρὸς
2683 1312 2745 1365 τὸ
2785 1312 2937 1376 τέλος
2974 1311 3134 1382 μόνον
3166 1312 3339 1384 ὁρῶν·
3377 1311 3610 1366 ἐνταῦθα
3638 1311 3694 1365 δὲ

2021 1396 2172 1451 οὔπω
2202 1400 2308 1452 τῶν
2334 1399 2623 1471 προθύρων
2669 1399 2763 1452 τοῦ
2825 1400 3014 1463 παιδὸς
3059 1399 3365 1464 ἐπιϐάντος,
3386 1399 3528 1467 ,οὐδὲ
3562 1398 3697 1469 ἀψα-

2026 1487 2188 1557 μένου
2232 1487 2333 1557 τῆς
2394 1487 2565 1559 καλῆς
2627 1488 2833 1559 ταύτης
2889 1487 3240 1556 φιλοσοφίας,
3304 1488 3552 1551 δέδοικας
3578 1488 3695 1551 καὶ

2023 1569 2245 1641 τρέμεις
2285 1570 2505 1636 εὐθέως,
2547 1572 2642 1626 καὶ
2669 1574 2749 1634 είς
2780 1572 3089 1641 ἀπόγνωσιν
3135 1570 3427 1643 ἐμϐάλλεις
3475 1571 3565 1624 τὸν
3602 1570 3696 1623 λο-

2022 1658 2254 1728 γισμόν;
2310 1659 2421 1712 Kal
2475 1659 2579 1731 μὴν
2641 1660 2805 1724 αὐτὸς
2850 1660 3158 1732 ἔμπροσθεν
3195 1659 3410 1729 ἔλεγες·
3444 1658 3511 1712 Τί
3556 1659 3693 1730 γάρ;

2024 1740 2179 1793 πόλιν
2224 1752 2247 1780 ο
2286 1741 2537 1796 οἰκοῦντα
2582 1744 2678 1797 καὶ
2708 1744 2884 1799 οἰκίαν
2917 1744 3107 1815 ἔχοντα
3156 1744 3395 1811 σωθῆναι
3439 1743 3540 1797 οὐκ
3584 1743 3695 1808 Evt;

2024 1824 2234 1878 Οὐκοῦν
2257 1828 2305 1879 εί
2331 1826 2469 1896 μετά
2513 1828 2612 1898 τῆς
2661 1828 2887 1892 πόλεως,
2938 1828 3032 1881 καὶ
3073 1826 3171 1897 τῆς
3217 1826 3414 1891 οἰκίας,
3457 1826 3553 1879 καὶ
3597 1827 3698 1897 τῆς

2024 1914 2281 1981 γυναικὸς
2312 1915 2551 1986 σωθῆναι
2579 1916 2824 1981 δυνατὸν,
2869 1915 3050 1987 πολλῷ
3085 1916 3285 1987 μᾶλλον
3313 1916 3484 1988 χωρὶς
3507 1932 3698 1984 γυναι-

2024 2000 2119 2064 κὸς
2157 2001 2260 2056 καῖ
2292 2001 2403 2057 τῶν
2444 2003 2619 2058 ἄλλων
2662 2004 2886 2059 τούτων.
2930 2005 3003 2059 Οὐ
3047 2005 3156 2076 γάρ
3213 1994 3329 2058 ἐστι
3387 2002 3482 2056 τοῦ
3530 2002 3695 2055 αὐτοῦ

2025 2087 2119 2144 νῦν
2151 2090 2250 2160 μὲν
2279 2090 2529 2162 θαρρεῖν,
2568 2093 2665 2146 καὶ
2701 2096 2749 2147 εί
2792 2094 2851 2148 ἐν
2895 2095 3006 2156 τοῖς
3046 2093 3316 2164 βιωτικοῖς
3436 2090 3697 2161 πράγμα-

2026 2193 2112 2230 σιν
2152 2178 2515 2250 ἐνδεδεμένος,
2556 2181 2632 2244 ὼς
2660 2180 2935 2252 δυνατῆςά
2962 2181 3057 2235 καλ⁵
3088 2179 3231 2235 οὕτω
3271 2179 3371 2248 τῆς
3423 2179 3699 2250 σωτηρίας

2025 2262 2221 2337 οὔσης·
2252 2265 2347 2320 νῦν
2389 2268 2466 2332 δὲ,
2508 2267 2613 2343 κᾶν
2654 2269 2872 2323 πάντων
2925 2267 3346 2338 ἀπηλλαγμένος
3373 2262 3429 2340 ᾖ,
3469 2267 3698 2338 τρέμειν

2026 2354 2122 2407 καὶ
2150 2353 2467 2422 δεδοικέναι,
2490 2357 2566 2419 ὡς
2593 2356 2713 2410 οὐδὲ
2741 2357 2945 2411 τούτων
2973 2358 3143 2428 χωρὶς
3164 2356 3520 2426 εὐδοκιμῆσαι
3552 2355 3694 2410 ἐνόν.

2027 2442 2090 2495 EE
2121 2441 2229 2513 γάρ
2258 2442 2413 2496 πόλιν
2444 2443 2607 2497 οἰκῶν
2632 2444 2864 2521 ὴδύνατρ
2898 2443 3187 2508 σώζεσθαι,
3222 2443 3296 2507 ὡς
3327 2442 3483 2513 ἔφης,
3517 2441 3700 2513 πολλῷ

2029 2530 2231 2601 μᾶλλον
2270 2529 2369 2601 τὴν
2415 2530 2650 2602 ἐρημίαν
2699 2531 3042 2587 καταλαϐών.
3082 2531 3208 2596 Πῶς
3246 2527 3338 2585 οὖν
3381 2532 3444 2584 τὸ
3500 2530 3699 2585 ἀδύνα-

2026 2639 2119 2677 τον
2161 2621 2395 2678 ἐνταῦθα
2437 2622 2702 2688 δέδοικας,
2745 2624 2863 2676 ἐκεῖ
2911 2622 2987 2694 μὴ
3020 2621 3278 2692 φοϐηθεὶς
3328 2620 3459 2674 ἔνθα
3495 2610 3700 2692 μᾶλλον

2028 2712 2232 2784 ὲχρῆν;

2103 2836 2264 2892 ιε’.υύ
2279 2836 2386 2904 γάρ
2400 2835 2843 2908 ἐστι,φησὶν.ί¹σον
2857 2834 3105 2906 βιωτικὸν
3119 2835 3249 2890 ὄντα
3262 2835 3349 2889 δια
3357 2836 3700 2908 μαρτεῖν,καὶ

2028 2923 2282 2990 καθάπαξ
2309 2922 2575 2977 ἀναθέντα
2608 2924 2797 2977 ἐαυτὸν
2828 2923 2906 2995 τῷ
2933 2923 3052 2994 Θεῷ
3071 2941 3084 2954 ·
3115 2924 3176 2977 ού
3204 2924 3312 2996 γὰρ
3340 2924 3448 2977 ἀπὸ
3483 2923 3578 2977 τοῦ
3605 2923 3703 2976 αύ-

2027 3011 2120 3066 τοῦ
2151 3012 2317 3082 ὕψους
2346 3012 2642 3084 ἀμφότεροι
2668 3012 3122 3077 καταπίπτουσιν,
3147 3012 3268 3066 ὅθεν
3294 3012 3414 3066 οὐδέ
3442 3012 3513 3065 τὰ
3531 3011 3700 3083 τραύ-

2027 3111 2178 3172 ματα
2197 3099 2350 3172 [101]
2379 3101 2561 3162 αὐτοῖς
2585 3100 2692 3154 ἴσα.
2716 3100 2929 3171 Σφόδρα
2949 3101 3165 3172 ἀπατᾷς
3186 3100 3379 3154 σαυτὸν
3405 3102 3501 3154 καὶ
3533 3101 3702 3169 σφάλ-

2028 3187 2160 3253 λεις,
2184 3191 2232 3241 εί
2259 3188 2392 3242 ἄλλα
2424 3188 2519 3258 μέν
2540 3188 2638 3240 οῖει
2666 3186 2756 3240 τὸν
2784 3186 3052 3256 βιωτικὸν,
3079 3187 3241 3260 ἐτερα
3268 3187 3324 3241 δὲ
3349 3188 3699 3242 ἀπαιτεῖσθαι

2027 3276 2118 3329 τὸν
2163 3276 2430 3347 μοναχὸν·
2462 3276 2495 3347 ἡ
2523 3274 2630 3346 γάρ
2656 3273 2888 3345 διαφορὰ
2915 3274 3124 3338 τούτοις
3156 3277 3211 3328 ἐν
3238 3275 3318 3346 τῷ
3341 3276 3587 3347 γαμῆσαι
3607 3278 3701 3330 καὶ
3816 3318 3831 3331 κ

2033 3364 2130 3436 μὴ,
2152 3364 2260 3417 τῶν
2288 3364 2345 3417 δέ
2376 3362 2549 3418 ἄλλων
2584 3362 2768 3415 ἐνεκεν
2801 3361 3057 3416 ἁπάντων
3095 3363 3284 3427 κοινὰς
3316 3364 3576 3435 ὑπέχουσι
3601 3364 3701 3428 τὰς
3798 3368 3801 3375 ’

2029 3452 2277 3516 εὐθύνας.
2299 3453 2409 3505 Kal
2435 3452 2543 3523 γὰρ
2568 3454 2595 3504 6
2619 3450 2967 3523 ὀργιζόμενος
2998 3449 3076 3520 τῷ
3109 3449 3319 3521 ἀδελφῷ
3359 3451 3523 3505 αὐτοῦ
3554 3453 3698 3525 είκῆ,

2029 3538 2130 3593 κάν
2158 3556 2215 3591 τε
2241 3538 2512 3609 βιωτικδς,
2540 3537 2642 3590 κᾶν
2675 3554 2735 3590 τε
2767 3537 2997 3607 μοναχδς
3027 3533 3083 3611 ᾗ,
3113 3537 3191 3608 τῷ
3224 3536 3343 3608 Θεῷ
3371 3538 3703 3610 προσέκρου-

2031 3644 2122 3680 σεν
2143 3628 2369 3696 ὁμοίωςο
2405 3626 2498 3679 καὶ
2524 3627 2552 3679 6
2580 3624 2791 3696 βλέπων
2824 3628 3059 3693 γυναῖκα
3093 3625 3229 3696 πρὸς
3265 3625 3327 3679 τὸ
3366 3625 3701 3697 ἐπιθυμῆσαι

1944 3740 1951 3745 -
2029 3714 2220 3784 αὐτῆς,
2251 3714 2316 3767 ἄν
2354 3730 2410 3766 τε
2449 3712 2605 3766 τοῦτο
2635 3712 2699 3765 ἄν
2728 3729 2788 3765 τε
2826 3714 3004 3765 ἐκεῖνο
3033 3714 3297 3787 τυγχάνῃ,
3327 3713 3527 3785 ὁμοίως
3563 3714 3703 3785 ὑπὲρ

2028 3800 2130 3870 τῆς
2162 3799 2402 3871 μοιχείας
2429 3800 2873 3871 τιμωρηθήσεται
2896 3799 3115 3869 ταύτης.
3146 3800 3208 3865 Εἰ
3245 3801 3300 3854 δὲ
3337 3801 3441 3873 χρὴ
3472 3801 3567 3855 καὶ
3593 3801 3703 3855 ἀπὸ

2029 3887 2286 3958 λογισμοῦ
2317 3887 2652 3958 προσθεῖναι,
2679 3889 2707 3940 6
2733 3886 2984 3957 βιωτικὸς
3007 3888 3414 3955 ἀσυγγνωστότε
3426 3904 3514 3958 ρος
3544 3887 3703 3942 τοῦτο

2031 3973 2251 4027 παθών·
2295 3975 2355 4028 οὐ
2381 3974 2489 4045 γάρ
2521 3974 2667 4028 ἐστιν
2704 3974 2816 4028 ἴσον
2843 3978 3076 4043 γυναῖκα
3114 3974 3324 4045 ἔχοντα,
3373 3976 3468 4028 καὶ
3510 3975 3698 4028 τοσαύ-

2029 4078 2129 4132 της
2171 4061 2513 4114 ἀπολαύοντα
2552 4061 2921 4133 παραμυθίας,
2957 4062 3142 4116 κάλλει
3195 4066 3562 4133 προσπταῖσαι
3600 4080 3695 4132 γυ-

2030 4149 2233 4211 ναικὸς,
2272 4149 2365 4201 καὶ
2387 4150 2604 4218 ἀπάσης
2622 4149 2826 4220 ταύτης
2848 4150 3292 4222 ἀπεστερημένον
3326 4151 3425 4219 τῆς
3454 4150 3702 4222 βοηθείας

2032 4235 2233 4288 ἁλῶναι
2255 4234 2331 4304 τῷ
2358 4233 2535 4305 δεινῷ.
2558 4235 2726 4288 Πάλιν
2746 4238 2773 4290 ὁ
2794 4238 2984 4306 ὀμνὺς,
3008 4238 3071 4291 ἄν
3095 4255 3153 4290 τε
3180 4237 3335 4290 τοῦτο
3355 4238 3418 4291 ἄν
3440 4256 3500 4290 τε
3527 4240 3703 4291 ἐκεῖνο

2028 4318 2087 4397 ᾗ,
2113 4322 2313 4394 ὁμοίως
2341 4322 2773 4386 καταδικάζεται.
2807 4325 2939 4377 Οὐδὲ
2989 4324 3096 4394 γὰρ
3119 4325 3418 4395 ὁΧριστὸς,
3452 4325 3540 4377 ὅτε
3574 4327 3702 4395 περὶ

2029 4409 2232 4462 τούτων
2258 4409 2567 4462 διετάσσετο
2594 4410 2686 4462 καὶ
2714 4410 3038 4478 ἐνομοθέτει,
3058 4408 3247 4461 τοῦτον
3275 4412 3566 4481 ἐποιήσατο
3609 4412 3702 4464 τὸν

2029 4496 2325 4568 διορισμὸν,
2354 4497 2472 4550 ούδέ
2496 4493 2673 4550 εἶπεν
2710 4495 2835 4550 Ἐάν
2874 4497 2971 4565 μὲν
3004 4496 3236 4567 μοναχὸς
3256 4500 3283 4551 6
3314 4498 3526 4567 ὀμνύων
3550 4495 3606 4571 ᾖ,
3636 4501 3704 4554 ἐκ

2029 4586 2124 4640 τοῦ
2154 4584 2391 4657 πονηροῦ
2419 4587 2447 4637 ὁ
2481 4586 2672 4655 ὅρκος·
2721 4584 2815 4637 ἐὰν
2858 4584 2913 4636 δέ
2951 4584 3024 4655 μὴ
3061 4585 3309 4654 μοναχδς,
3340 4586 3552 4640 οὐκέτι*
3584 4586 3700 4642 ἀλλ’

2032 4674 2220 4738 ἁπλῶς
2282 4675 2376 4727 καὶ
2413 4671 2668 4736 καθάπαξ
2712 4672 2914 4726 ἅπασιν
2964 4673 3180 4741 ἔλεγεν
3248 4673 3389 4744 Ἐγὼ
3435 4675 3505 4729 δὲ
3543 4677 3702 4749 ⁸ιέγω

2030 4763 2194 4832 ὑμῖν,
2223 4761 2309 4831 μὴ
2346 4762 2559 4830 ὀμόσαι
2611 4760 2784 4828 ὅλως.
2824 4762 2934 4815 Kal
2981 4762 3141 4817 πάλιν
3169 4761 3359 4822 εἰπὼν.
3389 4766 3532 4819 Οὐαὶ
3576 4767 3702 4833 τοῖς

2031 4850 2310 4922 γελῶσιν,
2343 4851 2404 4903 ού
2448 4848 2753 4921 προσέθηκε
2776 4850 2900 4913 τοὺς
2927 4853 3210 4921 μοναχοῦς,
3243 4852 3357 4905 ἀλλ’
3381 4852 3566 4917 ἁπλῶς
3588 4858 3701 4908 ἐνο-

2036 4938 2331 5010 μοθέτησεν
2372 4937 2575 4990 ἅπασιν
2614 4936 2758 4991 οῦτω
2778 4956 2792 4969 ο
2848 4939 2939 4991 καὶ
2968 4940 3025 4991 ἐν
3054 4941 3167 5002 τοῖς
3195 4939 3375 5004 ἄλλοις
3406 4940 3462 4994 δὲ
3497 4943 3703 4996 ᾶπασιν

2031 5026 2204 5089 οῦτως
2233 5027 2455 5093 ἐποίησε
2483 5028 2595 5088 τοῖς
2621 5026 2875 5096 μεγάλοις
2903 5027 2996 5079 καὶ
3020 5027 3352 5097 θαυμαστοῖς
3386 5030 3704 5100 παραγγέλ-

2036 5131 2186 5185 μασι.
2213 5115 2322 5167 Kal
2352 5113 2462 5184 γὰρ
2493 5114 2582 5166 ὅτε
2608 5113 2755 5181 λέγει
2774 5126 2787 5141 ·
2821 5115 3095 5185 Μακάριοι
3124 5117 3173 5168 οἱ
3204 5116 3410 5187 πτωχοὶ
3438 5116 3513 5187 τῷ
3541 5117 3706 5171 πνεύ-

2036 5225 2185 5278 ματι,
2215 5209 2264 5260 οἱ
2285 5206 2626 5271 πενθοῦντες,
2657 5210 2704 5260 οί
2733 5209 2944 5278 πραεῖς,
2974 5209 3024 5261 οἱ
3064 5208 3355 5272 πεινῶντες
3382 5211 3474 5262 καὶ
3505 5210 3702 5279 διψῶν-

2030 5314 2123 5361 τες
2148 5297 2246 5368 τὴν
2270 5297 2635 5369 δικαιοσύνην,
2657 5299 2707 5350 οἱ
2732 5298 3041 5369 ἐλεήμονες,
3066 5299 3115 5351 οἱ
3137 5298 3367 5372 καθαροὶ
3386 5302 3453 5372 τῇ
3481 5301 3700 5372 καρδίᾳ,

2032 5389 2081 5442 οἱ
2104 5390 2451 5461 είρηνοποιοὶ,
2475 5392 2523 5443 οί
2551 5390 2898 5462 δεδιωγμένοι
2927 5391 3111 5464 ἕνεκεν
3133 5390 3496 5462 δικαιοσύνης,
3521 5394 3572 5444 οἱ
3605 5395 3700 5446 καὶ

1913 5468 2000 5550 (ξς
2035 5484 2173 5556 ρητά
2207 5486 2301 5537 καὶ
2326 5486 2542 5558 ἀρῤητα
2579 5486 2820 5541 διἀύτδν
2860 5486 3012 5560 παρὰ
3048 5487 3155 5541 τῶν
3194 5487 3391 5551 ἔξωθεν
3411 5486 3702 5548 ἀκούοντες

2096 5662 2399 5770 ἰξέἀὲἓιᾷἷν
2424 5664 2514 5729 γὰρ
2537 5665 2689 5714 πόλιν.
2733 5664 2860 5715 Infra
2900 5666 3052 5716 iidem
3096 5669 3264 5727 πολλῷ
3310 5667 3487 5731 μᾶλλον
3516 5665 3700 5713 τούτων

2031 5739 2193 5823 χωιρις,
2217 5740 2273 5794 ου
2295 5739 2400 5789 γαρ.
3523 5793 3547 5804 ..

2036 5844 2057 5858 Α
2132 5788 2296 5858 ,φυγή
2319 5795 2373 5858 (³.1.
2398 5801 2523 5858 υηιμε
2544 5791 2608 5843 ὡς
2632 5790 2849 5858 δυνατῆς,
2877 5789 3051 5858 Μρτβι.
3079 5796 3133 5839 et
3154 5790 3592 5858 alius_o’3§wa':y§.
3616 5784 3699 5858 Ῐῐξ-

2032 5844 2105 5894 fra
2129 5848 2280 5912 iidem
2306 5848 2632 5912 κᾶν-πάντων,
2660 5858 2712 5898 ει
2744 5844 2812 5898 δίε
2838 5844 2963 5911 legit
2985 5851 3249 5912 intyrpres.
3272 5853 3421 5900 Savil.
3445 5858 3498 5897 et
3522 5844 3694 5912 Marci.

2037 5912 2124 5957 κᾶν
2162 5908 2360 5959 τούτων.
2394 5909 2548 5959 Paulo
2578 5917 2689 5972 post
2712 5925 2836 5961 unus
2857 5908 3008 5960 cédex
3049 5908 3409 5970 εὐδοκιμήσαιεν
3428 5912 3500 5959 ἄν·
3525 5912 3566 5959 εἰ
3586 5908 3694 5971 γάρι

3148 5999 3223 6057 21
