4124 6144
490 343 595 399 373

489 470 587 525 pro
615 453 732 523 ipso
756 450 825 507 ab
850 449 935 513 iis,
964 447 1051 518 qui
1079 446 1208 502 foris
1236 453 1381 508 sunt,
1412 442 1663 497 audiunt:
1697 455 1870 509 neque
1888 454 2055 494 Siccu-

490 544 633 612 laris,
663 556 835 610 neque
863 538 1108 595 monachi
1130 550 1322 591 nomen
1343 534 1596 604 apponit;
1625 532 1719 586 sed
1745 533 1858 586 haec
1872 530 2060 586 distin-

428 698 433 703 _
487 635 593 689 ctio
619 633 687 687 ab
713 631 985 686 hominum
1015 637 1192 683 mente
1221 626 1433 681 inducta
1462 631 1563 679 est.
1600 623 1885 693 Scriptura:
1931 634 2061 676 vero

491 724 622 779 nihil
651 728 845 776 norunt
872 719 1195 790 huiusmodi,
1222 716 1314 772 sed
1343 717 1525 771 volunt
1542 729 1727 769 omnes
1752 715 1910 768 vitam
1939 728 2059 768 mo-

490 815 780 867 nachorum
798 826 974 880 agere,
1004 810 1166 864 etiam
1194 809 1238 863 si
1266 821 1459 862 uxores
1480 805 1727 860 habeant.
1753 804 1891 859 Audi
1916 804 2059 859 enim

466 902 614 973 ,quid
643 902 786 956 dicat
828 900 1056 964 Paulus;
1083 914 1203 953 cum
1262 897 1482 951 Paulum
1531 894 1764 964 profero,
1792 894 2060 949 Christum

487 995 609 1050 dico
629 1008 835 1048 rursus.
864 992 962 1047 llic
979 992 1135 1062 igitur
1150 1005 1271 1044 cum
1296 988 1592 1059 conjugatis
1615 987 1918 1041 hominibus
1938 987 2062 1041 scri-

491 1089 661 1154 beret,
696 1086 936 1155 filiosque
982 1082 1355 1147 nutricutihus,
1397 1095 1609 1135 omnem
1653 1078 1722 1133 ab
1748 1079 1853 1133 illis
1878 1093 2062 1133 mona-

489 1183 675 1237 sticam
702 1178 1027 1249 diligentiam
1049 1176 1246 1244 exigit;
1274 1189 1394 1228 nam
1415 1173 1631 1228 delicias
1649 1185 1834 1226 omnes
1855 1171 2059 1241 penitus

492 1286 758 1337 resecans,
793 1284 899 1325 tum
929 1284 1019 1325 eas
1043 1283 1162 1339 quin
1185 1266 1250 1321 ad
1281 1274 1474 1330 vestes,
1504 1275 1612 1319 tum
1640 1279 1731 1319 eas
1755 1280 1871 1334 qua:
1889 1263 1954 1318 ad
1982 1264 2061 1318 ci-

492 1365 589 1420 bos
614 1364 901 1433 pertinent,
935 1361 1049 1414 haec
1074 1361 1149 1413 ait
1176 1377 1189 1411 :
1220 1357 1459 1412 Mulieres
1478 1358 1530 1410 in
1552 1355 1726 1409 habitu
1754 1362 1929 1409 ornato
1949 1369 2063 1407 cum

490 1453 785 1509 verecundia
803 1462 851 1507 et
876 1451 1141 1506 sobrietate
1159 1457 1392 1504 ornautes
1419 1463 1500 1514 se,
1525 1456 1568 1500 et
1588 1463 1688 1500 non
1715 1447 1769 1499 in
1797 1446 1935 1499 tortis
1959 1446 2061 1498 cri-

492 1544 657 1608 nibus,
675 1553 918 1606 autauro,
940 1549 1024 1594 aut
1044 1539 1348 1610 margaritis,
1370 1537 1447 1591 vel
1468 1547 1594 1591 veste
1614 1534 1891 1607 pretiosa(l
1905 1533 2060 1589 .Tim.

491 1638 545 1691 2.
581 1635 659 1706 9)
692 1650 708 1700 ;
736 1648 798 1688 ac
818 1648 1049 1698 rursum,
1083 1631 1208 1697 Qute
1259 1639 1426 1682 autem
1470 1629 1523 1682 in
1568 1628 1759 1681 deliciis
1781 1636 1872 1692 est,
1898 1626 2065 1680 vivens

493 1736 691 1779 mortua
709 1734 782 1778 est
805 1724 878 1795 (l.
904 1722 1035 1777 Tim.
1068 1722 1120 1777 5.
1142 1720 1197 1792 6)
1227 1737 1241 1786 ;
1272 1720 1587 1789 iterumque,
1622 1717 1872 1771 Habentes
1899 1726 2064 1770 autem

490 1821 749 1883 alimenta,
776 1827 820 1870 et
848 1815 1026 1887 quibus
1045 1823 1287 1885 tegantur,
1313 1812 1392 1866 his
1420 1811 1638 1864 contenti
1655 1810 1810 1864 simus
1835 1810 1908 1880 (l.
1926 1807 2059 1863 Tim.

492 1912 545 1967 6.
567 1911 644 1983 8).
672 1908 806 1978 Quid
827 1908 1051 1977 amplius
1073 1913 1250 1976 posset
1265 1904 1453 1974 aliquis
1475 1918 1503 1955 a
1526 1902 1800 1956 monachis
1817 1901 2064 1970 exigere?

493 2005 624 2060 Cum
647 2010 822 2057 autem
840 2000 973 2054 alios
998 1998 1064 2051 ad
1086 1996 1313 2065 linguam
1340 1992 1714 2048 continendam
1742 1991 2062 2057 institueret,

490 2102 767 2150 accuratas
795 2105 1005 2146 rursum
1036 2088 1180 2158 leges
1219 2086 1405 2141 statuit
1431 2101 1444 2149 ;
1478 2083 1735 2153 talesque,
1793 2082 1974 2153 quales
1999 2097 2067 2137 ne

486 2188 592 2258 ipsi
623 2185 835 2257 quidem
866 2180 1107 2237 monachi
1131 2178 1281 2234 facile
1302 2176 1574 2247 impleant.
1595 2175 1708 2230 Non
1727 2175 1867 2229 enim
1892 2174 2085 2242 turpi--

492 2278 751 2336 tudinem.
777 2282 831 2329 et
857 2269 1241 2340 stultiloquium
1265 2277 1488 2331 tantum,
1517 2265 1609 2322 sed
1638 2266 1795 2319 etiam
1821 2264 2066 2318 scurrili-

492 2376 656 2423 tatem
682 2364 920 2420 eliminat
952 2378 966 2415 :
995 2375 1099 2414 non
1122 2358 1375 2422 furorem,
1418 2357 1551 2410 iram
1588 2365 1642 2410 et
1661 2352 2065 2408 amaritudinem

495 2458 685 2521 solum,
722 2454 817 2511 sed
866 2453 1026 2508 etiam
1054 2451 1342 2506 clamorem
1370 2447 1436 2500 ab
1458 2462 1552 2502 ore
1578 2445 1810 2501 fidelium
1842 2453 2064 2499 resecat.

494 2549 696 2613 Omnis,
726 2545 914 2616 inquit,
946 2544 1022 2596 ira
1060 2552 1105 2596 et
1131 2540 1431 2611 indignatio,
1473 2547 1518 2591 et
1547 2538 1738 2591 clamor
1763 2546 1807 2588 et
1830 2535 2067 2605 blasphe-

428 2664 437 2672 α
497 2641 598 2692 mia
626 2637 836 2693 tollatur
862 2653 891 2688 ιι
916 2634 1067 2697 vobis,
1102 2648 1215 2685 cum
1236 2630 1372 2684 omni
1404 2628 1598 2682 malitia
1624 2626 1839 2700 (Epltes.
1870 2629 1921 2681 .l.
1948 2627 2063 2697 5i).

494 2730 630 2784 Num
655 2730 767 2782 haec
794 2727 884 2780 tibi
915 2740 1072 2795 parva
1096 2720 1744 2789 videnturiAtexspecta,
1774 2728 1829 2773 ct
1849 2718 1931 2772 his
1955 2718 2069 2772 lon-

491 2838 559 2892 ge
581 2820 778 2890 majora
799 2818 1002 2882 audies,
1018 2832 1135 2886 quae
1155 2814 1223 2871 de
1249 2815 1506 2869 malorum
1531 2812 1805 2867 tolerantia
1822 2809 2069 2865 omnibus

490 2911 754 2982 principit.
785 2908 901 2975 Sol,
950 2908 1137 2976 inquit,
1188 2922 1286 2960 non
1334 2905 1529 2958 occidat
1570 2917 1724 2973 super
1755 2902 2070 2955 iracundiam

490 3013 708 3056 vestram
736 3000 755 3073 (
784 2999 1049 3069 Ephes.4.
1096 2995 1224 3068 26).
1264 2994 1434 3049 Videte
1480 3011 1543 3048 ne
1583 2995 1694 3061 quis
1736 2991 1923 3047 malum
1978 3008 2069 3060 pro

494 3093 630 3146 rran
656 3092 889 3160 cuiquam
910 3088 1088 3142 reddat
1116 3102 1136 3151 ;
1163 3087 1249 3140 sed
1269 3102 1463 3152 semper
1486 3085 1619 3154 quod
1643 3085 1827 3137 bonum
1871 3092 1945 3138 est
1985 3098 2070 3139 se-

490 3184 701 3238 ctamini
721 3183 773 3235 in
791 3182 1019 3246 invicem,
1043 3188 1090 3233 ct
1110 3182 1163 3232 in
1182 3194 1352 3232 omnes
1375 3178 1422 3247 (l
1437 3176 1632 3230 .Tltess.
1648 3176 1797 3245 5.15)
1823 3192 1837 3229 :
1862 3189 1925 3229 ac
1953 3190 2070 3229 rur-

494 3290 636 3339 sum,
658 3272 783 3326 Noli
801 3271 929 3326 vinci
954 3288 986 3324 a
1006 3270 1160 3334 malo,
1185 3268 1272 3322 sed
1290 3268 1429 3321 vince
1447 3267 1500 3320 in
1526 3267 1652 3320 bona
1678 3263 1867 3318 malum
1893 3262 2067 3336 (Rom.

496 3370 587 3424 1?...
614 3367 680 3422 9i
707 3368 750 3439 ).
783 3365 1044 3421 Vidistine
1061 3360 1410 3433 philosophia:
1437 3372 1492 3415 et
1519 3359 1933 3430 longanimitatis
1959 3372 2072 3415 ma-

490 3460 821 3531 gnitudinem
839 3457 903 3512 ad
923 3470 1229 3526 supremum
1253 3454 1464 3507 culmen
1487 3450 1906 3506 aSccndentem?
1932 3450 2071 3505 Audi

495 3552 622 3619 quid
648 3550 717 3605 de
743 3550 984 3613 caritate,
1004 3562 1121 3616 qua:
1147 3554 1229 3601 est
1256 3551 1414 3613 caput
1440 3544 1722 3608 bonorum,
1749 3542 2024 3612 praecipiat
2051 3559 2067 3595 :

499 3651 773 3711 postquam
826 3638 968 3693 enim
1022 3653 1139 3691 eam
1189 3636 1493 3702 extulisset,
1545 3633 1767 3704 ejusque
1816 3634 2071 3703 praeclara

492 3739 642 3802 gesta
669 3736 957 3792 narrasset,
974 3726 1216 3781 eamdem
1242 3741 1301 3781 se
1320 3741 1350 3779 a
1371 3725 1712 3781 smeularibus
1727 3725 1942 3795 exigere
1966 3724 2065 3779 dc-

493 3826 684 3890 clarat,
717 3837 877 3892 quam
914 3820 1159 3876 Christus
1182 3835 1215 3874 a
1269 3818 1567 3889 discipulis.
1610 3817 2068 3885 Quemadmodum

495 3920 637 3973 enim
657 3916 900 3973 Christus
919 3924 1213 3971 extremum
1233 3915 1469 3970 caritatis
1494 3914 1775 3969 terminum
1797 3927 1918 3967 esse
1939 3911 2072 3966 dixit

493 4009 727 4063 animam
756 4021 907 4063 suam
956 4020 1155 4075 ponere
1186 4020 1283 4075 pro
1311 4005 1496 4059 amicis
1522 4004 1652 4070 suis,
1698 4003 1775 4057 sic
1797 4010 1854 4057 et
1878 4002 2071 4057 Paulus

493 4098 724 4168 idipsum
749 4096 1048 4152 suhlndicat
1066 4096 1151 4150 his
1177 4095 1356 4149 verbis
1381 4112 1394 4146 :
1417 4094 1615 4149 Caritas
1637 4108 1739 4146 non
1757 4093 1936 4162 quierit
1955 4107 2071 4162 quae

495 4205 591 4243 sua
608 4187 767 4260 suut(
790 4189 841 4241 l.
863 4185 986 4242 Cor.
1007 4187 1094 4241 l3.
1121 4184 1210 4257 5),
1265 4196 1424 4255 atque
1466 4184 1769 4254 hujusmodi
1793 4183 2067 4238 caritatem

497 4279 690 4334 sectari
712 4281 728 4310 ¹
756 4278 925 4347 jubet.
953 4278 1029 4332 lta
1058 4287 1117 4332 ut
1139 4278 1183 4332 si
1212 4276 1264 4331 id
1303 4278 1476 4332 solum
1514 4276 1714 4331 dictum
1748 4284 1922 4341 esset,
1953 4275 2069 4330 ido-

494 4385 656 4425 neum
687 4369 737 4425 id
764 4378 905 4425 esset
950 4378 1344 4440 argumentum,
1395 4370 1582 4426 eadem
1610 4370 1768 4440 ipsaa
1794 4369 2068 4427 steculari-

496 4463 619 4529 bus,
646 4477 809 4532 quaen
837 4462 1130 4528 monachis,
1160 4463 1355 4532 requiri
1385 4463 1532 4516 :hzec
1574 4462 1769 4533 quippe
1788 4472 1869 4517 est
1890 4463 2071 4516 vincu-

494 4554 607 4608 lum
635 4563 686 4608 et
717 4553 870 4609 radix
917 4555 1097 4607 mulae
1125 4554 1371 4617 virtutis;
1414 4568 1555 4609 nunc
1584 4564 1761 4609 autem
1791 4555 1935 4609 illam
1963 4555 2070 4608 mi-

496 4645 721 4699 nutatim
762 4652 818 4699 et
846 4660 942 4714 per
984 4652 1163 4713 partes
1193 4642 1378 4698 refert.
1409 4644 1546 4710 Quid
1577 4646 1735 4714 igitur
1762 4643 1860 4699 hac
1888 4644 2067 4714 philo-

493 4734 682 4804 sophia
707 4734 879 4804 majus
902 4735 1242 4804 requiratur?
1268 4735 1400 4790 Cum
1426 4735 1568 4792 enim
1596 4737 1693 4800 ira,
1725 4739 1938 4802 furore,
1955 4738 2068 4792 cla-

497 4842 666 4893 more,
694 4827 1039 4896 pecuniarum
1084 4818 1392 4898 cupiditate,
1424 4830 1627 4883 ventris
1674 4829 1928 4900 ingluvie,
1952 4845 2066 4884 ma-

492 4918 817 4989 gnificeutia,
839 4920 982 4975 inani
1016 4920 1206 4991 gloria,
1250 4929 1306 4976 et
1356 4921 1517 4975 rebus
1564 4920 1684 4975 aliis
1727 4921 2068 4977 szecularibus

492 5011 798 5079 superiores
826 5026 923 5066 nos
948 5026 1090 5078 esse,
1114 5019 1168 5067 et
1185 5012 1315 5067 nihil
1342 5027 1464 5069 cum
1493 5021 1636 5068 terra
1665 5027 1947 5068 commune
1969 5012 2066 5067 ha-

493 5105 622 5158 bere
649 5105 936 5174 praecipiat,
960 5120 1079 5159 cum
1124 5105 1361 5160 membra
1406 5115 1585 5160 nostra
1636 5106 1940 5175 mortiﬁcare
1986 5105 2070 5177 ju-

495 5194 639 5261 heat,
666 5196 833 5263 palam
858 5205 939 5252 est
966 5212 1128 5252 euma
1150 5198 1303 5254 nobis
1330 5198 1569 5253 eamdem
1597 5200 1716 5254 vita:
1745 5199 2068 5270 diligentiam

494 5287 787 5356 requirere,
817 5303 973 5357 quam
1001 5288 1243 5344 Christus
1264 5305 1295 5344 a
1318 5289 1617 5358 discipulis;
1647 5300 1920 5361 atquenos
1947 5305 2069 5360 pec-

490 5379 628 5433 eatis
654 5390 893 5434 mortuos
916 5396 1037 5436 esse
1066 5381 1222 5447 velle,
1253 5396 1317 5437 ac
1341 5380 1385 5435 si
1405 5380 1516 5449 jam
1570 5383 1764 5435 mortui
1797 5392 1850 5436 et
1875 5382 2067 5450 scpulti

492 5485 754 5527 essemus.
810 5472 1141 5543 Quapropter
1190 5473 1316 5528 dicit
1354 5491 1368 5527 :
1401 5471 1539 5526 Nam
1587 5473 1674 5544 qui
1723 5485 1947 5528 mortuus
1972 5483 2063 5541 est,

489 5564 800 5632 just-ilicetum
828 5574 899 5619 est
919 5582 951 5619 a
984 5567 1227 5629 peccato!
1257 5565 1405 5622 Rom.
1432 5566 1485 5621 6.
1516 5566 1546 5619 7
1571 5566 1613 5638 ).
1660 5566 2063 5638 N’umumqttam

558 5741 577 5772 ⁸
613 5746 777 5801 Deest,
796 5743 984 5803 sectari,
1006 5745 1053 5793 in
1072 5743 1257 5794 duobus
1277 5752 1376 5794 Mss.

1229 328 1592 389 ADVERSUS
1627 325 2163 383 OPPUGNATORES
2202 326 2381 382 VITAE
2405 328 2698 383 MOI‘lAST.
2739 328 2867 385 LIB.
2907 328 2995 385 ΙΙΙ.

3628 330 3731 393 δη

2167 439 2291 494 item
2318 440 2384 494 ad
2414 440 2629 506 Christi,
2665 457 2764 497 nec
2790 453 2992 497 tantum
3022 445 3087 498 ad
3133 446 3531 516 discipulorum,
3560 452 3733 507 imita-

2164 531 2362 583 tionem
2392 544 2490 584 nos
2510 529 2768 587 hortatur.
2798 533 3003 588 Etenim
3031 550 3150 591 cum
3175 552 3271 592 nos
3300 538 3537 595 hortatur
3551 544 3616 597 ad
3642 559 3734 600 ca-

2162 619 2394 684 ritatem,
2427 620 2549 675 inde
2601 623 2764 676 sumit
2805 626 3066 694 exempla,
3117 628 3462 699 similiterque
3516 648 3633 687 cum
3665 635 3731 688 ad

2164 706 2477 776 injuriarum
2519 709 2860 780 oblivionem,
2918 724 3076 785 atque
3123 717 3190 771 ad
3236 721 3569 778 modestiam.
3601 726 3729 780 Cum

2164 797 2344 867 itaque
2369 814 2473 854 non
2517 803 2809 858 monachos
2858 813 3057 860 tantum
3103 823 3168 863 ac
3216 808 3526 883 discipulos,
3557 817 3650 870 sed
3677 827 3731 872 et

2164 890 2338 959 ipsum
2368 892 2562 948 imitari
2611 894 2882 951 Christum
2906 897 3110 967 jubeat,
3154 908 3210 956 et
3249 918 3353 959 non
3405 908 3732 965 imitantibus

2165 983 2452 1038 maximum
2525 994 2686 1054 ponat
2720 988 3059 1058 supplicium,
3110 1006 3215 1061 qua
3269 995 3480 1050 tandem
3525 1000 3731 1058 ratione

2164 1074 2299 1129 dicis
2324 1075 2467 1131 illam
2496 1092 2616 1133 esse
2660 1079 2829 1151 major
2863 1096 2914 1134 m
2958 1081 3334 1138 altitudinem?
3362 1087 3442 1141 Ad
3492 1092 3731 1147 eamdem

2162 1173 2305 1225 enim
2335 1173 2503 1242 ipsam
2535 1190 2724 1233 omnes
2770 1176 3013 1234 homines
3058 1183 3345 1238 ascendere
3403 1195 3647 1256 oportet:
3676 1199 3734 1245 et

2165 1261 2304 1328 quod
2332 1264 2635 1320 universum
2673 1269 2865 1323 evertit
2906 1271 3088 1325 orbem
3144 1273 3269 1327 illud
3314 1284 3416 1341 est,
3444 1278 3585 1347 quod
3603 1281 3735 1335 solis

2166 1353 2438 1408 monachis
2465 1354 2553 1409 illa
2578 1356 2849 1427 diligentia
2876 1375 3009 1429 opus
3048 1377 3170 1418 esse
3198 1373 3463 1434 putemus,
3494 1371 3733 1425 caneris-

2166 1458 2269 1514 que
2297 1446 2624 1517 negligenter
2669 1451 2847 1505 vivere
2878 1453 3054 1508 licere.
3088 1455 3202 1510 Non
3234 1458 3301 1512 ita
3346 1473 3492 1526 sane,
3526 1480 3629 1517 non
3664 1465 3732 1519 ita

2166 1545 2267 1597 est,
2290 1537 2387 1591 sed
2430 1538 2614 1593 eadem
2643 1541 2709 1594 ab
2743 1543 2989 1599 omnibus
3029 1544 3360 1617 philosophia
3406 1555 3690 1622 requiritur
3721 1575 3733 1609 :

2167 1625 2327 1696 idque
2361 1628 2703 1685 vehementer
2729 1633 3108 1691 affirmaverim
3135 1656 3151 1702 ;
3176 1638 3282 1692 imo
3328 1656 3452 1697 vero
3481 1661 3582 1697 nou
3612 1662 3730 1715 ego,

2166 1718 2260 1772 scd
2285 1718 2329 1772 is
2352 1720 2439 1788 qui
2467 1736 2562 1775 nos
2583 1721 2911 1791 judicaturus
2942 1735 3042 1780 est.
3094 1727 3184 1783 Sin
3219 1729 3392 1786 adhuc
3431 1736 3637 1790 miraris
3685 1749 3739 1791 et

2168 1807 2360 1875 haeres,
2402 1824 2498 1880 age
2532 1826 2739 1867 rursum
2786 1829 2853 1869 ex
2894 1815 3081 1871 iisdem
3124 1822 3528 1890 scaturiginibus
3577 1840 3733 1881 aures

2168 1905 2287 1952 tuas
2320 1900 2658 1969 inundcmus,
2688 1912 2748 1958 ut
2772 1906 2945 1961 omnis
2972 1907 3354 1966 incredulitatis
3379 1921 3477 1967 tum
3508 1919 3737 1986 nequitia

2166 1988 2431 2045 abluatur.
2456 1992 2781 2049 Documenta
2822 2011 2950 2052 vero
2978 2013 3181 2054 sumam
3212 2016 3278 2056 ex
3322 2005 3592 2073 suppliciis
3629 2007 3735 2062 dici

2169 2079 2328 2135 illius.
2362 2082 2517 2137 Dives
2552 2083 2668 2151 ille,
2702 2100 2806 2139 non
2834 2087 2972 2156 quod
3001 2090 3292 2146 monachus
3323 2094 3551 2149 cmdclis
3576 2110 3738 2163 esset,

2168 2170 2290 2225 ideo
2305 2172 2671 2228 vehementius
2696 2176 3048 2245 cruciabatur,
3088 2181 3179 2236 sed
3206 2184 3247 2236 si
3277 2184 3402 2253 qttid
3428 2202 3457 2239 a
3481 2187 3634 2242 nobis
3661 2189 3740 2242 iu-

2168 2271 2379 2316 ventam
2398 2264 2538 2334 loqui
2563 2262 2642 2321 fas
2660 2265 2747 2332 sit,
2776 2267 2896 2337 quia
2934 2269 3200 2326 saecularis
3253 2288 3372 2327 cum
3397 2284 3559 2343 esset,
3583 2277 3634 2331 in
3663 2279 3741 2332 di-

2168 2353 2308 2408 vitiis
2337 2355 2462 2409 etin
2491 2371 2718 2425 purpura
2741 2356 2961 2427 degens,
2988 2360 3244 2415 Lazarum
3272 2363 3322 2417 in
3345 2374 3579 2419 extrema
3610 2383 3738 2437 pau—

2169 2454 2375 2514 pertate
2400 2446 2664 2502 viventem
2691 2448 2953 2519 despexit.
2973 2450 3231 2507 Caeterum
3251 2470 3422 2525 neque
3447 2455 3740 2528 hocneque

2170 2537 2298 2592 illud
2329 2538 2521 2605 dicam,
2546 2539 2637 2593 sed
2655 2541 2824 2595 solum
2851 2543 2973 2611 quia
2994 2543 3227 2600 crudelis
3248 2556 3380 2612 erat,
3400 2548 3518 2603 ideo
3538 2551 3742 2620 majore

2172 2626 2308 2696 ignis
2350 2630 2607 2697 supplicio
2655 2632 2989 2701 puniebatnr.
3041 2634 3286 2705 Virgines
3334 2654 3562 2709 quoque,
3617 2644 3744 2713 quia

2171 2716 2551 2773 immanitatem
2596 2722 3050 2790 posthabuerunt,
3084 2725 3202 2780 ideo
3229 2742 3259 2781 a
3302 2727 3536 2785 thalamo
3562 2736 3742 2802 Spousi

2170 2809 2397 2878 repulsae
2420 2819 2579 2876 sunt;
2610 2826 2672 2866 ac
2698 2814 2741 2866 si
2768 2813 2892 2883 quid
2913 2829 2943 2868 a
2965 2816 3117 2870 nobis
3138 2817 3265 2887 ipsis
3283 2819 3462 2876 dicere
3487 2834 3620 2892 Opus
3639 2825 3739 2891 sit,

2173 2912 2275 2952 non
2304 2899 2476 2952 solum
2505 2899 2607 2954 illis
2627 2903 2891 2957 cruciatus
2922 2918 3025 2958 non
3073 2907 3213 2961 aucti
3260 2917 3402 2973 sunt,
3427 2912 3566 2980 quod
3596 2913 3742 2984 virgi-

2172 2987 2391 3042 nitatem
2441 2990 2749 3056 coluisscnt,
2794 2992 2888 3048 sed
2936 2995 3174 3051 mitiores
3208 2998 3328 3053 ideo
3365 2999 3597 3058 fuerunt.
3629 3004 3742 3061 Non

2171 3080 2312 3134 enim
2327 3080 2607 3137 audierunt
2637 3101 2649 3136 :
2675 3082 2756 3139 Ite
2795 3086 2849 3139 in
2883 3086 3050 3156 ignem
3106 3099 3339 3157 paratum
3363 3092 3562 3148 diabolo
3583 3105 3627 3149 et
3647 3113 3744 3151 an-

2171 3175 2294 3244 gelis
2344 3174 2453 3247 ejus
2481 3173 2711 3247 (Matth.
2757 3176 2845 3234 25.
2896 3181 2959 3236 ll
2984 3179 3004 3252 )
3031 3194 3046 3243 ;
3075 3180 3168 3235 sed
3212 3191 3438 3249 tantum,
3468 3186 3589 3243 Non
3634 3194 3746 3246 novi

2171 3280 2277 3321 vos.
2300 3264 2354 3320 Si
2372 3266 2493 3336 quis
2518 3282 2645 3323 vero
2664 3268 2805 3323 dicat
2837 3270 2937 3324 hoc
2957 3282 3011 3325 et
3039 3271 3166 3326 illud
3203 3273 3431 3345 idipsum
3453 3293 3592 3343 esse,
3616 3281 3745 3335 nihil

2171 3358 2496 3429 repugnabo.
2514 3359 2644 3414 Nam
2668 3362 2810 3431 quod
2837 3362 2964 3416 mihi
2987 3379 3127 3419 nunc
3159 3368 3441 3425 ostendere
3466 3371 3742 3441 incumbit,

2172 3448 2302 3503 illud
2328 3458 2430 3514 est,
2453 3450 2593 3520 quod
2624 3453 3005 3509 monachorum
3049 3458 3154 3511 vita
3182 3474 3287 3514 non
3310 3463 3551 3531 graviora
3579 3476 3745 3522 attra-

2174 3538 2266 3594 hat
2286 3541 2537 3610 supplicia
2563 3559 2577 3606 ;
2600 3542 2693 3598 sed
2716 3543 2854 3613 quod
2885 3547 3167 3603 saeculares
3184 3550 3369 3606 eadem
3411 3567 3624 3622 peccata
3647 3559 3746 3613 ad-

2172 3630 2443 3686 mittentes
2483 3632 2670 3687 iisdem
2719 3636 2827 3689 sint
2875 3638 3046 3706 pinnis
3098 3639 3336 3696 obnoxii.
3369 3643 3417 3698 ls
3460 3647 3602 3700 enim
3655 3651 3743 3720 qui

2171 3722 2403 3778 sordidis
2420 3724 2656 3778 vestibus
2679 3726 2904 3781 amictus
2920 3736 3052 3793 erat,
3071 3738 3126 3784 et
3152 3731 3195 3785 is
3221 3733 3308 3802 qui
3337 3744 3550 3791 centum
3578 3737 3747 3793 deua-

2172 3811 2283 3866 rios
2306 3812 2567 3883 exigebat,
2586 3830 2690 3870 non
2720 3817 2861 3886 quod
2882 3819 3131 3875 monachi
3148 3831 3331 3879 essent
3355 3839 3415 3881 ea
3437 3829 3577 3896 passi
3602 3838 3745 3897 sunt,

2172 3920 2290 3976 quae
2316 3907 2457 3974 passi
2504 3906 2838 3976 referuntur;
2885 3911 2979 3966 sed
3028 3914 3164 3967 alter
3211 3915 3283 3970 ob
3319 3916 3744 3988 fornicationem,

2172 3996 2311 4051 alter
2330 3996 2469 4067 quod
2495 4013 2601 4053 non
2628 3999 3000 4068 condonasset,
3030 4004 3321 4073 perierunt.
3366 4009 3433 4063 Et
3458 4010 3589 4064 alios
3608 4026 3744 4082 quo-

2173 4104 2275 4158 que
2301 4090 2565 4159 supplicio
2592 4099 2716 4147 tunc
2740 4093 2957 4149 aﬂ‘ectos
2983 4096 3026 4151 si
3061 4098 3180 4166 quis
3222 4112 3519 4170 percurrat,
3548 4106 3743 4175 depre-

2175 4180 2373 4236 hendet
2400 4198 2495 4237 eos
2520 4192 2737 4253 propter
2766 4196 2983 4254 peccata
3035 4189 3207 4244 solum
3249 4207 3434 4262 pugnas
3470 4196 3650 4251 luisse.
3686 4198 3743 4253 ld

2173 4285 2301 4326 vero
2328 4287 2431 4326 non
2453 4272 2506 4326 in
2535 4274 2807 4342 suppliciis
2838 4285 3063 4342 tantum,
3095 4280 3188 4334 sed
3220 4281 3269 4335 in
3296 4284 3746 4342 admonitionibus

2173 4378 2384 4434 quoque
2411 4365 2820 4421 animadvertas.
2853 4367 2985 4422 Nam
3024 4384 3143 4424 cum
3172 4371 3334 4426 dicit:
3378 4374 3550 4430 Venite
3574 4378 3641 4431 ad
3670 4395 3748 4433 me

2173 4469 2344 4508 omnes
2365 4456 2451 4524 qui
2472 4454 2709 4510 laboratis
2736 4466 2783 4511 et
2808 4458 2999 4510 onerati
3022 4460 3158 4525 estis,
3186 4470 3234 4513 et
3280 4478 3370 4532 ego
3394 4466 3617 4533 reﬁciam
3639 4483 3742 4521 vos.

2178 4544 2360 4599 Tollite
2367 4546 2554 4617 jugum
2579 4562 2745 4600 meum
2769 4565 2920 4618 super
2937 4563 3042 4615 vos,
3074 4561 3119 4604 et
3144 4551 3318 4605 discite
3342 4570 3375 4606 a
3401 4571 3479 4608 me
3501 4557 3620 4625 quia
3644 4560 3743 4610 mi-

2172 4637 2237 4689 tis
2259 4652 2371 4690 sum
2398 4647 2445 4690 et
2462 4636 2666 4691 Immitis
2684 4638 2854 4703 corde,
2880 4647 2925 4693 et
2953 4640 3214 4694 invenietis
3237 4644 3455 4713 requiem
3476 4646 3742 4703 animabus

2172 4728 2344 4782 vestris
2376 4727 2585 4798 (Matth.
2611 4730 2698 4785 ll.
2717 4729 2787 4784 28
2811 4730 2831 4802 )
2857 4746 2873 4795 ;
2904 4747 3008 4786 non
3033 4734 3307 4791 monachis
3333 4745 3535 4793 tantum
3565 4741 3741 4812 loqui-

2172 4827 2276 4881 tur,
2306 4819 2398 4874 sed
2423 4820 2517 4874 toti
2547 4819 2777 4875 humano
2816 4823 3020 4892 generi.
3067 4824 3307 4897 Cumque
3348 4827 3497 4899 jubet
3521 4847 3618 4901 per
3644 4850 3743 4888 an-

2173 4923 2377 4983 gustam
2401 4913 2646 4969 incedere
2670 4913 2830 4977 viam,
2860 4931 2966 4970 non
3024 4917 3144 4972 illos
3197 4919 3379 4987 modo,
3435 4923 3529 4978 sed
3558 4940 3746 4983 omnes

2175 5006 2417 5061 homines
2440 5006 2728 5076 alloquitur
2757 5025 2771 5061 :
2798 5018 2852 5063 et
2875 5009 3106 5064 animam
3154 5025 3304 5067 suam
3331 5014 3457 5070 odio
3479 5017 3675 5075 habere
3693 5021 3743 5076 in

2174 5101 2277 5156 hoc
2313 5101 2535 5168 mundo,
2562 5112 2615 5158 et
2642 5103 2835 5157 similia
2860 5105 3036 5158 omnia
3071 5108 3333 5162 universis
3378 5110 3578 5177 pariter
3604 5128 3744 5182 prae-

2173 5195 2334 5265 cepit.
2361 5194 2493 5249 Cum
2537 5203 2716 5250 autem
2748 5211 2852 5250 non
2904 5198 3148 5252 omnibus
3183 5198 3414 5267 loquitur
3437 5204 3519 5256 vel
3573 5205 3742 5274 legem

2173 5284 2285 5352 dat,
2315 5285 2542 5355 idipsum
2566 5286 2722 5341 nobis
2748 5287 2919 5355 palam
2948 5287 3092 5343 facit.
3119 5288 3250 5344 Cum
3282 5291 3457 5362 itaque
3484 5295 3551 5350 de
3579 5297 3743 5366 virgi-

2175 5376 2339 5430 nitate
2379 5372 2705 5447 loqueretur,
2761 5378 2954 5441 intulit,
2982 5379 3082 5445 Qui
3127 5389 3288 5449 potest
3333 5399 3514 5452 capere
3550 5388 3743 5454 capiat»

2177 5464 2197 5537 (
2228 5465 2414 5519 Matth.
2444 5466 2531 5520 l9.
2562 5465 2629 5520 12
2655 5465 2699 5534 ),
2722 5482 2892 5537 neque
2937 5468 3085 5534 illud,
3119 5471 3300 5537 omnis,
3336 5473 3610 5541 adjicieus,
3641 5490 3739 5529 ne-

2173 5570 2276 5626 que
2301 5556 2352 5611 id
2384 5557 2434 5611 in
2462 5559 2709 5627 prmcepti
2735 5556 2901 5613 forma
2931 5568 3190 5616 statuens.
3214 5563 3301 5618 Sic
3323 5564 3483 5618 etiam
3506 5566 3695 5620 Paulus
3722 5583 3736 5616 :

2175 5663 2296 5703 nam
2325 5647 2628 5717 Magistrum
2661 5648 2854 5718 ubique
2897 5651 3091 5704 imitari
3133 5651 3564 5722 deprehenditur,
3587 5669 3736 5709 cunt-

2170 5754 2276 5814 que
2302 5739 2353 5794 in
2382 5738 2520 5795 idem
2543 5749 2904 5811 argumentum
2931 5742 3219 5810 incidisset,
3247 5744 3455 5799 aiebat:
3484 5745 3560 5801 De
3586 5747 3737 5818 virgi-
