4124 6144
464 344 569 398 375

466 461 613 514 nibus
638 469 807 513 autem
837 466 1141 528 pra'ceptum
1167 457 1375 512 Domini
1419 475 1520 512 non
1571 459 1727 513 habeo
1745 461 1821 529 (l.
1846 460 1960 514 Cor.
1987 463 2040 516 τ.

457 550 531 605 2ὄ
552 553 590 618 ).
624 548 773 616 Quod
797 548 953 617 igitur
979 548 1357 602 etsaecularetn
1374 557 1428 603 et
1454 549 1773 603 monachum
1804 550 1869 603 ad
1893 550 2034 605 idem

456 656 713 695 cacumen
741 640 1039 709 pertingere
1064 648 1325 708 oporteat,
1352 639 1570 709 etquod
1601 649 1824 710 uterque
1856 640 2042 710 lapsus

460 731 645 786 eadem
672 731 891 785 vulnera
920 738 1235 800 accepturus
1260 730 1351 798 sil,
1402 744 1470 785 nc
1511 729 1797 785 admodum
1828 730 2044 800 quidem

453 824 853 878 contentiosum
892 831 952 878 et
995 822 1362 894 impudentem
1421 820 1677 893 deinceps
1721 832 2039 894 negaturum

453 923 602 984 puto.

524 1008 612 1063 15.
644 1006 756 1063 lloc
774 1015 951 1063 autem
994 1016 1179 1077 aperte
1208 996 1592 1074 demonstrato,
1621 1024 1721 1079 age
1750 1009 1879 1065 illud
1904 1025 2042 1080 quo-

452 1116 556 1171 que
581 1100 930 1170 iuquiramus,
962 1100 1080 1172 quis
1119 1100 1326 1157 facilius
1369 1101 1614 1172 lapsurus
1643 1104 1732 1157 sit.
1769 1103 1928 1159 Certe
1956 1103 2043 1159 hic

454 1206 560 1245 non
607 1192 991 1262 perquisitione
1024 1207 1159 1262 opus
1188 1202 1311 1258 est;
1356 1193 1740 1248 continentiam
1777 1196 1977 1266 quippe
1997 1197 2040 1251 is

450 1286 539 1355 qui
564 1300 780 1340 uxorem
812 1285 992 1352 habet,
1019 1284 1222 1342 facilius
1246 1285 1500 1354 servabit,
1526 1295 1709 1357 utpote
1735 1292 1821 1358 qui
1849 1288 2039 1343 solatio

454 1377 619 1432 multo
634 1376 836 1431 fruatur
861 1394 873 1429 :
899 1377 949 1430 in
977 1377 1194 1447 reliquis
1214 1385 1391 1432 autem
1422 1391 1526 1432 nou
1557 1380 1627 1432 ita
1645 1378 1789 1432 clara
1814 1394 1900 1434 res
1927 1388 2033 1434 est.

447 1465 647 1522 Verum
680 1469 729 1522 in
775 1468 864 1521 illa
892 1482 1103 1537 quoque
1144 1482 1205 1522 re
1246 1468 1426 1537 plures
1457 1468 1695 1523 videmus
1716 1469 2033 1539 conjugato-

445 1577 564 1615 rum
595 1561 807 1627 cadere,
829 1577 986 1631 quam
1027 1560 1431 1624 monachorum.
1472 1560 1653 1630 Neque
1696 1562 1838 1616 enim
1864 1570 1941 1615 tot
1969 1577 2036 1616 ex

445 1654 787 1707 monasteriis
816 1653 883 1706 ad
923 1652 1134 1721 nuptias
1185 1661 1481 1716 transeunt,
1506 1660 1634 1722 quot
1677 1666 1741 1706 ex
1769 1651 2032 1731 conjugali

444 1754 563 1799 toro
592 1745 655 1799 ad
681 1754 879 1800 scorta.
902 1744 1054 1812 Quod
1077 1743 1122 1797 si
1158 1743 1212 1797 in
1240 1743 1623 1798 certaminibus
1648 1743 1752 1797 illis
1771 1744 1869 1797 sibi
1905 1744 2033 1798 faci—

443 1835 584 1889 libus
603 1851 768 1910 usque
788 1834 923 1890 adeo
951 1834 1280 1903 frequentius
1308 1833 1520 1899 cadant,
1546 1833 1672 1903 quid
1694 1833 1748 1888 in
1776 1834 1891 1887 aliis
1912 1835 2031 1887 ani-

440 1926 513 1980 mi
562 1925 838 1980 allertibus
891 1925 1080 1980 facturi
1129 1934 1273 1993 sunt,
1323 1925 1409 1979 ubi
1467 1926 1637 1995 magis
1692 1926 2027 1995 exagitantur

434 2033 597 2087 quam
628 2016 873 2072 monachi
899 2016 923 2070 ?
954 2015 1086 2071 Nam
1119 2016 1550 2087 concupiscentia
1581 2016 1793 2086 quidem
1816 2015 1915 2071 bos
1931 2032 2027 2072 ve-

437 2107 740 2163 hementius
761 2106 1021 2173 stimulat,
1055 2116 1240 2178 utpote
1271 2108 1358 2179 qui
1387 2108 1591 2162 nullum
1625 2106 1860 2179 habeant
1904 2122 2025 2162 eum

437 2198 751 2254 mulieribus
777 2176 1131 2253 consortium:
1180 2176 1408 2269 Reliqua
1440 2212 1566 2251 vero
1598 2176 1799 2251 ad\hos
1864 2212 2028 2267 prope

435 2289 695 2345 accedere
714 2296 1019 2360 nequeunt;
1049 2289 1169 2344 illos
1195 2299 1374 2344 autem
1405 2289 1671 2344 violenter
1686 2289 2020 2356 adoriuntur,

434 2389 490 2434 et
524 2395 555 2433 a
594 2380 770 2451 capite
795 2368 1147 2451 praecipitant.
1179 2379 1334 2448 Quod
1357 2380 1422 2448 si,
1454 2380 1542 2435 ubi
1566 2379 1868 2436 violentiori
1884 2380 2027 2437 bello

435 2483 752 2545 premuntur
782 2473 1053 2541 monachi,
1073 2472 1404 2544 frequentius
1430 2482 1703 2544 superant,
1737 2489 1897 2544 quam
1924 2474 2020 2539 illi,

432 2584 553 2621 cum
581 2567 773 2638 quibus
800 2566 1079 2622 remissius
1108 2568 1300 2637 agitur,
1343 2568 1515 2637 palam
1546 2576 1629 2622 est
1664 2582 1759 2623 eos
1783 2568 1838 2623 in
1859 2576 2023 2623 caete-

431 2658 527 2726 ris,
557 2659 644 2712 ubi
676 2673 783 2713 non
804 2658 1159 2728 exagitantur,
1184 2656 1406 2713 firmiter
1432 2659 1777 2716 constituros.
1810 2661 2018 2716 Etenim

430 2750 672 2820 pecunia:
692 2765 865 2817 amor,
913 2752 1147 2821 itemque
1205 2750 1637 2821 concupiscentia
1686 2752 2020 2821 deliciarum,

428 2844 702 2914 potentiae,
750 2844 1184 2914 reliquorumque
1221 2842 1500 2910 omnium,
1559 2843 1766 2900 facilius
1817 2843 2019 2911 abhis,

428 2952 588 3007 quam
615 2953 646 2991 a
670 2936 1035 3001 saecularibus,
1066 2936 1205 2991 vinci
1236 2936 1433 2991 solent.
1477 2936 1639 3004 Quasi
1692 2936 1746 2992 in
1776 2937 1892 2993 acie
1919 2937 2022 3009 igi-

430 3040 520 3087 tur
542 3041 701 3101 atque
727 3030 780 3085 in
815 3030 999 3100 praelio
1030 3030 1167 3085 banc
1193 3029 1325 3086 belli
1364 3038 1573 3101 partem
1615 3030 1875 3087 leviorem
1900 3046 2023 3088 esse

428 3125 689 3191 dicemus,
717 3137 824 3178 non
855 3123 908 3178 in
933 3136 1036 3193 qua
1096 3137 1235 3178 unus
1261 3137 1424 3192 super
1446 3122 1610 3178 alium
1635 3131 1688 3179 et
1717 3123 2022 3195 frequentes

429 3216 644 3281 cadunt,
676 3213 772 3270 sed
823 3214 877 3270 in
924 3229 1027 3286 qua
1058 3213 1211 3284 pauci
1236 3221 1292 3269 et
1320 3213 1426 3270 rari
1456 3230 1471 3267 :
1500 3215 1580 3269 sic
1604 3222 1659 3269 et
1684 3213 1752 3270 de
1780 3214 1864 3271 his
1892 3230 2020 3271 sen-

430 3306 812 3363 tcntiam'ferre
837 3322 934 3376 par
979 3314 1082 3362 est.
1124 3304 1399 3376 Siquidem
1433 3304 1713 3360 avaritiam
1753 3320 1861 3362 non
1905 3306 2017 3373 ille,

428 3401 517 3470 qui
545 3401 596 3454 in
624 3397 801 3454 medio
827 3413 1007 3454 rerum
1030 3405 1294 3469 versatur.
1336 3396 1433 3454 sed
1483 3397 1591 3464 hic,
1622 3397 1712 3467 qui
1739 3397 1791 3451 in
1818 3397 2021 3452 monti-

430 3492 529 3546 bus
555 3490 777 3553 residet,
811 3489 1016 3544 facilius
1068 3489 1363 3559 superabit.
1398 3488 1533 3546 Nam
1567 3489 1658 3546 ille
1683 3498 1830 3546 certe
1870 3491 2021 3545 nullo

430 3534 529 3546 η..-
556 3534 777 3553 ,νυ-υ..
811 3534 1015 3544 ._-..._-
1068 3534 1363 3559 -..,.-....,...
1398 3534 1533 3546 νη...
1567 3534 1658 3546 .-.ν
1684 3534 1830 3546 νη...
1870 3534 2019 3545 ......-

364 3534 378 3652 1
430 3582 646 3652 negotio
670 3580 913 3651 capietur
935 3596 951 3634 :
976 3580 1022 3635 is
1041 3595 1170 3636 vero
1195 3580 1287 3651 qui
1313 3580 1535 3635 avaritia
1564 3581 1872 3651 corripitur,
1898 3597 2020 3637 cum

362 3650 375 3707 ¹
426 3650 1187 3729 idololatrisiaunumeraudus
1214 3650 1329 3729 est.
1361 3672 1443 3728 Ac
1468 3650 1765 3730 monachus
1804 3673 2019 3744 quidem

427 3767 755 3837 propinquos
776 3774 829 3821 et
852 3764 1141 3821 familiares
1188 3777 1297 3819 non
1334 3763 1615 3836 despiciet,
1667 3764 1712 3820 si
1767 3766 2020 3834 pecunias

430 3859 644 3928 habeat,
675 3858 769 3914 sed
817 3857 1034 3928 largiter
1060 3857 1126 3912 iis
1162 3856 1282 3912 illas
1326 3856 1597 3923 etl'undet;
1630 3857 1719 3913 ille
1764 3873 1892 3913 vero
1914 3874 2019 3915 non

433 3963 640 4009 tantum
670 3967 765 4008 eos
793 3951 1076 4023 despiciet,
1109 3965 1292 4006 verum
1324 3950 1484 4005 etiam
1514 3947 1670 4006 lmdet
1690 3965 1795 4006 non
1818 3952 2016 4019 minus,

428 4063 588 4120 quam
616 4047 840 4103 alienos.
886 4043 1040 4112 Quod
1067 4043 1309 4115 profecto
1335 4042 1481 4099 aliud
1508 4042 1825 4100 idololatria:
1851 4059 2020 4115 genus

426 4149 514 4197 est
542 4140 710 4210 priori
735 4139 889 4208 longe
913 4135 1147 4207 gravius.
1176 4133 1381 4206 Ecquid
1410 4134 1514 4190 alia
1533 4135 1711 4190 omnia
1734 4149 2020 4193 recensere

427 4248 583 4304 opus,
614 4246 734 4302 qua:
753 4245 873 4287 eum
891 4244 920 4284 a
941 4227 1218 4284 monachis
1246 4226 1454 4282 facilius
1478 4234 1818 4298 superentur,
1845 4240 2016 4282 saecu-

433 4326 576 4381 lares
593 4339 713 4380 cum
740 4321 1076 4379 vehementia
1102 4318 1405 4390 dejiciunt?
1431 4318 1538 4374 Cur
1557 4333 1686 4391 ergo
1707 4334 1813 4373 non
1841 4319 2017 4383 times,

427 4431 527 4472 cur
543 4431 647 4471 non
673 4414 925 4485 trepidas,
967 4412 1093 4469 dum
1128 4410 1268 4468 hanc
1290 4411 1452 4466 vitam
1495 4409 1630 4481 agis,
1664 4409 1799 4465 ubia
1827 4411 2017 4480 nequi-

429 4509 504 4565 tia
524 4508 631 4566 eito
650 4507 919 4579 capieris?
941 4505 1080 4562 Num
1126 4504 1220 4560 tibi
1248 4519 1469 4576 parvum
1507 4502 1634 4573 quid
1663 4502 1872 4558 videtur
1899 4518 2020 4559 esse

428 4601 732 4658 idololatria
758 4600 949 4666 teneri,
979 4608 1035 4656 et
1060 4597 1361 4655 infidelibus
1381 4597 1700 4653 deteriorem
1731 4610 1871 4662 esse,
1893 4596 2018 4651 Dei-

428 4710 534 4765 que
549 4694 828 4750 servitium
849 4692 1101 4763 operibus
1115 4691 1403 4761 abnegare,
1429 4704 1550 4760 qua:
1574 4687 1753 4744 omnia
1790 4687 2017 4754 facilius,

425 4802 588 4859 quam
613 4784 881 4850 monachi,
908 4783 1177 4855 patientur
1196 4782 1233 4838 ii
1264 4781 1356 4853 qui
1401 4780 1599 4837 smculo
1622 4778 1818 4836 addicti
1846 4777 2021 4834 sunt?

432 4879 663 4934 Videsne
683 4876 822 4948 quod
842 4889 987 4930 mera
1035 4874 1179 4930 fictio
1208 4882 1384 4929 metus
1417 4872 1521 4929 iste
1542 4872 1651 4927 sit?
1672 4870 1803 4926 Nam
1833 4871 1876 4925 si
1903 4885 2017 4926 me-

428 4970 688 5028 tuendum
715 4976 880 5035 esset,
933 4981 1041 5021 non
1069 4966 1171 5021 illis
1198 4973 1343 5021 certe
1366 4966 1735 5026 metuendum.
1775 4965 1863 5035 qui
1892 4978 2020 5036 pro-

427 5062 594 5118 cellas
631 5059 858 5130 fugiunt,
903 5072 1002 5113 nec
1047 5056 1151 5111 illis
1190 5056 1282 5127 qui
1324 5054 1390 5110 ad
1433 5067 1644 5125 portum
1694 5055 1948 5111 festinant
1976 5057 2018 5122 ί,

431 5154 527 5210 sed
557 5154 644 5220 iis,
676 5152 766 5222 qui
814 5150 1045 5221 procella
1073 5158 1127 5204 et
1158 5155 1477 5219 tempestate
1518 5147 1807 5218 jactautur.
1855 5149 2022 5204 Citius

428 5248 573 5302 enim
598 5245 724 5300 hinc
740 5242 1013 5313 naufragia
1042 5241 1297 5307 timenda,
1325 5238 1466 5310 quod
1494 5239 1645 5310 plura
1666 5240 1775 5294 sint
1804 5247 2019 5309 pertur-

427 5337 626 5403 bantia,
652 5346 704 5392 et
728 5334 1005 5406 segniores
1032 5334 1089 5400 ii,
1114 5333 1203 5403 qui
1227 5332 1478 5387 resistere
1498 5331 1717 5387 debent.
1752 5330 1849 5386 llic
1889 5345 2019 5386 vero

429 5448 535 5488 non
563 5440 640 5486 tot
683 5429 877 5484 fluctus
918 5426 1201 5493 habentur,
1262 5424 1357 5480 sed
1400 5439 1588 5495 magna
1644 5423 2016 5495 tranquillitas,

429 5526 707 5596 majorque
731 5520 1005 5592 diligentia
1031 5534 1238 5585 eorum,
1258 5532 1393 5589 quos
1409 5517 1666 5573 adversus
1695 5517 1784 5572 illa
1812 5532 2017 5588 pugna-

424 5633 483 5674 re
501 5622 730 5687 oportet.
782 5609 1139 5679 Quamobrem
1189 5624 1287 5665 nos
1331 5609 1384 5663 in
1437 5608 1707 5664 desertum
1757 5606 2018 5663 trahimus

425 5723 541 5775 eos,
573 5722 679 5763 non
705 5715 764 5762 ut
788 5718 945 5759 sacco
968 5702 1272 5765 induantur,
1300 5716 1406 5756 non
1432 5709 1493 5755 ut
1516 5700 1753 5756 cinerem
1779 5700 2021 5755 subster-

488 5823 503 5856 ί
530 5821 699 5882 verba,
719 5831 804 5870 nec
826 5815 923 5869 illis
936 5812 1019 5880 qui
1035 5812 1100 5864 ad
1112 5819 1303 5878 portam
1323 5810 1566 5877 festorum,
1582 5809 1805 5863 inuorcl.
1818 5810 2016 5862 desunt.

1173 343 1231 399 S.
1272 344 1550 399 JOANNlS
1579 344 2050 402 CllRYSOSTOlrIl
2090 346 2411 402 ARClllEP.
2451 348 2992 405 CONSTANTINOP.

3638 353 3740 408 376

2159 465 2325 517 nant‘
2356 473 2581 528 tantum,
2611 465 2705 519 sed
2735 466 2785 518 in
2816 465 2999 533 primis
3016 465 3209 518 utvilia
3252 464 3470 535 fugiant,
3512 466 3739 537 eligant.

2151 568 2257 621 que
2284 557 2548 609 virtutem.
2578 555 2714 622 Quid
2765 555 2925 625 igitur
2953 556 2975 608 ?
3021 571 3281 611 oumesue
3316 557 3587 627 conjugati
3615 574 3735 630 per-

2153 642 2309 699 ibunt
2333 644 2357 698 '.’

2221 736 2507 792 Strculares
2536 738 2720 808 majori
2746 753 2862 791 cum
2887 738 3179 809 di/Iicultate
3199 740 3324 795 salvi
3356 741 3505 811 ﬁunt.
3529 773 3598 783 —
3615 742 3726 800 Non

2149 827 2398 897 equidem
2420 828 2472 883 id
2508 829 2657 897 dico,
2688 831 2784 888 sed
2824 832 3116 901 majoribus
3162 848 3257 888 eos
3281 833 3553 891 laboribus
3571 837 3736 893 obno~

2152 918 2270 974 xios
2295 934 2438 985 esse,
2480 921 2526 976 si
2548 924 2777 977 salutem
2817 924 3073 994 consequi
3118 925 3304 993 velint,
3355 926 3513 997 idque
3538 929 3608 983 ob
3635 930 3738 985 im-

2149 1013 2444 1068 minentem
2466 1017 2863 1072 necessitatem.
2888 1018 3019 1073 Nam
3048 1019 3093 1073 is
3119 1020 3209 1090 qui
3236 1021 3442 1078 solutus
3470 1032 3572 1090 est,
3604 1023 3736 1080 faci-

2149 1104 2253 1160 lius
2279 1115 2479 1173 currct,
2511 1123 2670 1177 quam
2692 1108 2740 1163 is
2765 1109 2854 1179 qui
2884 1120 2966 1164 est
2990 1111 3216 1168 'viuculis
3243 1112 3552 1170 obstrictus.
3593 1117 3734 1188 Ergo

2147 1197 2440 1266 majoribus
2476 1199 2565 1254 ille
2608 1201 2843 1269 prmmiis
2881 1201 3189 1270 donabitur,
3244 1204 3733 1279 illustrioribusque

2145 1288 2406 1342 coronis?
2433 1289 2648 1345 Minime
2678 1306 2804 1345 vero
2838 1310 2851 1345 :
2884 1307 3008 1347 nam
3054 1292 3191 1349 hanc
3232 1294 3324 1351 ille
3359 1297 3459 1352 sibi
3492 1299 3732 1354 necessi-

2145 1387 2310 1435 tatem
2351 1381 2595 1452 imponit,
2636 1397 2757 1437 cum
2804 1383 2990 1439 liceret
3042 1400 3146 1440 non
3200 1386 3497 1456 imponere.
3543 1389 3731 1461 Itaque

2143 1471 2417 1540 quoniam,
2448 1480 2505 1526 ut
2534 1489 2563 1526 a
2595 1474 2749 1529 nobis
2768 1475 2912 1530 clare
2936 1475 3357 1533 demonstratum
3385 1488 3488 1544 est,
3536 1480 3727 1536 iisdem

2141 1574 2324 1615 sumus
2369 1561 2563 1618 ofﬁciis
2607 1563 2847 1631 obnoxii,
2900 1567 3092 1636 quibus
3124 1568 3394 1636 monachi,
3438 1569 3727 1627 faciliorem

2143 1668 2519 1721 percurramus
2552 1655 2715 1720 viam,
2745 1655 2809 1709 ad
2841 1671 3067 1726 eamque
3094 1658 3231 1711 filios
3256 1659 3621 1727 attrahamus;
3661 1678 3729 1717 ne

2140 1742 2261 1799 illos
2284 1744 2680 1816 demergamus,
2710 1762 2845 1802 neve
2871 1747 2989 1801 illos
3005 1747 3071 1803 ad
3118 1747 3391 1817 baratbra,
3446 1761 3505 1806 ut
3544 1751 3725 1809 hostes

2137 1843 2193 1890 et
2216 1835 2437 1904 inimici,
2456 1839 2865 1908 praecipitemus.
2888 1840 3017 1897 Ilmc
3031 1842 3174 1897 enim
3192 1842 3234 1895 si
3254 1842 3341 1912 qui
3361 1843 3452 1898 alii
3469 1844 3724 1911 facerent,

2139 1943 2244 1984 non
2274 1929 2409 1985 adeo
2433 1946 2595 2001 grave
2623 1943 2783 1988 esset.
2807 1934 2940 1988 Cum
2971 1943 3149 1990 autem
3189 1936 3287 2005 ipsi
3314 1946 3586 2007 parentes,
3633 1938 3725 2008 qui

2136 2023 2471 2078 sarcularium
2486 2040 2664 2079 rerum
2679 2026 2914 2080 omnium
2931 2026 3358 2095 experimentum
3382 2038 3721 2097 acceperunt,

2136 2114 2225 2185 qui
2252 2115 2507 2186 operibus
2525 2116 2654 2187 ipsis
2683 2116 2986 2171 didicerunt
3012 2117 3256 2189 frigidam
3289 2118 3574 2174 admodum
3604 2135 3723 2177 esse

2137 2208 2480 2276 praesentium
2529 2222 2707 2263 rerum
2749 2209 3095 2278 voluptatem,
3147 2208 3283 2264 adeo
3321 2210 3610 2274 insaniant,
3666 2220 3723 2266 ut

2133 2296 2269 2351 alios
2298 2297 2364 2352 ad
2387 2297 2575 2353 eadem
2605 2299 2716 2368 ipsa
2745 2299 3076 2368 pertrahant,
3107 2300 3361 2370 quoniam
3383 2300 3481 2370 ipsi
3500 2300 3611 2370 jam
3638 2301 3724 2356 his

2132 2386 2233 2441 frui
2262 2402 2356 2457 per
2384 2396 2594 2443 :etatem
2624 2388 2992 2458 prohibentur;
3019 2405 3141 2446 eum
3170 2399 3347 2446 tamen
3395 2392 3604 2462 seipsos
3646 2408 3718 2449 ex

2132 2478 2198 2534 iis
2223 2495 2341 2550 qua:
2374 2491 2782 2552 prmcesserunt,
2820 2482 3062 2539 infelices
3106 2484 3398 2553 praedicare
3423 2485 3717 2554 deberent;

2136 2571 2214 2626 illi
2240 2581 2445 2637 contra,
2477 2574 2632 2628 morti
2651 2575 2761 2644 jam
2790 2575 3017 2644 proximi
3043 2584 3097 2630 et
3125 2576 3404 2648 tribunali,
3445 2579 3721 2648 pinnisque

2133 2661 2234 2717 sibi
2264 2661 2556 2732 deputatis,
2577 2665 2708 2719 alios
2728 2666 3253 2736 tamenprmcipitent
3269 2683 3284 2734 ;
3303 2682 3421 2738 quae
3435 2669 3541 2725 illis
3561 2685 3722 2726 excu-

2131 2753 2268 2809 satio
2295 2754 2645 2824 rclinquetur,
2678 2770 2798 2826 qum
2819 2758 2996 2823 venia,
3026 2772 3143 2826 qua:
3173 2757 3576 2814 misericordia?
3601 2758 3715 2814 Non

2133 2853 2335 2900 tantum
2365 2845 2506 2900 enim
2535 2856 2873 2916 peccatorum
2898 2861 3115 2903 suorum
3136 2862 3324 2918 pmnas
3346 2846 3570 2915 dabunt,
3620 2851 3715 2905 sed

2129 2936 2288 2991 etiam
2324 2951 2529 3003 eorum,
2562 2953 2681 3006 qua:
2698 2937 2840 2993 circa
2857 2938 2995 2993 filios
3015 2939 3129 2994 ausi
3145 2948 3292 3005 sunt,
3313 2940 3424 2995 sive
3447 2939 3569 2995 illos
3592 2957 3722 3013 sup-

2132 3029 2382 3101 plantare
2407 3030 2695 3097 potuerint,
2724 3030 2843 3085 sive
2864 3045 2971 3084 non
3005 3031 3294 3099 potuerint.

2202 3120 2291 3176 16.
2338 3120 2620 3194 Yerepater
2636 3134 2709 3175 est
2725 3122 2810 3193 qui
2824 3122 2921 3191 ﬁlii
2941 3121 3153 3176 salutent
3166 3124 3481 3177 curat.--At
3497 3122 3719 3179 fortasse

2128 3212 2267 3269 ﬁlios
2286 3214 2518 3270 filiorum
2549 3213 2732 3270 videre
2772 3215 2989 3285 cupitis.
3019 3215 3086 3270 Et
3107 3215 3374 3285 quomodo
3395 3216 3547 3283 illud,
3591 3233 3713 3273 cum

2127 3321 2225 3362 vos
2247 3307 2484 3362 nendum
2521 3317 2704 3379 patres
2741 3308 2897 3363 sitis?
2947 3307 3134 3379 Neque
3163 3308 3304 3363 enim
3330 3317 3541 3379 patrem
3590 3309 3718 3366 facit

2125 3398 2401 3469 generatio
2430 3415 2444 3454 :
2489 3397 2630 3469 quod
2661 3398 2761 3467 ipsi
2799 3414 3013 3470 quoque
3042 3406 3290 3469 parentes
3338 3400 3586 3467 fatentur,
3617 3403 3707 3471 qui

2126 3503 2249 3544 cum
2289 3488 2427 3544 filios
2461 3489 2649 3545 vident
2678 3489 2733 3544 in
2775 3498 3074 3546 extremum
3116 3490 3366 3561 nequitia:
3409 3490 3711 3558 devenissc,

2127 3583 2279 3653 quasi
2306 3596 2412 3637 non
2448 3597 2577 3638 suos
2604 3581 2861 3652 abjiciuut
2885 3594 2939 3638 et
2963 3584 3213 3639 abdicant
3244 3601 3257 3636 :
3291 3599 3464 3654 neque
3499 3593 3711 3647 natura,

2127 3691 2301 3747 neque
2334 3676 2631 3747 generatio,
2664 3691 2838 3746 neque
2876 3676 3049 3731 simile
3084 3675 3355 3746 quidpiam
3395 3677 3539 3746 ipsos
3566 3675 3716 3731 cohi-

2127 3770 2257 3826 bcre
2304 3777 2500 3841 potest.
2549 3768 2626 3825 Ne
2653 3768 2813 3839 igitur
2858 3777 3037 3838 patres
3083 3767 3370 3838 dignentur
3419 3767 3712 3823 existimari

2126 3877 2333 3926 eorum,
2358 3860 2550 3932 quibus
2566 3859 2857 3916 secundum
2889 3859 3238 3929 philosophia:
3264 3860 3530 3915 rationem
3554 3859 3713 3927 longe

2126 3952 2406 4009 inferiores
2421 3960 2544 4007 sunt
2562 3969 2576 4005 :
2600 3950 2693 4006 sed
2709 3965 2830 4006 cum
2850 3950 2971 4007 illos
2991 3951 3093 4005 hoc
3106 3964 3323 4020 quoque
3337 3949 3497 4005 modo
3512 3964 3713 4020 genue-

2130 4046 2262 4114 rint,
2288 4054 2416 4101 tunc
2435 4054 2657 4116 nepotes
2679 4043 2837 4099 etiam
2868 4050 3142 4114 quaerant:
3176 4051 3302 4097 tunc
3330 4043 3471 4097 enim
3505 4052 3708 4097 tantum

2127 4139 2272 4208 ipsos
2292 4137 2475 4193 videre
2502 4145 2768 4207 poterunt.
2787 4135 2921 4192 Sunt
2938 4135 3083 4191 enim
3104 4135 3210 4190 illis
3222 4134 3336 4203 filii,
3356 4143 3481 4189 sunt
3507 4136 3712 4205 utique,

2130 4227 2249 4283 Non
2282 4245 2345 4283 ea:
2363 4228 2715 4299 sanguinibus,
2757 4243 2916 4298 neque
2951 4244 3015 4282 ea:
3035 4226 3291 4281 voluntate
3315 4227 3503 4292 carnis,
3554 4243 3714 4296 neque

2125 4336 2190 4374 ea:
2209 4318 2466 4373 voluntate
2486 4319 2598 4385 viri,
2622 4319 2711 4373 sed
2730 4335 2792 4374 ea:
2812 4318 2920 4373 .Dco
2942 4320 3056 4389 ipso
3070 4319 3305 4389 generati
3324 4318 3572 4389 (100ml.
3600 4320 3711 4389 15).

2127 4411 2192 4466 lli
2218 4425 2377 4481 porro
2408 4410 2501 4465 filii
2528 4424 2633 4466 non
2682 4410 3026 4481 pecuniarum
3069 4425 3230 4466 causa
3270 4411 3469 4465 luctum
3513 4426 3713 4481 paren-

2128 4504 2269 4560 tibus
2291 4503 2569 4574 afferrent,
2622 4519 2732 4560 non
2759 4504 3087 4574 nuptiarum,
3128 4520 3233 4559 non
3276 4504 3496 4560 alterius
3536 4504 3717 4574 cujus-

2124 4611 2355 4669 cumque
2402 4597 2479 4653 rei
2518 4596 2711 4668 gratia,
2743 4596 2837 4651 sed
2882 4596 3001 4651 illos
3029 4596 3174 4651 omni
3213 4610 3339 4649 cura
3395 4595 3591 4650 liberos
3634 4594 3716 4649 di-

2127 4688 2343 4757 missos,
2366 4689 2553 4760 majori
2583 4688 2860 4758 voluptate
2888 4687 3146 4754 afficiunt,
3179 4702 3335 4758 quam
3364 4687 3407 4741 si
3435 4686 3535 4756 ipsi
3561 4695 3714 4741 natu-

2126 4782 2269 4838 rales
2294 4796 2481 4837 eorum
2508 4788 2688 4851 patres
2706 4786 2909 4835 essent.
2937 4777 3052 4834 Non
3085 4778 3229 4833 enim
3272 4776 3460 4833 eadem
3505 4777 3714 4831 ratione

2125 4875 2414 4949 gignuntur
2445 4889 2510 4929 ac
2535 4862 2861 4939 nutriuntur,
2907 4888 3010 4943 qua
3049 4871 3164 4938 illi;
3196 4870 3290 4926 sed
3320 4871 3489 4926 multo
3536 4871 3714 4926 excel-

2125 4964 2326 5022 lentius
2353 4980 2418 5021 ae
2444 4963 2810 5034 splendidius;
2843 4962 3192 5033 quamobrem
3222 4961 3427 5032 majore
3462 4970 3711 5033 parentes

2132 5057 2400 5128 voluptate
2437 5056 2695 5112 afficiunt.
2750 5055 2880 5110 Illud
2911 5063 3169 5125 praeterea
3194 5054 3462 5125 adjiciam,
3515 5056 3709 5112 mirum

2128 5166 2233 5205 non
2265 5165 2385 5206 esse
2404 5164 2519 5215 eos,
2548 5149 2637 5218 qui
2666 5148 3046 5205 resurrectioni
3078 5164 3183 5204 non
3228 5148 3475 5214 credunt,
3519 5147 3587 5203 de
3629 5148 3712 5201 his

2128 5243 2330 5313 lugere,
2354 5242 2550 5312 quippe
2568 5240 2760 5312 quibus
2777 5239 2892 5296 haec
2910 5241 3021 5296 sola
3038 5241 3373 5311 relinquatur
3395 5239 3711 5295 consolatio.

2127 5337 2195 5391 At
2236 5349 2334 5389 nos
2361 5334 2450 5404 qui
2469 5342 2693 5389 mortem
2722 5346 2969 5388 somnum
3013 5346 3133 5387 esse
3157 5341 3426 5402 putamus,
3452 5331 3542 5401 qui
3573 5345 3708 5398 pne-

2127 5426 2295 5481 senlia
2326 5424 2504 5479 omnia
2532 5424 2808 5494 despicere
2835 5422 2976 5478 docti
3001 5437 3211 5491 sumus,
3239 5438 3342 5493 qua
3375 5422 3589 5477 tandem
3611 5435 3706 5478 ve-

2128 5518 2216 5573 nia
2242 5517 2388 5588 digni
2412 5515 2632 5581 erimus,
2663 5515 2710 5569 si
2737 5513 2805 5569 de
2832 5513 2915 5569 his
2937 5514 3232 5584 lugeamus,
3268 5513 3511 5583 filiosque
3528 5511 3709 5567 videre

2129 5610 2429 5673 cupiamus.
2453 5616 2612 5660 atauo.
2636 5608 2723 5664 hic
2741 5605 3070 5678 relinquere,
3097 5606 3240 5662 unde
3265 5605 3366 5676 ipsi
3384 5615 3709 5660 transmeare

2190 5747 2205 5777 ι
2224 5753 2365 5856 lmeo,
2393 5758 2484 5796 non
2510 5750 2561 5795 ut
2577 5743 2789 5795 cinerem
2811 5741 3131 5807 substernunt,
3155 5744 3205 5793 in
3231 5740 3397 5793 πίοι-ει.
3419 5746 3602 5792 tantum
3621 5736 3701 5788 de-

2190 5822 2222 5856 ξι
2246 5844 2258 5856 .

2128 5820 2258 5859 εωιι.
