4124 6144
281 498 383 551 την
413 477 673 550 ἐμπεσὼν
703 479 803 551 τὴν
835 479 1110 547 ὑπόθεσιν,
1143 482 1294 551 ἔλεγε
1313 500 1325 513 ·
1356 482 1493 551 Περὶ
1520 482 1589 535 δὲ
1613 482 1734 536 τῶν
1754 482 1972 549 παρθέ-

280 584 408 622 νων
433 567 729 639 ἐπιταγὴν
765 570 988 638 Κυρίου
1009 571 1121 624 οὐκ
1148 571 1417 639 ἔχω.Ὄτι
1450 571 1547 640 μὲν
1587 568 1682 625 οῦν
1712 571 1846 643 πρὸς
1871 570 1972 641 τὴν

285 655 410 729 ίσην
453 657 658 726 φθάσαι
700 658 945 731 κορυφὴν
988 660 1084 712 καὶ
1111 660 1202 712 τὸν
1231 658 1482 729 βιωτικὺν
1520 660 1735 731 ἀνάγκη
1764 660 1859 713 καὶ
1880 658 1971 712 τὸν

286 745 544 817 μοναχὸν,
574 748 667 801 καὶ
712 748 794 801 ὅτι
821 748 893 801 τά
932 747 1071 802 αὑτά
1109 746 1371 819 λήψονται
1398 747 1690 819 τραύματα
1712 748 1972 812 πεσόντες

284 835 608 907 ἀμφότεροι,
645 836 768 890 οὐδὲ
794 836 887 889 τὸν
928 836 1132 909 σφόδρα
1159 834 1462 906 φιλόνεικον
1495 838 1589 890 καὶ
1617 835 1972 907 ἀναίσχυντον

284 919 441 995 οἶμαι
466 923 653 977 λοιπὸν
687 925 957 996 ἀντερεῖν.

361 1018 446 1065 ιε’.
500 1011 706 1066 Τούτου
734 1012 792 1066 δὲ
825 1012 1236 1084 ἀποδειχθέντος
1265 1012 1475 1083 σαφῶς,
1501 1012 1633 1084 φέρε
1656 1011 1721 1083 δὴ
1754 1012 1974 1066 κάκεῖνο

291 1098 662 1171 ἐξετάσωμεν,
703 1100 788 1165 τίς
827 1100 1194 1174 εὐκολώτερον
1216 1103 1312 1156 καὶ
1356 1103 1485 1173 ῥᾷον
1509 1103 1789 1154 πεσεῖται·
1815 1099 1849 1171 ἢ
1881 1103 1971 1156 ἐν-

287 1188 466 1243 ταῦθα
487 1189 610 1243 οὐδὲ
649 1188 949 1255 ἐξετάσεως
993 1192 1125 1262 ἡμῖν
1162 1190 1262 1244 δεῖ.
1293 1188 1656 1261 Σωφροσύνην
1685 1189 1783 1260 μὲν
1808 1189 1919 1260 γὰρ
1945 1191 1974 1242 ό

288 1280 524 1345 γυναῖκα
549 1278 687 1348 ἔχων
714 1279 1051 1351 κατορθώσει
1079 1278 1300 1351 ῥᾳδίως,
1333 1280 1429 1335 ἆτε
1458 1280 1658 1351 πολλῆς
1686 1278 1973 1333 ἀπολαύων

285 1365 388 1435 τῆς
412 1364 765 1437 παραμυθίας
783 1384 796 1396 ·
826 1368 884 1420 ἐν
909 1368 967 1421 δὲ
994 1370 1108 1431 τοῖς
1140 1367 1322 1431 ἄλλοις
1356 1368 1418 1421 00
1456 1367 1662 1439 σφόδρα
1700 1367 1972 1437 φαίνεται,

287 1451 430 1523 πλὴν
470 1452 606 1508 ἀλλά
640 1454 921 1508 κάνταῦθα
955 1455 1174 1519 πλείους
1210 1455 1276 1510 ἂν
1324 1455 1529 1525 ῖδοιμεν
1564 1455 1675 1510 τῶν
1719 1471 1971 1526 γεγαμη-

286 1541 484 1605 κότων,
518 1543 552 1615 ἢ
596 1543 707 1597 τῶν
748 1545 998 1616 μοναχῶν
1041 1545 1363 1610 πίπτοντας.
1391 1544 1530 1601 Οὔτε
1572 1543 1681 1615 γὰρ
1729 1542 1974 1597 τοσοῦτοι

286 1630 425 1703 πρὸς
447 1631 540 1685 τὸν
562 1632 740 1703 γάμον
762 1632 871 1686 ἀπὸ
892 1633 1002 1687 τῶν
1030 1634 1410 1705 μοναστηρίων
1460 1633 1823 1694 ἐκϐαίνουσιν,
1860 1632 1975 1685 ὅσοι

281 1720 425 1791 πρὸς
456 1721 661 1792 πόρνας
697 1720 807 1775 ἀπὸ
846 1722 945 1792 τῆς
976 1722 1141 1792 εὐνῆς
1182 1723 1499 1777 ἀνίστανται
1541 1721 1651 1775 τῶν
1675 1721 1970 1790 γυναικῶν.

284 1808 349 1861 Et
387 1808 446 1861 δὲ
488 1809 624 1862 ὅπου
657 1808 859 1863 εὔκολα
902 1809 972 1864 τὰ
1021 1810 1131 1863 τῶν
1165 1810 1556 1881 παλαισμάτων
1599 1811 1804 1877 αὐτοῖς,
1837 1809 1975 1881 μετά
2032 1824 2037 1828 ‘

284 1896 560 1968 τοσαύτης
597 1898 892 1951 πίπτουσιν
929 1898 1260 1970 ὑπερϐολῆς,
1293 1899 1348 1952 τί
1399 1900 1716 1970 ποιήσουσιν
1762 1899 1819 1952 ἐν
1862 1900 1977 1962 τοῖς

283 1983 468 2049 ἄλλοις
505 1986 759 2051 πάθεσιν,
802 1986 861 2040 ἐν
910 1981 993 2051 οἷς
1039 1988 1241 2058 μᾶλλον
1278 1987 1620 2057 ἐνοχλοῦνται
1661 1986 1769 2041 τῶν
1811 2003 1977 2058 μονα-

285 2074 436 2143 χῶν;
482 2074 549 2128 Ἦ
581 2075 680 2144 μὲν
704 2074 814 2148 7&9
856 2074 1125 2146 ἐπιθυμία
1168 2073 1384 2140 τούτοις
1436 2075 1794 2148 σφοδρότερον
1825 2074 1977 2127 ἐπει-

288 2180 396 2228 σιν,
422 2162 520 2217 ἅτε
546 2164 646 2233 τὴν
681 2164 820 2235 πρὸς
852 2167 1118 2233 γυναῖκας
1150 2165 1252 2218 οὐκ
1292 2164 1505 2236 ἔχουσιν
1532 2166 1746 2237 ὁμιλίαν
1766 2181 1781 2197 ο
1820 2164 1889 2217 τά
1919 2164 1976 2217 δὲ

286 2252 424 2307 ἄλλα
462 2252 668 2307 τούτων
705 2253 805 2325 μὲν
833 2255 956 2308 οὐδὲ
1007 2256 1177 2325 ἐγγὺς
1204 2255 1461 2324 γενέσθαι
1488 2255 1692 2312 δύναιτ’
1718 2255 1807 2321 ἂν,
1833 2255 1976 2308 ἐκείο

285 2358 413 2405 νους
437 2340 495 2394 δὲ
530 2342 671 2397 κατά
705 2342 906 2413 κράτος
937 2341 1152 2397 ἐλαύνει
1184 2345 1277 2397 καὶ
1320 2345 1413 2398 ἐπὶ
1459 2345 1701 2416 κεφαλὴν
1729 2343 1881 2397 ὠθεῖ.
1912 2343 1975 2398 Et

287 2428 343 2480 δὲ
372 2429 431 2481 ἐν
464 2422 545 2493 οἷς
581 2428 985 2501 σφοδρότερονι
1015 2433 1043 2485 ὁ
1072 2432 1309 2503 πόλεμος
1339 2435 1481 2500 πνεῖ,
1521 2432 1721 2504 μᾶλλον
1764 2431 1871 2487 τῶν
1897 2434 1973 2506 μὴ

284 2514 446 2569 τοῦτο
492 2518 810 2589 πασχόντων
860 2520 1170 2592 κρατοῦσιν,
1230 2521 1455 2594 εύδηλον
1496 2524 1578 2577 ὅτι
1621 2522 1801 2595 πολλῷ
1844 2525 1975 2595 ῥᾷον

285 2605 494 2661 τούτων
517 2609 575 2661 ἐν
598 2612 717 2671 τοῖς
748 2609 947 2678 ἄλλοις,
979 2613 1038 2665 ἐν
1079 2608 1162 2676 οἷς
1195 2612 1297 2666 οὐκ
1341 2612 1702 2685 ἐνοχλοῦνται,
1751 2608 1977 2685 στήσον-

285 2711 401 2749 ται.
431 2695 543 2748 Καὶ
576 2695 684 2769 7&9
710 2694 863 2771 [104]
887 2701 1185 2771 χρημάτων
1217 2699 1379 2773 ἔρως,
1415 2701 1511 2755 καὶ
1545 2701 1757 2774 τρυφῆς
1785 2700 1969 2755 ἐπιθυ-

290 2782 393 2852 μία
421 2782 515 2836 καὶ¹
552 2783 873 2849 δυναστείας
901 2788 995 2840 καὶ
1026 2787 1134 2841 τῶν
1164 2787 1339 2843 ἄλλων
1370 2787 1647 2855 ἀπάντων,
1678 2783 1976 2840 εὐκολώτε-

292 2889 388 2941 ρον
436 2872 542 2926 ύπὺ
588 2873 794 2927 τούτων
841 2874 875 2947 ἢ
925 2874 1034 2930 τῶν
1082 2874 1351 2946 βιωτικῶν
1399 2875 1660 2932 ἀνύεσθαι
1708 2875 1972 2944 πέφυκεν.

290 2961 507 3034 ’Ὠσπερ
539 2957 633 3017 οὖν
681 2963 739 3015 ἐν
776 2964 1080 3035 παρατάξει
1119 2966 1213 3018 καὶ
1248 2964 1398 3039 μάχῃ
1428 2964 1588 3019 τοῦτο
1614 2963 1709 3018 τοῦ
1739 2963 1975 3034 πολέμου

289 3048 351 3101 τὸ
390 3048 557 3122 μέρος
591 3051 919 3122 κουφότερον
944 3048 1083 3107 εἶναι
1113 3054 1381 3125 φήσομεν,
1403 3054 1502 3123 οὐχ
1526 3053 1645 3106 ὅθεν
1685 3051 1976 3123 ἐπάλληλοι

291 3137 390 3189 καὶ
432 3140 677 3208 συνεχεῖς
715 3139 1003 3194 πίπτουσιν
1040 3144 1087 3194 οἱ
1128 3142 1333 3213 νεκροὶ,
1378 3141 1493 3195 ἀλλ’
1522 3141 1644 3196 ὅθεν
1671 3141 1842 3210 ὀλίγοι
1882 3140 1977 3194 καὶ

292 3226 536 3291 σπάνιοι,
564 3225 707 3281 οὕτω
735 3229 828 3283 καὶ
847 3230 977 3301 περὶ
1006 3230 1210 3284 τούτων
1230 3229 1563 3302 ψηφίζεσθαι
1585 3232 1712 3303 χρή.
1735 3231 1846 3284 Καὶ
1868 3228 1978 3301 γὰρ

292 3314 612 3380 πλεονεξίας
637 3319 736 3388 οὑχ
767 3318 796 3370 ὁ
827 3319 1198 3391 στρεφόμενος
1226 3320 1285 3373 ἐν
1312 3318 1390 3391 τῷ
1432 3319 1606 3391 μέσῳ,
1647 3318 1762 3374 ἀλλ’
1789 3319 1817 3372 ό
1846 3318 1980 3372 καθ-

291 3405 497 3473 ήμενος
518 3405 576 3457 ἐν
603 3407 714 3469 τοῖς
743 3405 926 3477 ὄρεσιν
954 3407 1318 3481 εὐκολώτερον
1350 3409 1635 3480 περιέσται
1654 3425 1668 3439 ο
1699 3408 1821 3461 ἐπεὶ
1844 3410 1981 3461 ἐκεῖ·

292 3492 387 3555 νός
419 3509 483 3560 γε
532 3492 627 3545 καὶ
660 3493 929 3549 ἁλώσεται
971 3496 1189 3569 ῥαδίως,
1226 3498 1422 3552 ἁλόντα
1447 3498 1505 3553 δέ
1528 3497 1809 3571 πλεονεξίᾳ
1842 3499 1982 3570 μετά

290 3581 406 3634 τῶν
433 3581 837 3655 είδωλολατρῶν
860 3585 1211 3658 ἀριθμεῖσθαι
1234 3588 1467 3659 ἀνάγκη.
1485 3588 1598 3643 Καὶ
1624 3587 1733 3642 τῶν
1764 3588 1981 3643 οἰκείων

292 3661 455 3735 οὗτος
501 3671 599 3741 μὲν
646 3673 745 3743 οὐχ
781 3675 1069 3746 αἱρήσεται
1114 3675 1410 3748 ὑπεριδεῖν,
1441 3676 1509 3731 ἀν
1551 3676 1652 3751 ἔχῃ
1698 3678 1979 3750 χρήματα,

295 3757 415 3811 ἀλλ’
446 3759 682 3825 εὐκόλως
711 3763 895 3826 αὐτοῖς
925 3763 1101 3818 πάντα
1126 3766 1451 3836 προήσεται,
1474 3767 1684 3831 ἐκεῖνος
1715 3767 1774 3820 δέ
1810 3766 1871 3819 00
1894 3783 1986 3819 πε-

298 3846 553 3919 ριόψεται
583 3849 742 3921 μόνον
765 3852 983 3917 αὐτοὺς,
1007 3853 1144 3907 ἀλλά
1172 3855 1266 3909 καὶ
1284 3854 1531 3927 ἀδικήσει
1554 3856 1665 3909 τῶν
1687 3849 1985 3926 ἀλλοτρίων

298 3937 400 4007 οὐχ
428 3930 591 4008 ἦττον
609 3954 624 3969 ο
656 3938 813 3993 τοῦτο
833 3940 891 3995 δὲ
910 3940 1073 3996 πάλιν
1096 3941 1284 4015 ἕτερος
1317 3943 1764 4016 είδωλολατρείας
1783 3943 1985 4015 τρόπος

297 4024 395 4078 τοῦ
419 4025 686 4098 προτέρου
718 4028 1117 4101 χαλεπώτερος.
1147 4031 1258 4085 Καὶ
1285 4032 1339 4086 τί
1361 4031 1531 4085 δεῖτά
1553 4031 1690 4087 ἄλλα
1709 4031 1886 4087 πάντα
1906 4031 1988 4084 λέ-

300 4130 445 4180 γειν,
487 4115 558 4168 τά
587 4117 700 4179 τοῖς
732 4118 1024 4188 μονάζουσι
1061 4120 1160 4191 μὲν
1193 4120 1324 4173 ὅντα
1360 4120 1830 4189 εύκαταγώνιστα,
1859 4122 1988 4186 τοὺς

300 4201 360 4255 δὲ
398 4201 687 4272 βιωτικοὺς
723 4206 862 4277 μετά
891 4207 1091 4280 πολλῆς
1125 4207 1537 4263 καταϐάλλοντα
1560 4209 1663 4280 τῆς
1693 4209 1990 4282 σφοδρότη-

300 4310 428 4358 τοςς
458 4294 586 4358 Πῶς
620 4290 713 4349 οῦν
734 4295 794 4348 00
816 4296 1081 4362 δέδοικας,
1107 4298 1227 4351 οὐδὲ
1253 4299 1476 4370 τρέμεις
1504 4300 1597 4352 ἐπὶ
1623 4298 1813 4353 τοῦτον
1840 4300 1990 4369 ἄγων

301 4382 397 4436 τὸν
429 4382 621 4453 βίονι),
650 4384 774 4439 ὅθεν
824 4385 1099 4457 ἁλώσιμος
1136 4386 1289 4441 ἔσται
1324 4389 1390 4459 τῇ
1426 4387 1594 4460 κακίᾳ
1646 4388 1887 4459 ταχέως;
1917 4389 1990 4443 Ἢ

308 4472 510 4543 μικρὸν
549 4467 689 4526 εἶναί
728 4490 810 4527 σοι
843 4474 994 4528 δοκεῖ
1024 4475 1458 4547 εἰδωλολατρεία,
1490 4479 1584 4530 καὶ
1613 4476 1674 4530 τὺ
1714 4477 1823 4531 τῶν
1862 4478 1991 4530 ἀπί-

308 4577 453 4613 στων
498 4556 636 4615 εἶναι
667 4561 852 4634 χείρω,
879 4563 973 4617 καὶ
1001 4563 1062 4617 τὸ
1084 4564 1178 4617 τοῦ
1200 4564 1335 4618 Θεοῦ
1360 4564 1458 4637 τὴν
1478 4564 1721 4620 δουλείαν
1762 4566 1850 4621 διὰ
1882 4566 1992 4621 τῶν

302 4650 487 4719 ἔργων
530 4650 879 4722 ἐξόμνυσθαι,
915 4653 1058 4725 ἀπερ
1082 4652 1298 4707 ἅπαντα
1325 4653 1603 4707 πείσονται
1628 4653 1994 4727 εὐκολώτερον

303 4736 418 4790 τῶν
443 4738 691 4809 μοναχῶν
721 4741 769 4793 οἱ
800 4739 877 4812 τῷ
910 4740 1010 4812 βίῳ
1044 4741 1490 4813 προσδεδεμένοι;
1540 4741 1702 4814 Ὁρᾷς
1742 4742 1825 4796 ὅτι
1862 4745 1994 4817 σκῆι

303 4826 403 4895 ψις
435 4827 464 4879 ὁ
499 4826 663 4896 φόϐος
700 4829 883 4898 ἐστίν;
916 4830 982 4884 Εἰ
1012 4829 1121 4901 γὰρ
1149 4830 1446 4885 δεδοικέναι
1491 4831 1681 4903 ἐχρῆν,
1713 4831 1811 4902 οὐχ
1852 4832 1995 4904 ὑπὲρ

303 4914 419 4969 τῶν
458 4916 527 4969 τὰ
566 4915 832 4972 κλυδώνια
873 4919 1201 4988 φευγόντων,
1232 4918 1352 4972 οὐδὲ
1378 4919 1520 4991 ὑπὲρ
1542 4919 1649 4975 τῶν
1669 4921 1764 4974 ἐπὶ
1792 4919 1884 4974 τὸν
1913 4920 1994 4973 λι-

308 5004 451 5075 μένα
497 5005 837 5061 σπευδόντων
855 5018 903 5073 ο,
949 5007 1065 5061 ἀλλ’
1090 5008 1228 5082 ὑπὲρ
1268 5007 1379 5061 τῶν
1423 5008 1482 5063 ἐν
1528 5008 1760 5079 χειμῶνι
1791 5010 1887 5062 καὶ
1929 5011 1996 5081 τῇ

309 5093 454 5166 ζάλῃ
486 5095 987 5167 κλυδωνιζομένων.
1019 5096 1331 5169 Ταχύτερον
1367 5095 1478 5170 γὰρ
1522 5097 1734 5151 ἐκεῖθεν
1766 5096 1835 5151 τὰ
1867 5114 1998 5151 ναυ-

310 5186 472 5254 άγια,
502 5183 581 5255 τῷ
615 5186 710 5239 καὶ
738 5186 960 5240 πλείονα
984 5181 1125 5240 εἶναι
1156 5186 1226 5241 τὰ
1252 5185 1596 5257 ἐνοχλοῦντα,
1631 5188 1726 5241 καὶ
1758 5185 1999 5259 ῥᾳθυμο-

307 5276 506 5347 τέρους
549 5275 675 5341 τοὺς
723 5276 861 5348 πρὸς
884 5276 1058 5330 ταῦτα
1084 5276 1375 5348 στήσεσθαι
1407 5274 1716 5347 μέλλοντας.
1737 5276 2001 5330 Ἐνταῦθα

306 5363 368 5415 δὲ
419 5361 547 5415 οὔτε
580 5362 821 5416 τοσαῦτα
854 5364 923 5418 τά
950 5362 1190 5434 κύματα,
1236 5363 1330 5416 καὶ
1369 5360 1538 5432 πολλὴ
1573 5362 1606 5432 ὴ
1640 5360 1876 5433 γαλήνη,
1907 5363 2001 5416 καὶ

308 5455 345 5521 ὴ
388 5450 596 5522 σπουδὴ
646 5452 844 5522 μείζων
874 5451 984 5504 τῶν
1031 5451 1168 5523 πρὸς
1214 5449 1388 5503 ταῦτα
1440 5450 1859 5521 μαχησομένων.
1903 5450 2001 5505 Διά

308 5539 472 5594 τοῦτο
510 5541 605 5593 καὶ
638 5542 800 5611 ἡμεῖς
834 5541 927 5593 ἐπὶ
952 5540 1052 5612 τὴν
1081 5540 1287 5612 ἔρημον
1313 5539 1564 5609 ἕλκομεν,
1594 5539 1693 5609 οὐχ
1736 5538 1822 5591 ἴνα
1866 5539 2001 5593 σάκ-

312 5646 411 5681 mv
440 5627 632 5691 ἁπλῶς
680 5628 1102 5700 περιϐάλωνται,
1148 5627 1271 5680 οὐδὲ
1321 5627 1423 5680 ἵνα
1450 5624 1607 5681 κλοιά
1642 5624 1993 5696 περιθῶνται,

356 5769 402 5844 ’⁸
432 5770 539 5849 ΔιΙῑί
562 5771 893 5849 σφοδρότερος,
919 5773 1076 5821 minus
1097 5771 1369 5821 commode.
1398 5770 1523 5821 Infra
1542 5768 1625 5819 alii
1648 5775 1822 5834 τροφῆς
1847 5770 1998 5818 ἐπιθυ-

316 5833 420 5893 μία.
456 5833 758 5896 311ἱτρυφὴς.
800 5833 809 5836 ⁷

377 5894 407 5935 b
430 5894 722 5958 Ambrosius
741 5897 953 5945 Famam.
981 5896 1106 5958 legit
1127 5896 1244 5944 υἱόν.

382 5963 403 5986 ε’
438 5957 572 6023 lia-0,
594 5957 708 6005 οὐδὲ
751 5960 869 6023 ὑπὲρ
891 5961 985 6009 τῶν
1013 5955 1089 6008 ἐπὶ
1111 5959 1192 6008 τὸν
1215 5957 1380 6021 λιμένα
1405 5956 1725 6018 σπενδόντων,
1745 5955 1928 6007 desunt
1953 5958 1999 6009 In

321 6017 498 6071 Morel.
522 6026 729 6071 tantum.

1091 364 1461 421 ADVERSUS
1502 363 2062 421 OPPUGNATORES
2104 366 2287 422 VITA'Z
2329 367 2631 425 MONAST.
2669 366 2799 425 LIB.
2842 367 2929 423 111.
3042 388 3051 395 ·
3657 367 3759 423 3'76

2082 482 2189 535 οὐδ’
2212 483 2298 537 ἵνα
2323 483 2513 537 σποδὸν
2546 482 3083 557 ύποστορέσωνταιά,
3111 483 3225 538 ἀλλ’
3263 484 3353 539 ἵνα
3393 481 3498 556 πρὸ
3535 486 3638 537 τῶν
3668 484 3761 538 άλ-

2081 569 2187 625 λων
2228 572 2484 626 ἁπάντων
2517 573 2729 642 φύγωσι
2770 573 2869 643 μὲν
2901 572 3122 637 κακίαν,
3160 573 3388 627 ἐλωνται
3437 572 3495 625 δὲ
3534 572 3757 642 ἀρετήν.

2082 658 2147 710 Τί
2193 654 2319 725 οῦν;
2366 663 2413 714 οῖ
2468 661 2867 732 γεγαμηκότες,
2917 662 3104 733 φησὶν,
3152 660 3477 715 ἀπολοῦνται
3522 660 3757 722 πάντεςς

2081 748 2155 802 00
2204 748 2362 802 τοῦτο
2400 749 2564 817 λέγω,
2597 749 2711 802 ἀλλ’
2740 750 2823 803 ὅτι
2867 749 3130 820 μειζόνων
3155 748 3437 819 δεήσονται
3462 747 3661 813 πόνων,
3714 747 3762 800 εί

2084 836 2326 906 μέλλοιεν
2375 835 2662 901 σώζεσθαι,
2699 838 2787 891 διά
2833 838 2932 909 τὴν
2977 838 3283 892 ἐνεστῶσαν
3336 839 3613 909 ἀνάγκην’
3666 835 3760 888 τοῦ

2080 924 2189 996 γὰρ
2239 924 2523 996 δεδεμένου
2574 926 2774 997 μᾶλλον
2805 928 2834 980 ό
2875 924 3166 997 λελυμένος
3212 926 3519 997 δραμεῖται.
3551 923 3763 978 υύκοῦν

2082 1014 2176 1066 καὶ
2199 1012 2420 1068 πλείονα
2448 1014 2559 1082 ἐξει
2582 1014 2673 1069 τὸν
2701 1013 2912 1086 μισθὸν,
2936 1014 3031 1067 καὶ
3051 1014 3468 1086 λαμπροτέρους
3487 1015 3612 1078 τοὺς
3643 1030 3763 1066 στε⁹

2082 1101 2318 1171 φάνους;
2363 1102 2661 1175 Οὑδαμῶς’
2706 1104 2885 1175 ἐαυτῷ
2924 1103 3033 1174 γάρ
3078 1103 3284 1173 ταύτην
3324 1102 3636 1173 περιτίθησι
3664 1101 3764 1172 τὴν

2082 1191 2351 1261 ἀνάγκην,
2386 1192 2505 1259 ἐξὸν
2537 1193 2612 1264 μὴ
2642 1190 3161 1265 περιθεῖναι.”Ωστε,
3197 1191 3385 1263 ἐπειδὴ
3416 1190 3604 1257 σαφῶς
3629 1191 3765 1259 ἡμῖν

2083 1277 2457 1333 ἀποδέδεικται
2480 1279 2563 1333 ὃτι
2591 1278 2702 1332 τῶν
2733 1278 2913 1332 αὐτῶν
2945 1280 3113 1350 ἐσμεν
3141 1277 3430 1332 ὑπεύθυνοι
3458 1279 3569 1340 τοῖς
3596 1293 3766 1348 μονα-

2083 1367 2219 1435 χοῖς,
2266 1366 2359 1418 ἐπὶ
2406 1366 2505 1436 τὴν
2543 1365 2918 1435 εύκολωτέραν
2962 1365 3247 1437 τρέχωμεν
3294 1364 3432 1429 ὁδὸν,
3490 1363 3583 1416 καὶ
3639 1363 3766 1425 τοὺς

2084 1452 2233 1516 υἱοὺς
2269 1454 2362 1506 ἐπὶ
2398 1453 2601 1522 ταύτην
2643 1452 2913 1524 ἕλκωμεν,
2953 1452 3091 1508 ἀλλά
3138 1452 3212 1524 μὴ
3259 1451 3765 1521 καταποντίξωμεν,

2088 1545 2223 1617 μηδὲ
2273 1547 2352 1609 είς
2394 1545 2463 1598 τά
2505 1546 2605 1622 τῆς
2635 1545 2835 1609 κακίας
2894 1544 3143 1615 ’έλκωμεν
3191 1543 3461 1617 βάραθρα,
3513 1541 3765 1612 καθάπερ

2084 1632 2270 1704 ἐχθροὶ⁵
2323 1633 2420 1687 καὶ¹
2460 1633 2737 1705 πολέμιοι.
2774 1632 2959 1687 Ταῦτα
3019 1632 3127 1704 7&9
3171 1635 3220 1686 εἰ
3272 1633 3370 1703 μὲν
3422 1630 3573 1686 ἄλλοι
3622 1628 3767 1692 τινές

2085 1720 2320 1785 ἐποίουν,
2356 1721 2456 1773 οὐκ
2485 1715 2554 1793 ἦν
2586 1719 2728 1774 οὕτω
2762 1720 2961 1774 δεινόν·
2996 1721 3123 1773 ὅταν
3171 1719 3229 1773 δὲ
3272 1721 3319 1773 οί
3354 1715 3766 1788 γεγεννηκότεςι

2084 1811 2133 1863 οἱ
2156 1809 2265 1863 τῶν
2291 1807 2560 1881 βιωτικῶν
2581 1811 2775 1878 πεῖραν
2792 1809 3075 1879 εἰληφότες
3100 1808 3338 1872 πάντων,
3361 1808 3410 1860 οἱ
3433 1805 3520 1860 διὰ
3546 1804 3653 1859 τῶν
3677 1802 3769 1871 ἔρ-

2085 1915 2197 1967 γων
2227 1897 2492 1968 μαθόντες
2527 1896 2705 1951 αὐτῶν
2727 1897 2809 1950 ὅτι
2838 1895 3024 1968 ψυχρά
3042 1895 3149 1949 τῶν
3176 1894 3458 1967 παρόντων
3502 1890 3767 1963 πραγμά-

2084 2003 2193 2040 των
2225 1988 2258 2058 ὴ
2292 1984 2471 2058 ἡδονὴ,
2493 1984 2634 2037 οὕτω
2667 1984 2985 2055 μαίνωνται,
3013 1983 3087 2045 ὡς
3120 1982 3343 2054 ἐτέρους
3368 1981 3460 2033 ἐπὶ
3486 1978 3661 2034 ταῦτα
3687 1978 3769 2032 ἐλ-

2086 2091 2223 2138 κειν,
2255 2072 2446 2145 ἐπειδὴ
2472 2071 2656 2126 λοιπὸν
2679 2072 2783 2125 ὑπὸ
2815 2070 2914 2142 τῆς
2937 2071 3151 2143 ἡλικίας
3194 2070 3348 2123 αὐτοὶ
3395 2066 3765 2123 κεκώλυνται·

2086 2160 2239 2234 [105]
2285 2160 2379 2215 καὶ
2407 2158 2523 2213 δέον
2550 2160 2779 2223 ἑαυτοὺς
2811 2159 2906 2211 ἐπὶ
2949 2160 3061 2221 τοῖς
3106 2157 3391 2229 προτέροις
3435 2155 3767 2220 ταλανίζειν,

2084 2252 2132 2304 οἱ
2170 2250 2227 2303 δέ
2260 2250 2354 2304 καὶ
2383 2248 2604 2319 ἐτέρους
2636 2247 2985 2319 ἐμϐάλλουσι,
3015 2247 3110 2299 καὶ
3141 2246 3313 2299 ταῦτα
3347 2243 3513 2314 ἐγγὺς
3535 2242 3771 2307 ἑστῶτες

2084 2337 2268 2391 λοιπὸν
2301 2337 2399 2408 τῆς
2420 2335 2698 2405 τελευτῆς,
2717 2335 2811 2388 καὶ
2831 2332 2924 2388 τοῦ
2950 2331 3325 2405 δικαστηρίου,
3356 2332 3450 2385 καὶ
3474 2329 3581 2383 τῶν
3612 2329 3774 2382 εὐθυ-

2084 2426 2193 2479 νῶν
2228 2425 2471 2490 ἐκείνων,
2509 2424 2638 2477 ποία
2681 2424 2865 2487 αὐτοῖς
2906 2419 3175 2492 ἀπολογία
3222 2420 3592 2490 λελείψεταιε,
3643 2419 3774 2471 ποία

2088 2512 2409 2585 συγγνώμη,
2447 2515 2600 2577 ποῖος
2628 2511 2806 2577 έλεοςς
2842 2514 2916 2566 00
2961 2512 3069 2584 γὰρ
3116 2511 3177 2582 δὴ
3224 2510 3383 2582 μόνον
3413 2507 3523 2562 τῶν
3554 2507 3772 2561 οἰκείων

2085 2602 2499 2674 ἁμαρτημάτων
2539 2599 2769 2653 δώσουσι
2801 2599 2978 2671 δίκην,
3003 2599 3138 2653 ἀλλά
3174 2598 3269 2652 καὶ
3308 2597 3419 2650 τῶν
3459 2599 3573 2659 τοῖς
3616 2592 3773 2646 παισὶ

2085 2690 2523 2763 τετολμημένων,
2548 2688 2613 2743 ἄν
2634 2706 2693 2742 τε
2719 2687 2987 2762 δυνηθῶσι
3010 2688 3135 2751 τοὺς
3154 2688 3303 2750 υἱοὺς
3343 2684 3361 2724 ί
3391 2682 3770 2749 ὑποσκελίσαι,

2086 2777 2151 2832 ἄν
2175 2795 2234 2832 τε
2264 2779 2361 2849 μή.

2160 2869 2238 2935 ις
2239 2866 2440 2920 ’.Ἀλλά
2455 2867 2649 2929 παῖδας
2661 2867 2790 2930 ἴσως
2805 2864 3119 2935 ἐπιθυμεῖτε
3136 2861 3338 2916 παίδων
3354 2859 3618 2914 ίδεῖνΚαὶ
3631 2858 3770 2920 πῶς,

2086 2955 2238 3009 ούπω
2275 2955 2556 3027 γενόμενοι
2581 2955 2815 3026 πατέρες
2842 2951 3029 3017 αὐτοῖς
3066 2949 3140 3004 00
3186 2949 3295 3020 7&9
3319 2948 3382 3020 δὴ
3423 2948 3483 3001 τὸ
3512 2946 3771 3016 γεννῆσαι

2087 3045 2302 3115 πατέρα
2336 3045 2505 3096 ποιεῖ·
2540 3043 2633 3097 καὶ
2664 3041 2823 3096 τοῦτο
2860 3038 3014 3094 αὐτοὶ
3038 3039 3087 3091 οί
3120 3035 3509 3106 γεγεννηκότες
3543 3049 3773 3104 συνομο-

2087 3135 2377 3205 λογήσαιεν
2410 3132 2495 3194 ἂν,
2533 3130 2583 3183 οῖ
2616 3130 2744 3193 τοὺς
2775 3129 2910 3190 υἱεῖς
2935 3128 3063 3180 ὅταν
3092 3126 3274 3178 ἴδωσιν
3305 3124 3384 3186 είς
3413 3121 3642 3192 ἔσχατον
3678 3136 3774 3175 κα-

2088 3225 2213 3288 κίας
2263 3222 2606 3285 ἐλαύνοντας,
2637 3220 2712 3283 ὡς
2742 3219 2841 3272 οὐκ
2875 3219 3033 3279 ὄντας
3086 3215 3265 3269 αὐτῶν
3308 3212 3629 3267 ἐκϐάλλουσι
3677 3213 3773 3265 καὶ

2088 3310 2535 3383 ἀπαλλοτριοῦσι,
2586 3308 2683 3362 καὶ
2726 3305 2849 3360 οὔτε
2897 3305 3094 3376 φύσις,
3147 3302 3270 3358 οὕτε
3317 3301 3600 3371 γέννησις,
3645 3298 3771 3353 οὕτε

2089 3402 2218 3457 ἄλλο
2255 3389 2362 3455 τῶν
2399 3397 2656 3452 τοιούτων
2695 3395 2847 3449 οὐδὲν
2888 3393 3185 3463 κατασχεῖν
3218 3391 3418 3453 αὐτοὺς
3457 3389 3658 3443 δύναιτ’
3685 3389 3771 3441 ἄν.

2088 3490 2180 3563 Μὴ
2213 3489 2394 3543 τοίνυν
2429 3486 2566 3559 μηδέ
2595 3485 2832 3557 πατέρες
2862 3480 3235 3548 ἀξιούσθωσαν
3267 3475 3407 3533 εἶναι
3439 3478 3490 3530 οἱ
3520 3475 3771 3540 τοιοῦτοι,

2090 3572 2167 3634 ὧν
2202 3576 2337 3632 πολὺ
2372 3576 2514 3631 κατὰ
2538 3576 2627 3631 τὸν
2653 3574 2756 3645 τῆς
2783 3571 3102 3643 φιλοσοφίας
3123 3569 3400 3623 λείπονται
3434 3566 3593 3636 λόγον
3613 3581 3627 3596 ⁸
3661 3565 3776 3620 ἀλλ’

2092 3666 2312 3721 ἐπειδάν
2350 3665 2550 3729 αὐτοὺς
2579 3662 2769 3718 τοῦτον
2798 3662 2891 3716 τὸν
2932 3660 3134 3733 τρόπον
3162 3658 3488 3729 γεννήσωσι,
3528 3654 3652 3709 τότε
3684 3656 3779 3708 καὶ

2091 3756 2219 3820 τοὺς
2257 3754 2514 3823 ἐκγόνους
2544 3750 2911 3823 ζητείτωσαψ
2948 3748 3071 3801 τότε
3117 3745 3228 3818 γὰρ
3275 3746 3473 3808 αὐτοὺς
3502 3744 3598 3796 καὶ
3647 3741 3778 3795 ἰδεῖν

2091 3842 2408 3914 δυνήσονται
2458 3840 2638 3913 μόνον.
2670 3837 2789 3892 Εἰσὶ
2831 3837 2939 3908 γὰρ
2980 3835 3165 3898 αὐτοῖς
3208 3832 3418 3897 παῖδες,
3468 3830 3627 3891 εἰσιν,
3664 3829 3776 3881 οὐκ

2092 3930 2162 3994 ἐξ
2192 3928 2476 4001 αἱμάτων,
2504 3927 2647 3982 οὐδὲ
2677 3927 2746 3981 ἐκ
2772 3924 3108 3994 θελήματος
3146 3921 3394 3990 σαρκὸς,
3419 3916 3563 3973 οὐδέ
3588 3917 3657 3971 ἐκ
3687 3919 3781 3971 θε-

2095 4018 2363 4088 λήματος
2418 4016 2673 4085 ιὶνδρός,
2715 4013 2854 4069 ἀλλ’
2900 4012 2969 4077 ἐξ
3028 4008 3195 4066 αὑτοῦ
3251 4006 3606 4078 γεννηθέντες
3669 4002 3779 4057 τοῦ

2099 4106 2269 4160 Θεοῦ.
2302 4097 2463 4158 Οῦτοι
2515 4105 2565 4156 οἱ
2610 4102 2798 4166 παῖδες
2849 4101 2947 4171 οὐχ
2997 4098 3138 4171 ὑπὲρ
3187 4094 3486 4168 χρημάτων
3538 4089 3781 4159 ἀναγκά-

2098 4193 2249 4257 ζουσι
2304 4191 2601 4246 κὸπτεσθαι
2657 4190 2782 4254 τοὺς
2842 4187 3233 4261 πατέρας,οῦχ
3262 4186 3402 4256 ὑπὲρ
3451 4182 3653 4252 γάμου,
3680 4179 3778 4247 οὐχ

2100 4281 2240 4351 ὑπὲρ
2292 4279 2453 4335 ἄλλου
2518 4278 2662 4342 τινὸς
2724 4278 2988 4339 τοιούτου,
3025 4274 3160 4329 ἀλλά
3204 4272 3383 4344 πάσης
3441 4270 3634 4331 αὐτοὺς
3681 4267 3779 4335 τῆς

2100 4369 2379 4443 φροντίδος
2420 4367 2629 4432 ἀτελεῖς
2661 4367 2915 4437 ἀφέντες,
2950 4364 3056 4419 τῶν
3086 4362 3332 4432 φυσικῶν
3371 4360 3621 4431 πατέρων
3662 4356 3782 4427 μεί-

2102 4460 2215 4524 ζονι
2255 4458 2585 4530 παρέχουσιν
2624 4456 2896 4526 ἐντρυφᾷν
2936 4452 3118 4523 ἡδονῇ.
3143 4451 3218 4504 U0
3262 4449 3370 4521 7&9
3416 4448 3507 4501 ἐπὶ
3541 4450 3653 4509 τοῖς
3682 4445 3782 4498 αὺ-

2100 4551 2214 4611 τοῖς
2266 4545 2541 4600 τίκτονταί
2598 4560 2657 4597 τε
2715 4542 2809 4595 καὶ
2862 4541 3193 4610 τρέφονται,
3244 4533 3440 4607 οἷσπερ
3496 4533 3779 4597 κάκεῖνοι,

2102 4633 2217 4690 ἀλλ’
2250 4635 2344 4688 ἐπὶ
2378 4631 2558 4703 πολλῷ
2585 4630 2796 4702 μείζοσι
2828 4629 2919 4682 καὶ
2947 4625 3350 4698 λαμπροτέροςς
3371 4642 3383 4655 ο
3410 4622 3490 4677 διὸ
3523 4619 3619 4675 καὶ
3643 4619 3781 4692 μᾶλ-

2103 4727 2194 4782 λον
2216 4726 2341 4789 τοὺς
2365 4720 2764 4794 γεγεννηκότας
2809 4717 3177 4791 εὐφραίνουσι.
3237 4716 3423 4786 Χωρὶς
3468 4712 3526 4766 δὲ
3571 4711 3779 4764 τούτων

2105 4817 2325 4871 κάκεῖνο
2341 4815 2549 4885 εἴποιμι
2571 4812 2657 4876 ἂν,
2674 4811 2755 4865 ὅτι
2771 4810 2896 4872 τοὺς
2921 4808 3018 4879 μέν
3034 4802 3451 4867 διαπιστοῦντας
3469 4804 3534 4873 τῇ
3552 4800 3785 4855 ἀναστά-

2108 4923 2191 4959 σει
2222 4904 2373 4958 ούδέν
2400 4900 2625 4965 ἀπεικὸς
2660 4898 2802 4970 ὑπὲρ
2831 4897 3035 4951 τούτων
3076 4895 3316 4967 θρηνεῖν,
3350 4891 3446 4946 ἆτε
3480 4890 3546 4961 δὴ
3577 4888 3784 4959 ταύτης

2111 4997 2279 5068 μόνης
2321 4990 2793 5062 καταλειπομένης
2840 4989 2940 5059 τῆς
2992 4982 3349 5055 παραμυθίας
3396 4982 3608 5044 αὐτοῖς·
3652 4979 3702 5033 οἱ
3728 4979 3783 5031 δὲ

2106 5086 2197 5140 τὸν
2224 5084 2452 5139 θάνατον
2482 5080 2649 5135 ὕπνον
2678 5077 2995 5149 ἡγούμενοι,
3037 5076 3131 5130 καὶ
3158 5070 3540 5142 παιδευόμενοι
3563 5068 3673 5122 τῶν
3696 5070 3782 5120 ἐν-

2106 5174 2281 5229 ταῦθα
2313 5173 2529 5227 πάντων
2560 5168 2941 5239 καταφρονεῖν,
2966 5163 3112 5227 τίνος
3140 5162 3205 5217 ἂν
3232 5160 3424 5231 εἴημεν
3456 5156 3784 5227 συγγνώμης

2109 5263 2248 5329 ἄξιοι
2270 5259 2593 5333 θρηνοῦντες
2616 5257 2756 5328 ὑπὲρ
2782 5253 3010 5316 τούτων,
3036 5252 3131 5305 καὶ
3163 5249 3355 5312 παῖδας
3396 5245 3785 5315 ’ἐπιζητοῦντες

2114 5351 2239 5403 ἰδεῖν
2282 5332 2377 5402 καὶ
2400 5346 2724 5402 καταλιπεῖν
2740 5343 2950 5407 ἐνθάδε,
2975 5341 3097 5395 ὅθεν
3120 5337 3405 5408 ἀποπηδᾷν
3431 5332 3784 5404 ἐπε¹γόμεθα,

2111 5440 2205 5493 καὶ
2238 5438 2473 5493 ἐνταῦθα
2516 5437 2668 5501 ὄντες
2710 5434 3071 5504 στενάζομεν;
3123 5430 3236 5483 ’Καὶ
3277 5427 3451 5482 ταῦτα
3499 5426 3598 5496 μὲν
3656 5424 3787 5494 ἡμῖν

2112 5528 2250 5600 πρὸς
2274 5529 2399 5591 τοὺς
2437 5524 2984 5597 πνευματικωτέρους
3026 5521 3261 5591 εἴρηται.
3290 5519 3352 5571 EE
3402 5516 3458 5570 δέ
3504 5530 3647 5576 τινες
3678 5508 3789 5600 είιν

2114 5598 2502 5687 φιλοσώματοι,
2528 5617 2622 5668 καὶ
2645 5612 2849 5684 σφόδρα
2868 5610 2947 5681 τῷ
2971 5608 3199 5681 παρόντι
3230 5600 3640 5677 προσηλωμένοι
3666 5598 3787 5671 βίῳ,

2177 5835 2202 5875 ἀ
2232 5837 2357 5885 "ch.
2383 5836 2481 5883 οὐδ’
2514 5834 2591 5881 ἵνα
2634 5831 2811 5879 σποδὸν
2851 5826 3286 5888 ὑποστορέσωνται,
3333 5821 3514 5868 desunt
3538 5818 3586 5864 in
3613 5813 3787 5865 Morel.

2118 5904 2321 5947 tantum.
2352 5897 2457 5945 Duo
2478 5908 2593 5942 mss.
2620 5892 3068 5955 περιστορέσωνται.
3180 5946 3195 5955 “
3240 5944 3249 5955 ⁸

2179 5939 2459 6007 δ
2479 5939 2830 6003 ,λίοέιιῑί
2846 5958 2899 5999 et
2921 5950 3019 5997 duo
3044 5961 3159 5995 mss.
3180 5944 3420 6007 λείψεταιζ
3430 5939 3571 6007 Fair:

2178 6022 2195 6061 ί
2221 6001 2355 6079 ’Ῐοῖἰιξ
2369 6001 2830 6075 ’ὑιόύξῖεὶεεω-ίι.
2856 6018 2909 6062 cl
2927 6012 3024 6060 duo
3051 6023 3187 6069 mss.,
3211 6001 3380 6061 αὐτούς
3404 6001 3574 6053 Morel.
