4124 6144
315 351 421 409 377

310 470 489 524 ἐκεῖνο
506 467 573 523 ἂν
603 467 815 538 εἴποιμι
834 466 968 538 πρὸς
988 467 1205 531 αὐτοὺς,
1236 467 1320 520 ὅτι
1352 466 1568 539 πρῶτον
1594 467 1810 539 ἄδηλον,
1832 470 1881 523 εί
1897 467 1990 522 καὶ

311 556 499 622 παῖδες
520 556 738 627 ἕψονται
772 555 850 626 τῷ
896 555 1061 626 γάμῳ
1094 554 1313 624 πάντως
1332 570 1345 583 ·
1370 553 1644 627 δεύτερον,
1671 556 1752 609 ὅτι
1775 557 1870 609 καὶ
1895 572 1990 625 γε-

309 645 551 717 νομένων
581 645 781 716 μείζων
802 642 1088 715 ήάθυμία·
1120 643 1181 696 ού
1198 643 1307 715 γὰρ
1332 642 1605 714 τοσαύτην
1629 643 1992 716 καρπούμεθα

311 731 673 804 εὐφροσύνην,
698 730 1021 804 ὄσηνλύπην
1044 731 1152 784 ἀπὸ
1178 732 1277 802 τῆς
1310 731 1687 803 καθημερινῆς
1714 732 1989 804 φροντίδος

310 819 534 890 καὶτῆς
573 818 813 887 ἀγωνίας
842 817 1070 873 καὶτῶν
1124 818 1306 888 φόϐων
1350 817 1459 872 τῶν
1503 818 1572 871 δι’
1603 819 1821 883 αύτούς.
1882 821 1990 874 Καὶ

307 907 453 971 τίνι,
507 908 675 977 φησὶ,
713 906 1108 978 καταλείψομεν
1146 909 1273 971 τοὺς
1314 907 1517 978 ἀγροὺς
1559 907 1778 969 καὶτὰς
1813 908 1989 971 οἰκίας

306 995 403 1046 καὶ
443 994 512 1047 τὰ
551 994 859 1065 ἀνδράποδα
890 994 983 1048 καὶ
1034 994 1095 1048 τὸ
1130 994 1352 1066 χρυσίον
1374 1012 1388 1060 ;
1412 995 1507 1047 καὶ
1531 993 1640 1064 γὰρ
1690 993 1785 1048 καὶ
1818 993 1990 1048 ταῦτα

309 1081 492 1133 ἀκούω
511 1080 850 1152 θρηνούντων
884 1080 1087 1136 αὐτῶν.
1120 1081 1210 1152 Τῷ
1241 1081 1336 1135 καὶ
1365 1082 1472 1153 πρὸ
1499 1080 1706 1134 τούτων
1740 1080 1990 1152 μέλλοντι

306 1168 742 1240 κληρονομήσειν
771 1167 913 1223 αύτά
931 1210 946 1234 ,
975 1169 1072 1222 καὶ
1106 1168 1345 1240 τοσούτῳ
1375 1168 1575 1239 μᾶλλον
1600 1167 1696 1222 νῦν
1722 1168 1755 1239 ἢ
1792 1168 1989 1239 πρότε-

311 1272 423 1325 ρον,
458 1257 569 1325 ὅσῳ
618 1257 713 1310 καὶ
759 1255 934 1327 φύλαξ
987 1257 1082 1311 καὶ
1124 1255 1315 1328 κύριος
1358 1257 1764 1328 ἀσφαλέστερος
1810 1256 1989 1312 αὐτῶν

306 1344 462 1398 ἔσται
485 1344 599 1400 νῦν,
631 1346 763 1399 Τότε
790 1346 889 1418 μὲν
912 1346 1024 1416 γὰρ
1062 1344 1233 1399 πολλὰ
1255 1341 1321 1417 ἦν
1344 1346 1528 1409 αὐτοῖς
1556 1344 1624 1399 τὰ
1652 1345 1977 1417 λυμαινόμεο

306 1454 373 1489 να
394 1452 407 1467 ο
434 1437 530 1489 καλ¹
556 1436 663 1508 γὰρ
692 1439 873 1508 σῆτες,
905 1436 997 1491 καὶ
1023 1437 1214 1508 χρόνος
1248 1436 1479 1508 μακρὸς,
1511 1436 1605 1490 καὶ
1629 1435 1827 1510 λῃσταὶ
1845 1476 1860 1500 ,
1892 1436 1988 1490 καὶ

310 1525 665 1595 συκοφάνται,
694 1526 787 1578 καὶ
823 1524 1115 1596 βάσκανοι,
1152 1525 1247 1578 καὶ
1275 1523 1337 1577 τὸ
1370 1522 1465 1576 τοῦ
1521 1523 1809 1593 μέλλοντος
1850 1523 1986 1595 ἀδη-

307 1613 431 1678 λον,
473 1613 570 1667 καὶ
611 1613 673 1666 τὸ
700 1612 807 1666 τῶν
852 1611 1156 1685 ἀνθρώπων
1191 1624 1217 1653 α
1245 1610 1675 1682 εὐμετάϐλητον,
1703 1611 1798 1665 καὶ
1835 1611 1987 1676 τέλος

307 1702 335 1752 6
365 1699 612 1768 θάνατος,
646 1701 739 1753 καὶ
777 1698 885 1754 τῶν
913 1701 1236 1771 χρημάτων,
1269 1699 1364 1752 καὶ
1397 1697 1506 1751 τῶν
1533 1698 1827 1769 κτημάτων
1863 1698 1989 1752 τού-

305 1805 414 1840 των
442 1787 816 1859 ἀπεστέρησεν
846 1786 913 1841 ἂν
948 1788 1039 1840 τὸν
1075 1786 1220 1839 υίόψ
1260 1784 1379 1838 νυνὶ
1419 1784 1477 1837 δὲ
1521 1784 1738 1838 πάντων
1780 1784 1986 1839 τούτων

303 1875 564 1947 ἀνωτέρω
598 1875 687 1928 τὸν
714 1874 943 1928 πλοῦτον
989 1872 1244 1937 ἀπέθετο,
1274 1872 1440 1926 τόπον
1466 1871 1617 1945 ῖίθϐ]
1660 1870 1837 1945 εὑρὼν
1860 1872 1989 1927 ἄσυ-

304 1960 396 2013 λον
415 2003 429 2027 ,
467 1962 562 2016 καὶ
589 1958 649 2015 οὗ
675 1962 865 2033 μηδενὶ
902 1960 1011 2015 τῶν
1036 1960 1342 2033 εἰρημένων
1367 1960 1625 2031 ἐπιϐῆναι
1653 1960 1831 2031 θέμις.
1863 1961 1987 2012 Τοι-

303 2048 461 2104 οὖτον
498 2050 606 2121 γὰρ
638 2049 837 2121 χωρίον
872 2050 901 2102 6
929 2049 1177 2121 οὐρανὸς,
1219 2049 1371 2122 πάσῃ
1407 2048 1504 2118 μὲν
1543 2046 1742 2111 ἄϐατος
1767 2045 1842 2100 ὢν
1871 2047 1988 2100 ἐπι-

305 2137 492 2209 ϐουλῇ,
529 2137 708 2208 πάσης
738 2138 793 2191 δὲ
819 2137 1192 2209 εὐφορώτερος
1212 2138 1336 2209 γῆς,
1365 2137 1458 2191 καὶ
1480 2136 1620 2207 μετά
1657 2136 1857 2207 πολλῆς
1884 2136 1985 2206 τῆς

304 2225 564 2294 ἀφθονίας
592 2225 700 2279 τῶν
725 2226 783 2280 ἐν
811 2225 957 2297 αὐτῷ
977 2224 1246 2280 τεθέντων
1265 2242 1369 2297 χρη
1380 2224 1565 2295 μάτων
1597 2223 1855 2295 παρέχων
1871 2225 1986 2287 τοῖς

304 2313 845 2385 παρακαταθεμένοις
894 2313 1139 2385 ἀμᾶσθαι
1172 2315 1299 2378 τοὺς
1344 2312 1612 2385 καρπούς.
1649 2313 1815 2366 Ὥστε
1862 2311 1984 2382 οὐχὶ

304 2403 399 2457 νύν
414 2402 585 2457 ταῦτα
614 2403 722 2456 ἔδει
748 2405 776 2444 b
804 2404 1004 2473 λέγειν,
1032 2404 1145 2459 ἀλλ’
1168 2406 1217 2458 εἰ
1241 2403 1492 2474 βιωτικδν
1511 2403 1736 2474 ἔμελλεν
1764 2401 1985 2458 ἔσεσθαι

302 2492 365 2545 τὸ
401 2492 632 2559 παιδίον,
668 2493 791 2547 τότε
846 2493 1088 2566 θρηνεῖν,
1140 2495 1236 2549 καὶ
1266 2493 1439 2548 ταῦτα
1467 2492 1835 2563 φθέγγεσθαιο
1863 2492 1983 2545 Τίνι

302 2579 430 2642 τούς
460 2579 662 2651 ἀγροὺς
680 2578 1118 2651 καταλείπωμεν,
1135 2580 1239 2634 τίνι
1272 2579 1334 2634 τὸ
1350 2580 1594 2651 χρυσίον,
1607 2579 1712 2635 τίνι
1732 2578 1800 2633 τὰ
1819 2578 1987 2633 λοιπά

304 2669 596 2740 χρήματα;

390 2756 504 2810 Νῦν
563 2755 674 2825 γὰρ
732 2759 969 2829 τοσαύτη
1027 2757 1127 2827 τῆς
1183 2757 1507 2829 κυριότητος
1560 2757 1596 2828 ἠ
1651 2752 1982 2827 περιουσία,

304 2845 382 2909 ὡς
430 2846 566 2917 μηδὲ
601 2846 754 2917 μετᾶ
785 2847 884 2918 τὴν
918 2846 1165 2901 ἐντεῦθεν
1213 2846 1522 2917 ἀποδημίαν
1564 2847 1850 2900 ἐκπίπτειν
1882 2845 1982 2914 τῆς

305 2936 621 3001 δεσποτείας
642 2936 840 3001 αὐτῶν,
859 2936 995 2991 ἀλλά
1017 2937 1137 2990 τότε
1156 2935 1390 3006 μάλιστα
1412 2935 1508 2989 τοῦ
1531 2935 1756 3007 κέρδους
1803 2933 1981 2989 αὐτῶν

304 3024 621 3088 ἀπολαύειν,
640 3026 766 3079 ὅταν
788 3025 1037 3081 ἐντεῦθεν
1069 3025 1412 3096 ἀπέλθωμεν.
1445 3026 1509 3079 Εἰ
1533 3025 1591 3079 δὲ
1613 3026 1704 3079 καὶ
1746 3024 1981 3079 ἐνταῦθα

308 3112 487 3183 βούλει
520 3114 711 3185 κύριον
740 3115 869 3168 ὄντα
903 3115 1052 3178 ἰδεῖν,
1082 3114 1178 3168 καὶ
1205 3113 1363 3167 τοῦτο
1386 3112 1465 3184 τῷ
1491 3111 1709 3185 μοναχῷ
1749 3112 1977 3183 μᾶλλον,

305 3202 339 3272 ἢ
373 3201 448 3273 τῷ
476 3202 717 3274 βιωτικῷ
739 3203 1036 3274 συμϐαῖνον
1072 3202 1168 3256 ίδοι
1194 3218 1277 3265 τις
1301 3202 1386 3256 ἀν.
1420 3200 1515 3264 Τίς
1543 3201 1669 3272 γὰρ,
1701 3200 1823 3254 είπέ
1868 3219 1979 3271 μοι,

307 3291 538 3362 κυριὼτε
550 3308 676 3361 ρος;
706 3292 735 3345 6
767 3290 1020 3344 δαπανῶν
1060 3290 1155 3344 καὶ
1181 3289 1357 3353 διδοὺς
1385 3289 1523 3360 μετὰ
1543 3288 1726 3354 ἀδείας
1755 3288 1978 3359 πολλῆς,

304 3381 339 3450 ἢ
374 3383 400 3434 6
432 3381 565 3452 μηδέ
591 3380 830 3451 ἅψασθαι
861 3378 1072 3449 τολμῶν
1104 3379 1327 3449 ὑπὸτῆς
1360 3377 1662 3447 φειδωλίας,
1679 3376 1817 3433 ἀλλά
1850 3394 1983 3431 κατ-

308 3470 549 3542 ορύττων
605 3470 765 3537 αὐτὰ,
803 3472 897 3526 καὶ
939 3471 1014 3534 ὡς
1043 3470 1339 3542 ἀλλοτρίων
1366 3470 1704 3540 ἀπεχόμενος
1742 3468 1851 3523 τῶν
1885 3470 1982 3523 a6-

306 3560 433 3624 τού;
480 3560 510 3613 6
544 3561 721 3631 μάτην
758 3559 1063 3614 ἀναλίσκων
1094 3558 1188 3612 καὶ
1218 3558 1364 3630 εἰκῆ,
1407 3557 1495 3629 ἢό
1544 3556 1773 3622 δεόντως
1823 3557 1982 3612 τοῦτο

308 3648 509 3714 ποιῶν;
533 3650 560 3703 6
578 3649 817 3719 σπείρων
839 3648 936 3720 τὴν
968 3649 1093 3719 γῆν,
1123 3647 1155 3719 ἢ
1187 3649 1215 3700 6
1234 3645 1392 3701 τοῦτο
1412 3646 1779 3718 ἐργαζόμενος
1807 3647 1865 3700 ἐν
1893 3646 1982 3701 οὐ-

312 3735 494 3807 ρανῷ;
526 3738 554 3789 6
598 3736 671 3808 μὴ
718 3736 897 3791 πάντα
927 3734 1376 3807 συγχωρούμενος
1416 3733 1485 3787 τὰ
1527 3732 1721 3788 ἐαυτοῦ
1757 3733 1978 3802 διδόναι,

308 3820 388 3888 οἷς
414 3823 479 3877 ἂν
509 3824 705 3886 ἐθέλοι,
737 3824 770 3896 ἢ
804 3826 832 3879 6
866 3825 1081 3878 πάντων
1110 3822 1524 3894 ἀπηλλαγμένος
1555 3821 1663 3876 τῶν
1691 3820 1983 3877 ἀπαιτούν-

307 3930 417 3967 των
443 3911 541 3976 τάς
567 3911 819 3976 τοιαύτας
853 3911 1243 3983 συνεισφοράς;
1273 3906 1612 3978 Γεωργοῖωτι
1638 3909 1735 3979 μέν
1763 3909 1871 3980 γάρ
1887 3909 1983 3964 καὶ

309 4000 820 4072 πραγματευομένη)
860 3999 1042 4053 πολλοὶ
1079 3997 1414 4067 πανταχόθεν
1449 3996 1767 4064 ἐφίστανται
1794 4007 1816 4036 α
1843 4037 1859 4062 ,
1893 3997 1983 4067 φό-

313 4104 439 4159 ρους
489 4089 888 4156 ἀναγκάζοντες
920 4083 1288 4148 κατατιθέναι,
1344 4083 1438 4137 καὶ
1478 4081 1539 4135 τὸ
1592 4083 1783 4137 ἑαυτοῦ
1817 4084 1981 4155 μέρος

311 4175 543 4238 ἕκαστος
569 4174 955 4237 ἀπαιτοῦντες
988 4171 1066 4243 τῷ
1097 4171 1154 4225 δὲ
1195 4172 1272 4236 εἰς
1316 4172 1444 4233 τοὺς
1488 4170 1775 4241 δεομένους
1803 4170 1983 4231 ἀναλί-

312 4280 465 4315 σκειν
516 4259 872 4331 ἐπιθυμοῦντι
925 4259 1099 4322 οὐδεὶς
1159 4256 1458 4328 οὐδαμόθεν
1512 4261 1758 4326 φανεῖται
1809 4253 1984 4312 ταῦτα

309 4348 575 4405 ἀπειλῶν·
611 4347 751 4402 ὥστε
781 4347 875 4401 καὶ
902 4345 1135 4401 ἐνταῦθα
1173 4345 1504 4418 κυριώτερος
1534 4337 1690 4409 οὗτός
1714 4347 1882 4400 ἐστιν.
1911 4347 1983 4399 Ἦ

308 4437 377 4491 ἂν
409 4437 508 4507 μὲν
538 4437 765 4508 πόρναις
790 4434 1061 4509 ἀναλίσκῃ
1087 4434 1179 4487 καὶ
1202 4433 1400 4506 γαστρὶ
1422 4433 1514 4487 καὶ
1536 4431 1856 4504 παρασίτοις
1889 4435 1983 4487 καὶ

309 4523 529 4590 κόλαξι,
565 4526 660 4579 καὶ
685 4521 1024 4595 καταισχύνῃ
1050 4523 1148 4593 τὴν
1187 4518 1383 4574 ἐαυτοῦ
1415 4519 1593 4586 δόξαν,
1621 4520 1713 4573 καὶ
1740 4518 1982 4594 ἀπολλύῃ

308 4612 409 4684 τὴν
450 4611 744 4683 σωτηρίαν,
779 4610 874 4664 καὶ
905 4609 1305 4678 καταγέλαστος
1328 4607 1567 4677 γίνηται,
1598 4605 1789 4678 κύριον
1818 4606 1981 4660 αὐτὸν

308 4696 447 4755 εἶναι
477 4700 583 4773 φῂς
623 4699 730 4753 τῶν
751 4699 1158 4768 δαπανωμένων
1177 4714 1191 4730 ο
1226 4696 1292 4752 ἂν
1318 4697 1375 4750 δὲ
1407 4698 1485 4760 εις
1499 4696 1656 4763 δόξαν
1676 4697 1776 4768 τὴν
1805 4696 1982 4766 ἀληθῆ

308 4788 404 4841 καὶ
435 4786 701 4857 ὠφέλειαν
742 4788 838 4840 καὶ
878 4785 940 4839 τὸ
960 4785 1040 4856 τῷ
1073 4783 1192 4856 Θεῷ
1230 4783 1421 4838 δοκοῦν
1453 4783 1594 4854 μετὰ
1621 4783 1821 4856 πολλῆς
1842 4783 1984 4838 αὐτὰ

307 4876 523 4943 δαπανᾷ
553 4874 651 4943 τῆς
677 4874 964 4936 συνέσεως,
992 4873 1209 4938 οὐκέτι;
1236 4872 1444 4928 Οὐκοῦν
1473 4873 1658 4943 ὅμοιον
1712 4876 1980 4944 ποιήσεις,

307 4962 497 5032 ὥσπερ
524 4960 587 5013 ἂν
622 4961 768 5023 είεὶς
801 4960 897 5030 μὲν
926 4960 1144 5030 ὀχετοὺς
1183 4957 1413 5029 ἀμοιρῶν
1436 4960 1577 5030 ὁρῶν
1619 4977 1740 5015 τινα
1774 4960 1980 5032 ἐμϐάλ-

308 5048 471 5102 λοντα
517 5047 583 5098 τά
622 5045 837 5109 ἐαυτοῦ,
870 5045 1057 5116 κύριος
1095 5044 1201 5115 φῂς
1233 5040 1390 5105 εἶναι,
1423 5046 1503 5108 είς
1526 5045 1582 5099 δὲ
1606 5046 1795 5116 χρείας
1815 5048 1981 5116 ἀναγ-

307 5136 472 5199 καίας
500 5132 658 5186 τοῦτο
689 5132 967 5198 ποιοῦντα,
1004 5133 1079 5196 ὡς
1107 5133 1207 5186 οὐκ
1255 5131 1446 5201 ἔχοντα
1487 5131 1597 5185 τῶν
1630 5132 1983 5204 ἀναλισκομέ-

308 5242 414 5279 νων
455 5221 701 5288 ἐξουσίαν
727 5220 963 5292 θρηνεῖς.
1012 5222 1230 5275 Μᾶλλον
1256 5220 1312 5273 δὲ
1342 5221 1403 5274 οὐ
1440 5224 1552 5284 τοῖς
1585 5220 1770 5284 ἁπλῶς
1810 5223 1982 5276 δαπα-

308 5311 590 5384 νωμένοις,
622 5309 758 5364 ἀλλά
799 5311 893 5364 καὶ
921 5312 1033 5373 τοῖς
1067 5309 1161 5364 ἐπὶ
1191 5309 1345 5381 κακῷ
1377 5310 1485 5364 τῶν
1514 5308 1708 5363 ἐαυτοῦ
1728 5310 1981 5379 κεφαλῶν

307 5401 432 5464 τούς
460 5396 733 5461 τοιούτους
766 5398 1134 5471 παραϐάλλειν
1161 5396 1190 5437 (ι
1234 5399 1361 5471 χρή.
1393 5399 1630 5451 Ἐκεῖναι
1666 5396 1765 5469 μὲν
1793 5397 1902 5470 γὰρ
1924 5400 1979 5453 αἱ

308 5490 543 5545 δαπάναι
578 5487 959 5561 λαμπρότερον
979 5489 1072 5542 καὶ
1105 5489 1481 5562 εὐπορώτερον
1522 5490 1616 5544 καὶ
1650 5489 1982 5560 ἀσφαλέστερ

369 5646 563 5711 “ﬂung
582 5645 677 5711 τῶν
697 5645 1016 5711 ἀνθρωπίνων,
1041 5645 1125 5695 alii
1147 5648 1242 5695 τῶν
1272 5648 1546 5711 ἀνθρώπων.
1574 5645 1703 5697 Infra
1725 5646 1824 5697 duo
1859 5660 1975 5697 mss.

305 5707 511 5755 πλοῦτον
530 5707 738 5766 ἀνέθετο,
767 5706 889 5756 editi
913 5709 1127 5757 ἀπέθετο.

368 5769 396 5838 13
426 5769 667 5876 SicEu'nus
708 5770 863 5817 codex
915 5777 968 5819 et
1004 5769 1152 5820 Savil.
1190 5771 1425 5823 Ediderat
1468 5770 1637 5823 Monlf.
1663 5768 1745 5820 ν’ύν
1774 5771 1860 5820 οὐκ
1885 5772 1977 5822 ἔδει

370 5846 474 5876 ora.
543 5844 635 5876 υτ.

307 5846 474 5877 ταυτα.
502 5842 635 5877 ιιυιτ.

372 5893 394 5954 (ξ
423 5889 516 5954 ᾼιὶἱ
539 5892 827 5954 πολλαχόθεν
844 5894 1213 5951 ἐπιστήσονται.

370 5949 396 5992 ἀ
425 5949 533 6000 Duo
557 5964 670 6004 mss.
693 5949 804 6012 τοὺς
829 5956 956 6014 νὶοὐς
975 5949 1311 6022 παραϐάλλειν.

1036 405 1046 416 ,
1106 350 1164 408 S.
1201 350 1489 407 JOANNIS
1528 350 2027 409 CHRYSOSTOMI
2062 351 2386 411 ARCHIEP.
2428 348 2982 408 CONSTANTINOP.

3670 350 3777 406 578

2099 486 2190 540 ρον
2231 466 2510 535 ποιοῦσιν,
2536 458 2698 522 αὗται
2736 467 2909 521 δὲούκ
2953 463 3177 536 αἰσχρὸν
3227 466 3388 536 μόνον
3421 465 3543 518 οὐδὲ
3562 466 3770 520 ἐπονεί·

2091 555 2294 622 διστον,
2326 553 2464 608 ἀλλά
2507 555 2602 609 καὶ
2671 554 2949 618 ἀπωλείας
2982 551 3283 607 ὑπεύθυνον
3329 552 3520 624 τρόπῳ
3585 556 3771 611 παντί.

2164 638 2325 706 ιζ’.Τί
2350 641 2458 707 δαὶ,
2483 640 2625 713 μετά
2646 642 2845 713 γάμον,
2865 640 3118 712 φησὶ,καὶ
3143 640 3777 714 παῖδας,οὐκένιταύτης

2091 729 2448 785 ἐπιλαϐέσθαι
2488 731 2588 801 τῆς
2633 729 2953 801 φιλοσοφίας
2988 731 3046 784 ἐν
3070 728 3220 800 αὐτῷ
3246 728 3325 800 τῷ
3361 732 3512 802 γήρα
3550 732 3776 803 γενόμε-

2090 836 2178 873 νον
2203 837 2218 885 ;
2248 821 2358 875 Καὶ
2378 820 2460 884 τίς
2483 823 2613 892 ἡμῖν
2633 821 2992 892 ἐγγυήσεται,
3025 818 3241 890 πρῶτον
3271 819 3390 889 μὲν,
3407 820 3491 874 ὅτι
3516 823 3600 884 εἰς
3619 820 3776 892 ἐσχα-

2089 925 2179 960 τον
2194 906 2396 979 ἥξομεν
2424 909 2618 979 γῆρας,
2643 908 2896 977 δεύτερον
2919 907 2998 970 δὲ,
3023 907 3106 959 ὅτι
3133 905 3380 970 ἐλθόντες
3402 908 3621 972 πάντως
3644 908 3776 962 ταύ·

2089 1013 2189 1068 την
2214 996 2581 1068 διατηροῦμεν
2604 997 2702 1069 τὴν
2728 996 2991 1067 γνώμην;
3021 994 3161 1050 Οὔτε
3210 995 3320 1065 γὰρ
3349 996 3447 1066 τῆς
3471 999 3529 1050 ἐν
3557 999 3623 1068 τῇ
3658 997 3774 1070 ζωῇ

2091 1082 2268 1155 κύριοι
2312 1083 2654 1155 προθεσμίας
2681 1084 2878 1154 ἐσμέν·
2922 1084 3018 1138 καὶ
3039 1081 3198 1137 τοῦτο
3231 1082 3554 1137 ἐπαίδευσεν
3571 1087 3599 1138 6
3623 1084 3773 1139 Παῦ-

2088 1170 2177 1234 λος
2208 1171 2383 1240 λέγων
2420 1183 2444 1212 ο
2461 1190 2475 1204 θ
2518 1173 2579 1228 Ἠ
2597 1171 2790 1241 ’ἡμέρα
2812 1171 3055 1241 Κυρίου,
3087 1171 3167 1236 ὡς
3186 1168 3454 1238 κλέπτης
3481 1172 3552 1225 ἐν
3569 1173 3770 1236 νυκτὶ,

2089 1257 2278 1326 οὕτως
2317 1260 2586 1330 ἔρχεταιο
2639 1258 2763 1313 οὗτε
2819 1259 2913 1313 ἐπὶ
2958 1259 3059 1329 τῆς
3116 1258 3290 1328 αὐτῆς
3340 1259 3430 1312 ἀεὶ
3464 1259 3774 1331 προθυμίας

2092 1340 2242 1417 μένει
2264 1345 2332 1400 τὰ
2361 1347 2470 1401 τῶν
2500 1345 2776 1417 λογισμῶν
2808 1348 2960 1418 ἡμῖν.
3006 1346 3116 1400 Καὶ
3163 1345 3254 1400 διὰ
3284 1346 3443 1400 τοῦτο
3485 1346 3649 1417 σοφός
3686 1364 3773 1411 τις

2089 1436 2347 1505 παραινεῖ
2385 1434 2592 1504 λέγων·
2631 1434 2728 1503 Μὴ
2753 1433 3014 1504 ἀνάμενε
3062 1435 3425 1503 ἐπιστρέψαι
3476 1434 3629 1503 πρὸς
3660 1438 3773 1489 Κύο

2080 1537 2237 1590 ριον,
2274 1520 2424 1593 μηδὲ
2443 1520 2792 1577 ἀναϐάλλου
2819 1522 3047 1592 ἡμέραν
3067 1522 3137 1588 ἐξ
3160 1523 3406 1592 ἡμέρας,
3435 1524 3509 1594 μή
3546 1539 3679 1576 ποτε
3695 1525 3773 1586 ὡς

2092 1609 2307 1681 μέλλεις
2359 1609 2683 1682 ἐκτριϐήσῃ,
2733 1609 2832 1664 καὶ
2875 1610 2945 1664 ἐν
2976 1610 3163 1679 καιρῷ
3195 1608 3348 1682 [107]
3398 1609 3772 1680 ἐκδικήσεως

2086 1696 2292 1767 ἐξολῇ.
2321 1698 2386 1751 Εἰ
2410 1697 2466 1752 δὲ
2497 1698 2591 1751 καὶ
2627 1697 2792 1769 μηδὲν
2820 1697 3026 1752 τούτων
3056 1698 3252 1770 ἄδηλον
3302 1693 3391 1769 ἦν,
3427 1698 3549 1752 οὐδὲ
3594 1699 3772 1763 οὕτως

2087 1784 2486 1840 ἀναϐάλλεσθαι
2516 1784 2622 1839 ἔδει
2644 1786 2769 1849 τοὺς
2811 1786 2966 1851 υἱεῖς,
2999 1786 3121 1839 οὐδὲ
3160 1785 3433 1857 τοσαύτην
3471 1787 3771 1859 γινομένην

2086 1873 2286 1946 ζημίαν
2311 1875 2596 1946 περιορᾷν.
2629 1875 2741 1929 Καὶ
2775 1873 2884 1946 γὰρ
2919 1875 3018 1945 τῆς
3049 1873 3288 1946 ἐσχάτης
3310 1874 3537 1943 ἀλογίας
3567 1875 3634 1931 ἂν
3656 1876 3772 1947 εἴη,

2083 1963 2213 2017 ὅταν
2242 1963 2342 2034 μὲν
2368 1962 2556 2033 δέηται
2582 1961 2836 2034 βοηθείας
2876 1964 2904 2016 6
2932 1963 3050 2026 νέος
3086 1962 3132 2028 ί,
3164 1965 3260 2017 καὶ
3291 1963 3523 2034 σφοδρὸς
3565 1966 3594 2017 6
3641 1967 3769 2019 ἀντι

2085 2050 2397 2119 ἀγωνιστὴς
2428 2050 2730 2120 ἐφεστήκῃ,
2751 2048 2995 2103 κελεύειν
3022 2051 3137 2113 τοῖς
3156 2048 3250 2103 τοῦ
3279 2049 3395 2120 βίου
3425 2050 3771 2123 ὲμφύρεσθαι

2084 2137 2426 2207 πράγμασιν,
2479 2135 2620 2190 ὥστε
2668 2135 2922 2205 γενέσθαι
2955 2136 3307 2208 εὐχείρωτονο
3342 2137 3471 2191 ὅταν
3512 2138 3568 2190 δὲ
3621 2137 3769 2211 λάῢη

2088 2225 2259 2296 μυρία
2279 2223 2591 2296 τραύματα,
2609 2223 2704 2277 καὶ
2732 2223 2866 2295 μηδέ
2888 2224 2948 2276 τὸ
2964 2223 3124 2294 τυχὸν
3140 2223 3238 2297 ἔχῃ
3258 2224 3424 2297 μέρος
3447 2224 3620 2295 ὑγιὲς,
3641 2227 3771 2279 τότε

2084 2310 2433 2375 καθοπλίζειν
2461 2312 2557 2365 καὶ
2591 2310 2878 2383 διεγείρειν
2908 2311 3161 2383 κείμενον
3187 2311 3288 2383 ήδη
3335 2312 3429 2365 καὶ
3462 2312 3763 2384 ἐξησθένη-

2083 2398 2238 2452 κότα.
2271 2398 2398 2464 Ναὶ,
2427 2398 2589 2470 φησί·
2619 2398 2740 2451 τότε
2774 2398 2885 2470 γὰρ
2912 2396 3131 2462 εὔκολος
3156 2400 3189 2471 ὴ
3215 2398 3384 2470 πάλη,
3410 2399 3533 2452 τότε
3561 2400 3709 2472 ῥᾴων
3731 2405 3771 2473 ἡ

2086 2487 2258 2558 μάχη,
2289 2484 2396 2540 τῶν
2437 2484 2746 2557 ἐπιθυμιῶν
2787 2486 3137 2541 σϐεσθεισῶν.
3169 2488 3305 2541 Ποία
3338 2488 3511 2559 μάχη,
3550 2488 3766 2553 οὐδενὸς

2082 2573 2234 2636 δντος
2266 2575 2397 2644 ἡμῖν
2426 2573 2519 2626 τοῦ
2551 2572 2949 2640 πυκτεύοντος;
2978 2574 3079 2628 Διά
3100 2575 3210 2646 γάρ
3238 2576 3396 2630 τοῦτο
3421 2575 3612 2630 οὐδέοί
3645 2578 3769 2631 στέ-

2083 2678 2243 2730 φανοι
2279 2660 2523 2732 λαμπροὶ
2556 2660 2742 2715 λοιπὸν
2783 2661 3018 2718 ἔσονται.
3054 2662 3361 2731 Μακάριος
3392 2664 3502 2736 γὰρ
3554 2663 3623 2730 ὃς
3655 2661 3765 2734 ἦρε

2082 2746 2261 2819 ζυγὸν
2307 2750 2332 2789 κ
2374 2748 2444 2802 ἐκ
2495 2750 2780 2816 νεότητος
2804 2749 3764 2820 αὐτοῦ’καθίσεταικατὰιμόνας,

2083 2835 2182 2889 καί
2207 2834 2601 2904 σιωπήσεται.
2632 2829 2802 2901 Οὗτος
2834 2835 3042 2909 μυρίων
3084 2837 3322 2893 ἐπαίνων
3347 2838 3496 2903 ἄξιος
3526 2838 3625 2892 καὶ
3657 2856 3766 2910 μα-

2081 2925 2368 2997 καρισμῶν
2398 2926 2493 2979 καὶ
2526 2924 2835 2996 εὐφημιῶν,
2867 2927 2895 2978 ὁ
2926 2925 3258 2997 μαινομένην
3289 2926 3638 2996 χαλινῶντὴν
3659 2927 3765 2996 φύ-

2085 3029 2189 3081 σιν,
2215 3012 2310 3066 καὶ
2335 3014 2393 3067 ἐν
2417 3013 2555 3085 αὐτῇ
2573 3012 2668 3066 τοῦ
2694 3011 2962 3083 χειμῶνος
2976 3015 3043 3084 τῇ
3067 3014 3217 3084 ἀκμῇ
3241 3013 3522 3077 διασώζων
3551 3015 3615 3067 τὸ
3636 3015 3768 3068 σκά-

2084 3117 2203 3170 φος.
2253 3099 2401 3173 Πλὴν
2426 3099 2562 3154 ἀλλά
2599 3099 2765 3171 μηδὲν
2794 3099 2934 3172 ὑπὲρ
2958 3099 3163 3154 τούτων
3198 3099 3612 3171 φιλονεικῶμεν,
3644 3100 3762 3154 ἀλλ’

2084 3187 2225 3242 ἔστω
2258 3189 2402 3259 μάχη
2444 3189 2541 3243 καὶ
2575 3188 2725 3255 τότε,
2759 3189 2808 3243 εί
2861 3187 3062 3258 βούλει.
3100 3188 3242 3243 Ἀλλ’
3273 3190 3321 3241 εί
3360 3190 3461 3260 μὲν
3494 3190 3579 3259 ἐφ’
3628 3191 3767 3260 ἡμῖν

2084 3276 2250 3331 ἐκειθ’
2286 3278 2314 3331 ό
2357 3275 2452 3330 τοῦ
2491 3276 2701 3345 ἀγῶνος
2731 3277 2941 3349 καιρὸς,
2973 3276 3155 3341 καλῶς
3193 3278 3401 3331 ἐκεῖνον
3421 3277 3763 3349 ἀνεμένομεν

2084 3360 2176 3415 τὸν
2207 3360 2420 3433 χρόνον·
2449 3363 2499 3413 εί
2532 3360 2589 3413 δὲ
2646 3361 2824 3415 πάντα
2850 3361 2944 3414 τὸν
2977 3363 3220 3434 παρόντα
3248 3361 3360 3432 βίον
3396 3361 3761 3430 ἀγωνίζεσθαι

2085 3445 2189 3515 χρὴ
2209 3485 2224 3511 ,
2243 3447 2306 3498 ἐκ
2322 3442 2547 3516 πρώτης
2576 3443 2796 3514 ἡλικίας
2819 3443 3124 3515 ἀρξάμενον
3147 3443 3345 3507 εὐθέως
3365 3485 3380 3509 ,
3404 3444 3498 3497 καὶ
3529 3443 3763 3513 δεκαετῆ

2083 3529 2342 3597 γεγονότα
2366 3528 2492 3596 (καὶ
2517 3526 2627 3598 γὰρ
2647 3525 2706 3590 ἐξ
2729 3526 2945 3587 ἐκείνης
2970 3525 3182 3597 ἀνάγκη
3229 3526 3324 3597 τῆς
3351 3526 3568 3596 ἡλικίας
3589 3526 3758 3579 ἀπαι-

2081 3612 2291 3665 τεῖσθαι
2312 3611 2421 3665 τῶν
2454 3611 2868 3681 ἁμαρτημάτων
2895 3608 3125 3672 εὐθύνας
3143 3650 3157 3673 ,
3178 3613 3273 3663 καὶ
3304 3609 3524 3681 δηλοῦσι
3559 3607 3629 3662 τὰ
3656 3625 3760 3662 κα-

2082 3694 2431 3766 ταϐρωθέντα
2477 3694 2581 3747 ὑπὸ
2625 3692 2734 3746 τῶν
2764 3692 2985 3764 ἄρκτων
3037 3694 3225 3747 παιδία
3267 3694 3360 3747 ἐπὶ
3393 3695 3505 3758 τοῖς
3543 3695 3622 3756 εἰς
3667 3693 3762 3745 τὶν

2094 3777 2395 3833 Ἐλισσαῖον
2428 3777 2879 3847 σκώμμασι),καὶ
2908 3774 3005 3830 νῦν
3040 3779 3104 3829 ἐκ
3126 3775 3331 3847 ταύτης
3371 3776 3623 3830 παλαίειν
3651 3776 3758 3844 χρὴ

2082 3868 2180 3939 τῆς
2197 3866 2435 3939 ἡλικίας,
2460 3865 2517 3917 ἐν
2592 3856 2684 3917 καὶ
2698 3863 3001 3934 ἐφέστηκεν
3026 3865 3054 3916 6
3070 3863 3304 3934 πόλεμος
3330 3862 3565 3934 χαλεπὸν
3581 3862 3763 3915 πνέων

2083 3950 2205 4005 καθ’
2232 3948 2410 4020 ἡμῶν,
2433 3946 2597 4001 πόθεν
2619 3942 2711 4001 οὖν
2740 3948 2804 4001 σὺ
2832 3947 2924 3999 τὸν
2956 3949 3147 4018 καιρὸν
3168 3949 3377 4001 ἐκεῖνον
3412 3949 3521 4010 τοῖς
3550 3945 3758 4012 ἀγῶσιν

2082 4033 2317 4105 ὁρίζεις;
2341 4032 2404 4084 Εἰ
2437 4030 2534 4101 μὲν
2558 4029 2667 4101 γάρ
2681 4031 2776 4083 καὶ
2790 4029 2867 4100 τῷ
2892 4029 3122 4099 διαϐόλῳ
3141 4028 3330 4102 κύριος
3348 4025 3418 4101 ἧς
3450 4030 3761 4082 ἐπιτάττειν

2087 4119 2163 4190 μὴ
2209 4115 2518 4171 ἐπικεῖσθαι
2566 4114 2701 4185 μηδὲ
2733 4115 3043 4179 πυκτεύειν,
3074 4112 3217 4185 εἶχεν
3248 4113 3313 4168 ἀν
3336 4115 3461 4168 τινά
3489 4130 3571 4166 σοι
3600 4112 3758 4180 λόγον

2084 4202 2222 4272 αὐτη
2246 4203 2279 4272 ή
2310 4199 2632 4270 παραίνεσις
2652 4214 2665 4226 ·
2698 4201 2747 4251 εί
2774 4199 2833 4251 δὲ
2861 4200 3067 4252 ἐκεῖνον
3087 4198 3246 4267 ἀφεὶς
3266 4196 3631 4266 ἀγωνίζεσθαι
3661 4196 3758 4247 καὶ

2081 4286 2327 4350 τύπτειν,
2355 4285 2480 4356 ἐμοὶ
2504 4283 2813 4355 νομοθετεῖς
2841 4280 3164 4353 ἡσυχάζειν,
3201 4280 3399 4351 μᾶλλον
3429 4280 3484 4332 δὲ
3511 4279 3604 4333 καὶ
3627 4280 3757 4332 ὑπο-

2083 4367 2499 4423 κατακλίνεσθαι
2536 4366 2767 4433 ἐκόντα,
2803 4369 2859 4420 τί
2911 4364 3117 4435 ταύτης
3145 4363 3247 4433 τῆς
3278 4363 3542 4434 ἐπηρείας
3574 4364 3757 4432 χεῖρον

2082 4452 2281 4522 γένοιτ’
2303 4451 2391 4518 ἂν,
2420 4449 2515 4505 τοῦ
2541 4449 2801 4521 πολεμίου
2837 4448 3190 4520 μαινομένου,
3224 4446 3315 4499 τὸν
3352 4445 3757 4516 πολεμούμενοι

2083 4534 2427 4605 ἀφοπλίζειν,
2463 4534 2558 4587 καὶ
2587 4533 2730 4587 οὕτω
2771 4537 2892 4596 ταῖς
2915 4533 3127 4586 ἐκείνου
3163 4531 3320 4602 χερσὶ
3360 4528 3753 4600 παραδιδόναι;

2083 4619 2222 4683 Νέος
2260 4619 2376 4671 ἐστὶ
2404 4616 2497 4670 καὶ
2522 4615 2755 4686 ἀσθενής
2774 4631 2788 4679 ;
2805 4613 3001 4668 οὐκοῦν
3023 4612 3112 4667 διὰ
3125 4611 3283 4664 τοῦτο
3307 4612 3549 4673 πλείονος
3574 4611 3756 4680 ἀσφα-

2082 4703 2231 4766 λείας
2254 4701 2455 4755 δεῖται·
2485 4697 2787 4768 ἀσφαλείας
2801 4697 2859 4750 δὲ
2880 4696 3152 4767 δεόμενος,
3176 4695 3270 4748 καὶ
3290 4692 3606 4764 ἐπιμελείας
3634 4693 3757 4765 δεή-

2084 4802 2238 4838 σεται
2264 4783 2527 4846 πλείονος.
2555 4781 2658 4835 Τὸν
2682 4781 2740 4835 δὲ
2761 4779 3000 4834 τοιοῦτον
3032 4782 3088 4833 ἐν
3117 4778 3327 4850 γαλήνῃ
3349 4776 3638 4841 διαπαντὸς
3661 4778 3759 4829 καὶ

2083 4867 2282 4939 ἠσυχίᾳ
2306 4864 2445 4921 εἶναι
2479 4865 2581 4929 δεῖ,
2601 4865 2700 4918 οὐκ
2716 4866 2797 4928 εἰς
2827 4864 3129 4935 πράγματα
3152 4860 3518 4933 ἐμϐάλλεσθαι
3547 4860 3599 4925 ιι,
3633 4859 3756 4912 ούδέ

2082 4952 2142 5005 ἐν
2170 4951 2248 5021 τῷ
2293 4950 2444 5020 μέσῳ
2478 4947 2842 5018 στρέφεσθαι,
2883 4944 3012 4999 ἔνθα
3055 4944 3222 5007 πολὺς
3259 4947 3288 4998 6
3318 4943 3558 5014 θόρυϐος
3595 4944 3753 5012 καὶὴ

2081 5033 2315 5105 ταραχή.
2353 5033 2425 5086 Σύ
2447 5032 2504 5085 δέ
2532 5026 2615 5095 οἷς
2659 5033 2688 5084 ὁ
2722 5031 2958 5100 πόλεμος
2995 5028 3374 5101 χαλεπώτερος
3412 5029 3507 5081 καὶ
3536 5026 3625 5080 διὰ
3656 5025 3754 5097 τὴν

2081 5116 2294 5190 ἡλικίαν
2329 5118 2376 5183 ί,
2402 5116 2496 5170 καὶ
2524 5114 2613 5169 διά
2635 5115 2735 5185 τὴν
2760 5113 3066 5179 ἀσθένειαν,
3100 5113 3192 5167 καὶ
3234 5112 3324 5167 διὰ
3351 5110 3448 5182 τὴν
3474 5110 3752 5182 ἀπειρίαν,

2144 5272 2164 5293 ⁸
2202 5271 2307 5320 Duo
2327 5281 2443 5317 mss.
2473 5273 2528 5317 et
2548 5267 2701 5317 Savil.
2724 5266 3049 5330 ἐπαίδευσενγδ
3064 5266 3270 5330 Χριστὸς
3287 5266 3456 5327 λέγων.
3480 5263 3608 5330 Infra
3620 5263 3755 5330 locus

2081 5330 2416 5382 Ecclesiastici
2437 5332 2583 5380 aliter
2595 5333 2731 5392 jacet
2754 5331 2807 5379 in
2826 5328 2975 5379 editis
2993 5327 3122 5379 LXX
3138 5331 3465 5390 interpretum
3487 5334 3543 5376 et
3563 5328 3615 5375 in
3640 5327 3754 5374 Vul-

2115 5400 2212 5444 ala.

2080 5408 2305 5505 εἰιὲἃί)υο
2328 5467 2445 5503 mss.
2467 5455 2494 5502 ὁ
2512 5453 2632 5513 νέος,
2654 5460 2707 5503 et
2728 5455 2801 5503 sic
2828 5450 2954 5516 legit
2975 5453 3241 5513 interpres.
3268 5448 3402 5501 Editi
3433 5450 3462 5499 ὁ
3487 5448 3603 5506 υἱός.
3626 5448 3747 5499 Ibid.

2080 5532 2209 5582 unus
2220 5518 2457 5582 σφοδρῶς.

2145 5583 2171 5621 8
2194 5572 2333 5629 υιιἰιε
2351 5572 2485 5640 ζυγὸν
2509 5575 2668 5641 βαρύν.
2697 5574 2814 5641 Ibid.
2839 5573 3267 5641 ἀιιογιηεειμυρίων
3289 5573 3539 5641 θαυμάτων
3567 5572 3749 5629 ἄξιος...

2081 5635 2639 5705 εὐφημίαςηᾘέυιάμύξι
2667 5640 2753 5705 alii
2794 5639 2889 5687 ὐπὸ
2904 5640 3001 5685 τῶν
3023 5635 3201 5700 ἀράων.
3229 5635 3359 5684 Infra
3380 5635 3532 5685 Sam.
3558 5642 3612 5684 et
3634 5647 3751 5686 mss.

2079 5702 2304 5771 χαλεπόν,
2333 5702 2505 5771 Morel.
2530 5702 2767 5771 χαλεπῶς.

2140 5764 2171 5805 ιι
2196 5766 2279 5814 Sic
2294 5756 2434 5831 recte
2458 5756 2617 5831 Ξειὶἶιζ
2625 5776 2688 5811 ex
2709 5775 2808 5823 quo
2827 5759 3119 5824 scripturam
3132 5756 3511 5816 ‘Montfauconii,
3525 5757 3751 5807 ἐκϐάλλε-

2082 5829 2207 5881 σθαι,
2232 5824 2552 5874 correximus.
2582 5824 2715 5873 Εοιτ.

2145 5889 2159 5927 ί
2190 5879 2337 5937 Savil.
2367 5894 2422 5934 et
2449 5886 2602 5935 Morel
2647 5890 2758 5947 post
2785 5885 2984 5947 ﬁhxiay
2997 5886 3071 5933 sic
3103 5882 3304 5940 habent,
3336 5882 3423 5947 Δκαὶ
3463 5882 3541 5929 διὰ
3561 5881 3641 5928 τὸν
3670 5879 3748 5930 θό-

2077 5953 2370 6016 ρυϐοννηιιει
2393 5950 2444 5998 in
2467 5962 2581 6000 mss.
2604 5944 2805 6010 desunt,
2833 5960 2925 5997 nec
2947 5945 3006 5998 ab
3033 5948 3309 6008 interprete
3334 5944 3464 5994 lcrta
3492 5950 3624 5993 sunt.
