4124 6144
414 306 518 363 ΞΠ

410 417 753 485 feStinamus,
785 417 875 473 ubi
899 433 1019 474 cum
1048 419 1237 486 simus,
1289 419 1719 491 ingemiscimus?
1776 420 1843 475 Et
1883 420 1998 476 bzcc

410 508 628 581 quidem
655 508 724 564 ad
749 523 865 575 eos,
897 510 986 580 qui
1010 510 1399 580 spiritualiores
1427 519 1572 577 sunt,
1602 510 1741 566 dicta
1766 512 1893 565 sint.
1938 509 1995 565 Si

409 603 501 674 qui
531 617 663 658 vero
687 602 794 656 sint
826 603 1068 671 corporis
1127 613 1390 670 amantes,
1436 612 1597 674 atque
1635 603 1760 658 huic
1799 605 1996 659 smeulo

405 694 624 766 penitus
652 693 870 760 addicti,
932 694 998 749 iis
1028 693 1156 763 illud
1198 693 1451 761 dixerim,
1504 696 1678 765 primo
1723 696 1992 750 incertum

409 801 530 842 esse
554 800 621 840 an
650 801 716 841 ex
746 785 1089 841 matrimonio
1121 785 1215 840 ﬁlii
1241 787 1347 840 sint
1366 787 1677 857 sequuturi;
1732 786 1991 852 seetutdo,

402 878 451 941 si
476 885 782 943 nascantur,
815 876 1070 946 majorem
1115 891 1236 932 esse
1273 878 1520 933 maeroris
1569 891 1828 932 causam:
1885 890 1991 931 non

402 971 546 1026 enim
578 978 779 1025 tantum
809 969 1030 1034 Latitiae,
1057 978 1312 1040 quantum
1336 970 1581 1026 mmroris
1609 968 1918 1038 accipimus,
1961 981 1992 1022 a

400 1061 712 1133 quotidiana
730 1062 870 1117 circa
896 1076 992 1118 eos
1016 1061 1394 1128 sollicitudine,
1422 1062 1756 1118 anxietateet
1779 1062 1990 1117 timore.

400 1152 469 1210 Et
494 1154 602 1218 cui,
634 1154 806 1221 dices,
840 1154 1207 1224 relinquemus
1232 1169 1409 1223 agros,
1465 1153 1673 1218 domos,
1724 1167 1909 1209 servos
1936 1163 1993 1209 et

401 1244 630 1301 aurum?
656 1262 777 1300 nam
802 1254 857 1301 et
884 1245 999 1301 haec
1027 1259 1239 1315 quoque
1263 1245 1384 1300 illos
1408 1254 1797 1315 conquerentes
1808 1244 1987 1300 audio.

401 1337 462 1393 Ei
493 1337 755 1408 profecto,
782 1337 872 1407 qui
901 1336 1018 1393 haze
1041 1346 1196 1392 antea
1227 1335 1549 1393 hereditario
1573 1338 1693 1405 jure
1714 1350 1992 1407 possessu-

397 1444 490 1485 rus
515 1438 651 1494 erat,
676 1443 924 1498 nuncque
950 1435 1099 1483 tanto
1119 1428 1308 1498 magis,
1356 1442 1517 1497 quam
1571 1428 1738 1496 prius,
1785 1437 1989 1496 quanto

398 1525 591 1577 horum
612 1523 775 1577 tutior
792 1530 972 1577 custos
997 1529 1052 1576 et
1079 1520 1333 1576 dominus
1350 1520 1557 1575 futurus
1578 1528 1679 1573 est.
1696 1518 1823 1575 Haec
1844 1520 1985 1574 enim

395 1622 552 1668 antea
571 1614 733 1667 multa
761 1611 1195 1683 pessumdabant,
1230 1611 1402 1674 tineae,
1428 1611 1734 1667 diuturnum
1772 1619 1987 1677 tempus

402 1707 561 1770 edax,
594 1704 765 1772 fures,
794 1705 1159 1776 sycophantae,
1215 1703 1400 1770 invidi,
1452 1702 1614 1757 futuri
1644 1701 1983 1768 incertitudo,

399 1796 763 1851 humanarum
804 1812 984 1852 rerum
1009 1795 1350 1862 instabilitas,
1405 1810 1551 1850 mors
1602 1794 1816 1849 tandem
1864 1795 1978 1864 ipsa

392 1900 447 1944 et
472 1889 717 1959 pecuniis
736 1897 790 1944 et
814 1887 1246 1958 possessiomous
1265 1887 1381 1942 istis
1407 1886 1574 1941 ﬁlium
1604 1876 1750 1940 tuum
1778 1885 1986 1956 privas-

392 1990 517 2037 set:
576 1996 719 2037 nunc
773 1996 903 2057 vel};
951 1980 1202 2036 omnibus
1254 1978 1373 2033 istis
1425 1979 1729 2048 superiores
1771 1977 1984 2032 divitias

393 2076 655 2146 reposuit,
686 2076 807 2129 loco
834 2073 1122 2129 inviolabili
1141 2080 1375 2142 reperto,
1405 2071 1471 2125 ad
1497 2085 1655 2142 quem
1678 2070 1806 2125 nulli
1835 2086 1976 2139 praec

391 2168 654 2224 dictarnm
677 2166 905 2236 pestium
926 2164 1109 2219 aditus
1152 2178 1275 2219 esse
1313 2171 1508 2232 potest.
1556 2162 1607 2218 Is
1654 2175 1782 2216 vero
1832 2160 1983 2216 locus

390 2258 579 2313 caelum
609 2266 712 2321 est,
741 2256 903 2311 nullis
930 2255 1137 2311 insidiis
1185 2255 1444 2324 pervium,
1487 2253 1631 2308 omni
1665 2262 1819 2307 terrae
1864 2253 1981 2309 solo

390 2350 641 2417 feracius,
667 2359 826 2421 atque
849 2349 1059 2420 ingenti
1088 2362 1209 2403 cum
1254 2347 1459 2403 fanore
1484 2345 1848 2417 depositarum
1879 2360 1978 2415 pe-

388 2444 664 2499 cuniarum
691 2442 897 2498 fructus
920 2440 1198 2497 metendos
1224 2439 1467 2510 praebens
1497 2438 1562 2494 iis
1583 2438 1670 2508 qui
1701 2438 1843 2507 ipsas
1880 2436 1976 2492 de-

387 2535 685 2604 posuerint.
717 2533 834 2589 Non
863 2533 1023 2604 igitur
1052 2546 1114 2587 ea
1144 2530 1306 2586 verba
1329 2529 1553 2585 dicenda
1583 2536 1760 2596 erant,
1791 2526 1892 2584 sed
1931 2529 1978 2584 si

387 2628 532 2683 titius
560 2627 836 2683 saecularis
873 2641 994 2682 esse
1018 2625 1314 2690 maluisset,
1370 2630 1496 2678 tunc
1550 2620 1784 2676 flendum
1839 2629 1975 2687 erat,

385 2728 512 2774 tunc
536 2719 817 2774 dicendum
850 2735 865 2774 :
894 2717 992 2774 Cui
1020 2731 1178 2787 agros
1205 2716 1590 2786 relinquemus,
1620 2713 1707 2768 cui
1755 2728 1973 2780 aurum,

383 2813 469 2868 cui
490 2810 742 2880 pecunias
772 2808 1042 2879 reliquas?

457 2905 560 2972 Qui
584 2920 822 2975 pecunias
850 2903 1098 2972 largitur,
1132 2899 1296 2955 verius
1321 2912 1574 2969 possessor
1590 2906 1683 2959 est,
1706 2911 1858 2967 quam
1884 2896 1978 2965 qui

381 2999 627 3054 recondit.
650 3027 718 3039 —
749 2998 900 3053 Nune
924 3005 1100 3051 autem
1133 3003 1278 3049 tanta
1305 2991 1658 3063 possessionis
1677 2999 1731 3046 et
1754 2989 1975 3044 dominii

383 3093 539 3160 copia
565 3100 669 3157 est,
698 3099 757 3146 ut
782 3105 848 3145 ne
875 3096 994 3158 post
1030 3087 1234 3142 obitum
1263 3083 1475 3154 quidem
1498 3082 1587 3136 illa
1610 3080 1850 3145 excidat;
1881 3079 1975 3136 sed

383 3194 511 3238 tune
538 3183 767 3237 maxime
795 3194 979 3237 eorum
1009 3179 1158 3233 luero
1197 3175 1400 3230 fruatur
1431 3188 1550 3229 cum
1578 3172 1703 3227 hine
1727 3185 1974 3226 excesse-

383 3281 572 3332 rimns.
603 3275 754 3342 Quod
790 3274 838 3329 si
882 3272 970 3327 hic
1012 3284 1224 3339 quoque
1261 3281 1448 3324 eorum
1473 3264 1747 3321 dominum
1772 3273 1826 3320 et
1854 3279 1978 3333 pos-

383 3382 650 3425 sessorem
678 3366 859 3421 videre
899 3362 1103 3433 cupias,
1148 3360 1200 3415 id
1231 3370 1443 3430 quoque
1483 3355 1759 3413 monacho
1784 3355 1972 3427 magis.

383 3479 542 3534 quam
566 3458 807 3517 szecuiari
844 3456 1134 3525 continget.
1163 3452 1292 3520 Quis
1318 3450 1482 3514 enim,
1515 3448 1602 3503 die
1623 3447 1774 3513 mibi,
1797 3445 1976 3516 potius

384 3555 631 3611 dominus
659 3559 773 3617 est,
794 3549 907 3604 isne
935 3546 1026 3617 qui
1063 3557 1249 3612 magna
1278 3555 1397 3597 eum
1439 3539 1685 3594 libertate
1714 3535 1986 3608 impendit-

382 3656 440 3704 et
468 3646 706 3716 largitur,
741 3658 809 3696 an
837 3640 883 3695 is
904 3637 994 3707 qui
1022 3650 1131 3706 prie
1159 3631 1379 3688 avaritia
1417 3644 1485 3685 ne
1512 3627 1820 3697 contingere
1857 3625 1977 3695 qni-

382 3744 506 3799 dem
536 3739 711 3802 audet,
744 3733 838 3791 sed
865 3729 1082 3786 sudodit
1123 3740 1208 3790 ea,
1247 3722 1316 3777 ab
1361 3721 1532 3791 iisque
1577 3717 1808 3773 abstinet
1847 3724 1976 3769 tam-

384 3847 543 3906 quam
569 3828 669 3884 sibi
695 3822 919 3881 alienis?
940 3820 1027 3891 qui
1044 3819 1132 3874 illa
1150 3814 1377 3871 inaniter
1394 3826 1456 3866 ac
1472 3820 1671 3906 temere
1692 3806 1972 3877 impendit,

384 3903 453 3985 an
483 3924 573 3998 qui
602 3922 665 3978 id'
690 3916 1070 3976 convenienter
1096 3909 1237 3982 agit?
1262 3906 1351 3978 qui
1378 3904 1605 3998 seminat
1632 3903 1689 3998 in
1718 3907 1883 3965 terra,
1906 3913 1973 3953 an

344 4034 347 4039 ·
384 4021 475 4092 qui
502 3993 554 4072 in
579 4012 753 4070 caelo?
787 4008 874 4065 cui
901 4020 996 4062 sua
1038 4002 1215 4059 omnia
1254 3998 1447 4070 quibus
1490 3993 1716 4049 voluerit
1752 4004 1977 4092 erogare

385 4081 492 4167 non
536 4104 879 4178 permittitur,
922 4114 987 4152 an
1026 4095 1115 4165 qui
1144 4093 1212 4148 ab
1251 4087 1500 4178 omnibus
1526 4082 1786 4178 ejusmodi
1814 4081 1977 4135 vecti-

382 4175 899 4275 galia'exigentibus
942 4188 1078 4244 liber
1105 4181 1306 4240 evasit?
1357 4175 1620 4275 agricolae
1656 4187 1886 4275 namque
1922 4179 1979 4226 et

385 4264 700 4363 negotiatori
731 4283 881 4340 multi
912 4278 1145 4346 undique
1172 4278 1297 4328 sunt
1324 4269 1520 4325 tributa
1550 4264 1858 4363 persolvere
1882 4277 1978 4316 co-

385 4355 590 4457 gentes,
628 4391 683 4437 et
716 4391 867 4432 suam
896 4372 1097 4444 quique
1135 4373 1340 4438 partem
1379 4368 1680 4457 repetentes
1716 4374 1730 4411 :
1773 4355 1822 4457 ei
1848 4367 1978 4457 vero

383 4447 474 4547 qui
501 4473 682 4545 egenis
710 4484 805 4525 sua
834 4479 1055 4535 erogare
1079 4458 1245 4529 cupit,
1275 4470 1431 4511 nemo
1457 4451 1579 4506 talia
1604 4447 1974 4509 comminatur,

385 4546 458 4627 ita
483 4579 540 4624 ut
568 4568 654 4623 hic
682 4564 861 4635 potius
896 4570 1113 4614 suorum
1142 4550 1388 4607 dominus
1430 4546 1519 4601 sit.
1568 4547 1649 4597 An
1678 4554 1806 4635 vero
1831 4552 1973 4635 eum,

386 4644 479 4734 qui
514 4632 907 4720 meretricibus,
936 4647 1132 4710 ventri,
1163 4640 1434 4734 parasitis,
1462 4633 1828 4734 adulatoribus
1867 4632 1981 4734 haec

386 4722 632 4818 effundit,
658 4747 881 4819 gloriam
916 4755 1068 4798 suam
1098 4739 1152 4792 in
1182 4725 1727 4824 ignominiam-vertit,
1753 4722 1979 4824 salutem

386 4846 585 4903 amittit
619 4813 792 4913 iseque
828 4830 1177 4892 deridendum
1226 4817 1803 4913 propinat,_dominum
1833 4813 1982 4913 dicas

386 4954 575 5003 eorum
601 4905 725 5006 qure
748 4930 827 4987 sic
851 4922 1143 4997 impendit;
1174 4919 1218 4975 si
1248 4926 1424 4972 autem
1454 4911 1520 4967 ad
1550 4922 1730 4966 veram
1755 4905 1979 5006 gloriam

387 4996 798 5096 utilitatemque,
843 4996 1134 5076 secundum
1184 5011 1276 5068 Dei
1319 5007 1594 5100 placitum,
1631 5016 1761 5100 lcum
1812 4996 1981 5100 multa

389 5087 671 5197 prudentia
692 5087 1089 5182 illa-expendat,
1120 5120 1227 5160 non
1256 5103 1382 5197 item
1407 5095 1593 5197 dicas?
1617 5087 1979 5197 Annon-idem

390 5183 544 5280 iacis,
575 5227 641 5268 ac
685 5209 731 5266 si
769 5203 1072 5279 quempiam
1115 5194 1441 5269 pchpiciens
1468 5190 1521 5245 in
1561 5183 1901 5280 aqttzeductns
1928 5186 1987 5234 et

389 5273 610 5364 eanaies
637 5316 729 5357 sua
776 5273 1070 5359 effundere,
1112 5302 1298 5345 eorum
1337 5283 1609 5339 dominum
1648 5291 1768 5332 esse
1804 5273 1979 5364 dicas;

390 5362 474 5455 sin
516 5409 648 5452 vero
688 5387 1004 5447 necessariis
1045 5382 1231 5438 usibus
1273 5372 1598 5444 impendere,
1652 5382 1775 5422 eum
1831 5362 1984 5455 quasi

389 5453 749 5561 expensarum
792 5477 1089 5535 dominium
1132 5488 1237 5528 non
1283 5467 1568 5522 habentem
1606 5455 1824 5561 lugeas?
1870 5453 1984 5556 imo

392 5544 524 5639 vero
562 5593 667 5633 non
719 5574 785 5630 iis
816 5569 907 5642 qui
938 5578 1139 5624 temere
1185 5561 1492 5621 absumunt,
1530 5549 1625 5607 sed
1664 5548 1752 5613 iis,
1780 5544 1886 5642 qui
1927 5544 1980 5598 in

392 5638 585 5742 capitis
602 5662 682 5726 sui
702 5638 991 5739 perniciem
1017 5659 1071 5714 id
1088 5656 1303 5719 iaciunt,
1321 5649 1407 5707 isti
1433 5649 1450 5681 ί
1476 5638 1817 5715 ωηιραταηάἰ
1833 5644 1980 5693 sunt.

460 5787 478 5818 ι
513 5789 738 5835 nuottss.
775 5791 879 5843 pro,
914 5761 1358 5836 atumem-

1161 306 1520 365 ADVERSUS
1546 307 2095 365 OPPUGNATORES
2135 309 2321 368 ἯΤιΕ
2349 312 2644 370 MONAST.
2677 314 2806 371 LIB.
2848 317 2936 372 ill.

3586 326 3690 381 578

2106 421 2213 477 illa:
2257 440 2484 495 namque
2528 442 2795 496 expensze,
2821 430 3126 499 clariorem,
3180 431 3593 502 opulentiorem,
3628 450 3679 491 et

2105 512 2353 567 tutiorem
2406 514 2607 570 faciunt
2658 519 2958 587 hominem;
3010 519 3093 577 hae
3138 536 3266 577 vero
3315 541 3420 582 non
3476 538 3680 599 turpem

2102 602 2283 668 modo,
2315 611 2371 658 et
2399 606 2683 675 opprobrio
2726 608 2966 678 dignum,
2999 610 3101 667 sed‘
3119 610 3440 670 damnationi
3464 632 3682 687 prorsus

2104 694 2392 749 obnoxium
2403 734 2416 748 .

2177 787 2262 840 17.
2291 785 2426 853 Quid
2466 804 2613 858 ergo,
2657 790 2882 860 inquies,
2926 802 3261 863 annonopost
3288 798 3679 856 matrimonium

2099 888 2162 929 ac
2184 885 2461 946 susceptos
2489 878 2685 934 liberos
2713 879 2892 934 licebit
2920 880 3058 935 bane
3085 882 3475 954 philosophiam
3509 889 3564 944 in
3599 905 3679 946 se-

2101 974 2313 1022 nectute
2340 968 2623 1037 amplecti?
2666 970 2737 1023 At
2782 970 2898 1040 quis
2941 971 3111 1028 nobis
3137 974 3466 1043 polliceatur,
3509 980 3682 1048 primo

2098 1056 2313 1127 quidem
2356 1072 2456 1115 nos
2504 1059 2571 1114 ad
2608 1069 2898 1116 extremam
2937 1072 3264 1120 senectutem
3296 1082 3676 1137 perventuros;

2097 1148 2354 1215 secundo,
2381 1149 2426 1204 si
2467 1149 2536 1204 ad
2572 1165 2689 1206 eam
2733 1153 3122 1222 perveniamus,
3174 1156 3417 1213 eamdem
3465 1174 3679 1228 prorsus

2092 1249 2328 1296 mentem
2375 1251 2682 1298 servaturos
2718 1245 3089 1317 esseiNeque
3135 1248 3278 1303 enim
3319 1252 3597 1319 praestituti
3624 1255 3679 1311 in

2094 1333 2201 1386 vita
2246 1335 2501 1402 temporis
2538 1333 2738 1389 domini
2777 1350 2998 1392 sumus:
3023 1338 3182 1408 idque
3204 1339 3385 1395 docuit
3416 1342 3675 1398 nos~Pau-

2093 1422 2176 1478 lus
2200 1425 2352 1478 ‘cum
2370 1425 2504 1479 dixit
2533 1443 2548 1480 :
2572 1425 2692 1480 Dies
2714 1425 2938 1495 Domini,
2966 1429 3093 1482 sicut
3120 1432 3209 1501 fur
3228 1431 3281 1487 in
3309 1442 3471 1501 nocte,
3490 1435 3562 1489 ita
3592 1450 3672 1490 υεδ

2092 1514 2193 1567 nict
2221 1514 2297 1582 (1.
2325 1513 2504 1570 Thess.
2541 1517 2592 1571 5.
2618 1516 2677 1588 2)
2704 1535 2718 1568 :
2742 1531 2914 1587 neque
2953 1535 3141 1575 rursus
3171 1521 3222 1575 in
3251 1524 3437 1578 eadem
3465 1539 3689 1596 sempen

2090 1606 2365 1662 alacritate
2405 1610 2660 1678 propositi
2688 1612 3037 1680 cogitationes
3076 1624 3275 1669 nostrae
3313 1628 3670 1685 perseverant.

2089 1698 2424 1769 Quapropter
2461 1702 2671 1770 sapiens
2696 1703 2908 1771 quidam
2946 1704 3196 1761 admonet
3232 1706 3314 1762 his
3340 1708 3516 1763 verbis
3544 1728 3557 1762 :
3592 1708 3676 1765 Nc

2089 1791 2256 1846 tardes
2299 1794 2519 1847 converti
2575 1794 2644 1847 ad
2671 1793 2967 1862 Dominum,
3012 1807 3059 1852 et
3100 1815 3162 1852 ne
3189 1797 3399 1866 (ti/feras
3434 1800 3497 1855 de
3523 1802 3604 1855 die
3621 1803 3674 1856 in

2086 1880 2219 1934 diem
2239 1880 2423 1951 (Eccli.
2453 1883 2506 1939 5.
2539 1883 2608 1938 8⁸
2637 1886 2679 1954 ),
2711 1900 2778 1939 ne
2806 1883 2964 1950 forte,
3004 1885 3128 1940 dum
3158 1896 3216 1941 tu
3258 1904 3461 1943 moram
3509 1890 3673 1945 trabis

2085 1972 2401 2039 eonteraris,
2448 1982 2505 2028 et
2549 1973 2602 2028 in
2646 1982 2885 2045 tempore
2932 1976 3146 2031 ultionis
3192 1993 3404 2048 pereas.
3450 1980 3670 2037 Etiamsi

2085 2078 2215 2118 vero
2240 2078 2425 2119 eorum
2456 2065 2589 2120 nihil
2633 2074 2777 2121 esset
2812 2065 3097 2134 incertum,
3138 2083 3206 2124 ne
3251 2070 3330 2125 sic
3364 2070 3579 2139 quidem
3605 2071 3670 2126 li-

2084 2155 2244 2210 beros
2272 2167 2481 2212 nostros
2523 2158 2719 2212 morari
2761 2158 3099 2228 deberemus,
3139 2176 3313 2231 neque
3345 2172 3544 2216 tantum
3578 2161 3668 2218 de-

2084 2245 2395 2303 trimentum
2430 2249 2715 2319 negligere.
2743 2248 2875 2304 Nam
2901 2261 3154 2306 extremre
3190 2252 3472 2307 dementia}
3499 2265 3662 2317 esset,

2078 2333 2328 2405 juvenem
2356 2338 2598 2395 ’auxilio
2643 2350 2911 2410 egentem,
2967 2341 3274 2397 adversario
3323 2345 3667 2400 vehementer

2084 2429 2333 2497 instante,
2356 2430 2546 2499 jubere
2576 2432 2888 2487 smularibus
2929 2433 3170 2504 immergi
3191 2435 3369 2501 rebus,
3399 2436 3465 2489 ita
3495 2446 3550 2490 ut
3574 2450 3664 2490 sus

2083 2533 2270 2593 peratu
2318 2524 2487 2580 facilis
2533 2526 2817 2590 evaderet;
2866 2532 3143 2597 postquam
3189 2538 3366 2582 autem
3402 2530 3667 2583 sexcentis

2081 2615 2391 2669 vulneribus
2429 2617 2711 2671 confossos
2744 2617 2890 2672 nulla
2926 2632 2991 2673 ex
3031 2625 3185 2686 parte
3221 2633 3383 2673 sanus
3408 2628 3512 2685 cst,
3541 2628 3668 2674 tunc

2080 2719 2289 2761 armare
2319 2707 2465 2760 illum
2494 2718 2548 2762 et
2589 2707 2823 2763 excitare
2858 2708 3124 2778 jaeentem
3165 2708 3558 2780 inﬁrmumque.
3589 2710 3675 2764 ita

2080 2813 2230 2864 sane,
2262 2800 2504 2868 inquies;
2538 2809 2661 2855 tunc
2703 2802 2844 2856 enim
2885 2801 3019 2857 levis
3047 2818 3219 2872 pugna
3257 2804 3379 2869 erit,
3412 2805 3679 2875 facileque

2080 2902 2371 2956 certamen,
2395 2892 2504 2961 jam
2534 2893 2793 2947 exstincta
2825 2895 3274 2963 concupiscentia.
3307 2895 3434 2962 Qum
3473 2912 3661 2966 pugna,

2080 2997 2198 3036 cum
2229 2984 2400 3038 nullus
2425 2983 2565 3038 adsit
2589 2993 2775 3040 contra
2822 2999 2919 3040 nos
2950 2985 3127 3055 pugil?
3169 2986 3292 3040 ideo
3322 3002 3419 3040 nec
3452 3003 3666 3042 corona:

2084 3084 2212 3130 tunc
2256 3076 2489 3130 illustres
2515 3084 2675 3130 erunt
2706 3093 2718 3128 :
2750 3075 2936 3130 Beatus
2973 3077 3115 3130 enim
3159 3077 3247 3146 qui
3282 3078 3550 3145 portaverit
3574 3080 3666 3148 ju-

2078 3183 2197 3237 gum
2228 3165 2250 3196 ⁸
2279 3168 2341 3219 ab
2380 3166 2717 3220 adolescentia
2756 3182 2891 3231 sua;
2927 3167 3111 3221 sedebit
3140 3167 3415 3233 solitarius,
3457 3178 3502 3221 et
3528 3178 3662 3222 tace-

2078 3258 2148 3310 bit
2177 3257 2390 3325 (Thren.
2425 3259 2477 3313 5.
2506 3258 2620 3328 27).
2657 3256 2750 3312 Hie
2792 3258 3058 3313 sexcentis
3089 3258 3328 3313 laudibus
3368 3258 3580 3330 dignus,
3609 3270 3673 3315 et

2082 3349 2494 3404 beatitudinibus
2535 3360 2588 3405 et
2629 3351 2932 3419 praeconiis,
2981 3350 3070 3420 qui
3116 3349 3378 3405 furentem
3416 3362 3673 3408 naturam

2079 3441 2287 3506 inerrat,
2324 3450 2378 3496 et
2405 3442 2457 3495 in
2483 3442 2593 3512 ipsa
2627 3442 2956 3510 tempestatis
2985 3442 3035 3495 vi
3061 3441 3312 3512 scapham
3341 3444 3521 3513 eripit.
3556 3445 3661 3500 Ve-

2071 3538 2192 3577 rum
2241 3541 2310 3580 ne
2349 3541 2514 3596 super
2545 3527 2641 3583 bis.
2668 3528 2833 3584 rebus
2889 3531 3320 3596 contendamus,
3369 3533 3641 3587 conceda-

2070 3629 2302 3684 musque
2350 3617 2396 3670 si
2444 3617 2526 3673 vis
2576 3624 2708 3674 tunc
2752 3618 2917 3674 etiam
2966 3620 3170 3675 bellum
3217 3637 3339 3677 esse
3374 3623 3637 3681 futurum.

2072 3704 2215 3761 Sane
2254 3707 2301 3762 si
2346 3723 2515 3777 penes
2562 3724 2664 3766 nos
2717 3720 2864 3766 esset
2908 3718 3124 3781 tempus
3167 3714 3483 3772 certaminis
3533 3728 3643 3771 sta-

2069 3803 2263 3862 tuere,
2303 3799 2430 3868 jure
2471 3809 2686 3870 tempus
2725 3801 2858 3856 illud
2900 3811 3221 3873 eXSpeetare
3267 3805 3503 3863 liceret:
3558 3809 3645 3863 sin

2069 3907 2201 3947 vero
2231 3908 2326 3961 per
2356 3900 2527 3947 totam
2550 3894 2714 3949 vitam
2738 3896 2898 3951 nobis
2925 3897 3296 3951 dimicandum
3321 3905 3427 3963 est,
3452 3915 3649 3970 nempe

2071 3982 2142 4037 ab
2188 3985 2407 4040 ineunte
2441 3995 2633 4051 aetate,
2683 3987 2800 4042 sive
2830 4006 2858 4041 a
2904 3987 3170 4044 decennio
3212 3993 3307 4060 (ex
3341 4005 3405 4045 ea
3443 3993 3651 4063 quip,e

2070 4081 2231 4128 aetate
2274 4081 2624 4143 peccatorum
2675 4079 2942 4133 rationem
2993 4078 3261 4133 reddituri
3316 4096 3540 4144 sumus,
3588 4098 3649 4138 ut

2073 4165 2249 4233 palam
2283 4164 2493 4220 faciunt
2516 4170 2670 4237 pueri
2695 4168 2804 4234 illi,
2835 4170 2930 4240 qui
2961 4173 3106 4239 quod
3139 4171 3373 4227 Eliseum
3416 4174 3649 4229 irridere

2074 4257 2194 4309 ausi
2232 4266 2449 4322 essent,
2481 4260 2549 4313 ab
2578 4261 2725 4315 ursis
2756 4263 3005 4318 devorati'
3042 4265 3240 4336 sunt),
3292 4273 3355 4320 eti
3392 4283 3538 4321 nuttc
3582 4284 3648 4322 ex

2076 4347 2167 4400 illa
2206 4356 2367 4404 atate
2409 4351 2771 4419 praeliandum
2801 4364 2918 4420 est,
2953 4370 3062 4424 qua
3115 4357 3318 4411 bellum
3359 4357 3648 4414 adversum

2076 4453 2179 4493 nos
2223 4441 2623 4510 gravissimum.
2664 4443 2954 4498 imminet:
2996 4461 3115 4515 qua
3159 4449 3371 4502 ratione
3418 4457 3474 4502 tu
3517 4457 3655 4503 tem-

2077 4546 2182 4601 pns
2247 4534 2645 4588 certaminibus
2692 4535 3033 4590 constituis?
3089 4537 3297 4592 Etenim
3355 4539 3401 4592 si
3458 4539 3512 4592 in
3560 4548 3655 4593 tua

2077 4631 2344 4694 potestate
2391 4635 2538 4699 esset
2591 4624 2807 4680 diabolo
2858 4626 3150 4696 praecipere
3199 4638 3256 4682 ut
3305 4644 3413 4683 non
3456 4629 3681 4694 irrum-_

2081 4732 2250 4797 perct,
2284 4722 2362 4776 vel
2388 4732 2613 4791 pugnam
2654 4715 3032 4774 committeret,
3077 4710 3191 4764 haec
3238 4719 3325 4763 tua
3368 4707 3661 4764 admonitio

2081 4813 2273 4870 rationi
2295 4826 2402 4866 non
2439 4809 2639 4864 absona
2671 4820 2791 4861 esse
2814 4803 3113 4866 videretur;
3145 4801 3227 4855 sin
3253 4808 3429 4854 autem
3459 4813 3526 4853 ex
3552 4812 3657 4852 una

2085 4914 2234 4976 parte
2271 4904 2442 4973 ipsum
2471 4913 2707 4971 pugnare
2751 4895 2937 4951 sinens
2982 4902 3039 4948 et
3084 4891 3204 4947 telis
3247 4890 3525 4960 impetere,
3575 4904 3662 4942 me

2080 4997 2266 5070 iubeas
2289 4993 2564 5065 quiescere
2583 5033 2598 5057 ,
2629 4989 2747 5044 imo.
2776 4994 2966 5058 sponte
2993 4983 3339 5039 succumbere
3357 5021 3373 5046 ,
3402 4978 3527 5050 quid
3562 4977 3677 5033 hee.

2084 5092 2280 5148 damno
2296 5087 2527 5144 deterius
2552 5084 2730 5150 fuerit,
2761 5081 2970 5136 furente
2995 5078 3242 5133 nimirum
3274 5074 3510 5136 inimico,
3537 5086 3665 5125 euur

2084 5184 2174 5254 qui
2198 5181 2467 5251 impetitur
2488 5177 2650 5231 armis
2678 5187 2874 5230 exuere
2892 5213 2907 5237 ,
2933 5180 2987 5226 et
3013 5169 3090 5225 sic
3125 5169 3178 5223 in
3209 5166 3323 5236 ejus
3344 5179 3530 5219 manus
3559 5171 3655 5215 tra-

2085 5274 2247 5331 dere?
2270 5270 2489 5328 Juvenis
2504 5279 2582 5324 est
2599 5276 2654 5322 et
2677 5263 2955 5320 inﬁrmus?
2978 5260 3202 5330 ideoque
3223 5256 3408 5327 majori
3424 5254 3670 5311 cautione

2151 5495 2169 5527 ί
2204 5497 2304 5540 Duo
2326 5493 2430 5537 Mss.
2460 5491 2510 5533 et
2532 5480 2670 5532 Savil.
2689 5480 2888 5534 habent,
2913 5475 3145 5527 Christus.

2151 5557 2173 5587 ι
2376 5545 2690 5597 Ecclesiastiei
2711 5542 2853 5592 aliter
2871 5540 3003 5603 jacet
3026 5540 3076 5587 in
3098 5537 3241 5587 Editis
3277 5540 3386 5583 Lxx
3425 5536 3667 5588 ιωθιηνω-

2089 5623 2190 5668 tum
2215 5613 2333 5663 etin
2354 5608 2568 5670 Vulgata.
2779 5663 2807 5670 __
2834 5663 2844 5670 _
2899 5658 2962 5670 η,

2152 5658 2188 5709 ἶ
2206 5658 2472 5730 ouo—atas,"
2464 5670 2707 5731 juvenem.
2730 5663 2865 5722 Editi,
2887 5658 3061 5724 ﬁlium.

2156 5741 2178 5773 δ
2213 5745 2359 5797 Unus,
2370 5733 2547 5796 jugum
2566 5738 2730 5793 grave.
