  <div class='ocr_page' id='page_1' title='image "/cluster/home/n/w/nwhite01/storage/ocr_20150623/47/mdp.39015012902212/339.png"; bbox 0 0 4124 6144; ppageno 0'>
   <div class='ocr_carea' id='block_1_1' title="bbox 476 314 580 369">
    <p class='ocr_par' dir='ltr' id='par_1_1' title="bbox 476 314 580 369">
     <span class='ocr_line' id='line_1_1' title="bbox 476 314 580 369; baseline 0 -1"><span class='ocrx_word' id='word_1_1' title='bbox 476 314 580 369; x_wconf 74' lang='lat'><strong>379</strong></span> 
     </span>
    </p>
   </div>
   <div class='ocr_carea' id='block_1_2' title="bbox 476 419 2044 495">
    <p class='ocr_par' dir='ltr' id='par_1_2' title="bbox 476 419 2044 495">
     <span class='ocr_line' id='line_1_2' title="bbox 476 419 2044 495; baseline -0.004 -15"><span class='ocrx_word' id='word_1_2' title='bbox 476 435 559 480; x_wconf 89' lang='lat' dir='ltr'><strong>est</strong></span> <span class='ocrx_word' id='word_1_3' title='bbox 582 438 716 495; x_wconf 91' lang='lat' dir='ltr'><strong>opus</strong></span> <span class='ocrx_word' id='word_1_4' title='bbox 732 466 749 493; x_wconf 91' lang='lat'><strong>,</strong></span> <span class='ocrx_word' id='word_1_5' title='bbox 775 421 1056 494; x_wconf 73' lang='lat' dir='ltr'><strong>majorque</strong></span> <span class='ocrx_word' id='word_1_6' title='bbox 1081 419 1346 491; x_wconf 71' lang='lat' dir='ltr'><strong>diligentia</strong></span> <span class='ocrx_word' id='word_1_7' title='bbox 1366 419 1664 475; x_wconf 89' lang='lat' dir='ltr'><strong>adhibenda</strong></span> <span class='ocrx_word' id='word_1_8' title='bbox 1708 431 1810 476; x_wconf 89' lang='lat' dir='ltr'><strong>est.</strong></span> <span class='ocrx_word' id='word_1_9' title='bbox 1847 420 2044 491; x_wconf 81' lang='lat' dir='ltr'><strong>llujus-</strong></span> 
     </span>
    </p>
   </div>
   <div class='ocr_carea' id='block_1_3' title="bbox 478 512 2048 584">
    <p class='ocr_par' dir='ltr' id='par_1_3' title="bbox 478 512 2048 584">
     <span class='ocr_line' id='line_1_3' title="bbox 478 512 2048 584; baseline -0.001 -13"><span class='ocrx_word' id='word_1_10' title='bbox 478 517 623 572; x_wconf 85' lang='lat' dir='ltr'><strong>modi</strong></span> <span class='ocrx_word' id='word_1_11' title='bbox 665 527 841 570; x_wconf 88' lang='lat' dir='ltr'><strong>autem</strong></span> <span class='ocrx_word' id='word_1_12' title='bbox 870 515 1043 568; x_wconf 86' lang='lat' dir='ltr'><strong>virum</strong></span> <span class='ocrx_word' id='word_1_13' title='bbox 1070 514 1125 568; x_wconf 94' lang='lat' dir='ltr'><strong>in</strong></span> <span class='ocrx_word' id='word_1_14' title='bbox 1155 513 1532 583; x_wconf 89' lang='lat' dir='ltr'><strong>tranquillitate</strong></span> <span class='ocrx_word' id='word_1_15' title='bbox 1563 522 1618 567; x_wconf 91' lang='lat' dir='ltr'><strong>et</strong></span> <span class='ocrx_word' id='word_1_16' title='bbox 1642 513 1822 584; x_wconf 89' lang='lat' dir='ltr'><strong>quiete</strong></span> <span class='ocrx_word' id='word_1_17' title='bbox 1855 512 2048 582; x_wconf 82' lang='lat' dir='ltr'><strong>degere</strong></span> 
     </span>
    </p>
   </div>
   <div class='ocr_carea' id='block_1_4' title="bbox 477 603 2051 679">
    <p class='ocr_par' dir='ltr' id='par_1_4' title="bbox 477 603 2051 679">
     <span class='ocr_line' id='line_1_4' title="bbox 477 603 2051 679; baseline -0.003 -17"><span class='ocrx_word' id='word_1_18' title='bbox 477 617 706 679; x_wconf 80' lang='lat' dir='ltr'><strong>Oportet,</strong></span> <span class='ocrx_word' id='word_1_19' title='bbox 737 621 843 660; x_wconf 92' lang='lat' dir='ltr'><strong>non</strong></span> <span class='ocrx_word' id='word_1_20' title='bbox 865 607 920 660; x_wconf 88' lang='lat' dir='ltr'><strong>in</strong></span> <span class='ocrx_word' id='word_1_21' title='bbox 933 605 1141 674; x_wconf 87' lang='lat' dir='ltr'><strong>negotia</strong></span> <span class='ocrx_word' id='word_1_22' title='bbox 1161 619 1220 659; x_wconf 91' lang='lat' dir='ltr'><strong>se</strong></span> <span class='ocrx_word' id='word_1_23' title='bbox 1246 603 1510 673; x_wconf 84' lang='lat' dir='ltr'><strong>conjicere</strong></span> <span class='ocrx_word' id='word_1_24' title='bbox 1530 611 1584 658; x_wconf 90' lang='lat' dir='ltr'><strong>et</strong></span> <span class='ocrx_word' id='word_1_25' title='bbox 1605 603 1656 656; x_wconf 92' lang='lat' dir='ltr'><strong>in</strong></span> <span class='ocrx_word' id='word_1_26' title='bbox 1673 603 1848 658; x_wconf 86' lang='lat' dir='ltr'><strong>medio</strong></span> <span class='ocrx_word' id='word_1_27' title='bbox 1865 618 2051 658; x_wconf 85' lang='lat' dir='ltr'><strong>versa-</strong></span> 
     </span>
    </p>
   </div>
   <div class='ocr_carea' id='block_1_5' title="bbox 477 694 2050 766">
    <p class='ocr_par' dir='ltr' id='par_1_5' title="bbox 477 694 2050 766">
     <span class='ocr_line' id='line_1_5' title="bbox 477 694 2050 766; baseline -0.002 -13"><span class='ocrx_word' id='word_1_28' title='bbox 477 700 546 765; x_wconf 89' lang='lat' dir='ltr'><strong>ri,</strong></span> <span class='ocrx_word' id='word_1_29' title='bbox 577 697 958 757; x_wconf 75' lang='lat' dir='ltr'><strong>ubitumultus</strong></span> <span class='ocrx_word' id='word_1_30' title='bbox 996 696 1182 766; x_wconf 87' lang='lat' dir='ltr'><strong>ingens</strong></span> <span class='ocrx_word' id='word_1_31' title='bbox 1233 710 1296 750; x_wconf 87' lang='lat' dir='ltr'><strong>ac</strong></span> <span class='ocrx_word' id='word_1_32' title='bbox 1344 694 1694 765; x_wconf 86' lang='lat' dir='ltr'><strong>perturbatio.</strong></span> <span class='ocrx_word' id='word_1_33' title='bbox 1743 694 1823 750; x_wconf 89' lang='lat' dir='ltr'><strong>Tu</strong></span> <span class='ocrx_word' id='word_1_34' title='bbox 1867 703 2050 750; x_wconf 76' lang='lat' dir='ltr'><strong>contra</strong></span> 
     </span>
    </p>
   </div>
   <div class='ocr_carea' id='block_1_6' title="bbox 476 788 2048 861">
    <p class='ocr_par' dir='ltr' id='par_1_6' title="bbox 476 788 2048 861">
     <span class='ocr_line' id='line_1_6' title="bbox 476 788 2048 861; baseline -0.005 -14"><span class='ocrx_word' id='word_1_35' title='bbox 476 805 591 858; x_wconf 91' lang='lat' dir='ltr'><strong>eos,</strong></span> <span class='ocrx_word' id='word_1_36' title='bbox 619 791 807 861; x_wconf 84' lang='lat' dir='ltr'><strong>quibus</strong></span> <span class='ocrx_word' id='word_1_37' title='bbox 853 790 1047 845; x_wconf 86' lang='lat' dir='ltr'><strong>bellum</strong></span> <span class='ocrx_word' id='word_1_38' title='bbox 1071 790 1245 844; x_wconf 91' lang='lat' dir='ltr'><strong>acrius</strong></span> <span class='ocrx_word' id='word_1_39' title='bbox 1272 789 1544 853; x_wconf 88' lang='lat' dir='ltr'><strong>imminet,</strong></span> <span class='ocrx_word' id='word_1_40' title='bbox 1576 796 1632 843; x_wconf 89' lang='lat' dir='ltr'><strong>et</strong></span> <span class='ocrx_word' id='word_1_41' title='bbox 1656 801 1753 858; x_wconf 91' lang='lat' dir='ltr'><strong>per</strong></span> <span class='ocrx_word' id='word_1_42' title='bbox 1791 796 1999 842; x_wconf 63' lang='lat' dir='ltr'><strong>aetatem</strong></span> <span class='ocrx_word' id='word_1_43' title='bbox 2031 788 2048 818; x_wconf 81' lang='grc'>¹</span> 
     </span>
    </p>
   </div>
   <div class='ocr_carea' id='block_1_7' title="bbox 477 878 2050 953">
    <p class='ocr_par' dir='ltr' id='par_1_7' title="bbox 477 878 2050 953">
     <span class='ocr_line' id='line_1_7' title="bbox 477 878 2050 953; baseline -0.004 -15"><span class='ocrx_word' id='word_1_44' title='bbox 477 893 532 938; x_wconf 91' lang='lat' dir='ltr'><strong>et</strong></span> <span class='ocrx_word' id='word_1_45' title='bbox 573 897 670 953; x_wconf 89' lang='lat' dir='ltr'><strong>per</strong></span> <span class='ocrx_word' id='word_1_46' title='bbox 694 882 1055 937; x_wconf 89' lang='lat' dir='ltr'><strong>inﬁrmitatem</strong></span> <span class='ocrx_word' id='word_1_47' title='bbox 1100 889 1156 936; x_wconf 91' lang='lat' dir='ltr'><strong>et</strong></span> <span class='ocrx_word' id='word_1_48' title='bbox 1204 896 1300 950; x_wconf 89' lang='lat' dir='ltr'><strong>per</strong></span> <span class='ocrx_word' id='word_1_49' title='bbox 1342 880 1690 948; x_wconf 84' lang='lat' dir='ltr'><strong>imperitiam,</strong></span> <span class='ocrx_word' id='word_1_50' title='bbox 1719 887 1774 934; x_wconf 92' lang='lat' dir='ltr'><strong>et</strong></span> <span class='ocrx_word' id='word_1_51' title='bbox 1818 878 1959 949; x_wconf 92' lang='lat' dir='ltr'><strong>quod</strong></span> <span class='ocrx_word' id='word_1_52' title='bbox 1998 878 2050 933; x_wconf 90' lang='lat' dir='ltr'><strong>in</strong></span> 
     </span>
    </p>
   </div>
   <div class='ocr_carea' id='block_1_8' title="bbox 476 970 2053 1042">
    <p class='ocr_par' dir='ltr' id='par_1_8' title="bbox 476 970 2053 1042">
     <span class='ocr_line' id='line_1_8' title="bbox 476 970 2053 1042; baseline -0.003 -14"><span class='ocrx_word' id='word_1_53' title='bbox 476 990 654 1029; x_wconf 89' lang='lat' dir='ltr'><strong>rerum</strong></span> <span class='ocrx_word' id='word_1_54' title='bbox 677 973 852 1028; x_wconf 91' lang='lat' dir='ltr'><strong>medio</strong></span> <span class='ocrx_word' id='word_1_55' title='bbox 877 982 1188 1038; x_wconf 87' lang='lat' dir='ltr'><strong>versantur;</strong></span> <span class='ocrx_word' id='word_1_56' title='bbox 1219 971 1338 1039; x_wconf 89' lang='lat' dir='ltr'><strong>hos,</strong></span> <span class='ocrx_word' id='word_1_57' title='bbox 1361 972 1508 1042; x_wconf 88' lang='lat' dir='ltr'><strong>quasi</strong></span> <span class='ocrx_word' id='word_1_58' title='bbox 1530 987 1588 1026; x_wconf 89' lang='lat' dir='ltr'><strong>re</strong></span> <span class='ocrx_word' id='word_1_59' title='bbox 1607 971 1716 1041; x_wconf 87' lang='lat' dir='ltr'><strong>jam</strong></span> <span class='ocrx_word' id='word_1_60' title='bbox 1746 970 1882 1026; x_wconf 89' lang='lat' dir='ltr'><strong>bene</strong></span> <span class='ocrx_word' id='word_1_61' title='bbox 1906 978 2053 1040; x_wconf 87' lang='lat' dir='ltr'><strong>gesta</strong></span> 
     </span>
    </p>
   </div>
   <div class='ocr_carea' id='block_1_9' title="bbox 477 1061 2055 1134">
    <p class='ocr_par' dir='ltr' id='par_1_9' title="bbox 477 1061 2055 1134">
     <span class='ocr_line' id='line_1_9' title="bbox 477 1061 2055 1134; baseline -0.004 -14"><span class='ocrx_word' id='word_1_62' title='bbox 477 1075 533 1120; x_wconf 90' lang='lat' dir='ltr'><strong>et</strong></span> <span class='ocrx_word' id='word_1_63' title='bbox 557 1065 810 1134; x_wconf 84' lang='lat' dir='ltr'><strong>acquisita</strong></span> <span class='ocrx_word' id='word_1_64' title='bbox 841 1063 1180 1130; x_wconf 79' lang='lat' dir='ltr'><strong>fortitudine,</strong></span> <span class='ocrx_word' id='word_1_65' title='bbox 1215 1064 1270 1116; x_wconf 91' lang='lat' dir='ltr'><strong>in</strong></span> <span class='ocrx_word' id='word_1_66' title='bbox 1299 1063 1530 1118; x_wconf 88' lang='lat' dir='ltr'><strong>medium</strong></span> <span class='ocrx_word' id='word_1_67' title='bbox 1559 1061 1759 1128; x_wconf 87' lang='lat' dir='ltr'><strong>trabis,</strong></span> <span class='ocrx_word' id='word_1_68' title='bbox 1793 1076 1891 1116; x_wconf 89' lang='lat' dir='ltr'><strong>nec</strong></span> <span class='ocrx_word' id='word_1_69' title='bbox 1924 1061 2055 1114; x_wconf 84' lang='lat' dir='ltr'><strong>sinis</strong></span> 
     </span>
    </p>
   </div>
   <div class='ocr_carea' id='block_1_10' title="bbox 478 1151 2052 1223">
    <p class='ocr_par' dir='ltr' id='par_1_10' title="bbox 478 1151 2052 1223">
     <span class='ocr_line' id='line_1_10' title="bbox 478 1151 2052 1223; baseline -0.004 -13"><span class='ocrx_word' id='word_1_70' title='bbox 478 1157 532 1210; x_wconf 92' lang='lat' dir='ltr'><strong>in</strong></span> <span class='ocrx_word' id='word_1_71' title='bbox 563 1155 830 1210; x_wconf 81' lang='lat' dir='ltr'><strong>desertum</strong></span> <span class='ocrx_word' id='word_1_72' title='bbox 867 1154 1127 1223; x_wconf 90' lang='lat' dir='ltr'><strong>proﬁcisci</strong></span> <span class='ocrx_word' id='word_1_73' title='bbox 1169 1162 1227 1207; x_wconf 91' lang='lat' dir='ltr'><strong>ut</strong></span> <span class='ocrx_word' id='word_1_74' title='bbox 1264 1160 1617 1208; x_wconf 83' lang='lat' dir='ltr'><strong>exerceantur</strong></span> <span class='ocrx_word' id='word_1_75' title='bbox 1643 1160 1696 1206; x_wconf 92' lang='lat' dir='ltr'><strong>et</strong></span> <span class='ocrx_word' id='word_1_76' title='bbox 1722 1151 1790 1205; x_wconf 90' lang='lat' dir='ltr'><strong>ad</strong></span> <span class='ocrx_word' id='word_1_77' title='bbox 1825 1166 2052 1220; x_wconf 78' lang='lat' dir='ltr'><strong>pugnam</strong></span> 
     </span>
    </p>
   </div>
   <div class='ocr_carea' id='block_1_11' title="bbox 475 1242 2053 1313">
    <p class='ocr_par' dir='ltr' id='par_1_11' title="bbox 475 1242 2053 1313">
     <span class='ocr_line' id='line_1_11' title="bbox 475 1242 2053 1313; baseline -0.003 -13"><span class='ocrx_word' id='word_1_78' title='bbox 475 1260 534 1300; x_wconf 86' lang='lat' dir='ltr'><strong>se</strong></span> <span class='ocrx_word' id='word_1_79' title='bbox 555 1253 862 1312; x_wconf 89' lang='lat' dir='ltr'><strong>comparent</strong></span> <span class='ocrx_word' id='word_1_80' title='bbox 890 1261 903 1296; x_wconf 90' lang='lat'><strong>:</strong></span> <span class='ocrx_word' id='word_1_81' title='bbox 932 1242 1372 1312; x_wconf 88' lang='lat' dir='ltr'><strong>quemadmodum</strong></span> <span class='ocrx_word' id='word_1_82' title='bbox 1400 1243 1442 1297; x_wconf 91' lang='lat' dir='ltr'><strong>si</strong></span> <span class='ocrx_word' id='word_1_83' title='bbox 1474 1244 1590 1312; x_wconf 87' lang='lat' dir='ltr'><strong>quis</strong></span> <span class='ocrx_word' id='word_1_84' title='bbox 1619 1257 1761 1310; x_wconf 89' lang='lat' dir='ltr'><strong>eum,</strong></span> <span class='ocrx_word' id='word_1_85' title='bbox 1783 1242 2053 1313; x_wconf 88' lang='lat' dir='ltr'><strong>quimillia</strong></span> 
     </span>
    </p>
   </div>
   <div class='ocr_carea' id='block_1_12' title="bbox 476 1333 2054 1406">
    <p class='ocr_par' dir='ltr' id='par_1_12' title="bbox 476 1333 2054 1406">
     <span class='ocr_line' id='line_1_12' title="bbox 476 1333 2054 1406; baseline -0.001 -17"><span class='ocrx_word' id='word_1_86' title='bbox 476 1344 658 1406; x_wconf 83' lang='lat' dir='ltr'><strong>posset</strong></span> <span class='ocrx_word' id='word_1_87' title='bbox 682 1335 883 1404; x_wconf 79' lang='lat' dir='ltr'><strong>erigere</strong></span> <span class='ocrx_word' id='word_1_88' title='bbox 912 1343 1142 1404; x_wconf 71' lang='lat' dir='ltr'><strong>tropaea,</strong></span> <span class='ocrx_word' id='word_1_89' title='bbox 1181 1334 1394 1403; x_wconf 90' lang='lat' dir='ltr'><strong>juberet</strong></span> <span class='ocrx_word' id='word_1_90' title='bbox 1428 1349 1540 1388; x_wconf 90' lang='lat' dir='ltr'><strong>rem</strong></span> <span class='ocrx_word' id='word_1_91' title='bbox 1582 1334 1825 1388; x_wconf 90' lang='lat' dir='ltr'><strong>bellicam</strong></span> <span class='ocrx_word' id='word_1_92' title='bbox 1877 1333 2054 1403; x_wconf 86' lang='lat' dir='ltr'><strong>quiete</strong></span> 
     </span>
    </p>
   </div>
   <div class='ocr_carea' id='block_1_13' title="bbox 476 1425 2053 1496">
    <p class='ocr_par' dir='ltr' id='par_1_13' title="bbox 476 1425 2053 1496">
     <span class='ocr_line' id='line_1_13' title="bbox 476 1425 2053 1496; baseline -0.001 -16"><span class='ocrx_word' id='word_1_93' title='bbox 476 1426 722 1481; x_wconf 89' lang='lat' dir='ltr'><strong>meditari</strong></span> <span class='ocrx_word' id='word_1_94' title='bbox 759 1435 813 1480; x_wconf 90' lang='lat' dir='ltr'><strong>et</strong></span> <span class='ocrx_word' id='word_1_95' title='bbox 839 1425 1143 1490; x_wconf 83' lang='lat' dir='ltr'><strong>addiscere;</strong></span> <span class='ocrx_word' id='word_1_96' title='bbox 1189 1425 1491 1494; x_wconf 89' lang='lat' dir='ltr'><strong>imperitum</strong></span> <span class='ocrx_word' id='word_1_97' title='bbox 1520 1440 1650 1480; x_wconf 87' lang='lat' dir='ltr'><strong>vero</strong></span> <span class='ocrx_word' id='word_1_98' title='bbox 1686 1426 1777 1495; x_wconf 90' lang='lat' dir='ltr'><strong>qui</strong></span> <span class='ocrx_word' id='word_1_99' title='bbox 1827 1440 2053 1496; x_wconf 84' lang='lat' dir='ltr'><strong>pugnam</strong></span> 
     </span>
    </p>
   </div>
   <div class='ocr_carea' id='block_1_14' title="bbox 474 1514 2055 1585">
    <p class='ocr_par' dir='ltr' id='par_1_14' title="bbox 474 1514 2055 1585">
     <span class='ocr_line' id='line_1_14' title="bbox 474 1514 2055 1585; baseline 0 -14"><span class='ocrx_word' id='word_1_100' title='bbox 474 1532 544 1571; x_wconf 92' lang='lat' dir='ltr'><strong>ne</strong></span> <span class='ocrx_word' id='word_1_101' title='bbox 566 1517 829 1584; x_wconf 82' lang='lat' dir='ltr'><strong>respicere</strong></span> <span class='ocrx_word' id='word_1_102' title='bbox 854 1516 1068 1585; x_wconf 88' lang='lat' dir='ltr'><strong>quidem</strong></span> <span class='ocrx_word' id='word_1_103' title='bbox 1094 1524 1292 1584; x_wconf 86' lang='lat' dir='ltr'><strong>posset,</strong></span> <span class='ocrx_word' id='word_1_104' title='bbox 1326 1514 1445 1569; x_wconf 90' lang='lat' dir='ltr'><strong>ideo</strong></span> <span class='ocrx_word' id='word_1_105' title='bbox 1476 1531 1703 1585; x_wconf 80' lang='lat' dir='ltr'><strong>pugnam</strong></span> <span class='ocrx_word' id='word_1_106' title='bbox 1721 1519 2055 1571; x_wconf 88' lang='lat' dir='ltr'><strong>committere</strong></span> 
     </span>
    </p>
   </div>
   <div class='ocr_carea' id='block_1_15' title="bbox 467 1595 2054 1678">
    <p class='ocr_par' dir='ltr' id='par_1_15' title="bbox 467 1595 2054 1678">
     <span class='ocr_line' id='line_1_15' title="bbox 467 1595 2054 1678; baseline 0.003 -20"><span class='ocrx_word' id='word_1_107' title='bbox 467 1607 766 1677; x_wconf 88' lang='lat' dir='ltr'><strong>juberet,ac</strong></span> <span class='ocrx_word' id='word_1_108' title='bbox 781 1595 980 1676; x_wconf 68' lang='lat' dir='ltr'><strong>majora</strong></span> <span class='ocrx_word' id='word_1_109' title='bbox 1004 1606 1121 1661; x_wconf 89' lang='lat' dir='ltr'><strong>ideo</strong></span> <span class='ocrx_word' id='word_1_110' title='bbox 1145 1606 1519 1675; x_wconf 89' lang='lat' dir='ltr'><strong>impedimenta</strong></span> <span class='ocrx_word' id='word_1_111' title='bbox 1542 1607 1938 1678; x_wconf 87' lang='lat' dir='ltr'><strong>poneret,quod</strong></span> <span class='ocrx_word' id='word_1_112' title='bbox 1967 1621 2054 1662; x_wconf 90' lang='lat' dir='ltr'><strong>res</strong></span> 
     </span>
    </p>
   </div>
   <div class='ocr_carea' id='block_1_16' title="bbox 471 1696 2051 1765">
    <p class='ocr_par' dir='ltr' id='par_1_16' title="bbox 471 1696 2051 1765">
     <span class='ocr_line' id='line_1_16' title="bbox 471 1696 2051 1765; baseline 0.001 -14"><span class='ocrx_word' id='word_1_113' title='bbox 471 1697 703 1752; x_wconf 84' lang='lat' dir='ltr'><strong>difﬁcilis</strong></span> <span class='ocrx_word' id='word_1_114' title='bbox 732 1706 891 1751; x_wconf 86' lang='lat' dir='ltr'><strong>esset.</strong></span> <span class='ocrx_word' id='word_1_115' title='bbox 926 1697 1190 1751; x_wconf 74' lang='lat' dir='ltr'><strong>Prmterea</strong></span> <span class='ocrx_word' id='word_1_116' title='bbox 1222 1709 1349 1750; x_wconf 89' lang='lat' dir='ltr'><strong>vero</strong></span> <span class='ocrx_word' id='word_1_117' title='bbox 1375 1696 1427 1750; x_wconf 88' lang='lat' dir='ltr'><strong>id</strong></span> <span class='ocrx_word' id='word_1_118' title='bbox 1464 1697 1909 1752; x_wconf 90' lang='lat' dir='ltr'><strong>considerandum</strong></span> <span class='ocrx_word' id='word_1_119' title='bbox 1939 1705 2051 1765; x_wconf 91' lang='lat' dir='ltr'><strong>est,</strong></span> 
     </span>
    </p>
   </div>
   <div class='ocr_carea' id='block_1_17' title="bbox 473 1785 2050 1856">
    <p class='ocr_par' dir='ltr' id='par_1_17' title="bbox 473 1785 2050 1856">
     <span class='ocr_line' id='line_1_17' title="bbox 473 1785 2050 1856; baseline 0.001 -16"><span class='ocrx_word' id='word_1_120' title='bbox 473 1805 577 1841; x_wconf 88' lang='lat' dir='ltr'><strong>non</strong></span> <span class='ocrx_word' id='word_1_121' title='bbox 611 1789 768 1842; x_wconf 87' lang='lat' dir='ltr'><strong>licere</strong></span> <span class='ocrx_word' id='word_1_122' title='bbox 798 1796 917 1856; x_wconf 91' lang='lat' dir='ltr'><strong>post</strong></span> <span class='ocrx_word' id='word_1_123' title='bbox 932 1786 1140 1855; x_wconf 87' lang='lat' dir='ltr'><strong>nuptias</strong></span> <span class='ocrx_word' id='word_1_124' title='bbox 1165 1785 1412 1855; x_wconf 90' lang='lat' dir='ltr'><strong>cuiquam</strong></span> <span class='ocrx_word' id='word_1_125' title='bbox 1441 1800 1595 1840; x_wconf 91' lang='lat' dir='ltr'><strong>suum</strong></span> <span class='ocrx_word' id='word_1_126' title='bbox 1615 1802 1735 1842; x_wconf 88' lang='lat' dir='ltr'><strong>esse</strong></span> <span class='ocrx_word' id='word_1_127' title='bbox 1756 1787 2050 1854; x_wconf 90' lang='lat' dir='ltr'><strong>dominum,</strong></span> 
     </span>
    </p>
   </div>
   <div class='ocr_carea' id='block_1_18' title="bbox 471 1875 2052 1961">
    <p class='ocr_par' dir='ltr' id='par_1_18' title="bbox 471 1875 2052 1961">
     <span class='ocr_line' id='line_1_18' title="bbox 471 1875 2052 1961; baseline 0.001 -31"><span class='ocrx_word' id='word_1_128' title='bbox 471 1877 563 1930; x_wconf 89' lang='lat' dir='ltr'><strong>sed</strong></span> <span class='ocrx_word' id='word_1_129' title='bbox 591 1877 900 1928; x_wconf 84' lang='lat' dir='ltr'><strong>alterutrum</strong></span> <span class='ocrx_word' id='word_1_130' title='bbox 932 1875 1289 1928; x_wconf 85' lang='lat' dir='ltr'><strong>necessarium</strong></span> <span class='ocrx_word' id='word_1_131' title='bbox 1315 1889 1455 1940; x_wconf 88' lang='lat' dir='ltr'><strong>esse,</strong></span> <span class='ocrx_word' id='word_1_132' title='bbox 1478 1884 1702 1929; x_wconf 80' lang='lat' dir='ltr'><strong>autcum</strong></span> <span class='ocrx_word' id='word_1_133' title='bbox 1721 1891 1887 1932; x_wconf 85' lang='lat' dir='ltr'><strong>uxore</strong></span> <span class='ocrx_word' id='word_1_134' title='bbox 1912 1892 2052 1961; x_wconf 47' lang='lat' dir='ltr'><strong>sem:</strong></span> 
     </span>
    </p>
   </div>
   <div class='ocr_carea' id='block_1_19' title="bbox 471 1964 2052 2036">
    <p class='ocr_par' dir='ltr' id='par_1_19' title="bbox 471 1964 2052 2036">
     <span class='ocr_line' id='line_1_19' title="bbox 471 1964 2052 2036; baseline -0.001 -15"><span class='ocrx_word' id='word_1_135' title='bbox 471 1983 566 2036; x_wconf 89' lang='lat' dir='ltr'><strong>per</strong></span> <span class='ocrx_word' id='word_1_136' title='bbox 595 1965 817 2028; x_wconf 89' lang='lat' dir='ltr'><strong>versari,</strong></span> <span class='ocrx_word' id='word_1_137' title='bbox 849 1966 892 2018; x_wconf 91' lang='lat' dir='ltr'><strong>si</strong></span> <span class='ocrx_word' id='word_1_138' title='bbox 929 1965 1044 2034; x_wconf 87' lang='lat' dir='ltr'><strong>ipsa</strong></span> <span class='ocrx_word' id='word_1_139' title='bbox 1071 1965 1238 2028; x_wconf 86' lang='lat' dir='ltr'><strong>velit;</strong></span> <span class='ocrx_word' id='word_1_140' title='bbox 1266 1965 1354 2020; x_wconf 91' lang='lat' dir='ltr'><strong>vel</strong></span> <span class='ocrx_word' id='word_1_141' title='bbox 1399 1964 1445 2019; x_wconf 91' lang='lat' dir='ltr'><strong>si</strong></span> <span class='ocrx_word' id='word_1_142' title='bbox 1476 1965 1564 2019; x_wconf 91' lang='lat' dir='ltr'><strong>illa</strong></span> <span class='ocrx_word' id='word_1_143' title='bbox 1591 1967 1927 2022; x_wconf 89' lang='lat' dir='ltr'><strong>continenter</strong></span> <span class='ocrx_word' id='word_1_144' title='bbox 1970 1968 2052 2020; x_wconf 83' lang='lat' dir='ltr'><strong>vi-</strong></span> 
     </span>
    </p>
   </div>
   <div class='ocr_carea' id='block_1_20' title="bbox 472 2054 2052 2125">
    <p class='ocr_par' dir='ltr' id='par_1_20' title="bbox 472 2054 2052 2125">
     <span class='ocr_line' id='line_1_20' title="bbox 472 2054 2052 2125; baseline 0.003 -16"><span class='ocrx_word' id='word_1_145' title='bbox 472 2073 600 2112; x_wconf 86' lang='lat' dir='ltr'><strong>vere</strong></span> <span class='ocrx_word' id='word_1_146' title='bbox 627 2055 870 2119; x_wconf 86' lang='lat' dir='ltr'><strong>voluerit,</strong></span> <span class='ocrx_word' id='word_1_147' title='bbox 893 2070 956 2109; x_wconf 89' lang='lat' dir='ltr'><strong>ca</strong></span> <span class='ocrx_word' id='word_1_148' title='bbox 982 2055 1200 2109; x_wconf 90' lang='lat' dir='ltr'><strong>dimissa</strong></span> <span class='ocrx_word' id='word_1_149' title='bbox 1232 2054 1287 2110; x_wconf 90' lang='lat' dir='ltr'><strong>in</strong></span> <span class='ocrx_word' id='word_1_150' title='bbox 1315 2054 1630 2110; x_wconf 88' lang='lat' dir='ltr'><strong>adulterium</strong></span> <span class='ocrx_word' id='word_1_151' title='bbox 1650 2057 2052 2125; x_wconf 82' lang='lat' dir='ltr'><strong>incidere.Quid</strong></span> 
     </span>
    </p>
   </div>
   <div class='ocr_carea' id='block_1_21' title="bbox 469 2147 2048 2218">
    <p class='ocr_par' dir='ltr' id='par_1_21' title="bbox 469 2147 2048 2218">
     <span class='ocr_line' id='line_1_21' title="bbox 469 2147 2048 2218; baseline 0.001 -14"><span class='ocrx_word' id='word_1_152' title='bbox 469 2165 557 2204; x_wconf 86' lang='lat' dir='ltr'><strong>me</strong></span> <span class='ocrx_word' id='word_1_153' title='bbox 585 2149 765 2204; x_wconf 90' lang='lat' dir='ltr'><strong>dicere</strong></span> <span class='ocrx_word' id='word_1_154' title='bbox 794 2161 928 2217; x_wconf 91' lang='lat' dir='ltr'><strong>opus</strong></span> <span class='ocrx_word' id='word_1_155' title='bbox 960 2156 1043 2202; x_wconf 91' lang='lat' dir='ltr'><strong>est</strong></span> <span class='ocrx_word' id='word_1_156' title='bbox 1067 2147 1168 2201; x_wconf 91' lang='lat' dir='ltr'><strong>alia</strong></span> <span class='ocrx_word' id='word_1_157' title='bbox 1191 2148 1522 2202; x_wconf 90' lang='lat' dir='ltr'><strong>necessitatis</strong></span> <span class='ocrx_word' id='word_1_158' title='bbox 1545 2149 1754 2202; x_wconf 90' lang='lat' dir='ltr'><strong>vincula</strong></span> <span class='ocrx_word' id='word_1_159' title='bbox 1775 2189 1790 2213; x_wconf 98' lang='lat'><strong>,</strong></span> <span class='ocrx_word' id='word_1_160' title='bbox 1821 2149 2048 2218; x_wconf 89' lang='lat' dir='ltr'><strong>liberos,</strong></span> 
     </span>
    </p>
   </div>
   <div class='ocr_carea' id='block_1_22' title="bbox 467 2239 2048 2310">
    <p class='ocr_par' dir='ltr' id='par_1_22' title="bbox 467 2239 2048 2310">
     <span class='ocr_line' id='line_1_22' title="bbox 467 2239 2048 2310; baseline 0.003 -14"><span class='ocrx_word' id='word_1_161' title='bbox 467 2242 545 2296; x_wconf 83' lang='lat' dir='ltr'><strong>rei</strong></span> <span class='ocrx_word' id='word_1_162' title='bbox 567 2239 840 2295; x_wconf 79' lang='lat' dir='ltr'><strong>familiaris</strong></span> <span class='ocrx_word' id='word_1_163' title='bbox 861 2254 1035 2305; x_wconf 90' lang='lat' dir='ltr'><strong>curas,</strong></span> <span class='ocrx_word' id='word_1_164' title='bbox 1061 2256 1180 2310; x_wconf 84' lang='lat' dir='ltr'><strong>quae</strong></span> <span class='ocrx_word' id='word_1_165' title='bbox 1206 2254 1416 2295; x_wconf 91' lang='lat' dir='ltr'><strong>omnem</strong></span> <span class='ocrx_word' id='word_1_166' title='bbox 1447 2241 1704 2310; x_wconf 84' lang='lat' dir='ltr'><strong>propositi</strong></span> <span class='ocrx_word' id='word_1_167' title='bbox 1723 2242 2048 2300; x_wconf 88' lang='lat' dir='ltr'><strong>alacritatem</strong></span> 
     </span>
    </p>
   </div>
   <div class='ocr_carea' id='block_1_23' title="bbox 465 2330 2052 2402">
    <p class='ocr_par' dir='ltr' id='par_1_23' title="bbox 465 2330 2052 2402">
     <span class='ocr_line' id='line_1_23' title="bbox 465 2330 2052 2402; baseline 0.001 -16"><span class='ocrx_word' id='word_1_168' title='bbox 465 2331 759 2386; x_wconf 88' lang='lat' dir='ltr'><strong>obtundere</strong></span> <span class='ocrx_word' id='word_1_169' title='bbox 803 2331 1038 2401; x_wconf 86' lang='lat' dir='ltr'><strong>possint,</strong></span> <span class='ocrx_word' id='word_1_170' title='bbox 1066 2330 1394 2400; x_wconf 90' lang='lat' dir='ltr'><strong>multumque</strong></span> <span class='ocrx_word' id='word_1_171' title='bbox 1437 2330 1628 2386; x_wconf 66' lang='lat' dir='ltr'><strong>anima:</strong></span> <span class='ocrx_word' id='word_1_172' title='bbox 1675 2341 1940 2402; x_wconf 88' lang='lat' dir='ltr'><strong>torporem</strong></span> <span class='ocrx_word' id='word_1_173' title='bbox 1969 2334 2052 2388; x_wconf 81' lang='lat' dir='ltr'><strong>in-</strong></span> 
     </span>
    </p>
   </div>
   <div class='ocr_carea' id='block_1_24' title="bbox 467 2423 727 2478">
    <p class='ocr_par' dir='ltr' id='par_1_24' title="bbox 467 2423 727 2478">
     <span class='ocr_line' id='line_1_24' title="bbox 467 2423 727 2478; baseline 0.008 -2"><span class='ocrx_word' id='word_1_174' title='bbox 467 2423 727 2478; x_wconf 84' lang='lat' dir='ltr'><strong>fundere?</strong></span> 
     </span>
    </p>
   </div>
   <div class='ocr_carea' id='block_1_25' title="bbox 534 2512 2048 2584">
    <p class='ocr_par' dir='ltr' id='par_1_25' title="bbox 534 2512 2048 2584">
     <span class='ocr_line' id='line_1_25' title="bbox 534 2512 2048 2584; baseline 0.001 -16"><span class='ocrx_word' id='word_1_175' title='bbox 534 2513 624 2568; x_wconf 61' lang='lat'><strong>£8.</strong></span> <span class='ocrx_word' id='word_1_176' title='bbox 662 2513 708 2566; x_wconf 80' lang='grc' dir='ltr'><strong><em>Α</em></strong></span> <span class='ocrx_word' id='word_1_177' title='bbox 740 2515 904 2584; x_wconf 82' lang='lat' dir='ltr'><strong>prima</strong></span> <span class='ocrx_word' id='word_1_178' title='bbox 937 2522 1083 2568; x_wconf 63' lang='lat' dir='ltr'><strong>atate</strong></span> <span class='ocrx_word' id='word_1_179' title='bbox 1119 2512 1287 2566; x_wconf 74' lang='lat' dir='ltr'><strong>virtuti</strong></span> <span class='ocrx_word' id='word_1_180' title='bbox 1325 2512 1728 2566; x_wconf 74' lang='lat' dir='ltr'><strong>incumbentium.</strong></span> <span class='ocrx_word' id='word_1_181' title='bbox 1750 2543 1823 2554; x_wconf 88' lang='lat'><strong>-</strong></span> <span class='ocrx_word' id='word_1_182' title='bbox 1849 2514 2048 2580; x_wconf 89' lang='lat' dir='ltr'><strong>Quam-</strong></span> 
     </span>
    </p>
   </div>
   <div class='ocr_carea' id='block_1_26' title="bbox 463 2604 2046 2674">
    <p class='ocr_par' dir='ltr' id='par_1_26' title="bbox 463 2604 2046 2674">
     <span class='ocr_line' id='line_1_26' title="bbox 463 2604 2046 2674; baseline 0.003 -16"><span class='ocrx_word' id='word_1_183' title='bbox 463 2604 648 2659; x_wconf 90' lang='lat' dir='ltr'><strong>obrem</strong></span> <span class='ocrx_word' id='word_1_184' title='bbox 677 2605 834 2674; x_wconf 87' lang='lat' dir='ltr'><strong>longe</strong></span> <span class='ocrx_word' id='word_1_185' title='bbox 878 2607 1070 2659; x_wconf 89' lang='lat' dir='ltr'><strong>melius</strong></span> <span class='ocrx_word' id='word_1_186' title='bbox 1106 2613 1206 2668; x_wconf 89' lang='lat' dir='ltr'><strong>est,</strong></span> <span class='ocrx_word' id='word_1_187' title='bbox 1236 2604 1508 2660; x_wconf 91' lang='lat' dir='ltr'><strong>dominum</strong></span> <span class='ocrx_word' id='word_1_188' title='bbox 1539 2605 1620 2658; x_wconf 91' lang='lat' dir='ltr'><strong>sui</strong></span> <span class='ocrx_word' id='word_1_189' title='bbox 1663 2620 1738 2659; x_wconf 9' lang='lat' dir='ltr'><strong>ac;</strong></span> <span class='ocrx_word' id='word_1_190' title='bbox 1759 2607 1989 2661; x_wconf 90' lang='lat' dir='ltr'><strong>solutum</strong></span> <span class='ocrx_word' id='word_1_191' title='bbox 2017 2625 2046 2663; x_wconf 89' lang='lat' dir='ltr'><strong>a</strong></span> 
     </span>
    </p>
   </div>
   <div class='ocr_carea' id='block_1_27' title="bbox 466 2693 2044 2765">
    <p class='ocr_par' dir='ltr' id='par_1_27' title="bbox 466 2693 2044 2765">
     <span class='ocr_line' id='line_1_27' title="bbox 466 2693 2044 2765; baseline 0.003 -17"><span class='ocrx_word' id='word_1_192' title='bbox 466 2694 716 2763; x_wconf 69' lang='lat' dir='ltr'><strong>primmva</strong></span> <span class='ocrx_word' id='word_1_193' title='bbox 741 2704 896 2749; x_wconf 71' lang='lat' dir='ltr'><strong>aetate</strong></span> <span class='ocrx_word' id='word_1_194' title='bbox 923 2696 1087 2748; x_wconf 90' lang='lat' dir='ltr'><strong>armis</strong></span> <span class='ocrx_word' id='word_1_195' title='bbox 1108 2695 1371 2749; x_wconf 90' lang='lat' dir='ltr'><strong>instruere</strong></span> <span class='ocrx_word' id='word_1_196' title='bbox 1391 2735 1406 2760; x_wconf 97' lang='lat'><strong>,</strong></span> <span class='ocrx_word' id='word_1_197' title='bbox 1431 2708 1536 2747; x_wconf 91' lang='lat' dir='ltr'><strong>non</strong></span> <span class='ocrx_word' id='word_1_198' title='bbox 1566 2693 1634 2747; x_wconf 91' lang='lat' dir='ltr'><strong>ob</strong></span> <span class='ocrx_word' id='word_1_199' title='bbox 1665 2709 1725 2750; x_wconf 90' lang='lat' dir='ltr'><strong>ea</strong></span> <span class='ocrx_word' id='word_1_200' title='bbox 1755 2711 1873 2765; x_wconf 70' lang='lat' dir='ltr'><strong>qum</strong></span> <span class='ocrx_word' id='word_1_201' title='bbox 1907 2698 2044 2752; x_wconf 91' lang='lat' dir='ltr'><strong>dicta</strong></span> 
     </span>
    </p>
   </div>
   <div class='ocr_carea' id='block_1_28' title="bbox 463 2783 2042 2856">
    <p class='ocr_par' dir='ltr' id='par_1_28' title="bbox 463 2783 2042 2856">
     <span class='ocr_line' id='line_1_28' title="bbox 463 2783 2042 2856; baseline 0.003 -18"><span class='ocrx_word' id='word_1_202' title='bbox 463 2792 851 2847; x_wconf 89' lang='lat' dir='ltr'><strong>sunttantum,</strong></span> <span class='ocrx_word' id='word_1_203' title='bbox 886 2783 980 2838; x_wconf 89' lang='lat' dir='ltr'><strong>sed</strong></span> <span class='ocrx_word' id='word_1_204' title='bbox 1023 2799 1133 2838; x_wconf 86' lang='lat' dir='ltr'><strong>non</strong></span> <span class='ocrx_word' id='word_1_205' title='bbox 1170 2783 1344 2837; x_wconf 90' lang='lat' dir='ltr'><strong>minus</strong></span> <span class='ocrx_word' id='word_1_206' title='bbox 1368 2783 1526 2837; x_wconf 90' lang='lat' dir='ltr'><strong>etiam</strong></span> <span class='ocrx_word' id='word_1_207' title='bbox 1567 2783 1683 2853; x_wconf 89' lang='lat' dir='ltr'><strong>ejus</strong></span> <span class='ocrx_word' id='word_1_208' title='bbox 1735 2786 1811 2840; x_wconf 88' lang='lat' dir='ltr'><strong>rei</strong></span> <span class='ocrx_word' id='word_1_209' title='bbox 1855 2789 2042 2856; x_wconf 86' lang='lat' dir='ltr'><strong>gratia,</strong></span> 
     </span>
    </p>
   </div>
   <div class='ocr_carea' id='block_1_29' title="bbox 459 2875 2046 2945">
    <p class='ocr_par' dir='ltr' id='par_1_29' title="bbox 459 2875 2046 2945">
     <span class='ocr_line' id='line_1_29' title="bbox 459 2875 2046 2945; baseline 0.004 -16"><span class='ocrx_word' id='word_1_210' title='bbox 459 2890 579 2942; x_wconf 73' lang='lat' dir='ltr'><strong>qua:</strong></span> <span class='ocrx_word' id='word_1_211' title='bbox 605 2890 728 2928; x_wconf 78' lang='lat' dir='ltr'><strong>mox</strong></span> <span class='ocrx_word' id='word_1_212' title='bbox 754 2875 984 2930; x_wconf 87' lang='lat' dir='ltr'><strong>dicetur.</strong></span> <span class='ocrx_word' id='word_1_213' title='bbox 1021 2875 1150 2928; x_wconf 85' lang='lat' dir='ltr'><strong>Nam</strong></span> <span class='ocrx_word' id='word_1_214' title='bbox 1178 2875 1267 2945; x_wconf 93' lang='lat' dir='ltr'><strong>qui</strong></span> <span class='ocrx_word' id='word_1_215' title='bbox 1302 2890 1490 2931; x_wconf 86' lang='lat' dir='ltr'><strong>versus</strong></span> <span class='ocrx_word' id='word_1_216' title='bbox 1533 2875 1692 2930; x_wconf 88' lang='lat' dir='ltr'><strong>ﬁnem</strong></span> <span class='ocrx_word' id='word_1_217' title='bbox 1743 2877 1862 2932; x_wconf 85' lang='lat' dir='ltr'><strong>vitae</strong></span> <span class='ocrx_word' id='word_1_218' title='bbox 1911 2880 2046 2936; x_wconf 88' lang='lat' dir='ltr'><strong>hanc</strong></span> 
     </span>
    </p>
   </div>
   <div class='ocr_carea' id='block_1_30' title="bbox 459 2966 2046 3036">
    <p class='ocr_par' dir='ltr' id='par_1_30' title="bbox 459 2966 2046 3036">
     <span class='ocr_line' id='line_1_30' title="bbox 459 2966 2046 3036; baseline 0.006 -17"><span class='ocrx_word' id='word_1_219' title='bbox 459 2967 849 3036; x_wconf 81' lang='lat' dir='ltr'><strong>philosOpbiam</strong></span> <span class='ocrx_word' id='word_1_220' title='bbox 891 2966 1193 3036; x_wconf 80' lang='lat' dir='ltr'><strong>aggreditur</strong></span> <span class='ocrx_word' id='word_1_221' title='bbox 1213 3007 1228 3031; x_wconf 98' lang='lat'><strong>,</strong></span> <span class='ocrx_word' id='word_1_222' title='bbox 1251 2981 1412 3020; x_wconf 91' lang='lat' dir='ltr'><strong>omne</strong></span> <span class='ocrx_word' id='word_1_223' title='bbox 1450 2974 1662 3035; x_wconf 90' lang='lat' dir='ltr'><strong>tempus</strong></span> <span class='ocrx_word' id='word_1_224' title='bbox 1690 2969 1957 3035; x_wconf 89' lang='lat' dir='ltr'><strong>conterit,</strong></span> <span class='ocrx_word' id='word_1_225' title='bbox 1988 2981 2046 3028; x_wconf 87' lang='lat' dir='ltr'><strong>ut</strong></span> 
     </span>
    </p>
   </div>
   <div class='ocr_carea' id='block_1_31' title="bbox 460 3059 2039 3133">
    <p class='ocr_par' dir='ltr' id='par_1_31' title="bbox 460 3059 2039 3133">
     <span class='ocr_line' id='line_1_31' title="bbox 460 3059 2039 3133; baseline 0.006 -22"><span class='ocrx_word' id='word_1_226' title='bbox 460 3066 672 3128; x_wconf 89' lang='lat' dir='ltr'><strong>peccata</strong></span> <span class='ocrx_word' id='word_1_227' title='bbox 714 3059 882 3127; x_wconf 77' lang='lat' dir='ltr'><strong>possit</strong></span> <span class='ocrx_word' id='word_1_228' title='bbox 931 3060 984 3112; x_wconf 85' lang='lat' dir='ltr'><strong>in</strong></span> <span class='ocrx_word' id='word_1_229' title='bbox 1014 3059 1281 3128; x_wconf 62' lang='lat' dir='ltr'><strong>praeterita</strong></span> <span class='ocrx_word' id='word_1_230' title='bbox 1309 3066 1465 3112; x_wconf 62' lang='lat' dir='ltr'><strong>aetate</strong></span> <span class='ocrx_word' id='word_1_231' title='bbox 1507 3059 1738 3133; x_wconf 78' lang='lat' dir='ltr'><strong>admissa</strong></span> <span class='ocrx_word' id='word_1_232' title='bbox 1788 3060 2039 3131; x_wconf 88' lang='lat' dir='ltr'><strong>abluere;</strong></span> 
     </span>
    </p>
   </div>
   <div class='ocr_carea' id='block_1_32' title="bbox 376 3148 2043 3226">
    <p class='ocr_par' dir='ltr' id='par_1_32' title="bbox 376 3148 2043 3226">
     <span class='ocr_line' id='line_1_32' title="bbox 376 3148 2043 3226; baseline 0.007 -25"><span class='ocrx_word' id='word_1_233' title='bbox 376 3163 384 3172; x_wconf 72' lang='grc'><strong>’·</strong></span> <span class='ocrx_word' id='word_1_234' title='bbox 454 3148 673 3219; x_wconf 80' lang='lat' dir='ltr'><strong>ejusque</strong></span> <span class='ocrx_word' id='word_1_235' title='bbox 708 3158 876 3203; x_wconf 91' lang='lat' dir='ltr'><strong>totum</strong></span> <span class='ocrx_word' id='word_1_236' title='bbox 903 3150 1135 3204; x_wconf 89' lang='lat' dir='ltr'><strong>studium</strong></span> <span class='ocrx_word' id='word_1_237' title='bbox 1166 3149 1266 3205; x_wconf 89' lang='lat' dir='ltr'><strong>hac</strong></span> <span class='ocrx_word' id='word_1_238' title='bbox 1292 3149 1347 3204; x_wconf 84' lang='lat' dir='ltr'><strong>in</strong></span> <span class='ocrx_word' id='word_1_239' title='bbox 1377 3165 1436 3204; x_wconf 89' lang='lat' dir='ltr'><strong>re</strong></span> <span class='ocrx_word' id='word_1_240' title='bbox 1464 3152 1831 3220; x_wconf 89' lang='lat' dir='ltr'><strong>consumitur;</strong></span> <span class='ocrx_word' id='word_1_241' title='bbox 1874 3171 2043 3226; x_wconf 84' lang='lat' dir='ltr'><strong>saepe-</strong></span> 
     </span>
    </p>
   </div>
   <div class='ocr_carea' id='block_1_33' title="bbox 454 3240 2042 3310">
    <p class='ocr_par' dir='ltr' id='par_1_33' title="bbox 454 3240 2042 3310">
     <span class='ocr_line' id='line_1_33' title="bbox 454 3240 2042 3310; baseline 0.008 -18"><span class='ocrx_word' id='word_1_242' title='bbox 454 3254 560 3308; x_wconf 81' lang='lat' dir='ltr'><strong>que</strong></span> <span class='ocrx_word' id='word_1_243' title='bbox 584 3240 841 3309; x_wconf 88' lang='lat' dir='ltr'><strong>contingit</strong></span> <span class='ocrx_word' id='word_1_244' title='bbox 872 3248 929 3294; x_wconf 94' lang='lat' dir='ltr'><strong>ut</strong></span> <span class='ocrx_word' id='word_1_245' title='bbox 959 3257 1062 3294; x_wconf 89' lang='lat' dir='ltr'><strong>non</strong></span> <span class='ocrx_word' id='word_1_246' title='bbox 1092 3250 1176 3295; x_wconf 88' lang='lat' dir='ltr'><strong>sat</strong></span> <span class='ocrx_word' id='word_1_247' title='bbox 1203 3240 1460 3309; x_wconf 90' lang='lat' dir='ltr'><strong>temporis</strong></span> <span class='ocrx_word' id='word_1_248' title='bbox 1491 3241 1719 3310; x_wconf 89' lang='lat' dir='ltr'><strong>habeat,</strong></span> <span class='ocrx_word' id='word_1_249' title='bbox 1755 3258 1810 3302; x_wconf 91' lang='lat' dir='ltr'><strong>et</strong></span> <span class='ocrx_word' id='word_1_250' title='bbox 1850 3266 1915 3303; x_wconf 86' lang='lat' dir='ltr'><strong>ex</strong></span> <span class='ocrx_word' id='word_1_251' title='bbox 1943 3250 2042 3304; x_wconf 78' lang='lat' dir='ltr'><strong>liae</strong></span> 
     </span>
    </p>
   </div>
   <div class='ocr_carea' id='block_1_34' title="bbox 453 3329 2042 3404">
    <p class='ocr_par' dir='ltr' id='par_1_34' title="bbox 453 3329 2042 3404">
     <span class='ocr_line' id='line_1_34' title="bbox 453 3329 2042 3404; baseline 0.009 -22"><span class='ocrx_word' id='word_1_252' title='bbox 453 3329 559 3383; x_wconf 91' lang='lat' dir='ltr'><strong>vita</strong></span> <span class='ocrx_word' id='word_1_253' title='bbox 598 3329 838 3385; x_wconf 87' lang='lat' dir='ltr'><strong>discedat</strong></span> <span class='ocrx_word' id='word_1_254' title='bbox 884 3331 1164 3404; x_wconf 85' lang='lat' dir='ltr'><strong>vulnerum</strong></span> <span class='ocrx_word' id='word_1_255' title='bbox 1193 3330 1447 3399; x_wconf 89' lang='lat' dir='ltr'><strong>reliquias</strong></span> <span class='ocrx_word' id='word_1_256' title='bbox 1494 3347 1675 3393; x_wconf 90' lang='lat' dir='ltr'><strong>secum</strong></span> <span class='ocrx_word' id='word_1_257' title='bbox 1716 3339 1916 3395; x_wconf 89' lang='lat' dir='ltr'><strong>ferens.</strong></span> <span class='ocrx_word' id='word_1_258' title='bbox 1973 3343 2042 3394; x_wconf 82' lang='lat' dir='ltr'><strong>At</strong></span> 
     </span>
    </p>
   </div>
   <div class='ocr_carea' id='block_1_35' title="bbox 454 3423 2040 3502">
    <p class='ocr_par' dir='ltr' id='par_1_35' title="bbox 454 3423 2040 3502">
     <span class='ocr_line' id='line_1_35' title="bbox 454 3423 2040 3502; baseline 0.009 -29"><span class='ocrx_word' id='word_1_259' title='bbox 454 3437 584 3477; x_wconf 86' lang='lat' dir='ltr'><strong>vero</strong></span> <span class='ocrx_word' id='word_1_260' title='bbox 609 3423 695 3492; x_wconf 82' lang='lat' dir='ltr'><strong>qui</strong></span> <span class='ocrx_word' id='word_1_261' title='bbox 720 3439 748 3475; x_wconf 92' lang='lat' dir='ltr'><strong>a</strong></span> <span class='ocrx_word' id='word_1_262' title='bbox 769 3423 936 3491; x_wconf 86' lang='lat' dir='ltr'><strong>prima</strong></span> <span class='ocrx_word' id='word_1_263' title='bbox 962 3433 1118 3478; x_wconf 72' lang='lat' dir='ltr'><strong>actate</strong></span> <span class='ocrx_word' id='word_1_264' title='bbox 1145 3439 1202 3478; x_wconf 91' lang='lat' dir='ltr'><strong>se</strong></span> <span class='ocrx_word' id='word_1_265' title='bbox 1229 3423 1398 3488; x_wconf 85' lang='lat' dir='ltr'><strong>exuit,</strong></span> <span class='ocrx_word' id='word_1_266' title='bbox 1417 3439 1521 3480; x_wconf 88' lang='lat' dir='ltr'><strong>non</strong></span> <span class='ocrx_word' id='word_1_267' title='bbox 1544 3428 1644 3485; x_wconf 90' lang='lat' dir='ltr'><strong>bac</strong></span> <span class='ocrx_word' id='word_1_268' title='bbox 1671 3433 1724 3487; x_wconf 91' lang='lat' dir='ltr'><strong>in</strong></span> <span class='ocrx_word' id='word_1_269' title='bbox 1746 3448 1805 3488; x_wconf 88' lang='lat' dir='ltr'><strong>re</strong></span> <span class='ocrx_word' id='word_1_270' title='bbox 1832 3443 2040 3502; x_wconf 89' lang='lat' dir='ltr'><strong>tempus</strong></span> 
     </span>
    </p>
   </div>
   <div class='ocr_carea' id='block_1_36' title="bbox 452 3514 2039 3587">
    <p class='ocr_par' dir='ltr' id='par_1_36' title="bbox 452 3514 2039 3587">
     <span class='ocr_line' id='line_1_36' title="bbox 452 3514 2039 3587; baseline 0.008 -21"><span class='ocrx_word' id='word_1_271' title='bbox 452 3514 700 3577; x_wconf 80' lang='lat' dir='ltr'><strong>absumit,</strong></span> <span class='ocrx_word' id='word_1_272' title='bbox 729 3530 827 3569; x_wconf 88' lang='lat' dir='ltr'><strong>nec</strong></span> <span class='ocrx_word' id='word_1_273' title='bbox 853 3515 1001 3569; x_wconf 90' lang='lat' dir='ltr'><strong>sedet</strong></span> <span class='ocrx_word' id='word_1_274' title='bbox 1036 3530 1234 3570; x_wconf 86' lang='lat' dir='ltr'><strong>curans</strong></span> <span class='ocrx_word' id='word_1_275' title='bbox 1275 3519 1522 3587; x_wconf 86' lang='lat' dir='ltr'><strong>vulnera,</strong></span> <span class='ocrx_word' id='word_1_276' title='bbox 1567 3522 1664 3578; x_wconf 90' lang='lat' dir='ltr'><strong>sed</strong></span> <span class='ocrx_word' id='word_1_277' title='bbox 1702 3525 1771 3579; x_wconf 91' lang='lat' dir='ltr'><strong>ab</strong></span> <span class='ocrx_word' id='word_1_278' title='bbox 1818 3524 2039 3579; x_wconf 83' lang='lat' dir='ltr'><strong>exordio</strong></span> 
     </span>
    </p>
   </div>
   <div class='ocr_carea' id='block_1_37' title="bbox 454 3607 2038 3679">
    <p class='ocr_par' dir='ltr' id='par_1_37' title="bbox 454 3607 2038 3679">
     <span class='ocr_line' id='line_1_37' title="bbox 454 3607 2038 3679; baseline 0.006 -19"><span class='ocrx_word' id='word_1_279' title='bbox 454 3607 668 3676; x_wconf 68' lang='lat' dir='ltr'><strong>praemia</strong></span> <span class='ocrx_word' id='word_1_280' title='bbox 689 3607 984 3675; x_wconf 85' lang='lat' dir='ltr'><strong>accipit.Ac</strong></span> <span class='ocrx_word' id='word_1_281' title='bbox 1011 3608 1085 3661; x_wconf 93' lang='lat' dir='ltr'><strong>illi</strong></span> <span class='ocrx_word' id='word_1_282' title='bbox 1111 3610 1326 3679; x_wconf 92' lang='lat' dir='ltr'><strong>quidem</strong></span> <span class='ocrx_word' id='word_1_283' title='bbox 1353 3615 1482 3668; x_wconf 84' lang='lat' dir='ltr'><strong>satis</strong></span> <span class='ocrx_word' id='word_1_284' title='bbox 1506 3625 1588 3669; x_wconf 89' lang='lat' dir='ltr'><strong>est</strong></span> <span class='ocrx_word' id='word_1_285' title='bbox 1613 3617 1903 3672; x_wconf 84' lang='lat' dir='ltr'><strong>sarciendis</strong></span> <span class='ocrx_word' id='word_1_286' title='bbox 1924 3617 2038 3671; x_wconf 89' lang='lat' dir='ltr'><strong>cla-</strong></span> 
     </span>
    </p>
   </div>
   <div class='ocr_carea' id='block_1_38' title="bbox 453 3697 2036 3778">
    <p class='ocr_par' dir='ltr' id='par_1_38' title="bbox 453 3697 2036 3778">
     <span class='ocr_line' id='line_1_38' title="bbox 453 3697 2036 3778; baseline 0.006 -26"><span class='ocrx_word' id='word_1_287' title='bbox 453 3697 608 3752; x_wconf 90' lang='lat' dir='ltr'><strong>dibus</strong></span> <span class='ocrx_word' id='word_1_288' title='bbox 628 3698 874 3752; x_wconf 88' lang='lat' dir='ltr'><strong>omnibus</strong></span> <span class='ocrx_word' id='word_1_289' title='bbox 906 3714 1132 3768; x_wconf 82' lang='lat' dir='ltr'><strong>pugnam</strong></span> <span class='ocrx_word' id='word_1_290' title='bbox 1162 3703 1328 3766; x_wconf 86' lang='lat' dir='ltr'><strong>inire;</strong></span> <span class='ocrx_word' id='word_1_291' title='bbox 1361 3703 1447 3759; x_wconf 88' lang='lat' dir='ltr'><strong>hic</strong></span> <span class='ocrx_word' id='word_1_292' title='bbox 1469 3715 1647 3761; x_wconf 88' lang='lat' dir='ltr'><strong>autem</strong></span> <span class='ocrx_word' id='word_1_293' title='bbox 1678 3707 1746 3761; x_wconf 88' lang='lat' dir='ltr'><strong>ab</strong></span> <span class='ocrx_word' id='word_1_294' title='bbox 1771 3709 1886 3778; x_wconf 90' lang='lat' dir='ltr'><strong>ipso</strong></span> <span class='ocrx_word' id='word_1_295' title='bbox 1911 3724 2036 3762; x_wconf 86' lang='lat' dir='ltr'><strong>cur-</strong></span> 
     </span>
    </p>
   </div>
   <div class='ocr_carea' id='block_1_39' title="bbox 454 3791 2035 3862">
    <p class='ocr_par' dir='ltr' id='par_1_39' title="bbox 454 3791 2035 3862">
     <span class='ocr_line' id='line_1_39' title="bbox 454 3791 2035 3862; baseline 0.006 -16"><span class='ocrx_word' id='word_1_296' title='bbox 454 3806 546 3846; x_wconf 90' lang='lat' dir='ltr'><strong>sus</strong></span> <span class='ocrx_word' id='word_1_297' title='bbox 577 3791 816 3860; x_wconf 85' lang='lat' dir='ltr'><strong>ingressu</strong></span> <span class='ocrx_word' id='word_1_298' title='bbox 849 3801 1044 3860; x_wconf 71' lang='lat' dir='ltr'><strong>tropzea</strong></span> <span class='ocrx_word' id='word_1_299' title='bbox 1076 3793 1265 3862; x_wconf 78' lang='lat' dir='ltr'><strong>erigit,</strong></span> <span class='ocrx_word' id='word_1_300' title='bbox 1297 3804 1352 3849; x_wconf 90' lang='lat' dir='ltr'><strong>et</strong></span> <span class='ocrx_word' id='word_1_301' title='bbox 1379 3797 1631 3853; x_wconf 82' lang='lat' dir='ltr'><strong>victorias</strong></span> <span class='ocrx_word' id='word_1_302' title='bbox 1660 3799 1900 3854; x_wconf 79' lang='lat' dir='ltr'><strong>victoriis</strong></span> <span class='ocrx_word' id='word_1_303' title='bbox 1941 3801 2035 3855; x_wconf 86' lang='lat' dir='ltr'><strong>ad-</strong></span> 
     </span>
    </p>
   </div>
   <div class='ocr_carea' id='block_1_40' title="bbox 453 3882 2036 3960">
    <p class='ocr_par' dir='ltr' id='par_1_40' title="bbox 453 3882 2036 3960">
     <span class='ocr_line' id='line_1_40' title="bbox 453 3882 2036 3960; baseline 0.008 -23"><span class='ocrx_word' id='word_1_304' title='bbox 453 3882 702 3950; x_wconf 89' lang='lat' dir='ltr'><strong>dit,velut</strong></span> <span class='ocrx_word' id='word_1_305' title='bbox 719 3882 973 3954; x_wconf 83' lang='lat' dir='ltr'><strong>Olympici</strong></span> <span class='ocrx_word' id='word_1_306' title='bbox 992 3886 1297 3941; x_wconf 87' lang='lat' dir='ltr'><strong>certaminis</strong></span> <span class='ocrx_word' id='word_1_307' title='bbox 1313 3889 1501 3955; x_wconf 88' lang='lat' dir='ltr'><strong>victor,</strong></span> <span class='ocrx_word' id='word_1_308' title='bbox 1520 3891 1608 3960; x_wconf 91' lang='lat' dir='ltr'><strong>qui</strong></span> <span class='ocrx_word' id='word_1_309' title='bbox 1635 3906 1665 3944; x_wconf 89' lang='lat' dir='ltr'><strong>a</strong></span> <span class='ocrx_word' id='word_1_310' title='bbox 1689 3893 1854 3960; x_wconf 88' lang='lat' dir='ltr'><strong>prima</strong></span> <span class='ocrx_word' id='word_1_311' title='bbox 1881 3903 2036 3949; x_wconf 70' lang='lat' dir='ltr'><strong>aetate</strong></span> 
     </span>
    </p>
   </div>
   <div class='ocr_carea' id='block_1_41' title="bbox 455 3975 2033 4055">
    <p class='ocr_par' dir='ltr' id='par_1_41' title="bbox 455 3975 2033 4055">
     <span class='ocr_line' id='line_1_41' title="bbox 455 3975 2033 4055; baseline 0.008 -27"><span class='ocrx_word' id='word_1_312' title='bbox 455 3989 549 4043; x_wconf 90' lang='lat' dir='ltr'><strong>per</strong></span> <span class='ocrx_word' id='word_1_313' title='bbox 577 3975 810 4030; x_wconf 77' lang='lat' dir='ltr'><strong>vietoriae</strong></span> <span class='ocrx_word' id='word_1_314' title='bbox 840 3976 1282 4044; x_wconf 89' lang='lat' dir='ltr'><strong>proclamationes</strong></span> <span class='ocrx_word' id='word_1_315' title='bbox 1311 3979 1378 4034; x_wconf 91' lang='lat' dir='ltr'><strong>ad</strong></span> <span class='ocrx_word' id='word_1_316' title='bbox 1404 3991 1674 4037; x_wconf 89' lang='lat' dir='ltr'><strong>senectam</strong></span> <span class='ocrx_word' id='word_1_317' title='bbox 1698 4000 1864 4053; x_wconf 87' lang='lat' dir='ltr'><strong>usque</strong></span> <span class='ocrx_word' id='word_1_318' title='bbox 1907 4001 2033 4055; x_wconf 84' lang='lat' dir='ltr'><strong>pro-</strong></span> 
     </span>
    </p>
   </div>
   <div class='ocr_carea' id='block_1_42' title="bbox 450 4067 2034 4145">
    <p class='ocr_par' dir='ltr' id='par_1_42' title="bbox 450 4067 2034 4145">
     <span class='ocr_line' id='line_1_42' title="bbox 450 4067 2034 4145; baseline 0.008 -26"><span class='ocrx_word' id='word_1_319' title='bbox 450 4080 684 4136; x_wconf 77' lang='lat' dir='ltr'><strong>gressus,</strong></span> <span class='ocrx_word' id='word_1_320' title='bbox 712 4067 790 4120; x_wconf 87' lang='lat' dir='ltr'><strong>sic</strong></span> <span class='ocrx_word' id='word_1_321' title='bbox 815 4067 1027 4120; x_wconf 91' lang='lat' dir='ltr'><strong>demum</strong></span> <span class='ocrx_word' id='word_1_322' title='bbox 1055 4067 1264 4123; x_wconf 87' lang='lat' dir='ltr'><strong>decedit</strong></span> <span class='ocrx_word' id='word_1_323' title='bbox 1289 4070 1581 4127; x_wconf 86' lang='lat' dir='ltr'><strong>innumeris</strong></span> <span class='ocrx_word' id='word_1_324' title='bbox 1609 4075 1822 4128; x_wconf 86' lang='lat' dir='ltr'><strong>coronis</strong></span> <span class='ocrx_word' id='word_1_325' title='bbox 1861 4077 2034 4145; x_wconf 90' lang='lat' dir='ltr'><strong>capite</strong></span> 
     </span>
    </p>
   </div>
   <div class='ocr_carea' id='block_1_43' title="bbox 448 4155 2032 4228">
    <p class='ocr_par' dir='ltr' id='par_1_43' title="bbox 448 4155 2032 4228">
     <span class='ocr_line' id='line_1_43' title="bbox 448 4155 2032 4228; baseline 0.007 -19"><span class='ocrx_word' id='word_1_326' title='bbox 448 4155 748 4210; x_wconf 88' lang='lat' dir='ltr'><strong>redimitus.</strong></span> <span class='ocrx_word' id='word_1_327' title='bbox 773 4157 851 4209; x_wconf 79' lang='lat' dir='ltr'><strong>Ex</strong></span> <span class='ocrx_word' id='word_1_328' title='bbox 877 4173 1102 4226; x_wconf 85' lang='lat' dir='ltr'><strong>quorum</strong></span> <span class='ocrx_word' id='word_1_329' title='bbox 1125 4158 1302 4228; x_wconf 87' lang='lat' dir='ltr'><strong>itaque</strong></span> <span class='ocrx_word' id='word_1_330' title='bbox 1321 4176 1542 4216; x_wconf 90' lang='lat' dir='ltr'><strong>numero</strong></span> <span class='ocrx_word' id='word_1_331' title='bbox 1569 4164 1646 4218; x_wconf 85' lang='lat' dir='ltr'><strong>vis</strong></span> <span class='ocrx_word' id='word_1_332' title='bbox 1679 4164 1848 4220; x_wconf 90' lang='lat' dir='ltr'><strong>ﬁlium</strong></span> <span class='ocrx_word' id='word_1_333' title='bbox 1885 4175 2032 4220; x_wconf 91' lang='lat' dir='ltr'><strong>tuum</strong></span> 
     </span>
    </p>
   </div>
   <div class='ocr_carea' id='block_1_44' title="bbox 450 4245 2031 4324">
    <p class='ocr_par' dir='ltr' id='par_1_44' title="bbox 450 4245 2031 4324">
     <span class='ocr_line' id='line_1_44' title="bbox 450 4245 2031 4324; baseline 0.007 -24"><span class='ocrx_word' id='word_1_334' title='bbox 450 4245 609 4300; x_wconf 88' lang='lat' dir='ltr'><strong>esse?</strong></span> <span class='ocrx_word' id='word_1_335' title='bbox 639 4260 894 4300; x_wconf 89' lang='lat' dir='ltr'><strong>eorumne</strong></span> <span class='ocrx_word' id='word_1_336' title='bbox 915 4247 1004 4316; x_wconf 90' lang='lat' dir='ltr'><strong>qui</strong></span> <span class='ocrx_word' id='word_1_337' title='bbox 1041 4263 1227 4319; x_wconf 85' lang='lat' dir='ltr'><strong>magna</strong></span> <span class='ocrx_word' id='word_1_338' title='bbox 1251 4265 1374 4306; x_wconf 90' lang='lat' dir='ltr'><strong>cum</strong></span> <span class='ocrx_word' id='word_1_339' title='bbox 1401 4250 1590 4307; x_wconf 89' lang='lat' dir='ltr'><strong>ﬁducia</strong></span> <span class='ocrx_word' id='word_1_340' title='bbox 1617 4253 1762 4324; x_wconf 90' lang='lat' dir='ltr'><strong>ipsos</strong></span> <span class='ocrx_word' id='word_1_341' title='bbox 1805 4256 2031 4311; x_wconf 87' lang='lat' dir='ltr'><strong>archan-</strong></span> 
     </span>
    </p>
   </div>
   <div class='ocr_carea' id='block_1_45' title="bbox 453 4335 2034 4412">
    <p class='ocr_par' dir='ltr' id='par_1_45' title="bbox 453 4335 2034 4412">
     <span class='ocr_line' id='line_1_45' title="bbox 453 4335 2034 4412; baseline 0.008 -23"><span class='ocrx_word' id='word_1_342' title='bbox 453 4335 599 4406; x_wconf 88' lang='lat' dir='ltr'><strong>gclos</strong></span> <span class='ocrx_word' id='word_1_343' title='bbox 628 4335 820 4390; x_wconf 90' lang='lat' dir='ltr'><strong>intueri</strong></span> <span class='ocrx_word' id='word_1_344' title='bbox 841 4347 1082 4405; x_wconf 89' lang='lat' dir='ltr'><strong>possunt,</strong></span> <span class='ocrx_word' id='word_1_345' title='bbox 1111 4353 1178 4394; x_wconf 87' lang='lat' dir='ltr'><strong>an</strong></span> <span class='ocrx_word' id='word_1_346' title='bbox 1201 4355 1386 4397; x_wconf 90' lang='lat' dir='ltr'><strong>eorum</strong></span> <span class='ocrx_word' id='word_1_347' title='bbox 1416 4343 1505 4412; x_wconf 90' lang='lat' dir='ltr'><strong>qui</strong></span> <span class='ocrx_word' id='word_1_348' title='bbox 1533 4345 1747 4399; x_wconf 86' lang='lat' dir='ltr'><strong>stantin</strong></span> <span class='ocrx_word' id='word_1_349' title='bbox 1778 4346 1952 4410; x_wconf 90' lang='lat' dir='ltr'><strong>turba,</strong></span> <span class='ocrx_word' id='word_1_350' title='bbox 1979 4359 2034 4403; x_wconf 90' lang='lat' dir='ltr'><strong>et</strong></span> 
     </span>
    </p>
   </div>
   <div class='ocr_carea' id='block_1_46' title="bbox 459 4427 2031 4508">
    <p class='ocr_par' dir='ltr' id='par_1_46' title="bbox 459 4427 2031 4508">
     <span class='ocr_line' id='line_1_46' title="bbox 459 4427 2031 4508; baseline 0.008 -26"><span class='ocrx_word' id='word_1_351' title='bbox 459 4427 702 4482; x_wconf 89' lang='lat' dir='ltr'><strong>ultimum</strong></span> <span class='ocrx_word' id='word_1_352' title='bbox 726 4439 941 4484; x_wconf 86' lang='lat' dir='ltr'><strong>servant</strong></span> <span class='ocrx_word' id='word_1_353' title='bbox 982 4431 1265 4487; x_wconf 80' lang='lat' dir='ltr'><strong>ordinem?</strong></span> <span class='ocrx_word' id='word_1_354' title='bbox 1290 4434 1599 4490; x_wconf 84' lang='lat' dir='ltr'><strong>Extremum</strong></span> <span class='ocrx_word' id='word_1_355' title='bbox 1642 4451 1868 4508; x_wconf 88' lang='lat' dir='ltr'><strong>namque</strong></span> <span class='ocrx_word' id='word_1_356' title='bbox 1913 4455 2031 4494; x_wconf 85' lang='lat' dir='ltr'><strong>sor-</strong></span> 
     </span>
    </p>
   </div>
   <div class='ocr_carea' id='block_1_47' title="bbox 452 4519 2034 4598">
    <p class='ocr_par' dir='ltr' id='par_1_47' title="bbox 452 4519 2034 4598">
     <span class='ocr_line' id='line_1_47' title="bbox 452 4519 2034 4598; baseline 0.007 -27"><span class='ocrx_word' id='word_1_357' title='bbox 452 4519 650 4574; x_wconf 90' lang='lat' dir='ltr'><strong>tientur</strong></span> <span class='ocrx_word' id='word_1_358' title='bbox 676 4521 893 4574; x_wconf 86' lang='lat' dir='ltr'><strong>omnino</strong></span> <span class='ocrx_word' id='word_1_359' title='bbox 915 4562 929 4586; x_wconf 93' lang='lat'><strong>,</strong></span> <span class='ocrx_word' id='word_1_360' title='bbox 964 4521 1008 4576; x_wconf 89' lang='lat' dir='ltr'><strong>si</strong></span> <span class='ocrx_word' id='word_1_361' title='bbox 1034 4531 1210 4578; x_wconf 88' lang='lat' dir='ltr'><strong>tamen</strong></span> <span class='ocrx_word' id='word_1_362' title='bbox 1239 4526 1446 4594; x_wconf 86' lang='lat' dir='ltr'><strong>possint</strong></span> <span class='ocrx_word' id='word_1_363' title='bbox 1485 4541 1546 4580; x_wconf 90' lang='lat' dir='ltr'><strong>ea</strong></span> <span class='ocrx_word' id='word_1_364' title='bbox 1577 4528 1756 4582; x_wconf 92' lang='lat' dir='ltr'><strong>omnia</strong></span> <span class='ocrx_word' id='word_1_365' title='bbox 1811 4529 2034 4598; x_wconf 85' lang='lat' dir='ltr'><strong>impedi-</strong></span> 
     </span>
    </p>
   </div>
   <div class='ocr_carea' id='block_1_48' title="bbox 453 4617 2030 4683">
    <p class='ocr_par' dir='ltr' id='par_1_48' title="bbox 453 4617 2030 4683">
     <span class='ocr_line' id='line_1_48' title="bbox 453 4617 2030 4683; baseline 0.008 -19"><span class='ocrx_word' id='word_1_366' title='bbox 453 4619 632 4665; x_wconf 88' lang='lat' dir='ltr'><strong>menta</strong></span> <span class='ocrx_word' id='word_1_367' title='bbox 676 4619 1056 4677; x_wconf 86' lang='lat' dir='ltr'><strong>transcurrere,</strong></span> <span class='ocrx_word' id='word_1_368' title='bbox 1107 4629 1225 4683; x_wconf 63' lang='lat' dir='ltr'><strong>quae</strong></span> <span class='ocrx_word' id='word_1_369' title='bbox 1276 4617 1436 4671; x_wconf 91' lang='lat' dir='ltr'><strong>modo</strong></span> <span class='ocrx_word' id='word_1_370' title='bbox 1489 4621 1884 4673; x_wconf 86' lang='lat' dir='ltr'><strong>numeravimus</strong></span> <span class='ocrx_word' id='word_1_371' title='bbox 1925 4636 1940 4675; x_wconf 91' lang='lat'><strong>:</strong></span> <span class='ocrx_word' id='word_1_372' title='bbox 1984 4622 2030 4676; x_wconf 91' lang='lat' dir='ltr'><strong>si</strong></span> 
     </span>
    </p>
   </div>
   <div class='ocr_carea' id='block_1_49' title="bbox 452 4709 2030 4780">
    <p class='ocr_par' dir='ltr' id='par_1_49' title="bbox 452 4709 2030 4780">
     <span class='ocr_line' id='line_1_49' title="bbox 452 4709 2030 4780; baseline 0.006 -21"><span class='ocrx_word' id='word_1_373' title='bbox 452 4717 642 4774; x_wconf 85' lang='lat' dir='ltr'><strong>nempe</strong></span> <span class='ocrx_word' id='word_1_374' title='bbox 670 4719 845 4774; x_wconf 84' lang='lat' dir='ltr'><strong>neque</strong></span> <span class='ocrx_word' id='word_1_375' title='bbox 869 4720 1012 4759; x_wconf 93' lang='lat' dir='ltr'><strong>mors</strong></span> <span class='ocrx_word' id='word_1_376' title='bbox 1034 4715 1348 4774; x_wconf 78' lang='lat' dir='ltr'><strong>prmmatura</strong></span> <span class='ocrx_word' id='word_1_377' title='bbox 1371 4709 1512 4778; x_wconf 88' lang='lat' dir='ltr'><strong>ipsos</strong></span> <span class='ocrx_word' id='word_1_378' title='bbox 1527 4709 1837 4780; x_wconf 88' lang='lat' dir='ltr'><strong>abripuerit,</strong></span> <span class='ocrx_word' id='word_1_379' title='bbox 1857 4727 2030 4780; x_wconf 86' lang='lat' dir='ltr'><strong>neque</strong></span> 
     </span>
    </p>
   </div>
   <div class='ocr_carea' id='block_1_50' title="bbox 450 4793 2030 4872">
    <p class='ocr_par' dir='ltr' id='par_1_50' title="bbox 450 4793 2030 4872">
     <span class='ocr_line' id='line_1_50' title="bbox 450 4793 2030 4872; baseline 0.006 -24"><span class='ocrx_word' id='word_1_380' title='bbox 450 4793 520 4848; x_wconf 80' lang='lat' dir='ltr'><strong>ab</strong></span> <span class='ocrx_word' id='word_1_381' title='bbox 542 4808 705 4847; x_wconf 81' lang='lat' dir='ltr'><strong>uxore</strong></span> <span class='ocrx_word' id='word_1_382' title='bbox 725 4804 905 4862; x_wconf 89' lang='lat' dir='ltr'><strong>postea</strong></span> <span class='ocrx_word' id='word_1_383' title='bbox 959 4795 1198 4865; x_wconf 89' lang='lat' dir='ltr'><strong>impediti</strong></span> <span class='ocrx_word' id='word_1_384' title='bbox 1228 4796 1453 4865; x_wconf 88' lang='lat' dir='ltr'><strong>fuerint,</strong></span> <span class='ocrx_word' id='word_1_385' title='bbox 1487 4815 1657 4872; x_wconf 89' lang='lat' dir='ltr'><strong>neque</strong></span> <span class='ocrx_word' id='word_1_386' title='bbox 1695 4809 1772 4857; x_wconf 93' lang='lat' dir='ltr'><strong>tot</strong></span> <span class='ocrx_word' id='word_1_387' title='bbox 1810 4803 2030 4858; x_wconf 84' lang='lat' dir='ltr'><strong>vulnera</strong></span> 
     </span>
    </p>
   </div>
   <div class='ocr_carea' id='block_1_51' title="bbox 447 4885 2028 4962">
    <p class='ocr_par' dir='ltr' id='par_1_51' title="bbox 447 4885 2028 4962">
     <span class='ocr_line' id='line_1_51' title="bbox 447 4885 2028 4962; baseline 0.007 -23"><span class='ocrx_word' id='word_1_388' title='bbox 447 4885 770 4953; x_wconf 87' lang='lat' dir='ltr'><strong>acceperint,</strong></span> <span class='ocrx_word' id='word_1_389' title='bbox 804 4895 861 4939; x_wconf 92' lang='lat' dir='ltr'><strong>ut</strong></span> <span class='ocrx_word' id='word_1_390' title='bbox 885 4901 982 4940; x_wconf 89' lang='lat' dir='ltr'><strong>nec</strong></span> <span class='ocrx_word' id='word_1_391' title='bbox 1009 4895 1173 4940; x_wconf 84' lang='lat' dir='ltr'><strong>totum</strong></span> <span class='ocrx_word' id='word_1_392' title='bbox 1197 4892 1482 4944; x_wconf 90' lang='lat' dir='ltr'><strong>senectutis</strong></span> <span class='ocrx_word' id='word_1_393' title='bbox 1504 4902 1715 4962; x_wconf 90' lang='lat' dir='ltr'><strong>tempus</strong></span> <span class='ocrx_word' id='word_1_394' title='bbox 1730 4894 1796 4948; x_wconf 85' lang='lat' dir='ltr'><strong>ad</strong></span> <span class='ocrx_word' id='word_1_395' title='bbox 1821 4894 1909 4949; x_wconf 89' lang='lat' dir='ltr'><strong>illa</strong></span> <span class='ocrx_word' id='word_1_396' title='bbox 1933 4911 2028 4950; x_wconf 87' lang='lat' dir='ltr'><strong>cu-</strong></span> 
     </span>
    </p>
   </div>
   <div class='ocr_carea' id='block_1_52' title="bbox 448 4973 2029 5054">
    <p class='ocr_par' dir='ltr' id='par_1_52' title="bbox 448 4973 2029 5054">
     <span class='ocr_line' id='line_1_52' title="bbox 448 4973 2029 5054; baseline 0.011 -30"><span class='ocrx_word' id='word_1_397' title='bbox 448 4973 608 5025; x_wconf 85' lang='lat' dir='ltr'><strong>randa</strong></span> <span class='ocrx_word' id='word_1_398' title='bbox 637 4975 896 5039; x_wconf 83' lang='lat' dir='ltr'><strong>sufﬁciat,</strong></span> <span class='ocrx_word' id='word_1_399' title='bbox 936 4985 990 5029; x_wconf 93' lang='lat' dir='ltr'><strong>et</strong></span> <span class='ocrx_word' id='word_1_400' title='bbox 1029 4976 1072 5028; x_wconf 88' lang='lat' dir='ltr'><strong>si</strong></span> <span class='ocrx_word' id='word_1_401' title='bbox 1109 4979 1426 5034; x_wconf 90' lang='lat' dir='ltr'><strong>sententiam</strong></span> <span class='ocrx_word' id='word_1_402' title='bbox 1476 4981 1679 5037; x_wconf 91' lang='lat' dir='ltr'><strong>ﬁrmam</strong></span> <span class='ocrx_word' id='word_1_403' title='bbox 1735 4999 1948 5054; x_wconf 85' lang='lat' dir='ltr'><strong>semper</strong></span> <span class='ocrx_word' id='word_1_404' title='bbox 1975 4995 2029 5042; x_wconf 86' lang='lat' dir='ltr'><strong>et</strong></span> 
     </span>
    </p>
   </div>
   <div class='ocr_carea' id='block_1_53' title="bbox 446 5062 2022 5142">
    <p class='ocr_par' dir='ltr' id='par_1_53' title="bbox 446 5062 2022 5142">
     <span class='ocr_line' id='line_1_53' title="bbox 446 5062 2022 5142; baseline 0.011 -28"><span class='ocrx_word' id='word_1_405' title='bbox 446 5062 718 5115; x_wconf 88' lang='lat' dir='ltr'><strong>immotam</strong></span> <span class='ocrx_word' id='word_1_406' title='bbox 740 5073 975 5118; x_wconf 84' lang='lat' dir='ltr'><strong>servent.</strong></span> <span class='ocrx_word' id='word_1_407' title='bbox 991 5064 1125 5119; x_wconf 90' lang='lat' dir='ltr'><strong>Cum</strong></span> <span class='ocrx_word' id='word_1_408' title='bbox 1142 5067 1281 5121; x_wconf 90' lang='lat' dir='ltr'><strong>enim</strong></span> <span class='ocrx_word' id='word_1_409' title='bbox 1305 5069 1418 5124; x_wconf 65' lang='lat' dir='ltr'><strong>haec</strong></span> <span class='ocrx_word' id='word_1_410' title='bbox 1439 5073 1616 5127; x_wconf 89' lang='lat' dir='ltr'><strong>omnia</strong></span> <span class='ocrx_word' id='word_1_411' title='bbox 1634 5078 2022 5142; x_wconf 87' lang='lat' dir='ltr'><strong>concurrerint,</strong></span> 
     </span>
    </p>
   </div>
   <div class='ocr_carea' id='block_1_54' title="bbox 447 5155 2025 5237">
    <p class='ocr_par' dir='ltr' id='par_1_54' title="bbox 447 5155 2025 5237">
     <span class='ocr_line' id='line_1_54' title="bbox 447 5155 2025 5237; baseline 0.013 -31"><span class='ocrx_word' id='word_1_412' title='bbox 447 5162 571 5208; x_wconf 89' lang='lat' dir='ltr'><strong>tunc</strong></span> <span class='ocrx_word' id='word_1_413' title='bbox 597 5155 680 5208; x_wconf 84' lang='lat' dir='ltr'><strong>vix</strong></span> <span class='ocrx_word' id='word_1_414' title='bbox 710 5165 946 5210; x_wconf 77' lang='lat' dir='ltr'><strong>extrema</strong></span> <span class='ocrx_word' id='word_1_415' title='bbox 972 5159 1307 5228; x_wconf 89' lang='lat' dir='ltr'><strong>occupabunt</strong></span> <span class='ocrx_word' id='word_1_416' title='bbox 1331 5162 1466 5216; x_wconf 81' lang='lat' dir='ltr'><strong>loca.</strong></span> <span class='ocrx_word' id='word_1_417' title='bbox 1497 5163 1767 5222; x_wconf 85' lang='lat' dir='ltr'><strong>l-lorumne</strong></span> <span class='ocrx_word' id='word_1_418' title='bbox 1787 5169 1942 5237; x_wconf 78' lang='lat' dir='ltr'><strong>igitur</strong></span> <span class='ocrx_word' id='word_1_419' title='bbox 1957 5186 2025 5225; x_wconf 80' lang='lat' dir='ltr'><strong>ex</strong></span> 
     </span>
    </p>
   </div>
   <div class='ocr_carea' id='block_1_55' title="bbox 445 5248 2022 5326">
    <p class='ocr_par' dir='ltr' id='par_1_55' title="bbox 445 5248 2022 5326">
     <span class='ocr_line' id='line_1_55' title="bbox 445 5248 2022 5326; baseline 0.01 -27"><span class='ocrx_word' id='word_1_420' title='bbox 445 5261 668 5300; x_wconf 90' lang='lat' dir='ltr'><strong>numero</strong></span> <span class='ocrx_word' id='word_1_421' title='bbox 693 5248 772 5302; x_wconf 90' lang='lat' dir='ltr'><strong>vis</strong></span> <span class='ocrx_word' id='word_1_422' title='bbox 801 5263 918 5303; x_wconf 91' lang='lat' dir='ltr'><strong>esse</strong></span> <span class='ocrx_word' id='word_1_423' title='bbox 939 5249 1104 5302; x_wconf 89' lang='lat' dir='ltr'><strong>ﬁlium</strong></span> <span class='ocrx_word' id='word_1_424' title='bbox 1132 5261 1300 5319; x_wconf 92' lang='lat' dir='ltr'><strong>tuum,</strong></span> <span class='ocrx_word' id='word_1_425' title='bbox 1320 5268 1387 5306; x_wconf 93' lang='lat' dir='ltr'><strong>an</strong></span> <span class='ocrx_word' id='word_1_426' title='bbox 1412 5269 1596 5310; x_wconf 89' lang='lat' dir='ltr'><strong>eorum</strong></span> <span class='ocrx_word' id='word_1_427' title='bbox 1625 5258 1786 5326; x_wconf 89' lang='lat' dir='ltr'><strong>quiin</strong></span> <span class='ocrx_word' id='word_1_428' title='bbox 1812 5259 2022 5326; x_wconf 86' lang='lat' dir='ltr'><strong>phalan-</strong></span> 
     </span>
    </p>
   </div>
   <div class='ocr_carea' id='block_1_56' title="bbox 441 5336 2022 5419">
    <p class='ocr_par' dir='ltr' id='par_1_56' title="bbox 441 5336 2022 5419">
     <span class='ocr_line' id='line_1_56' title="bbox 441 5336 2022 5419; baseline 0.012 -28"><span class='ocrx_word' id='word_1_429' title='bbox 441 5339 522 5407; x_wconf 83' lang='lat' dir='ltr'><strong>gis</strong></span> <span class='ocrx_word' id='word_1_430' title='bbox 548 5336 722 5394; x_wconf 89' lang='lat' dir='ltr'><strong>fronte</strong></span> <span class='ocrx_word' id='word_1_431' title='bbox 742 5340 1056 5410; x_wconf 86' lang='lat' dir='ltr'><strong>fulgebunt?</strong></span> <span class='ocrx_word' id='word_1_432' title='bbox 1085 5343 1276 5414; x_wconf 87' lang='lat' dir='ltr'><strong>Ecquis</strong></span> <span class='ocrx_word' id='word_1_433' title='bbox 1301 5388 1314 5411; x_wconf 93' lang='lat'><strong>,</strong></span> <span class='ocrx_word' id='word_1_434' title='bbox 1352 5347 1577 5417; x_wconf 72' lang='lat' dir='ltr'><strong>inquies,</strong></span> <span class='ocrx_word' id='word_1_435' title='bbox 1622 5350 1690 5404; x_wconf 90' lang='lat' dir='ltr'><strong>ita</strong></span> <span class='ocrx_word' id='word_1_436' title='bbox 1726 5353 1920 5419; x_wconf 81' lang='lat' dir='ltr'><strong>miser,</strong></span> <span class='ocrx_word' id='word_1_437' title='bbox 1965 5364 2022 5411; x_wconf 92' lang='lat' dir='ltr'><strong>ut</strong></span> 
     </span>
    </p>
   </div>
   <div class='ocr_carea' id='block_1_57' title="bbox 441 5434 2023 5509">
    <p class='ocr_par' dir='ltr' id='par_1_57' title="bbox 441 5434 2023 5509">
     <span class='ocr_line' id='line_1_57' title="bbox 441 5434 2023 5509; baseline 0.01 -21"><span class='ocrx_word' id='word_1_438' title='bbox 441 5434 526 5488; x_wconf 86' lang='lat' dir='ltr'><strong>illa</strong></span> <span class='ocrx_word' id='word_1_439' title='bbox 554 5435 750 5505; x_wconf 85' lang='lat' dir='ltr'><strong>potius,</strong></span> <span class='ocrx_word' id='word_1_440' title='bbox 777 5450 935 5505; x_wconf 90' lang='lat' dir='ltr'><strong>quam</strong></span> <span class='ocrx_word' id='word_1_441' title='bbox 965 5437 1099 5503; x_wconf 85' lang='lat' dir='ltr'><strong>haec,</strong></span> <span class='ocrx_word' id='word_1_442' title='bbox 1123 5448 1270 5509; x_wconf 87' lang='lat' dir='ltr'><strong>eptet</strong></span> <span class='ocrx_word' id='word_1_443' title='bbox 1317 5441 1434 5495; x_wconf 89' lang='lat' dir='ltr'><strong>ﬁliis</strong></span> <span class='ocrx_word' id='word_1_444' title='bbox 1480 5443 1628 5497; x_wconf 84' lang='lat' dir='ltr'><strong>suis?</strong></span> <span class='ocrx_word' id='word_1_445' title='bbox 1657 5445 1849 5500; x_wconf 88' lang='lat' dir='ltr'><strong>Verum</strong></span> <span class='ocrx_word' id='word_1_446' title='bbox 1894 5463 2023 5504; x_wconf 83' lang='lat' dir='ltr'><strong>con--</strong></span> 
     </span>
    </p>
   </div>
   <div class='ocr_carea' id='block_1_58' title="bbox 441 5525 2012 5599">
    <p class='ocr_par' dir='ltr' id='par_1_58' title="bbox 441 5525 2012 5599">
     <span class='ocr_line' id='line_1_58' title="bbox 441 5525 2012 5599; baseline 0.01 -19"><span class='ocrx_word' id='word_1_447' title='bbox 441 5525 774 5582; x_wconf 89' lang='lat' dir='ltr'><strong>suetudinem</strong></span> <span class='ocrx_word' id='word_1_448' title='bbox 802 5537 1086 5597; x_wconf 83' lang='lat' dir='ltr'><strong>sectamur,</strong></span> <span class='ocrx_word' id='word_1_449' title='bbox 1118 5539 1173 5586; x_wconf 92' lang='lat' dir='ltr'><strong>et</strong></span> <span class='ocrx_word' id='word_1_450' title='bbox 1192 5530 1308 5587; x_wconf 90' lang='lat' dir='ltr'><strong>illos</strong></span> <span class='ocrx_word' id='word_1_451' title='bbox 1325 5531 1598 5589; x_wconf 91' lang='lat' dir='ltr'><strong>nobiscum</strong></span> <span class='ocrx_word' id='word_1_452' title='bbox 1616 5551 1734 5599; x_wconf 67' lang='lat' dir='ltr'><strong>esse</strong></span> <span class='ocrx_word' id='word_1_453' title='bbox 1750 5539 2012 5596; x_wconf 87' lang='lat' dir='ltr'><strong>volumus.</strong></span> 
     </span>
    </p>
   </div>
   <div class='ocr_carea' id='block_1_59' title="bbox 490 5725 2012 5799">
    <p class='ocr_par' dir='ltr' id='par_1_59' title="bbox 490 5725 2012 5799">
     <span class='ocr_line' id='line_1_59' title="bbox 490 5725 2012 5799; baseline 0.009 -22"><span class='ocrx_word' id='word_1_454' title='bbox 490 5725 504 5758; x_wconf 80' lang='lat'>&#39;</span> <span class='ocrx_word' id='word_1_455' title='bbox 539 5725 681 5778; x_wconf 74' lang='lat' dir='ltr'><strong>Savil.</strong></span> <span class='ocrx_word' id='word_1_456' title='bbox 707 5732 760 5778; x_wconf 86' lang='lat' dir='ltr'><strong>et</strong></span> <span class='ocrx_word' id='word_1_457' title='bbox 777 5727 962 5791; x_wconf 61' lang='grc' dir='ltr'><strong>Μαι-ειη</strong></span> <span class='ocrx_word' id='word_1_458' title='bbox 987 5736 1109 5792; x_wconf 89' lang='lat' dir='ltr'><strong>post,</strong></span> <span class='ocrx_word' id='word_1_459' title='bbox 1131 5737 1334 5796; x_wconf 66' lang='lat' dir='ltr'><strong>(etatem,</strong></span> <span class='ocrx_word' id='word_1_460' title='bbox 1359 5732 1555 5796; x_wconf 81' lang='lat' dir='ltr'><strong>addunt,</strong></span> <span class='ocrx_word' id='word_1_461' title='bbox 1577 5740 1622 5786; x_wconf 85' lang='lat' dir='ltr'><strong>et</strong></span> <span class='ocrx_word' id='word_1_462' title='bbox 1635 5749 1724 5799; x_wconf 81' lang='lat' dir='ltr'><strong>per</strong></span> <span class='ocrx_word' id='word_1_463' title='bbox 1741 5736 2012 5791; x_wconf 76' lang='lat' dir='ltr'><strong>tumultum.</strong></span> 
     </span>
    </p>
   </div>
   <div class='ocr_carea' id='block_1_60' title="bbox 1179 305 2991 370">
    <p class='ocr_par' dir='ltr' id='par_1_60' title="bbox 1179 305 2991 370">
     <span class='ocr_line' id='line_1_60' title="bbox 1179 305 2991 370; baseline 0.002 -6"><span class='ocrx_word' id='word_1_464' title='bbox 1179 309 1238 364; x_wconf 91' lang='lat' dir='ltr'><strong>S.</strong></span> <span class='ocrx_word' id='word_1_465' title='bbox 1275 307 1550 365; x_wconf 80' lang='lat' dir='ltr'><strong>JOANNIS</strong></span> <span class='ocrx_word' id='word_1_466' title='bbox 1585 305 2055 364; x_wconf 76' lang='lat' dir='ltr'><strong>CHRYSOSTOMI</strong></span> <span class='ocrx_word' id='word_1_467' title='bbox 2095 308 2413 366; x_wconf 81' lang='lat' dir='ltr'><strong>ARCHIEP.</strong></span> <span class='ocrx_word' id='word_1_468' title='bbox 2452 310 2991 370; x_wconf 78' lang='lat' dir='ltr'><strong>CONSTANTINOP.</strong></span> 
     </span>
    </p>
   </div>
   <div class='ocr_carea' id='block_1_61' title="bbox 3628 321 3735 376">
    <p class='ocr_par' dir='ltr' id='par_1_61' title="bbox 3628 321 3735 376">
     <span class='ocr_line' id='line_1_61' title="bbox 3628 321 3735 376; baseline 0.028 -2"><span class='ocrx_word' id='word_1_469' title='bbox 3628 321 3735 376; x_wconf 77' lang='lat'><strong>380</strong></span> 
     </span>
    </p>
   </div>
   <div class='ocr_carea' id='block_1_62' title="bbox 2159 421 3737 502">
    <p class='ocr_par' dir='ltr' id='par_1_62' title="bbox 2159 421 3737 502">
     <span class='ocr_line' id='line_1_62' title="bbox 2159 421 3737 502; baseline 0.009 -26"><span class='ocrx_word' id='word_1_470' title='bbox 2159 421 2271 478; x_wconf 82' lang='lat' dir='ltr'><strong>Hoc</strong></span> <span class='ocrx_word' id='word_1_471' title='bbox 2299 423 2472 494; x_wconf 90' lang='lat' dir='ltr'><strong>ipsum</strong></span> <span class='ocrx_word' id='word_1_472' title='bbox 2503 435 2556 480; x_wconf 91' lang='lat' dir='ltr'><strong>et</strong></span> <span class='ocrx_word' id='word_1_473' title='bbox 2582 440 2681 496; x_wconf 90' lang='lat' dir='ltr'><strong>ego</strong></span> <span class='ocrx_word' id='word_1_474' title='bbox 2705 429 2862 496; x_wconf 88' lang='lat' dir='ltr'><strong>cupio</strong></span> <span class='ocrx_word' id='word_1_475' title='bbox 2885 468 2900 492; x_wconf 94' lang='lat'><strong>,</strong></span> <span class='ocrx_word' id='word_1_476' title='bbox 2931 443 3031 483; x_wconf 92' lang='lat' dir='ltr'><strong>nec</strong></span> <span class='ocrx_word' id='word_1_477' title='bbox 3058 429 3234 486; x_wconf 83' lang='lat' dir='ltr'><strong>minus</strong></span> <span class='ocrx_word' id='word_1_478' title='bbox 3277 440 3404 500; x_wconf 87' lang='lat' dir='ltr'><strong>opto</strong></span> <span class='ocrx_word' id='word_1_479' title='bbox 3441 449 3597 502; x_wconf 86' lang='lat' dir='ltr'><strong>quam</strong></span> <span class='ocrx_word' id='word_1_480' title='bbox 3643 451 3737 490; x_wconf 83' lang='lat' dir='ltr'><strong>vos</strong></span> 
     </span>
    </p>
   </div>
   <div class='ocr_carea' id='block_1_63' title="bbox 2158 517 3733 586">
    <p class='ocr_par' dir='ltr' id='par_1_63' title="bbox 2158 517 3733 586">
     <span class='ocr_line' id='line_1_63' title="bbox 2158 517 3733 586; baseline 0.008 -19"><span class='ocrx_word' id='word_1_481' title='bbox 2158 524 2425 584; x_wconf 87' lang='lat' dir='ltr'><strong>parentes,</strong></span> <span class='ocrx_word' id='word_1_482' title='bbox 2445 525 2502 570; x_wconf 91' lang='lat' dir='ltr'><strong>ut</strong></span> <span class='ocrx_word' id='word_1_483' title='bbox 2526 517 2580 570; x_wconf 90' lang='lat' dir='ltr'><strong>in</strong></span> <span class='ocrx_word' id='word_1_484' title='bbox 2592 525 2866 586; x_wconf 81' lang='lat' dir='ltr'><strong>paternam</strong></span> <span class='ocrx_word' id='word_1_485' title='bbox 2889 519 3108 575; x_wconf 84' lang='lat' dir='ltr'><strong>redeant</strong></span> <span class='ocrx_word' id='word_1_486' title='bbox 3133 521 3346 575; x_wconf 88' lang='lat' dir='ltr'><strong>domum</strong></span> <span class='ocrx_word' id='word_1_487' title='bbox 3373 532 3427 576; x_wconf 91' lang='lat' dir='ltr'><strong>et</strong></span> <span class='ocrx_word' id='word_1_488' title='bbox 3449 524 3733 580; x_wconf 85' lang='lat' dir='ltr'><strong>alimento-</strong></span> 
     </span>
    </p>
   </div>
   <div class='ocr_carea' id='block_1_64' title="bbox 2130 605 3736 680">
    <p class='ocr_par' dir='ltr' id='par_1_64' title="bbox 2130 605 3736 680">
     <span class='ocr_line' id='line_1_64' title="bbox 2130 605 3736 680; baseline 0.005 -18"><span class='ocrx_word' id='word_1_489' title='bbox 2130 619 2276 662; x_wconf 86' lang='lat' dir='ltr'><strong>.rum</strong></span> <span class='ocrx_word' id='word_1_490' title='bbox 2305 605 2449 659; x_wconf 84' lang='lat' dir='ltr'><strong>vices</strong></span> <span class='ocrx_word' id='word_1_491' title='bbox 2468 607 2777 675; x_wconf 86' lang='lat' dir='ltr'><strong>parentibus</strong></span> <span class='ocrx_word' id='word_1_492' title='bbox 2806 607 3058 676; x_wconf 89' lang='lat' dir='ltr'><strong>referant,</strong></span> <span class='ocrx_word' id='word_1_493' title='bbox 3089 611 3279 680; x_wconf 88' lang='lat' dir='ltr'><strong>quibus</strong></span> <span class='ocrx_word' id='word_1_494' title='bbox 3297 612 3585 670; x_wconf 88' lang='lat' dir='ltr'><strong>reddendis</strong></span> <span class='ocrx_word' id='word_1_495' title='bbox 3602 617 3736 672; x_wconf 85' lang='lat' dir='ltr'><strong>vici-</strong></span> 
     </span>
    </p>
   </div>
   <div class='ocr_carea' id='block_1_65' title="bbox 2159 693 3742 768">
    <p class='ocr_par' dir='ltr' id='par_1_65' title="bbox 2159 693 3742 768">
     <span class='ocr_line' id='line_1_65' title="bbox 2159 693 3742 768; baseline 0.009 -20"><span class='ocrx_word' id='word_1_496' title='bbox 2159 693 2258 748; x_wconf 75' lang='lat' dir='ltr'><strong>bus</strong></span> <span class='ocrx_word' id='word_1_497' title='bbox 2283 693 2366 748; x_wconf 89' lang='lat' dir='ltr'><strong>his</strong></span> <span class='ocrx_word' id='word_1_498' title='bbox 2393 695 2594 750; x_wconf 87' lang='lat' dir='ltr'><strong>similes</strong></span> <span class='ocrx_word' id='word_1_499' title='bbox 2619 712 2903 767; x_wconf 90' lang='lat' dir='ltr'><strong>numquam</strong></span> <span class='ocrx_word' id='word_1_500' title='bbox 2928 700 3194 768; x_wconf 88' lang='lat' dir='ltr'><strong>reperiant</strong></span> <span class='ocrx_word' id='word_1_501' title='bbox 3221 718 3234 756; x_wconf 93' lang='lat'><strong>:</strong></span> <span class='ocrx_word' id='word_1_502' title='bbox 3262 718 3448 757; x_wconf 90' lang='lat' dir='ltr'><strong>verum</strong></span> <span class='ocrx_word' id='word_1_503' title='bbox 3471 704 3572 760; x_wconf 87' lang='lat' dir='ltr'><strong>hoc</strong></span> <span class='ocrx_word' id='word_1_504' title='bbox 3597 722 3742 764; x_wconf 85' lang='lat' dir='ltr'><strong>nunc</strong></span> 
     </span>
    </p>
   </div>
   <div class='ocr_carea' id='block_1_66' title="bbox 2158 785 3738 859">
    <p class='ocr_par' dir='ltr' id='par_1_66' title="bbox 2158 785 3738 859">
     <span class='ocr_line' id='line_1_66' title="bbox 2158 785 3738 859; baseline 0.011 -22"><span class='ocrx_word' id='word_1_505' title='bbox 2158 785 2226 839; x_wconf 90' lang='lat' dir='ltr'><strong>ab</strong></span> <span class='ocrx_word' id='word_1_506' title='bbox 2253 785 2357 840; x_wconf 92' lang='lat' dir='ltr'><strong>illis</strong></span> <span class='ocrx_word' id='word_1_507' title='bbox 2382 801 2487 842; x_wconf 91' lang='lat' dir='ltr'><strong>non</strong></span> <span class='ocrx_word' id='word_1_508' title='bbox 2515 789 2808 859; x_wconf 79' lang='lat' dir='ltr'><strong>exigamus.</strong></span> <span class='ocrx_word' id='word_1_509' title='bbox 2837 791 3115 858; x_wconf 84' lang='lat' dir='ltr'><strong>Quomodo</strong></span> <span class='ocrx_word' id='word_1_510' title='bbox 3141 797 3283 848; x_wconf 92' lang='lat' dir='ltr'><strong>enim</strong></span> <span class='ocrx_word' id='word_1_511' title='bbox 3309 795 3598 852; x_wconf 90' lang='lat' dir='ltr'><strong>absurdum</strong></span> <span class='ocrx_word' id='word_1_512' title='bbox 3630 813 3738 855; x_wconf 91' lang='lat' dir='ltr'><strong>non</strong></span> 
     </span>
    </p>
   </div>
   <div class='ocr_carea' id='block_1_67' title="bbox 2159 873 3734 955">
    <p class='ocr_par' dir='ltr' id='par_1_67' title="bbox 2159 873 3734 955">
     <span class='ocr_line' id='line_1_67' title="bbox 2159 873 3734 955; baseline 0.01 -25"><span class='ocrx_word' id='word_1_513' title='bbox 2159 873 2334 944; x_wconf 90' lang='lat' dir='ltr'><strong>fuerit,</strong></span> <span class='ocrx_word' id='word_1_514' title='bbox 2368 878 2413 932; x_wconf 92' lang='lat' dir='ltr'><strong>si</strong></span> <span class='ocrx_word' id='word_1_515' title='bbox 2439 894 2560 933; x_wconf 91' lang='lat' dir='ltr'><strong>cum</strong></span> <span class='ocrx_word' id='word_1_516' title='bbox 2585 880 2650 934; x_wconf 92' lang='lat' dir='ltr'><strong>ad</strong></span> <span class='ocrx_word' id='word_1_517' title='bbox 2672 881 2946 936; x_wconf 89' lang='lat' dir='ltr'><strong>literarum</strong></span> <span class='ocrx_word' id='word_1_518' title='bbox 2975 898 3070 937; x_wconf 92' lang='lat' dir='ltr'><strong>eos</strong></span> <span class='ocrx_word' id='word_1_519' title='bbox 3098 884 3270 939; x_wconf 91' lang='lat' dir='ltr'><strong>studia</strong></span> <span class='ocrx_word' id='word_1_520' title='bbox 3298 887 3578 955; x_wconf 89' lang='lat' dir='ltr'><strong>mittimus,</strong></span> <span class='ocrx_word' id='word_1_521' title='bbox 3611 889 3734 945; x_wconf 85' lang='lat' dir='ltr'><strong>lon-</strong></span> 
     </span>
    </p>
   </div>
   <div class='ocr_carea' id='block_1_68' title="bbox 2158 973 3742 1050">
    <p class='ocr_par' dir='ltr' id='par_1_68' title="bbox 2158 973 3742 1050">
     <span class='ocr_line' id='line_1_68' title="bbox 2158 973 3742 1050; baseline 0.009 -29"><span class='ocrx_word' id='word_1_522' title='bbox 2158 981 2226 1035; x_wconf 87' lang='lat' dir='ltr'><strong>go</strong></span> <span class='ocrx_word' id='word_1_523' title='bbox 2255 982 2349 1023; x_wconf 90' lang='lat' dir='ltr'><strong>eos</strong></span> <span class='ocrx_word' id='word_1_524' title='bbox 2378 976 2616 1039; x_wconf 90' lang='lat' dir='ltr'><strong>tempore</strong></span> <span class='ocrx_word' id='word_1_525' title='bbox 2638 973 2804 1040; x_wconf 89' lang='lat' dir='ltr'><strong>patria</strong></span> <span class='ocrx_word' id='word_1_526' title='bbox 2833 987 3101 1036; x_wconf 88' lang='lat' dir='ltr'><strong>arcemus,</strong></span> <span class='ocrx_word' id='word_1_527' title='bbox 3129 977 3252 1030; x_wconf 90' lang='lat' dir='ltr'><strong>etsi</strong></span> <span class='ocrx_word' id='word_1_528' title='bbox 3283 985 3339 1030; x_wconf 90' lang='lat' dir='ltr'><strong>ut</strong></span> <span class='ocrx_word' id='word_1_529' title='bbox 3363 987 3530 1034; x_wconf 90' lang='lat' dir='ltr'><strong>artem</strong></span> <span class='ocrx_word' id='word_1_530' title='bbox 3551 995 3742 1050; x_wconf 88' lang='lat' dir='ltr'><strong>quam-</strong></span> 
     </span>
    </p>
   </div>
   <div class='ocr_carea' id='block_1_69' title="bbox 2153 1057 3740 1137">
    <p class='ocr_par' dir='ltr' id='par_1_69' title="bbox 2153 1057 3740 1137">
     <span class='ocr_line' id='line_1_69' title="bbox 2153 1057 3740 1137; baseline 0.009 -25"><span class='ocrx_word' id='word_1_531' title='bbox 2153 1057 2280 1112; x_wconf 86' lang='lat' dir='ltr'><strong>dam</strong></span> <span class='ocrx_word' id='word_1_532' title='bbox 2308 1062 2692 1128; x_wconf 90' lang='lat' dir='ltr'><strong>mechanicam,</strong></span> <span class='ocrx_word' id='word_1_533' title='bbox 2711 1073 2801 1118; x_wconf 90' lang='lat' dir='ltr'><strong>aut</strong></span> <span class='ocrx_word' id='word_1_534' title='bbox 2831 1065 2988 1119; x_wconf 88' lang='lat' dir='ltr'><strong>aliam</strong></span> <span class='ocrx_word' id='word_1_535' title='bbox 3013 1067 3252 1122; x_wconf 87' lang='lat' dir='ltr'><strong>viliorem</strong></span> <span class='ocrx_word' id='word_1_536' title='bbox 3276 1070 3532 1137; x_wconf 86' lang='lat' dir='ltr'><strong>ediscant,</strong></span> <span class='ocrx_word' id='word_1_537' title='bbox 3547 1072 3740 1129; x_wconf 87' lang='lat' dir='ltr'><strong>domus</strong></span> 
     </span>
    </p>
   </div>
   <div class='ocr_carea' id='block_1_70' title="bbox 2161 1153 3739 1234">
    <p class='ocr_par' dir='ltr' id='par_1_70' title="bbox 2161 1153 3739 1234">
     <span class='ocr_line' id='line_1_70' title="bbox 2161 1153 3739 1234; baseline 0.01 -30"><span class='ocrx_word' id='word_1_538' title='bbox 2161 1153 2388 1221; x_wconf 70' lang='lat' dir='ltr'><strong>propria:</strong></span> <span class='ocrx_word' id='word_1_539' title='bbox 2408 1153 2553 1208; x_wconf 87' lang='lat' dir='ltr'><strong>aditu</strong></span> <span class='ocrx_word' id='word_1_540' title='bbox 2585 1155 2967 1224; x_wconf 87' lang='lat' dir='ltr'><strong>interdicimus,</strong></span> <span class='ocrx_word' id='word_1_541' title='bbox 2997 1165 3051 1214; x_wconf 93' lang='lat' dir='ltr'><strong>et</strong></span> <span class='ocrx_word' id='word_1_542' title='bbox 3078 1159 3128 1213; x_wconf 87' lang='lat' dir='ltr'><strong>in</strong></span> <span class='ocrx_word' id='word_1_543' title='bbox 3147 1163 3384 1231; x_wconf 85' lang='lat' dir='ltr'><strong>magistri</strong></span> <span class='ocrx_word' id='word_1_544' title='bbox 3404 1163 3562 1218; x_wconf 92' lang='lat' dir='ltr'><strong>domo</strong></span> <span class='ocrx_word' id='word_1_545' title='bbox 3577 1181 3739 1234; x_wconf 91' lang='lat' dir='ltr'><strong>pran-</strong></span> 
     </span>
    </p>
   </div>
   <div class='ocr_carea' id='block_1_71' title="bbox 2158 1242 3734 1315">
    <p class='ocr_par' dir='ltr' id='par_1_71' title="bbox 2158 1242 3734 1315">
     <span class='ocr_line' id='line_1_71' title="bbox 2158 1242 3734 1315; baseline 0.01 -20"><span class='ocrx_word' id='word_1_546' title='bbox 2158 1242 2287 1296; x_wconf 88' lang='lat' dir='ltr'><strong>dere</strong></span> <span class='ocrx_word' id='word_1_547' title='bbox 2314 1251 2367 1298; x_wconf 88' lang='lat' dir='ltr'><strong>et</strong></span> <span class='ocrx_word' id='word_1_548' title='bbox 2394 1245 2628 1300; x_wconf 89' lang='lat' dir='ltr'><strong>dormire</strong></span> <span class='ocrx_word' id='word_1_549' title='bbox 2647 1246 2926 1315; x_wconf 90' lang='lat' dir='ltr'><strong>jubemus;</strong></span> <span class='ocrx_word' id='word_1_550' title='bbox 2959 1263 3079 1304; x_wconf 92' lang='lat' dir='ltr'><strong>eum</strong></span> <span class='ocrx_word' id='word_1_551' title='bbox 3108 1259 3286 1306; x_wconf 90' lang='lat' dir='ltr'><strong>autem</strong></span> <span class='ocrx_word' id='word_1_552' title='bbox 3314 1268 3420 1306; x_wconf 92' lang='lat' dir='ltr'><strong>non</strong></span> <span class='ocrx_word' id='word_1_553' title='bbox 3447 1245 3734 1311; x_wconf 77' lang='lat' dir='ltr'><strong>humanam</strong></span> 
     </span>
    </p>
   </div>
   <div class='ocr_carea' id='block_1_72' title="bbox 2158 1333 3737 1416">
    <p class='ocr_par' dir='ltr' id='par_1_72' title="bbox 2158 1333 3737 1416">
     <span class='ocr_line' id='line_1_72' title="bbox 2158 1333 3737 1416; baseline 0.011 -31"><span class='ocrx_word' id='word_1_554' title='bbox 2158 1333 2443 1402; x_wconf 88' lang='lat' dir='ltr'><strong>quamdam</strong></span> <span class='ocrx_word' id='word_1_555' title='bbox 2494 1335 2849 1405; x_wconf 86' lang='lat' dir='ltr'><strong>disciplinam,</strong></span> <span class='ocrx_word' id='word_1_556' title='bbox 2897 1340 2990 1394; x_wconf 88' lang='lat' dir='ltr'><strong>sed</strong></span> <span class='ocrx_word' id='word_1_557' title='bbox 3028 1340 3295 1397; x_wconf 63' lang='lat' dir='ltr'><strong>caeleSIem</strong></span> <span class='ocrx_word' id='word_1_558' title='bbox 3352 1343 3737 1416; x_wconf 86' lang='lat' dir='ltr'><strong>philosophiam</strong></span> 
     </span>
    </p>
   </div>
   <div class='ocr_carea' id='block_1_73' title="bbox 2158 1424 3734 1508">
    <p class='ocr_par' dir='ltr' id='par_1_73' title="bbox 2158 1424 3734 1508">
     <span class='ocr_line' id='line_1_73' title="bbox 2158 1424 3734 1508; baseline 0.01 -30"><span class='ocrx_word' id='word_1_559' title='bbox 2158 1424 2350 1479; x_wconf 86' lang='lat' dir='ltr'><strong>adituri</strong></span> <span class='ocrx_word' id='word_1_560' title='bbox 2379 1434 2520 1492; x_wconf 91' lang='lat' dir='ltr'><strong>sunt,</strong></span> <span class='ocrx_word' id='word_1_561' title='bbox 2543 1428 2719 1482; x_wconf 89' lang='lat' dir='ltr'><strong>statim</strong></span> <span class='ocrx_word' id='word_1_562' title='bbox 2733 1429 3370 1503; x_wconf 86' lang='lat' dir='ltr'><strong>retrahimus,antequam</strong></span> <span class='ocrx_word' id='word_1_563' title='bbox 3398 1435 3450 1490; x_wconf 90' lang='lat' dir='ltr'><strong>id</strong></span> <span class='ocrx_word' id='word_1_564' title='bbox 3481 1437 3570 1490; x_wconf 87' lang='lat' dir='ltr'><strong>ﬁat</strong></span> <span class='ocrx_word' id='word_1_565' title='bbox 3593 1438 3734 1508; x_wconf 89' lang='lat' dir='ltr'><strong>quod</strong></span> 
     </span>
    </p>
   </div>
   <div class='ocr_carea' id='block_1_74' title="bbox 2158 1519 3737 1596">
    <p class='ocr_par' dir='ltr' id='par_1_74' title="bbox 2158 1519 3737 1596">
     <span class='ocr_line' id='line_1_74' title="bbox 2158 1519 3737 1596; baseline 0.01 -26"><span class='ocrx_word' id='word_1_566' title='bbox 2158 1519 2440 1588; x_wconf 85' lang='lat' dir='ltr'><strong>optamus?</strong></span> <span class='ocrx_word' id='word_1_567' title='bbox 2465 1521 2637 1590; x_wconf 84' lang='lat' dir='ltr'><strong>Atque</strong></span> <span class='ocrx_word' id='word_1_568' title='bbox 2658 1521 2703 1575; x_wconf 93' lang='lat' dir='ltr'><strong>is</strong></span> <span class='ocrx_word' id='word_1_569' title='bbox 2728 1523 2938 1592; x_wconf 86' lang='lat' dir='ltr'><strong>quidem</strong></span> <span class='ocrx_word' id='word_1_570' title='bbox 2957 1566 2972 1589; x_wconf 94' lang='lat'><strong>,</strong></span> <span class='ocrx_word' id='word_1_571' title='bbox 3000 1527 3088 1595; x_wconf 89' lang='lat' dir='ltr'><strong>qui</strong></span> <span class='ocrx_word' id='word_1_572' title='bbox 3115 1541 3210 1596; x_wconf 89' lang='lat' dir='ltr'><strong>per</strong></span> <span class='ocrx_word' id='word_1_573' title='bbox 3247 1540 3523 1582; x_wconf 84' lang='lat' dir='ltr'><strong>extensum</strong></span> <span class='ocrx_word' id='word_1_574' title='bbox 3560 1530 3737 1586; x_wconf 85' lang='lat' dir='ltr'><strong>funem</strong></span> 
     </span>
    </p>
   </div>
   <div class='ocr_carea' id='block_1_75' title="bbox 2159 1611 3738 1692">
    <p class='ocr_par' dir='ltr' id='par_1_75' title="bbox 2159 1611 3738 1692">
     <span class='ocr_line' id='line_1_75' title="bbox 2159 1611 3738 1692; baseline 0.009 -28"><span class='ocrx_word' id='word_1_575' title='bbox 2159 1624 2373 1667; x_wconf 88' lang='lat' dir='ltr'><strong>currere</strong></span> <span class='ocrx_word' id='word_1_576' title='bbox 2399 1611 2620 1667; x_wconf 89' lang='lat' dir='ltr'><strong>docetur</strong></span> <span class='ocrx_word' id='word_1_577' title='bbox 2639 1656 2655 1682; x_wconf 97' lang='lat'><strong>,</strong></span> <span class='ocrx_word' id='word_1_578' title='bbox 2683 1614 2772 1668; x_wconf 92' lang='lat' dir='ltr'><strong>diu</strong></span> <span class='ocrx_word' id='word_1_579' title='bbox 2802 1615 2971 1670; x_wconf 89' lang='lat' dir='ltr'><strong>aberit</strong></span> <span class='ocrx_word' id='word_1_580' title='bbox 2995 1617 3188 1685; x_wconf 92' lang='lat' dir='ltr'><strong>domo;</strong></span> <span class='ocrx_word' id='word_1_581' title='bbox 3216 1633 3308 1674; x_wconf 89' lang='lat' dir='ltr'><strong>eos</strong></span> <span class='ocrx_word' id='word_1_582' title='bbox 3335 1629 3532 1689; x_wconf 89' lang='lat' dir='ltr'><strong>autem,</strong></span> <span class='ocrx_word' id='word_1_583' title='bbox 3562 1623 3652 1692; x_wconf 91' lang='lat' dir='ltr'><strong>qui</strong></span> <span class='ocrx_word' id='word_1_584' title='bbox 3672 1638 3738 1678; x_wconf 78' lang='lat' dir='ltr'><strong>ex</strong></span> 
     </span>
    </p>
   </div>
   <div class='ocr_carea' id='block_1_76' title="bbox 2161 1703 3738 1782">
    <p class='ocr_par' dir='ltr' id='par_1_76' title="bbox 2161 1703 3738 1782">
     <span class='ocr_line' id='line_1_76' title="bbox 2161 1703 3738 1782; baseline 0.01 -27"><span class='ocrx_word' id='word_1_585' title='bbox 2161 1709 2299 1757; x_wconf 87' lang='lat' dir='ltr'><strong>terra</strong></span> <span class='ocrx_word' id='word_1_586' title='bbox 2348 1703 2404 1757; x_wconf 91' lang='lat' dir='ltr'><strong>in</strong></span> <span class='ocrx_word' id='word_1_587' title='bbox 2448 1704 2640 1759; x_wconf 83' lang='lat' dir='ltr'><strong>coelum</strong></span> <span class='ocrx_word' id='word_1_588' title='bbox 2691 1706 2905 1762; x_wconf 89' lang='lat' dir='ltr'><strong>avolare</strong></span> <span class='ocrx_word' id='word_1_589' title='bbox 2949 1708 3196 1777; x_wconf 91' lang='lat' dir='ltr'><strong>discunt,</strong></span> <span class='ocrx_word' id='word_1_590' title='bbox 3253 1726 3375 1766; x_wconf 91' lang='lat' dir='ltr'><strong>cum</strong></span> <span class='ocrx_word' id='word_1_591' title='bbox 3424 1715 3738 1782; x_wconf 85' lang='lat' dir='ltr'><strong>parentibus</strong></span> 
     </span>
    </p>
   </div>
   <div class='ocr_carea' id='block_1_77' title="bbox 2157 1791 3741 1875">
    <p class='ocr_par' dir='ltr' id='par_1_77' title="bbox 2157 1791 3741 1875">
     <span class='ocr_line' id='line_1_77' title="bbox 2157 1791 3741 1875; baseline 0.009 -29"><span class='ocrx_word' id='word_1_592' title='bbox 2157 1791 2497 1847; x_wconf 88' lang='lat' dir='ltr'><strong>claudemus?</strong></span> <span class='ocrx_word' id='word_1_593' title='bbox 2527 1794 2662 1860; x_wconf 89' lang='lat' dir='ltr'><strong>Quid</strong></span> <span class='ocrx_word' id='word_1_594' title='bbox 2691 1795 2790 1875; x_wconf 85' lang='lat' dir='ltr'><strong>bac</strong></span> <span class='ocrx_word' id='word_1_595' title='bbox 2809 1799 3139 1855; x_wconf 83' lang='lat' dir='ltr'><strong>absurditate</strong></span> <span class='ocrx_word' id='word_1_596' title='bbox 3152 1803 3315 1871; x_wconf 89' lang='lat' dir='ltr'><strong>possit</strong></span> <span class='ocrx_word' id='word_1_597' title='bbox 3327 1818 3446 1858; x_wconf 92' lang='lat' dir='ltr'><strong>esse</strong></span> <span class='ocrx_word' id='word_1_598' title='bbox 3467 1804 3741 1861; x_wconf 82' lang='lat' dir='ltr'><strong>deterius?</strong></span> 
     </span>
    </p>
   </div>
   <div class='ocr_carea' id='block_1_78' title="bbox 2157 1881 3740 1966">
    <p class='ocr_par' dir='ltr' id='par_1_78' title="bbox 2157 1881 3740 1966">
     <span class='ocr_line' id='line_1_78' title="bbox 2157 1881 3740 1966; baseline 0.01 -30"><span class='ocrx_word' id='word_1_599' title='bbox 2157 1881 2343 1938; x_wconf 89' lang='lat' dir='ltr'><strong>Nonne</strong></span> <span class='ocrx_word' id='word_1_600' title='bbox 2362 1884 2619 1953; x_wconf 86' lang='lat' dir='ltr'><strong>agricolas</strong></span> <span class='ocrx_word' id='word_1_601' title='bbox 2645 1886 2853 1955; x_wconf 86' lang='lat' dir='ltr'><strong>videtis,</strong></span> <span class='ocrx_word' id='word_1_602' title='bbox 2882 1891 3088 1945; x_wconf 89' lang='lat' dir='ltr'><strong>etiamsi</strong></span> <span class='ocrx_word' id='word_1_603' title='bbox 3115 1891 3357 1947; x_wconf 90' lang='lat' dir='ltr'><strong>laborum</strong></span> <span class='ocrx_word' id='word_1_604' title='bbox 3376 1894 3600 1950; x_wconf 81' lang='lat' dir='ltr'><strong>fructum</strong></span> <span class='ocrx_word' id='word_1_605' title='bbox 3620 1912 3740 1966; x_wconf 72' lang='lat' dir='ltr'><strong>pcr~</strong></span> 
     </span>
    </p>
   </div>
   <div class='ocr_carea' id='block_1_79' title="bbox 2156 1976 3739 2059">
    <p class='ocr_par' dir='ltr' id='par_1_79' title="bbox 2156 1976 3739 2059">
     <span class='ocr_line' id='line_1_79' title="bbox 2156 1976 3739 2059; baseline 0.011 -31"><span class='ocrx_word' id='word_1_606' title='bbox 2156 1976 2333 2044; x_wconf 87' lang='lat' dir='ltr'><strong>cipere</strong></span> <span class='ocrx_word' id='word_1_607' title='bbox 2355 1977 2620 2046; x_wconf 86' lang='lat' dir='ltr'><strong>gestiant,</strong></span> <span class='ocrx_word' id='word_1_608' title='bbox 2649 1978 2958 2038; x_wconf 89' lang='lat' dir='ltr'><strong>immaturos</strong></span> <span class='ocrx_word' id='word_1_609' title='bbox 2985 1994 3161 2039; x_wconf 88' lang='lat' dir='ltr'><strong>tamen</strong></span> <span class='ocrx_word' id='word_1_610' title='bbox 3182 1985 3302 2041; x_wconf 90' lang='lat' dir='ltr'><strong>illos</strong></span> <span class='ocrx_word' id='word_1_611' title='bbox 3327 2003 3616 2059; x_wconf 90' lang='lat' dir='ltr'><strong>numquam</strong></span> <span class='ocrx_word' id='word_1_612' title='bbox 3642 1989 3739 2046; x_wconf 89' lang='lat' dir='ltr'><strong>de-</strong></span> 
     </span>
    </p>
   </div>
   <div class='ocr_carea' id='block_1_80' title="bbox 2156 2066 2398 2121">
    <p class='ocr_par' dir='ltr' id='par_1_80' title="bbox 2156 2066 2398 2121">
     <span class='ocr_line' id='line_1_80' title="bbox 2156 2066 2398 2121; baseline 0.004 -1"><span class='ocrx_word' id='word_1_613' title='bbox 2156 2066 2398 2121; x_wconf 83' lang='lat' dir='ltr'><strong>metere?</strong></span> 
     </span>
    </p>
   </div>
   <div class='ocr_carea' id='block_1_81' title="bbox 2156 2157 3730 2235">
    <p class='ocr_par' dir='ltr' id='par_1_81' title="bbox 2156 2157 3730 2235">
     <span class='ocr_line' id='line_1_81' title="bbox 2156 2157 3730 2235; baseline 0.011 -27"><span class='ocrx_word' id='word_1_614' title='bbox 2156 2186 2167 2207; x_wconf 70' lang='grc' dir='ltr'><strong>ι-</strong></span> <span class='ocrx_word' id='word_1_615' title='bbox 2227 2157 2341 2210; x_wconf 83' lang='lat' dir='ltr'><strong>Mos</strong></span> <span class='ocrx_word' id='word_1_616' title='bbox 2371 2166 2477 2212; x_wconf 86' lang='lat' dir='ltr'><strong>erat</strong></span> <span class='ocrx_word' id='word_1_617' title='bbox 2497 2159 2831 2216; x_wconf 77' lang='lat' dir='ltr'><strong>adolescentes</strong></span> <span class='ocrx_word' id='word_1_618' title='bbox 2851 2164 2919 2216; x_wconf 86' lang='lat' dir='ltr'><strong>ad</strong></span> <span class='ocrx_word' id='word_1_619' title='bbox 2947 2172 3143 2235; x_wconf 78' lang='lat' dir='ltr'><strong>tempus</strong></span> <span class='ocrx_word' id='word_1_620' title='bbox 3169 2173 3363 2221; x_wconf 84' lang='lat' dir='ltr'><strong>tantum</strong></span> <span class='ocrx_word' id='word_1_621' title='bbox 3391 2169 3446 2223; x_wconf 80' lang='lat' dir='ltr'><strong>in</strong></span> <span class='ocrx_word' id='word_1_622' title='bbox 3473 2180 3730 2226; x_wconf 67' lang='lat' dir='ltr'><strong>monasteo</strong></span> 
     </span>
    </p>
   </div>
   <div class='ocr_carea' id='block_1_82' title="bbox 2154 2248 3734 2322">
    <p class='ocr_par' dir='ltr' id='par_1_82' title="bbox 2154 2248 3734 2322">
     <span class='ocr_line' id='line_1_82' title="bbox 2154 2248 3734 2322; baseline 0.011 -22"><span class='ocrx_word' id='word_1_623' title='bbox 2154 2249 2232 2301; x_wconf 84' lang='lat' dir='ltr'><strong>rio</strong></span> <span class='ocrx_word' id='word_1_624' title='bbox 2259 2248 2456 2319; x_wconf 83' lang='lat' dir='ltr'><strong>degere.</strong></span> <span class='ocrx_word' id='word_1_625' title='bbox 2484 2279 2556 2290; x_wconf 91' lang='lat'><strong>——-</strong></span> <span class='ocrx_word' id='word_1_626' title='bbox 2580 2251 2721 2322; x_wconf 86' lang='lat' dir='ltr'><strong>Ergo</strong></span> <span class='ocrx_word' id='word_1_627' title='bbox 2755 2268 2855 2308; x_wconf 88' lang='lat' dir='ltr'><strong>nec</strong></span> <span class='ocrx_word' id='word_1_628' title='bbox 2885 2254 3024 2309; x_wconf 90' lang='lat' dir='ltr'><strong>ﬁlios</strong></span> <span class='ocrx_word' id='word_1_629' title='bbox 3053 2265 3264 2313; x_wconf 90' lang='lat' dir='ltr'><strong>nostros</strong></span> <span class='ocrx_word' id='word_1_630' title='bbox 3293 2273 3323 2313; x_wconf 88' lang='lat' dir='ltr'><strong>a</strong></span> <span class='ocrx_word' id='word_1_631' title='bbox 3352 2259 3551 2315; x_wconf 87' lang='lat' dir='ltr'><strong>deserti</strong></span> <span class='ocrx_word' id='word_1_632' title='bbox 3579 2276 3734 2316; x_wconf 89' lang='lat' dir='ltr'><strong>com-</strong></span> 
     </span>
    </p>
   </div>
   <div class='ocr_carea' id='block_1_83' title="bbox 2154 2342 3738 2417">
    <p class='ocr_par' dir='ltr' id='par_1_83' title="bbox 2154 2342 3738 2417">
     <span class='ocr_line' id='line_1_83' title="bbox 2154 2342 3738 2417; baseline 0.009 -23"><span class='ocrx_word' id='word_1_633' title='bbox 2154 2342 2451 2396; x_wconf 88' lang='lat' dir='ltr'><strong>moratione</strong></span> <span class='ocrx_word' id='word_1_634' title='bbox 2497 2351 2622 2398; x_wconf 89' lang='lat' dir='ltr'><strong>ante</strong></span> <span class='ocrx_word' id='word_1_635' title='bbox 2673 2353 2882 2414; x_wconf 86' lang='lat' dir='ltr'><strong>tempus</strong></span> <span class='ocrx_word' id='word_1_636' title='bbox 2929 2347 3300 2417; x_wconf 87' lang='lat' dir='ltr'><strong>abducamus;</strong></span> <span class='ocrx_word' id='word_1_637' title='bbox 3353 2351 3447 2406; x_wconf 92' lang='lat' dir='ltr'><strong>sed</strong></span> <span class='ocrx_word' id='word_1_638' title='bbox 3498 2353 3738 2410; x_wconf 89' lang='lat' dir='ltr'><strong>sinamus</strong></span> 
     </span>
    </p>
   </div>
   <div class='ocr_carea' id='block_1_84' title="bbox 2152 2432 3733 2509">
    <p class='ocr_par' dir='ltr' id='par_1_84' title="bbox 2152 2432 3733 2509">
     <span class='ocr_line' id='line_1_84' title="bbox 2152 2432 3733 2509; baseline 0.008 -22"><span class='ocrx_word' id='word_1_639' title='bbox 2152 2432 2462 2502; x_wconf 91' lang='lat' dir='ltr'><strong>disciplinas</strong></span> <span class='ocrx_word' id='word_1_640' title='bbox 2481 2434 2638 2489; x_wconf 88' lang='lat' dir='ltr'><strong>altius</strong></span> <span class='ocrx_word' id='word_1_641' title='bbox 2659 2435 2890 2506; x_wconf 89' lang='lat' dir='ltr'><strong>imprimi</strong></span> <span class='ocrx_word' id='word_1_642' title='bbox 2917 2448 2970 2493; x_wconf 93' lang='lat' dir='ltr'><strong>et</strong></span> <span class='ocrx_word' id='word_1_643' title='bbox 2998 2439 3205 2509; x_wconf 89' lang='lat' dir='ltr'><strong>plantas</strong></span> <span class='ocrx_word' id='word_1_644' title='bbox 3227 2441 3493 2499; x_wconf 88' lang='lat' dir='ltr'><strong>radicibus</strong></span> <span class='ocrx_word' id='word_1_645' title='bbox 3515 2444 3733 2499; x_wconf 89' lang='lat' dir='ltr'><strong>ﬁrmari.</strong></span> 
     </span>
    </p>
   </div>
   <div class='ocr_carea' id='block_1_85' title="bbox 2152 2522 3736 2604">
    <p class='ocr_par' dir='ltr' id='par_1_85' title="bbox 2152 2522 3736 2604">
     <span class='ocr_line' id='line_1_85' title="bbox 2152 2522 3736 2604; baseline 0.01 -27"><span class='ocrx_word' id='word_1_646' title='bbox 2152 2522 2373 2581; x_wconf 91' lang='lat' dir='ltr'><strong>Etiamsi</strong></span> <span class='ocrx_word' id='word_1_647' title='bbox 2403 2528 2611 2598; x_wconf 89' lang='lat' dir='ltr'><strong>decem,</strong></span> <span class='ocrx_word' id='word_1_648' title='bbox 2643 2531 2852 2585; x_wconf 89' lang='lat' dir='ltr'><strong>etiamsi</strong></span> <span class='ocrx_word' id='word_1_649' title='bbox 2890 2533 3072 2604; x_wconf 83' lang='lat' dir='ltr'><strong>viginti</strong></span> <span class='ocrx_word' id='word_1_650' title='bbox 3111 2549 3279 2590; x_wconf 91' lang='lat' dir='ltr'><strong>annos</strong></span> <span class='ocrx_word' id='word_1_651' title='bbox 3327 2536 3381 2590; x_wconf 90' lang='lat' dir='ltr'><strong>in</strong></span> <span class='ocrx_word' id='word_1_652' title='bbox 3410 2539 3736 2593; x_wconf 90' lang='lat' dir='ltr'><strong>monasterio</strong></span> 
     </span>
    </p>
   </div>
   <div class='ocr_carea' id='block_1_86' title="bbox 2151 2615 3730 2696">
    <p class='ocr_par' dir='ltr' id='par_1_86' title="bbox 2151 2615 3730 2696">
     <span class='ocr_line' id='line_1_86' title="bbox 2151 2615 3730 2696; baseline 0.012 -30"><span class='ocrx_word' id='word_1_653' title='bbox 2151 2615 2220 2670; x_wconf 90' lang='lat' dir='ltr'><strong>ali</strong></span> <span class='ocrx_word' id='word_1_654' title='bbox 2247 2627 2511 2688; x_wconf 84' lang='lat' dir='ltr'><strong>oporteat,</strong></span> <span class='ocrx_word' id='word_1_655' title='bbox 2540 2637 2609 2676; x_wconf 90' lang='lat' dir='ltr'><strong>ne</strong></span> <span class='ocrx_word' id='word_1_656' title='bbox 2649 2623 2950 2690; x_wconf 87' lang='lat' dir='ltr'><strong>turbemur,</strong></span> <span class='ocrx_word' id='word_1_657' title='bbox 2988 2639 3088 2680; x_wconf 87' lang='lat' dir='ltr'><strong>nec</strong></span> <span class='ocrx_word' id='word_1_658' title='bbox 3125 2641 3359 2682; x_wconf 81' lang='lat' dir='ltr'><strong>maerore</strong></span> <span class='ocrx_word' id='word_1_659' title='bbox 3400 2627 3730 2696; x_wconf 72' lang='lat' dir='ltr'><strong>afﬁciantur;</strong></span> 
     </span>
    </p>
   </div>
   <div class='ocr_carea' id='block_1_87' title="bbox 2150 2712 3737 2787">
    <p class='ocr_par' dir='ltr' id='par_1_87' title="bbox 2150 2712 3737 2787">
     <span class='ocr_line' id='line_1_87' title="bbox 2150 2712 3737 2787; baseline 0.012 -28"><span class='ocrx_word' id='word_1_660' title='bbox 2150 2718 2347 2776; x_wconf 89' lang='lat' dir='ltr'><strong>quanto</strong></span> <span class='ocrx_word' id='word_1_661' title='bbox 2373 2712 2514 2765; x_wconf 91' lang='lat' dir='ltr'><strong>enim</strong></span> <span class='ocrx_word' id='word_1_662' title='bbox 2545 2712 2744 2768; x_wconf 90' lang='lat' dir='ltr'><strong>diutius</strong></span> <span class='ocrx_word' id='word_1_663' title='bbox 2770 2715 2820 2768; x_wconf 93' lang='lat' dir='ltr'><strong>in</strong></span> <span class='ocrx_word' id='word_1_664' title='bbox 2851 2717 3130 2787; x_wconf 81' lang='lat' dir='ltr'><strong>gymnasio</strong></span> <span class='ocrx_word' id='word_1_665' title='bbox 3157 2720 3556 2786; x_wconf 78' lang='lat' dir='ltr'><strong>exercitabitur,</strong></span> <span class='ocrx_word' id='word_1_666' title='bbox 3586 2731 3737 2778; x_wconf 89' lang='lat' dir='ltr'><strong>tanto</strong></span> 
     </span>
    </p>
   </div>
   <div class='ocr_carea' id='block_1_88' title="bbox 2149 2802 3733 2884">
    <p class='ocr_par' dir='ltr' id='par_1_88' title="bbox 2149 2802 3733 2884">
     <span class='ocr_line' id='line_1_88' title="bbox 2149 2802 3733 2884; baseline 0.01 -30"><span class='ocrx_word' id='word_1_667' title='bbox 2149 2802 2378 2870; x_wconf 88' lang='lat' dir='ltr'><strong>majores</strong></span> <span class='ocrx_word' id='word_1_668' title='bbox 2407 2804 2731 2874; x_wconf 88' lang='lat' dir='ltr'><strong>adipiscetur</strong></span> <span class='ocrx_word' id='word_1_669' title='bbox 2761 2809 2920 2863; x_wconf 90' lang='lat' dir='ltr'><strong>vires.</strong></span> <span class='ocrx_word' id='word_1_670' title='bbox 2956 2810 3065 2865; x_wconf 92' lang='lat' dir='ltr'><strong>lmo</strong></span> <span class='ocrx_word' id='word_1_671' title='bbox 3095 2811 3139 2865; x_wconf 93' lang='lat' dir='ltr'><strong>si</strong></span> <span class='ocrx_word' id='word_1_672' title='bbox 3165 2812 3391 2880; x_wconf 84' lang='lat' dir='ltr'><strong>placeat,</strong></span> <span class='ocrx_word' id='word_1_673' title='bbox 3421 2828 3489 2868; x_wconf 91' lang='lat' dir='ltr'><strong>ne</strong></span> <span class='ocrx_word' id='word_1_674' title='bbox 3523 2823 3733 2884; x_wconf 89' lang='lat' dir='ltr'><strong>tempus</strong></span> 
     </span>
    </p>
   </div>
   <div class='ocr_carea' id='block_1_89' title="bbox 2148 2894 3730 2976">
    <p class='ocr_par' dir='ltr' id='par_1_89' title="bbox 2148 2894 3730 2976">
     <span class='ocr_line' id='line_1_89' title="bbox 2148 2894 3730 2976; baseline 0.009 -29"><span class='ocrx_word' id='word_1_675' title='bbox 2148 2894 2485 2966; x_wconf 88' lang='lat' dir='ltr'><strong>deﬁniamus,</strong></span> <span class='ocrx_word' id='word_1_676' title='bbox 2522 2900 2616 2954; x_wconf 88' lang='lat' dir='ltr'><strong>sed</strong></span> <span class='ocrx_word' id='word_1_677' title='bbox 2645 2903 2904 2955; x_wconf 90' lang='lat' dir='ltr'><strong>terminus</strong></span> <span class='ocrx_word' id='word_1_678' title='bbox 2930 2902 3000 2958; x_wconf 85' lang='lat' dir='ltr'><strong>sit</strong></span> <span class='ocrx_word' id='word_1_679' title='bbox 3038 2904 3127 2960; x_wconf 90' lang='lat' dir='ltr'><strong>ille</strong></span> <span class='ocrx_word' id='word_1_680' title='bbox 3152 2912 3381 2970; x_wconf 90' lang='lat' dir='ltr'><strong>tantum,</strong></span> <span class='ocrx_word' id='word_1_681' title='bbox 3421 2908 3511 2976; x_wconf 91' lang='lat' dir='ltr'><strong>qui</strong></span> <span class='ocrx_word' id='word_1_682' title='bbox 3543 2907 3730 2963; x_wconf 89' lang='lat' dir='ltr'><strong>insitos</strong></span> 
     </span>
    </p>
   </div>
   <div class='ocr_carea' id='block_1_90' title="bbox 2148 2985 3735 3068">
    <p class='ocr_par' dir='ltr' id='par_1_90' title="bbox 2148 2985 3735 3068">
     <span class='ocr_line' id='line_1_90' title="bbox 2148 2985 3735 3068; baseline 0.009 -28"><span class='ocrx_word' id='word_1_683' title='bbox 2148 2985 2351 3043; x_wconf 83' lang='lat' dir='ltr'><strong>fructus</strong></span> <span class='ocrx_word' id='word_1_684' title='bbox 2396 2991 2564 3060; x_wconf 88' lang='lat' dir='ltr'><strong>possit</strong></span> <span class='ocrx_word' id='word_1_685' title='bbox 2605 2991 2669 3046; x_wconf 88' lang='lat' dir='ltr'><strong>ad</strong></span> <span class='ocrx_word' id='word_1_686' title='bbox 2719 2993 3078 3048; x_wconf 88' lang='lat' dir='ltr'><strong>maturitatem</strong></span> <span class='ocrx_word' id='word_1_687' title='bbox 3123 2995 3448 3064; x_wconf 88' lang='lat' dir='ltr'><strong>perducere;</strong></span> <span class='ocrx_word' id='word_1_688' title='bbox 3503 3007 3735 3068; x_wconf 83' lang='lat' dir='ltr'><strong>tuncque</strong></span> 
     </span>
    </p>
   </div>
   <div class='ocr_carea' id='block_1_91' title="bbox 2147 3078 3734 3152">
    <p class='ocr_par' dir='ltr' id='par_1_91' title="bbox 2147 3078 3734 3152">
     <span class='ocr_line' id='line_1_91' title="bbox 2147 3078 3734 3152; baseline 0.009 -20"><span class='ocrx_word' id='word_1_689' title='bbox 2147 3078 2332 3134; x_wconf 86' lang='lat' dir='ltr'><strong>redeat</strong></span> <span class='ocrx_word' id='word_1_690' title='bbox 2372 3096 2437 3136; x_wconf 80' lang='lat' dir='ltr'><strong>ex</strong></span> <span class='ocrx_word' id='word_1_691' title='bbox 2480 3083 2791 3152; x_wconf 90' lang='lat' dir='ltr'><strong>solitudine,</strong></span> <span class='ocrx_word' id='word_1_692' title='bbox 2839 3101 2944 3140; x_wconf 91' lang='lat' dir='ltr'><strong>non</strong></span> <span class='ocrx_word' id='word_1_693' title='bbox 2985 3095 3163 3141; x_wconf 89' lang='lat' dir='ltr'><strong>autem</strong></span> <span class='ocrx_word' id='word_1_694' title='bbox 3207 3096 3389 3143; x_wconf 91' lang='lat' dir='ltr'><strong>antea.</strong></span> <span class='ocrx_word' id='word_1_695' title='bbox 3416 3090 3556 3145; x_wconf 86' lang='lat' dir='ltr'><strong>Nihil</strong></span> <span class='ocrx_word' id='word_1_696' title='bbox 3585 3093 3734 3146; x_wconf 87' lang='lat' dir='ltr'><strong>enim</strong></span> 
     </span>
    </p>
   </div>
   <div class='ocr_carea' id='block_1_92' title="bbox 2147 3170 3728 3242">
    <p class='ocr_par' dir='ltr' id='par_1_92' title="bbox 2147 3170 3728 3242">
     <span class='ocr_line' id='line_1_92' title="bbox 2147 3170 3728 3242; baseline 0.009 -18"><span class='ocrx_word' id='word_1_697' title='bbox 2147 3170 2300 3226; x_wconf 90' lang='lat' dir='ltr'><strong>nobis</strong></span> <span class='ocrx_word' id='word_1_698' title='bbox 2331 3173 2567 3241; x_wconf 86' lang='lat' dir='ltr'><strong>proderit</strong></span> <span class='ocrx_word' id='word_1_699' title='bbox 2597 3175 2689 3230; x_wconf 88' lang='lat' dir='ltr'><strong>illa</strong></span> <span class='ocrx_word' id='word_1_700' title='bbox 2725 3177 2990 3242; x_wconf 85' lang='lat' dir='ltr'><strong>celeritas,</strong></span> <span class='ocrx_word' id='word_1_701' title='bbox 3025 3178 3127 3232; x_wconf 90' lang='lat' dir='ltr'><strong>nisi</strong></span> <span class='ocrx_word' id='word_1_702' title='bbox 3165 3188 3225 3234; x_wconf 92' lang='lat' dir='ltr'><strong>ut</strong></span> <span class='ocrx_word' id='word_1_703' title='bbox 3261 3181 3328 3235; x_wconf 93' lang='lat' dir='ltr'><strong>ad</strong></span> <span class='ocrx_word' id='word_1_704' title='bbox 3369 3184 3728 3238; x_wconf 87' lang='lat' dir='ltr'><strong>maturitatem</strong></span> 
     </span>
    </p>
   </div>
   <div class='ocr_carea' id='block_1_93' title="bbox 2147 3269 3728 3344">
    <p class='ocr_par' dir='ltr' id='par_1_93' title="bbox 2147 3269 3728 3344">
     <span class='ocr_line' id='line_1_93' title="bbox 2147 3269 3728 3344; baseline 0.011 -30"><span class='ocrx_word' id='word_1_705' title='bbox 2147 3277 2432 3334; x_wconf 91' lang='lat' dir='ltr'><strong>numquam</strong></span> <span class='ocrx_word' id='word_1_706' title='bbox 2478 3269 2776 3335; x_wconf 86' lang='lat' dir='ltr'><strong>perveniat.</strong></span> <span class='ocrx_word' id='word_1_707' title='bbox 2805 3269 2903 3337; x_wconf 86' lang='lat' dir='ltr'><strong>Qui</strong></span> <span class='ocrx_word' id='word_1_708' title='bbox 2944 3272 3084 3324; x_wconf 92' lang='lat' dir='ltr'><strong>enim</strong></span> <span class='ocrx_word' id='word_1_709' title='bbox 3129 3282 3254 3325; x_wconf 87' lang='lat' dir='ltr'><strong>ante</strong></span> <span class='ocrx_word' id='word_1_710' title='bbox 3298 3279 3506 3344; x_wconf 91' lang='lat' dir='ltr'><strong>tempus</strong></span> <span class='ocrx_word' id='word_1_711' title='bbox 3534 3275 3728 3331; x_wconf 89' lang='lat' dir='ltr'><strong>radicis</strong></span> 
     </span>
    </p>
   </div>
   <div class='ocr_carea' id='block_1_94' title="bbox 2144 3354 3727 3434">
    <p class='ocr_par' dir='ltr' id='par_1_94' title="bbox 2144 3354 3727 3434">
     <span class='ocr_line' id='line_1_94' title="bbox 2144 3354 3727 3434; baseline 0.009 -28"><span class='ocrx_word' id='word_1_712' title='bbox 2144 3354 2402 3410; x_wconf 80' lang='lat' dir='ltr'><strong>alimento</strong></span> <span class='ocrx_word' id='word_1_713' title='bbox 2415 3356 2740 3424; x_wconf 83' lang='lat' dir='ltr'><strong>destituitur,</strong></span> <span class='ocrx_word' id='word_1_714' title='bbox 2765 3359 2808 3413; x_wconf 91' lang='lat' dir='ltr'><strong>is</strong></span> <span class='ocrx_word' id='word_1_715' title='bbox 2827 3362 3063 3430; x_wconf 84' lang='lat' dir='ltr'><strong>profecto</strong></span> <span class='ocrx_word' id='word_1_716' title='bbox 3086 3377 3151 3416; x_wconf 88' lang='lat' dir='ltr'><strong>ne</strong></span> <span class='ocrx_word' id='word_1_717' title='bbox 3173 3361 3492 3420; x_wconf 89' lang='lat' dir='ltr'><strong>adveniente</strong></span> <span class='ocrx_word' id='word_1_718' title='bbox 3511 3365 3727 3434; x_wconf 89' lang='lat' dir='ltr'><strong>quidem</strong></span> 
     </span>
    </p>
   </div>
   <div class='ocr_carea' id='block_1_95' title="bbox 2144 3448 3729 3524">
    <p class='ocr_par' dir='ltr' id='par_1_95' title="bbox 2144 3448 3729 3524">
     <span class='ocr_line' id='line_1_95' title="bbox 2144 3448 3729 3524; baseline 0.009 -27"><span class='ocrx_word' id='word_1_719' title='bbox 2144 3451 2383 3515; x_wconf 89' lang='lat' dir='ltr'><strong>tempore</strong></span> <span class='ocrx_word' id='word_1_720' title='bbox 2410 3448 2553 3504; x_wconf 88' lang='lat' dir='ltr'><strong>utilis</strong></span> <span class='ocrx_word' id='word_1_721' title='bbox 2579 3449 2700 3514; x_wconf 82' lang='lat' dir='ltr'><strong>erit.</strong></span> <span class='ocrx_word' id='word_1_722' title='bbox 2728 3450 2879 3516; x_wconf 84' lang='lat' dir='ltr'><strong>Quod</strong></span> <span class='ocrx_word' id='word_1_723' title='bbox 2907 3459 3051 3507; x_wconf 88' lang='lat' dir='ltr'><strong>utne</strong></span> <span class='ocrx_word' id='word_1_724' title='bbox 3080 3452 3306 3520; x_wconf 87' lang='lat' dir='ltr'><strong>accidat,</strong></span> <span class='ocrx_word' id='word_1_725' title='bbox 3333 3456 3729 3524; x_wconf 86' lang='lat' dir='ltr'><strong>separationem</strong></span> 
     </span>
    </p>
   </div>
   <div class='ocr_carea' id='block_1_96' title="bbox 2144 3536 3724 3617">
    <p class='ocr_par' dir='ltr' id='par_1_96' title="bbox 2144 3536 3724 3617">
     <span class='ocr_line' id='line_1_96' title="bbox 2144 3536 3724 3617; baseline 0.008 -27"><span class='ocrx_word' id='word_1_726' title='bbox 2144 3536 2284 3590; x_wconf 91' lang='lat' dir='ltr'><strong>illam</strong></span> <span class='ocrx_word' id='word_1_727' title='bbox 2314 3539 2579 3607; x_wconf 91' lang='lat' dir='ltr'><strong>patienter</strong></span> <span class='ocrx_word' id='word_1_728' title='bbox 2615 3541 2881 3608; x_wconf 87' lang='lat' dir='ltr'><strong>feramus;</strong></span> <span class='ocrx_word' id='word_1_729' title='bbox 2912 3558 3011 3598; x_wconf 91' lang='lat' dir='ltr'><strong>nec</strong></span> <span class='ocrx_word' id='word_1_730' title='bbox 3041 3545 3214 3599; x_wconf 90' lang='lat' dir='ltr'><strong>solum</strong></span> <span class='ocrx_word' id='word_1_731' title='bbox 3257 3560 3362 3600; x_wconf 91' lang='lat' dir='ltr'><strong>non</strong></span> <span class='ocrx_word' id='word_1_732' title='bbox 3399 3563 3685 3617; x_wconf 89' lang='lat' dir='ltr'><strong>urgeamus</strong></span> <span class='ocrx_word' id='word_1_733' title='bbox 3707 3592 3724 3617; x_wconf 87' lang='lat'><strong>,</strong></span> 
     </span>
    </p>
   </div>
   <div class='ocr_carea' id='block_1_97' title="bbox 2142 3625 3724 3710">
    <p class='ocr_par' dir='ltr' id='par_1_97' title="bbox 2142 3625 3724 3710">
     <span class='ocr_line' id='line_1_97' title="bbox 2142 3625 3724 3710; baseline 0.01 -32"><span class='ocrx_word' id='word_1_734' title='bbox 2142 3625 2235 3679; x_wconf 90' lang='lat' dir='ltr'><strong>sed</strong></span> <span class='ocrx_word' id='word_1_735' title='bbox 2269 3626 2313 3680; x_wconf 89' lang='lat' dir='ltr'><strong>si</strong></span> <span class='ocrx_word' id='word_1_736' title='bbox 2342 3638 2661 3696; x_wconf 78' lang='lat' dir='ltr'><strong>prannature</strong></span> <span class='ocrx_word' id='word_1_737' title='bbox 2689 3631 2865 3686; x_wconf 88' lang='lat' dir='ltr'><strong>redire</strong></span> <span class='ocrx_word' id='word_1_738' title='bbox 2903 3633 3100 3700; x_wconf 86' lang='lat' dir='ltr'><strong>velint,</strong></span> <span class='ocrx_word' id='word_1_739' title='bbox 3146 3635 3522 3704; x_wconf 86' lang='lat' dir='ltr'><strong>prohibeamus</strong></span> <span class='ocrx_word' id='word_1_740' title='bbox 3555 3656 3568 3692; x_wconf 89' lang='lat'><strong>:</strong></span> <span class='ocrx_word' id='word_1_741' title='bbox 3599 3655 3724 3710; x_wconf 84' lang='lat' dir='ltr'><strong>per-</strong></span> 
     </span>
    </p>
   </div>
   <div class='ocr_carea' id='block_1_98' title="bbox 2141 3714 3723 3798">
    <p class='ocr_par' dir='ltr' id='par_1_98' title="bbox 2141 3714 3723 3798">
     <span class='ocr_line' id='line_1_98' title="bbox 2141 3714 3723 3798; baseline 0.011 -29"><span class='ocrx_word' id='word_1_742' title='bbox 2141 3714 2337 3772; x_wconf 90' lang='lat' dir='ltr'><strong>fectum</strong></span> <span class='ocrx_word' id='word_1_743' title='bbox 2363 3720 2503 3773; x_wconf 91' lang='lat' dir='ltr'><strong>enim</strong></span> <span class='ocrx_word' id='word_1_744' title='bbox 2533 3729 2657 3775; x_wconf 92' lang='lat' dir='ltr'><strong>tunc</strong></span> <span class='ocrx_word' id='word_1_745' title='bbox 2681 3722 2885 3777; x_wconf 90' lang='lat' dir='ltr'><strong>lucrum</strong></span> <span class='ocrx_word' id='word_1_746' title='bbox 2916 3725 3133 3780; x_wconf 84' lang='lat' dir='ltr'><strong>accedet</strong></span> <span class='ocrx_word' id='word_1_747' title='bbox 3160 3736 3213 3781; x_wconf 91' lang='lat' dir='ltr'><strong>et</strong></span> <span class='ocrx_word' id='word_1_748' title='bbox 3238 3729 3374 3798; x_wconf 91' lang='lat' dir='ltr'><strong>patri</strong></span> <span class='ocrx_word' id='word_1_749' title='bbox 3403 3739 3456 3784; x_wconf 93' lang='lat' dir='ltr'><strong>et</strong></span> <span class='ocrx_word' id='word_1_750' title='bbox 3484 3733 3636 3786; x_wconf 91' lang='lat' dir='ltr'><strong>matri</strong></span> <span class='ocrx_word' id='word_1_751' title='bbox 3669 3743 3723 3788; x_wconf 85' lang='lat' dir='ltr'><strong>et</strong></span> 
     </span>
    </p>
   </div>
   <div class='ocr_carea' id='block_1_99' title="bbox 2140 3809 3720 3890">
    <p class='ocr_par' dir='ltr' id='par_1_99' title="bbox 2140 3809 3720 3890">
     <span class='ocr_line' id='line_1_99' title="bbox 2140 3809 3720 3890; baseline 0.011 -28"><span class='ocrx_word' id='word_1_752' title='bbox 2140 3809 2320 3864; x_wconf 91' lang='lat' dir='ltr'><strong>domui</strong></span> <span class='ocrx_word' id='word_1_753' title='bbox 2357 3820 2411 3865; x_wconf 92' lang='lat' dir='ltr'><strong>et</strong></span> <span class='ocrx_word' id='word_1_754' title='bbox 2436 3813 2633 3867; x_wconf 90' lang='lat' dir='ltr'><strong>civitati</strong></span> <span class='ocrx_word' id='word_1_755' title='bbox 2663 3824 2717 3869; x_wconf 91' lang='lat' dir='ltr'><strong>et</strong></span> <span class='ocrx_word' id='word_1_756' title='bbox 2746 3817 2910 3885; x_wconf 86' lang='lat' dir='ltr'><strong>genti.</strong></span> <span class='ocrx_word' id='word_1_757' title='bbox 2944 3817 3037 3872; x_wconf 92' lang='lat' dir='ltr'><strong>Sin</strong></span> <span class='ocrx_word' id='word_1_758' title='bbox 3067 3834 3192 3874; x_wconf 91' lang='lat' dir='ltr'><strong>vero</strong></span> <span class='ocrx_word' id='word_1_759' title='bbox 3226 3821 3568 3890; x_wconf 84' lang='lat' dir='ltr'><strong>imperfectus</strong></span> <span class='ocrx_word' id='word_1_760' title='bbox 3597 3826 3720 3880; x_wconf 89' lang='lat' dir='ltr'><strong>red-</strong></span> 
     </span>
    </p>
   </div>
   <div class='ocr_carea' id='block_1_100' title="bbox 2139 3901 3721 3982">
    <p class='ocr_par' dir='ltr' id='par_1_100' title="bbox 2139 3901 3721 3982">
     <span class='ocr_line' id='line_1_100' title="bbox 2139 3901 3721 3982; baseline 0.011 -29"><span class='ocrx_word' id='word_1_761' title='bbox 2139 3909 2244 3968; x_wconf 90' lang='lat' dir='ltr'><strong>eat,</strong></span> <span class='ocrx_word' id='word_1_762' title='bbox 2277 3901 2530 3958; x_wconf 91' lang='lat' dir='ltr'><strong>ridiculus</strong></span> <span class='ocrx_word' id='word_1_763' title='bbox 2551 3905 2672 3971; x_wconf 90' lang='lat' dir='ltr'><strong>erit,</strong></span> <span class='ocrx_word' id='word_1_764' title='bbox 2697 3907 2907 3975; x_wconf 89' lang='lat' dir='ltr'><strong>probris</strong></span> <span class='ocrx_word' id='word_1_765' title='bbox 2935 3909 3228 3978; x_wconf 82' lang='lat' dir='ltr'><strong>expositus,</strong></span> <span class='ocrx_word' id='word_1_766' title='bbox 3252 3912 3475 3982; x_wconf 86' lang='lat' dir='ltr'><strong>aliisque</strong></span> <span class='ocrx_word' id='word_1_767' title='bbox 3504 3916 3721 3972; x_wconf 82' lang='lat' dir='ltr'><strong>noxius.</strong></span> 
     </span>
    </p>
   </div>
   <div class='ocr_carea' id='block_1_101' title="bbox 2139 3992 3721 4068">
    <p class='ocr_par' dir='ltr' id='par_1_101' title="bbox 2139 3992 3721 4068">
     <span class='ocr_line' id='line_1_101' title="bbox 2139 3992 3721 4068; baseline 0.01 -22"><span class='ocrx_word' id='word_1_768' title='bbox 2139 3992 2216 4048; x_wconf 91' lang='lat' dir='ltr'><strong>Ne</strong></span> <span class='ocrx_word' id='word_1_769' title='bbox 2244 3994 2401 4064; x_wconf 87' lang='lat' dir='ltr'><strong>igitur</strong></span> <span class='ocrx_word' id='word_1_770' title='bbox 2429 3994 2739 4052; x_wconf 91' lang='lat' dir='ltr'><strong>detrimenti</strong></span> <span class='ocrx_word' id='word_1_771' title='bbox 2768 3999 3070 4068; x_wconf 88' lang='lat' dir='ltr'><strong>hujusmodi</strong></span> <span class='ocrx_word' id='word_1_772' title='bbox 3099 4011 3345 4058; x_wconf 88' lang='lat' dir='ltr'><strong>auctores</strong></span> <span class='ocrx_word' id='word_1_773' title='bbox 3371 3997 3555 4060; x_wconf 82' lang='lat' dir='ltr'><strong>simus.</strong></span> <span class='ocrx_word' id='word_1_774' title='bbox 3587 4006 3721 4062; x_wconf 88' lang='lat' dir='ltr'><strong>Nam</strong></span> 
     </span>
    </p>
   </div>
   <div class='ocr_carea' id='block_1_102' title="bbox 2139 4088 3719 4157">
    <p class='ocr_par' dir='ltr' id='par_1_102' title="bbox 2139 4088 3719 4157">
     <span class='ocr_line' id='line_1_102' title="bbox 2139 4088 3719 4157; baseline 0.009 -20"><span class='ocrx_word' id='word_1_775' title='bbox 2139 4100 2256 4138; x_wconf 91' lang='lat' dir='ltr'><strong>cum</strong></span> <span class='ocrx_word' id='word_1_776' title='bbox 2291 4101 2513 4156; x_wconf 88' lang='lat' dir='ltr'><strong>peregre</strong></span> <span class='ocrx_word' id='word_1_777' title='bbox 2537 4088 2674 4143; x_wconf 89' lang='lat' dir='ltr'><strong>ﬁlios</strong></span> <span class='ocrx_word' id='word_1_778' title='bbox 2697 4089 2977 4157; x_wconf 87' lang='lat' dir='ltr'><strong>mittimus,</strong></span> <span class='ocrx_word' id='word_1_779' title='bbox 3007 4099 3131 4146; x_wconf 89' lang='lat' dir='ltr'><strong>tunc</strong></span> <span class='ocrx_word' id='word_1_780' title='bbox 3152 4092 3363 4148; x_wconf 89' lang='lat' dir='ltr'><strong>demum</strong></span> <span class='ocrx_word' id='word_1_781' title='bbox 3392 4096 3513 4150; x_wconf 91' lang='lat' dir='ltr'><strong>illos</strong></span> <span class='ocrx_word' id='word_1_782' title='bbox 3536 4099 3719 4153; x_wconf 85' lang='lat' dir='ltr'><strong>videre</strong></span> 
     </span>
    </p>
   </div>
   <div class='ocr_carea' id='block_1_103' title="bbox 2139 4175 3722 4255">
    <p class='ocr_par' dir='ltr' id='par_1_103' title="bbox 2139 4175 3722 4255">
     <span class='ocr_line' id='line_1_103' title="bbox 2139 4175 3722 4255; baseline 0.009 -28"><span class='ocrx_word' id='word_1_783' title='bbox 2139 4175 2403 4242; x_wconf 88' lang='lat' dir='ltr'><strong>volumus,</strong></span> <span class='ocrx_word' id='word_1_784' title='bbox 2449 4191 2570 4231; x_wconf 90' lang='lat' dir='ltr'><strong>cum</strong></span> <span class='ocrx_word' id='word_1_785' title='bbox 2616 4178 2666 4232; x_wconf 90' lang='lat' dir='ltr'><strong>id</strong></span> <span class='ocrx_word' id='word_1_786' title='bbox 2715 4178 3061 4248; x_wconf 89' lang='lat' dir='ltr'><strong>perfecerint,</strong></span> <span class='ocrx_word' id='word_1_787' title='bbox 3105 4183 3256 4253; x_wconf 91' lang='lat' dir='ltr'><strong>cujus</strong></span> <span class='ocrx_word' id='word_1_788' title='bbox 3295 4198 3452 4238; x_wconf 92' lang='lat' dir='ltr'><strong>causa</strong></span> <span class='ocrx_word' id='word_1_789' title='bbox 3497 4189 3722 4255; x_wconf 80' lang='lat' dir='ltr'><strong>profecti</strong></span> 
     </span>
    </p>
   </div>
   <div class='ocr_carea' id='block_1_104' title="bbox 2139 4267 3720 4346">
    <p class='ocr_par' dir='ltr' id='par_1_104' title="bbox 2139 4267 3720 4346">
     <span class='ocr_line' id='line_1_104' title="bbox 2139 4267 3720 4346; baseline 0.009 -27"><span class='ocrx_word' id='word_1_790' title='bbox 2139 4275 2295 4330; x_wconf 92' lang='lat' dir='ltr'><strong>sunt;</strong></span> <span class='ocrx_word' id='word_1_791' title='bbox 2325 4267 2369 4321; x_wconf 91' lang='lat' dir='ltr'><strong>si</strong></span> <span class='ocrx_word' id='word_1_792' title='bbox 2389 4276 2513 4322; x_wconf 92' lang='lat' dir='ltr'><strong>ante</strong></span> <span class='ocrx_word' id='word_1_793' title='bbox 2533 4268 2775 4336; x_wconf 89' lang='lat' dir='ltr'><strong>redeant,</strong></span> <span class='ocrx_word' id='word_1_794' title='bbox 2800 4285 2905 4324; x_wconf 91' lang='lat' dir='ltr'><strong>non</strong></span> <span class='ocrx_word' id='word_1_795' title='bbox 2930 4279 3130 4326; x_wconf 90' lang='lat' dir='ltr'><strong>tantum</strong></span> <span class='ocrx_word' id='word_1_796' title='bbox 3153 4288 3217 4328; x_wconf 84' lang='lat' dir='ltr'><strong>ex</strong></span> <span class='ocrx_word' id='word_1_797' title='bbox 3238 4273 3410 4329; x_wconf 89' lang='lat' dir='ltr'><strong>reditu</strong></span> <span class='ocrx_word' id='word_1_798' title='bbox 3433 4277 3720 4346; x_wconf 89' lang='lat' dir='ltr'><strong>voluptatis</strong></span> 
     </span>
    </p>
   </div>
   <div class='ocr_carea' id='block_1_105' title="bbox 2136 4357 3715 4437">
    <p class='ocr_par' dir='ltr' id='par_1_105' title="bbox 2136 4357 3715 4437">
     <span class='ocr_line' id='line_1_105' title="bbox 2136 4357 3715 4437; baseline 0.009 -26"><span class='ocrx_word' id='word_1_799' title='bbox 2136 4357 2394 4426; x_wconf 82' lang='lat' dir='ltr'><strong>eapimus,</strong></span> <span class='ocrx_word' id='word_1_800' title='bbox 2423 4371 2675 4428; x_wconf 92' lang='lat' dir='ltr'><strong>quantum</strong></span> <span class='ocrx_word' id='word_1_801' title='bbox 2703 4377 2766 4416; x_wconf 82' lang='lat' dir='ltr'><strong>cx</strong></span> <span class='ocrx_word' id='word_1_802' title='bbox 2795 4378 2860 4417; x_wconf 93' lang='lat' dir='ltr'><strong>eo</strong></span> <span class='ocrx_word' id='word_1_803' title='bbox 2889 4365 3156 4431; x_wconf 63' lang='lat' dir='ltr'><strong>maeroris,</strong></span> <span class='ocrx_word' id='word_1_804' title='bbox 3183 4367 3322 4437; x_wconf 91' lang='lat' dir='ltr'><strong>quod</strong></span> <span class='ocrx_word' id='word_1_805' title='bbox 3335 4366 3535 4423; x_wconf 83' lang='lat' dir='ltr'><strong>frustra</strong></span> <span class='ocrx_word' id='word_1_806' title='bbox 3547 4370 3715 4425; x_wconf 88' lang='lat' dir='ltr'><strong>redie-</strong></span> 
     </span>
    </p>
   </div>
   <div class='ocr_carea' id='block_1_106' title="bbox 2136 4446 3712 4526">
    <p class='ocr_par' dir='ltr' id='par_1_106' title="bbox 2136 4446 3712 4526">
     <span class='ocr_line' id='line_1_106' title="bbox 2136 4446 3712 4526; baseline 0.01 -26"><span class='ocrx_word' id='word_1_807' title='bbox 2136 4446 2263 4501; x_wconf 86' lang='lat' dir='ltr'><strong>rint.</strong></span> <span class='ocrx_word' id='word_1_808' title='bbox 2287 4448 2388 4514; x_wconf 91' lang='lat' dir='ltr'><strong>Qui</strong></span> <span class='ocrx_word' id='word_1_809' title='bbox 2416 4450 2574 4519; x_wconf 84' lang='lat' dir='ltr'><strong>igitur</strong></span> <span class='ocrx_word' id='word_1_810' title='bbox 2603 4468 2707 4506; x_wconf 90' lang='lat' dir='ltr'><strong>non</strong></span> <span class='ocrx_word' id='word_1_811' title='bbox 2736 4467 2956 4508; x_wconf 78' lang='lat' dir='ltr'><strong>summa:</strong></span> <span class='ocrx_word' id='word_1_812' title='bbox 2981 4456 3287 4512; x_wconf 88' lang='lat' dir='ltr'><strong>stoliditatis</strong></span> <span class='ocrx_word' id='word_1_813' title='bbox 3309 4458 3486 4526; x_wconf 85' lang='lat' dir='ltr'><strong>fuerit,</strong></span> <span class='ocrx_word' id='word_1_814' title='bbox 3514 4469 3712 4516; x_wconf 87' lang='lat' dir='ltr'><strong>tantam</strong></span> 
     </span>
    </p>
   </div>
   <div class='ocr_carea' id='block_1_107' title="bbox 2137 4537 3716 4619">
    <p class='ocr_par' dir='ltr' id='par_1_107' title="bbox 2137 4537 3716 4619">
     <span class='ocr_line' id='line_1_107' title="bbox 2137 4537 3716 4619; baseline 0.01 -29"><span class='ocrx_word' id='word_1_815' title='bbox 2137 4537 2188 4591; x_wconf 89' lang='lat' dir='ltr'><strong>in</strong></span> <span class='ocrx_word' id='word_1_816' title='bbox 2215 4539 2576 4607; x_wconf 91' lang='lat' dir='ltr'><strong>spiritualibus</strong></span> <span class='ocrx_word' id='word_1_817' title='bbox 2604 4558 2710 4597; x_wconf 91' lang='lat' dir='ltr'><strong>non</strong></span> <span class='ocrx_word' id='word_1_818' title='bbox 2741 4544 2995 4601; x_wconf 88' lang='lat' dir='ltr'><strong>adhibere</strong></span> <span class='ocrx_word' id='word_1_819' title='bbox 3021 4562 3224 4613; x_wconf 90' lang='lat' dir='ltr'><strong>curam,</strong></span> <span class='ocrx_word' id='word_1_820' title='bbox 3259 4559 3510 4619; x_wconf 91' lang='lat' dir='ltr'><strong>quautam</strong></span> <span class='ocrx_word' id='word_1_821' title='bbox 3541 4553 3592 4605; x_wconf 93' lang='lat' dir='ltr'><strong>in</strong></span> <span class='ocrx_word' id='word_1_822' title='bbox 3617 4569 3716 4608; x_wconf 66' lang='lat' dir='ltr'><strong>sre-</strong></span> 
     </span>
    </p>
   </div>
   <div class='ocr_carea' id='block_1_108' title="bbox 2135 4628 3710 4710">
    <p class='ocr_par' dir='ltr' id='par_1_108' title="bbox 2135 4628 3710 4710">
     <span class='ocr_line' id='line_1_108' title="bbox 2135 4628 3710 4710; baseline 0.01 -28"><span class='ocrx_word' id='word_1_823' title='bbox 2135 4628 2440 4698; x_wconf 88' lang='lat' dir='ltr'><strong>cularibus;</strong></span> <span class='ocrx_word' id='word_1_824' title='bbox 2479 4641 2638 4702; x_wconf 88' lang='lat' dir='ltr'><strong>atque</strong></span> <span class='ocrx_word' id='word_1_825' title='bbox 2681 4634 2752 4689; x_wconf 91' lang='lat' dir='ltr'><strong>ibi</strong></span> <span class='ocrx_word' id='word_1_826' title='bbox 2789 4635 3004 4705; x_wconf 87' lang='lat' dir='ltr'><strong>quidem</strong></span> <span class='ocrx_word' id='word_1_827' title='bbox 3055 4638 3280 4692; x_wconf 89' lang='lat' dir='ltr'><strong>ﬁliorum</strong></span> <span class='ocrx_word' id='word_1_828' title='bbox 3322 4643 3710 4710; x_wconf 88' lang='lat' dir='ltr'><strong>separationem</strong></span> 
     </span>
    </p>
   </div>
   <div class='ocr_carea' id='block_1_109' title="bbox 2135 4723 3714 4796">
    <p class='ocr_par' dir='ltr' id='par_1_109' title="bbox 2135 4723 3714 4796">
     <span class='ocr_line' id='line_1_109' title="bbox 2135 4723 3714 4796; baseline 0.01 -21"><span class='ocrx_word' id='word_1_829' title='bbox 2135 4730 2242 4776; x_wconf 87' lang='lat' dir='ltr'><strong>tam</strong></span> <span class='ocrx_word' id='word_1_830' title='bbox 2286 4723 2653 4796; x_wconf 89' lang='lat' dir='ltr'><strong>philosophice</strong></span> <span class='ocrx_word' id='word_1_831' title='bbox 2696 4725 2865 4795; x_wconf 82' lang='lat' dir='ltr'><strong>ferre,</strong></span> <span class='ocrx_word' id='word_1_832' title='bbox 2909 4741 2965 4784; x_wconf 92' lang='lat' dir='ltr'><strong>ut</strong></span> <span class='ocrx_word' id='word_1_833' title='bbox 3007 4745 3124 4784; x_wconf 88' lang='lat' dir='ltr'><strong>eam</strong></span> <span class='ocrx_word' id='word_1_834' title='bbox 3169 4731 3554 4788; x_wconf 86' lang='lat' dir='ltr'><strong>diuturniorem</strong></span> <span class='ocrx_word' id='word_1_835' title='bbox 3595 4751 3714 4792; x_wconf 91' lang='lat' dir='ltr'><strong>esse</strong></span> 
     </span>
    </p>
   </div>
   <div class='ocr_carea' id='block_1_110' title="bbox 2134 4817 3707 4892">
    <p class='ocr_par' dir='ltr' id='par_1_110' title="bbox 2134 4817 3707 4892">
     <span class='ocr_line' id='line_1_110' title="bbox 2134 4817 3707 4892; baseline 0.01 -25"><span class='ocrx_word' id='word_1_836' title='bbox 2134 4822 2398 4884; x_wconf 81' lang='lat' dir='ltr'><strong>Optemus,</strong></span> <span class='ocrx_word' id='word_1_837' title='bbox 2442 4817 2488 4872; x_wconf 90' lang='lat' dir='ltr'><strong>si</strong></span> <span class='ocrx_word' id='word_1_838' title='bbox 2529 4817 2595 4873; x_wconf 89' lang='lat' dir='ltr'><strong>de</strong></span> <span class='ocrx_word' id='word_1_839' title='bbox 2639 4820 2751 4874; x_wconf 92' lang='lat' dir='ltr'><strong>utili</strong></span> <span class='ocrx_word' id='word_1_840' title='bbox 2791 4823 3040 4891; x_wconf 88' lang='lat' dir='ltr'><strong>quopiam</strong></span> <span class='ocrx_word' id='word_1_841' title='bbox 3083 4833 3303 4892; x_wconf 88' lang='lat' dir='ltr'><strong>agatur;</strong></span> <span class='ocrx_word' id='word_1_842' title='bbox 3351 4823 3438 4878; x_wconf 87' lang='lat' dir='ltr'><strong>hic</strong></span> <span class='ocrx_word' id='word_1_843' title='bbox 3463 4841 3598 4881; x_wconf 89' lang='lat' dir='ltr'><strong>vero</strong></span> <span class='ocrx_word' id='word_1_844' title='bbox 3635 4828 3707 4884; x_wconf 83' lang='lat' dir='ltr'><strong>ita</strong></span> 
     </span>
    </p>
   </div>
   <div class='ocr_carea' id='block_1_111' title="bbox 2133 4908 3705 4985">
    <p class='ocr_par' dir='ltr' id='par_1_111' title="bbox 2133 4908 3705 4985">
     <span class='ocr_line' id='line_1_111' title="bbox 2133 4908 3705 4985; baseline 0.008 -24"><span class='ocrx_word' id='word_1_845' title='bbox 2133 4908 2320 4962; x_wconf 88' lang='lat' dir='ltr'><strong>molles</strong></span> <span class='ocrx_word' id='word_1_846' title='bbox 2349 4919 2403 4964; x_wconf 90' lang='lat' dir='ltr'><strong>et</strong></span> <span class='ocrx_word' id='word_1_847' title='bbox 2427 4910 2606 4965; x_wconf 92' lang='lat' dir='ltr'><strong>animo</strong></span> <span class='ocrx_word' id='word_1_848' title='bbox 2635 4909 2829 4967; x_wconf 85' lang='lat' dir='ltr'><strong>fractos</strong></span> <span class='ocrx_word' id='word_1_849' title='bbox 2858 4929 2997 4981; x_wconf 89' lang='lat' dir='ltr'><strong>esse,</strong></span> <span class='ocrx_word' id='word_1_850' title='bbox 3027 4928 3146 4968; x_wconf 90' lang='lat' dir='ltr'><strong>cum</strong></span> <span class='ocrx_word' id='word_1_851' title='bbox 3177 4915 3250 4968; x_wconf 91' lang='lat' dir='ltr'><strong>illi</strong></span> <span class='ocrx_word' id='word_1_852' title='bbox 3273 4915 3705 4985; x_wconf 88' lang='lat' dir='ltr'><strong>proﬁciscuntur,</strong></span> 
     </span>
    </p>
   </div>
   <div class='ocr_carea' id='block_1_112' title="bbox 2133 4998 3711 5082">
    <p class='ocr_par' dir='ltr' id='par_1_112' title="bbox 2133 4998 3711 5082">
     <span class='ocr_line' id='line_1_112' title="bbox 2133 4998 3711 5082; baseline 0.011 -31"><span class='ocrx_word' id='word_1_853' title='bbox 2133 5008 2190 5052; x_wconf 91' lang='lat' dir='ltr'><strong>ut</strong></span> <span class='ocrx_word' id='word_1_854' title='bbox 2235 4998 2337 5055; x_wconf 87' lang='lat' dir='ltr'><strong>hac</strong></span> <span class='ocrx_word' id='word_1_855' title='bbox 2385 5011 2564 5057; x_wconf 91' lang='lat' dir='ltr'><strong>nostra</strong></span> <span class='ocrx_word' id='word_1_856' title='bbox 2617 5005 3052 5074; x_wconf 89' lang='lat' dir='ltr'><strong>pusillanimitate</strong></span> <span class='ocrx_word' id='word_1_857' title='bbox 3100 5009 3264 5062; x_wconf 90' lang='lat' dir='ltr'><strong>multa</strong></span> <span class='ocrx_word' id='word_1_858' title='bbox 3307 5024 3711 5082; x_wconf 89' lang='lat' dir='ltr'><strong>corrumpamus</strong></span> 
     </span>
    </p>
   </div>
   <div class='ocr_carea' id='block_1_113' title="bbox 2131 5091 3706 5169">
    <p class='ocr_par' dir='ltr' id='par_1_113' title="bbox 2131 5091 3706 5169">
     <span class='ocr_line' id='line_1_113' title="bbox 2131 5091 3706 5169; baseline 0.01 -23"><span class='ocrx_word' id='word_1_859' title='bbox 2131 5091 2270 5148; x_wconf 87' lang='lat' dir='ltr'><strong>bona</strong></span> <span class='ocrx_word' id='word_1_860' title='bbox 2304 5110 2317 5146; x_wconf 91' lang='lat'>:</span> <span class='ocrx_word' id='word_1_861' title='bbox 2346 5102 2400 5148; x_wconf 91' lang='lat' dir='ltr'><strong>et</strong></span> <span class='ocrx_word' id='word_1_862' title='bbox 2426 5095 2539 5150; x_wconf 64' lang='lat' dir='ltr'><strong>haec</strong></span> <span class='ocrx_word' id='word_1_863' title='bbox 2565 5111 2686 5151; x_wconf 91' lang='lat' dir='ltr'><strong>cum</strong></span> <span class='ocrx_word' id='word_1_864' title='bbox 2716 5099 2866 5167; x_wconf 89' lang='lat' dir='ltr'><strong>plura</strong></span> <span class='ocrx_word' id='word_1_865' title='bbox 2891 5100 3080 5154; x_wconf 89' lang='lat' dir='ltr'><strong>solatia</strong></span> <span class='ocrx_word' id='word_1_866' title='bbox 3112 5101 3422 5169; x_wconf 88' lang='lat' dir='ltr'><strong>habeamus,</strong></span> <span class='ocrx_word' id='word_1_867' title='bbox 3455 5121 3560 5160; x_wconf 91' lang='lat' dir='ltr'><strong>non</strong></span> <span class='ocrx_word' id='word_1_868' title='bbox 3594 5115 3706 5161; x_wconf 90' lang='lat' dir='ltr'><strong>tan-</strong></span> 
     </span>
    </p>
   </div>
   <div class='ocr_carea' id='block_1_114' title="bbox 2133 5185 3707 5259">
    <p class='ocr_par' dir='ltr' id='par_1_114' title="bbox 2133 5185 3707 5259">
     <span class='ocr_line' id='line_1_114' title="bbox 2133 5185 3707 5259; baseline 0.01 -23"><span class='ocrx_word' id='word_1_869' title='bbox 2133 5192 2260 5248; x_wconf 93' lang='lat' dir='ltr'><strong>tum,</strong></span> <span class='ocrx_word' id='word_1_870' title='bbox 2294 5185 2434 5254; x_wconf 92' lang='lat' dir='ltr'><strong>quod</strong></span> <span class='ocrx_word' id='word_1_871' title='bbox 2474 5186 2549 5240; x_wconf 90' lang='lat' dir='ltr'><strong>illi</strong></span> <span class='ocrx_word' id='word_1_872' title='bbox 2590 5187 2654 5241; x_wconf 88' lang='lat' dir='ltr'><strong>ad</strong></span> <span class='ocrx_word' id='word_1_873' title='bbox 2689 5188 2887 5258; x_wconf 85' lang='lat' dir='ltr'><strong>majora</strong></span> <span class='ocrx_word' id='word_1_874' title='bbox 2918 5206 2978 5246; x_wconf 92' lang='lat' dir='ltr'><strong>se</strong></span> <span class='ocrx_word' id='word_1_875' title='bbox 3003 5191 3301 5259; x_wconf 72' lang='lat' dir='ltr'><strong>conferant,</strong></span> <span class='ocrx_word' id='word_1_876' title='bbox 3333 5205 3386 5249; x_wconf 89' lang='lat' dir='ltr'><strong>et</strong></span> <span class='ocrx_word' id='word_1_877' title='bbox 3417 5197 3576 5251; x_wconf 89' lang='lat' dir='ltr'><strong>ﬁnem</strong></span> <span class='ocrx_word' id='word_1_878' title='bbox 3605 5199 3707 5252; x_wconf 85' lang='lat' dir='ltr'><strong>siut</strong></span> 
     </span>
    </p>
   </div>
   <div class='ocr_carea' id='block_1_115' title="bbox 2132 5279 3702 5354">
    <p class='ocr_par' dir='ltr' id='par_1_115' title="bbox 2132 5279 3702 5354">
     <span class='ocr_line' id='line_1_115' title="bbox 2132 5279 3702 5354; baseline 0.011 -28"><span class='ocrx_word' id='word_1_879' title='bbox 2132 5288 2350 5342; x_wconf 88' lang='lat' dir='ltr'><strong>prorsus</strong></span> <span class='ocrx_word' id='word_1_880' title='bbox 2378 5279 2737 5346; x_wconf 88' lang='lat' dir='ltr'><strong>assequuturi,</strong></span> <span class='ocrx_word' id='word_1_881' title='bbox 2769 5280 3052 5351; x_wconf 88' lang='lat' dir='ltr'><strong>nullusque</strong></span> <span class='ocrx_word' id='word_1_882' title='bbox 3083 5283 3195 5351; x_wconf 87' lang='lat' dir='ltr'><strong>spei</strong></span> <span class='ocrx_word' id='word_1_883' title='bbox 3223 5283 3434 5340; x_wconf 86' lang='lat' dir='ltr'><strong>futurus</strong></span> <span class='ocrx_word' id='word_1_884' title='bbox 3461 5288 3531 5341; x_wconf 87' lang='lat' dir='ltr'><strong>sit</strong></span> <span class='ocrx_word' id='word_1_885' title='bbox 3549 5288 3702 5354; x_wconf 81' lang='lat' dir='ltr'><strong>obex,</strong></span> 
     </span>
    </p>
   </div>
   <div class='ocr_carea' id='block_1_116' title="bbox 2128 5365 3702 5446">
    <p class='ocr_par' dir='ltr' id='par_1_116' title="bbox 2128 5365 3702 5446">
     <span class='ocr_line' id='line_1_116' title="bbox 2128 5365 3702 5446; baseline 0.011 -28"><span class='ocrx_word' id='word_1_886' title='bbox 2128 5365 2221 5420; x_wconf 88' lang='lat' dir='ltr'><strong>sed</strong></span> <span class='ocrx_word' id='word_1_887' title='bbox 2248 5367 2407 5420; x_wconf 90' lang='lat' dir='ltr'><strong>etiam</strong></span> <span class='ocrx_word' id='word_1_888' title='bbox 2430 5369 2571 5436; x_wconf 89' lang='lat' dir='ltr'><strong>quod</strong></span> <span class='ocrx_word' id='word_1_889' title='bbox 2593 5370 2657 5424; x_wconf 87' lang='lat' dir='ltr'><strong>ad</strong></span> <span class='ocrx_word' id='word_1_890' title='bbox 2686 5371 2853 5441; x_wconf 89' lang='lat' dir='ltr'><strong>ipsam</strong></span> <span class='ocrx_word' id='word_1_891' title='bbox 2876 5377 3264 5443; x_wconf 90' lang='lat' dir='ltr'><strong>separationcm</strong></span> <span class='ocrx_word' id='word_1_892' title='bbox 3293 5380 3554 5446; x_wconf 88' lang='lat' dir='ltr'><strong>pertinet?</strong></span> <span class='ocrx_word' id='word_1_893' title='bbox 3575 5381 3702 5436; x_wconf 81' lang='lat' dir='ltr'><strong>Nam</strong></span> 
     </span>
    </p>
   </div>
   <div class='ocr_carea' id='block_1_117' title="bbox 2126 5457 3700 5540">
    <p class='ocr_par' dir='ltr' id='par_1_117' title="bbox 2126 5457 3700 5540">
     <span class='ocr_line' id='line_1_117' title="bbox 2126 5457 3700 5540; baseline 0.01 -31"><span class='ocrx_word' id='word_1_894' title='bbox 2126 5457 2171 5510; x_wconf 94' lang='lat' dir='ltr'><strong>si</strong></span> <span class='ocrx_word' id='word_1_895' title='bbox 2214 5459 2692 5527; x_wconf 88' lang='lat' dir='ltr'><strong>peregrinationem</strong></span> <span class='ocrx_word' id='word_1_896' title='bbox 2725 5461 2800 5516; x_wconf 93' lang='lat' dir='ltr'><strong>illi</strong></span> <span class='ocrx_word' id='word_1_897' title='bbox 2831 5464 3172 5535; x_wconf 86' lang='lat' dir='ltr'><strong>longinquam</strong></span> <span class='ocrx_word' id='word_1_898' title='bbox 3201 5472 3568 5540; x_wconf 87' lang='lat' dir='ltr'><strong>susceperint,</strong></span> <span class='ocrx_word' id='word_1_899' title='bbox 3599 5488 3700 5525; x_wconf 89' lang='lat' dir='ltr'><strong>non</strong></span> 
     </span>
    </p>
   </div>
   <div class='ocr_carea' id='block_1_118' title="bbox 2126 5549 3698 5633">
    <p class='ocr_par' dir='ltr' id='par_1_118' title="bbox 2126 5549 3698 5633">
     <span class='ocr_line' id='line_1_118' title="bbox 2126 5549 3698 5633; baseline 0.011 -30"><span class='ocrx_word' id='word_1_900' title='bbox 2126 5549 2279 5604; x_wconf 88' lang='lat' dir='ltr'><strong>facile</strong></span> <span class='ocrx_word' id='word_1_901' title='bbox 2319 5561 2399 5605; x_wconf 92' lang='lat' dir='ltr'><strong>est</strong></span> <span class='ocrx_word' id='word_1_902' title='bbox 2429 5552 2548 5607; x_wconf 92' lang='lat' dir='ltr'><strong>illos</strong></span> <span class='ocrx_word' id='word_1_903' title='bbox 2584 5557 2894 5626; x_wconf 87' lang='lat' dir='ltr'><strong>convenire,</strong></span> <span class='ocrx_word' id='word_1_904' title='bbox 2939 5574 3060 5614; x_wconf 91' lang='lat' dir='ltr'><strong>cum</strong></span> <span class='ocrx_word' id='word_1_905' title='bbox 3089 5562 3322 5616; x_wconf 73' lang='lat' dir='ltr'><strong>maxime</strong></span> <span class='ocrx_word' id='word_1_906' title='bbox 3360 5574 3609 5633; x_wconf 88' lang='lat' dir='ltr'><strong>parentes</strong></span> <span class='ocrx_word' id='word_1_907' title='bbox 3635 5566 3698 5620; x_wconf 83' lang='lat' dir='ltr'><strong>ad</strong></span> 
     </span>
    </p>
   </div>
   <div class='ocr_carea' id='block_1_119' title="bbox 2126 5648 3700 5726">
    <p class='ocr_par' dir='ltr' id='par_1_119' title="bbox 2126 5648 3700 5726">
     <span class='ocr_line' id='line_1_119' title="bbox 2126 5648 3700 5726; baseline 0.01 -30"><span class='ocrx_word' id='word_1_908' title='bbox 2126 5651 2450 5698; x_wconf 89' lang='lat' dir='ltr'><strong>senectutem</strong></span> <span class='ocrx_word' id='word_1_909' title='bbox 2481 5648 2856 5715; x_wconf 89' lang='lat' dir='ltr'><strong>pervenerint;</strong></span> <span class='ocrx_word' id='word_1_910' title='bbox 2904 5650 2988 5705; x_wconf 90' lang='lat' dir='ltr'><strong>hic</strong></span> <span class='ocrx_word' id='word_1_911' title='bbox 3025 5660 3205 5707; x_wconf 88' lang='lat' dir='ltr'><strong>autem</strong></span> <span class='ocrx_word' id='word_1_912' title='bbox 3246 5654 3368 5710; x_wconf 89' lang='lat' dir='ltr'><strong>illos</strong></span> <span class='ocrx_word' id='word_1_913' title='bbox 3399 5655 3700 5726; x_wconf 88' lang='lat' dir='ltr'><strong>frequenter</strong></span> 
     </span>
    </p>
   </div>
   <div class='ocr_carea' id='block_1_120' title="bbox 2122 5731 3696 5810">
    <p class='ocr_par' dir='ltr' id='par_1_120' title="bbox 2122 5731 3696 5810">
     <span class='ocr_line' id='line_1_120' title="bbox 2122 5731 3696 5810; baseline 0.011 -24"><span class='ocrx_word' id='word_1_914' title='bbox 2122 5731 2268 5789; x_wconf 87' lang='lat' dir='ltr'><strong>adire</strong></span> <span class='ocrx_word' id='word_1_915' title='bbox 2297 5733 2438 5790; x_wconf 85' lang='lat' dir='ltr'><strong>licet.</strong></span> <span class='ocrx_word' id='word_1_916' title='bbox 2465 5733 2520 5791; x_wconf 86' lang='lat' dir='ltr'><strong>ld</strong></span> <span class='ocrx_word' id='word_1_917' title='bbox 2549 5752 2676 5808; x_wconf 86' lang='lat' dir='ltr'><strong>ergo</strong></span> <span class='ocrx_word' id='word_1_918' title='bbox 2706 5737 2981 5810; x_wconf 85' lang='lat' dir='ltr'><strong>faciamus,</strong></span> <span class='ocrx_word' id='word_1_919' title='bbox 3010 5758 3129 5798; x_wconf 90' lang='lat' dir='ltr'><strong>cum</strong></span> <span class='ocrx_word' id='word_1_920' title='bbox 3157 5743 3230 5799; x_wconf 88' lang='lat' dir='ltr'><strong>illi</strong></span> <span class='ocrx_word' id='word_1_921' title='bbox 3258 5746 3489 5802; x_wconf 89' lang='lat' dir='ltr'><strong>nondum</strong></span> <span class='ocrx_word' id='word_1_922' title='bbox 3517 5748 3582 5803; x_wconf 90' lang='lat' dir='ltr'><strong>ad</strong></span> <span class='ocrx_word' id='word_1_923' title='bbox 3605 5762 3696 5804; x_wconf 82' lang='lat' dir='ltr'><strong>nos</strong></span> 
     </span>
    </p>
   </div>
  </div>
