4124 6144
289 295 399 354 πει

291 414 384 466 καὶ
400 410 487 466 διά
514 412 613 484 τὴν
636 412 694 467 ἐν
721 414 872 485 μέσῳ
888 414 1235 489 διαστροφὴν,
1265 419 1486 486 τούτους
1515 425 1591 489 ὡς
1620 425 1719 495 ήδη
1743 441 1956 496 κατωρ-

291 508 532 574 θωκότας
558 510 653 565 καὶ
680 510 1006 582 γενομένους
1031 515 1280 585 ἰσχυροὺς
1316 518 1397 580 εἰς
1433 518 1600 588 μέσον
1638 519 1836 591 ἕλκεις,
1864 538 1931 574 κα
1958 525 1975 575 ἰ

1065 300 1434 361 Αυγειιευε
1467 305 2023 367 OPPUGNATORES
2067 310 2248 367 νιΤτΕ
2289 310 2596 369 MONAST.
2638 312 2767 369 LIB.
2810 313 2902 370 Ill.

3618 315 3726 369 580

2059 427 2255 491 αὐτοὺς
2276 465 2293 491 ,
2327 429 2421 481 καὶ
2448 427 2644 499 τέχνην
2675 426 2941 497 βάναυσόν
2965 443 3084 482 τινα
3110 425 3142 499 ἢ
3179 426 3272 480 καὶ
3304 426 3498 499 ἐτέραν
3528 429 3729 498 φαυλοο

2057 512 2223 583 τέραν
2263 513 2554 583 μανθάνειν
2586 514 2868 584 μέλλουσιν
2921 514 3118 567 ἄϐατον
3151 513 3470 568 καθιστάναι
3504 515 3603 587 τὴν
3650 520 3729 571 οἰ-

287 606 389 660 οὐκ
405 607 501 677 ἐᾷς
526 606 861 672 ἀπελθόντας
896 609 1270 679 γυμνάζεσθαι
1296 614 1389 667 ἐπὶ
1420 615 1520 686 τῆς
1540 617 1777 687 ἐρημίας
1798 656 1814 683 ,
1848 617 1968 672 ὤση
1998 620 2026 668 3
2058 600 2215 687 κίαν,
2247 602 2304 654 ἐν
2341 600 2661 655 διδασκάλου
2715 601 2861 672 οἰκίᾳ
2891 603 2985 655 καὶ
3033 602 3261 673 ἀριστᾷν
3306 602 3401 656 καὶ
3447 602 3727 659 καθεύδειν

286 717 394 774 περ
424 702 491 756 ἂν
519 704 574 757 εί
592 721 678 767 τις
698 704 789 757 τὸν
820 704 919 775 μὲν
947 704 1119 777 μυρία
1156 707 1455 779 δυνάμενον
1490 712 1687 781 στῆσαι
1718 714 1952 784 τρόπαια

509 799 577 854 τά
616 799 887 872 πολεμικά
917 803 1150 873 μελετᾷν
1182 805 1269 873 ἐφ’
1298 806 1558 876 ἡσυχίας,
1591 808 1683 863 τὸν
1717 809 1774 862 δὲ
1796 810 1955 863 ἄπει-

289 913 382 968 ρον
408 899 503 950 καὶ
530 895 650 950 ούδέ
677 899 756 959 εἰς
776 898 956 970 μάχην
986 899 1304 970 παρακύψαι
1331 901 1649 973 δυνάμενον,
1678 904 1865 959 τοῦτον
1885 906 1954 960 δι’

286 996 417 1050 αὐτὸ
444 994 604 1049 τοῦτο
630 995 689 1049 ἐν
715 997 780 1066 τῇ
810 996 959 1068 μάχῃ
985 996 1311 1068 στρέφεσθαι
1331 999 1617 1072 νομοθετῇ,
1635 1002 1710 1065 ὡς
1725 1003 1956 1057 δυσκατ-

285 1092 523 1162 όρθωτον
552 1093 613 1146 τὸ
634 1093 867 1165 πρᾶγμα
883 1093 1058 1160 τοῦτο,
1077 1094 1297 1166 μείζονα
1312 1095 1380 1150 τά
1399 1097 1698 1169 κωλύματα
1715 1111 1741 1140 ε
1759 1101 1948 1166 τιθείς.

286 1189 427 1260 Πρὸς
452 1191 508 1243 δὲ
537 1189 746 1253 τούτοις
778 1190 999 1243 κάκεῖνο
1045 1190 1241 1245 εἰδέναι
1277 1193 1420 1265 χρὴ,
1450 1194 1532 1247 ὅτι
1564 1196 1666 1249 οὑκ
1690 1195 1771 1250 ένι
1816 1198 1954 1268 μετά

286 1287 464 1357 γάμον
496 1286 683 1358 κύριον
711 1286 906 1341 ἐαυτοῦ
934 1283 1094 1353 εἶναι,
1123 1288 1241 1341 ἀλλ’
1275 1290 1488 1363 ἀνάγκη
1520 1291 1666 1346 δυοῖν
1700 1292 1951 1365 θάτερον,

284 1385 318 1456 ἢ
346 1384 635 1447 δ.απαντδς
652 1383 863 1454 ὁμιλεῖν
891 1386 958 1455 τῇ
988 1385 1236 1453 γυναικὶ,
1262 1385 1329 1440 ἂν
1357 1387 1542 1458 ἐκείνη
1567 1388 1725 1443 τοῦτο
1742 1390 1952 1463 -βούλη-

283 1501 392 1547 ται,
408 1482 557 1556 [108]
575 1483 606 1555 ἦ
626 1482 953 1554 βουλομένης
968 1483 1392 1554 ἐγκρατεύεσθαι
1407 1486 1718 1542 ἀποστάντα
1736 1490 1951 1561 μοιχείᾳ

282 1580 623 1634 ἁλίσκεσθαι.
649 1581 715 1633 Τί
728 1580 809 1633 δεῖ
824 1579 1004 1648 λέγειν
1018 1580 1119 1644 τάς
1146 1581 1312 1647 ἄλλας
1327 1582 1572 1651 ἀνάγκας
1595 1583 1704 1637 τῶν
1721 1585 1948 1653 παίδων,

281 1679 380 1750 τῆς
410 1678 588 1742 οἰκίας
613 1677 711 1741 τὰς
748 1678 1050 1748 φροντίδας,
1099 1680 1157 1733 αἳ
1191 1681 1371 1734 πᾶσαν
1419 1680 1729 1753 προθυμίαν
1766 1684 1950 1737 ἱκαναὶ

280 1773 575 1847 ἀμϐλῦναι,
592 1774 684 1828 καὶ
715 1773 913 1844 πολλὴν
934 1775 1033 1846 τῆς
1065 1774 1244 1847 ψυχῆς
1263 1777 1665 1832 κατασκεδάσαι
1698 1777 1946 1851 νάρκην;

359 1874 446 1939 ιη’.
490 1868 582 1922 Διὸ
605 1868 829 1939 βέλτιον,
856 1869 1045 1940 κύριον
1071 1871 1199 1925 ὄντα
1221 1873 1314 1926 καὶ
1329 1870 1617 1944 λελυμένον
1646 1874 1711 1926 ἐκ
1725 1873 1948 1945 πρώτης

288 1965 524 2030 ὁπλίζειν
562 1966 660 2037 τῆς
706 1965 944 2037 ἡλικίας,
983 1968 1044 2020 οὐ
1075 1968 1183 2022 τῶν
1208 1969 1514 2041 εἰρημένων
1543 1969 1730 2024 ἐνεκεν
1766 1971 1946 2042 μόνον,

280 2061 419 2116 ἀλλά
438 2063 533 2116 καὶ
562 2060 655 2115 τοῦ
687 2062 1021 2134 ῥηθήσεσθαι
1054 2063 1334 2134 μέλλοντος
1349 2066 1446 2137 ούχ
1467 2061 1627 2138 ἦττον
1658 2067 1690 2140 ἢ
1718 2067 1944 2124 τούτων.

292 2157 350 2211 ὐ
375 2157 475 2229 μὲν
500 2157 610 2230 γὰρ
647 2158 785 2229 πρὸς
804 2157 883 2229 τῷ
908 2158 1054 2212 τέλει
1074 2159 1170 2213 τοῦ
1200 2159 1316 2231 βίου
1341 2162 1439 2233 τῆς
1462 2161 1779 2234 φιλοσοφίας
1806 2162 1948 2233 ἀψά-

281 2271 443 2326 μενος
466 2253 672 2327 ταύτης
690 2295 706 2320 ,
750 2255 929 2309 πάντα
957 2256 1236 2325 ἀναλίσκει
1259 2258 1351 2311 τὸν
1390 2259 1602 2330 χρόνον,
1627 2259 1715 2314 ἵνα
1746 2261 1947 2334 δυνηθῇ

277 2351 347 2405 τά
373 2351 645 2422 γενόμενα
669 2351 813 2406 κατὰ
849 2352 947 2423 τὴν
977 2350 1287 2424 ἔμπροσθεν
1320 2353 1538 2425 ἠλικίαν
1571 2356 1950 2427 ἁμαρτήματα

277 2448 681 2519 ἀπονίψασθαι,
704 2451 799 2504 καὶ
825 2453 974 2504 πᾶσα
993 2451 1073 2515 είς
1109 2450 1269 2505 τοῦτο
1304 2454 1338 2522 ή
1374 2452 1578 2523 σπουδὴ
1607 2453 1913 2509 δαπανᾶται
1931 2472 1947 2486 ο

278 2550 375 2602 καὶ
404 2549 527 2603 ούδέ
558 2548 700 2603 οὕτω
743 2548 1000 2614 πολλάκις
1035 2549 1216 2621 ἀρκεῖ,
1244 2550 1359 2604 ἀλλ’
1388 2551 1690 2622 ἀπέρχεται
1719 2553 1948 2623 λείψανα

274 2645 389 2702 τῶν
420 2646 649 2718 πληγῶν
670 2646 843 2718 έχων·
867 2650 895 2701 ὀ
927 2647 984 2701 δὲ
1017 2648 1084 2701 ἐκ
1114 2646 1337 2719 πρώτης
1361 2647 1579 2720 ἡλικίας
1602 2650 1949 2722 ἀποδυσάμε-

279 2743 501 2809 νος,ούκ
526 2745 607 2807 εἰς
629 2743 787 2798 τοῦτο
810 2743 1022 2815 δαπανᾷ
1038 2744 1128 2798 τὸν
1140 2744 1352 2816 χρόνον,
1375 2744 1498 2798 οὐδὲ
1524 2744 1760 2817 κάθηται
1783 2746 1950 2819 τραύ-

281 2857 428 2910 ματα
466 2839 810 2911 θεραπεύων,
834 2841 946 2895 ἀλλ’
986 2842 1051 2895 ἐκ
1080 2841 1378 2914 προοιμίων
1407 2841 1673 2913 λαμϐάνει
1708 2842 1779 2897 τὰ
1812 2843 1948 2915 βρα-

277 2936 428 2989 ϐεἰα·
470 2937 709 3009 κάκείνῳ
743 2938 842 3010 μὲν
867 2938 1150 3011 ἀγαπητὸν
1171 2938 1270 3004 τὰς
1306 2940 1474 3010 ἥττας
1497 2939 1948 3009 ἀναμαχέσασθαι

279 3036 482 3102 πάσας,
503 3028 658 3098 οὗτος
686 3034 745 3088 δέ
771 3035 837 3088 ἐκ
866 3034 1114 3105 βαλϐῖδος
1144 3036 1316 3106 αὐτῆς
1343 3035 1580 3109 τρόπαια
1613 3036 1814 3107 ἵστησι,
1854 3037 1951 3089 καὶ

277 3131 435 3195 νίκας
483 3132 745 3186 συνάπτει
771 3131 982 3195 νίκαις’
1036 3131 1287 3203 καθάπερ
1332 3148 1416 3197 τις
1435 3131 1860 3204 Ὀλυμπιονίκης
1883 3133 1949 3187 ἐκ

275 3228 502 3301 πρώτης
520 3228 735 3301 ἡλικίας
757 3227 824 3282 δι’
846 3229 1198 3299 ἀναῤῥήσεων
1213 3228 1306 3281 ἐπὶ
1328 3229 1391 3282 τὸ
1410 3230 1587 3300 γῆρας
1606 3229 1825 3296 ὁδεύων,
1853 3228 1947 3284 οὓ-

272 3344 387 3391 τως
418 3327 636 3382 ἄπεισιν
669 3328 819 3392 ἐκεῖ,
873 3325 1089 3397 μυρίοις
1124 3325 1223 3397 τὴν
1264 3326 1509 3398 κεφαλὴν
1540 3326 1948 3399 ἀναδησάμενος

274 3424 584 3493 στεφάνοις.
600 3424 786 3478 Τίνων
806 3419 900 3477 οὖν
924 3422 1103 3493 βούλει
1135 3419 1274 3476 εἶναι
1297 3423 1389 3477 τὸν
1420 3422 1535 3477 υίόν
1558 3441 1573 3490 ;
1603 3423 1714 3477 τῶν
1732 3424 1821 3477 διά
1848 3424 1948 3497 τὴν

274 3519 483 3591 πολλὴν
512 3520 826 3592 παρρησίαν
864 3521 960 3573 καὶ
998 3518 1136 3590 πρὸς
1169 3518 1369 3581 αὐτοὺς
1406 3519 1536 3582 τοὺς
1575 3517 1948 3591 ἀρχαγγέλους

271 3617 594 3687 ἀντιϐλέψαι
609 3617 943 3688 δυναμένων,
959 3615 995 3686 ἢ
1010 3616 1233 3669 ἐκείνων
1247 3614 1357 3670 τῶν
1383 3614 1522 3686 μετὰ
1545 3614 1761 3669 πάντων
1779 3613 1948 3669 ἐστώ-

271 3729 408 3779 των,
429 3713 526 3768 καὶ
543 3712 640 3785 τὴν
661 3712 896 3783 ἐσχάτην
913 3710 1222 3782 τηρούντων
1235 3710 1390 3775 τάξιν
1410 3727 1425 3776 ;
1443 3711 1555 3783 Τὴν
1581 3711 1817 3783 ἐσχάτην
1839 3712 1948 3784 γὰρ

270 3810 538 3885 λήψονται
567 3810 805 3876 πάντως,
829 3809 925 3862 καὶ
951 3807 1175 3880 ταύτην,
1197 3808 1326 3862 ὅταν
1356 3806 1627 3880 δυνηθῶσι
1674 3807 1852 3862 πάντα
1881 3809 1949 3863 τά

272 3908 579 3980 κωλύματα
602 3908 920 3980 διαδραμεῖν
937 3947 952 3973 ,
977 3905 1121 3977 ἅπερ
1154 3906 1180 3946 b
1210 3904 1687 3977 ἀπηριθμησάμην
1709 3905 1824 3971 νῦν,
1854 3905 1949 3958 καὶ

276 4007 420 4079 μήτε
450 4006 627 4078 άωρος
652 4006 1054 4077 προαναρπάσῃ
1073 4004 1302 4066 θάνατος
1325 4041 1341 4067 ,
1379 4004 1517 4073 μήτε
1558 4002 1663 4055 ύπὺ
1691 4002 1947 4070 γυναικὸς

272 4104 596 4161 κωλυθῶσιν
628 4104 872 4175 ὕστερον,
904 4104 1042 4174 μήτε
1082 4100 1320 4155 τοσαῦτα
1352 4099 1644 4172 τραύματα
1688 4100 1942 4166 λάϐωσιν,

271 4202 353 4267 ὡς
379 4203 456 4274 μὴ
492 4200 786 4273 δυνηθῆναι
815 4199 1122 4263 αὑτοῖς.τὺν
1159 4196 1254 4252 τοῦ
1283 4199 1469 4269 γήρως
1498 4197 1727 4269 ἀρκέσαι
1756 4196 1946 4268 χρόνον

272 4300 416 4370 πρὸς
437 4299 538 4371 τὴν
558 4297 855 4371 θεραπείαν
883 4297 1125 4363 ἐκείνων,
1141 4296 1241 4368 τήν
1268 4312 1328 4349 τε
1350 4294 1577 4368 γνώμην
1612 4294 1812 4367 μένωσι
1836 4294 1949 4349 δια-

272 4397 482 4461 παντὸς
506 4395 800 4468 τηροῦντες
818 4394 1039 4466 βεϐαίαν
1055 4395 1150 4448 καὶ
1167 4394 1444 4463 ἀκίνητον.
1464 4394 1633 4447 Ὅταν
1649 4393 1757 4464 7&9
1776 4391 1949 4447 ταῦτα

270 4493 462 4549 πάντα
494 4490 745 4563 συνέλθῃ,
773 4490 895 4543 τότε
928 4489 1080 4560 μόλις
1114 4491 1173 4543 ἐν
1199 4492 1313 4553 τοῖς
1341 4488 1592 4559 ἐσχάτοις
1610 4489 1944 4554 τετάξονται.

270 4588 502 4644 Τούτων
529 4585 624 4643 οὖν
648 4588 827 4660 βούλει
861 4582 1002 4642 εἶναι
1034 4588 1125 4641 τὸν
1156 4587 1270 4640 υἱὸν
1291 4626 1305 4651 ,
1334 4585 1368 4658 ἦ
1393 4586 1501 4640 τῶν
1525 4588 1582 4641 ἐν
1602 4585 1681 4657 τῷ
1713 4584 1950 4656 μετώπῳ

268 4687 378 4757 τῆς
404 4687 687 4758 φάλαγγος
713 4687 1039 4759 λαμπόντων
1059 4701 1075 4752 ;
1097 4686 1207 4739 Καὶ
1228 4684 1311 4747 τίς
1337 4682 1500 4748 οὔτω,
1532 4684 1714 4754 φησὶν,
1745 4681 1947 4749 ἄθλιος,

268 4783 351 4849 ὡς
366 4786 553 4838 ἐκεῖνα
571 4783 789 4856 μᾶλλον,
810 4783 844 4855 ἢ
859 4781 1035 4837 ταῦτα
1054 4779 1412 4846 συνεύξασθαι
1423 4782 1537 4844 τοῖς
1552 4779 1740 4834 παισίν
1758 4796 1774 4845 ;
1788 4778 1949 4833 Ἀλλά

271 4882 571 4954 συνήθειαν
596 4881 987 4955 ἐπιζητοῦμεν,
1007 4880 1100 4934 καὶ
1120 4880 1216 4934 σὺν
1246 4878 1377 4951 ἡμῖν
1392 4878 1588 4943 αὐτοὺς
1603 4873 1741 4931 εἶναι
1761 4877 1948 4949 βουλό-

270 4978 443 5051 μεθα.
457 4977 630 5033 Τοῦτο
646 4980 740 5033 καὶ
756 4980 918 5041 αὐτὸς
936 4978 1219 5049 βούλομαι,
1231 4977 1326 5030 καὶ
1343 4975 1494 5047 ὑμῶν
1509 4974 1607 5046 οὐχ
1620 4970 1782 5049 ἦττον
1794 4972 1947 5045 εὖχο-

272 5095 379 5150 μαι
407 5077 517 5132 τῶν
537 5077 980 5150 γεννησαμένων,
1004 5079 1084 5142 εἰς
1105 5076 1205 5149 τὴν
1229 5075 1489 5147 πατρῴαν
1517 5075 1714 5140 αὐτοὺς
1730 5076 1949 5129 ἐπανελ-

265 5175 392 5229 θεῖν
407 5174 607 5241 οἰκίαν,
635 5173 859 5229 καὶτῶν
875 5173 1139 5246 τροφείων
1168 5171 1459 5226 ἀποδοῦναι
1473 5171 1574 5234 τὰς
1600 5171 1858 5242 ἀμοιϐὰς,
1872 5165 1948 5227 ὧν

266 5271 398 5335 ἴσας
421 5271 523 5325 ούκ
548 5270 615 5326 ἂν
641 5270 850 5343 εὕροιεν
879 5272 1074 5342 ἐτέρας
1090 5286 1104 5300 ο
1134 5268 1272 5324 ἀλλά
1296 5267 1370 5340 μὴ
1400 5267 1492 5321 νῦν
1519 5277 1541 5306 ⁸
1575 5267 1771 5331 αὐτοὺς
1790 5269 1949 5325 τοῦτο

262 5366 615 5438 ἀπαιτῶμεν.
664 5368 788 5431 Πῶς
839 5368 947 5439 γάρ
984 5369 1085 5421 οὐκ
1138 5367 1336 5421 ἄτοπον
1389 5366 1483 5418 ἐπὶ
1539 5363 1717 5434 λόγοις
1770 5365 1800 5406 ἀ
1852 5368 1948 5436 μὲν

263 5455 597 5540 πέμποντας
623 5508 639 5534 ,
676 5467 843 5524 πολὺν
894 5468 1085 5541 χρόνον
1135 5468 1226 5521 καὶ
1259 5466 1357 5538 τῆς
1395 5465 1649 5538 πατρίδος
1685 5465 1948 5536 ἐξορίζειν

329 5607 358 5670 ξι
380 5606 494 5670 Duo
514 5621 632 5656 mss.
654 5608 716 5656 τὰ
736 5608 941 5670 κύματα,
967 5608 1128 5656 minus
1149 5611 1305 5656 recte.

326 5667 360 5710 δ
383 5669 543 5720 Savil.
588 5667 831 5732 διαδράναι
853 5669 990 5731 ἅπερ.

328 5734 353 5763 ⁸
379 5732 464 5783 Sic
483 5737 626 5781 recte
648 5727 819 5791 Sévil.,
843 5727 981 5790 cuju‘s
1000 5731 1290 5791 scripturam
1313 5730 1607 5792 recepimus,
1638 5727 1837 5792 λίψ-ειη
1862 5731 1927 5778 mi

262 5808 360 5845 nus
387 5801 550 5854 recte,
566 5797 790 5855 quamvis
808 5789 989 5841 'cod’em
1010 5789 1161 5842 senéu
1178 5789 1452 5855 ,ἀλλὰ-μὴν
1470 5792 1529 5855 οὐ
1555 5789 1657 5855 νῦν.
1685 5790 1820 5855 Enn,

323 5856 354 5897 δ
381 5852 611 5907 Οιιιίγυήι
653 5856 995 5919 rescripsimqs
1032 5866 1062 5901 e
1103 5854 1303 5906 Savilio.
1333 5852 1612 5917 L’egcbalur
1638 5853 1714 5903 ἐπὶ
1755 5853 1940 5919 λόγους.

261 5923 378 5974 Mox
401 5921 503 5973 duo
531 5930 648 5969 mss.
669 5918 932 5982 πέμποντα.
954 5915 1091 5966 Iona.

2058 685 2411 750 κελεύοντας’
2446 687 2672 768 τούτους
2709 687 2766 741 δέ
2807 688 2906 741 οὐκ
2941 688 3028 740 ἐπ’
3074 687 3408 760 ἀνθρώπειον
3440 689 3727 758 μέλλοντας

2056 771 2313 843 ἔρχεσθαι
2366 773 2595 844 μάθημα
2621 814 2637 839 ,
2686 775 2800 828 ἀλλ’
2835 776 2929 828 ἐπὶ
2963 777 3061 847 τὴν
3091 777 3341 846 οὐράνιον
3385 776 3725 847 φιλοσοφίαν,

2056 857 2259 921 εὐθέως
2297 859 2556 927 ἀφέλκειν
2581 897 2597 923 ,
2621 860 2752 931 πρὶν
2774 861 2807 934 ἢ
2834 861 3087 929 γενέσθαι
3119 863 3256 933 ὅπερ
3284 862 3582 934 εύχόμεθα;
3615 866 3727 919 Καὶ

2057 946 2266 1013 σχοῖνον
2304 944 2402 1015 μέν
2426 961 2511 1008 τις
2541 946 2842 1017 τεταμένην
2869 946 3167 1018 διατρέχειν
3194 947 3571 1018 διδασκόμενος
3588 989 3602 1013 ,
3630 965 3727 1000 πο⁴

2054 1030 2153 1083 λὺν
2182 1032 2372 1102 χρόνον
2399 1033 2766 1105 ἀποστήσεται
2790 1034 2899 1087 τῶν
2926 1033 3112 1098 αὐτοῦ,
3130 1036 3259 1098 τοὺς
3274 1035 3333 1088 δέ
3361 1034 3727 1104 μανθάνοντας

2055 1116 2165 1170 ἀπὸ
2199 1118 2299 1189 τῆς
2322 1119 2424 1190 γῆς
2449 1119 2709 1173 πέτεσθαι
2747 1131 2772 1160 ο
2804 1122 2882 1185 εἰς
2910 1119 3004 1173 τὸν
3038 1120 3266 1191 οὐρανὸν
3291 1161 3305 1185 ,
3336 1121 3728 1188 συγκατακλείο

2057 1220 2222 1274 σομεν
2253 1208 2367 1269 τοῖς
2406 1206 2660 1275 γονεῦσι;
2691 1208 2802 1261 Καὶ
2845 1207 2898 1261 τί
2918 1206 3133 1278 ,ταύτης
3164 1208 3263 1278 τῆς
3296 1207 3520 1276 ἀλογίας
3545 1210 3725 1277 χεῖρον

2054 1291 2251 1361 γένοιτ’
2295 1295 2394 1359 ἀν;
2431 1295 2541 1365 Οὐχ
2564 1295 2726 1367 ὁρᾶτε
2749 1296 2876 1358 τοὺς
2907 1295 3186 1366 γεωργοὺς
3210 1334 3224 1360 ,
3256 1296 3360 1360 ὅτι,
3383 1294 3488 1349 κάν
3521 1294 3726 1365 σφόδρα

2054 1379 2381 1449 ἐπείγωνται
2427 1380 2535 1435 τῶν
2593 1382 2770 1435 πόνων
2829 1381 3014 1435 λαϐεῖν
3064 1379 3213 1454 [109]
3260 1383 3386 1445 τοὺς
3442 1382 3723 1453 καρποὺς,

2053 1468 2268 1541 ἀώρους
2292 1471 2493 1535 αὐτοὺς
2533 1472 2633 1526 οὐκ
2676 1470 2742 1525 ἂν
2774 1472 3095 1543 ἀνάσχοιντο
3131 1472 3403 1544 τρυγῆσαί
3436 1489 3607 1538 ποτε;

2135 1559 2226 1629 Μὴ
2253 1560 2431 1614 τοίνυν
2456 1559 2588 1631 μηδὲ
2617 1563 2777 1632 ἡμεῖς
2811 1560 2919 1630 πρὸ
2948 1559 3097 1631 ὥρας
3138 1562 3441 1632 ἀπάγωμεν
3463 1562 3562 1632 τῆς
3583 1563 3724 1616 κατά

2053 1645 2151 1716 τὴν
2180 1645 2416 1716 ἐρημίαν
2442 1645 2723 1719 διατριϐῆς
2751 1649 2877 1710 τοὺς
2913 1648 3215 1711 υίοὺς,άλλ’
3255 1650 3505 1719 ἐάσωμεν
3541 1649 3725 1712 αὐτοῖς

2053 1734 2366 1805 ἐμπαγῆναι
2392 1733 2460 1787 τά
2487 1734 2781 1806 μαθήματα
2804 1774 2821 1802 ,
2853 1735 2946 1788 καὶ
2985 1735 3277 1806 ῥιζωθῆναι
3307 1736 3374 1790 τά
3411 1736 3585 1805 φυτά·
3621 1738 3724 1789 κᾶν

2052 1823 2185 1878 δέκα
2207 1864 2221 1890 ,
2250 1824 2351 1878 κᾶν
2379 1824 2581 1878 εἴκοσιν
2608 1825 2701 1896 ἐτη
2731 1824 3027 1897 τρέφεσθαι
3071 1826 3266 1888 αὐτοὺς
3292 1828 3349 1878 ἐν
3378 1827 3724 1898 μοναστηρίῳ

2052 1911 2167 1984 δέῃ,
2203 1911 2277 1983 μὴ
2306 1911 2680 1984 θορυϐώμεθα,
2713 1913 2848 1984 μηδέ
2868 1912 3150 1984 ἀλύωμεν·
3179 1915 3288 1984 ὅσῳ
3311 1912 3420 1984 7&9
3448 1913 3514 1967 ἂν
3550 1914 3715 1969 ἐνδια·

2050 1998 2216 2073 τρίϐῃ
2262 1998 2340 2070 τῷ
2377 2000 2661 2071 γυμνασίῳ
2699 2000 2894 2065 πλέον,
2932 1998 3173 2069 τοσούτῳ
3205 1999 3426 2053 πλείονα
3466 2001 3724 2072 κτήσεται

2051 2088 2151 2159 τὴν
2183 2087 2355 2158 ἰσχύν.
2395 2088 2610 2142 Μᾶλλον
2637 2088 2715 2152 δὲ,
2750 2090 2799 2142 εἰ
2827 2088 3005 2153 δοκεῖ,
3043 2089 3180 2160 μηδέ
3212 2089 3403 2160 χρόνον
3429 2088 3721 2162 όρίζωμεν,

2053 2175 2167 2228 ἀλλ’
2201 2176 2327 2247 ὅρος
2371 2176 2576 2239 ἐκεῖνος
2615 2174 2755 2230 ἔστω
2803 2175 2961 2247 μόνος
3000 2178 3027 2229 ό
3056 2175 3192 2245 πρὸς
3236 2175 3335 2247 τὴν
3364 2177 3548 2248 ἀκμὴν
3574 2176 3727 2245 ἄγων

2051 2265 2177 2328 τοὺς
2233 2267 2291 2317 ἐν
2344 2263 2491 2335 αὐτῷ
2543 2264 2906 2335 φυτευθέντας
2955 2264 3239 2336 καρποὺς,
3267 2264 3361 2318 καὶ
3394 2264 3514 2317 τότε
3560 2268 3724 2319 ἐπαν-

2053 2350 2293 2423 ερχέσθω
2324 2351 2431 2404 ἀπὸ
2458 2351 2555 2422 τῆς
2590 2352 2797 2423 ἐρήμου
2818 2390 2834 2419 ,
2865 2350 3126 2422 πρότερον
3174 2350 3233 2403 δὲ
3289 2351 3387 2422 μή.
3445 2351 3580 2404 Οὐδὲ
3611 2350 3719 2423 γὰρ

2054 2438 2205 2493 ἐσται
2229 2456 2282 2492 τι
2314 2438 2477 2492 πλέον
2503 2438 2611 2492 ἀπὸ
2645 2439 2746 2509 τῆς
2777 2437 3078 2508 ταχύτητος
3105 2439 3235 2509 ἡμῖν
3258 2436 3463 2508 ταύτης
3481 2476 3496 2502 ,
3539 2437 3654 2491 ἀλλ’
3683 2438 3716 2508 ἢ

2054 2526 2116 2580 τὸ
2147 2527 2415 2598 μηδέποτε
2443 2526 2604 2580 αὑτὸν
2637 2525 2889 2596 γενέσθαι
2924 2524 3153 2598 ῶριμον.
3204 2526 3263 2580 '0
3292 2525 3401 2598 7&9
3439 2526 3545 2597 πρὸ
3571 2525 3719 2597 ὧρας

2053 2614 2154 2684 τῆς
2181 2615 2242 2668 ἐν
2286 2618 2352 2686 τῇ
2407 2613 2533 2688 ῥίζῃ
2558 2614 2764 2687 τροφῆς
2793 2612 3186 2685 ἀποστερηθεὶς
3204 2653 3218 2678 ,
3258 2614 3379 2667 ούδέ
3403 2612 3496 2667 τοῦ
3528 2613 3721 2685 καιροῦ

2056 2702 2497 2774 παραγενομένου
2542 2705 2815 2774 χρήσιμος
2861 2702 3012 2756 ἔσται
3060 2702 3247 2756 λοιπόν
3274 2719 3289 2733 ·
3321 2702 3456 2773 ὅπερ
3510 2702 3598 2756 ἵνα
3647 2702 3723 2773 μὴ

2051 2789 2273 2860 γένηται
2292 2829 2307 2852 ,
2358 2789 2711 2863 καρτερῶμεν
2736 2789 2827 2844 τὸν
2855 2789 3163 2860 χωρισμόνο
3201 2788 3296 2844 καὶ
3327 2788 3403 2860 μὴ
3435 2789 3592 2859 μόνον
3643 2790 3719 2859 μὴ

2051 2877 2483 2948 κατεπείγωμεν,
2515 2876 2651 2930 ἀλλά
2675 2877 2770 2930 καὶ
2801 2874 3194 2948 βουλομένους(
3229 2877 3404 2930 ἐλθεῖν
3436 2877 3542 2948 πρὸ
3571 2876 3720 2949 ὥρας

2051 2961 2366 3033 κωλύωμεν.
2414 2962 2791 3033 Ἀπαρτισθεὶς
2839 2963 2937 3033 μὲν
2972 2963 3083 3034 γὰρ
3120 2963 3297 3017 κοινὸν
3346 2962 3498 3016 ἐσται
3532 2963 3723 3033 κέρδος

2052 3050 2146 3104 καὶ
2192 3050 2361 3119 πατρὶ
2407 3050 2505 3103 καὶ
2560 3048 2727 3120 μητρὶ
2760 3050 2854 3102 καὶ
2891 3050 3038 3122 οἰκία
3077 3050 3171 3103 καὶ
3210 3049 3363 3103 πόλει
3391 3050 3485 3103 καὶ
3533 3048 3676 3102 ἐθνει
3703 3068 3717 3079 ν

2051 3137 2401 3209 ἀτελέστερος
2429 3137 2488 3190 δέ
2517 3136 2978 3208 παραγενόμενος,
3015 3137 3417 3206 καταγέλαστος
3447 3136 3597 3189 ἔσται
3627 3139 3721 3190 καὶ

2053 3226 2444 3290 ἐπονείδιστος,
2475 3226 2571 3279 καὶ
2600 3223 2778 3295 ἐαυτῷ
2802 3224 2898 3278 καὶ
2928 3227 3041 3288 τοῖς
3065 3224 3244 3288 ἄλλοις
3272 3224 3589 3295 ἐπιϐλαϐής.
3625 3225 3718 3295 Μὴ

2050 3312 2116 3382 δὴ
2139 3312 2407 3383 τοσαύτην
2428 3310 2787 3384 ἐργαζώμεθα
2805 3311 2871 3381 ξη
2880 3312 3026 3382 μίαν.
3050 3311 3159 3365 Καὶ
3178 3311 3289 3383 γὰρ
3309 3314 3387 3374 εἰς
3410 3311 3720 3383 ἀποδημίαν

2052 3401 2364 3471 πέμποντες
2390 3437 2408 3465 ,
2461 3400 2584 3453 τότε
2641 3397 2938 3471 βουλόμεθα
2979 3399 3105 3464 τοὺς
3158 3400 3309 3464 υἱοὺς
3367 3399 3494 3453 ἰδεῖν
3527 3438 3542 3464 ,
3593 3400 3721 3452 ὅταν

2053 3488 2192 3559 ὑπὲρ
2224 3481 2300 3542 ὧν
2335 3486 2435 3559 τὴν
2466 3485 2775 3558 ἀποδημίαν
2815 3487 3138 3558 πεποίηνται
3174 3485 3597 3559 κατωρθωκότες
3624 3486 3721 3539 τύ-

2052 3594 2221 3649 χωσιν
2239 3593 2253 3609 ·
2284 3576 2351 3631 ἀν
2398 3592 2458 3629 τε
2504 3575 2611 3647 πρὸ
2639 3575 2828 3630 τούτου
2874 3575 3290 3647 παραγένωνται
3315 3614 3331 3639 ,
3360 3575 3422 3628 οὐ
3453 3573 3721 3646 τοσαύτην

2050 3667 2160 3723 ἀπὸ
2202 3666 2302 3737 τῆς
2339 3664 2632 3736 ἐπιδημίας
2657 3664 3007 3737 λαμϐάνομεν
3045 3665 3145 3735 τὴν
3175 3663 3366 3735 ἡδονὴν
3389 3703 3405 3729 ,
3453 3664 3584 3734 ὅσην
3614 3664 3723 3717 ἀπὸ

2050 3756 2145 3811 τοῦ
2197 3756 2373 3826 μάτην
2422 3753 2735 3808 ἐπανελθεῖν
2780 3753 2881 3825 τὴν
2926 3752 3163 3823 ἀθυμίαν
3209 3756 3256 3809 5.
3304 3754 3430 3817 Πῶς
3479 3750 3573 3807 οὖν
3621 3753 3721 3806 οὐκ

2051 3842 2284 3914 ἐσχάτης
2321 3839 2576 3911 βλακείας
2592 3838 2860 3911 τοσαύτην
2894 3843 3008 3904 τοῖς
3045 3841 3433 3911 πνευματικοῖς
3475 3840 3549 3910 μὴ
3579 3855 3720 3909 παρ-

2053 3930 2195 4002 έχειν
2246 3930 2515 4001 σπουδὴν,
2561 3930 2693 4000 ὅσην
2735 3927 3156 3998 ἐπιδεικνύμεθα
3194 3928 3322 3997 περὶ
3356 3927 3425 3980 τὰ
3469 3926 3716 3996 βιωτικά,

2055 4019 2168 4073 ἀλλ’
2197 4019 2314 4071 ἐκεῖ
2348 4018 2447 4087 μὲν
2487 4015 2630 4070 οὕτω
2662 4015 2964 4084 φιλοσόφως
3006 4015 3194 4086 φέρειν
3236 4016 3345 4069 τῶν
3392 4015 3598 4069 παίδων
3629 4013 3721 4067 τὸν

2055 4101 2331 4172 χωρισμὸν
2356 4137 2370 4164 ,
2404 4099 2480 4163 ώς
2524 4101 2618 4153 καὶ
2654 4098 2906 4170 εὔχεσθαι
2958 4098 3279 4170 ἐπιταθῆναι
3311 4097 3502 4153 τοῦτον
3522 4140 3538 4165 ,
3591 4097 3721 4151 ὅταν

2056 4188 2194 4258 ὑπέρ
2224 4203 2368 4251 τινος
2394 4187 2619 4257 γένηται
2648 4186 2919 4258 χρησίμου
2939 4226 2956 4253 ,
2987 4186 3221 4242 ἐνταῦθα
3263 4188 3319 4241 δὲ
3358 4187 3502 4241 οὕτω
3546 4185 3724 4257 μαλα-

2052 4272 2298 4339 κίζεσθαι
2330 4274 2424 4326 καὶ
2453 4273 2828 4327 κατακλᾶσθαι
2858 4274 2994 4344 πρὸς
3023 4274 3120 4345 τὴν
3142 4274 3472 4345 ἀποδημίαν.
3509 4272 3585 4336 ὡς
3612 4274 3725 4337 τοῖς

2057 4360 2330 4433 μεγίστοις
2375 4359 2728 4431 λυμαίνεσθαι
2756 4357 2787 4398 h
2831 4359 2918 4414 διὰ
2952 4361 3050 4431 τὴν
3093 4361 3457 4432 μικροψυχίαν
3518 4359 3723 4429 ταύτην

2053 4449 2280 4520 ἀγαθοῖς
2301 4490 2317 4514 ,
2347 4450 2442 4504 καὶ
2491 4448 2665 4503 ταῦτα
2699 4448 2950 4512 πλείονας
2991 4448 3345 4519 παραμυθίας
3373 4447 3597 4518 ἔχοντας
3617 4485 3631 4509 ,
3660 4447 3722 4498 ού

2057 4540 2217 4610 μόνον
2258 4537 2321 4591 τὸ
2367 4536 2504 4608 πρὸς
2540 4534 2768 4608 μείζονα
2801 4535 2997 4598 αὐτοὺς
3029 4532 3398 4601 ἀποδύσασθαι
3421 4573 3437 4599 ,
3467 4532 3562 4586 καὶ
3589 4532 3723 4585 πάν-

2050 4644 2159 4691 τως
2188 4623 2565 4689 ἐπιτεύξεσθαι
2594 4622 2688 4677 τοῦ
2728 4622 2914 4687 τέλους
2933 4661 2949 4686 ,
2992 4621 3089 4677 καὶ
3135 4620 3298 4693 μηδὲν
3328 4616 3469 4675 εἶναι
3515 4619 3577 4673 τὸ
3609 4620 3724 4673 δια-

2052 4716 2252 4769 κόπτον
2276 4712 2374 4778 τὰς
2399 4712 2638 4777 ἐλπίδας,
2660 4711 2796 4766 ἀλλά
2824 4711 2919 4765 καὶ
2947 4710 3083 4782 πρὸς
3110 4709 3272 4764 αὑτὸν
3298 4708 3388 4763 τὸν
3407 4707 3720 4780 χωρισμόν;

2065 4804 2154 4857 Ἐν
2184 4800 2463 4873 ἀποδημίᾳ
2499 4800 2596 4873 μὲν
2645 4800 2756 4871 7&9
2790 4795 2910 4854 οὖσι
2965 4799 3150 4870 μακρᾷ
3198 4797 3300 4851 οὐκ
3346 4796 3562 4851 εὔκολον
3593 4813 3722 4865 συγ-

2052 4892 2329 4964 γίνεσθαι,
2360 4892 2456 4945 καὶ
2495 4890 2708 4962 μάλισθ’
2736 4892 2865 4946 ὅταν
2888 4888 3259 4963 γεγηρακότες
3281 4887 3516 4960 τύχωσιν
3547 4889 3718 4958 οἰ-γο-

2052 4983 2192 5045 νεῖς·
2227 4978 2462 5035 ἐνταῦθα
2486 4979 2542 5034 δὲ
2568 4977 2647 5033 ἐνι
2668 4978 2905 5051 συνεχῶς
2931 4978 3067 5051 πρὸς
3093 4977 3289 5040 αὐτοὺς
3309 4975 3725 5031 ἀνιέναι.Τοῦτο

2051 5070 2116 5141 δὴ
2157 5069 2253 5123 καὶ
2292 5068 2535 5140 ποιῶμεν
2559 5109 2574 5132 ,
2622 5070 2750 5123 ὅταν
2782 5069 2964 5132 αὐτοῖς
3004 5067 3231 5138 μηδέπω
3258 5060 3541 5136 δυνατὸνῇ
3584 5065 3721 5136 πρὸς

2052 5158 2200 5228 ἡμᾶς
2243 5155 2454 5210 ἐλθεῖν
2521 5157 2675 5209 αὐτοὶ
2727 5155 3031 5226 βαδίζωμεν
3095 5154 3232 5225 πρὸς
3282 5155 3524 5218 ἐκείνους
3548 5194 3565 5218 ,
3626 5155 3722 5207 καὶ

2054 5244 2437 5316 συγγινώμεθα
2473 5246 2568 5298 καὶ
2598 5243 2993 5314 διαλεγώμεθα.
3050 5244 3210 5312 Μέγα
3242 5244 3374 5315 ἡμῖν
3418 5245 3483 5296 ἐκ
3530 5242 3720 5296 τούτου

2051 5333 2147 5388 καὶ
2170 5334 2357 5406 κέρδος
2386 5332 2541 5387 ἔσται
2563 5333 2658 5387 καὶ
2689 5333 2872 5404 ἡδονή.
2898 5333 2973 5387 Ού
2998 5331 3106 5403 γὰρ
3134 5331 3243 5385 ἀπὸ
3276 5332 3375 5402 τῆς
3404 5330 3578 5401 ὅψεως
3611 5328 3720 5383 τῶν

2111 5488 2138 5550 ’γ
2158 5489 2293 5538 Unus
2315 5489 2422 5538 cod.
2448 5489 2693 5538 πέτασθαι.
2718 5488 2828 5539 Mox
2859 5490 2957 5539 duo
2978 5488 3118 5538 codd.
3145 5486 3501 5550 συγκλείσομεν.
3527 5485 3636 5535 Mox
3664 5485 3713 5532 in

2051 5549 2223 5614 Iisdem
2243 5550 2400 5614 χεῖρον
2426 5550 2588 5599 deest.

2116 5609 2138 5675 ἔ
2162 5609 2429 5675 δίοΒεὶνίΙ.
2458 5618 2511 5660 ει
2547 5625 2662 5661 mss.
2697 5611 2869 5662 Morel.
2904 5612 3283 5675 βουλευομένους.
3308 5609 3437 5660 Infra
3474 5610 3573 5657 duo
3596 5620 3714 5656 mss.

2048 5673 2129 5721 καὶ
2149 5674 2284 5722 πόλει
2304 5674 2387 5722 καὶ
2409 5673 2575 5721 ἔθνεσι.

2085 5736 2140 5802 “8
2161 5736 2242 5802 Sic
2259 5747 2374 5783 mss.
2400 5740 2453 5802 et
2478 5734 2632 5802 _S_avil._
2655 5735 2903 5802 in_le§lu,_
2924 5739 3071 5796 alque
3095 5734 3161 5783 ita
3181 5733 3306 5796 legit
3332 5733 3583 5792 interpres
3624 5731 3717 5780 8η-

2052 5794 2137 5857 νὶΙ.
2163 5797 2213 5845 in
2231 5808 2382 5857 marg.
2410 5801 2463 5843 cl
2482 5794 2653 5844 Morel.
2679 5797 2765 5857 τήν
2796 5796 2980 5857 ζημίαν.

2113 5856 2143 5894 δ
2163 5856 2262 5907 Alii
2282 5849 2591 5917 λυμήνασθαι.
2619 5849 2744 5904 lnfré
2780 5849 2880 5907 (ίῑίὸ
2918 5870 3030 5907 mss.
3056 5854 3114 5906 οὗ
3154 5854 3294 5917 μόνον
3321 5849 3407 5902 τοῦ
3429 5852 3563 5914 πρὸς.
3587 5850 3711 5903 Ibid.

2051 5919 2202 5985 aliqui
2234 5917 2405 5977 παντὸς
2426 5917 2764 5976 ἐπιτεύξασθαι.
