4124 6144
159 6036 215 6080 ι

389 333 492 391 581
1176 339 1234 405 δ’.
1277 333 1565 392 JOANNIS
1603 332 2105 396 CHRYSOSTOMI
2155 332 2477 394 ARCHIEP.
2521 335 3073 393 CONSTANTINOP.
3752 338 3865 395 332

374 447 764 521 ἀγαπωμένων
794 450 954 522 μόνον
980 449 1209 504 παιδίων
1239 449 1733 522 εὐφρανθησόμεθα
1753 492 1768 517 ,
1810 452 1947 507 ἁλλά
1975 455 2070 509 καὶ

378 536 535 589 αὐτοὶ
556 536 625 591 τά
657 536 891 609 μέγιστα
935 537 1360 608 καρπωσάμενοι
1391 537 1529 610 πρὸς
1566 538 1667 608 τήν
1694 538 1874 593 οἰκίαν
1903 542 2072 595 ἐπαν-

380 625 607 696 ήξομεν,
667 626 928 690 πολλάκις
961 626 1019 679 δὲ
1046 627 1231 691 αὐτοῖς
1258 639 1284 669 ει
1317 628 1413 680 καὶ
1459 629 1888 701 παραμενοῦμεν
1926 631 2074 687 ἁλόν-

383 729 476 778 τες
508 713 584 783 τῷ
609 714 709 784 τῆς
735 713 1051 784 φιλοσοφίας
1077 713 1261 787 ἔρωτι.
1279 714 1414 767 Τότε
1446 710 1541 769 οὖν
1566 716 1767 781 αὐτοὺς
1795 718 2067 790 καλῶμεν,
2091 764 2097 776 ,

385 801 515 854 ὅταν
545 802 755 873 ἰσχυροὶ
774 801 1058 877 γένωνται,
1087 802 1183 856 καὶ
1212 802 1431 873 ἐτέρους
1453 798 1553 856 οἷοί
1577 821 1636 857 τε
1659 799 1793 859 ὦσιν
1818 806 2069 874 ὠφελεῖν·

384 888 508 941 τότε
557 888 755 952 αὐτοὺς
787 889 1035 960 ἕλκωμεν
1084 888 1243 960 μόνον
1271 931 1286 956 ,
1322 888 1464 944 ὥστε
1509 891 1689 946 κοινὸν
1731 891 1986 960 γενέσθαι
2012 893 2075 947 τὸ

384 975 503 1046 φῶς
526 1016 540 1040 ,
574 975 715 1030 ὥστε
740 978 835 1031 ἐπὶ
871 977 973 1048 τῆς
999 976 1224 1047 λυχνίας
1247 976 1472 1048 τεθῆναι
1506 978 1596 1031 τὸν
1633 978 1825 1050 λύχνον
1848 982 1894 1034 b.
1938 980 2073 1034 Τότε

383 1063 585 1132 ϐψεσθε
632 1064 794 1118 τίνων
845 1066 945 1136 μὲν
996 1066 1203 1120 παίδων
1240 1068 1478 1139 πατέρες
1522 1068 1714 1138 ὑμεῖς,
1751 1069 1911 1123 τίνων
1936 1069 1993 1122 δὲ
2025 1070 2075 1123 οἰ

385 1152 819 1224 μακαριζόμενοι
865 1154 998 1225 παρ’
1036 1153 1191 1224 ὑμῶν
1218 1168 1230 1182 ·
1263 1154 1386 1207 τότε
1420 1154 1634 1209 εἴσεσθε
1669 1154 1821 1229 [110]
1862 1157 1963 1228 τῆς
1986 1174 2077 1226 φι-

390 1240 647 1309 λοσοφίας
669 1239 741 1295 τὰ
769 1241 959 1312 κέρδη,
976 1242 1107 1297 ὅταν
1136 1241 1513 1314 θεραπεύωσιν
1543 1242 1867 1316 ἀνθρώπους
1883 1246 2079 1299 ἀνίατα

389 1329 684 1394 νοσοῦντας
732 1332 1056 1401 νοσήματα,
1105 1331 1233 1386 ὅταν
1294 1331 1370 1396 ὡς
1421 1332 1709 1404 εὐεργέται
1762 1333 1935 1387 κοινοί¹
1982 1334 2080 1388 καὶ

390 1417 697 1488 προστάται
731 1419 825 1472 καὶ
859 1418 1106 1490 σωτῆρες
1143 1418 1662 1491 ἀνακηρύττωνται,
1707 1421 1838 1475 ὅταν
1868 1421 1945 1486 ὡς
1974 1422 2078 1492 ἀγ-

390 1507 538 1574 γελοι
568 1509 680 1571 τοῖς
731 1507 824 1560 ἐπὶ⁵
869 1509 971 1578 γῆς
1026 1505 1335 1579 ἀνθρώποις
1390 1508 1869 1580 συμπεριπολῶσιν
1893 1548 1910 1573 ,
1951 1510 2081 1563 ὅταν

392 1593 545 1663 παρὰ
575 1593 795 1648 πάντων
827 1593 1243 1648 ἀποϐλέπωνται
1264 1609 1277 1623 ·
1315 1594 1518 1665 μᾶλλον
1545 1595 1602 1650 δὲ
1628 1596 1769 1667 ὅπερ
1805 1595 1873 1649 ἂν
1913 1596 2081 1649 εἴπω-

386 1696 529 1750 μεν,
560 1680 710 1735 οὐδὲν
741 1680 982 1735 τοιοῦτον
1002 1722 1019 1747 ,
1063 1676 1177 1736 οἷον
1210 1692 1233 1721 ο
1275 1682 1370 1735 ἐπὶ
1417 1682 1517 1752 τῆς
1555 1683 1755 1754 πείρας
1789 1682 1962 1751 αὐτῆς
1987 1683 2082 1736 κα).

390 1767 502 1821 τῶν
557 1768 898 1838 πραγμάτων
956 1767 1105 1821 ἐστιν
1137 1768 1285 1822 ἰδεῖν.
1321 1766 1511 1823 Ταῦτα
1547 1768 1645 1822 καὶ
1682 1769 1811 1831 τοὺς
1859 1766 2084 1838 νομοθέ-

392 1872 491 1919 τας
522 1854 627 1908 ἔδει
662 1859 867 1922 ποιεῖν,
899 1855 1024 1909 εἴτι
1055 1855 1163 1911 τῶν
1193 1855 1421 1910 δεόντων
1451 1856 1692 1925 ἐγίνετο,
1722 1858 1822 1910 οὐκ
1855 1857 2083 1929 ἀνδράσι

394 1943 707 2013 γενομένοις
741 1946 843 2006 τοῖς
870 1943 1010 2006 νέοις
1035 1943 1494 1997 ἐπανατείνασθαι
1516 1944 1715 2014 φόϐους
1739 1985 1756 2012 ,
1792 1943 1932 1998 ἀλλὰ
1956 1948 2086 1999 παῖ-

394 2030 491 2093 δας
522 2030 680 2095 ὄντας
711 2029 996 2102 ρυθμίζειν
1035 2032 1130 2085 καὶ
1167 2031 1550 2085 διαπλάττειν·
1587 2034 1683 2086 καὶ
1719 2033 1822 2086 οὑκ
1862 2031 1929 2087 ἂν
1973 2032 2085 2088 τῶν

398 2117 541 2189 μετά
566 2118 739 2172 ταῦτα
777 2120 997 2190 ἐδέησεν
1040 2119 1302 2174 ἀπειλῶν.
1349 2121 1488 2174 Νυνὶ
1533 2120 1590 2173 δὲ
1638 2121 1809 2175 ταυτὸ
1851 2121 2082 2189 γίνεται,

395 2203 587 2278 ῶσπερ
612 2206 678 2261 ἂν
712 2206 879 2271 εἴτις
913 2208 1095 2279 ἰατρὸς
1134 2206 1448 2263 ἀσθενοῦντι
1480 2208 1579 2280 μὲν
1601 2208 1681 2279 τῷ
1709 2209 1971 2280 κάμνοντι
2009 2210 2086 2282 μὴ

395 2294 533 2369 λέγῃ
572 2295 776 2367 μηδὲν,
817 2297 954 2368 μήτε
1007 2296 1261 2370 δεικνύῃ,
1309 2296 1377 2351 δι’
1433 2290 1509 2351 ὧν
1565 2297 1864 2363 ἀπαλλάξοι
1905 2294 1933 2336 ἀ
1985 2300 2086 2370 τῆς

397 2383 590 2447 νόσου,
622 2383 974 2458 διαφθαρέντι
1005 2385 1063 2439 δὲ
1095 2386 1190 2440 καὶ
1218 2386 1452 2450 ἀνιάτως
1495 2384 1671 2457 ἔχοντι
1708 2387 1934 2459 μυρίους
1961 2387 2087 2459 τιθῇ

398 2470 599 2543 νόμους
639 2473 844 2527 λοιπόν.
885 2474 998 2528 Καὶ
1047 2476 1157 2546 7&9
1205 2476 1253 2528 οἰ
1305 2472 1598 2546 νομοθέται
1641 2474 1762 2527 τότε
1807 2475 2088 2545 παιδαγω·

398 2559 588 2629 γοῦσιν
640 2561 819 2633 ἡμᾶς,
857 2562 986 2615 ὅταν
1019 2562 1445 2634 διαστραφέντες
1474 2560 1750 2632 τύχωμεν.
1804 2561 1942 2615 Ἀλλ’
1989 2561 2088 2633 οὐχ

399 2648 429 2700 ὁ
473 2646 683 2712 Παῦλος
711 2647 914 2715 οὕτως,
945 2649 1061 2702 ἀλλ’
1111 2649 1172 2714 ἐξ
1222 2648 1401 2722 ἀρχῆς
1451 2650 1547 2703 καὶ
1585 2651 1645 2702 ἐν
1677 2647 1865 2722 ήλικίᾳ
1891 2649 2088 2725 πρώτῃ

399 2738 527 2802 τοὺς
553 2737 902 2803 διδασκάλους
935 2740 1118 2804 αὐτοῖς
1147 2741 1401 2813 ἐφίστησι
1445 2740 1543 2812 τῆς
1590 2741 1824 2811 ἀρετῆς,
1861 2743 2089 2797 κωλύων

401 2823 733 2878 ἐπεισελθεῖν
753 2836 777 2865 ο
804 2827 903 2897 τὴν
933 2827 1152 2881 κακίαν.
1187 2826 1336 2898 Αὕτη
1367 2827 1477 2899 γάρ
1511 2827 1709 2899 ἀρίστη
1744 2828 2085 2896 διδασκαλία,

401 2911 466 2967 00
492 2950 510 2978 ,
556 2913 1019 2984 συγχωρήσαντας
1083 2915 1346 2987 πρότερον
1397 2914 1780 2985 περιγενέσθαι
1833 2916 1932 2988 τὴν
1987 2936 2088 2972 πο-

403 2999 602 3072 νηρίαν
627 3040 643 3066 ,
685 2998 912 3072 ὕστερον
964 3001 1149 3074 ζητεῖν
1180 3005 1328 3067 ὅπως
1360 3004 1532 3075 αὐτὴν
1567 3002 1941 3076 ἐξελάσωμεν,
1974 3006 2088 3060 ἀλλ’

403 3086 622 3143 ἅπαντα
653 3092 827 3143 ποιεῖν
854 3090 951 3144 καὶ
996 3088 1486 3162 πραγματεύεσθαι
1509 3131 1525 3157 ,
1550 3089 1692 3145 ὥστε
1721 3091 1922 3146 ἄϐατον
1948 3094 2088 3164 αὐτῇ

405 3177 659 3247 γενέσθαι
708 3179 806 3250 τήν
845 3177 1008 3249 φύσιν
1048 3177 1149 3251 τὴν
1200 3179 1501 3250 ήμετέραν.
1548 3178 1642 3233 Διὸ
1677 3179 1973 3250 παραινῶ,
2014 3180 2090 3252 μὴ

410 3266 570 3337 μόνον
600 3266 822 3339 ἐτέρους
865 3266 1227 3339 βουλομένους
1263 3265 1423 3320 τοῦτο
1449 3269 1623 3321 ποιεῖν
1654 3268 1922 3334 κωλύειν,
1955 3269 2093 3324 ἀλλὰ

406 3353 503 3407 καὶ
528 3355 725 3419 αὐτοὺς
757 3355 1348 3426 συναντιλαμϐάνεσθαι
1374 3397 1393 3422 ,
1415 3356 1512 3410 καί
1541 3355 1734 3422 σώζειν
1759 3358 1820 3421 τὸ
1854 3359 2088 3428 σκάφος,

409 3443 503 3497 καὶ
534 3445 972 3515 παρασκευάζειν
1004 3444 1063 3511 ἐξ
1104 3445 1293 3517 οὐρίας
1325 3446 1499 3501 πλεῖν.
1532 3446 1643 3499 Καὶ
1673 3446 1783 3518 7&9
1811 3449 1862 3501 εἰ
1888 3448 2093 3518 ταύτην

407 3526 550 3603 ἦμεν
582 3535 782 3596 πάντες
812 3532 1200 3602 ἀναδεξάμενοι
1243 3533 1343 3605 τὴν
1384 3532 1611 3605 γνώμην
1633 3575 1646 3601 ,
1696 3535 1793 3589 καὶ
1833 3535 1940 3606 πρὸ
1984 3536 2094 3589 τῶν

408 3620 587 3676 ἀλλων
617 3623 881 3676 ἁπάντων
921 3623 1002 3687 εἰς
1046 3623 1249 3694 ἀρετὴν
1276 3624 1475 3687 αὐτοὺς
1523 3625 1759 3695 ήγομεν,
1803 3624 1962 3679 τοῦτο
1994 3626 2093 3697 μὲν

410 3707 571 3780 ἔργον
590 3749 605 3774 ,
645 3709 714 3762 τὰ
762 3708 820 3763 δὲ
851 3709 987 3763 ἄλλα
1028 3710 1343 3779 νομίζοντες
1373 3712 1625 3784 πάρεργα
1651 3708 1792 3766 εἶναι
1811 3752 1826 3777 ,
1855 3713 2094 3767 τοσαῦτα

411 3795 639 3867 ἔμελλεν
682 3792 819 3851 εἶναι
855 3797 924 3852 τὰ
953 3797 1170 3865 ἀγαθὰ,
1200 3799 1302 3852 ὅσα
1334 3798 1430 3852 νῦν
1485 3799 1584 3870 μὲν
1621 3799 1796 3871 λέγων
1837 3803 1931 3857 καὶ
1960 3802 2095 3857 ἀλα-

412 3882 729 3949 ζονεύεσθαι
752 3885 910 3951 δόξω.
949 3888 1012 3940 Εἰ
1032 3887 1089 3940 δὲ
1120 3887 1264 3941 θέλοι
1286 3904 1372 3953 τις
1400 3887 1613 3958 μαθεῖν,
1648 3889 1743 3942 ἐπὶ
1768 3890 1878 3944 τῶν
1920 3890 2096 3961 ἔργων

412 3971 620 4028 εἵσεται
658 3973 873 4039 καλῶς,
898 3977 993 4029 καὶ
1016 3974 1215 4047 πολλὴν
1265 3975 1364 4047 μὲν
1396 3979 1527 4047 ήμῖν
1557 3976 1881 4049 ὁμολογήσει
1909 3979 2093 4051 χάριν,

415 4062 616 4135 πολλὴν
654 4062 711 4117 δὲ
744 4063 851 4135 πρὸ
879 4063 1038 4135 ἡμῶν
1070 4062 1150 4134 τῷ
1192 4064 1339 4135 Θεῷ,
1389 4064 1794 4134 βλαστάνουσαν
1826 4067 1969 4140 ὁρῶν
2002 4068 2098 4122 ἐπὶ

412 4152 514 4222 τῆς
545 4150 651 4221 γῆς
685 4151 785 4222 τὴν
816 4152 876 4206 ἐν
909 4153 1159 4222 οὐρανοῖς
1192 4153 1503 4220 πολιτείαν,
1543 4155 1640 4208 καὶ
1665 4156 1792 4220 τοὺς
1824 4155 1933 4212 τῶν
1965 4156 2098 4228 μελ-

411 4237 613 4294 λόντων
659 4238 882 4308 ἀγαθῶν
900 4279 916 4303 ,
967 4240 1060 4296 καὶ
1093 4240 1218 4305 τοὺς
1253 4241 1352 4314 τῆς
1385 4242 1736 4308 ἀναστάσεως
1771 4242 1963 4314 λόγους
2008 4247 2099 4300 ἐν-

410 4326 607 4382 τεῦθεν
631 4327 731 4399 ήδη
755 4344 946 4382 πιστου
955 4326 1149 4400 μένους
1165 4369 1181 4394 ,
1202 4330 1297 4384 καί¹
1326 4333 1455 4402 παρ’
1470 4331 1654 4396 αὐτοῖς
1685 4334 1798 4397 τοῖς
1824 4333 2095 4399 ἀπίστοις.

487 4414 575 4472 ιθ’.
615 4416 724 4470 Καὶ
752 4418 835 4472 ὅτι
864 4418 925 4471 00
952 4418 1162 4489 κόμπος
1197 4419 1369 4476 ταῦτα
1392 4420 1552 4491 δῆλον
1579 4420 1810 4476 ἐκεῖθεν·
1839 4422 1966 4475 ὅταν
1988 4422 2099 4495 7&9

416 4505 602 4570 αὐτοῖς
655 4504 755 4577 τὴν
799 4505 1075 4565 πολιτείαν
1135 4507 1384 4580 λέγωμεν
1435 4509 1546 4563 τῶν
1592 4510 1652 4562 ἐν
1705 4512 1828 4574 ταῖς
1871 4511 2102 4580 ἐρήμοις

415 4592 607 4657 ὄντων,
636 4593 774 4666 πρὸς
800 4593 899 4666 μέν
923 4595 1130 4666 ταύτην
1152 4595 1304 4651 οὐδὲν
1328 4596 1543 4668 ἔχουσιν
1567 4597 1864 4663 ἀντειπεῖν,
1882 4597 2100 4653 δοκοῦσι

415 4682 473 4736 δέ
513 4684 886 4756 ἰσχυρίζεσθαι
932 4688 1028 4741 καὶ
1076 4688 1400 4757 φιλονεικεῖν
1444 4691 1510 4762 τῇ
1545 4688 1652 4743 τῶν
1682 4689 2102 4762 κατορθούντων

417 4771 709 4845 ὀλιγότητι.
742 4775 806 4827 Εἰ
825 4774 881 4828 δέ
907 4777 965 4829 ἐν
1001 4780 1124 4840 ταῖς
1149 4777 1336 4830 πόλεσι
1368 4777 1458 4831 τὸν
1486 4777 1701 4850 καρπὸν
1722 4779 2105 4851 ἐφυτεύσαμεν

416 4859 609 4916 τοῦτον
635 4901 651 4924 ,
705 4863 801 4915 καὶ
850 4862 1014 4934 νόμον
1063 4864 1186 4919 τινά
1225 4866 1318 4918 καὶ
1369 4865 1545 4937 ἀρχὴν
1596 4866 1671 4920 τά
1706 4868 1807 4938 τῆς
1851 4868 2101 4935 εὐταξίας

418 4946 614 5014 ἔλαϐε,
643 4950 739 5002 καὶ
784 4951 912 5014 τοὺς
940 4953 1138 5015 παῖδας
1168 4954 1274 5025 πρὸ
1301 4952 1409 5007 τῶν
1439 4954 1614 5008 ἄλλων
1653 4956 1908 5011 ἁπάντων
1940 4958 2100 5011 ἐπαι-

417 5035 645 5106 δεύομεν
682 5037 870 5106 φίλους
905 5034 1046 5093 εἷναι
1075 5040 1153 5111 τῷ
1179 5040 1331 5111 Θεῷ,
1372 5042 1467 5094 καὶ
1502 5042 1572 5096 τὰ
1622 5043 1967 5115 πνευματικά
1997 5045 2104 5099 ἐδι-

418 5126 692 5196 δάσκομεν
731 5126 1034 5197 μαθήματα
1067 5128 1188 5182 ἀντὶ
1207 5129 1316 5181 τῶν
1334 5128 1513 5183 ἄλλων
1540 5131 1635 5184 καὶ
1659 5132 1766 5203 πρὸ
1793 5133 1902 5185 τῶν
1928 5133 2102 5188 ἄλλων

420 5214 676 5269 ἁπάντων
699 5254 714 5279 ,
755 5215 933 5269 πάντα
962 5215 1029 5269 ἂν
1055 5216 1376 5289 ἀπεπήδησε
1418 5216 1489 5271 τά
1525 5217 1745 5290 λυπηρά
1780 5218 1826 5282 ί,
1860 5220 1954 5274 καὶ
2003 5240 2106 5292 μυ-

421 5302 554 5374 ρίων
582 5301 875 5373 ἀπηλλάγη
902 5302 1090 5356 κακῶν
1126 5305 1155 5357 ὁ
1188 5304 1301 5375 βίος
1333 5308 1362 5360 ὁ
1391 5304 1584 5379 παρὼν
1603 5347 1617 5370 ,
1650 5307 1746 5361 καὶ
1777 5306 1806 5361 δ
1836 5309 1963 5379 περί
2005 5312 2101 5380 τῆς

424 5389 724 5464 μελλούσης
745 5390 962 5463 λέγεται
989 5391 1165 5465 ζωῆς,
1186 5394 1267 5448 ὃτι
1289 5395 1499 5468 ἀπέδρα
1524 5395 1683 5468 ὀδύνη
1715 5396 1809 5451 καὶ
1833 5397 1979 5471 λύπη
2009 5398 2104 5453 καὶ

484 5532 509 5593 F‘
530 5532 641 5583 Duo
659 5546 777 5583 mss.
798 5534 988 5593 αὐτούς.

479 5592 649 5665 b__Du_o
674 5610 791 5646 mss.
826 5604 880 5647 et
901 5592 1049 5665 Savil.
1080 5596 1129 5665 ir}
1165 5602 1307 5665 ἱειιυ
1327 5601 1513 5660 τεθῆναι
1536 5600 1618 5649 τὸν
1641 5599 1826 5665 λύχνον.
1855 5600 2025 5651 Morel.
2052 5604 2106 5649 et

420 5656 572 5724 Sayig.
603 5660 653 5708 in
676 5672 831 5722 marg.
855 5662 1048 5724 τεθῆναι
1075 5661 1269 5724 τὸαφῶς.

484 5721 509 5787 ξ
535 5723 644 5787 Quo
668 5721 1028 5787 ωεθξτοιοῦτον
1044 5721 1251 5787 ,ἐροῦμεν
1274 5724 1389 5773 οἷον.

484 5778 514 5819 οι
537 5782 656 5851 Quo
688 5797 802 5833 mss.
827 5792 880 5834 el
899 5786 1013 5836 Sav.
1036 5778 1094 5851 ip:
1115 5778 1252 5851 mhrg
1270 5786 1602 5851 ἀπαᾲλᾴξεται.

488 5851 513 5914 ξ
650 5858 825 5895 omnes
847 5852 1030 5908 praeter
1053 5842 1512 5914 gorefquiAhabég
1536 5848 1757 5914 ἐᾷτελθεῖν.

436 5963 446 5974 ι
491 5901 512 5942 ΐ
537 5903 620 5974 ξὶιξ
641 5919 815 5958 omnes
830 5901 1227 5974 ﬁrmet-More}.
1267 5901 1364 5974 ἧυὶ-
1396 5911 1468 5959 sic
1494 5910 1658 5974 habet,
1692 5911 1914 5961 ἁπάντων
1948 5910 2100 5964 ταῦτα

430 5965 750 6030 ἐπαιδεύομεν.
770 5965 924 6020 πάντα
941 5971 998 6020 ἂν
1024 5965 1301 6030 ἀπεπήδησε
1320 5972 1377 6020 τὰ
1402 5974 1603 6037 λυπηρά.

2179 454 2482 525 στεναγμὸς
2501 493 2516 518 ,
2546 451 2799 507 ἐντεῦθεν
2826 451 2892 507 ἂν
2930 450 3376 523 ἐκαρπωσάμεθα
3405 450 3623 516 πάντες.
3657 452 3722 506 Εἰ
3756 452 3863 525 γάρ

2179 543 2318 614 μήτε
2339 541 2668 613 χρημάτων.
2717 541 2855 612 μήτε
2883 538 3040 611 δόξης
3089 538 3233 611 ἔρως
3277 539 3623 611 ἡμᾶςείσῄει
3667 541 3860 610 κενῆς,

2179 633 2316 702 μήτε
2342 630 2573 686 θάνατον
2602 630 2916 701 ἐδεδίειμεν,
2951 629 3027 701 μὴ
3062 629 3253 683 πενίαν
3275 668 3291 692 ,
3341 629 3416 701 μὴ
3443 629 3505 683 τὸ
3536 628 3723 693 κακῶς
3754 646 3863 684 πα-

2176 719 2289 773 θεῖν
2319 719 2525 790 βλάϐην
2552 717 2834 790 ἡγούμεθα
2857 760 2872 786 ,
2929 718 3067 772 ἀλλὰ
3096 719 3191 773 καὶ
3232 717 3422 786 κέρδος
3456 718 3711 789 μέγιστον
3737 760 3753 784 ,
3786 719 3862 789 μὴ

2176 806 2611 878 ἀπεχθάνεσθαι,
2645 807 2719 878 μὴ
2752 809 2930 876 μισεῖν
2952 805 3196 876 ᾔδειμεν,
3214 804 3323 858 οῦτ⁹
3350 805 3416 860 ἂν
3444 806 3553 859 ὑπὸ
3571 807 3682 860 τῶν
3715 806 3875 860 ἰδίων

2177 892 2398 959 παθῶν,
2423 891 2535 946 οὔτ’
2563 893 2632 946 ἂν
2663 879 2768 946 ὑπὸ
2790 892 2898 947 τῶν
2927 891 3221 963 ἀλλοτρίων
3251 891 3673 965 ἐπολεμήθημέν
3708 909 3863 955 ποτε,

2177 981 2294 1035 ἀλλ’
2322 981 2501 1035 αὐτῶν
2544 980 2655 1035 τῶν
2696 980 2945 1049 ἀγγέλων
2985 980 3152 1049 ἐγγὺς
3185 978 3250 1032 ἂν
3306 980 3371 1033 τὸ
3407 980 3517 1035 τῶν
3559 979 3867 1052 ἀνθρώπων

2178 1068 2395 1137 ἐγένετο
2415 1069 2591 1138 γένος.
2630 1067 2780 1141 [111]
2815 1068 2926 1121 Καὶ
2971 1066 3056 1130 τίς
3091 1065 3397 1139 ἀνθρώπων
3432 1067 3606 1122 ταῦτα
3649 1066 3867 1138 κατώρ-

2180 1155 2344 1219 θωσε,
2381 1156 2573 1229 φησίν;
2602 1157 2842 1220 Εἰκότως
2870 1156 3123 1219 ἀπιστεῖς
3150 1194 3165 1219 ,
3199 1156 3294 1209 ἂτε
3333 1156 3393 1209 ἐν
3428 1155 3648 1209 πόλεσιν
3675 1156 3864 1221 οἰκῶν,

2181 1243 2279 1297 καὶ
2305 1246 2429 1309 ταῖς
2469 1243 2644 1306 θείαις
2687 1243 2892 1315 βίϐλοις
2938 1242 3037 1313 οὐχ
3078 1241 3406 1314 ὡμιληκώς·
3436 1245 3487 1297 εἰ
3528 1242 3586 1296 δὲ
3620 1243 3865 1308 καὶτοὺς

2181 1331 2240 1385 ἐν
2262 1334 2386 1395 ταῖς
2436 1331 2662 1402 ἐρήμοις
2702 1331 2892 1396 ὄντας,
2922 1331 3017 1384 καὶ
3055 1330 3182 1394 τοὺς
3211 1333 3269 1385 ἐν
3299 1332 3420 1395 ταῖς
3467 1332 3868 1401 πνευματικαῖς

2183 1418 2386 1490 βίϐλοις
2428 1421 2754 1491 γενομένους
2796 1419 2964 1472 πάλαι
2990 1418 3252 1487 ἐγνώκεις
3275 1457 3291 1483 ,
3323 1417 3527 1489 ἔμαθες
3561 1418 3628 1472 ἂν
3656 1419 3740 1472 ὅτι
3771 1420 3868 1472 καὶ

2179 1507 2231 1560 οἱ
2263 1507 2490 1579 μοναχοὶ
2513 1548 2529 1571 ,
2569 1508 2666 1562 καλ⁸
2697 1509 2746 1562 οἰ
2784 1505 2890 1579 πρὸ
2929 1506 3153 1561 τούτωνι
3179 1506 3504 1571 ἀπόστολοι,
3534 1507 3630 1561 καὶ
3660 1507 3713 1560 οἰ
3757 1505 3870 1578 πρὸ

2182 1594 2409 1650 ἐκείνων
2447 1597 2647 1651 δίκαιοι
2690 1596 2830 1668 μετὰ
2865 1595 3151 1669 ἀκριϐείας
3180 1596 3398 1668 ἀπάσης
3420 1596 3521 1668 τὴν
3547 1594 3869 1664 φιλοσοφίαν

2183 1683 2527 1750 ἐπεδείξαντο
2558 1686 2782 1756 ταύτην.
2805 1687 2924 1740 Ἵνα
2949 1685 3008 1739 δέ
3035 1702 3117 1739 σοι
3140 1684 3216 1756 μὴ
3245 1684 3659 1756 φιλονεικῶμεν,
3686 1683 3869 1756 δῶμεν

2182 1772 2292 1828 τῶν
2329 1773 2597 1846 δευτέρων
2632 1775 2665 1847 ἢ
2714 1774 2914 1849 τρίτων
2941 1776 3036 1829 ἀπ’
3078 1776 3302 1831 ἐκείνων
3329 1774 3589 1844 γενέσθαι
3631 1774 3726 1828 τὸν
3753 1774 3871 1828 υἰὺν

2182 1854 2274 1909 τὸν
2307 1858 2433 1911 σόν·
2475 1857 2595 1911 οὐδέ
2641 1858 2749 1930 γάρ
2796 1857 2940 1912 οὕτω
2982 1857 3193 1931 μικρῶν
3225 1857 3595 1912 ἀπολαύσεται
3627 1856 3869 1925 ἀγαθῶν.

2185 1943 2260 1996 Οὐ
2286 1944 2478 2015 φθάνει
2511 1945 2648 2017 πρὸς
2670 1945 2876 2017 Πέτρον
2904 1945 3078 2001 ἐλθεῖν
3103 1985 3119 2012 ,
3147 1945 3270 2000 οὐδὲ
3322 1944 3532 1999 Παῦλον
3553 1985 3570 2011 ,
3605 1943 3719 2000 ἀλλ’
3749 1943 3875 1998 οὐδὲ

2184 2032 2440 2101 γενέσθαι
2469 2035 2650 2090 αὐτῶν
2678 2032 2846 2104 ἐγγύς
2866 2051 2880 2066 ·
2904 2033 2992 2090 διὰ
3016 2034 3173 2088 τοῦτο
3196 2030 3291 2088 οὖν
3320 2035 3484 2088 αὐτὸν
3506 2036 3603 2088 καὶ
3621 2034 3724 2105 τῆς
3752 2034 3877 2105 μετ’

2186 2120 2427 2186 ἐκείνους
2452 2122 2897 2195 ἀποστερήσομεν
2918 2123 3117 2194 τιμῆςς
3143 2123 3351 2176 Ταυτδν
3375 2121 3484 2195 7&9
3506 2124 3679 2185 ποιεῖς
3699 2120 3877 2174 ταῦτα

2185 2207 2359 2279 λέγων
2380 2251 2395 2277 ,
2437 2210 2515 2275 ὠς
2554 2210 2619 2264 ἂν
2660 2212 2710 2264 εί
2736 2210 2954 2280 ἔλεγες·
2978 2210 3199 2281 Ἐπειδὴ
3232 2209 3377 2263 λίθον
3407 2209 3590 2280 τίμιον
3617 2209 3878 2278 γενέσθαι

2187 2297 2287 2351 οὐκ
2311 2297 2411 2359 ἔνι,
2443 2297 2653 2369 μενέτω
2685 2298 2903 2370 σίδηρος
2924 2296 3024 2360 ὣν,
3055 2298 3151 2351 καὶ
3181 2299 3318 2369 μήτε
3347 2297 3587 2369 ἄργυρος
3607 2296 3875 2366 γενέσθω,

2192 2389 2329 2458 μήτε
2382 2386 2602 2459 χρυσός.

2268 2476 2369 2529 Διά
2425 2475 2479 2529 τί
2546 2476 2657 2550 γὰρ
2714 2477 2789 2549 μὴ
2858 2477 2951 2532 καὶ
3008 2478 3065 2531 ἐν
3131 2478 3246 2541 τοῖς
3310 2474 3511 2542 ἔξωθεν
3580 2476 3883 2549 πράγμασι

2187 2562 2378 2618 τοῦτον
2421 2563 2567 2635 ἔχεις
2600 2564 2694 2618 τὸν
2742 2563 3027 2636 λογισμὸν,
3056 2563 3194 2619 ἀλλά
3239 2564 3334 2618 τδν
3368 2565 3612 2620 ἐναντίον
3659 2566 3877 2638 τούτῳ;

2189 2651 2299 2705 Καὶ
2364 2651 2474 2722 7&9
2539 2652 2631 2705 ἐπὶ
2683 2651 2856 2722 λόγων
2928 2651 3169 2725 μάθησιν
3224 2653 3459 2724 πέμπων
3512 2654 3576 2719 ⁸,
3621 2653 3685 2707 00
3739 2652 3879 2709 πάν-

2186 2754 2294 2801 τως
2335 2739 2497 2793 αὑτὸν
2548 2739 2641 2791 ἐπὶ
2689 2740 2801 2803 τοῖς
2852 2738 3045 2812 ἄκροις
3092 2738 3318 2810 ὄψεσθαι
3369 2739 3708 2811 προσδοκᾷς,
3756 2740 3880 2795 ἀλλ’

2188 2826 2340 2898 ὅμως
2388 2826 2450 2879 00
2493 2826 2582 2881 διά
2616 2825 2789 2881 ταῦτα
2838 2816 3203 2898 ἀπάγειςντῆς
3251 2827 3382 2899 περὶ
3409 2825 3582 2880 ταῦτα
3612 2827 3876 2899 σπουδῆς,

2189 2912 2327 2967 ἀλλά
2369 2913 2547 2968 πάντα
2580 2913 2811 2986 πληροῖς
2854 2915 2923 2970 τά
2954 2914 3107 2987 παρά
3149 2913 3381 2978 σαυτοῦ,
3423 2914 3706 2985 ἀγαπητὸν
3737 2909 3883 2968 εἶναι

2189 3001 2447 3072 νομίζων,
2473 3002 2539 3057 ἂν
2565 3002 2817 3074 πέμπτον
2848 3003 2881 3074 ἦ
2910 3003 3135 3057 δέκατον
3164 3001 3273 3055 ἀπὸ
3292 3001 3402 3055 τῶν
3427 3001 3660 3072 πρώτων
3691 3002 3878 3073 συμϐῇ

2189 3092 2443 3160 γενέσθαι
2469 3091 2561 3145 τὸν
2588 3092 2705 3145 υἱὸν
2742 3093 2801 3146 ἐν
2834 3094 2901 3163 τῇ
2939 3091 3051 3146 τῶν
3087 3090 3261 3160 λόγων
3292 3090 3544 3162 δυνάμει.
3577 3091 3691 3144 Καὶ
3718 3090 3881 3162 βασι-

2190 3180 2274 3234 λεῖ
2298 3180 2357 3235 δὲ
2389 3181 2778 3251 στρατεύοντες
2800 3181 2831 3220 h
2864 3179 2994 3244 τοὺς
3025 3180 3163 3243 υἱεῖς
3187 3178 3248 3232 00
3279 3178 3499 3243 πάντως
3526 3178 3620 3231 ἐπὶ
3654 3177 3748 3231 τὸν
3768 3178 3885 3231 τῶν

2192 3270 2455 3341 ὑπάρχων
2494 3270 2695 3335 αὐτοὺς
2732 3267 3103 3341 ἀναϐήσεσθαι
3133 3267 3475 3339 προσδοκᾶτε
3508 3266 3733 3339 θρόνονο
3763 3266 3885 3321 ἀλλ’

2191 3358 2340 3429 ὅμως
2394 3358 2455 3411 οὐ
2495 3356 2875 3412 διακελεύεσθε
2924 3355 3084 3411 λῦσαι
3124 3357 3224 3427 τὴν
3277 3354 3487 3426 ζώνην,
3535 3354 3571 3426 ἢ
3609 3354 3746 3426 μηδὲ
3780 3355 3889 3426 τὴν

2191 3447 2366 3517 ἀρχὴν
2411 3446 2668 3516 ἐπιϐῆναι
2699 3446 2809 3500 τῶν
2863 3445 3149 3516 βασιλείων
3178 3485 3193 3508 ,
3234 3444 3371 3499 ἀλλά
3402 3444 3581 3498 πάντα
3617 3461 3890 3516 πραγμα.

2191 3533 2454 3600 τεύεσθε,
2507 3534 2585 3598 ὠς
2630 3532 2899 3606 μηδέποτε
2946 3533 3146 3596 αὐτοὺς
3188 3534 3287 3603 τῆς
3335 3531 3548 3586 ἐκεῖθεν
3597 3530 3890 3603 διατριϐῆς

2193 3623 2447 3677 ἐκπεσεῖν
2474 3661 2489 3685 ,
2544 3623 2735 3694 ἀρκεῖν
2790 3619 3085 3694 ἡγούμενοι
3138 3620 3200 3674 τὸ
3259 3620 3352 3673 καὶ
3408 3621 3465 3675 ἐν
3519 3622 3635 3684 τοῖς
3693 3618 3888 3692 μέσοις

2192 3708 2630 3780 ἀριθμουμένους
2663 3709 2814 3780 ὁρᾷν.
2861 3708 3022 3772 Τίνος
3069 3704 3164 3762 οὖν
3212 3707 3399 3761 ἐνεκεν
3440 3708 3560 3761 ἐκεῖ
3606 3706 3746 3786 μὲν..
3778 3706 3890 3761 κᾶν

2199 3797 2273 3869 μὴ
2305 3796 2414 3850 τῶν
2449 3795 2709 3868 μειζόνων
2743 3796 2836 3867 ἐξῇ
2863 3795 3126 3849 λαϐέσθαι
3147 3836 3160 3861 ,
3198 3796 3348 3867 ὅμως
3393 3795 3535 3867 ὑπὲρ
3581 3793 3690 3847 τῶν
3724 3793 3890 3846 ἐλατ⁶

2194 3886 2363 3938 τόνων
2392 3882 2656 3938 κόπτεσθε
2686 3884 2782 3938 καὶ
2811 3881 3249 3955 ταλαιπωρεῖσθε
3278 3922 3292 3947 ,
3330 3882 3432 3936 κάν
3466 3880 3679 3945 τούτοις
3718 3880 3891 3935 πάλιν

2196 3973 2297 4044 τῆς
2325 3971 2537 4035 ἐλπίδος
2566 3968 2735 4042 οὔσης
2766 3971 2991 4044 ἀδήλου,
3029 3970 3262 4024 ἐνταῦθα
3294 3970 3351 4024 δέ
3384 3970 3594 4023 ὀκνεῖτε
3625 3969 3718 4022 καὶ
3752 3970 3893 4023 ἀνα-

2196 4059 2418 4127 δύεσθε;
2465 4060 2588 4114 Ὅτι
2625 4058 2849 4113 ἐκείνων
2887 4060 2985 4130 μὲν
3020 4058 3221 4130 πολλὴν
3250 4057 3404 4129 ἔχετε
3433 4057 3532 4128 τὴν
3562 4055 3888 4127 ἐπιθυμίαν,

2198 4149 2403 4205 τούτων
2430 4148 2487 4204 δὲ
2514 4148 2636 4203 οὐδὲ
2670 4148 2930 4221 βραχεῖαν
2957 4165 2972 4180 ο
3007 4148 3128 4204 εἶτα
3154 4148 3533 4219 αἰσχυνόμενοι
3562 4146 3719 4200 τοῦτο
3748 4148 3893 4216 ὁμο-

2198 4236 2428 4307 λογῆσαι
2480 4235 2711 4308 σκήψεις
2747 4235 3078 4306 ἐπενοήσατε
3112 4235 3208 4289 καὶ
3242 4224 3577 4307 προφάσεις·
3607 4233 3685 4299 ὡς
3737 4235 3790 4288 εῖ
3822 4251 3893 4303 γε

2200 4325 2415 4399 ἀληθῶς
2441 4324 2751 4391 ἐϐούλεσθε,
2776 4324 2930 4379 οὐδὲν
2957 4325 3025 4380 ἂν
3057 4326 3203 4397 ὑμᾶς
3233 4323 3440 4379 τούτων
3473 4322 3739 4379 ἐκώλυσε.
3772 4325 3896 4379 Kal

2200 4416 2307 4488 7&9
2335 4414 2507 4480 οὕτως
2535 4413 2648 4486 ἔχει
2674 4429 2688 4443 ·
2715 4414 2837 4469 ὅτου
2875 4432 2960 4478 τις
2987 4414 3055 4469 ἂν
3100 4414 3244 4486 ἐρῶν
3290 4413 3430 4485 τύχῃ
3467 4414 3739 4485 γνησίως,
3779 4414 3896 4467 κᾶν

2203 4505 2281 4577 μὴ
2323 4502 2419 4559 τοῦ
2449 4504 2652 4567 παντὸς
2677 4543 2691 4566 ,
2725 4503 2861 4575 μηδέ
2901 4502 2998 4558 τοῦ
3048 4504 3310 4577 ἀνωτάτω
3361 4504 3721 4577 περιγένηται
3739 4545 3761 4569 ,
3787 4504 3894 4558 τοῦ

2201 4595 2332 4665 γοῦν
2361 4593 2528 4666 μέσου
2548 4635 2565 4662 ,
2607 4592 2808 4665 μᾶλλον
2830 4593 2887 4646 δέ
2911 4594 3007 4647 καὶ
3031 4591 3127 4647 τοῦ
3156 4594 3272 4664 μετ’
3294 4595 3501 4648 ἐκεῖνον
3532 4593 3795 4665 μυριάκις
3823 4594 3897 4647 ἂν

2202 4684 2378 4739 ἕλοιτο
2423 4686 2725 4756 ἐπιτυχεῖν.
2759 4686 2871 4739 Καὶ
2899 4685 3008 4755 γὰρ
3055 4684 3087 4736 ὁ
3136 4683 3371 4755 φίλοινος
3425 4685 3518 4738 καὶ
3567 4683 3896 4757 φιλοπότης,

2204 4772 2307 4829 κᾶν
2368 4771 2443 4845 μὴ
2469 4771 2561 4826 τὸν
2593 4772 2726 4844 ήδὺν
2759 4773 2855 4827 καὶ
2891 4771 3190 4842 ἀνθοσμίαν
3221 4771 3314 4843 ἐξῇ
3344 4770 3529 4826 λαϐεῖν
3557 4766 3734 4836 οἶνον,
3764 4771 3899 4825 οὐδὲ

2203 4861 2297 4913 τοῦ
2325 4860 2658 4930 φαυλοτάτου
2687 4860 3094 4932 καταφρονήσει
3142 4858 3273 4913 ποτέ
3300 4877 3313 4890 ·
3346 4859 3440 4913 καὶ
3479 4860 3506 4911 ὁ
3540 4857 3900 4930 φιλοχρήμα-

2204 4967 2293 5013 τος
2322 4948 2481 5002 πάλιν
2505 4988 2519 5011 ,
2548 4947 2650 5002 κᾶν
2685 4947 2761 5018 μὴ
2797 4947 2978 5011 λίθους
3008 4947 3220 5018 τιμίους
3241 4987 3255 5012 ,
3300 4947 3438 5020 μηδὲ
3474 4947 3698 5019 χρυσίον
3724 4987 3739 5009 ,
3772 4947 3901 5001 ἀλλ’

2204 5036 2467 5109 ἀργύριον
2491 5035 2640 5107 αὐτῷ
2660 5053 2745 5100 τις
2773 5035 3009 5108 παρέχῃ,
3043 5035 3245 5107 πολλὴν
3272 5036 3476 5089 εἴσεται
3507 5036 3687 5108 χάριν.
3708 5036 3906 5089 Tom;-

2204 5141 2296 5178 τον
2321 5124 2430 5195 γὰρ
2462 5126 2495 5196 ή
2526 5123 2791 5194 ἐπιθυμία
2816 5165 2832 5190 ,
2879 5125 3203 5196 τυραννικόν
3233 5141 3288 5177 τι
3325 5125 3558 5196 πρᾶγμα
3585 5125 3681 5178 καλ⁸
3704 5124 3907 5179 ἱκανὸν

2206 5215 2393 5266 πεῖσαι
2435 5212 2616 5266 πάντα
2668 5211 2760 5266 τὸν
2808 5210 3006 5266 ἁλόντα
3026 5252 3040 5277 ,
3077 5212 3233 5285 ὑπὲρξ
3280 5211 3502 5266 ὁτουοῦν
3539 5212 3635 5265 καὶ
3691 5211 3906 5268 παθεῖν

2205 5303 2301 5357 καὶ
2332 5303 2652 5373 ὑπομεῖναι·
2706 5300 2849 5355 ὥστε
2889 5303 2940 5355 εἰ
2975 5303 3050 5374 μὴ
3097 5302 3298 5372 σκῆψις
3326 5301 3500 5356 ταῦτα
3541 5302 3613 5357 τά
3666 5303 3905 5374 ῥήματα

2204 5388 2294 5465 ἦν,
2325 5391 2696 5464 συμπράττειν
2729 5391 2900 5463 ἐχρῆν
2924 5391 3022 5446 καὶ
3058 5393 3376 5462 συμπονεῖν.
3415 5391 3524 5446 Τοῦ
3559 5392 3669 5461 7&9
3698 5392 3902 5445 ἐπιθυ.

2210 5474 2436 5553 μοῦντός
2454 5498 2509 5534 τι
2531 5478 2787 5550 γενέσθαι
2819 5480 2881 5533 00
2906 5479 2967 5533 τὸ
2998 5479 3252 5549 γενέσθαι
3288 5480 3520 5536 κωλύειν
3548 5481 3723 5544 ἐστὶν,
3751 5467 3910 5538 ἀλλά

2185 5570 2265 5654 ’τὸ
2298 5570 2478 5624 πάντα
2526 5571 2703 5622 ποιεῖν
2746 5568 2896 5631 ὅπως
2932 5567 2998 5622 ἂν
3028 5567 3258 5638 γένοιτο.
3294 5569 3406 5623 Καὶ
3435 5569 3544 5642 γὰρ
3584 5569 3636 5623 οἰ
3672 5568 3906 5624 καθιέν-

2206 5677 2297 5724 τες
2357 5660 2438 5723 εἰς
2483 5659 2611 5722 τοὺς
2677 5656 3081 5729 Ὀλυμπιακοὺς
3120 5656 3341 5727 ἀγῶνας
3367 5699 3381 5725 ,
3436 5658 3641 5724 εἰδότες
3691 5659 3777 5713 ὅτι
3839 5662 3905 5715 ἐν

2269 5783 2294 5821 Β
2322 5781 2429 5831 Duo
2452 5793 2565 5845 mss.
2591 5780 2835 5845 μαθήμασι
2853 5796 3003 5843 πεμπ.
3028 5778 3141 5829 Mox
3176 5793 3303 5845 ppus
3316 5779 3486 5845 55190“
3508 5780 3744 5845 ἅψασθαι.
3768 5778 3901 5830 Infra

2207 5857 2381 5954 ριηὲιεε
2400 5844 2615 5905 πέμπτον
2636 5845 2666 5901 ἢ
2711 5842 2928 5903 δέκατον,
2957 5846 3139 5906 praeter
3176 5842 3351 5892 Morel.
3390 5842 3479 5905 qm
3502 5842 3652 5892 ubel
3669 5842 3896 5902 πέμπτον

2214 5924 2264 5955 ιν
2317 5920 2504 5954 εκατον.

2278 5968 2305 6008 h
2329 5965 2680 6033 Στρατεύοντες.
2708 5965 2997 6030 Legendum
3029 5967 3225 6018 videtur
3245 5966 3599 6025 arpmcﬁwzac.
3626 5962 3766 6016 Em.
