4124 6144
279 373 384 432 381

276 483 547 558 proﬁcisci
569 491 825 558 poterunt
852 500 870 541 :
892 485 1038 556 ipsos
1056 485 1330 552 adeamus,
1355 487 1567 543 illorum
1589 487 1865 544 consortio

278 587 336 634 et
358 577 629 647 colloquio
650 575 912 632 fruamur.
945 577 1076 632 llinc
1098 578 1252 633 nobis
1279 577 1466 649 ingens
1489 579 1717 646 lucrum,
1748 593 1866 633 ma-

277 683 491 739 gnaque
518 667 766 737 voluptas
805 667 995 723 aderit.
1025 668 1141 725 Non
1172 671 1315 725 enim
1344 682 1633 742 conspectu
1662 680 1869 726 tantum

279 760 680 819 carissimorum
709 759 937 815 ﬁliorum
962 762 1290 829 ltelttbimur;
1323 764 1416 819 sed
1447 765 1548 834 ipsi
1576 767 1872 821 maximum

281 853 460 923 adepti
507 853 761 919 fructum,
809 854 1027 909 domum
1069 856 1362 913 redibimus
1394 874 1408 911 :
1442 873 1681 928 persaepe
1710 858 1871 913 etiam

282 958 405 999 cum
436 944 542 998 illis
566 946 921 1008 manebimus,
950 947 1300 1018 philosophia:
1325 964 1509 1005 amore
1533 950 1696 1020 capti.
1725 950 1875 1004 Tunc

283 1034 448 1106 igitur
472 1035 593 1091 illos
613 1051 946 1102 revocemus,
973 1052 1093 1092 cum
1118 1038 1258 1094 vires
1288 1039 1424 1093 nacti
1447 1048 1622 1105 erunt,
1650 1040 1876 1110 aliisque

287 1125 546 1198 prodesse
592 1134 841 1196 poterunt
890 1145 905 1183 τ
957 1137 1082 1184 tunc
1131 1129 1247 1183 illos
1294 1129 1654 1195 retrahamus,
1704 1132 1773 1184 ita
1819 1139 1876 1184 ut

289 1218 589 1274 communis
610 1218 699 1272 lux
726 1217 836 1284 ﬁat,
865 1229 918 1274 et
944 1219 1159 1274 lucerna
1185 1231 1414 1289 ponatur
1435 1235 1594 1290 supra
1620 1219 1877 1276 candela-

288 1310 466 1365 brum.
514 1308 663 1364 Tunc
710 1309 959 1366 videbitis
1004 1325 1357 1382 quorumnam
1412 1310 1645 1367 ﬁliorum
1698 1319 1879 1383 patres

289 1400 429 1466 sitis,
462 1415 762 1472 quorumve
806 1402 864 1468 ii,
906 1417 1042 1472 quos
1090 1418 1233 1458 nunc
1270 1402 1459 1459 beatos
1500 1402 1675 1458 dicitis
1714 1411 1880 1459 :tunc

292 1494 645 1566 phiIOSOpbiae
676 1494 823 1549 lucra
850 1494 1132 1562 videbitis,
1168 1510 1292 1550 cum
1340 1495 1663 1550 insanabiles
1704 1495 1880 1550 homi-

293 1602 422 1642 num
451 1587 667 1642 morbos
692 1588 1020 1656 curaverint,
1049 1604 1172 1643 cum
1201 1597 1258 1643 ut
1287 1588 1515 1644 beneﬁci
1545 1603 1879 1656 communes,

292 1678 506 1750 patroni
537 1685 592 1733 et
620 1688 924 1733 servatores
965 1678 1417 1748 prmdicabuntur,
1449 1694 1572 1737 cum
1617 1687 1673 1734 ut
1709 1679 1887 1751 angeli

294 1784 417 1824 cum
448 1768 751 1824 hominibus
777 1769 830 1823 in
862 1770 1016 1825 terris
1042 1771 1345 1826 conversati
1376 1769 1593 1837 fuerint,
1625 1785 1745 1826 cum
1770 1785 1888 1824 om-

295 1859 446 1914 nium
472 1860 714 1937 obtutum
745 1859 797 1914 in
837 1875 896 1915 se
924 1861 1293 1916 converterint
1323 1878 1335 1914 :
1369 1861 1476 1916 imo
1501 1861 1698 1931 potius,
1736 1877 1886 1932 qua:-

297 1969 530 2024 cumque
560 1953 871 2021 dixerimus,
902 1953 1034 2008 nihil
1081 1955 1186 2009 tale
1215 1954 1472 2010 exhibere
1507 1964 1701 2025 potest,
1731 1955 1890 2026 quale

299 2047 416 2115 ipsa
448 2046 777 2116 experientia
809 2054 863 2101 et
891 2047 1145 2117 operibus
1179 2047 1361 2103 videre
1386 2057 1487 2103 est.
1517 2048 1642 2103 Haec
1674 2047 1887 2119 legisla-

300 2138 510 2193 toribus
532 2137 772 2193 facienda
794 2146 967 2203 erant,
992 2138 1036 2194 si
1058 2139 1130 2193 uti
1152 2141 1502 2196 conveniebat
1525 2150 1700 2196 actum
1725 2148 1890 2208 esset,

300 2244 499 2299 nempe
526 2240 586 2285 ut
613 2246 717 2285 non
745 2230 1029 2299 juvenibus
1055 2230 1290 2286 virorum
1319 2240 1530 2286 a-tatem
1568 2232 1774 2303 adeptis
1819 2231 1888 2285 ti-

302 2335 485 2375 mores
502 2323 827 2387 incuterent;
848 2321 944 2376 sed
965 2336 1079 2388 eos,
1102 2321 1227 2376 dum
1251 2323 1400 2393 pueri
1422 2331 1593 2389 erant,
1614 2325 1895 2379 instituere

302 2421 361 2466 et
391 2411 681 2468 informare
703 2429 837 2483 Opus
864 2422 980 2468 erat
999 2455 1013 2480 ,
1048 2431 1147 2472 nec
1175 2425 1356 2485 postea
1385 2417 1546 2472 minze
1570 2416 1893 2473 adhibenda:

306 2503 556 2558 fuissent.
582 2504 732 2562 Nunc
758 2516 935 2562 autem
961 2507 1064 2563 hoc
1086 2508 1257 2578 ipsum
1281 2507 1475 2579 agitur,
1497 2522 1559 2562 ac
1575 2504 1622 2560 si
1647 2507 1765 2579 quis
1785 2522 1897 2577 me:

305 2595 464 2650 dicus
501 2599 777 2666 mgrotanti
826 2598 957 2653 nihil
1002 2599 1163 2668 dicat,
1192 2615 1293 2654 nec
1319 2600 1570 2657 ostendat
1587 2618 1694 2671 quo
1740 2608 1903 2669 pacto

307 2686 580 2742 curandus
609 2689 679 2742 sit
700 2689 938 2754 morbus,
962 2689 1233 2760 deplorata
1256 2699 1435 2747 autem
1460 2690 1785 2757 valetudine,
1811 2688 1898 2744 in-

307 2793 562 2833 numeras
589 2779 950 2835 remediorum
982 2781 1126 2851 leges
1153 2790 1371 2836 statuat.
1403 2780 1533 2836 Nam
1565 2779 1901 2852 legislatores

309 2880 439 2926 tunc.
479 2885 578 2926 uos
622 2872 898 2928 instituere
927 2873 1330 2943 aggrediuntur,
1370 2888 1491 2927 cum
1525 2873 1634 2943 jam
1664 2872 1900 2942 perversi

309 2977 519 3016 sumus.
544 2961 647 3018 Sed
671 2978 777 3019 non
806 2965 876 3017 ita
897 2963 1113 3032 Paulus,
1137 2980 1321 3019 verum
1343 2965 1410 3019 ab
1436 2965 1584 3019 initio
1604 2972 1661 3021 et
1679 2981 1707 3018 a
1731 2963 1901 3035 prima

311 3061 472 3109 :ctate
518 3053 800 3123 magistros
838 3054 941 3109 illis
969 3055 1178 3110 virtutis
1219 3055 1461 3125 przeﬁcit,
1504 3054 1646 3110 vitiis
1686 3069 1900 3108 omnem

312 3143 518 3197 aditum
561 3143 943 3199 iutcrcludens.
986 3145 1111 3200 Haec
1149 3145 1347 3216 quippe
1386 3145 1585 3214 optima
1625 3153 1707 3200 est
1745 3143 1904 3198 disci-

315 3236 486 3305 plina,
514 3252 621 3291 non
650 3238 793 3306 prius
824 3237 949 3290 vitia
978 3237 1244 3291 dominari
1271 3236 1448 3291 sinere
1476 3244 1527 3290 et
1555 3244 1736 3305 postea
1761 3249 1905 3305 qua:-

314 3343 463 3395 rere,
490 3345 596 3400 quo
617 3341 775 3400 pacto
805 3330 893 3385 illa
921 3330 1184 3386 eliminari
1222 3330 1455 3401 possint,
1486 3327 1581 3383 sed
1610 3329 1791 3385 omnia
1824 3328 1904 3380 fa-

315 3434 445 3474 cere
472 3430 632 3491 atque
657 3421 854 3488 moliri,
877 3429 933 3474 ut
963 3430 1149 3475 natura
1179 3431 1358 3475 nostra
1390 3420 1642 3491 nequitia:
1672 3420 1742 3473 sit
1766 3420 1910 3472 inac-

317 3528 494 3567 cessa.
529 3513 885 3581 Quamobrem
930 3514 1139 3581 hortor,
1186 3530 1289 3569 non
1336 3513 1495 3568 modo
1537 3513 1678 3581 illos,
1720 3512 1808 3583 qui
1857 3510 1907 3565 id

318 3605 499 3660 facere
542 3606 754 3673 vellent,
786 3606 1058 3673 cohibere,
1103 3607 1195 3662 sed
1234 3606 1394 3662 etiam
1432 3606 1577 3677 ipsos
1616 3607 1908 3674 suscipere,

322 3697 578 3767 scapham
610 3699 840 3767 eripere,
870 3708 924 3753 et
951 3713 1238 3767 procurare
1279 3706 1335 3751 ut
1360 3697 1597 3753 secundo
1622 3706 1782 3752 vento
1812 3712 1909 3750 na-

322 3790 555 3859 vigetur.
589 3787 799 3843 Etenim
821 3789 865 3844 si
898 3788 1037 3842 hanc
1064 3805 1253 3844 omnes
1278 3789 1599 3844 sententiam
1625 3787 1916 3858 amplecte-

324 3897 528 3943 rcmur,
554 3888 608 3933 et
633 3880 751 3934 aliis
781 3880 1097 3949 posthabitis
1128 3881 1197 3935 ad
1223 3882 1470 3935 virtutem
1502 3895 1595 3935 eos
1625 3879 1916 3934 deducere-

325 3986 468 4031 mus,
501 3970 602 4025 hoc
639 3971 812 4025 solum
841 3986 1018 4039 opera:
1056 3973 1305 4041 pretium,
1347 3981 1540 4026 caetera
1571 3987 1697 4027 vero
1737 3970 1913 4025 omnia

327 4061 596 4116 adscititia
641 4077 762 4118 esse
803 4063 1142 4128 arbitrantes,
1193 4072 1335 4117 tanta
1380 4063 1503 4118 hinc
1546 4063 1920 4133 contingerent

332 4157 495 4221 bona,
520 4167 716 4226 quanta
742 4158 785 4212 si
816 4173 958 4213 nunc
984 4158 1189 4222 dicam,
1214 4158 1467 4228 jactantis
1495 4173 1643 4212 more
1666 4158 1806 4228 loqui
1837 4157 1919 4211 vi-

330 4249 485 4305 dear.
510 4250 565 4305 Si
591 4252 709 4321 quis
734 4262 910 4305 autem
939 4253 1077 4307 scire
1102 4254 1187 4320 cuj
1209 4252 1301 4319 iat,
1327 4268 1389 4307 ex
1416 4252 1574 4306 rebus
1600 4252 1728 4321 ipsis
1757 4251 1923 4322 probe

332 4349 646 4412 cognoscet,
693 4342 1044 4413 ingentesque
1090 4344 1244 4398 nobis
1281 4344 1479 4413 gratias
1520 4343 1758 4408 habebit,
1808 4344 1925 4398 lon-

334 4451 508 4510 geque
535 4436 764 4506 majores
793 4436 922 4504 Deo,
946 4452 1066 4491 cum
1093 4437 1283 4492 viderit
1301 4436 1464 4491 vitam
1488 4437 1632 4491 illam
1653 4437 1924 4491 cmlestem

338 4530 392 4583 in
427 4538 568 4584 terra
596 4530 1006 4600 germinantem,
1030 4528 1435 4600 doctrinamque
1465 4529 1531 4585 de
1553 4529 1742 4584 futuris
1770 4529 1925 4587 bonis

339 4636 405 4675 ac
450 4619 518 4676 de
561 4620 953 4676 resurrectione
995 4620 1079 4675 vel
1116 4620 1258 4691 apud
1303 4621 1447 4690 ipsos
1493 4619 1734 4674 inﬁdeles
1783 4618 1929 4676 obti-

340 4722 558 4771 nentcm
567 4754 580 4768 .

418 4807 505 4863 l9.
538 4806 689 4877 Quod
714 4814 890 4862 autem
915 4806 1027 4862 haec
1055 4805 1444 4876 nonjaetantiae
1466 4805 1627 4862 verba
1649 4805 1776 4870 sint,
1802 4803 1931 4862 inde

346 4898 606 4969 liquidum
650 4908 766 4965 est,
809 4897 952 4969 quod
993 4914 1113 4951 cum
1145 4897 1274 4967 ipsis
1303 4897 1463 4952 vitam
1504 4911 1726 4963 eorum,
1756 4897 1847 4968 qui
1875 4897 1933 4952 in

345 4990 577 5046 desertis
606 4999 909 5058 versantur,
952 5004 1298 5057 enarramus,
1346 4989 1414 5043 ad
1457 4988 1573 5044 hate
1618 4988 1747 5043 nihil
1792 4987 1934 5059 quod

348 5084 604 5154 objiciunt
624 5082 838 5148 habent,
869 5081 961 5137 sed
984 5082 1188 5138 fortiter
1213 5089 1511 5152 repugnant
1536 5089 1591 5136 et
1610 5079 1937 5135 contendunt

349 5178 492 5232 circa
518 5175 840 5247 paucitatem
863 5190 1067 5242 eorum,
1092 5175 1179 5245 qui
1208 5175 1278 5228 ita
1303 5173 1536 5244 perfecte
1558 5188 1616 5229 se
1639 5183 1848 5244 gerunt.
1877 5172 1934 5229 Si

351 5284 481 5323 vero
526 5269 578 5323 iu
619 5267 839 5324 urbibus
883 5267 1025 5322 hunc
1052 5266 1283 5321 fructum
1323 5281 1660 5333 sereremus,
1694 5265 1941 5335 bonaque

350 5362 637 5434 disciplina
666 5372 721 5418 et
738 5363 908 5432 legem
930 5372 984 5418 et
1011 5362 1217 5417 initium
1238 5362 1525 5431 acciperet,
1552 5360 1794 5430 ﬁliosque
1816 5369 1942 5416 ante

353 5456 534 5511 omnia
560 5470 903 5511 maneremus
928 5466 988 5510 ut
1014 5455 1127 5511 Deo
1165 5454 1322 5508 amici
1355 5452 1576 5519 ﬁerent,
1609 5452 1943 5521 spirituales-

353 5565 461 5619 que
481 5547 792 5618 disciplinas
822 5547 937 5602 vice
958 5545 1195 5600 onmium
1221 5552 1275 5600 et
1293 5553 1417 5599 ante
1436 5557 1624 5597 omnes
1643 5542 1776 5596 alias
1802 5542 1945 5612 ipsos

355 5643 710 5706 duceremus,
755 5641 926 5696 tristia
972 5649 1161 5695 cuncta
1205 5637 1588 5703 abscederent,
1623 5636 1949 5690 innumeris-

358 5751 465 5809 que
490 5734 647 5789 malis
670 5734 779 5788 vita
804 5749 1045 5805 praesens
1069 5729 1385 5802 eriperetur,
1413 5746 1475 5786 ac
1494 5729 1635 5801 quod
1668 5728 1738 5784 de
1775 5727 1951 5783 futura

362 5832 582 5901 dicitur,
611 5844 805 5902 nempe
833 5827 1100 5900 aufugisse
1124 5826 1383 5896 dolorem,
1417 5824 1684 5883 tristitiam
1706 5831 1759 5881 ct
1780 5821 1949 5893 gemi-

1029 373 1388 432 ADVERSUS
1422 374 1970 435 OPPUGNATORES
2008 378 2194 436 VITAE
2230 379 2525 438 MONAST.
2565 380 2695 437 LIB.
2736 380 2825 437 lll.

3449 387 3555 443 382

1971 497 2082 547 tum
2101 533 2119 559 ,
2149 492 2272 553 hinc
2298 494 2482 565 utique
2516 508 2968 564 consequeremur
2988 510 3196 552 omnes.
3222 496 3355 553 Nam
3379 500 3423 554 si
3450 517 3549 556 nec

1971 583 2351 653 pecuniarum,
2396 600 2495 642 nec
2533 586 2705 643 inanis
2732 587 2915 657 glorite
2937 587 3130 656 cupido
3171 605 3270 644 nos
3311 599 3515 647 teneret

1971 690 2146 745 neque
2175 685 2399 731 mortem
2441 677 2747 733 timeremus
2767 719 2783 742 ,
2825 692 3000 748 neque
3024 687 3387 749 paupertatem
3406 719 3423 746 ,
3456 695 3556 735 nec

1888 830 1893 833 τ
1972 781 2239 822 aerumnas
2272 766 2523 822 damnum
2563 767 2969 836 arbitraremur,
3009 768 3105 824 sed
3136 770 3339 825 lucrum
3383 769 3557 824 mani“.

1972 872 2142 923 mum,
2175 871 2282 911 non
2309 858 2606 922 inimicitia,
2636 872 2744 913 non
2772 857 2896 912 odio
2924 860 3168 928 persequi
3198 860 3537 915 novissemus

1975 964 2083 1004 non
2102 950 2330 1020 prepriis
2349 966 2619 1018 umquam,
2638 965 2744 1005 non
2769 951 2956 1007 alienis
2975 952 3138 1006 animi
3158 952 3563 1021 aegritudinibus

1976 1056 2421 1113 expugnaremur,
2455 1041 2551 1098 sed
2594 1043 2881 1099 humanum
2924 1058 3092 1114 genus
3129 1045 3333 1114 angelis
3376 1046 3559 1114 proxi-

1976 1148 2124 1188 mum
2150 1142 2312 1189 esset.
2345 1133 2537 1204 Ecquis
2564 1133 2856 1199 hominum,
2889 1135 3115 1206 inquies,
3145 1136 3283 1190 hanc
3309 1150 3421 1190 rem
3453 1145 3563 1189 tam

1980 1225 2235 1294 prmclare
2260 1225 2464 1294 gessit?
2491 1223 2620 1281 lure
2649 1240 2754 1279 non
2782 1225 2980 1293 credis,
3011 1236 3198 1295 utpote
3220 1227 3310 1296 qui
3337 1225 3389 1278 in
3414 1224 3567 1279 urbi-

1980 1315 2078 1370 bus
2108 1315 2334 1382 habites,
2362 1325 2417 1372 et
2437 1315 2646 1372 divinos
2671 1317 2837 1373 libros
2860 1332 2967 1372 non
2995 1317 3204 1387 legeris.
3228 1315 3379 1382 Quod
3405 1315 3449 1370 si
3471 1330 3566 1369 eos

1982 1406 2074 1476 qui
2104 1407 2155 1460 in
2182 1406 2409 1463 desertis
2438 1415 2739 1473 versantur,
2771 1417 2827 1464 et
2857 1422 2952 1463 eos
2978 1408 3070 1478 qui
3113 1408 3166 1462 in
3205 1406 3577 1477 spiritualibus.

1985 1497 2134 1552 libris
2164 1507 2528 1553 memorantur
2553 1512 2759 1564 nosses,
2791 1498 3068 1555 didicisses
3092 1498 3274 1567 utique
3296 1505 3350 1571 et
3377 1510 3569 1551 mona—

1984 1588 2117 1644 chos
2138 1596 2193 1644 et
2217 1589 2385 1659 prius,
2413 1605 2570 1660 quam
2601 1589 2675 1644 illi
2696 1631 2713 1655 ,
2740 1589 3029 1660 apostolos,
3063 1598 3172 1644 tum
3199 1589 3356 1644 etiam
3372 1586 3569 1657 justus,

1985 1681 2076 1753 qui
2114 1683 2386 1753 apostolos
2425 1688 2848 1751 praecesserunt,
2892 1695 3097 1735 summa
3140 1694 3265 1736 cum
3298 1679 3574 1748 diligentia

1987 1772 2126 1827 hanc
2168 1772 2337 1841 ipsam
2379 1771 2769 1842 philosOphiam
2809 1771 3134 1827 exhibuisse.
3179 1770 3419 1826 Vitanda:
3443 1785 3573 1839 ergo

1988 1863 2098 1919 litis
2124 1878 2318 1930 causa,
2363 1862 2555 1918 demus
2594 1862 2761 1917 ﬁlium
2802 1870 2953 1916 tuum
2976 1860 3212 1917 secundo
3251 1861 3477 1915 tertiove
3504 1860 3579 1913 ab

1991 1954 2096 2016 illis
2121 1954 2288 2027 gradu
2314 1953 2547 2008 futurum
2573 1971 2588 2010 :
2616 1969 2723 2008 non
2742 1953 2946 2023 exiguis
2967 1962 3141 2007 tamen
3167 1950 3372 2007 fruetur
3395 1950 3570 2005 bonis.

1990 2047 2107 2104 Non
2136 2048 2204 2102 ad
2236 2048 2481 2117 Petrum,
2526 2062 2634 2102 non
2679 2047 2744 2101 ad
2774 2046 2996 2101 Paulum
3026 2045 3281 2114 attinget,
3324 2044 3433 2099 imo
3474 2058 3574 2098 nec

1993 2142 2237 2213 proxime
2260 2142 2326 2197 ad
2348 2156 2443 2198 eos
2463 2140 2713 2207 accedet;
2744 2156 2869 2195 num
2896 2139 3018 2194 ideo
3038 2139 3185 2194 illum
3210 2154 3240 2193 a
3263 2136 3583 2207 posterioris

1992 2233 2188 2307 gradus
2214 2234 2417 2294 honore
2442 2233 2802 2303 privabimus?
2832 2231 3063 2301 ldipsum
3090 2230 3222 2286 facis
3244 2228 3362 2285 haec
3396 2227 3578 2300 profe-

1995 2340 2152 2393 rens,
2177 2339 2243 2381 ac
2272 2327 2317 2387 si
2346 2325 2418 2381 ita
2446 2324 2778 2394 loquereris:
2808 2322 2941 2391 Quia
2966 2337 3072 2377 non
3103 2329 3278 2393 potest
3303 2321 3415 2377 ﬁeri
3442 2319 3589 2389 lapis

1996 2419 2263 2491 pretiosus
2282 2457 2301 2484 ,
2328 2426 2542 2475 maneat
2565 2415 2763 2477 ferrum
2783 2455 2800 2483 ,
2830 2429 2929 2472 nec
2961 2423 3240 2487 argentum
3266 2428 3365 2469 nec
3388 2427 3583 2466 aurum

1998 2509 2279 2564 efliciatur.

2071 2597 2195 2653 Non
2238 2614 2407 2652 omnes
2444 2612 2733 2668 supremum
2772 2595 2967 2651 virtutis
3008 2595 3269 2667 fastigium
3302 2610 3585 2664 assequun-

2001 2698 2105 2745 tur.
2134 2717 2207 2729 --
2233 2687 2343 2744 Cur
2367 2688 2421 2743 in
2466 2688 2702 2743 externis
2738 2687 2898 2742 rebus
2929 2702 3033 2742 non
3072 2686 3265 2742 eodem
3293 2686 3456 2740 uteris
3499 2702 3587 2741 ra-

2004 2780 2242 2849 tiocinio,
2278 2780 2376 2837 sed
2402 2795 2619 2850 prorsus
2658 2778 2963 2835 contrario?
2988 2778 3122 2834 Nam
3153 2792 3277 2833 cum
3315 2777 3383 2832 ad
3409 2777 3588 2832 litera-

2002 2891 2120 2932 rum
2142 2875 2475 2945 disciplinam
2503 2874 2688 2937 mittis,
2712 2888 2822 2929 non
2847 2872 2995 2927 illum
3018 2871 3085 2926 ad
3108 2885 3415 2941 supremum
3440 2868 3592 2924 fasti-
3640 2888 3649 2893 ·

2003 2968 2147 3039 gium
2178 2981 2296 3022 esse
2320 2980 2664 3020 ascensurum
2691 2973 2971 3033 exspectas
2991 3004 3007 3030 ,
3044 2976 3143 3017 nec
3168 2972 3346 3019 tamen
3372 2960 3493 3015 ideo
3521 2960 3593 3016 ab

2006 3057 2110 3112 hoe
2146 3057 2322 3113 studio
2369 3056 2633 3122 retrahis,
2680 3055 2775 3111 sed
2804 3055 2985 3108 omnia
3027 3068 3146 3123 qua:
3175 3066 3342 3122 penes
3388 3060 3440 3105 te
3465 3057 3594 3105 sunt

2007 3158 2260 3223 praestas,
2294 3149 2533 3219 satisque
2556 3161 2677 3202 esse
2706 3154 2858 3216 putas
2886 3145 2932 3199 si
2970 3143 3035 3200 ad
3064 3143 3309 3213 quintum
3337 3141 3425 3197 vel
3441 3141 3594 3196 deci-

2010 3259 2155 3299 mum
2181 3258 2212 3297 a
2242 3242 2414 3313 primo
2441 3240 2758 3310 eloquentia:
2796 3237 3019 3308 gradum
3062 3236 3202 3291 ﬁlius
3226 3245 3347 3289 tuus
3385 3234 3591 3302 pertin-

2009 3350 2139 3407 gere
2177 3333 2364 3403 possit.
2406 3330 2645 3400 Cumque
2668 3329 2761 3383 ﬁlii
2787 3328 2951 3384 vestri
2980 3325 3294 3397 imperatori
3325 3325 3592 3390 militant,

2012 3442 2122 3483 non
2146 3439 2360 3493 semper
2379 3423 2444 3478 ad
2470 3421 2840 3494 prtefectorum
2862 3418 3084 3489 gradum
3109 3417 3254 3487 ipsos
3276 3429 3601 3472 ascensurus

2013 3533 2136 3575 esse
2172 3516 2400 3587 putatis,
2441 3528 2541 3571 nec
2580 3523 2754 3567 tamen
2789 3509 2991 3580 jubetis
3013 3508 3282 3578 deponere
3326 3504 3597 3566 balteum,

2016 3625 2187 3680 neque
2216 3608 2283 3663 ad
2312 3607 2473 3677 regia:
2497 3605 2680 3659 limina
2705 3601 2960 3658 accedere
2983 3599 3280 3671 prohibetis
3300 3640 3314 3666 ,
3340 3597 3435 3654 sed
3462 3596 3596 3651 nihil

2018 3721 2124 3759 non
2147 3702 2324 3774 agitis,
2353 3712 2409 3755 ut
2435 3715 2503 3754 ne
2531 3698 2639 3753 illic
2665 3696 2870 3753 versari
2894 3710 3144 3766 umquam
3172 3693 3437 3758 desinant,
3467 3691 3605 3747 satis

2019 3812 2140 3852 esse
2171 3803 2437 3865 putantes,
2468 3793 2513 3847 si
2542 3807 2635 3846 eos
2663 3790 2840 3845 medio
2865 3788 2917 3844 in
2944 3788 3063 3843 loco
3090 3785 3278 3856 positis
3303 3798 3602 3840 connume-

2021 3885 2131 3942 rari
2167 3885 2412 3942 videatis.
2457 3883 2595 3952 Quid
2621 3896 2797 3938 causre
2825 3888 2909 3936 est
2944 3879 3120 3949 igitur,
3148 3876 3291 3947 quod
3331 3875 3440 3930 illic
3479 3873 3605 3944 qui-

2022 3979 2168 4047 dem,
2199 3976 2407 4032 etiamsi
2435 3977 2636 4045 majora
2666 3970 2924 4043 consequi
2953 3985 3061 4025 non
3093 3969 3271 4033 liceat,
3298 3982 3396 4037 pro
3423 3967 3602 4020 mino-

2024 4071 2173 4125 ribus
2201 4078 2381 4123 tamen
2405 4064 2752 4137 assequendis
2778 4063 3062 4128 laboratis,
3095 4060 3195 4116 etsi
3229 4073 3324 4130 pro
3347 4058 3430 4113 his
3465 4072 3609 4127 quo-

2025 4176 2129 4232 que
2154 4175 2278 4230 spes
2303 4160 2373 4213 sit
2396 4158 2553 4213 dubia
2572 4198 2588 4223 ,
2622 4156 2708 4212 hic
2737 4171 2862 4211 vero
2890 4168 3080 4225 segnes
3109 4152 3238 4208 estis
3256 4165 3321 4206 ac
3344 4148 3612 4205 delicitis‘i

2027 4254 2158 4323 Quia
2187 4268 2382 4333 nempe
2420 4252 2634 4307 illorum
2663 4265 2855 4320 magno
2881 4247 3146 4304 desiderio
3184 4244 3478 4308 tenemini,
3511 4243 3614 4296 ho-

2029 4361 2147 4400 rum
2173 4358 2301 4398 vero
2329 4357 2397 4397 ne
2424 4357 2677 4412 perquam
2704 4339 2924 4393 minimo
2949 4356 2962 4392 :
2991 4335 3185 4393 deinde
3211 4335 3337 4405 quia
3363 4334 3416 4389 id
3443 4333 3620 4389 conli-

2033 4438 2133 4494 teri
2160 4435 2507 4500 erubescitis,
2550 4431 2862 4487 occasiones
2886 4437 2942 4485 et
2979 4428 3231 4483 obtentus
3259 4423 3615 4494 excogitatis:

2034 4531 2212 4600 itaque
2239 4528 2284 4584 si
2312 4526 2440 4581 illud
2459 4525 2613 4595 plane
2643 4522 2870 4585 velletis,
2900 4519 3030 4574 nihil
3052 4532 3238 4574 eorum
3271 4515 3425 4573 vobis
3449 4516 3627 4583 impc-

2033 4621 2270 4676 dimcnto
2299 4626 2462 4674 esset;
2491 4615 2567 4670 ita
2594 4614 2735 4669 enim
2762 4627 2849 4667 res
2874 4626 2933 4665 se
2972 4610 3131 4664 habet
3155 4625 3169 4660 :
3199 4607 3246 4664 si
3272 4607 3392 4675 quis
3418 4604 3625 4675 aliquid

2034 4727 2162 4767 vere
2199 4718 2372 4774 amet,
2417 4708 2543 4762 licet
2581 4722 2688 4761 non
2717 4713 2913 4767 totum,
2945 4715 3046 4757 nec
3069 4712 3334 4754 summum
3361 4697 3627 4765 consequi

2036 4805 2226 4877 pessit,
2254 4803 2334 4858 vel
2364 4801 2594 4856 medium
2614 4840 2630 4866 ,
2658 4796 2740 4852 vel
2766 4792 2987 4867 gradum
3011 4792 3174 4848 etiam
3203 4792 3360 4860 longe
3389 4787 3616 4844 inferio-

2037 4908 2152 4953 rem
2184 4893 2423 4950 naucisci
2453 4897 2715 4962 peroptat.
2743 4888 2875 4942 Nam
2899 4887 2991 4957 qui
3017 4885 3141 4939 vino
3162 4892 3219 4940 et
3245 4881 3451 4953 poculis
3472 4879 3626 4934 dedi-

2043 4999 2126 5046 tus
2155 4998 2237 5045 est
2256 5029 2272 5055 ,
2301 4986 2509 5042 etiamsi
2537 4984 2795 5053 Optimum
2822 4990 2877 5036 et
2905 4978 3282 5035 suavissimum
3306 4976 3487 5029 vinum
3532 4976 3630 5027 ha-

2041 5083 2171 5140 bere
2190 5096 2294 5135 non
2322 5078 2519 5145 valeat,
2536 5093 2605 5132 ne
2626 5070 3075 5145 idquidemquod
3097 5070 3254 5124 vilius
3271 5078 3356 5124 est
3377 5081 3630 5136 umquam

2044 5183 2371 5232 contemnet.
2405 5172 2636 5227 Rursum
2661 5184 2884 5231 avarus,
2918 5164 3126 5221 etiamsi
3154 5177 3253 5219 nec
3276 5161 3481 5230 lapides
3512 5176 3633 5229 pre-

2048 5268 2253 5335 tiosos,
2294 5279 2396 5321 nec
2438 5279 2659 5324 aurum,
2687 5259 2783 5315 sed
2826 5265 3104 5329 argentum
3150 5252 3488 5310 solummodo
3516 5250 3636 5320 quis

2049 5361 2314 5433 praebeat,
2356 5371 2593 5414 summas
2636 5354 2711 5408 illi
2737 5353 2936 5423 gratias
2979 5349 3216 5406 habebit.
3246 5347 3395 5403 Talis
3438 5360 3524 5401 res
3552 5353 3637 5399 est

2049 5450 2509 5521 concupiscentia,
2538 5446 2674 5501 adeo
2713 5442 3018 5510 tyrannica,
3064 5448 3124 5494 ut
3150 5438 3235 5503 ei,
3268 5453 3426 5508 quem
3466 5433 3635 5490 semel

2050 5544 2284 5615 ceperit.
2311 5528 2500 5596 omnia.
2526 5539 2631 5610 pati
2661 5544 2716 5593 et
2752 5535 3019 5592 sustinere
3043 5531 3263 5587 suadeat
3288 5547 3303 5584 :
3338 5531 3409 5583 ita
3439 5537 3494 5580 ut
3523 5526 3635 5578 hinc

2053 5636 2246 5701 verba,
2277 5639 2323 5691 sl
2350 5648 2457 5688 non
2491 5630 2740 5688 simulate
2766 5636 2969 5680 tantum
3002 5622 3419 5694 pra-tendantur,
3458 5626 3637 5684 postu-

2055 5725 2166 5784 lent
2192 5733 2249 5780 ut
2273 5724 2392 5795 quis
2414 5729 2735 5792 cooperetur
2770 5727 2825 5774 et
2854 5717 3092 5772 laborem
3136 5712 3310 5767 adeat.
3344 5710 3471 5779 Ejus
3494 5705 3636 5760 enim

2057 5827 2160 5888 est,
2199 5816 2288 5889 qui
2313 5815 2511 5889 aliquid
2537 5812 2883 5882 concupiscit,
2913 5824 3016 5866 non
3060 5802 3321 5876 impedire
3360 5797 3650 5871 quominus
