4124 6144
532 402 643 455 383

536 520 659 582 tiat,
690 515 784 572 sed
812 525 869 571 ut
907 516 998 572 ﬁat
1024 517 1204 573 omnia
1233 518 1431 573 moliri.
1460 516 1672 571 Etenim
1713 516 1802 585 qui
1841 514 1909 570 ad
1932 513 2124 584 Olym-

535 607 653 677 pica
679 608 973 662 certamina
1004 607 1357 674 descendunt,
1386 606 1488 662 etsi
1507 608 1679 663 sciant
1703 622 1864 661 unum
1885 621 1949 661 ex
1975 613 2117 659 tanta

533 697 876 753 multitudine
903 701 1162 754 victorem
1191 699 1327 767 fore,
1360 698 1604 753 laborant
1642 707 1818 754 tamen
1849 706 2009 768 atque
2035 694 2118 749 fa-

534 790 766 858 ligantur
791 808 803 842 :
832 791 1042 845 tametsi
1068 790 1155 846 hic
1172 799 1331 861 atque
1357 791 1461 845 illic
1481 805 1586 845 non
1607 805 1706 860 par
1725 790 1860 845 ratio
1884 797 1987 855 est,
2009 803 2117 842 non

531 881 707 936 solum
740 881 809 937 oh
833 884 1186 938 certaminum
1211 883 1391 949 ﬁnem,
1415 883 1510 938 sed
1534 884 1695 939 etiam
1722 883 1862 953 quod
1891 883 2000 937 illic
2025 896 2121 935 ne-

530 986 686 1027 cesse
708 972 780 1027 sit
807 988 970 1029 unum
998 974 1271 1030 dumtaxat
1312 985 1628 1030 coronatum
1666 975 1813 1031 abire
1832 1017 1848 1041 ,
1879 974 1967 1028 hic
1992 988 2121 1028 vero

532 1063 892 1129 praecellentia
922 1072 978 1119 et
1002 1064 1224 1120 inferior
1247 1066 1485 1121 conditio
1513 1081 1619 1121 non
1660 1066 1712 1121 in
1738 1079 1804 1121 eo
1832 1064 1948 1121 sita:
1973 1064 2081 1119 sint
2099 1104 2115 1130 ,

534 1152 675 1221 quod
703 1154 842 1209 alter
864 1170 970 1210 non
1011 1166 1321 1225 coronatus,
1349 1158 1485 1213 alter
1512 1167 1799 1213 coronatus
1826 1155 2116 1221 abscedat,

534 1244 631 1301 sed
669 1247 810 1316 quod
834 1247 972 1303 alius
995 1249 1411 1318 splendidiorem
1432 1290 1446 1315 ,
1488 1250 1623 1305 alius
1661 1250 1920 1303 minorem
1948 1247 2120 1303 accla-

534 1336 823 1391 mationem
845 1337 1102 1404 obtineat,
1136 1340 1231 1395 sed
1264 1349 1440 1395 tamen
1468 1355 1657 1396 omnes
1680 1341 1990 1395 sortiantur.
2018 1338 2114 1393 De-

536 1430 699 1498 nique
726 1428 771 1482 si
797 1428 1059 1485 vellemus
1081 1446 1110 1485 a
1141 1431 1399 1504 principio
1424 1432 1711 1488 informare
1738 1433 1895 1497 ﬁlios,
1920 1441 1974 1487 et
1996 1430 2123 1487 edu-

535 1532 661 1575 care
683 1520 1020 1591 cupientibus
1041 1523 1271 1588 tradere,
1296 1524 1410 1581 ﬁeri
1436 1540 1565 1581 sane
1586 1534 1768 1596 posset
1790 1525 1919 1579 utin
1949 1523 2120 1593 primo

534 1619 834 1666 castrorum
866 1622 1069 1669 starent
1105 1614 1327 1683 ordine;
1370 1632 1541 1687 neque
1571 1619 1712 1673 enim
1758 1617 1898 1672 Deus
1920 1625 2121 1671 tantam

536 1706 699 1760 animi
738 1706 1098 1775 alacritatem,
1147 1717 1350 1763 tantum
1390 1709 1625 1764 studium
1670 1719 1981 1778 sperneret,
2027 1709 2121 1763 sed

535 1812 752 1851 manum
774 1798 1089 1869 porrigeret,
1122 1798 1443 1870 imaginique
1468 1798 1758 1854 formandae
1781 1814 1997 1869 operam
2021 1798 2121 1853 da-

535 1896 619 1942 ret
647 1905 661 1942 :
688 1887 779 1941 illa
804 1903 932 1943 vero
960 1898 1218 1958 operante
1261 1906 1455 1957 manu,
1504 1891 1618 1946 ﬁeri
1662 1893 1849 1962 nequit
1893 1900 1951 1946 ut
1993 1891 2121 1961 quid

535 1987 806 2047 gestorum
821 1980 1064 2047 excidat;
1093 1982 1201 2036 imo
1218 1981 1333 2037 ﬁeri
1351 1984 1533 2053 nequit
1549 1992 1606 2038 ut
1624 1983 1690 2039 ad
1708 1984 1920 2039 culmen
1943 1985 2124 2055 splen-

536 2070 683 2126 doris
709 2079 763 2126 et
789 2072 972 2143 gloria:
992 2089 1100 2128 non
1129 2076 1487 2144 perveniatur,
1518 2076 1563 2130 si
1591 2076 1751 2130 modo
1772 2092 1855 2143 ea,
1886 2093 2003 2146 qua:
2027 2092 2124 2146 pe-

538 2176 636 2215 nes
657 2177 754 2217 uos
778 2172 921 2230 sunt,
949 2175 1320 2235 sequerentur.
1344 2166 1477 2221 Nam
1493 2167 1536 2221 si
1563 2169 1815 2223 mulieres
1836 2184 1864 2221 a
1889 2170 1997 2223 Deo
2025 2170 2125 2223 im-

538 2262 751 2320 petrare
793 2264 1110 2323 potuerunt;
1157 2266 1212 2311 ut
1237 2258 1337 2312 sibi
1365 2258 1431 2313 ad
1468 2258 1756 2314 liberorum
1798 2275 1980 2314 curam
2011 2261 2130 2331 opi-

539 2343 816 2410 tularetur,
850 2347 1018 2401 multo
1053 2349 1221 2419 magis
1261 2364 1395 2415 nos,
1424 2348 1469 2403 si
1497 2349 1759 2417 velimus,
1789 2349 1840 2404 id
1871 2351 2128 2421 consequi

540 2436 854 2502 poterimus.
887 2439 1034 2494 Alias
1055 2441 1300 2511 quidem,
1330 2456 1399 2496 ne
1424 2441 1635 2512 longius
1661 2452 1910 2497 excurrat
1933 2444 2124 2510 oratio,

541 2529 941 2595 pnetermittam
961 2571 977 2597 ,
1020 2546 1082 2585 ac
1111 2532 1236 2587 licet
1263 2534 1458 2588 multas
1484 2532 1830 2603 proferendus
1863 2532 2088 2590 habeam
2107 2576 2123 2603 ,

540 2634 701 2673 unam
726 2629 931 2676 tantum
955 2626 1412 2681 commemorabo.

610 2709 701 2762 20.
752 2711 914 2765 Annae
941 2722 988 2765 et
1019 2712 1272 2768 Samuelis
1311 2715 1542 2770 historia.
1577 2747 1648 2757 --
1676 2717 1829 2772 Anna
1878 2716 2125 2788 qumtlam

539 2808 677 2864 erat,
705 2798 889 2855 Judma
933 2804 1156 2870 mulier;
1187 2806 1303 2861 hzec
1330 2807 1497 2862 ﬁlium
1524 2810 1731 2878 peperit
1756 2825 1942 2877 unum,
1971 2825 2128 2865 cum-

542 2907 645 2961 que
671 2908 778 2946 non
825 2905 1070 2963 Speraret
1107 2912 1167 2952 se
1205 2899 1365 2953 alium
1409 2901 1698 2969 parituram
1746 2918 1902 2969 esse;
1930 2905 2130 2975 quippe

540 2996 661 3050 qua:
680 2981 819 3038 hunc
841 2984 926 3039 vix
943 2995 1165 3057 postque
1181 2989 1371 3045 multas
1388 2989 1651 3063 lacrymas
1670 2993 1988 3063 peperisset,
2004 3009 2130 3050 nam

541 3074 739 3128 sterilis
782 3084 942 3131 erat:
973 3077 1162 3135 videns
1204 3083 1451 3136 azmulam
1499 3098 1650 3139 suam
1712 3086 1813 3141 sibi
1861 3087 1986 3144 ideo
2023 3088 2133 3145 fre-

541 3173 767 3233 quenter
795 3167 1159 3239 insultantem,
1200 3188 1531 3245 nequaquam
1573 3175 1626 3232 id
1672 3177 1820 3247 fecit,
1850 3179 1992 3250 quod
2035 3196 2133 3237 vos

543 3255 719 3325 agitis,
765 3257 861 3314 sed
904 3272 1209 3332 susceptum
1247 3263 1447 3332 ﬁlium,
1496 3267 1589 3323 illo
1636 3277 1841 3326 tantum
1890 3280 2132 3344 tempore

544 3349 683 3419 apud
728 3366 788 3405 se
816 3352 1055 3421 retinuit,
1098 3371 1207 3426 quo
1252 3373 1476 3416 necesse
1520 3369 1637 3417 erat
1665 3372 1721 3417 ut
1750 3364 2130 3422 ablactaretur.

543 3440 676 3494 Cum
706 3450 881 3498 autem
918 3444 1056 3500 lacte
1084 3449 1312 3518 amplius
1341 3467 1447 3506 non
1487 3462 1689 3523 egeret,
1720 3467 1989 3528 sumptum
2017 3468 2132 3515 sta-

548 3530 640 3584 tim
668 3531 859 3589 obtulit
898 3536 1029 3604 Deo,
1061 3554 1161 3594 nec
1207 3551 1260 3595 ut
1288 3540 1340 3596 in
1371 3552 1647 3613 paternam
1682 3549 1889 3604 veniret
1912 3549 2132 3607 domum

548 3623 753 3691 rogavit
775 3640 1047 3697 umquam,
1074 3631 1170 3685 sed
1193 3646 1407 3703 semper
1429 3636 1481 3691 in
1501 3639 1701 3707 templo
1727 3640 1817 3694 Dei
1837 3641 1926 3696 ille
1950 3656 2133 3697 mora-

549 3714 723 3771 batur.
755 3718 812 3772 δί
838 3721 1051 3789 quando
1077 3722 1222 3777 illum
1251 3725 1430 3781 videre
1456 3738 1697 3799 cuperet,
1727 3738 1911 3801 utpote
1939 3742 2128 3799 mater,

547 3822 656 3863 non
681 3810 939 3867 evocabat
965 3812 1031 3867 ad
1055 3830 1115 3870 se
1145 3830 1389 3885 puerum,
1419 3820 1514 3875 sed
1542 3821 1607 3875 ad
1637 3821 1787 3876 illum
1814 3838 1936 3879 cum
1980 3834 2134 3894 patre

547 3900 890 3970 ascendebat,
921 3905 988 3960 ab
1018 3905 1109 3960 illo
1149 3907 1442 3974 abstinens,
1474 3911 1596 3981 quia
1628 3911 1680 3966 in
1709 3912 1910 3968 donum
1937 3929 2134 3970 conse-

547 4004 728 4049 cratus
754 4005 890 4051 erat.
933 3997 1187 4070 Adeoque
1212 4011 1459 4057 strenuus
1488 4011 1544 4058 et
1577 4018 1799 4074 magnus
1824 4005 2135 4062 adolescens

548 4088 737 4153 evasit,
764 4098 823 4143 ut
869 4089 1033 4144 Deum
1073 4091 1142 4146 ab
1188 4091 1528 4149 Hebraeorum
1556 4105 1717 4166 gente
1761 4097 1832 4152 ob
1870 4097 1975 4153 late
2003 4098 2138 4153 εσυ-

550 4193 664 4232 sam
710 4179 942 4248 ipsorum
988 4183 1277 4251 nequitiam
1318 4199 1587 4255 aversum,
1621 4204 1726 4243 non
1756 4190 1969 4244 oracula
2015 4189 2136 4247 fun-

549 4269 785 4334 dentem,
811 4287 912 4327 nee
931 4273 1188 4328 visionem
1217 4276 1375 4330 ullam
1401 4280 1748 4347 przcbentem,
1766 4296 1859 4351 per
1880 4282 2135 4337 virtutem

551 4378 701 4417 suam
730 4366 1042 4433 attraheret,
1073 4376 1127 4421 et
1155 4367 1465 4438 impetraret
1494 4372 1561 4427 ab
1602 4388 1667 4427 eo
1698 4382 1753 4427 ut
1785 4374 1971 4429 eadem
2019 4375 2136 4445 ipsa

551 4457 812 4525 praeberet
839 4472 957 4527 quae
999 4468 1177 4524 antea,
1208 4470 1263 4515 et
1307 4462 1636 4532 prophetiam
1677 4480 1797 4534 quae
1833 4465 2137 4522 avolaverat

551 4549 875 4606 restitueret.
899 4550 1024 4607 Haec
1047 4564 1221 4609 autem
1243 4556 1435 4625 potuit,
1465 4572 1569 4611 non
1592 4568 1798 4611 matura
1820 4559 1929 4628 jam
1954 4569 2130 4629 aetate,

551 4641 644 4696 sed
686 4659 808 4698 cum
845 4645 1019 4701 adhuc
1068 4648 1317 4716 puerulus
1344 4657 1487 4704 esset
1515 4666 1528 4703 :
1563 4648 1686 4704 Non
1713 4651 1847 4704 enim
1886 4661 2022 4717 erat,
2054 4651 2138 4706 itt-

550 4738 684 4805 quit,
711 4738 835 4791 uisio
854 4738 1186 4809 distinguens,
1212 4748 1259 4793 et
1280 4741 1482 4794 verbum
1498 4742 1767 4811 pretiosum
1792 4752 1899 4796 erat
1920 4743 1987 4814 (1.
2003 4742 2133 4815 Reg.

554 4831 606 4882 5.
639 4828 713 4901 l).
751 4832 995 4884 Attamen
1023 4832 1124 4886 hoc
1155 4832 1204 4885 in
1223 4847 1404 4887 rerum
1426 4834 1749 4899 statu,Deus
1774 4835 1848 4890 illi
1881 4834 2135 4907 frequen-

555 4933 636 4976 ter
676 4924 888 4977 oracula
934 4923 1209 4979 reddebat.
1242 4924 1473 4981 Tantum
1502 4929 1709 4983 confert
1734 4929 2083 4986 emolumenti
2116 4971 2133 4999 ,

557 5014 662 5068 Deo
690 5028 902 5083 semper
927 5030 1046 5084 qua:
1083 5016 1419 5087 possidemus
1444 5021 1762 5088 concedere,
1792 5031 1846 5078 ct
1870 5037 1899 5076 a
1931 5025 2137 5080 cunctis

555 5106 861 5175 abscedere,
907 5122 1013 5163 non
1038 5123 1068 5163 a
1095 5110 1336 5179 pecuniis
1379 5118 1583 5166 tantum
1624 5122 1679 5168 et
1713 5128 1742 5166 a
1789 5116 2139 5182 possessioni-

557 5198 674 5266 bus,
700 5198 797 5254 sed
832 5199 900 5254 ab
942 5199 1070 5270 ipsis
1110 5200 1251 5255 ﬁliis.
1283 5200 1413 5255 Nam
1442 5202 1487 5255 si
1530 5202 1632 5257 hoc
1656 5203 1708 5257 in
1734 5204 1911 5258 anima
1955 5215 2135 5259 nostra

557 5287 728 5344 facere
748 5288 1017 5358 jubemur,
1049 5290 1216 5344 multo
1257 5292 1424 5361 magis
1453 5292 1505 5345 in
1535 5292 1744 5347 caeteris
1785 5294 2051 5350 omnibus.
2083 5295 2136 5350 Id

556 5380 751 5450 quippe
774 5381 1043 5436 Abraham
1065 5382 1362 5451 patriarcha
1384 5382 1528 5448 fecit,
1559 5385 1665 5438 imo
1684 5384 1955 5456 quidpiam
1973 5388 2137 5441 multo

556 5473 726 5541 majus
750 5487 772 5526 ':
803 5472 924 5528 ideo
951 5489 1071 5528 cum
1100 5474 1257 5545 longe
1286 5475 1474 5545 majori
1518 5474 1686 5546 gloria
1718 5476 1882 5532 lilium
1911 5480 2132 5548 recepit.

555 5565 703 5619 'func
729 5564 872 5619 enim
903 5565 1134 5620 maxime
1162 5564 1300 5620 ﬁlios
1330 5565 1585 5621 habemus
1610 5575 1841 5634 nostros,
1870 5584 1989 5623 cum
2018 5571 2135 5624 illos

558 5657 782 5711 Domino
841 5656 1118 5712 tradimus.
1173 5656 1357 5728 Longe
1404 5658 1600 5728 quippe
1655 5659 1847 5715 melius
1901 5660 1965 5713 iis
2014 5661 2133 5727 ille,

553 5766 711 5820 quam
758 5766 875 5816 nos,
928 5749 1161 5820 prtem-it,
1206 5752 1329 5820 quia
1382 5752 1642 5821 majorem
1691 5752 1902 5807 illorum
1953 5767 2136 5808 curam

554 5842 707 5910 gerit.
752 5842 938 5900 Nonne
982 5840 1033 5896 id
1072 5840 1260 5898 videtis
1297 5843 1354 5898 i.t
1383 5840 1604 5900 divitum
1643 5858 1855 5915 quoque
1890 5842 2137 5901 domibus

1277 399 1337 455 S.
1377 398 1654 455 JOANNIS
1693 393 2166 457 CIIRXSOSTOMI
2204 391 2522 451 ARClllEP.
2563 394 3104 454 CONSTANTINOP.

3711 390 3815 445 2’84

2225 508 2389 564 fieri?
2418 492 2629 566 Etenim
2669 512 2743 567 ibi
2783 526 2898 578 eos,
2926 512 3017 582 qui
3062 510 3245 567 inﬁmo
3280 510 3397 564 loco
3426 522 3547 561 cum
3577 507 3821 576 patribus

2222 610 2517 668 morantur,
2566 619 2673 659 non
2715 618 2883 675 usque
2928 603 3065 658 adeo
3108 603 3348 659 illustres
3389 602 3592 666 videas,
3641 614 3820 668 neque

2222 701 2367 748 tanta
2411 702 2675 763 potestate
2705 696 2955 765 prmditos
2984 710 3002 750 :
3033 696 3068 749 ii
3097 703 3297 760 autem,
3338 709 3474 765 quos
3500 692 3704 749 domini
3730 692 3818 748 sui

2219 800 2253 841 δ
2279 788 2587 856 parentibus
2615 787 2970 855 abduxerunt,
3013 802 3217 856 suoque
3247 787 3543 841 ministerio
3583 786 3816 855 deputa-

2222 886 2346 932 runt
2388 876 2805 949 facultatumque
2847 878 3102 934 custodes
3142 878 3528 932 constituerunt
3553 920 3568 944 ,
3623 877 3817 948 majori

2221 966 2557 1025 dominorum
2600 970 2971 1025 benevolentia
3016 970 3326 1039 potiuntur,
3373 970 3464 1024 fidi
3507 969 3815 1037 habentur,

2222 1068 2474 1131 tantoque
2527 1064 2802 1118 conservis
2852 1063 3107 1118 clariores
3151 1070 3313 1126 sunt,
3361 1072 3561 1134 quanto
3609 1063 3817 1119 domini

2220 1152 2547 1210 domesticis.
2594 1154 2749 1223 Quod
2789 1155 2835 1211 si
2884 1154 3130 1209 homines
3177 1155 3451 1210 ministros
3495 1168 3621 1209 suos
3667 1164 3817 1209 tanta

2223 1244 2549 1314 benignitate
2576 1255 2628 1300 et
2655 1245 3024 1301 benevolentia
3052 1254 3467 1315 prosequuntur,
3503 1246 3671 1300 multo
3701 1261 3821 1300 ma-

2221 1337 2303 1406 gis
2346 1336 2551 1391 inﬁnita
2600 1337 2690 1391 illa
2738 1338 2978 1405 bonitas,
3011 1338 3172 1393 Deus.
3217 1338 3467 1393 Sinamus
3498 1336 3655 1408 igitur
3696 1338 3822 1393 illos

2223 1426 2557 1494 ministrare,
2604 1444 2710 1482 non
2741 1428 2793 1482 in
2843 1428 3103 1498 templum
3147 1426 3476 1483 adducentes
3506 1438 3563 1482 ut
3588 1428 3819 1484 Samue-

2224 1519 2350 1586 lem,
2378 1519 2473 1575 sed
2500 1520 2553 1574 in
2580 1520 2749 1591 ipsum
2777 1519 2972 1575 czrlum
2995 1535 3117 1575 eum
3144 1520 3348 1591 angelis
3367 1528 3563 1575 etcum
3589 1522 3823 1575 archan-

2223 1611 2378 1680 gelis.
2407 1611 2561 1678 Quod
2590 1613 2733 1667 enim
2781 1627 2905 1667 cum
2936 1611 3041 1667 illis
3082 1612 3435 1667 ministraturi
3465 1612 3574 1666 sint
3598 1622 3652 1667 et
3697 1627 3817 1668 ser-

2226 1706 2383 1760 vituri
2413 1707 2470 1772 ii,
2501 1705 2590 1777 qui
2616 1706 2757 1763 hanc
2799 1706 3191 1777 philosophiam
3220 1714 3594 1776 susceperunt;
3626 1707 3822 1776 cuique

2226 1797 2401 1867 palam
2445 1806 2529 1853 est
2556 1814 2571 1853 :
2600 1799 2692 1853 ubi
2737 1814 2844 1853 non
2891 1798 2991 1853 sibi
3038 1806 3275 1863 tantum,
3321 1796 3421 1853 sed
3462 1796 3616 1852 vobis
3659 1798 3819 1853 etiam

2228 1889 2416 1960 majori
2444 1904 2565 1946 cum
2595 1891 2788 1946 ﬁducia
2824 1892 3169 1961 pr05picient.
3202 1889 3337 1946 Nam
3380 1890 3426 1944 si
3456 1889 3676 1961 quidam
3724 1905 3821 1960 pa-

2228 1991 2438 2037 rentum
2490 1983 2658 2053 gratia
2711 1985 2967 2039 nonnulla
3017 1983 3386 2039 consolatione
3444 1984 3596 2054 potiti
3660 1993 3821 2051 sunt,

2229 2075 2399 2130 multo
2430 2076 2479 2129 id
2509 2076 2678 2146 magis
2699 2075 2923 2130 ﬁliorum
2948 2090 3106 2130 causa
3131 2084 3379 2144 parentes
3403 2083 3820 2144 consequentur.

2232 2166 2341 2222 Illic
2365 2169 2506 2223 enim
2539 2178 2747 2223 natura:
2791 2176 2993 2222 tantam
3018 2166 3106 2237 jus
3134 2166 3340 2233 aderat,
3368 2165 3457 2220 hic
3481 2165 3645 2220 etiam
3688 2166 3824 2220 edu-

2229 2260 2475 2327 cationis,
2507 2260 2649 2331 quod
2694 2260 2863 2315 multo
2909 2258 3082 2329 majus
3106 2260 3228 2328 jure
3271 2265 3475 2312 natura:
3506 2266 3608 2312 est.
3650 2258 3827 2328 Atque

2231 2355 2334 2410 hoc
2360 2355 2511 2410 vobis
2534 2364 2818 2425 utrumque
2840 2368 2910 2408 ex
2931 2352 3125 2407 divinis
3150 2350 3440 2421 Scripturis
3465 2351 3820 2406 conﬁrmabo.

2231 2444 2518 2501 Ezechiam
2545 2447 2688 2501 enim
2718 2447 2916 2500 virtute
2945 2444 3249 2514 pietateque
3293 2441 3573 2513 praeditum
3604 2442 3782 2497 virum
3808 2484 3826 2510 ,

2231 2552 2354 2592 cum
2382 2546 2588 2592 tantam
2615 2552 2679 2593 ex
2707 2537 2867 2592 rebus
2890 2536 3056 2607 gestis
3083 2534 3329 2590 ﬁduciam
3358 2549 3465 2589 non
3492 2532 3741 2604 haberet,
3771 2547 3829 2590 ut

2231 2638 2413 2699 posset
2451 2635 2634 2683 contra
2667 2637 2772 2682 tam
2818 2628 3005 2698 ingens
3049 2626 3342 2697 periculum
3388 2625 3708 2693 consistere,
3757 2626 3829 2680 ob

2234 2724 2401 2792 patris
2430 2721 2675 2776 virtutem
2704 2729 3039 2776 servaturum
3070 2733 3128 2774 se
3158 2718 3288 2774 dicit
3311 2718 3450 2774 Deus
3481 2736 3495 2773 :
3526 2716 3825 2791 Protegam,

2231 2812 2436 2884 inquit,
2469 2813 2717 2865 civitatem
2758 2811 2911 2877 hanc,
2948 2820 3005 2865 ut
3043 2825 3233 2865 servem
3258 2826 3370 2864 eam
3414 2818 3621 2880 propter
3655 2826 3754 2877 me,
3781 2821 3830 2863 et

2233 2915 2439 2978 propter
2463 2905 2629 2959 David
2669 2918 2883 2973 puerum
2909 2920 3075 2958 meum
3101 2904 3181 2974 (4.
3208 2901 3337 2974 Reg.
3370 2902 3459 2959 l9.
3486 2903 3597 2974 ⁸54).
3630 2901 3830 2958 Paulus

2232 3008 2410 3054 autem
2459 2999 2527 3054 de
2586 2998 2892 3069 parentibus
2943 2996 3226 3051 Timotheo
3274 2994 3517 3050 scribens
3573 2995 3828 3052 diccbat:

2236 3090 2581 3147 Salvabuntur
2618 3100 2783 3145 autem
2829 3106 2919 3157 per
2946 3090 3169 3159 ﬁliorum
3205 3089 3597 3160 generationem,
3636 3088 3681 3144 si
3708 3106 3828 3161 per-

2234 3185 2510 3240 manserint
2554 3185 2608 3239 in
2635 3183 2756 3253 ﬁde,
2799 3193 2846 3238 et
2884 3183 3173 3249 dilectione,
3210 3191 3259 3236 et
3288 3182 3689 3251 sanctiﬁcatione
3712 3198 3830 3236 cum

2234 3277 2499 3334 sobrietate
2525 3276 2602 3346 (l.
2635 3274 2766 3330 Tim.
2796 3275 2853 3330 2.
2886 3275 2998 3347 15).
3024 3273 3126 3330 Job
3151 3289 3384 3345 quoque,
3408 3284 3464 3328 ut
3485 3289 3548 3329 ex
3580 3273 3698 3328 aliis
3716 3273 3834 3328 lau-

2233 3368 2377 3425 davit
2404 3369 2699 3438 Scriptura,
2732 3383 2927 3438 nempe
2951 3365 3091 3437 quod
3117 3366 3314 3437 justus,
3347 3381 3506 3421 verax
3535 3373 3591 3419 et
3615 3365 3834 3436 religio-

2234 3478 2328 3518 sus
2367 3477 2491 3532 erga
2520 3462 2689 3517 Deum
2734 3468 2901 3529 esset,
2950 3462 3030 3516 sic
3072 3459 3231 3515 etiam
3274 3473 3339 3514 ex
3378 3456 3607 3512 ﬁliorum
3649 3473 3780 3511 cura
3814 3476 3829 3511 :

2235 3570 2354 3626 qua:
2382 3554 2434 3610 in
2463 3555 2563 3609 hoc
2587 3546 2691 3609 sita
2718 3562 2855 3621 erat,
2887 3568 2991 3607 non
3019 3550 3160 3622 quod
3186 3565 3374 3605 aurum
3396 3550 3526 3619 ipsis
3545 3564 3836 3605 coacerva-

2234 3654 2339 3711 ret,
2368 3660 2473 3700 n0n
2500 3644 2640 3715 quod
2668 3643 2930 3714 gloriosos
2958 3651 3012 3699 et
3056 3642 3292 3697 illuSIres
3319 3638 3552 3703 faceret;
3604 3639 3696 3694 sed
3725 3654 3829 3709 qna

2236 3736 2291 3794 in
2327 3740 2429 3794 re?
2457 3737 2594 3792 Audi
2639 3736 2967 3805 Scripturam
3006 3735 3270 3790 dicentem
3300 3751 3315 3788 :
3345 3732 3471 3787 Cum
3500 3732 3836 3787 consummati

2236 3845 2399 3883 essent
2417 3828 2522 3881 dies
2547 3827 2757 3883 convivii
2780 3826 3005 3889 illorum,
3040 3826 3264 3879 mittebat
3294 3823 3414 3892 Job,
3444 3834 3491 3879 et
3529 3823 3836 3895 puriﬁcabat

2236 3934 2341 3985 eos,
2372 3933 2677 3990 surgensque
2719 3932 2867 3970 mane
2890 3913 3129 3983 offerebat
3159 3931 3251 3984 pro
3275 3914 3378 3969 illis
3419 3914 3727 3984 sacriﬁcium
3750 3932 3834 3969 se-

2236 4010 2457 4064 cundum
2488 4025 2750 4064 numerum
2773 4025 2965 4075 eorum,
2994 4017 3040 4061 et
3067 4007 3280 4061 vitulum
3300 4024 3456 4060 unum
3487 4023 3578 4077 pro
3604 4016 3833 4076 peccato,

2239 4119 2332 4172 pro
2361 4103 2625 4157 animabus
2671 4118 2864 4156 eorum.
2905 4098 3115 4153 Dicebat
3142 4100 3274 4153 enim
3301 4099 3402 4153 Job
3446 4099 3498 4152 in
3528 4097 3679 4151 corde
3717 4114 3834 4163 suo,

2239 4193 2324 4250 Ne
2343 4197 2474 4267 forte
2502 4195 2598 4264 ﬁlii
2622 4195 2717 4249 mei
2744 4194 2796 4248 in
2824 4204 2986 4248 mente
3014 4210 3107 4249 sua
3144 4193 3277 4246 male
3302 4191 3630 4263 cogitaverint
3655 4193 3836 4246 adrer-

2237 4304 2325 4343 sus
2347 4287 2510 4341 Deum
2539 4286 2657 4359 (Job
2686 4288 2739 4343 l.
2769 4285 2850 4358 5).
2898 4286 3032 4341 Num
3059 4300 3161 4355 qua
3188 4283 3340 4339 vobis
3362 4284 3466 4339 erit
3492 4283 3704 4338 demum
3742 4298 3839 4339 ex-

2238 4378 2461 4445 cusatio,
2496 4377 2619 4432 talia
2657 4376 3019 4431 audentibus?
3042 4375 3176 4431 Nam
3214 4376 3260 4431 si
3295 4375 3403 4443 ille,
3433 4375 3522 4445 qui
3564 4383 3688 4430 ante
3714 4390 3837 4445 gra-

2238 4472 2387 4541 tiam,
2418 4480 2540 4525 aute
2566 4471 2760 4542 legem,
2793 4471 2881 4541 qui
2910 4469 3053 4525 nulla
3075 4469 3307 4525 imbutus
3333 4467 3507 4523 fuerat
3527 4467 3833 4538 disciplina,

2240 4570 2438 4616 tantam
2466 4561 2693 4616 ﬁliorum
2722 4575 2904 4617 curam
2944 4560 3190 4628 gesserit,
3221 4567 3279 4613 ut
3304 4574 3401 4629 pro
3425 4557 3649 4615 occultis
3674 4559 3835 4614 etiam

2239 4652 2472 4723 peccatis
2502 4660 2756 4708 tremeret
2788 4669 2802 4707 :
2833 4652 2955 4723 quis
2985 4667 3083 4707 nos
3123 4659 3477 4706 excusaturus
3522 4658 3627 4717 est,
3660 4652 3750 4721 qui
3782 4651 3834 4705 in

2238 4746 2408 4816 gratia
2460 4760 2683 4812 sumus,
2733 4745 2823 4816 qui
2874 4753 2952 4800 tot
3001 4743 3251 4799 doctores
3298 4743 3441 4798 nacti
3485 4757 3703 4809 sumus,
3760 4752 3836 4798 tot

2239 4836 2486 4907 exempla
2517 4838 2796 4904 habentes,
2845 4844 2925 4893 tot
2955 4835 3369 4900 admonitiones,
3400 4834 3491 4906 qui
3522 4850 3629 4889 non
3673 4835 3835 4890 modo

2239 4943 2337 4998 pro
2363 4929 2581 4984 incertis
2602 4943 2704 4983 nou
2740 4929 3007 4997 timemus,
3040 4927 3136 4983 sed
3176 4927 3336 4982 etiam
3361 4934 3505 4981 certa
3532 4928 3836 4981 contemni-

2241 5034 2380 5088 mus,
2429 5034 2530 5075 nec
2572 5021 2965 5076 contemnimus
3014 5028 3241 5085 tantum,
3290 5018 3384 5075 sed
3438 5033 3536 5074 eos
3577 5020 3668 5089 qui
3722 5019 3836 5073 ha-c

2239 5114 2525 5169 emendare
2541 5115 2725 5169 volunt
2752 5113 3030 5184 pellimus?
3058 5112 3325 5168 Abraham
3347 5127 3580 5183 quoque,
3608 5123 3668 5167 ut
3686 5111 3837 5182 prius

2240 5205 2377 5272 dixi,
2408 5220 2529 5260 cum
2558 5204 2678 5261 aliis
2716 5206 2972 5274 przeclare
3004 5206 3192 5276 gestis,
3222 5204 3326 5261 hoc
3352 5219 3568 5278 quoque
3591 5203 3831 5275 splendi-

2241 5298 2366 5353 dum
2400 5297 2601 5353 facinus
2631 5296 2818 5353 edidit.

2310 5388 2400 5443 ‘21.
2430 5388 2720 5445 Coltortatio
2744 5389 2811 5441 ad
2837 5396 3065 5458 parentes
3085 5429 3100 5454 ,
3122 5397 3177 5441 ut
3203 5386 3339 5455 ﬁlios
3376 5387 3446 5440 ad
3483 5386 3720 5458 pietatem
3749 5388 3833 5441 in~

2243 5485 2477 5552 for-ment.
2505 5510 2576 5521 —
2601 5479 2767 5534 Tanta
2799 5480 2957 5549 igitur
2979 5480 3222 5549 exempla
3262 5479 3519 5535 habentes
3538 5522 3555 5546 ,
3585 5495 3837 5549 paremus

2246 5575 2355 5626 Duo
2383 5571 2609 5627 famulos
2629 5612 2643 5638 ,
2673 5570 3035 5648 probatusque
3064 5571 3355 5625 ministros.
3383 5568 3516 5624 Nam
3556 5571 3601 5624 si
3634 5570 3678 5624 is
3702 5613 3716 5635 ,
3746 5571 3835 5640 qui

2243 5662 2469 5716 athletas
2496 5660 2797 5716 civitatibus
2834 5659 2948 5725 alit,
2981 5659 3287 5728 militesque
3312 5660 3423 5730 regi
3438 5668 3693 5724 exercet,
3724 5676 3837 5713 ma-

2242 5769 2348 5824 gno
2372 5752 2658 5809 donabitur
2686 5752 2911 5818 honore,
2940 5759 3199 5821 quantum
3229 5766 3325 5807 nos
3344 5750 3544 5805 donum
3569 5758 3829 5820 acceptu-

2252 5859 2341 5900 ros
2369 5857 2488 5900 esse
2514 5858 2610 5915 par
2637 5852 2741 5910 eSt,
2772 5842 2862 5915 qui
2884 5848 2993 5899 tam
3021 5850 3291 5911 strenuos,
3318 5850 3492 5898 tantos
3528 5840 3673 5899 viros
3728 5840 3839 5897 imo
