4124 6144
460 280 564 336 εδει

460 414 532 468 στρ
544 395 811 465 ἀττωμεν.
837 393 977 448 ὥστε
999 395 1183 457 αὐτοῖς
1204 394 1424 463 ἀφεῖναι
1446 394 1537 448 τὸν
1560 396 1657 465 τῆς
1680 397 1959 463 εὐσεϐείας
1982 401 2147 455 πλοῦ-

456 501 576 545 τον,
607 484 699 536 τὸν
733 483 987 553 μένοντα,
1017 482 1108 535 καὶ
1138 482 1643 554 συναποδημοῦντα,
1669 487 1764 539 καλ⁵
1789 488 1890 541 οὐκ
1913 489 2148 544 ἐνταῦθα

460 574 648 643 μόνον,
673 572 810 625 ἀλλά
853 572 947 625 καὶ
974 573 1090 625 ἐκεῖ
1120 570 1353 642 μέγιστα
1387 572 1578 643 ὀνῆσαι
1607 574 1924 646 δυνάμενον.
1957 579 2014 632 Ὀ
2047 579 2147 650 μὲν

463 662 573 732 γὰρ
620 661 873 730 βιωτικὸς
931 659 1054 714 οὔτε
1089 661 1630 732 συμμεταστήσεται,
1676 666 1770 718 καὶ
1816 664 2048 720 ἐνταῦθα
2090 667 2148 720 δὲ

464 749 880 818 προαπολεῖται,
918 748 1169 812 καὶτοὺς
1214 748 1438 819 ἔχοντας
1481 750 1746 817 πολλάκις
1781 753 2144 825 προσαπολείδ

460 831 619 899 οὗτος
657 836 716 888 δέ
741 836 837 888 καὶ
874 835 1103 890 ἐνταῦθα
1157 837 1317 890 κάκεῖ
1344 836 1561 907 βέϐαιος
1601 837 1786 900 ἐσται,
1826 841 1922 894 καὶ
1959 840 2149 912 διατη-

457 924 624 994 ρήσει
658 924 798 993 μετά
824 924 1026 992 πολλῆς
1063 924 1361 995 ἀσφαλείας
1387 927 1512 989 τοὺς
1559 928 1930 998 κεκτημένους
1964 929 2145 982 αὐτόν.

463 1012 576 1066 Καὶ
628 1013 735 1083 γὰρ
763 1011 937 1076 οὕτως
972 1013 1087 1083 ἔχει
1109 1029 1120 1040 ·
1159 1015 1188 1067 ὁ
1218 1013 1317 1085 μὲν
1341 1013 1409 1067 τά
1443 1016 1501 1067 ἐν
1527 1017 1593 1084 τῇ
1629 1017 1700 1085 γῇ
1731 1015 2013 1086 προτιμῶν
2038 1015 2149 1070 τῶν

464 1100 884 1171 πνευματικῶν,
922 1101 1199 1154 κάκείνων
1246 1104 1557 1155 ἐκπεσεῖται
1594 1103 1689 1155 καὶ
1733 1103 1966 1157 τούτων’
2009 1106 2038 1157 ό
2092 1103 2151 1157 δὲ

463 1188 574 1243 τῶν
597 1189 866 1260 οὐρανίων
903 1188 1207 1259 ἐπιθυμῶν,
1226 1189 1453 1244 καὶτῶν
1484 1190 1577 1244 ἐπὶ
1600 1193 1704 1261 γῆς
1731 1188 1982 1257 τεύξεται
2012 1192 2152 1246 πάν-

462 1293 597 1343 τως.
646 1278 761 1331 οὐκ
813 1276 943 1347 ἐμὸς
976 1270 1126 1342 οὗτος
1185 1280 1214 1331 ὀ
1249 1277 1447 1345 λόγος,
1484 1278 1598 1332 ἀλλ’
1626 1278 1793 1334 αὐτοῦ
1833 1279 1927 1333 τοῦ
1977 1279 2151 1334 ταῦτα

467 1368 772 1436 παρασχεῖν
794 1365 1078 1436 μέλλοντος
1097 1367 1305 1438 Κυρίου
1329 1379 1379 1420 ﬁ.
1410 1365 1653 1436 Ζητεῖτε
1679 1367 1816 1440 γὰρ,
1839 1369 1993 1440 φησὶ,
2035 1366 2153 1435 τὴν

461 1454 796 1517 βασιλείαν
840 1455 955 1508 τοῦ
990 1456 1174 1519 Θεοῦ,
1202 1455 1302 1509 καὶ
1342 1455 1535 1510 ταῦτα
1588 1455 1787 1510 πάντα
1818 1455 2150 1525 προστεθήσ-

456 1556 640 1595 ισεται
698 1541 862 1611 ὑμῖν.
913 1542 980 1596 Τί
1023 1542 1229 1615 ταύτης
1267 1545 1381 1598 ἴσον
1435 1543 1628 1612 γένοιτ’
1681 1542 1751 1598 ἂν
1801 1546 1900 1614 τῆς
1951 1545 2149 1615 τιμῆς;

467 1629 749 1701 Φρόντιζε,
783 1630 970 1700 φησὶν,
1004 1632 1145 1702 ὑπὲρ
1171 1632 1282 1686 τῶν
1325 1633 1730 1703 πνευματικῶν,
1758 1633 1885 1702 ἐμοὶ
1926 1633 1984 1686 δὲ
2015 1634 2154 1704 ἄφες

466 1718 651 1772 πάντα
674 1717 745 1771 τά
768 1717 857 1772 σά.
877 1719 1088 1789 ’Ὠσπερ
1116 1719 1185 1773 ἂν
1212 1720 1372 1785 εἴτις
1405 1721 1588 1793 πατὴρ
1609 1721 1958 1792 φιλόστοργος
1976 1722 2154 1786 οἰκίας

470 1806 792 1877 ἐπιμέλειαν
852 1806 949 1860 καὶ
996 1806 1224 1860 οἰκετῶν
1278 1808 1616 1880 προστασίαν
1674 1810 1768 1863 καὶ
1823 1810 1931 1864 τῶν
1979 1810 2154 1864 ἄλλων

469 1894 728 1948 ἁπάντων
761 1893 1212 1969 μεταχειρίζοιτο,
1244 1895 1323 1966 τῷ
1353 1896 1506 1950 παιδὶ
1539 1896 1828 1970 φιλοσοφίᾳ
1860 1898 1995 1970 μόνῃ
2032 1916 2155 1970 σχο-

471 1981 654 2047 λάζειν
699 1982 988 2053 παραινοίη
1013 1983 1041 2022 1³
1074 1999 1087 2012 ·
1123 1981 1267 2036 οὕτω
1300 1983 1365 2055 δὴ
1413 1985 1507 2038 καὶ
1562 1985 1591 2039 ό
1629 1986 1780 2049 Θεός.
1832 1985 2155 2057 Πειθὼμεθα

471 2070 652 2124 τοίνυν
671 2110 686 2132 ,
714 2070 810 2124 καὶ
855 2071 1109 2140 ζητῶμεν
1146 2071 1246 2143 τὴν
1286 2070 1559 2141 βασιλείαν
1584 2073 1679 2126 τοῦ
1704 2073 1862 2140 Θεοῦ,
1892 2075 1987 2129 καὶ
2014 2073 2155 2130 οὕτω

472 2158 753 2230 πανταχοῦ
792 2158 921 2222 τούς
964 2177 1023 2213 τε
1064 2160 1257 2224 παῖδας
1285 2160 1537 2233 δοκίμους
1563 2162 1828 2233 ὀψόμεθα,
1869 2164 1963 2217 καὶ
2002 2164 2156 2218 αὐτοὶ

477 2249 594 2316 μετ’
627 2248 853 2302 ἐκείνων
893 2236 1129 2319 ἐσόμεθᾶ
1154 2249 1419 2322 λαμπροὶ,
1448 2251 1544 2304 καὶ
1573 2250 1684 2304 τῶν
1713 2252 1995 2324 παρόντων
2023 2256 2158 2308 ἀπο-

475 2334 822 2404 )αυσὸμεθα,
871 2336 939 2390 ἂν
991 2337 1101 2391 τῶν
1143 2337 1444 2408 μελλόντων
1498 2339 1594 2394 καὶ
1633 2340 1900 2411 οὐρανίων
1943 2341 2157 2413 ἐρῶμεν

478 2424 659 2492 μόνον.
689 2424 873 2478 Ταῦτα
904 2425 1247 2494 πειθομένοις
1270 2426 1368 2498 μὲν
1406 2428 1534 2499 ὑμῖν
1575 2427 1749 2499 μέγαν
1777 2430 1912 2484 οίσει
1942 2429 2034 2484 τὸν
2069 2449 2159 2502 μι-

472 2509 624 2576 σθὸν,
657 2513 996 2582 ἀντιλέγουσι
1048 2513 1105 2566 δὲ
1138 2514 1233 2568 καὶ
1276 2514 1566 2569 ἀπειθοῦσι
1621 2517 2010 2592 χαλεπωτέραν
2058 2522 2158 2590 τὴν

475 2601 772 2672 τιμωρίαν.
812 2602 888 2655 Οὐ
921 2602 1031 2673 γὰρ
1060 2602 1138 2656 ἐνι
1176 2608 1513 2672 καταφυγεῖν
1567 2607 1647 2668 είς
1682 2606 2002 2676 ἀπολογίαν,
2036 2609 2160 2662 οὐδὲ

476 2688 652 2740 εἰπεῖν
679 2689 758 2741 ὅτι
786 2690 816 2742 ὁ
837 2687 1009 2742 ταῦτα
1036 2688 1303 2743 διδάσκων
1337 2691 1510 2753 οὐδεὶς
1540 2686 1630 2760 ἦν.
1661 2692 1914 2746 Μάλιστα
1947 2696 2046 2765 μὲν
2066 2693 2160 2750 οὖν

472 2774 573 2828 καὶ
601 2775 709 2847 πρὸ
748 2776 855 2831 τῶν
883 2779 1166 2850 ἡμετέρων
1198 2779 1373 2849 λόγων
1404 2782 1437 2851 ἡ
1483 2781 1747 2850 ἀπολογία
1788 2782 1925 2855 αὕτη
1957 2783 2163 2857 ἀνῄρη-

476 2879 560 2927 το,
593 2862 696 2934 τῆς
739 2881 799 2918 τε
849 2867 1066 2936 φύσεως
1097 2866 1329 2938 ἐχούσης
1358 2867 1586 2939 ἀκριϐὲς
1627 2870 1690 2923 τὸ
1739 2873 2021 2944 κριτήριον
2051 2871 2162 2927 τῶν

478 2950 695 3018 καλῶν,
729 2955 953 3010 καὶτῶν
982 2956 1044 3008 οὐ
1074 2955 1350 3023 τοιούτων,
1384 2960 1484 3028 τῆς
1513 2975 1574 3010 τε
1608 2958 1926 3029 φιλοσοφίας
1957 2961 2163 3033 ταύτης

481 3041 759 3112 πανταχοῦ
785 3043 1176 3115 προκειμένης,
1199 3044 1307 3099 τῶν
1339 3063 1398 3098 τε
1430 3046 1490 3098 ἐν
1510 3045 1593 3117 τῷ
1627 3046 1727 3119 βίῳ
1754 3048 1936 3102 κακῶν
1960 3049 2163 3104 ίκανῶν

481 3131 650 3185 ὄντων
683 3133 780 3186 καὶ
830 3135 958 3198 τοὺς
1003 3134 1207 3206 σφόδρα
1243 3136 1488 3208 ἐρῶντας
1521 3137 1690 3191 αὐτοῦ
1722 3139 1859 3211 πρὸς
1896 3139 1995 3212 τὴν
2033 3142 2164 3214 ἐρη-

478 3219 615 3287 μίαν
643 3221 995 3277 ἐλάσαι..Καὶ
1025 3223 1303 3293 σιγώντων
1336 3229 1436 3296 μὲν
1473 3221 1590 3293 οὖν,
1621 3228 1760 3301 ὅπερ
1786 3228 1944 3299 ἔφην,
1970 3229 2038 3285 τὰ
2064 3231 2165 3304 τῆς

478 3307 779 3378 ἀπολογίας
808 3311 1070 3383 ἀνῄρητο,
1095 3313 1213 3367 νυνὶ
1241 3313 1300 3367 δὲ
1333 3314 1510 3385 πολλῷ
1550 3315 1708 3369 πλέον
1733 3317 1870 3387 μετὰ
1894 3320 2020 3383 τοὺς
2060 3337 2165 3392 μα-

482 3396 651 3465 κροὺς
670 3397 861 3466 λόγους
890 3399 1133 3465 τούτους,
1156 3401 1252 3455 καὶ
1276 3400 1374 3473 τὴν
1402 3401 1670 3474 τοσαύτην
1701 3404 2043 3475 παραίνεσιν,
2066 3407 2164 3477 τήν

484 3503 545 3539 τε
568 3486 677 3539 ἀπὸ
703 3486 811 3540 τῶν
839 3489 1200 3559 πραγμάτων,
1225 3492 1324 3562 τήν
1346 3507 1405 3543 τε
1435 3491 1773 3563 σαφεστέραν
1798 3492 1897 3564 τὴν
1923 3493 2030 3547 ἀπὸ
2056 3494 2165 3548 τῶν
2198 3512 2205 3520 ·

480 3574 645 3626 θείων
674 3574 925 3645 Γραφῶν.
956 3576 1065 3630 Καὶ
1092 3578 1141 3630 εί
1183 3578 1281 3647 μὲν
1304 3574 1372 3649 ἦν
1395 3579 1533 3633 οῖκοι
1559 3578 1821 3649 μένοντας
1849 3582 1924 3653 μὴ
1943 3581 2167 3651 διαφθα-

485 3663 649 3732 ρῆναι
674 3663 882 3729 τέλεον,
918 3664 1054 3719 ἀλλὰ
1077 3664 1175 3737 τὴν
1205 3667 1335 3736 γοῦν
1367 3669 1604 3739 ἐσχάτην
1654 3668 1807 3733 τάξιν
1849 3670 1951 3740 τῆς
1988 3688 2166 3742 σωτη-

484 3752 615 3819 ρίας
661 3751 883 3822 λαχεῖν,
923 3753 1157 3824 μάλιστα
1198 3756 1297 3826 μὲν
1328 3757 1451 3809 οὐδὲ
1493 3754 1666 3820 οὓτως
1694 3755 1761 3810 ἂν
1802 3757 1901 3829 τὴν
1944 3757 2166 3813 κόλασιν

482 3838 845 3912 διεφύγομεν,
865 3842 992 3905 τούς
1020 3842 1113 3896 ἐπὶ
1149 3841 1263 3914 βίον
1309 3843 1698 3915 ἀκριϐέστερον
1739 3844 1976 3916 βαδίζειν
2016 3848 2166 3901 ἐπει-

485 3929 755 4000 γομένους
805 3929 1137 3996 κωλύοντες,
1173 3931 1266 3984 καὶ
1308 3933 1366 3983 ἐν
1406 3934 1518 3994 τοῖς
1561 3931 1980 4004 βιωτικωτέροις
2037 3952 2168 3990 κατ-

486 4017 708 4088 ἐχοντες
739 4016 876 4088 πρὸς
905 4015 995 4070 τὸν
1023 4016 1250 4088 οὐρανὸν
1272 4017 1471 4087 πτῆναι
1503 4018 1923 4089 ἐπειγομένους’
1957 4021 2084 4075 ὅταν
2110 4022 2167 4076 δὲ

489 4104 628 4175 μηδὲ
659 4104 820 4159 τοῦτο
856 4105 974 4175 ἐξῇ,
1012 4105 1130 4157 ἀλλ’
1166 4105 1378 4178 ἀνάγκη
1427 4106 1646 4172 πάντως
1691 4108 2025 4176 ἀπολέσθαι,
2073 4113 2168 4165 καὶ

490 4193 620 4263 περὶ
672 4191 783 4246 τῶν
854 4193 1101 4263 ἐσχάτων
1150 4194 1184 4246 ὁ
1239 4193 1482 4258 κίνδυνος
1532 4191 1606 4270 ᾖ,
1665 4196 1787 4251 τίνα
1838 4197 2168 4270 συγγνώμην

486 4277 701 4349 ⁹εἰξομεν,
736 4279 858 4333 τίνα
883 4279 941 4334 δὲ
975 4280 1302 4351 ἀπολογίαν,
1331 4283 1391 4335 οὐ
1424 4284 1582 4354 μόνον
1607 4283 1716 4337 τῶν
1747 4284 1961 4338 οἰκείων
1984 4287 2167 4360 ἁμαρ-

489 4385 555 4439 τη
566 4367 773 4438 μάτων,
813 4368 950 4423 ἀλλὰ
992 4368 1086 4423 καὶ⁵
1113 4372 1222 4425 τῶν
1258 4371 1398 4442 μετά
1425 4372 1601 4426 ταῦτα
1630 4375 1744 4437 τοῖς
1774 4374 1961 4427 παισὶν
1983 4376 2169 4446 ἀμαρ-

487 4457 802 4529 τανομένων
834 4458 935 4524 τὰς
963 4458 1192 4524 εὐθύνας
1234 4462 1318 4531 ἐφ’
1358 4462 1584 4524 ἑαυτοὺς
1624 4460 1872 4526 ἕλκοντες
1921 4462 2189 4532 χαλεπωτ

488 4547 688 4619 τέρας;
729 4548 805 4602 Οὐ
850 4548 961 4621 γὰρ
988 4547 1164 4613 οὕτως
1209 4550 1452 4613 ἐκείνους
1493 4546 1645 4620 οἶμαι
1687 4549 2170 4621 τιμωρηθήσεσθαι

488 4637 632 4708 ὑπὲρ
669 4630 746 4691 ὧν
796 4636 863 4692 ἂν
910 4627 1183 4693 πταίσωσι
1221 4640 1361 4709 μετά
1403 4638 1575 4693 ταῦτα
1599 4680 1612 4704 ,
1651 4641 1735 4701 εἰς
1775 4638 1839 4692 τὸ
1881 4638 2170 4694 κλυδώνιον

489 4724 651 4780 τοῦτο
682 4727 1165 4791 κατασπασθέντες
1186 4766 1201 4790 ,
1234 4728 1310 4791 ὡς
1337 4729 1482 4799 ὑμᾶς
1514 4728 1641 4788 τοὺς
1667 4726 1764 4799 τὴν
1793 4727 2043 4799 ἀνάγκην
2073 4728 2173 4782 αὐ-

488 4816 602 4877 τοῖς
613 4816 1048 4886 περιστήσαντας
1067 4814 1294 4884 ταύτην.
1306 4816 1369 4869 Εἰ
1390 4817 1497 4888 γὰρ
1515 4828 1539 4856 ο
1552 4815 1631 4886 τῷ
1655 4816 1751 4870 ἕνα
1773 4814 2174 4880 σκανδαλίζοντι

458 4927 463 4932 ν
494 4905 764 4976 συμφέρει
788 4906 927 4975 μετά
940 4905 1119 4977 μύλης
1143 4909 1642 4978 καταποντισθῆναι
1662 4911 1742 4973 εἰς
1756 4908 1854 4980 τὴν
1874 4908 2170 4975 θάλασσαν,

493 4993 607 5054 τοῖς
638 4992 738 5063 τὴν
765 4993 1025 5064 ὠμότητα
1052 4994 1260 5065 ταύτην
1293 4996 1388 5050 καὶ
1419 4997 1683 5067 ἀπήνειαν
1713 4998 1793 5061 είς
1819 4998 1945 5061 τοὺς
1978 4998 2175 5063 παῖδας

493 5079 927 5150 ενδεικνυμένοις
957 5081 1091 5135 ποία
1135 5084 1378 5154 τιμωρία
1421 5084 1644 5154 ἀρκέσει
1678 5086 1771 5138 καὶ
1802 5086 2052 5152 κόλασις;
2084 5087 2175 5141 Διὸ

495 5168 802 5238 παρακαλῶ
844 5169 1167 5238 καθυφεῖναι
1216 5172 1315 5241 τῆς
1367 5171 1729 5241 φιλονεικίας,
1775 5173 1872 5225 καὶ
1921 5174 2174 5240 γενέσθαι

494 5256 802 5327 φιλοσόφων
821 5259 1028 5312 παίδων
1049 5258 1313 5331 πατέρας.
1334 5260 1469 5313 Οὐδέ
1485 5259 1593 5330 γὰρ
1614 5259 1790 5312 ἐκεῖνο
1809 5258 1956 5312 ἔστιν
1977 5262 2171 5326 εἰπεῖν,

495 5345 633 5417 ὅπερ
663 5344 816 5419 [115]
859 5347 1044 5401 ἀκούω
1073 5347 1300 5412 πολλοὺς
1350 5348 1784 5420 σκηπτομένους.
1817 5348 1882 5401 Τί
1922 5347 1980 5401 δέ
2017 5348 2176 5403 τοῦτό

559 5469 585 5499 ⁸
610 5468 781 5520 Morel.
809 5472 1072 5537 παρασχεῖν
1093 5473 1343 5537 μέλλοντος
1367 5471 1563 5537 Κυρίου,
1585 5472 1667 5522 alii
1686 5471 1948 5537 παρασχεῖν
1978 5471 2174 5537 Κυρίου.

501 5532 631 5611 ξῐοχὶ
646 5532 1104 5611 θ’πιιιεεῄβακσιξὲίαν
1119 5536 1215 5583 τῶν
1247 5532 1478 5599 οὐρανῶν,
1504 5543 1687 5598 praeter
1711 5532 1887 5585 M'ore'll
1911 5535 1997 5595 qui
2021 5532 2174 5583 habet

500 5597 744 5657 βασιλείαν
764 5597 854 5647 τοῦ
873 5597 1017 5645 Θεοῦ.
1310 5597 1317 5599 ἡ
1507 5597 1516 5598 ί

503 5721 513 5729 _
562 5658 591 5698 δ
614 5660 1060 5730 Μεταχειρίςοιτο....
1086 5658 1355 5730 παραινοίη.
1384 5659 1578 5730 ΗοιιυῐξιΔ
1598 5656 1860 5707 verborum
1881 5658 2174 5730 altgrutm‘m

501 5721 549 5766 in
571 5718 840 5784 particiiiio'
869 5722 1138 5783 legendum
1159 5718 1247 5785 ἐἰς
1272 5737 1284 5770 :
1314 5722 1740 5785 μεταχειρίζοιτο...
1763 5719 2024 5779 παραινῶν,
2058 5718 2139 5767 vel
2162 5731 2174 5766 :

503 5783 994 5847 μεταχειριζόμενος...
1021 5783 1282 5847 παραινοίη
1317 5783 1450 5834 Ευιτ.

569 5845 593 5872 ⁸
616 5840 712 5893 Sic'
732 5840 906 5893 omnes
930 5840 1111 5906 praelei'
1132 5845 1305 5895 Morel.
1329 5847 1415 5908 qui
1459 5844 1610 5895 habet
1632 5843 1791 5901 αυτοῖς
1820 5840 1996 5900 ταύτην
2021 5841 2173 5891 ἐπιθε-

509 5906 687 5966 μένους.
723 5909 782 5955 Εἰ
802 5911 906 5970 γάρ.

1244 282 1301 335 5.
1346 280 1626 336 JUANNIS
1664 280 2161 341 CIIRYSOSTOMI
2197 288 2524 345 ARCHIEP.
2564 289 3119 349 CONSTANTIXOP.

3826 299 3937 356 586

2247 407 2430 472 ἐστιν;
2474 406 2933 472 ’Λδυνατοῦντας,
2973 410 3138 481 φησιν
3164 452 3176 475 ,
3231 411 3435 476 εἰδότες
3494 414 3631 484 πρὸς
3678 414 3740 469 τὸ
3777 414 3941 482 τέλος

2245 495 2442 563 ἐλθεῖν,
2485 499 2841 571 ἐκωλύσαμεν
2882 502 2968 556 διὰ
3027 502 3208 557 τοῦτο.
3268 506 3329 558 Εἰ
3379 505 3489 578 γὰρ
3529 507 3622 559 καὶ
3677 508 3938 581 προῄδεις

2244 589 2405 642 τοῦτο
2440 591 2647 661 σαφῶς,
2683 593 2779 646 καὶ
2810 594 2882 666 μὴ
2916 596 3217 666 στοχασμὸς
3252 597 3312 649 τὸ
3343 601 3578 670 πρᾶγμα
3612 595 3710 671 ἦν·
3745 602 3941 656 πολλοὶ

2246 682 2358 752 γὰρ
2384 685 2476 736 καὶ
2509 682 2618 737 τῶν
2646 686 2930 741 πεσεῖσθαι
2961 688 3443 759 προσδοκηθέντων
3482 691 3753 764 ἔστησαν·
3794 695 3940 766 πλὴν

2247 774 2363 828 ἀλλ’
2386 777 2434 828 εί
2464 775 2559 829 καὶ
2583 776 2790 848 σφόδρα
2815 777 3094 849 προῄδεις,
3110 778 3231 832 οὐδέ
3256 780 3429 844 οὕτως
3449 781 3612 836 αὐτὸν
3642 782 3940 838 καθέλκειν

2249 869 2438 942 ἐχρῆν.
2463 870 2596 925 Οὐδέ
2626 871 2755 945 γὰρ,
2779 873 2833 925 εἴ
2857 890 3009 937 τινας
3040 873 3259 927 πίπτειν
3292 874 3588 945 μέλλοντας
3624 876 3939 942 λαϐόντες*¹

2250 966 2735 1039 ὐποσκελίσαιμεν,
2760 969 2926 1040 ἀρκεῖ
2951 967 3107 1022 τοῦτο
3132 969 3269 1040 πρὸς
3303 971 3601 1040 ἀπολογίαν
3628 974 3786 1044 ἡμῖν,
3818 973 3941 1027 ἀλλ’

2248 1059 2382 1113 αὐτὸ
2408 1058 2471 1131 δὴ
2506 1060 2665 1113 τοῦτο
2709 1062 2804 1114 καὶ
2839 1061 3079 1133 μάλιστά
3114 1065 3233 1117 ἐστι
3278 1063 3342 1117 τὸ
3369 1063 3732 1129 καταδικάζον
3761 1067 3938 1137 ἡμᾶς.

2249 1151 2349 1207 Διά
2374 1151 2427 1205 τί
2450 1153 2559 1223 γὰρ
2593 1153 2669 1224 μὴ
2701 1155 3088 1225 συνεχώρησας
3122 1155 3218 1227 τῆς
3243 1155 3453 1210 ἐκείνου
3481 1157 3757 1228 ῥᾳθυμίας
3778 1155 3941 1224 γενέ-

2253 1245 2378 1299 σθαι
2408 1246 2467 1299 τὸ
2504 1246 2725 1316 πτῶμα,
2751 1247 2886 1301 ἀλλὰ
2909 1248 3199 1316 προλαϐὼν
3239 1250 3499 1322 ἥρπασας
3534 1249 3632 1320 τὴν
3662 1251 3942 1321 ἁμαρτίαν

2253 1336 2349 1390 καὶ
2378 1337 2439 1391 τὸ
2468 1339 2576 1393 πᾶν
2599 1338 2807 1409 ἤγαγες
2827 1340 2920 1393 ἐπὶ
2939 1339 3039 1412 τὴν
3062 1340 3159 1412 σὴν
3187 1341 3459 1413 κεφαλήν;
3481 1343 3696 1397 Μᾶλλον
3715 1341 3774 1396 δὲ
3816 1341 3945 1393 οὐδὲ

2256 1431 2607 1503 συγχωρῆσαι
2640 1433 2840 1504 ἐχρῆν·
2871 1433 2960 1487 διὰ
2984 1434 3037 1487 τί
3068 1435 3179 1506 γὰρ
3214 1434 3288 1505 μὴ
3314 1436 3492 1488 πάντα
3527 1433 3766 1506 ἔπραξας
3797 1435 3945 1504 ὑπὲρ

2251 1522 2347 1576 τοῦ
2384 1524 2462 1596 μὴ
2492 1529 2679 1580 πεσεῖν
2699 1506 2795 1579 ¹’τὸν
2831 1526 2975 1592 υἱόν;
3001 1528 3186 1591 Ὥστε,
3211 1528 3398 1600 ἐπειδὴ
3424 1526 3658 1597 μάλιστα
3686 1527 3833 1597 ⁴ᾕδεις
3856 1528 3945 1581 ὅτι

2255 1620 2525 1684 πεσεῖται,
2549 1617 2639 1672 διὰ
2666 1617 2825 1672 τοῦτο
2857 1619 3091 1691 μάλιστα
3118 1620 3389 1692 τιμωρίας
3413 1621 3480 1674 ἂν
3505 1617 3614 1695 ᾖςο
3642 1619 3810 1684 ἄξιος.
3832 1621 3943 1674 τὸν

2254 1711 2365 1783 γὰρ
2389 1712 2547 1765 τοῦτο
2583 1711 2872 1783 προειδότα
2902 1714 3024 1784 οὐχὶ
3050 1712 3432 1776 καταϐάλλειν,
3460 1711 3595 1766 ἀλλά
3627 1716 3785 1783 χεῖρα
3817 1713 3945 1783 ὀρέ-

2256 1825 2375 1879 γειν
2414 1806 2553 1878 χρὴ,
2589 1808 2684 1860 καὶ
2730 1807 2954 1878 μείζονα
2993 1807 3363 1861 ἐνδείκνυσθαι
3396 1808 3495 1879 τὴν
3531 1805 3763 1876 σπουδὴν
3798 1805 3943 1875 ὑπὲρ

2254 1901 2351 1956 τοῦ
2396 1902 2488 1956 τὸν
2535 1901 2798 1974 μέλλοντα
2831 1901 3048 1958 πίπτειν
3076 1902 3267 1972 στῆναι
3295 1901 3583 1971 γενναίως,
3614 1900 3712 1953 εἴτ’
3746 1898 3959 1970 ἔμελλε

2259 1996 2575 2068 στήσεσθαι,
2610 1995 2721 2049 εἴτε
2764 1998 2859 2068 μή.
2898 1997 2980 2050 Τά
3013 1996 3122 2068 γὰρ
3167 1994 3325 2067 ἡμῶν
3355 1994 3572 2049 ἅπαντα
3601 1991 3942 2062 πληροῦσθαι

2254 2090 2356 2153 δεῖ,
2389 2089 2491 2143 κᾶν
2512 2090 2694 2162 ἐτεροι
2732 2089 2895 2162 μηδὲν
2932 2089 3167 2161 μέλλωσι
3200 2087 3546 2159 καρποῦσθαι
3595 2088 3724 2159 παρ’
3758 2086 3941 2157 ἡμῶν.

2256 2184 2415 2248 Τίνος
2445 2183 2652 2250 ἕνεκεν,
2688 2184 2781 2238 καὶ
2819 2183 2907 2237 διὰ
2946 2184 3027 2247 τί;
3054 2185 3173 2237 Ἵνα
3204 2182 3401 2253 μηκέτι
3438 2181 3575 2254 πρὸς
3601 2182 3769 2252 ἡμᾶς,
3806 2179 3949 2233 ἁλλά

2260 2276 2395 2349 πρὸς
2436 2277 2678 2341 ἐκείνους
2712 2278 2740 2331 ὁ
2769 2276 2929 2345 λόγος
3027 2275 3104 2346 τῷ
3136 2275 3275 2341 Θεῷ.
3311 2275 3490 2345 Ὅπερ
3518 2273 3611 2327 καί
3641 2272 3802 2336 αὐτὸς
3830 2271 3950 2325 ἔλε-

2257 2386 2352 2438 γεν
2396 2369 2642 2439 ἐγκαλῶν
2692 2369 2769 2441 τῷ
2812 2369 2976 2442 μηδὲν
3017 2372 3097 2433 είς
3144 2369 3204 2421 τὸ
3248 2367 3513 2422 τάλαντον
3559 2364 3948 2439 ἐργασαμένῳ.

2262 2460 2419 2515 Ἔδει
2467 2461 2577 2532 γάρ
2625 2478 2731 2526 σε,
2772 2462 2938 2533 φησὶ,
2975 2459 3337 2514 καταϐαλεῖν
3385 2458 3451 2513 τὸ
3498 2457 3787 2528 ἀργύριόν·
3824 2472 3948 2525 μου

2258 2553 2383 2620 τοῖς
2415 2554 2781 2624 τραπεζῖταις
2806 2553 2824 2592 τ
2849 2571 2862 2584 ·
2905 2552 3069 2623 κάγὼ
3102 2552 3298 2607 ἐλθὼν
3329 2550 3479 2621 μετὰ
3508 2550 3689 2604 τόκου
3720 2547 3801 2601 ἂν
3834 2548 3948 2603 d1-

2258 2647 2461 2717 ῄτησα
2502 2648 2670 2701 αὑτό.
2704 2645 3027 2718 Πειθώμεθα
3060 2646 3237 2700 τοίνυν
3264 2643 3343 2716 τῷ
3373 2643 3549 2698 ταῦτα
3571 2641 3944 2713 παραινοῦντι,

2260 2739 2349 2793 ῐνα
2383 2740 2478 2793 καὶ
2518 2740 2616 2812 τὴν
2656 2740 2928 2813 τιμωρίαν
2966 2738 3316 2809 ἐκφύγωμεν.
3364 2737 3442 2791 Οὐ
3483 2735 3593 2808 γὰρ
3622 2736 3687 2807 δὴ
3728 2735 3825 2790 καὶ
3853 2734 3948 2788 τὸν

2254 2833 2394 2887 Θεὸν
2439 2832 2577 2905 μετά
2632 2833 2740 2887 τῶν
2786 2832 3089 2906 ἀνθρώπιον
3127 2832 3599 2904 παραλογίσασθαι
3644 2830 3944 2902 δυνάμεθα,

2262 2927 2352 2980 τὸν
2379 2927 2687 2998 ἐρευνῶντα
2707 2925 2805 2991 τὰς
2834 2926 3062 2998 καρδίας
3086 2927 3181 2980 καὶ
3204 2926 3384 2980 πάντα
3411 2927 3489 2987 είς
3523 2925 3686 2995 μέσον
3718 2925 3943 2994 ἄγοντα,

2264 3022 2358 3075 καὶ
2389 3020 2665 3092 πανταχοῦ
2694 3021 2793 3092 τῆς
2822 3020 2932 3075 τῶν
2959 3021 3168 3075 παίδων
3194 3018 3527 3084 ὑπευθύνους
3554 3018 3808 3073 ποιοῦντα
3840 3035 3948 3071 σω-

2263 3114 2458 3186 τηρίας
2489 3118 2659 3186 ἡμᾶς.
2694 3117 2758 3171 Et
2793 3115 2902 3187 γὰρ
2933 3117 2961 3169 ὁ
2993 3113 3066 3187 μὴ
3094 3112 3415 3168 καταϐαλὼν
3463 3112 3524 3165 τὸ
3558 3113 3823 3185 ἀργύριον
3856 3128 3947 3163 το-

2266 3209 2470 3281 σαύτην
2495 3211 2662 3265 έδωκε
2694 3210 2871 3281 δίκην,
2892 3210 2922 3262 ὁ
2955 3209 3049 3263 καὶ
3076 3208 3203 3271 τοὺς
3228 3206 3555 3261 καταϐαλεῖν
3586 3205 3951 3276 βουλομένους

2268 3303 2494 3358 κωλύων
2528 3305 2581 3358 τί
2632 3305 2916 3368 πείσεταις
2953 3301 3089 3356 Οὐδὲ
3130 3302 3241 3372 γὰρ
3292 3296 3800 3354 κατακυλισθέντων
3840 3298 3954 3351 τῶν

2267 3397 2474 3452 παίδων
2503 3399 2582 3462 είς
2602 3397 2671 3452 τὰ
2693 3396 2786 3451 τοῦ
2819 3395 2937 3467 βίου
2966 3394 3267 3466 πράγματα
3291 3394 3355 3446 ἐκ
3381 3393 3478 3461 τῆς
3505 3390 3782 3462 ἡμετέρας
3808 3407 3959 3461 συμ-

2262 3491 2486 3555 ϐουλίας
2507 3532 2522 3558 ,
2554 3490 2691 3545 ἀλλά
2732 3492 2827 3544 καὶ
2852 3489 3114 3558 γενναίως
3139 3485 3477 3556 ἐνεγκάντων
3496 3482 3596 3554 τὴν
3619 3482 3956 3554 προσϐολὴν,

2267 3586 2361 3639 καὶ
2389 3588 2458 3641 τὰ
2476 3586 2578 3657 ὅρη
2600 3583 3015 3638 καταλαϐόντων
3041 3580 3224 3645 πάλιν,
3247 3581 3280 3651 ἡ
3308 3579 3445 3650 αὐτὴ
3468 3577 3706 3632 κείσεται
3730 3576 3961 3638 κόλασις

2265 3662 2389 3746 τοῖς
2414 3679 2744 3733 διακωλῦσαι
2779 3676 3118 3750 βουληθεῖσιν
3133 3685 3158 3722 8
3180 3671 3577 3735 αὐτούς.Ὢσπε
3585 3688 3618 3742 ρ
3638 3669 3747 3742 γὰρ
3762 3671 3791 3722 ὁ
3812 3686 3853 3721 π
3862 3669 3957 3739 ρος

2268 3773 2585 3844 φιλοσοφίαν
2618 3772 2791 3841 ἄγων,
2821 3771 2886 3826 ἄν
2917 3786 2978 3823 τε
3012 3769 3198 3842 πείσῃ,
3233 3767 3297 3820 ἄν
3337 3783 3399 3819 τε
3439 3764 3513 3836 μὴ
3550 3764 3734 3834 πείσῃ,
3769 3764 3957 3835 ἀπηρ-

2267 3867 2520 3939 τισμένον
2555 3864 2783 3936 ἔχειτὸν
2813 3863 3004 3935 μισθὸν
3035 3862 3129 3933 (τὸ
3155 3859 3265 3933 γὰρ
3290 3858 3454 3914 αὐτοῦ
3485 3860 3593 3912 πᾶν
3620 3857 3912 3929 ἐποίησεν)
3932 3875 3951 3889 ·

2267 3960 2409 4014 οὕτω
2453 3959 2548 4014 καὶ
2588 3960 2616 4012 ὁ
2649 3958 2960 4030 διαφθεῖραι
2993 3953 3297 4027 βουληθεὶς,
3331 3953 3397 4007 ἄν
3425 3970 3485 4004 τε
3516 3952 3642 4025 ἕλῃ,
3673 3952 3741 4006 ἄν
3773 3968 3835 4004 τε
3876 3952 3953 4023 μὴ

2267 4052 2385 4122 ἕλῃ,
2416 4051 2514 4123 τὴν
2550 4050 2720 4122 αὐτὴν
2757 4049 3123 4121 ὐποστὴσεται
3159 4045 3316 4116 δίκην
3339 4061 3351 4074 ⁸
3400 4043 3461 4097 τὸ
3498 4044 3606 4116 γὰρ
3640 4044 3805 4098 αὐτοῦ
3843 4045 3955 4098 πᾶν

2270 4148 2363 4201 καὶ
2391 4142 2545 4210 οὗτος
2567 4146 2906 4217 ἐπλήρωσεν.
2924 4143 3087 4196 Ὥστε
3114 4141 3215 4195 κᾶν
3244 4140 3408 4214 μηδὲν
3436 4140 3695 4211 ἰσχύσητε
3728 4139 3869 4211 πρὸς
3893 4139 3957 4192 τὸ

2270 4238 2623 4293 ὐποσκελίσαι
2664 4236 2757 4291 καὶ
2787 4235 3033 4290 καθελεῖν
3064 4233 3133 4287 τὰ
3171 4235 3394 4302 γενναῖα
3435 4232 3542 4286 τῶν
3578 4231 3786 4284 παίδων
3822 4247 3958 4301 φρο-

2270 4333 2521 4402 νήματα,
2548 4330 2649 4399 τῆς
2676 4327 2808 4398 γοῦν
2835 4326 3227 4397 ἐπιχειρήσως
3261 4324 3431 4394 μόνης
3458 4322 3727 4393 τοσαύτην
3750 4321 3958 4376 δώσετε

2271 4428 2461 4498 δίκην,
2507 4425 2642 4495 ὅσην
2680 4423 2730 4476 οἱ
2770 4420 3089 4484 καθελόντες
3137 4416 3345 4471 ἐκεῖθεν
3400 4415 3618 4476 αὐτούς.
3654 4414 3822 4469 Ταῦτ’
3858 4411 3957 4469 οὖν

2273 4520 2626 4592 ἐννοήσαντες
2658 4516 2871 4571 ἅπαντα
2894 4554 2910 4579 ,
2959 4514 3054 4567 καὶ
3090 4509 3188 4574 τὰς
3218 4510 3445 4580 σκήψεις
3479 4510 3714 4579 ἀφέντες
3749 4509 3954 4573 πάσας,

2274 4613 2668 4682 σπουδάσωμεν
2703 4608 2965 4678 γενναίων
2995 4604 3199 4659 παίδων
3247 4603 3503 4672 γενέσθαι
3542 4603 3801 4674 πατέρες,
3837 4620 3956 4675 χρι-

2276 4707 2554 4779 στοφόρων
2580 4702 2850 4773 οἰκοδόμοι
2872 4699 3123 4769 γενέσθαι
3152 4696 3319 4760 ναῶν,
3337 4695 3584 4768 ἀθλητῶν
3609 4698 3956 4769 ἐπουρανίων

2274 4800 2622 4874 ἐπιμεληταὶ,
2645 4795 2977 4866 ἀλείφοντες,
2993 4791 3300 4866 ὀρθοῦντες,
3336 4791 3601 4845 πάντοθεν
3621 4794 3957 4864 ἐργάζεσθαι

2272 4897 2370 4969 τὴν
2401 4895 2669 4965 ὠφέλειαν
2699 4890 2900 4955 αὐτῶν,
2935 4889 3021 4943 ἵνα
3043 4888 3136 4941 καὶ
3168 4886 3276 4940 τῶν
3305 4886 3585 4956 στεφάνων
3618 4887 3805 4952 αὐτοῖς
3838 4889 3958 4942 ἐκεῖ

2276 4990 2710 5061 κοινωνήσωμεν.
2738 4987 2835 5038 Ἂν
2877 4983 2933 5037 δὲ
2969 4982 3339 5053 φιλονεικῆτε,
3374 4982 3423 5034 οἰ
3471 4981 3662 5045 παῖδες
3701 4982 3835 5051 μὲν,
3887 4983 3955 5036 ἂν

2274 5079 2374 5139 ὦσι
2413 5085 2686 5154 γενναῖοι,
2732 5080 2827 5135 καὶ
2858 5079 3099 5133 ἀκόντων
3120 5077 3153 5133 ὑ
3163 5075 3278 5148 μῶν
3300 5076 3392 5128 ἐπὶ
3413 5074 3614 5144 ταύτην
3636 5074 3831 5144 ἥξουσι
3857 5075 3955 5146 τὴν

2276 5177 2612 5247 φιλοσοφίαν,
2640 5174 2735 5228 καλ⁵
2764 5172 2980 5225 πάντων
3010 5167 3407 5247 ἀπολαύσονται
3426 5166 3533 5221 τῶν
3558 5165 3802 5236 ἀγαθῶν,
3826 5168 3955 5239 ὑμῖν

2276 5270 2331 5326 δέ
2360 5268 2641 5339 περιέσται
2667 5265 2729 5319 τὸ
2754 5264 2956 5335 μυρίαν
2988 5262 3211 5315 κόλασιν
3239 5261 3454 5323 ἑαυτοῖς
3479 5260 3831 5327 συναγαγεῖν,
3863 5257 3958 5311 καὶ

2284 5363 2394 5417 τότε
2429 5359 2713 5415 ἐπαινέσαι
2748 5357 2818 5410 τὰ
2861 5356 2988 5427 παρ’
3018 5355 3182 5427 ἡμῶν
3209 5354 3497 5433 εἰρημένα,
3536 5352 3626 5405 ὅτε
3655 5350 3768 5405 τῶν
3796 5348 3959 5404 ἐπαί-

2276 5472 2381 5509 νων
2409 5452 2599 5523 δφελος
2628 5451 2755 5527 ὑμῖν
2785 5447 2955 5502 οὐδέν.

2338 5657 2363 5687 α
2391 5646 2526 5696 Unus
2546 5643 2878 5709 προλαϐόντες.

2344 5712 2365 5772 '_
2390 5710 2525 5771 Lege
2536 5706 2596 5756 ἂν
2616 5708 2735 5772 sim.
2759 5706 2895 5772 Εωζις.
3328 5763 3342 5772 _
3384 5765 3397 5772 _
3486 5757 3496 5768 ‘

2349 5770 2368 5809 ί
2580 5752 2692 5824 ⁷τοῖξ
2702 5752 3013 5835 τραπεζίταις,
3035 5761 3119 5835 alii
3138 5763 3402 5835 ompegﬁnl
3426 5757 3535 5811 τοὺς
3553 5756 3855 5818 τραπεζίταις.
3880 5752 3958 5806 ιη-

2276 5834 2349 5887 ira
2373 5834 2471 5896 dpo
2491 5846 2607 5880 ms.
2625 5824 3037 5896 παραλογίσασθαι
3054 5824 3372 5896 δυνησόμεθα.

2345 5898 2370 5937 ⁸
2400 5894 2507 5947 Duo
2528 5906 2639 5943 uasa.
2663 5884 2974 5954 βουληθεῖσιν.
2992 5885 3124 5937 Edili
3146 5884 3465 5947 βουλομένοις
