4124 6144
331 328 442 385 335

330 463 509 536 potius
538 473 759 532 angelos
791 463 901 515 ltco
924 456 1158 513 alimus?
1182 455 1372 511 Omnia
1399 469 1524 524 erga
1556 452 1835 516 faciamus,
1867 457 1921 504 et

331 559 436 612 illis
458 556 672 626 pietatis
697 568 828 623 opes
857 551 1242 617 relinquamus,
1275 562 1394 617 quae
1417 553 1652 608 manent,
1683 552 1737 596 et
1763 556 1923 596 exce-

322 653 524 703 dentes
551 663 580 701 e
612 647 713 700 vita
742 644 1095 708 comitantur;
1122 656 1239 710 quin
1262 654 1366 694 non
1391 638 1442 692 in
1470 639 1570 691 hac
1594 637 1700 690 vita
1725 633 1917 696 solum,

326 738 426 792 sed
455 737 615 792 etiam
648 736 755 790 illic
775 735 1004 788 maxime
1027 731 1180 786 nobis
1205 729 1514 798 proderunt.
1541 724 1672 780 Nam
1699 723 1925 777 saecula-

330 844 421 885 res
450 827 648 883 divitia:
697 825 1023 880 exc-edentes
1061 838 1094 878 e
1138 821 1245 875 vita
1288 835 1392 874 non
1435 817 1781 879 comitantur,
1814 814 1923 867 imo

330 924 421 979 hic
446 931 576 978 ante
598 936 698 976 nos
739 927 1000 991 pereunt,
1039 933 1105 973 ac
1146 931 1290 985 smpe
1319 924 1658 983 possessores
1697 905 1939 977 perdunt

252 1035 257 1039 ·
332 1030 460 1069 suos
490 1031 505 1068 :
539 1013 655 1067 haec
682 1024 809 1066 vero
838 1018 893 1065 et
919 1009 1006 1064 hic
1031 1017 1084 1063 et
1111 1007 1217 1061 illic
1244 1004 1412 1059 ﬁrma:
1442 1008 1618 1064 erunt,
1649 1006 1705 1052 et
1732 1011 1925 1065 magna

323 1120 456 1161 cum
486 1103 773 1161 securitate
813 1101 1148 1171 possidentes
1176 1112 1234 1153 se
1259 1093 1670 1151 conservabunt.
1717 1087 1923 1142 Etenim

330 1211 421 1251 res
444 1195 513 1249 ita
545 1208 604 1249 se
632 1194 789 1249 habet
818 1210 831 1245 :
862 1192 950 1261 qui
983 1201 1195 1246 terrena
1222 1183 1586 1258 Spiritualibus
1614 1178 1848 1251 pr:i:fert,
1871 1186 1927 1233 et

328 1290 419 1342 his
458 1295 512 1342 et
554 1287 658 1341 illis
698 1285 944 1351 excidet;
995 1284 1083 1355 qni
1123 1297 1252 1337 vero
1284 1278 1525 1335 ‘cielestia
1571 1273 1924 1344 concupiscit,

337 1378 565 1434 terrenis
583 1380 743 1432 etiam
768 1377 1019 1447 potietur.
1042 1374 1160 1430 Non
1190 1387 1309 1428 mea
1330 1378 1455 1426 sunt
1480 1369 1597 1423 hinc
1621 1365 1804 1432 verba,
1831 1364 1927 1419 sed

320 1472 475 1541 eius,
514 1470 602 1539 qui
636 1469 750 1524 hinc
781 1469 1098 1539 prmbitnrns
1123 1473 1226 1531 est,
1268 1461 1476 1517 Domini
1506 1476 1520 1511 :
1554 1456 1792 1524 Quaerite,
1842 1455 1928 1509 in-

318 1565 468 1633 .quit,
511 1574 727 1627 regnum
789 1558 886 1614 Dei
915 1560 955 1624 ί,
982 1570 1028 1612 et
1085 1558 1194 1610 lucc
1232 1555 1402 1609 omnia
1439 1551 1745 1622 adjiciantur
1789 1546 1929 1601 vobis

335 1653 548 1722 (Matth.
572 1652 626 1706 6.
652 1652 766 1721 '55).
786 1649 921 1719 Quid
942 1650 1063 1703 huic
1080 1646 1269 1702 honori
1288 1661 1382 1715 par
1397 1659 1516 1699 esse
1540 1640 1709 1713 possit
1724 1642 1749 1697 Ἰ
1764 1638 1926 1704 Cura,

333 1746 526 1816 inquit,
555 1742 846 1813 spiritualia
869 1783 884 1807 ,
916 1739 1047 1794 mihi
1085 1752 1213 1793 vero
1237 1737 1414 1791 omnia
1459 1745 1547 1790 tua
1597 1736 1826 1792 dimitte.
1851 1740 1930 1792 Ac

319 1838 379 1893 si
403 1839 524 1908 quis
550 1845 699 1906 pater
720 1834 811 1889 ﬁlii
837 1848 1043 1896 amans,
1068 1831 1260 1885 domus
1280 1844 1485 1895 curam,
1509 1828 1928 1884 domesticorum

322 1930 573 1999 regimen
608 1928 941 1995 aliorumque
984 1922 1220 1978 omnium
1263 1922 1362 1977 sibi
1390 1932 1718 1985 assumeret,
1764 1920 1930 1976 ﬁlium

322 2038 486 2087 vero,
516 2029 573 2073 ut
615 2018 703 2073 uni
729 2014 1079 2087 philosophia:
1120 2022 1351 2079 vacaret,
1388 2014 1703 2068 admoneret
1732 2030 1745 2067 :
1772 2013 1850 2067 sic
1877 2021 1932 2067 et

337 2114 478 2167 Deus
498 2111 640 2165 facit.
665 2110 870 2164 Morem
913 2109 1090 2178 itaque
1130 2120 1398 2177 geramus,
1428 2112 1482 2159 et
1511 2119 1813 2175 qnmramus
1841 2119 1930 2157 re-

322 2190 496 2276 gnum
525 2204 638 2265 Dei,
665 2213 721 2257 et
747 2203 825 2257 sic
859 2201 1014 2271 plane
1052 2201 1189 2254 ﬁlios
1223 2208 1438 2253 nostros
1464 2198 1752 2269 prmclaros
1780 2195 1931 2251 vide-

334 2298 535 2364 bimus,
559 2303 769 2365 nosque
789 2310 910 2349 cum
943 2293 1048 2348 illis
1074 2291 1335 2362 splendidi
1364 2293 1585 2356 erimus,
1610 2305 1674 2344 ac
1695 2304 1933 2360 praesen-

324 2389 479 2444 tibus
505 2389 766 2451 fruemur,
811 2386 856 2441 si
884 2385 1057 2440 futura
1082 2393 1136 2439 et
1161 2384 1394 2439 cinlestia
1434 2393 1639 2438 tantum
1665 2397 1927 2437 amemus.

337 2483 466 2536 llzec
489 2479 985 2550 obtemperantibus
1011 2476 1163 2532 vobis
1190 2490 1435 2546 magnam
1473 2473 1698 2530 afferent
1726 2488 1932 2530 merce-

324 2576 459 2630 dem
481 2589 497 2640 ;
524 2572 942 2644 repugnantibus
961 2578 1142 2625 autem
1165 2576 1220 2624 et
1241 2583 1346 2624 non
1372 2583 1578 2623 morem
1599 2566 1929 2637 gerentibus,

332 2667 551 2735 gravius
589 2665 934 2736 supplicium.
966 2662 1152 2733 Neque
1179 2662 1322 2717 enim
1361 2661 1488 2716 licet
1521 2659 1587 2715 ad
1628 2660 1932 2715 excusatio-

336 2776 462 2816 nem
486 2759 775 2828 confugere
802 2771 866 2813 ac
885 2756 1084 2820 dicere,
1115 2753 1304 2809 Nullus
1337 2761 1471 2820 erat,
1500 2752 1590 2823 qui
1627 2750 1743 2806 hate
1765 2750 1932 2806 doce-

336 2862 439 2907 ret.
468 2850 627 2905 Certe
651 2859 937 2918 antequam
959 2862 1057 2901 nos
1088 2845 1204 2901 lucc
1245 2844 1568 2908 diceremus,
1598 2841 1714 2897 hinc
1741 2841 1932 2897 defen-

335 2943 420 2995 sio
445 2941 652 2996 sublata
689 2948 827 3004 erat,
873 2938 1072 3008 quippe
1110 2935 1369 3005 eumipsa
1399 2943 1589 2989 natura
1627 2940 1931 2987 accuratam

334 3033 537 3089 habeat
563 3033 701 3088 bona
725 3048 753 3084 a
781 3030 936 3085 malis
967 3027 1307 3084 discernendi
1330 3028 1441 3082 vim
1469 3035 1522 3108 et
1549 3025 1665 3080 huic
1692 3024 1933 3094 philoso-

336 3124 464 3193 phia
489 3123 687 3193 ubique
732 3119 1002 3192 proposita
1044 3119 1133 3183 sit,
1167 3116 1433 3188 hujusque
1473 3116 1596 3171 vitai
1636 3115 1775 3169 mala
1805 3115 1935 3169 satis

338 3216 450 3274 sint
465 3213 533 3274 ad
552 3214 670 3289 eius
684 3222 950 3271 amatores
974 3213 1029 3266 in
1048 3210 1395 3268 solitudinem
1410 3207 1693 3279 fngandos.
1713 3206 1935 3263 Etiamsi

335 3310 506 3382 igitur
535 3318 857 3376 taceremus,
885 3316 948 3364 ut
970 3302 1102 3374 dixi,
1122 3301 1302 3363 omnis
1325 3299 1602 3362 excusatio
1624 3298 1831 3358 sublata
1850 3312 1938 3352 es-

333 3412 448 3457 set.
475 3401 545 3456 At
571 3402 740 3457 multo
769 3401 938 3471 magis
962 3415 1106 3455 nunc
1130 3407 1253 3470 post
1273 3400 1377 3453 hos
1397 3397 1533 3453 adeo
1555 3397 1794 3468 prolixos
1819 3395 1936 3452 edi-

335 3505 428 3549 tos
457 3494 647 3560 libros,
680 3503 991 3564 tantamque
1022 3492 1478 3558 admonitionem,
1520 3498 1633 3545 tum
1671 3505 1738 3545 ex
1776 3491 1938 3545 rebus

338 3588 496 3658 ipsis,
535 3598 668 3654 tum,
698 3603 819 3658 quae
843 3588 1006 3643 etiam
1035 3587 1230 3642 clarior
1257 3594 1357 3651 est,
1392 3599 1455 3640 ex
1485 3584 1679 3639 divinis
1699 3582 1938 3651 Scriptu-

339 3682 442 3736 ris.
471 3681 551 3736 Ac
586 3681 799 3735 etiamsi
840 3679 985 3735 domi
1021 3686 1301 3734 manentes
1333 3687 1556 3747 possent
1595 3692 1701 3731 non
1729 3676 1939 3746 penitus

339 3772 547 3841 perire,
579 3771 675 3826 sed
701 3781 996 3827 extremam
1031 3771 1218 3825 salutis
1251 3778 1452 3825 sortem
1478 3767 1701 3838 adipisci
1726 3808 1741 3832 ,
1770 3782 1837 3821 ne
1860 3765 1941 3821 sic

341 3864 560 3936 quidem
589 3878 776 3935 pinnas
802 3862 1038 3934 effugere
1062 3877 1366 3934 possemus,
1395 3862 1439 3917 si
1469 3875 1565 3916 eos
1599 3861 1689 3932 qui
1719 3859 1786 3914 ad
1812 3857 1940 3913 dili-

343 3957 641 4029 gentiorem
672 3957 833 4011 vitam
873 3957 1186 4012 festinarent
1232 3954 1661 4025 prohiberemus,
1699 3961 1860 4021 atque
1885 3949 1940 4005 in

345 4047 694 4103 smcnlaribus
736 4049 904 4109 rebus
942 4047 1302 4103 detineremus
1362 4059 1481 4110 eos,
1525 4043 1615 4114 qui
1656 4042 1710 4096 in
1750 4040 1940 4096 caelum

345 4140 563 4195 avolare
590 4141 865 4212 gestirent.
910 4138 1040 4194 Cum
1080 4149 1258 4194 autem
1302 4134 1355 4192 id
1382 4137 1498 4193 ﬁeri
1542 4142 1804 4206 nequeat,
1847 4132 1943 4189 sed

347 4234 571 4288 omnino
614 4230 943 4303 pereundum
980 4221 1101 4285 esse
1128 4237 1358 4297 constet,
1387 4243 1450 4284 ac
1477 4227 1545 4283 de
1570 4226 1824 4282 extremis
1849 4239 1947 4295 pc-

347 4325 580 4381 riculum
593 4325 683 4391 sit,
702 4338 860 4395 quam
881 4322 1094 4378 tandem
1113 4322 1346 4390 veniam,
1365 4335 1524 4392 quam
1543 4321 1945 4376 excusationem

352 4416 584 4473 habituri
611 4416 799 4482 simus,
831 4416 875 4471 si
904 4431 1009 4471 non
1039 4414 1200 4470 modo
1232 4414 1574 4484 pr0priorum
1605 4420 1945 4482 peccatorum

350 4511 448 4567 sed
479 4526 666 4566 eorum
697 4510 858 4564 etiam
884 4524 1002 4579 qua:
1042 4518 1223 4579 postea
1256 4507 1350 4561 ﬁlii
1385 4505 1717 4570 admiserint,
1762 4518 1947 4575 poenas

352 4604 405 4657 in
431 4616 531 4657 nos
562 4602 707 4671 ipsos
752 4601 1097 4672 gravissimas
1133 4597 1550 4670 pertrahamus?
1586 4595 1771 4666 Neque
1803 4595 1947 4649 enim

352 4705 482 4765 puto
522 4695 647 4750 illos
686 4703 791 4749 tam
831 4708 1018 4764 graves
1064 4692 1284 4747 daturos
1322 4706 1443 4745 esse
1492 4704 1676 4760 pugnas
1722 4703 1821 4760 pro
1861 4688 1947 4756 iis,

352 4802 475 4854 quas
501 4795 686 4857 postea
712 4785 1034 4855 deliquerint
1068 4784 1123 4837 in
1151 4783 1247 4837 hos
1274 4781 1466 4836 ﬂuctus
1486 4780 1756 4851 pertracti,
1790 4793 1950 4847 quam

353 4893 472 4946 vos,
497 4879 587 4949 qui
616 4879 668 4933 in
699 4877 836 4932 hanc
865 4877 987 4933 illos
1023 4875 1398 4931 necessitatem
1427 4870 1727 4927 induxislis.
1749 4869 1884 4926 Nam
1905 4869 1950 4924 si

355 4974 429 5041 ei,
452 4974 543 5044 qui
568 4989 732 5028 unum
778 4968 1243 5036 scandalizaverit,
1274 4982 1395 5025 cum
1426 4964 1567 5020 mola
1599 4966 1650 5018 in
1680 4979 1828 5019 mare
1853 4962 1950 5018 de-

356 5067 527 5139 mergi
551 5066 768 5139 expedit
797 5083 811 5120 :
841 5081 959 5135 qua:
989 5062 1201 5141 tandem
1231 5076 1421 5132 ptena,
1454 5060 1544 5131 qui
1573 5058 1840 5113 cruciatus
1866 5070 1953 5111 sa-

358 5162 428 5215 tis
452 5168 614 5215 erunt
652 5158 777 5225 illis,
823 5158 913 5229 qui
944 5156 1207 5211 saevitiam
1240 5162 1439 5209 tantam
1472 5162 1526 5208 et
1566 5149 1952 5206 immanitatem

360 5254 411 5306 in
440 5252 637 5307 liberos
674 5250 917 5321 proprios
960 5245 1289 5303 ostendunt?
1322 5245 1604 5313 Quocirca,
1634 5257 1788 5313 rogo,
1820 5255 1955 5295 con-

359 5344 657 5399 tentionem
683 5339 988 5408 remittatis,
1011 5339 1236 5410 sitisque
1259 5334 1700 5409 phi1050phorum
1722 5333 1956 5387 ﬁliorum

425 5500 441 5533 '
476 5508 590 5561 Pro,
611 5511 819 5574 regnum
843 5497 951 5561 Dei,
973 5507 1164 5559 manes,
1204 5500 1385 5559 praeter
1428 5489 1596 5543 Morel.
1632 5490 1836 5553 habent,
1876 5498 1959 5539 re-

361 5574 509 5629 gnum
529 5575 779 5615 uenarum.

1084 316 1444 377 novensus
1479 311 2028 373 orrucuaroans
2068 310 2254 368 νιτῶ
2293 308 2584 367 ΜοΜδτ.
2627 308 2750 366 un.
2791 294 2878 365 fu.

3518 312 3624 368 ass

2036 459 2236 521 patres.
2265 449 2451 521 Neque
2476 448 2528 503 id
2558 448 2846 504 dicendum
2876 455 2981 515 est,
3012 447 3152 518 quod
3178 448 3374 503 multos
3398 459 3627 519 praeten-

2033 542 2158 596 dere
2185 541 2364 596 audio.
2385 540 2522 609 Quid
2553 541 2679 595 illud
2705 541 2826 596 est?
2851 540 2985 595 Cum
3006 540 3327 606 videremus,
3353 542 3619 612 inquiunt,
3679 564 3688 573 -

2028 631 2151 685 illos
2178 632 2242 686 ad
2271 633 2428 687 tinem
2459 633 2740 702 pervenire
2780 646 2885 685 non
2922 646 3101 702 posse,
3137 631 3258 687 ideo
3289 632 3408 687 illos
3436 635 3627 702 prohi'

2030 725 2268 782 buimus.
2296 727 2515 782 Etiamsi
2534 732 2677 782 enim
2696 725 2747 779 id
2767 724 2912 779 clare
2930 724 3287 794 praividisses,
3308 743 3413 782 non
3441 741 3621 787 autem

2033 818 2388 886 coniectando
2415 819 2590 874 solum
2615 835 2630 886 ;
2658 820 2809 873 ntulti
2837 820 2999 887 enim,
3021 820 3110 890 qui
3134 821 3329 890 lapsuri
3357 822 3626 891 putaban-

2030 918 2137 985 t_ur,
2162 919 2444 977 steterunt;
2464 911 2530 977 si,
2554 913 2792 981 inquam,
2814 912 2941 966 illud
2964 921 3139 967 certos
3153 913 3534 983 praescivisses,
3560 929 3630 970 ne

2031 1004 2111 1058 sic
2139 1003 2354 1073 quidem
2385 1003 2532 1057 illum
2560 1002 2836 1058 retrahere
2861 1004 3121 1072 oportuit.
3170 1002 3354 1074 Neque
3380 1006 3546 1069 enim,
3579 1006 3626 1060 si

2031 1097 2312 1165 quospiam
2333 1095 2399 1151 ad
2420 1097 2624 1165 lapsum
2646 1112 2863 1166 pronos,
2883 1105 3128 1167 arreptos
3148 1096 3627 1166 prmcipitaremus,
3668 1082 3676 1090 ‘

2034 1187 2085 1241 id
2115 1188 2267 1242 nobis
2289 1187 2355 1242 ad
2382 1188 2779 1242 excusationem
2807 1187 2934 1243 satis
2961 1196 3123 1255 esset,
3152 1188 3247 1242 sed
3273 1186 3500 1258 idipsnm
3527 1203 3628 1244 nos

2034 1279 2088 1333 in
2136 1279 2323 1348 primis
2376 1273 2781 1334 condemnaret.
2829 1278 2937 1333 Cur
2982 1280 3125 1333 enim
3176 1294 3282 1333 non
3336 1278 3625 1349 permisisti

2033 1382 2093 1428 ut
2107 1390 2174 1429 ex
2199 1374 2343 1428 illius
2361 1373 2586 1442 segnitie
2601 1373 2781 1442 lapsus
2806 1373 3159 1441 contingeret,
3174 1371 3266 1427 sed
3289 1381 3623 1441 prmvertens

2034 1475 2313 1537 peccatum
2343 1466 2472 1521 illud
2490 1466 2734 1535 rapuisti,
2757 1474 3035 1533 totumque
3063 1465 3115 1518 itt
3141 1474 3299 1536 caput
3326 1474 3471 1527 tuum
3497 1480 3627 1520 con-

2030 1558 2250 1630 jecisti?
2276 1560 2484 1624 lmo,ut
2512 1559 2564 1613 id
2594 1560 2746 1613 fieret
2774 1574 2880 1612 non
2907 1556 3325 1630 permittendum
3354 1566 3502 1612 erat:
3525 1572 3625 1612 cur

2037 1652 2181 1707 enim
2197 1668 2301 1706 non
2316 1652 2491 1708 omnia
2518 1651 2713 1718 fecisti,
2733 1661 2789 1706 ut
2808 1667 2876 1706 ne
2896 1660 3075 1706 rueret
3091 1650 3264 1707 ﬁlius?
3284 1649 3466 1721 Itaque
3479 1650 3623 1719 quod

2036 1744 2205 1798 scires
2221 1741 2481 1796 ruiturum
2514 1743 2660 1797 illutn
2691 1756 2833 1809 esse,
2865 1741 2986 1796 ideo
3003 1741 3236 1797 maxime
3256 1741 3516 1811 supplicio
3533 1740 3618 1796 die

2035 1850 2171 1904 gnus
2213 1848 2293 1889 es.
2337 1832 2470 1888 Nam
2517 1849 2639 1889 eum
2675 1833 2763 1903 qui
2792 1833 2842 1887 id
2885 1832 3176 1902 praividet,
3221 1847 3329 1887 non
3366 1816 3628 1902 principi—

2036 1939 2174 1996 tare,
2216 1929 2311 1984 sed
2359 1945 2573 1985 manum
2629 1929 2903 2000 porrigere
2949 1938 3204 2000 Oportet,
3258 1929 3626 2000 maioremque

2037 2020 2448 2076 sollicitudinem
2477 2020 2731 2076 exhibere
2760 2061 2777 2087 ,
2811 2028 2868 2075 ut
2889 2023 2979 2091 qui
3011 2021 3257 2089 lapsurus
3283 2029 3383 2086 est,
3415 2019 3627 2074 fortiter

2037 2112 2314 2175 consistat,
2347 2113 2461 2167 sive
2503 2112 2716 2167 tandem
2757 2119 2902 2168 stare
2943 2113 3130 2181 possit,
3159 2112 3272 2165 sive
3301 2128 3406 2165 non
3436 2111 3621 2181 possit.

2038 2203 2172 2258 Nam
2195 2219 2312 2272 qua:
2350 2218 2514 2273 penes
2542 2220 2640 2258 nos
2665 2213 2819 2258 erant
2846 2204 3026 2258 omnia
3076 2203 3290 2273 exsequi
3319 2204 3620 2273 oportebat,

2039 2297 2249 2352 etiamsi
2297 2297 2386 2351 alii
2431 2296 2563 2351 nihil
2590 2296 2715 2352 inde
2741 2296 2875 2352 lucri
2901 2297 3284 2367 consequuturi
3312 2306 3485 2350 erant.
3516 2296 3625 2350 Cur

2037 2389 2175 2456 hoc,
2204 2397 2259 2445 et
2284 2388 2486 2460 quare?
2518 2387 2587 2445 Ut
2631 2404 2736 2444 non
2782 2403 2812 2443 a
2843 2389 3018 2453 nobis,
3064 2388 3156 2443 sed
3186 2387 3255 2442 ab
3292 2386 3398 2441 illis
3430 2388 3566 2442 ratio
3592 2403 3621 2441 a

2038 2481 2151 2537 Deo
2179 2490 2535 2550 expeteretur.
2556 2479 2709 2548 Quod
2729 2491 2785 2536 et
2811 2486 2924 2550 ipse
2961 2482 3008 2535 ei
3027 2522 3042 2545 ,
3069 2480 3156 2550 qui
3186 2479 3384 2535 talento
3401 2490 3623 2549 accepto

2039 2575 2169 2629 nihil
2201 2574 2437 2630 lucratus
2472 2582 2588 2630 erat
2617 2616 2633 2641 ,
2673 2573 3007 2642 exprobrans
3029 2570 3243 2627 dicebat
3280 2588 3293 2625 :
3349 2571 3621 2641 Oportebat

2037 2666 2174 2722 enim
2206 2676 2271 2733 te,
2301 2665 2502 2735 inquit,
2543 2664 2809 2737 pecuniam
2834 2663 3141 2717 committere
3181 2660 3554 2727 nummulariis,
3583 2670 3629 2715 et

2039 2774 2130 2828 ego
2166 2757 2366 2812 veniens
2403 2773 2516 2810 cum
2541 2770 2698 2810 usura
2726 2754 2998 2826 exegissem
3022 2748 3623 2825 illam(.llatth.25.27).

2038 2849 2482 2920 Oblcmpcremus
2526 2849 2684 2918 igitur
2731 2845 2848 2900 bmc
2877 2845 3153 2908 monenti,
3185 2851 3245 2898 ut
3310 2843 3627 2914 supplicium

2039 2941 2376 3012 effugiemus.
2405 2939 2586 3009 Neque
2614 2936 2756 2993 enim
2785 2938 2951 2991 Deum
2979 2977 2995 3003 ,
3026 2950 3148 2990 cum
3196 2935 3499 2990 hominibus
3528 2933 3629 2989 fal-

2040 3034 2153 3089 lere
2177 3033 2495 3104 poterimus,
2523 3032 2614 3101 qui
2640 3039 2912 3085 scrutatur
2940 3030 3124 3095 corda,
3152 3037 3206 3083 et
3231 3028 3410 3083 omnia
3431 3029 3485 3081 in
3512 3043 3629 3081 me~

2040 3123 2189 3179 dium
2220 3123 2349 3192 agit,
2370 3123 2461 3191 qui
2494 3120 2695 3190 ubique
2735 3120 2896 3175 etiam
2927 3118 2997 3174 de
3024 3119 3251 3172 filiorum
3273 3118 3442 3171 salute
3468 3117 3632 3171 ratio-

2041 3229 2167 3269 nem
2215 3227 2246 3267 a
2275 3210 2436 3267 nobis
2470 3212 2694 3281 expetit.
2729 3209 2786 3264 Si
2812 3209 2955 3264 enim
2996 3209 3062 3272 is,
3089 3209 3179 3278 qui
3216 3208 3493 3278 pecuniam
3521 3222 3629 3261 non

2040 3304 2381 3374 deposuerat,
2413 3309 2589 3356 tantas
2622 3314 2812 3372 positas
2840 3299 3009 3364 dedit,
3038 3298 3129 3367 qui
3154 3297 3431 3374 deponere.
3448 3298 3635 3351 volen-

2044 3413 2124 3460 tes
2154 3395 2377 3474 impedit
2408 3444 2423 3471 ,
2467 3406 2596 3475 quid
2623 3393 2896 3474 patietur?
2922 3394 3039 3458 Non
3085 3403 3256 3458 solum
3301 3404 3441 3459 enim
3469 3407 3512 3459 si
3540 3404 3633 3461 ﬁlii

2044 3492 2231 3554 nostro
2258 3498 2486 3554 consilio
2519 3498 2572 3554 in
2604 3496 2880 3554 smeularia
2913 3497 3120 3567 negotia
3143 3491 3512 3560 devehantur,
3539 3498 3631 3553 sed

2043 3591 2203 3646 etiam
2232 3589 2278 3644 si
2306 3588 2562 3657 impetum
2590 3595 2832 3642 nostrum
2856 3586 3065 3642 fortiter
3091 3586 3324 3642 ferentes
3345 3628 3361 3653 ,
3393 3592 3459 3642 ad
3482 3603 3635 3642 mon—

2046 3691 2126 3737 tes
2171 3696 2231 3737 se
2279 3681 2583 3751 recipiant,
2629 3679 2771 3736 idem
2817 3679 3135 3750 supplicium
3174 3679 3416 3735 imminet
3459 3681 3523 3735 iis
3546 3681 3635 3750 qui

2046 3775 2192 3845 ipsos
2240 3772 2503 3846 impedire
2545 3772 2834 3833 voluerint.
2883 3761 3344 3841 Quemadmodum
3373 3772 3517 3827 enim
3544 3773 3634 3842 qui

2046 3866 2111 3921 ad
2141 3865 2534 3938 phil030phiam
2565 3864 2831 3932 hortatur,
2864 3863 2978 3919 sive
3005 3861 3346 3934 persuadeat,
3367 3864 3478 3917 sive
3505 3878 3633 3928 non,

2046 3960 2344 4031 perfectam
2371 3956 2676 4013 mercedem
2706 3954 2867 4011 habet
2897 3956 3042 4027 (nam
3068 3964 3237 4039 totum
3261 3955 3311 4009 id
3332 3952 3635 4025 fecit,quod

2047 4068 2214 4125 penes
2240 4068 2299 4108 se
2325 4049 2510 4120 erat),
2541 4051 2618 4106 sic
2646 4059 2701 4105 et
2738 4049 2827 4120 qui
2855 4048 3088 4117 aliquem
3127 4045 3358 4118 perdere
3387 4045 3637 4109 voluerit,

2050 4147 2163 4202 sive
2187 4146 2425 4212 heserit,
2467 4145 2582 4199 sive
2621 4158 2729 4198 non
2758 4143 2986 4209 laeserit,
3032 4139 3221 4196 eodem
3259 4138 3515 4210 supplicio
3545 4153 3640 4208 pti-

2050 4239 2262 4304 nietur;
2293 4253 2415 4291 nam
2445 4235 2584 4307 quod
2627 4236 2798 4306 potuit
2848 4244 3014 4289 totum
3042 4232 3302 4303 implevit.
3335 4233 3514 4302 Itaque
3539 4230 3639 4286 etsi

2050 4330 2180 4386 nihil
2211 4329 2489 4400 potueritis
2514 4325 2580 4381 ad
2630 4340 2923 4396 generosos
2968 4325 3198 4379 ﬁliorum
3251 4325 3457 4379 animos
3500 4321 3639 4391 deji-

2052 4422 2273 4477 ciendos
2303 4429 2357 4475 et
2385 4416 2809 4482 subverti-udos,
2844 4424 3068 4470 conatus
3092 4415 3281 4470 saltem
3318 4413 3480 4467 vestri
3525 4422 3639 4467 tau-
3738 4484 3741 4487 _

2053 4526 2136 4572 tas
2174 4531 2359 4587 pmnas
2380 4513 2575 4569 dabitis
2594 4555 2607 4577 ,
2632 4521 2859 4582 quantas
2885 4510 2973 4581 qui
3012 4508 3353 4579 dejecissent.
3380 4507 3507 4562 Hrec
3543 4506 3642 4578 igi-

2055 4619 2144 4666 tur
2168 4612 2416 4666 universa
2457 4608 2771 4678 cogitantes,
2804 4604 2985 4660 missis
3013 4599 3441 4657 cavillationibus
3464 4599 3639 4655 omni-

2054 4704 2155 4759 bus
2181 4743 2196 4769 ,
2248 4700 2559 4755 Studeamus
2583 4709 2966 4768 generosorum
3016 4692 3243 4747 ﬁliorum
3285 4698 3464 4760 patres
3489 4704 3641 4753 esse,

2055 4792 2492 4851 Christiferorum
2516 4788 2822 4845 conditores
2850 4781 3530 4856 templorum,athletarum
3547 4796 3647 4837 cte-

2056 4887 2269 4942 lestium
2299 4892 2599 4947 curatores,
2629 4888 2915 4950 tingentes,
2943 4876 3231 4947 erigentes,
3251 4873 3484 4944 undique
3500 4886 3647 4928 com-

2059 4979 2233 5035 modis
2259 4979 2473 5033 illorum
2500 4973 2867 5036 consulentes,
2897 4978 2956 5026 ut
2996 4970 3107 5025 illic
3149 4981 3470 5024 coronarum
3512 4980 3646 5020 cono

2058 5081 2232 5127 sortes
2257 5068 2573 5124 efﬁciamur.
2623 5064 2716 5123 Sin
2741 5073 2921 5121 autem
2960 5059 3371 5127 contenderitis,
3413 5057 3506 5112 ﬁlii
3527 5058 3647 5127 qui-

2059 5164 2203 5231 dem,
2226 5162 2270 5218 si
2303 5158 2876 5221 fortitudine'valeant,
2909 5155 2994 5210 vel
3022 5154 3202 5210 invitis
3237 5152 3391 5209 vobis
3415 5150 3483 5206 ad
3512 5149 3649 5205 hanc

2059 5254 2373 5327 pervenient
2400 5250 2815 5324 philosophiam,
2844 5248 3219 5318 universisque
3260 5242 3507 5300 fruentur
3551 5242 3647 5297 bo.

2060 5348 2184 5416 nis;
2214 5347 2367 5403 vobis
2398 5354 2578 5401 autem
2622 5341 2676 5397 id
2714 5341 3020 5411 continget,
3050 5346 3109 5393 ut
3152 5338 3476 5393 immensum
3501 5332 3651 5387 vobis

2061 5441 2359 5498 cruciatum
2387 5436 2711 5509 congeratis,
2744 5443 2977 5504 tuncque
3000 5430 3141 5486 dicta
3163 5437 3351 5484 nostra
3381 5423 3615 5481 laudetis
3634 5461 3651 5487 ,

2061 5550 2184 5590 cum
2211 5549 2282 5590 ex
2310 5532 2378 5591 iis
2406 5529 2655 5589 laudibus
2679 5525 2813 5584 nihil
2842 5524 3090 5583 utilitatis
3112 5520 3389 5594 percipere
3413 5515 3613 5574 licebit.
