  <div class='ocr_page' id='page_1' title='image "/cluster/home/n/w/nwhite01/storage/ocr_20150623/47/mdp.39015012902212/347.png"; bbox 0 0 4124 6144; ppageno 0'>
   <div class='ocr_carea' id='block_1_1' title="bbox 475 301 642 360">
    <p class='ocr_par' dir='ltr' id='par_1_1' title="bbox 475 301 642 360">
     <span class='ocr_line' id='line_1_1' title="bbox 475 301 642 360; baseline -0.012 -1"><span class='ocrx_word' id='word_1_1' title='bbox 475 326 483 334; x_wconf 64' lang='grc' dir='ltr'>δ</span> <span class='ocrx_word' id='word_1_2' title='bbox 541 301 642 360; x_wconf 73' lang='lat'><strong>381</strong></span> 
     </span>
    </p>
   </div>
   <div class='ocr_carea' id='block_1_2' title="bbox 1292 292 3121 354">
    <p class='ocr_par' dir='ltr' id='par_1_2' title="bbox 1292 292 3121 354">
     <span class='ocr_line' id='line_1_2' title="bbox 1292 292 3121 354; baseline -0.003 -2"><span class='ocrx_word' id='word_1_3' title='bbox 1292 296 1349 352; x_wconf 81' lang='lat' dir='ltr'><strong>S.</strong></span> <span class='ocrx_word' id='word_1_4' title='bbox 1378 294 1663 352; x_wconf 78' lang='lat' dir='ltr'><strong>JOANNIS</strong></span> <span class='ocrx_word' id='word_1_5' title='bbox 1693 293 2178 353; x_wconf 76' lang='lat' dir='ltr'><strong>CllRYSOSTOMl</strong></span> <span class='ocrx_word' id='word_1_6' title='bbox 2217 295 2532 354; x_wconf 74' lang='lat' dir='ltr'><strong>ARCHIEP.</strong></span> <span class='ocrx_word' id='word_1_7' title='bbox 2576 292 3121 354; x_wconf 73' lang='lat' dir='ltr'><strong>CONSTANTINOP.</strong></span> 
     </span>
    </p>
   </div>
   <div class='ocr_carea' id='block_1_3' title="bbox 3699 296 3804 349">
    <p class='ocr_par' dir='ltr' id='par_1_3' title="bbox 3699 296 3804 349">
     <span class='ocr_line' id='line_1_3' title="bbox 3699 296 3804 349; baseline 0.038 -4"><span class='ocrx_word' id='word_1_8' title='bbox 3699 296 3804 349; x_wconf 61' lang='lat'><strong>7:88</strong></span> 
     </span>
    </p>
   </div>
   <div class='ocr_carea' id='block_1_4' title="bbox 1574 712 2774 790">
    <p class='ocr_par' dir='ltr' id='par_1_4' title="bbox 1574 712 2774 790">
     <span class='ocr_line' id='line_1_4' title="bbox 1574 712 2774 790; baseline 0.001 -16"><span class='ocrx_word' id='word_1_9' title='bbox 1574 714 1740 790; x_wconf 80' lang='grc'><strong>[116]</strong></span> <span class='ocrx_word' id='word_1_10' title='bbox 1779 713 1861 774; x_wconf 87' lang='grc' dir='ltr'><strong>ΙΝ</strong></span> <span class='ocrx_word' id='word_1_11' title='bbox 1904 712 2258 787; x_wconf 84' lang='lat' dir='ltr'><strong>SEQUENS</strong></span> <span class='ocrx_word' id='word_1_12' title='bbox 2302 712 2774 775; x_wconf 82' lang='lat' dir='ltr'><strong>OPUSCULUM</strong></span> 
     </span>
    </p>
   </div>
   <div class='ocr_carea' id='block_1_5' title="bbox 596 945 2116 1019">
    <p class='ocr_par' dir='ltr' id='par_1_5' title="bbox 596 945 2116 1019">
     <span class='ocr_line' id='line_1_5' title="bbox 596 945 2116 1019; baseline -0.002 -16"><span class='ocrx_word' id='word_1_13' title='bbox 596 947 716 1003; x_wconf 75' lang='lat' dir='ltr'><strong>Jam</strong></span> <span class='ocrx_word' id='word_1_14' title='bbox 745 962 931 1019; x_wconf 89' lang='lat' dir='ltr'><strong>supra,</strong></span> <span class='ocrx_word' id='word_1_15' title='bbox 966 947 1108 1001; x_wconf 86' lang='lat' dir='ltr'><strong>libro</strong></span> <span class='ocrx_word' id='word_1_16' title='bbox 1139 963 1200 1012; x_wconf 85' lang='lat' dir='ltr'><strong>ll,</strong></span> <span class='ocrx_word' id='word_1_17' title='bbox 1232 962 1384 1001; x_wconf 90' lang='lat' dir='ltr'><strong>num.</strong></span> <span class='ocrx_word' id='word_1_18' title='bbox 1420 945 1476 1011; x_wconf 84' lang='lat'><strong>6,</strong></span> <span class='ocrx_word' id='word_1_19' title='bbox 1520 945 1948 1017; x_wconf 70' lang='lat' dir='ltr'><strong>Chrysostomus</strong></span> <span class='ocrx_word' id='word_1_20' title='bbox 1994 959 2116 1000; x_wconf 86' lang='lat' dir='ltr'><strong>mo-</strong></span> 
     </span>
    </p>
   </div>
   <div class='ocr_carea' id='block_1_6' title="bbox 531 1047 2113 1122">
    <p class='ocr_par' dir='ltr' id='par_1_6' title="bbox 531 1047 2113 1122">
     <span class='ocr_line' id='line_1_6' title="bbox 531 1047 2113 1122; baseline -0.003 -14"><span class='ocrx_word' id='word_1_21' title='bbox 531 1053 771 1108; x_wconf 86' lang='lat' dir='ltr'><strong>nachum</strong></span> <span class='ocrx_word' id='word_1_22' title='bbox 805 1068 927 1108; x_wconf 91' lang='lat' dir='ltr'><strong>cum</strong></span> <span class='ocrx_word' id='word_1_23' title='bbox 958 1066 1085 1122; x_wconf 86' lang='lat' dir='ltr'><strong>rege</strong></span> <span class='ocrx_word' id='word_1_24' title='bbox 1118 1050 1202 1105; x_wconf 88' lang='lat' dir='ltr'><strong>vel</strong></span> <span class='ocrx_word' id='word_1_25' title='bbox 1233 1051 1564 1121; x_wconf 79' lang='lat' dir='ltr'><strong>imperatore</strong></span> <span class='ocrx_word' id='word_1_26' title='bbox 1595 1058 1995 1120; x_wconf 86' lang='lat' dir='ltr'><strong>comparatum,</strong></span> <span class='ocrx_word' id='word_1_27' title='bbox 2022 1047 2113 1104; x_wconf 74' lang='lat' dir='ltr'><strong>ilio</strong></span> 
     </span>
    </p>
   </div>
   <div class='ocr_carea' id='block_1_7' title="bbox 536 1153 2114 1228">
    <p class='ocr_par' dir='ltr' id='par_1_7' title="bbox 536 1153 2114 1228">
     <span class='ocr_line' id='line_1_7' title="bbox 536 1153 2114 1228; baseline -0.002 -16"><span class='ocrx_word' id='word_1_28' title='bbox 536 1157 953 1214; x_wconf 90' lang='lat' dir='ltr'><strong>fortunatiorem</strong></span> <span class='ocrx_word' id='word_1_29' title='bbox 977 1166 1029 1213; x_wconf 89' lang='lat' dir='ltr'><strong>et</strong></span> <span class='ocrx_word' id='word_1_30' title='bbox 1051 1157 1411 1228; x_wconf 88' lang='lat' dir='ltr'><strong>potentiorem</strong></span> <span class='ocrx_word' id='word_1_31' title='bbox 1436 1170 1556 1210; x_wconf 88' lang='lat' dir='ltr'><strong>esse</strong></span> <span class='ocrx_word' id='word_1_32' title='bbox 1575 1155 1843 1225; x_wconf 88' lang='lat' dir='ltr'><strong>probavit.</strong></span> <span class='ocrx_word' id='word_1_33' title='bbox 1872 1153 2114 1225; x_wconf 87' lang='lat' dir='ltr'><strong>Idipsum</strong></span> 
     </span>
    </p>
   </div>
   <div class='ocr_carea' id='block_1_8' title="bbox 534 1261 2117 1332">
    <p class='ocr_par' dir='ltr' id='par_1_8' title="bbox 534 1261 2117 1332">
     <span class='ocr_line' id='line_1_8' title="bbox 534 1261 2117 1332; baseline -0.002 -16"><span class='ocrx_word' id='word_1_34' title='bbox 534 1272 715 1318; x_wconf 88' lang='lat' dir='ltr'><strong>autem</strong></span> <span class='ocrx_word' id='word_1_35' title='bbox 748 1263 801 1316; x_wconf 93' lang='lat' dir='ltr'><strong>in</strong></span> <span class='ocrx_word' id='word_1_36' title='bbox 833 1262 939 1317; x_wconf 91' lang='lat' dir='ltr'><strong>hoc</strong></span> <span class='ocrx_word' id='word_1_37' title='bbox 976 1261 1240 1332; x_wconf 63' lang='lat' dir='ltr'><strong>opumulo</strong></span> <span class='ocrx_word' id='word_1_38' title='bbox 1287 1270 1406 1315; x_wconf 92' lang='lat' dir='ltr'><strong>toto</strong></span> <span class='ocrx_word' id='word_1_39' title='bbox 1443 1267 1872 1328; x_wconf 86' lang='lat' dir='ltr'><strong>commonstrat;</strong></span> <span class='ocrx_word' id='word_1_40' title='bbox 1919 1274 2117 1330; x_wconf 85' lang='lat' dir='ltr'><strong>nempe</strong></span> 
     </span>
    </p>
   </div>
   <div class='ocr_carea' id='block_1_9' title="bbox 534 1364 2119 1439">
    <p class='ocr_par' dir='ltr' id='par_1_9' title="bbox 534 1364 2119 1439">
     <span class='ocr_line' id='line_1_9' title="bbox 534 1364 2119 1439; baseline -0.003 -16"><span class='ocrx_word' id='word_1_41' title='bbox 534 1383 658 1424; x_wconf 86' lang='lat' dir='ltr'><strong>eum</strong></span> <span class='ocrx_word' id='word_1_42' title='bbox 689 1368 783 1439; x_wconf 90' lang='lat' dir='ltr'><strong>qui</strong></span> <span class='ocrx_word' id='word_1_43' title='bbox 816 1366 1200 1439; x_wconf 70' lang='lat' dir='ltr'><strong>philosophiae,</strong></span> <span class='ocrx_word' id='word_1_44' title='bbox 1229 1368 1311 1422; x_wconf 86' lang='lat' dir='ltr'><strong>sic</strong></span> <span class='ocrx_word' id='word_1_45' title='bbox 1342 1368 1485 1422; x_wconf 85' lang='lat' dir='ltr'><strong>enim</strong></span> <span class='ocrx_word' id='word_1_46' title='bbox 1526 1365 1727 1435; x_wconf 85' lang='lat' dir='ltr'><strong>passim</strong></span> <span class='ocrx_word' id='word_1_47' title='bbox 1759 1364 2119 1421; x_wconf 82' lang='lat' dir='ltr'><strong>monasticam</strong></span> 
     </span>
    </p>
   </div>
   <div class='ocr_carea' id='block_1_10' title="bbox 2220 946 3796 1025">
    <p class='ocr_par' dir='ltr' id='par_1_10' title="bbox 2220 946 3796 1025">
     <span class='ocr_line' id='line_1_10' title="bbox 2220 946 3796 1025; baseline 0.008 -27"><span class='ocrx_word' id='word_1_48' title='bbox 2220 946 2384 999; x_wconf 88' lang='lat' dir='ltr'><strong>vitam</strong></span> <span class='ocrx_word' id='word_1_49' title='bbox 2418 946 2674 1016; x_wconf 86' lang='lat' dir='ltr'><strong>appellat,</strong></span> <span class='ocrx_word' id='word_1_50' title='bbox 2699 947 2792 1001; x_wconf 90' lang='lat' dir='ltr'><strong>dat</strong></span> <span class='ocrx_word' id='word_1_51' title='bbox 2815 962 3061 1017; x_wconf 86' lang='lat' dir='ltr'><strong>operam,</strong></span> <span class='ocrx_word' id='word_1_52' title='bbox 3089 964 3213 1020; x_wconf 85' lang='lat' dir='ltr'><strong>rege</strong></span> <span class='ocrx_word' id='word_1_53' title='bbox 3241 951 3492 1007; x_wconf 82' lang='lat' dir='ltr'><strong>ditiorem</strong></span> <span class='ocrx_word' id='word_1_54' title='bbox 3523 963 3576 1008; x_wconf 90' lang='lat' dir='ltr'><strong>ct</strong></span> <span class='ocrx_word' id='word_1_55' title='bbox 3607 966 3796 1025; x_wconf 89' lang='lat' dir='ltr'><strong>potcn-</strong></span> 
     </span>
    </p>
   </div>
   <div class='ocr_carea' id='block_1_11' title="bbox 2221 1054 3801 1124">
    <p class='ocr_par' dir='ltr' id='par_1_11' title="bbox 2221 1054 3801 1124">
     <span class='ocr_line' id='line_1_11' title="bbox 2221 1054 3801 1124; baseline 0.007 -18"><span class='ocrx_word' id='word_1_56' title='bbox 2221 1054 2413 1109; x_wconf 85' lang='lat' dir='ltr'><strong>tiorem</strong></span> <span class='ocrx_word' id='word_1_57' title='bbox 2439 1069 2579 1118; x_wconf 88' lang='lat' dir='ltr'><strong>esse,</strong></span> <span class='ocrx_word' id='word_1_58' title='bbox 2629 1055 2681 1108; x_wconf 92' lang='lat' dir='ltr'><strong>in</strong></span> <span class='ocrx_word' id='word_1_59' title='bbox 2724 1055 2865 1109; x_wconf 86' lang='lat' dir='ltr'><strong>bello</strong></span> <span class='ocrx_word' id='word_1_60' title='bbox 2897 1055 3199 1124; x_wconf 80' lang='lat' dir='ltr'><strong>fortiorem,</strong></span> <span class='ocrx_word' id='word_1_61' title='bbox 3244 1058 3560 1114; x_wconf 87' lang='lat' dir='ltr'><strong>hominibus</strong></span> <span class='ocrx_word' id='word_1_62' title='bbox 3609 1062 3801 1117; x_wconf 85' lang='lat' dir='ltr'><strong>deme-</strong></span> 
     </span>
    </p>
   </div>
   <div class='ocr_carea' id='block_1_12' title="bbox 2221 1157 3803 1232">
    <p class='ocr_par' dir='ltr' id='par_1_12' title="bbox 2221 1157 3803 1232">
     <span class='ocr_line' id='line_1_12' title="bbox 2221 1157 3803 1232; baseline 0.006 -20"><span class='ocrx_word' id='word_1_63' title='bbox 2221 1157 2408 1213; x_wconf 87' lang='lat' dir='ltr'><strong>rendis</strong></span> <span class='ocrx_word' id='word_1_64' title='bbox 2433 1174 2497 1212; x_wconf 88' lang='lat' dir='ltr'><strong>ac</strong></span> <span class='ocrx_word' id='word_1_65' title='bbox 2518 1159 2781 1214; x_wconf 82' lang='lat' dir='ltr'><strong>beneﬁcio</strong></span> <span class='ocrx_word' id='word_1_66' title='bbox 2797 1160 3061 1216; x_wconf 79' lang='lat' dir='ltr'><strong>ornandis</strong></span> <span class='ocrx_word' id='word_1_67' title='bbox 3084 1163 3373 1232; x_wconf 88' lang='lat' dir='ltr'><strong>aptiorem,</strong></span> <span class='ocrx_word' id='word_1_68' title='bbox 3403 1164 3457 1219; x_wconf 94' lang='lat' dir='ltr'><strong>in</strong></span> <span class='ocrx_word' id='word_1_69' title='bbox 3489 1165 3638 1220; x_wconf 90' lang='lat' dir='ltr'><strong>obitu</strong></span> <span class='ocrx_word' id='word_1_70' title='bbox 3669 1167 3803 1221; x_wconf 86' lang='lat' dir='ltr'><strong>bca-</strong></span> 
     </span>
    </p>
   </div>
   <div class='ocr_carea' id='block_1_13' title="bbox 2222 1263 3799 1339">
    <p class='ocr_par' dir='ltr' id='par_1_13' title="bbox 2222 1263 3799 1339">
     <span class='ocr_line' id='line_1_13' title="bbox 2222 1263 3799 1339; baseline 0.006 -23"><span class='ocrx_word' id='word_1_71' title='bbox 2222 1263 2439 1318; x_wconf 89' lang='lat' dir='ltr'><strong>tiorem.</strong></span> <span class='ocrx_word' id='word_1_72' title='bbox 2459 1263 2595 1318; x_wconf 83' lang='lat' dir='ltr'><strong>Cum</strong></span> <span class='ocrx_word' id='word_1_73' title='bbox 2621 1264 2785 1335; x_wconf 91' lang='lat' dir='ltr'><strong>igitur</strong></span> <span class='ocrx_word' id='word_1_74' title='bbox 2812 1265 3055 1334; x_wconf 88' lang='lat' dir='ltr'><strong>ejusdem</strong></span> <span class='ocrx_word' id='word_1_75' title='bbox 3085 1269 3391 1339; x_wconf 77' lang='lat' dir='ltr'><strong>argumenti</strong></span> <span class='ocrx_word' id='word_1_76' title='bbox 3427 1270 3498 1323; x_wconf 85' lang='lat' dir='ltr'><strong>sit</strong></span> <span class='ocrx_word' id='word_1_77' title='bbox 3523 1270 3612 1324; x_wconf 86' lang='lat' dir='ltr'><strong>hic</strong></span> <span class='ocrx_word' id='word_1_78' title='bbox 3638 1271 3799 1325; x_wconf 78' lang='lat' dir='ltr'><strong>libel-</strong></span> 
     </span>
    </p>
   </div>
   <div class='ocr_carea' id='block_1_14' title="bbox 2233 1365 3794 1442">
    <p class='ocr_par' dir='ltr' id='par_1_14' title="bbox 2233 1365 3794 1442">
     <span class='ocr_line' id='line_1_14' title="bbox 2233 1365 3794 1442; baseline 0.006 -23"><span class='ocrx_word' id='word_1_79' title='bbox 2233 1365 2320 1420; x_wconf 91' lang='lat' dir='ltr'><strong>lus</strong></span> <span class='ocrx_word' id='word_1_80' title='bbox 2378 1375 2541 1436; x_wconf 81' lang='lat' dir='ltr'><strong>atque</strong></span> <span class='ocrx_word' id='word_1_81' title='bbox 2583 1376 2693 1421; x_wconf 89' lang='lat' dir='ltr'><strong>tres</strong></span> <span class='ocrx_word' id='word_1_82' title='bbox 2729 1368 2970 1437; x_wconf 91' lang='lat' dir='ltr'><strong>priores,</strong></span> <span class='ocrx_word' id='word_1_83' title='bbox 3014 1379 3319 1439; x_wconf 86' lang='lat' dir='ltr'><strong>opportune</strong></span> <span class='ocrx_word' id='word_1_84' title='bbox 3357 1380 3480 1442; x_wconf 82' lang='lat' dir='ltr'><strong>post</strong></span> <span class='ocrx_word' id='word_1_85' title='bbox 3524 1374 3646 1428; x_wconf 85' lang='lat' dir='ltr'><strong>illos</strong></span> <span class='ocrx_word' id='word_1_86' title='bbox 3685 1390 3794 1429; x_wconf 85' lang='lat' dir='ltr'><strong>una</strong></span> 
     </span>
    </p>
   </div>
   <div class='ocr_carea' id='block_1_15' title="bbox 520 1948 3791 2016">
    <p class='ocr_par' dir='ltr' id='par_1_15' title="bbox 520 1948 3791 2016">
     <span class='ocr_line' id='line_1_15' title="bbox 520 1948 3791 2016; baseline 0.002 -9"><span class='ocrx_word' id='word_1_87' title='bbox 520 1948 968 2007; x_wconf 77' lang='lat' dir='ltr'><strong>COMPARATIO</strong></span> <span class='ocrx_word' id='word_1_88' title='bbox 1005 1948 1409 2013; x_wconf 70' lang='grc' dir='ltr'><strong>ΡΟΤΕΝΤΙΛΕ,</strong></span> <span class='ocrx_word' id='word_1_89' title='bbox 1452 1948 1862 2003; x_wconf 76' lang='lat' dir='ltr'><strong>DlVlTIARUM</strong></span> <span class='ocrx_word' id='word_1_90' title='bbox 1903 1949 1992 2004; x_wconf 88' lang='grc' dir='ltr'><strong>ΕΤ</strong></span> <span class='ocrx_word' id='word_1_91' title='bbox 2032 1949 2543 2007; x_wconf 75' lang='lat' dir='ltr'><strong>EXCELLENTIE</strong></span> <span class='ocrx_word' id='word_1_92' title='bbox 2598 1950 2835 2016; x_wconf 80' lang='lat' dir='ltr'><strong>REGIS,</strong></span> <span class='ocrx_word' id='word_1_93' title='bbox 2876 1951 3020 2006; x_wconf 81' lang='lat' dir='ltr'><strong>CUM</strong></span> <span class='ocrx_word' id='word_1_94' title='bbox 3063 1951 3399 2011; x_wconf 75' lang='lat' dir='ltr'><strong>MONACIIO</strong></span> <span class='ocrx_word' id='word_1_95' title='bbox 3438 1955 3507 2010; x_wconf 83' lang='lat' dir='ltr'><strong>IN</strong></span> <span class='ocrx_word' id='word_1_96' title='bbox 3547 1955 3791 2013; x_wconf 61' lang='grc' dir='ltr'><strong>γεωδα-</strong></span> 
     </span>
    </p>
   </div>
   <div class='ocr_carea' id='block_1_16' title="bbox 1318 2037 2995 2099">
    <p class='ocr_par' dir='ltr' id='par_1_16' title="bbox 1318 2037 2995 2099">
     <span class='ocr_line' id='line_1_16' title="bbox 1318 2037 2995 2099; baseline 0.003 -6"><span class='ocrx_word' id='word_1_97' title='bbox 1318 2037 1483 2094; x_wconf 79' lang='lat' dir='ltr'><strong>SIMA</strong></span> <span class='ocrx_word' id='word_1_98' title='bbox 1525 2038 1613 2093; x_wconf 83' lang='lat' dir='ltr'><strong>ET</strong></span> <span class='ocrx_word' id='word_1_99' title='bbox 1643 2039 2064 2095; x_wconf 71' lang='lat' dir='ltr'><strong>(IllRlSTlANA</strong></span> <span class='ocrx_word' id='word_1_100' title='bbox 2109 2039 2584 2097; x_wconf 78' lang='lat' dir='ltr'><strong>PHILOSOPHIA</strong></span> <span class='ocrx_word' id='word_1_101' title='bbox 2627 2041 2995 2099; x_wconf 70' lang='lat' dir='ltr'><strong>VIVENTE‘.</strong></span> 
     </span>
    </p>
   </div>
   <div class='ocr_carea' id='block_1_17' title="bbox 618 2372 2112 2444">
    <p class='ocr_par' dir='ltr' id='par_1_17' title="bbox 618 2372 2112 2444">
     <span class='ocr_line' id='line_1_17' title="bbox 618 2372 2112 2444; baseline -0.001 -15"><span class='ocrx_word' id='word_1_102' title='bbox 618 2375 670 2429; x_wconf 71' lang='grc' dir='ltr'><strong>Ι.</strong></span> <span class='ocrx_word' id='word_1_103' title='bbox 699 2372 811 2444; x_wconf 88' lang='lat' dir='ltr'><strong>Ego</strong></span> <span class='ocrx_word' id='word_1_104' title='bbox 835 2387 958 2428; x_wconf 91' lang='lat' dir='ltr'><strong>cum</strong></span> <span class='ocrx_word' id='word_1_105' title='bbox 996 2372 1204 2428; x_wconf 88' lang='lat' dir='ltr'><strong>intuear</strong></span> <span class='ocrx_word' id='word_1_106' title='bbox 1224 2388 1295 2428; x_wconf 77' lang='lat' dir='ltr'><strong>ex</strong></span> <span class='ocrx_word' id='word_1_107' title='bbox 1335 2372 1639 2428; x_wconf 88' lang='lat' dir='ltr'><strong>hominibus</strong></span> <span class='ocrx_word' id='word_1_108' title='bbox 1665 2372 1967 2442; x_wconf 87' lang='lat' dir='ltr'><strong>complures</strong></span> <span class='ocrx_word' id='word_1_109' title='bbox 1992 2387 2112 2442; x_wconf 65' lang='lat' dir='ltr'><strong>quae</strong></span> 
     </span>
    </p>
   </div>
   <div class='ocr_carea' id='block_1_18' title="bbox 546 2462 2111 2534">
    <p class='ocr_par' dir='ltr' id='par_1_18' title="bbox 546 2462 2111 2534">
     <span class='ocr_line' id='line_1_18' title="bbox 546 2462 2111 2534; baseline -0.001 -16"><span class='ocrx_word' id='word_1_110' title='bbox 546 2465 683 2518; x_wconf 87' lang='lat' dir='ltr'><strong>bona</strong></span> <span class='ocrx_word' id='word_1_111' title='bbox 720 2477 839 2519; x_wconf 88' lang='lat' dir='ltr'><strong>esse</strong></span> <span class='ocrx_word' id='word_1_112' title='bbox 877 2462 1144 2527; x_wconf 87' lang='lat' dir='ltr'><strong>videntur,</strong></span> <span class='ocrx_word' id='word_1_113' title='bbox 1171 2478 1234 2518; x_wconf 90' lang='lat' dir='ltr'><strong>ea</strong></span> <span class='ocrx_word' id='word_1_114' title='bbox 1266 2463 1452 2534; x_wconf 87' lang='lat' dir='ltr'><strong>majori</strong></span> <span class='ocrx_word' id='word_1_115' title='bbox 1477 2471 1533 2519; x_wconf 90' lang='lat' dir='ltr'><strong>et</strong></span> <span class='ocrx_word' id='word_1_116' title='bbox 1575 2477 1757 2518; x_wconf 88' lang='lat' dir='ltr'><strong>amore</strong></span> <span class='ocrx_word' id='word_1_117' title='bbox 1798 2471 1852 2517; x_wconf 92' lang='lat' dir='ltr'><strong>ct</strong></span> <span class='ocrx_word' id='word_1_118' title='bbox 1879 2462 2111 2517; x_wconf 83' lang='lat' dir='ltr'><strong>admira-</strong></span> 
     </span>
    </p>
   </div>
   <div class='ocr_carea' id='block_1_19' title="bbox 542 2554 2111 2626">
    <p class='ocr_par' dir='ltr' id='par_1_19' title="bbox 542 2554 2111 2626">
     <span class='ocr_line' id='line_1_19' title="bbox 542 2554 2111 2626; baseline 0 -17"><span class='ocrx_word' id='word_1_119' title='bbox 542 2555 686 2609; x_wconf 85' lang='lat' dir='ltr'><strong>tione</strong></span> <span class='ocrx_word' id='word_1_120' title='bbox 731 2554 960 2621; x_wconf 87' lang='lat' dir='ltr'><strong>sectari,</strong></span> <span class='ocrx_word' id='word_1_121' title='bbox 988 2570 1145 2625; x_wconf 90' lang='lat' dir='ltr'><strong>quam</strong></span> <span class='ocrx_word' id='word_1_122' title='bbox 1191 2571 1310 2626; x_wconf 75' lang='lat' dir='ltr'><strong>qum</strong></span> <span class='ocrx_word' id='word_1_123' title='bbox 1338 2566 1523 2610; x_wconf 91' lang='lat' dir='ltr'><strong>natura</strong></span> <span class='ocrx_word' id='word_1_124' title='bbox 1570 2570 1635 2609; x_wconf 91' lang='lat' dir='ltr'><strong>ac</strong></span> <span class='ocrx_word' id='word_1_125' title='bbox 1672 2555 1947 2611; x_wconf 74' lang='lat' dir='ltr'><strong>verissime</strong></span> <span class='ocrx_word' id='word_1_126' title='bbox 1974 2555 2111 2611; x_wconf 88' lang='lat' dir='ltr'><strong>bona</strong></span> 
     </span>
    </p>
   </div>
   <div class='ocr_carea' id='block_1_20' title="bbox 541 2645 2111 2711">
    <p class='ocr_par' dir='ltr' id='par_1_20' title="bbox 541 2645 2111 2711">
     <span class='ocr_line' id='line_1_20' title="bbox 541 2645 2111 2711; baseline 0.002 -11"><span class='ocrx_word' id='word_1_127' title='bbox 541 2654 665 2700; x_wconf 89' lang='lat' dir='ltr'><strong>sunt</strong></span> <span class='ocrx_word' id='word_1_128' title='bbox 694 2661 710 2699; x_wconf 89' lang='lat'><strong>:</strong></span> <span class='ocrx_word' id='word_1_129' title='bbox 739 2645 1096 2700; x_wconf 88' lang='lat' dir='ltr'><strong>necessarium</strong></span> <span class='ocrx_word' id='word_1_130' title='bbox 1122 2660 1242 2700; x_wconf 86' lang='lat' dir='ltr'><strong>esse</strong></span> <span class='ocrx_word' id='word_1_131' title='bbox 1267 2661 1408 2711; x_wconf 89' lang='lat' dir='ltr'><strong>reor,</strong></span> <span class='ocrx_word' id='word_1_132' title='bbox 1430 2645 1576 2702; x_wconf 85' lang='lat' dir='ltr'><strong>brevi</strong></span> <span class='ocrx_word' id='word_1_133' title='bbox 1599 2647 1840 2702; x_wconf 88' lang='lat' dir='ltr'><strong>oratione</strong></span> <span class='ocrx_word' id='word_1_134' title='bbox 1857 2647 1922 2702; x_wconf 89' lang='lat' dir='ltr'><strong>de</strong></span> <span class='ocrx_word' id='word_1_135' title='bbox 1955 2648 2111 2703; x_wconf 88' lang='lat' dir='ltr'><strong>utris-</strong></span> 
     </span>
    </p>
   </div>
   <div class='ocr_carea' id='block_1_21' title="bbox 542 2736 2113 2810">
    <p class='ocr_par' dir='ltr' id='par_1_21' title="bbox 542 2736 2113 2810">
     <span class='ocr_line' id='line_1_21' title="bbox 542 2736 2113 2810; baseline 0.002 -19"><span class='ocrx_word' id='word_1_136' title='bbox 542 2753 649 2807; x_wconf 85' lang='lat' dir='ltr'><strong>que</strong></span> <span class='ocrx_word' id='word_1_137' title='bbox 674 2736 760 2792; x_wconf 89' lang='lat' dir='ltr'><strong>bic</strong></span> <span class='ocrx_word' id='word_1_138' title='bbox 785 2752 943 2808; x_wconf 85' lang='lat' dir='ltr'><strong>agere</strong></span> <span class='ocrx_word' id='word_1_139' title='bbox 961 2777 979 2804; x_wconf 91' lang='lat'><strong>,</strong></span> <span class='ocrx_word' id='word_1_140' title='bbox 1009 2747 1064 2793; x_wconf 91' lang='lat' dir='ltr'><strong>et</strong></span> <span class='ocrx_word' id='word_1_141' title='bbox 1089 2752 1408 2807; x_wconf 86' lang='lat' dir='ltr'><strong>componere</strong></span> <span class='ocrx_word' id='word_1_142' title='bbox 1437 2737 1574 2793; x_wconf 90' lang='lat' dir='ltr'><strong>inter</strong></span> <span class='ocrx_word' id='word_1_143' title='bbox 1596 2752 1657 2793; x_wconf 90' lang='lat' dir='ltr'><strong>se</strong></span> <span class='ocrx_word' id='word_1_144' title='bbox 1690 2747 1799 2794; x_wconf 90' lang='lat' dir='ltr'><strong>tum</strong></span> <span class='ocrx_word' id='word_1_145' title='bbox 1821 2754 1938 2810; x_wconf 71' lang='lat' dir='ltr'><strong>qua:</strong></span> <span class='ocrx_word' id='word_1_146' title='bbox 1955 2739 2113 2810; x_wconf 84' lang='lat' dir='ltr'><strong>vulgo</strong></span> 
     </span>
    </p>
   </div>
   <div class='ocr_carea' id='block_1_22' title="bbox 543 2828 2110 2899">
    <p class='ocr_par' dir='ltr' id='par_1_22' title="bbox 543 2828 2110 2899">
     <span class='ocr_line' id='line_1_22' title="bbox 543 2828 2110 2899; baseline 0.001 -17"><span class='ocrx_word' id='word_1_147' title='bbox 543 2828 805 2898; x_wconf 81' lang='lat' dir='ltr'><strong>neglectui</strong></span> <span class='ocrx_word' id='word_1_148' title='bbox 828 2836 953 2882; x_wconf 88' lang='lat' dir='ltr'><strong>sunt</strong></span> <span class='ocrx_word' id='word_1_149' title='bbox 972 2868 987 2893; x_wconf 94' lang='lat'><strong>,</strong></span> <span class='ocrx_word' id='word_1_150' title='bbox 1024 2836 1133 2883; x_wconf 89' lang='lat' dir='ltr'><strong>tum</strong></span> <span class='ocrx_word' id='word_1_151' title='bbox 1169 2843 1289 2899; x_wconf 77' lang='lat' dir='ltr'><strong>qua:</strong></span> <span class='ocrx_word' id='word_1_152' title='bbox 1333 2843 1522 2899; x_wconf 87' lang='lat' dir='ltr'><strong>magno</strong></span> <span class='ocrx_word' id='word_1_153' title='bbox 1547 2829 1799 2885; x_wconf 84' lang='lat' dir='ltr'><strong>mortales</strong></span> <span class='ocrx_word' id='word_1_154' title='bbox 1823 2829 1996 2885; x_wconf 87' lang='lat' dir='ltr'><strong>studio</strong></span> <span class='ocrx_word' id='word_1_155' title='bbox 2021 2844 2110 2884; x_wconf 85' lang='lat' dir='ltr'><strong>se-</strong></span> 
     </span>
    </p>
   </div>
   <div class='ocr_carea' id='block_1_23' title="bbox 544 2919 2110 2992">
    <p class='ocr_par' dir='ltr' id='par_1_23' title="bbox 544 2919 2110 2992">
     <span class='ocr_line' id='line_1_23' title="bbox 544 2919 2110 2992; baseline -0.001 -19"><span class='ocrx_word' id='word_1_156' title='bbox 544 2930 799 2989; x_wconf 89' lang='lat' dir='ltr'><strong>quuntur,</strong></span> <span class='ocrx_word' id='word_1_157' title='bbox 822 2927 880 2974; x_wconf 94' lang='lat' dir='ltr'><strong>ut</strong></span> <span class='ocrx_word' id='word_1_158' title='bbox 905 2926 1252 2989; x_wconf 87' lang='lat' dir='ltr'><strong>utrorumque</strong></span> <span class='ocrx_word' id='word_1_159' title='bbox 1275 2919 1626 2975; x_wconf 79' lang='lat' dir='ltr'><strong>diﬂ&#39;crentiam</strong></span> <span class='ocrx_word' id='word_1_160' title='bbox 1649 2921 1842 2986; x_wconf 90' lang='lat' dir='ltr'><strong>edocti,</strong></span> <span class='ocrx_word' id='word_1_161' title='bbox 1873 2922 1963 2976; x_wconf 90' lang='lat' dir='ltr'><strong>illa</strong></span> <span class='ocrx_word' id='word_1_162' title='bbox 1990 2922 2110 2992; x_wconf 80' lang='lat' dir='ltr'><strong>qni-</strong></span> 
     </span>
    </p>
   </div>
   <div class='ocr_carea' id='block_1_24' title="bbox 543 3010 2109 3082">
    <p class='ocr_par' dir='ltr' id='par_1_24' title="bbox 543 3010 2109 3082">
     <span class='ocr_line' id='line_1_24' title="bbox 543 3010 2109 3082; baseline 0.001 -17"><span class='ocrx_word' id='word_1_163' title='bbox 543 3011 664 3065; x_wconf 87' lang='lat' dir='ltr'><strong>dem</strong></span> <span class='ocrx_word' id='word_1_164' title='bbox 694 3020 752 3065; x_wconf 90' lang='lat' dir='ltr'><strong>ut</strong></span> <span class='ocrx_word' id='word_1_165' title='bbox 778 3010 913 3066; x_wconf 89' lang='lat' dir='ltr'><strong>seria</strong></span> <span class='ocrx_word' id='word_1_166' title='bbox 941 3025 1004 3066; x_wconf 89' lang='lat' dir='ltr'><strong>ac</strong></span> <span class='ocrx_word' id='word_1_167' title='bbox 1027 3010 1288 3065; x_wconf 77' lang='lat' dir='ltr'><strong>salutaria“</strong></span> <span class='ocrx_word' id='word_1_168' title='bbox 1304 3011 1476 3082; x_wconf 88' lang='lat' dir='ltr'><strong>magni</strong></span> <span class='ocrx_word' id='word_1_169' title='bbox 1503 3011 1774 3076; x_wconf 86' lang='lat' dir='ltr'><strong>faciamus,</strong></span> <span class='ocrx_word' id='word_1_170' title='bbox 1794 3010 1908 3067; x_wconf 60' lang='lat' dir='ltr'><strong>haec</strong></span> <span class='ocrx_word' id='word_1_171' title='bbox 1932 3021 2109 3067; x_wconf 86' lang='lat' dir='ltr'><strong>autem</strong></span> 
     </span>
    </p>
   </div>
   <div class='ocr_carea' id='block_1_25' title="bbox 546 3099 2113 3172">
    <p class='ocr_par' dir='ltr' id='par_1_25' title="bbox 546 3099 2113 3172">
     <span class='ocr_line' id='line_1_25' title="bbox 546 3099 2113 3172; baseline 0.001 -17"><span class='ocrx_word' id='word_1_172' title='bbox 546 3112 813 3171; x_wconf 75' lang='lat' dir='ltr'><strong>tamquam</strong></span> <span class='ocrx_word' id='word_1_173' title='bbox 833 3099 984 3156; x_wconf 84' lang='lat' dir='ltr'><strong>nihili</strong></span> <span class='ocrx_word' id='word_1_174' title='bbox 1002 3100 1309 3156; x_wconf 79' lang='lat' dir='ltr'><strong>aestimanda</strong></span> <span class='ocrx_word' id='word_1_175' title='bbox 1335 3111 1677 3158; x_wconf 81' lang='lat' dir='ltr'><strong>contemnere</strong></span> <span class='ocrx_word' id='word_1_176' title='bbox 1702 3102 1987 3158; x_wconf 90' lang='lat' dir='ltr'><strong>discamus.</strong></span> <span class='ocrx_word' id='word_1_177' title='bbox 2014 3102 2113 3172; x_wconf 86' lang='lat' dir='ltr'><strong>lgi-</strong></span> 
     </span>
    </p>
   </div>
   <div class='ocr_carea' id='block_1_26' title="bbox 549 3194 2112 3273">
    <p class='ocr_par' dir='ltr' id='par_1_26' title="bbox 549 3194 2112 3273">
     <span class='ocr_line' id='line_1_26' title="bbox 549 3194 2112 3273; baseline -0.001 -24"><span class='ocrx_word' id='word_1_178' title='bbox 549 3205 633 3249; x_wconf 91' lang='lat' dir='ltr'><strong>tur</strong></span> <span class='ocrx_word' id='word_1_179' title='bbox 658 3209 981 3264; x_wconf 76' lang='lat' dir='ltr'><strong>magnopere</strong></span> <span class='ocrx_word' id='word_1_180' title='bbox 1020 3203 1340 3264; x_wconf 80' lang='lat' dir='ltr'><strong>expetuntur</strong></span> <span class='ocrx_word' id='word_1_181' title='bbox 1363 3194 1560 3250; x_wconf 75' lang='lat' dir='ltr'><strong>divitia:</strong></span> <span class='ocrx_word' id='word_1_182' title='bbox 1582 3235 1599 3260; x_wconf 93' lang='lat'><strong>,</strong></span> <span class='ocrx_word' id='word_1_183' title='bbox 1633 3195 1955 3273; x_wconf 83' lang='lat' dir='ltr'><strong>principatus</strong></span> <span class='ocrx_word' id='word_1_184' title='bbox 1975 3235 1991 3260; x_wconf 92' lang='lat'><strong>,</strong></span> <span class='ocrx_word' id='word_1_185' title='bbox 2014 3196 2112 3248; x_wconf 88' lang='lat' dir='ltr'><strong>im-</strong></span> 
     </span>
    </p>
   </div>
   <div class='ocr_carea' id='block_1_27' title="bbox 549 3286 2107 3358">
    <p class='ocr_par' dir='ltr' id='par_1_27' title="bbox 549 3286 2107 3358">
     <span class='ocr_line' id='line_1_27' title="bbox 549 3286 2107 3358; baseline 0 -18"><span class='ocrx_word' id='word_1_186' title='bbox 549 3286 773 3356; x_wconf 83' lang='lat' dir='ltr'><strong>perium,</strong></span> <span class='ocrx_word' id='word_1_187' title='bbox 803 3287 971 3356; x_wconf 81' lang='lat' dir='ltr'><strong>gloria</strong></span> <span class='ocrx_word' id='word_1_188' title='bbox 992 3328 1009 3353; x_wconf 93' lang='lat'><strong>,</strong></span> <span class='ocrx_word' id='word_1_189' title='bbox 1037 3301 1100 3341; x_wconf 89' lang='lat' dir='ltr'><strong>ac</strong></span> <span class='ocrx_word' id='word_1_190' title='bbox 1144 3287 1327 3342; x_wconf 88' lang='lat' dir='ltr'><strong>beatos</strong></span> <span class='ocrx_word' id='word_1_191' title='bbox 1350 3287 1562 3358; x_wconf 76' lang='lat' dir='ltr'><strong>quidem</strong></span> <span class='ocrx_word' id='word_1_192' title='bbox 1594 3288 1783 3357; x_wconf 85' lang='lat' dir='ltr'><strong>vulgus</strong></span> <span class='ocrx_word' id='word_1_193' title='bbox 1811 3302 1907 3341; x_wconf 87' lang='lat' dir='ltr'><strong>eos</strong></span> <span class='ocrx_word' id='word_1_194' title='bbox 1930 3287 2107 3350; x_wconf 86' lang='lat' dir='ltr'><strong>ducit,</strong></span> 
     </span>
    </p>
   </div>
   <div class='ocr_carea' id='block_1_28' title="bbox 548 3377 2114 3450">
    <p class='ocr_par' dir='ltr' id='par_1_28' title="bbox 548 3377 2114 3450">
     <span class='ocr_line' id='line_1_28' title="bbox 548 3377 2114 3450; baseline 0.001 -18"><span class='ocrx_word' id='word_1_195' title='bbox 548 3380 635 3448; x_wconf 91' lang='lat' dir='ltr'><strong>qui</strong></span> <span class='ocrx_word' id='word_1_196' title='bbox 680 3379 913 3450; x_wconf 91' lang='lat' dir='ltr'><strong>gentium</strong></span> <span class='ocrx_word' id='word_1_197' title='bbox 940 3379 1209 3450; x_wconf 89' lang='lat' dir='ltr'><strong>principes</strong></span> <span class='ocrx_word' id='word_1_198' title='bbox 1236 3387 1396 3444; x_wconf 90' lang='lat' dir='ltr'><strong>sunt,</strong></span> <span class='ocrx_word' id='word_1_199' title='bbox 1425 3379 1512 3449; x_wconf 89' lang='lat' dir='ltr'><strong>qui</strong></span> <span class='ocrx_word' id='word_1_200' title='bbox 1542 3377 1832 3448; x_wconf 74' lang='lat' dir='ltr'><strong>Splendidis</strong></span> <span class='ocrx_word' id='word_1_201' title='bbox 1857 3378 2114 3433; x_wconf 78' lang='lat' dir='ltr'><strong>vehiculis</strong></span> 
     </span>
    </p>
   </div>
   <div class='ocr_carea' id='block_1_29' title="bbox 547 3468 2111 3540">
    <p class='ocr_par' dir='ltr' id='par_1_29' title="bbox 547 3468 2111 3540">
     <span class='ocr_line' id='line_1_29' title="bbox 547 3468 2111 3540; baseline 0 -18"><span class='ocrx_word' id='word_1_202' title='bbox 547 3469 808 3534; x_wconf 84' lang='lat' dir='ltr'><strong>feruntur,</strong></span> <span class='ocrx_word' id='word_1_203' title='bbox 830 3469 918 3540; x_wconf 91' lang='lat' dir='ltr'><strong>qui</strong></span> <span class='ocrx_word' id='word_1_204' title='bbox 942 3484 1244 3539; x_wconf 76' lang='lat' dir='ltr'><strong>praeconum</strong></span> <span class='ocrx_word' id='word_1_205' title='bbox 1275 3469 1561 3523; x_wconf 90' lang='lat' dir='ltr'><strong>clamorem</strong></span> <span class='ocrx_word' id='word_1_206' title='bbox 1590 3483 1652 3523; x_wconf 89' lang='lat' dir='ltr'><strong>ac</strong></span> <span class='ocrx_word' id='word_1_207' title='bbox 1674 3468 1976 3522; x_wconf 88' lang='lat' dir='ltr'><strong>satellitium</strong></span> <span class='ocrx_word' id='word_1_208' title='bbox 2000 3483 2111 3522; x_wconf 89' lang='lat' dir='ltr'><strong>ma-</strong></span> 
     </span>
    </p>
   </div>
   <div class='ocr_carea' id='block_1_30' title="bbox 543 3559 2112 3631">
    <p class='ocr_par' dir='ltr' id='par_1_30' title="bbox 543 3559 2112 3631">
     <span class='ocr_line' id='line_1_30' title="bbox 543 3559 2112 3631; baseline 0.001 -20"><span class='ocrx_word' id='word_1_209' title='bbox 543 3576 704 3630; x_wconf 87' lang='lat' dir='ltr'><strong>gnum</strong></span> <span class='ocrx_word' id='word_1_210' title='bbox 731 3572 1107 3631; x_wconf 91' lang='lat' dir='ltr'><strong>assequuntur.</strong></span> <span class='ocrx_word' id='word_1_211' title='bbox 1135 3561 1330 3615; x_wconf 86' lang='lat' dir='ltr'><strong>Contra</strong></span> <span class='ocrx_word' id='word_1_212' title='bbox 1358 3559 1849 3630; x_wconf 83' lang='lat' dir='ltr'><strong>philosophantium</strong></span> <span class='ocrx_word' id='word_1_213' title='bbox 1878 3560 1982 3613; x_wconf 91' lang='lat' dir='ltr'><strong>vita</strong></span> <span class='ocrx_word' id='word_1_214' title='bbox 2011 3602 2026 3626; x_wconf 98' lang='lat'><strong>,</strong></span> <span class='ocrx_word' id='word_1_215' title='bbox 2059 3567 2112 3614; x_wconf 91' lang='lat' dir='ltr'><strong>et</strong></span> 
     </span>
    </p>
   </div>
   <div class='ocr_carea' id='block_1_31' title="bbox 541 3652 2107 3724">
    <p class='ocr_par' dir='ltr' id='par_1_31' title="bbox 541 3652 2107 3724">
     <span class='ocr_line' id='line_1_31' title="bbox 541 3652 2107 3724; baseline -0.001 -16"><span class='ocrx_word' id='word_1_216' title='bbox 541 3669 722 3708; x_wconf 87' lang='lat' dir='ltr'><strong>eorum</strong></span> <span class='ocrx_word' id='word_1_217' title='bbox 749 3654 835 3724; x_wconf 91' lang='lat' dir='ltr'><strong>qui</strong></span> <span class='ocrx_word' id='word_1_218' title='bbox 864 3654 1209 3708; x_wconf 88' lang='lat' dir='ltr'><strong>monasticum</strong></span> <span class='ocrx_word' id='word_1_219' title='bbox 1240 3653 1534 3708; x_wconf 90' lang='lat' dir='ltr'><strong>institutum</strong></span> <span class='ocrx_word' id='word_1_220' title='bbox 1555 3653 1894 3723; x_wconf 86' lang='lat' dir='ltr'><strong>delegerunt,</strong></span> <span class='ocrx_word' id='word_1_221' title='bbox 1924 3652 2107 3723; x_wconf 87' lang='lat' dir='ltr'><strong>despi-</strong></span> 
     </span>
    </p>
   </div>
   <div class='ocr_carea' id='block_1_32' title="bbox 543 3743 2108 3815">
    <p class='ocr_par' dir='ltr' id='par_1_32' title="bbox 543 3743 2108 3815">
     <span class='ocr_line' id='line_1_32' title="bbox 543 3743 2108 3815; baseline -0.001 -14"><span class='ocrx_word' id='word_1_222' title='bbox 543 3746 729 3801; x_wconf 88' lang='lat' dir='ltr'><strong>cabilis</strong></span> <span class='ocrx_word' id='word_1_223' title='bbox 754 3754 836 3801; x_wconf 90' lang='lat' dir='ltr'><strong>est</strong></span> <span class='ocrx_word' id='word_1_224' title='bbox 864 3763 877 3799; x_wconf 90' lang='lat'><strong>:</strong></span> <span class='ocrx_word' id='word_1_225' title='bbox 903 3753 1063 3815; x_wconf 90' lang='lat' dir='ltr'><strong>atque</strong></span> <span class='ocrx_word' id='word_1_226' title='bbox 1089 3745 1162 3799; x_wconf 91' lang='lat' dir='ltr'><strong>illi</strong></span> <span class='ocrx_word' id='word_1_227' title='bbox 1193 3743 1404 3814; x_wconf 90' lang='lat' dir='ltr'><strong>quidem</strong></span> <span class='ocrx_word' id='word_1_228' title='bbox 1438 3743 1562 3799; x_wconf 92' lang='lat' dir='ltr'><strong>dum</strong></span> <span class='ocrx_word' id='word_1_229' title='bbox 1583 3745 1724 3799; x_wconf 90' lang='lat' dir='ltr'><strong>foras</strong></span> <span class='ocrx_word' id='word_1_230' title='bbox 1747 3745 2027 3815; x_wconf 86' lang='lat' dir='ltr'><strong>prodeunt,</strong></span> <span class='ocrx_word' id='word_1_231' title='bbox 2042 3744 2108 3799; x_wconf 88' lang='lat' dir='ltr'><strong>ad</strong></span> 
     </span>
    </p>
   </div>
   <div class='ocr_carea' id='block_1_33' title="bbox 540 3834 2110 3905">
    <p class='ocr_par' dir='ltr' id='par_1_33' title="bbox 540 3834 2110 3905">
     <span class='ocr_line' id='line_1_33' title="bbox 540 3834 2110 3905; baseline -0.002 -13"><span class='ocrx_word' id='word_1_232' title='bbox 540 3851 661 3893; x_wconf 89' lang='lat' dir='ltr'><strong>sese</strong></span> <span class='ocrx_word' id='word_1_233' title='bbox 698 3835 1025 3891; x_wconf 90' lang='lat' dir='ltr'><strong>contnendos</strong></span> <span class='ocrx_word' id='word_1_234' title='bbox 1052 3835 1303 3905; x_wconf 92' lang='lat' dir='ltr'><strong>populum</strong></span> <span class='ocrx_word' id='word_1_235' title='bbox 1331 3834 1503 3905; x_wconf 90' lang='lat' dir='ltr'><strong>ipsum</strong></span> <span class='ocrx_word' id='word_1_236' title='bbox 1548 3843 1901 3890; x_wconf 90' lang='lat' dir='ltr'><strong>convertunt:</strong></span> <span class='ocrx_word' id='word_1_237' title='bbox 1932 3834 1986 3889; x_wconf 92' lang='lat' dir='ltr'><strong>hi</strong></span> <span class='ocrx_word' id='word_1_238' title='bbox 2011 3850 2110 3889; x_wconf 86' lang='lat' dir='ltr'><strong>au-</strong></span> 
     </span>
    </p>
   </div>
   <div class='ocr_carea' id='block_1_34' title="bbox 540 3923 2113 3995">
    <p class='ocr_par' dir='ltr' id='par_1_34' title="bbox 540 3923 2113 3995">
     <span class='ocr_line' id='line_1_34' title="bbox 540 3923 2113 3995; baseline -0.002 -13"><span class='ocrx_word' id='word_1_239' title='bbox 540 3936 645 3982; x_wconf 89' lang='lat' dir='ltr'><strong>tem</strong></span> <span class='ocrx_word' id='word_1_240' title='bbox 671 3924 836 3981; x_wconf 89' lang='lat' dir='ltr'><strong>sicubi</strong></span> <span class='ocrx_word' id='word_1_241' title='bbox 870 3925 1231 3995; x_wconf 86' lang='lat' dir='ltr'><strong>apparuerint,</strong></span> <span class='ocrx_word' id='word_1_242' title='bbox 1260 3923 1454 3979; x_wconf 89' lang='lat' dir='ltr'><strong>nullius</strong></span> <span class='ocrx_word' id='word_1_243' title='bbox 1478 3924 1682 3991; x_wconf 92' lang='lat' dir='ltr'><strong>oculos,</strong></span> <span class='ocrx_word' id='word_1_244' title='bbox 1713 3933 1803 3979; x_wconf 91' lang='lat' dir='ltr'><strong>aut</strong></span> <span class='ocrx_word' id='word_1_245' title='bbox 1832 3934 1974 3981; x_wconf 89' lang='lat' dir='ltr'><strong>certe</strong></span> <span class='ocrx_word' id='word_1_246' title='bbox 1991 3941 2113 3995; x_wconf 90' lang='lat' dir='ltr'><strong>per-</strong></span> 
     </span>
    </p>
   </div>
   <div class='ocr_carea' id='block_1_35' title="bbox 541 4015 2107 4087">
    <p class='ocr_par' dir='ltr' id='par_1_35' title="bbox 541 4015 2107 4087">
     <span class='ocr_line' id='line_1_35' title="bbox 541 4015 2107 4087; baseline 0.004 -20"><span class='ocrx_word' id='word_1_247' title='bbox 541 4031 827 4085; x_wconf 81' lang='lat' dir='ltr'><strong>paucorum</strong></span> <span class='ocrx_word' id='word_1_248' title='bbox 852 4057 867 4080; x_wconf 90' lang='lat'><strong>,</strong></span> <span class='ocrx_word' id='word_1_249' title='bbox 898 4017 964 4071; x_wconf 89' lang='lat' dir='ltr'><strong>ad</strong></span> <span class='ocrx_word' id='word_1_250' title='bbox 994 4015 1072 4071; x_wconf 89' lang='lat' dir='ltr'><strong>sui</strong></span> <span class='ocrx_word' id='word_1_251' title='bbox 1103 4015 1459 4086; x_wconf 86' lang='lat' dir='ltr'><strong>spectaculum</strong></span> <span class='ocrx_word' id='word_1_252' title='bbox 1485 4015 1702 4070; x_wconf 85' lang='lat' dir='ltr'><strong>trahunt</strong></span> <span class='ocrx_word' id='word_1_253' title='bbox 1734 4034 1747 4069; x_wconf 87' lang='lat'><strong>:</strong></span> <span class='ocrx_word' id='word_1_254' title='bbox 1776 4025 1829 4071; x_wconf 90' lang='lat' dir='ltr'><strong>et</strong></span> <span class='ocrx_word' id='word_1_255' title='bbox 1854 4028 2107 4087; x_wconf 80' lang='lat' dir='ltr'><strong>praeterea</strong></span> 
     </span>
    </p>
   </div>
   <div class='ocr_carea' id='block_1_36' title="bbox 542 4106 2110 4181">
    <p class='ocr_par' dir='ltr' id='par_1_36' title="bbox 542 4106 2110 4181">
     <span class='ocr_line' id='line_1_36' title="bbox 542 4106 2110 4181; baseline 0.003 -22"><span class='ocrx_word' id='word_1_256' title='bbox 542 4107 735 4161; x_wconf 89' lang='lat' dir='ltr'><strong>horum</strong></span> <span class='ocrx_word' id='word_1_257' title='bbox 760 4106 936 4161; x_wconf 91' lang='lat' dir='ltr'><strong>nullus</strong></span> <span class='ocrx_word' id='word_1_258' title='bbox 964 4106 1154 4161; x_wconf 83' lang='lat' dir='ltr'><strong>similis</strong></span> <span class='ocrx_word' id='word_1_259' title='bbox 1192 4120 1311 4161; x_wconf 90' lang='lat' dir='ltr'><strong>esse</strong></span> <span class='ocrx_word' id='word_1_260' title='bbox 1339 4108 1712 4175; x_wconf 89' lang='lat' dir='ltr'><strong>concupiscat,</strong></span> <span class='ocrx_word' id='word_1_261' title='bbox 1746 4107 1953 4162; x_wconf 91' lang='lat' dir='ltr'><strong>illorum</strong></span> <span class='ocrx_word' id='word_1_262' title='bbox 1981 4124 2110 4181; x_wconf 84' lang='lat' dir='ltr'><strong>vero</strong></span> 
     </span>
    </p>
   </div>
   <div class='ocr_carea' id='block_1_37' title="bbox 540 4198 2109 4269">
    <p class='ocr_par' dir='ltr' id='par_1_37' title="bbox 540 4198 2109 4269">
     <span class='ocr_line' id='line_1_37' title="bbox 540 4198 2109 4269; baseline 0.002 -18"><span class='ocrx_word' id='word_1_263' title='bbox 540 4213 745 4253; x_wconf 86' lang='lat' dir='ltr'><strong>omnes.</strong></span> <span class='ocrx_word' id='word_1_264' title='bbox 796 4198 1124 4268; x_wconf 85' lang='lat' dir='ltr'><strong>Quamquam</strong></span> <span class='ocrx_word' id='word_1_265' title='bbox 1156 4199 1507 4268; x_wconf 88' lang='lat' dir='ltr'><strong>principatum</strong></span> <span class='ocrx_word' id='word_1_266' title='bbox 1535 4214 1794 4268; x_wconf 74' lang='lat' dir='ltr'><strong>quzerere,</strong></span> <span class='ocrx_word' id='word_1_267' title='bbox 1818 4201 1987 4269; x_wconf 87' lang='lat' dir='ltr'><strong>gentis</strong></span> <span class='ocrx_word' id='word_1_268' title='bbox 2013 4201 2109 4254; x_wconf 82' lang='lat' dir='ltr'><strong>ali—</strong></span> 
     </span>
    </p>
   </div>
   <div class='ocr_carea' id='block_1_38' title="bbox 540 4288 2107 4362">
    <p class='ocr_par' dir='ltr' id='par_1_38' title="bbox 540 4288 2107 4362">
     <span class='ocr_line' id='line_1_38' title="bbox 540 4288 2107 4362; baseline 0.002 -18"><span class='ocrx_word' id='word_1_269' title='bbox 540 4289 691 4358; x_wconf 90' lang='lat' dir='ltr'><strong>cujus</strong></span> <span class='ocrx_word' id='word_1_270' title='bbox 721 4288 944 4359; x_wconf 88' lang='lat' dir='ltr'><strong>tmperio</strong></span> <span class='ocrx_word' id='word_1_271' title='bbox 967 4289 1145 4359; x_wconf 91' lang='lat' dir='ltr'><strong>potiri,</strong></span> <span class='ocrx_word' id='word_1_272' title='bbox 1162 4289 1381 4343; x_wconf 89' lang='lat' dir='ltr'><strong>arduum</strong></span> <span class='ocrx_word' id='word_1_273' title='bbox 1402 4304 1530 4345; x_wconf 82' lang='lat' dir='ltr'><strong>sane</strong></span> <span class='ocrx_word' id='word_1_274' title='bbox 1554 4304 1616 4344; x_wconf 92' lang='lat' dir='ltr'><strong>ac</strong></span> <span class='ocrx_word' id='word_1_275' title='bbox 1635 4305 1790 4361; x_wconf 90' lang='lat' dir='ltr'><strong>supra</strong></span> <span class='ocrx_word' id='word_1_276' title='bbox 1814 4292 2107 4362; x_wconf 84' lang='lat' dir='ltr'><strong>vulgarium</strong></span> 
     </span>
    </p>
   </div>
   <div class='ocr_carea' id='block_1_39' title="bbox 542 4378 2111 4449">
    <p class='ocr_par' dir='ltr' id='par_1_39' title="bbox 542 4378 2111 4449">
     <span class='ocr_line' id='line_1_39' title="bbox 542 4378 2111 4449; baseline 0.003 -18"><span class='ocrx_word' id='word_1_277' title='bbox 542 4378 814 4432; x_wconf 87' lang='lat' dir='ltr'><strong>hominum</strong></span> <span class='ocrx_word' id='word_1_278' title='bbox 839 4378 999 4444; x_wconf 92' lang='lat' dir='ltr'><strong>vires,</strong></span> <span class='ocrx_word' id='word_1_279' title='bbox 1033 4392 1095 4432; x_wconf 89' lang='lat' dir='ltr'><strong>ac</strong></span> <span class='ocrx_word' id='word_1_280' title='bbox 1132 4394 1356 4449; x_wconf 88' lang='lat' dir='ltr'><strong>quorum</strong></span> <span class='ocrx_word' id='word_1_281' title='bbox 1384 4380 1589 4435; x_wconf 88' lang='lat' dir='ltr'><strong>animos</strong></span> <span class='ocrx_word' id='word_1_282' title='bbox 1616 4379 1819 4449; x_wconf 90' lang='lat' dir='ltr'><strong>imperii</strong></span> <span class='ocrx_word' id='word_1_283' title='bbox 1851 4396 2000 4435; x_wconf 90' lang='lat' dir='ltr'><strong>amor</strong></span> <span class='ocrx_word' id='word_1_284' title='bbox 2028 4381 2111 4435; x_wconf 88' lang='lat' dir='ltr'><strong>iu-</strong></span> 
     </span>
    </p>
   </div>
   <div class='ocr_carea' id='block_1_40' title="bbox 542 4472 2109 4543">
    <p class='ocr_par' dir='ltr' id='par_1_40' title="bbox 542 4472 2109 4543">
     <span class='ocr_line' id='line_1_40' title="bbox 542 4472 2109 4543; baseline 0.001 -16"><span class='ocrx_word' id='word_1_285' title='bbox 542 4472 723 4538; x_wconf 87' lang='lat' dir='ltr'><strong>eessit,</strong></span> <span class='ocrx_word' id='word_1_286' title='bbox 756 4472 821 4539; x_wconf 85' lang='lat' dir='ltr'><strong>iis</strong></span> <span class='ocrx_word' id='word_1_287' title='bbox 873 4486 1059 4541; x_wconf 81' lang='lat' dir='ltr'><strong>magna</strong></span> <span class='ocrx_word' id='word_1_288' title='bbox 1101 4474 1323 4543; x_wconf 91' lang='lat' dir='ltr'><strong>pecunia</strong></span> <span class='ocrx_word' id='word_1_289' title='bbox 1371 4487 1547 4542; x_wconf 88' lang='lat' dir='ltr'><strong>opus:</strong></span> <span class='ocrx_word' id='word_1_290' title='bbox 1588 4473 1929 4528; x_wconf 87' lang='lat' dir='ltr'><strong>monasticam</strong></span> <span class='ocrx_word' id='word_1_291' title='bbox 1980 4489 2109 4528; x_wconf 91' lang='lat' dir='ltr'><strong>vero</strong></span> 
     </span>
    </p>
   </div>
   <div class='ocr_carea' id='block_1_41' title="bbox 542 4561 2104 4635">
    <p class='ocr_par' dir='ltr' id='par_1_41' title="bbox 542 4561 2104 4635">
     <span class='ocr_line' id='line_1_41' title="bbox 542 4561 2104 4635; baseline 0.003 -22"><span class='ocrx_word' id='word_1_292' title='bbox 542 4562 702 4617; x_wconf 89' lang='lat' dir='ltr'><strong>vitam</strong></span> <span class='ocrx_word' id='word_1_293' title='bbox 747 4561 969 4633; x_wconf 81' lang='lat' dir='ltr'><strong>eligere,</strong></span> <span class='ocrx_word' id='word_1_294' title='bbox 1014 4561 1107 4616; x_wconf 85' lang='lat' dir='ltr'><strong>Dei</strong></span> <span class='ocrx_word' id='word_1_295' title='bbox 1154 4563 1315 4617; x_wconf 90' lang='lat' dir='ltr'><strong>cultui</strong></span> <span class='ocrx_word' id='word_1_296' title='bbox 1363 4564 1521 4617; x_wconf 89' lang='lat' dir='ltr'><strong>vitam</strong></span> <span class='ocrx_word' id='word_1_297' title='bbox 1577 4577 1724 4617; x_wconf 87' lang='lat' dir='ltr'><strong>suam</strong></span> <span class='ocrx_word' id='word_1_298' title='bbox 1781 4565 2104 4635; x_wconf 87' lang='lat' dir='ltr'><strong>mancipare,</strong></span> 
     </span>
    </p>
   </div>
   <div class='ocr_carea' id='block_1_42' title="bbox 530 4651 2108 4724">
    <p class='ocr_par' dir='ltr' id='par_1_42' title="bbox 530 4651 2108 4724">
     <span class='ocr_line' id='line_1_42' title="bbox 530 4651 2108 4724; baseline 0.001 -17"><span class='ocrx_word' id='word_1_299' title='bbox 530 4653 688 4721; x_wconf 71' lang='lat' dir='ltr'><strong>~a-que</strong></span> <span class='ocrx_word' id='word_1_300' title='bbox 704 4653 949 4708; x_wconf 88' lang='lat' dir='ltr'><strong>omnibus</strong></span> <span class='ocrx_word' id='word_1_301' title='bbox 976 4652 1209 4722; x_wconf 84' lang='lat' dir='ltr'><strong>proclive</strong></span> <span class='ocrx_word' id='word_1_302' title='bbox 1234 4667 1296 4706; x_wconf 90' lang='lat' dir='ltr'><strong>ac</strong></span> <span class='ocrx_word' id='word_1_303' title='bbox 1312 4651 1484 4707; x_wconf 81' lang='lat' dir='ltr'><strong>facile.</strong></span> <span class='ocrx_word' id='word_1_304' title='bbox 1505 4653 1656 4707; x_wconf 81' lang='lat' dir='ltr'><strong>Adde</strong></span> <span class='ocrx_word' id='word_1_305' title='bbox 1680 4653 1819 4723; x_wconf 90' lang='lat' dir='ltr'><strong>quod</strong></span> <span class='ocrx_word' id='word_1_306' title='bbox 1848 4655 2108 4724; x_wconf 78' lang='lat' dir='ltr'><strong>principa-</strong></span> 
     </span>
    </p>
   </div>
   <div class='ocr_carea' id='block_1_43' title="bbox 536 4743 2100 4813">
    <p class='ocr_par' dir='ltr' id='par_1_43' title="bbox 536 4743 2100 4813">
     <span class='ocr_line' id='line_1_43' title="bbox 536 4743 2100 4813; baseline 0.003 -16"><span class='ocrx_word' id='word_1_307' title='bbox 536 4753 622 4798; x_wconf 94' lang='lat' dir='ltr'><strong>tus</strong></span> <span class='ocrx_word' id='word_1_308' title='bbox 660 4745 931 4813; x_wconf 89' lang='lat' dir='ltr'><strong>possessio</strong></span> <span class='ocrx_word' id='word_1_309' title='bbox 959 4758 1060 4796; x_wconf 90' lang='lat' dir='ltr'><strong>una</strong></span> <span class='ocrx_word' id='word_1_310' title='bbox 1098 4759 1219 4797; x_wconf 92' lang='lat' dir='ltr'><strong>cum</strong></span> <span class='ocrx_word' id='word_1_311' title='bbox 1251 4744 1354 4797; x_wconf 88' lang='lat' dir='ltr'><strong>vita</strong></span> <span class='ocrx_word' id='word_1_312' title='bbox 1400 4743 1501 4798; x_wconf 88' lang='lat' dir='ltr'><strong>hac</strong></span> <span class='ocrx_word' id='word_1_313' title='bbox 1525 4744 1722 4800; x_wconf 89' lang='lat' dir='ltr'><strong>desinit</strong></span> <span class='ocrx_word' id='word_1_314' title='bbox 1743 4788 1757 4811; x_wconf 88' lang='lat'><strong>,</strong></span> <span class='ocrx_word' id='word_1_315' title='bbox 1786 4760 1881 4800; x_wconf 93' lang='lat' dir='ltr'><strong>seu</strong></span> <span class='ocrx_word' id='word_1_316' title='bbox 1923 4748 2100 4801; x_wconf 89' lang='lat' dir='ltr'><strong>verius</strong></span> 
     </span>
    </p>
   </div>
   <div class='ocr_carea' id='block_1_44' title="bbox 537 4833 2107 4906">
    <p class='ocr_par' dir='ltr' id='par_1_44' title="bbox 537 4833 2107 4906">
     <span class='ocr_line' id='line_1_44' title="bbox 537 4833 2107 4906; baseline 0.002 -19"><span class='ocrx_word' id='word_1_317' title='bbox 537 4833 742 4899; x_wconf 87' lang='lat' dir='ltr'><strong>dicam,</strong></span> <span class='ocrx_word' id='word_1_318' title='bbox 789 4834 940 4886; x_wconf 89' lang='lat' dir='ltr'><strong>vivos</strong></span> <span class='ocrx_word' id='word_1_319' title='bbox 986 4834 1112 4886; x_wconf 88' lang='lat' dir='ltr'><strong>item</strong></span> <span class='ocrx_word' id='word_1_320' title='bbox 1164 4833 1245 4887; x_wconf 90' lang='lat' dir='ltr'><strong>sui</strong></span> <span class='ocrx_word' id='word_1_321' title='bbox 1301 4842 1566 4889; x_wconf 81' lang='lat' dir='ltr'><strong>amatores</strong></span> <span class='ocrx_word' id='word_1_322' title='bbox 1613 4834 1851 4890; x_wconf 88' lang='lat' dir='ltr'><strong>destituit</strong></span> <span class='ocrx_word' id='word_1_323' title='bbox 1890 4853 1903 4888; x_wconf 93' lang='lat'><strong>:</strong></span> <span class='ocrx_word' id='word_1_324' title='bbox 1948 4845 2107 4906; x_wconf 90' lang='lat' dir='ltr'><strong>atque</strong></span> 
     </span>
    </p>
   </div>
   <div class='ocr_carea' id='block_1_45' title="bbox 544 4921 2105 4997">
    <p class='ocr_par' dir='ltr' id='par_1_45' title="bbox 544 4921 2105 4997">
     <span class='ocr_line' id='line_1_45' title="bbox 544 4921 2105 4997; baseline 0.003 -20"><span class='ocrx_word' id='word_1_325' title='bbox 544 4924 703 4978; x_wconf 88' lang='lat' dir='ltr'><strong>etiam</strong></span> <span class='ocrx_word' id='word_1_326' title='bbox 749 4923 942 4977; x_wconf 91' lang='lat' dir='ltr'><strong>multos</strong></span> <span class='ocrx_word' id='word_1_327' title='bbox 995 4921 1047 4975; x_wconf 90' lang='lat' dir='ltr'><strong>in</strong></span> <span class='ocrx_word' id='word_1_328' title='bbox 1076 4923 1400 4991; x_wconf 83' lang='lat' dir='ltr'><strong>periculum,</strong></span> <span class='ocrx_word' id='word_1_329' title='bbox 1446 4924 1529 4978; x_wconf 85' lang='lat' dir='ltr'><strong>vel</strong></span> <span class='ocrx_word' id='word_1_330' title='bbox 1573 4934 1718 4981; x_wconf 87' lang='lat' dir='ltr'><strong>certe</strong></span> <span class='ocrx_word' id='word_1_331' title='bbox 1757 4941 2000 4997; x_wconf 85' lang='lat' dir='ltr'><strong>magnam</strong></span> <span class='ocrx_word' id='word_1_332' title='bbox 2052 4927 2105 4981; x_wconf 91' lang='lat' dir='ltr'><strong>in</strong></span> 
     </span>
    </p>
   </div>
   <div class='ocr_carea' id='block_1_46' title="bbox 538 5012 2108 5087">
    <p class='ocr_par' dir='ltr' id='par_1_46' title="bbox 538 5012 2108 5087">
     <span class='ocr_line' id='line_1_46' title="bbox 538 5012 2108 5087; baseline 0.003 -18"><span class='ocrx_word' id='word_1_333' title='bbox 538 5012 882 5085; x_wconf 76' lang='lat' dir='ltr'><strong>ignominiam</strong></span> <span class='ocrx_word' id='word_1_334' title='bbox 903 5012 1154 5083; x_wconf 90' lang='lat' dir='ltr'><strong>eonjeeit.</strong></span> <span class='ocrx_word' id='word_1_335' title='bbox 1186 5016 1256 5067; x_wconf 82' lang='lat' dir='ltr'><strong>At</strong></span> <span class='ocrx_word' id='word_1_336' title='bbox 1282 5016 1568 5070; x_wconf 88' lang='lat' dir='ltr'><strong>monastiea</strong></span> <span class='ocrx_word' id='word_1_337' title='bbox 1593 5016 1699 5071; x_wconf 91' lang='lat' dir='ltr'><strong>vita</strong></span> <span class='ocrx_word' id='word_1_338' title='bbox 1723 5017 1897 5087; x_wconf 88' lang='lat' dir='ltr'><strong>justos</strong></span> <span class='ocrx_word' id='word_1_339' title='bbox 1918 5019 2001 5073; x_wconf 87' lang='lat' dir='ltr'><strong>hic</strong></span> <span class='ocrx_word' id='word_1_340' title='bbox 2013 5018 2108 5073; x_wconf 87' lang='lat' dir='ltr'><strong>bo-</strong></span> 
     </span>
    </p>
   </div>
   <div class='ocr_carea' id='block_1_47' title="bbox 535 5102 2107 5172">
    <p class='ocr_par' dir='ltr' id='par_1_47' title="bbox 535 5102 2107 5172">
     <span class='ocr_line' id='line_1_47' title="bbox 535 5102 2107 5172; baseline 0.004 -16"><span class='ocrx_word' id='word_1_341' title='bbox 535 5104 620 5157; x_wconf 86' lang='lat' dir='ltr'><strong>nis</strong></span> <span class='ocrx_word' id='word_1_342' title='bbox 645 5102 823 5157; x_wconf 87' lang='lat' dir='ltr'><strong>multis</strong></span> <span class='ocrx_word' id='word_1_343' title='bbox 863 5118 983 5157; x_wconf 91' lang='lat' dir='ltr'><strong>cum</strong></span> <span class='ocrx_word' id='word_1_344' title='bbox 1024 5104 1335 5172; x_wconf 79' lang='lat' dir='ltr'><strong>repleverit,</strong></span> <span class='ocrx_word' id='word_1_345' title='bbox 1367 5119 1398 5158; x_wconf 92' lang='lat' dir='ltr'><strong>a</strong></span> <span class='ocrx_word' id='word_1_346' title='bbox 1445 5105 1567 5159; x_wconf 72' lang='lat' dir='ltr'><strong>vita:</strong></span> <span class='ocrx_word' id='word_1_347' title='bbox 1605 5107 1747 5161; x_wconf 82' lang='lat' dir='ltr'><strong>exitu</strong></span> <span class='ocrx_word' id='word_1_348' title='bbox 1784 5117 2000 5162; x_wconf 90' lang='lat' dir='ltr'><strong>ornatos</strong></span> <span class='ocrx_word' id='word_1_349' title='bbox 2044 5123 2107 5163; x_wconf 92' lang='lat' dir='ltr'><strong>ac</strong></span> 
     </span>
    </p>
   </div>
   <div class='ocr_carea' id='block_1_48' title="bbox 538 5192 2107 5267">
    <p class='ocr_par' dir='ltr' id='par_1_48' title="bbox 538 5192 2107 5267">
     <span class='ocr_line' id='line_1_48' title="bbox 538 5192 2107 5267; baseline 0.004 -22"><span class='ocrx_word' id='word_1_350' title='bbox 538 5192 730 5248; x_wconf 81' lang='lat' dir='ltr'><strong>hilares</strong></span> <span class='ocrx_word' id='word_1_351' title='bbox 758 5192 824 5249; x_wconf 84' lang='lat' dir='ltr'><strong>ad</strong></span> <span class='ocrx_word' id='word_1_352' title='bbox 877 5192 969 5248; x_wconf 89' lang='lat' dir='ltr'><strong>Dei</strong></span> <span class='ocrx_word' id='word_1_353' title='bbox 1025 5202 1080 5248; x_wconf 87' lang='lat' dir='ltr'><strong>et</strong></span> <span class='ocrx_word' id='word_1_354' title='bbox 1106 5194 1276 5248; x_wconf 85' lang='lat' dir='ltr'><strong>Patris</strong></span> <span class='ocrx_word' id='word_1_355' title='bbox 1319 5194 1341 5227; x_wconf 77' lang='grc'><strong>⁸</strong></span> <span class='ocrx_word' id='word_1_356' title='bbox 1374 5195 1605 5249; x_wconf 91' lang='lat' dir='ltr'><strong>tribunal</strong></span> <span class='ocrx_word' id='word_1_357' title='bbox 1646 5195 1810 5262; x_wconf 90' lang='lat' dir='ltr'><strong>ducit,</strong></span> <span class='ocrx_word' id='word_1_358' title='bbox 1840 5212 1944 5267; x_wconf 91' lang='lat' dir='ltr'><strong>quo</strong></span> <span class='ocrx_word' id='word_1_359' title='bbox 1973 5208 2107 5252; x_wconf 86' lang='lat' dir='ltr'><strong>tem-</strong></span> 
     </span>
    </p>
   </div>
   <div class='ocr_carea' id='block_1_49' title="bbox 539 5285 2103 5359">
    <p class='ocr_par' dir='ltr' id='par_1_49' title="bbox 539 5285 2103 5359">
     <span class='ocr_line' id='line_1_49' title="bbox 539 5285 2103 5359; baseline 0.004 -21"><span class='ocrx_word' id='word_1_360' title='bbox 539 5299 664 5353; x_wconf 84' lang='lat' dir='ltr'><strong>pore</strong></span> <span class='ocrx_word' id='word_1_361' title='bbox 693 5298 875 5341; x_wconf 87' lang='lat' dir='ltr'><strong>eorum</strong></span> <span class='ocrx_word' id='word_1_362' title='bbox 901 5285 990 5355; x_wconf 92' lang='lat' dir='ltr'><strong>qui</strong></span> <span class='ocrx_word' id='word_1_363' title='bbox 1018 5285 1242 5356; x_wconf 91' lang='lat' dir='ltr'><strong>imperio</strong></span> <span class='ocrx_word' id='word_1_364' title='bbox 1272 5286 1430 5341; x_wconf 87' lang='lat' dir='ltr'><strong>functi</strong></span> <span class='ocrx_word' id='word_1_365' title='bbox 1457 5286 1653 5343; x_wconf 88' lang='lat' dir='ltr'><strong>fuerint</strong></span> <span class='ocrx_word' id='word_1_366' title='bbox 1681 5289 1871 5343; x_wconf 88' lang='lat' dir='ltr'><strong>bonam</strong></span> <span class='ocrx_word' id='word_1_367' title='bbox 1897 5299 2103 5359; x_wconf 88' lang='lat' dir='ltr'><strong>partem</strong></span> 
     </span>
    </p>
   </div>
   <div class='ocr_carea' id='block_1_50' title="bbox 536 5378 2104 5454">
    <p class='ocr_par' dir='ltr' id='par_1_50' title="bbox 536 5378 2104 5454">
     <span class='ocr_line' id='line_1_50' title="bbox 536 5378 2104 5454; baseline 0.006 -24"><span class='ocrx_word' id='word_1_368' title='bbox 536 5389 754 5448; x_wconf 88' lang='lat' dir='ltr'><strong>magnas</strong></span> <span class='ocrx_word' id='word_1_369' title='bbox 782 5386 1114 5447; x_wconf 88' lang='lat' dir='ltr'><strong>peccatorum</strong></span> <span class='ocrx_word' id='word_1_370' title='bbox 1145 5378 1199 5433; x_wconf 92' lang='lat' dir='ltr'><strong>in</strong></span> <span class='ocrx_word' id='word_1_371' title='bbox 1242 5379 1347 5433; x_wconf 86' lang='lat' dir='ltr'><strong>vita</strong></span> <span class='ocrx_word' id='word_1_372' title='bbox 1372 5378 1721 5437; x_wconf 90' lang='lat' dir='ltr'><strong>admissorum</strong></span> <span class='ocrx_word' id='word_1_373' title='bbox 1748 5397 1932 5454; x_wconf 68' lang='lat' dir='ltr'><strong>poenas</strong></span> <span class='ocrx_word' id='word_1_374' title='bbox 1958 5383 2104 5439; x_wconf 90' lang='lat' dir='ltr'><strong>luere</strong></span> 
     </span>
    </p>
   </div>
   <div class='ocr_carea' id='block_1_51' title="bbox 597 5597 1426 5653">
    <p class='ocr_par' dir='ltr' id='par_1_51' title="bbox 597 5597 1426 5653">
     <span class='ocr_line' id='line_1_51' title="bbox 597 5597 1426 5653; baseline 0.007 -6"><span class='ocrx_word' id='word_1_375' title='bbox 597 5598 617 5631; x_wconf 73' lang='grc'>⁸</span> <span class='ocrx_word' id='word_1_376' title='bbox 649 5597 822 5650; x_wconf 86' lang='lat' dir='ltr'><strong>Collata</strong></span> <span class='ocrx_word' id='word_1_377' title='bbox 841 5613 949 5650; x_wconf 89' lang='lat' dir='ltr'><strong>cum</strong></span> <span class='ocrx_word' id='word_1_378' title='bbox 971 5598 1077 5649; x_wconf 87' lang='lat' dir='ltr'><strong>eod.</strong></span> <span class='ocrx_word' id='word_1_379' title='bbox 1101 5599 1290 5649; x_wconf 84' lang='lat' dir='ltr'><strong>Coislin.</strong></span> <span class='ocrx_word' id='word_1_380' title='bbox 1315 5599 1426 5653; x_wconf 62' lang='lat'><strong>242.</strong></span> 
     </span>
    </p>
   </div>
   <div class='ocr_carea' id='block_1_52' title="bbox 594 5659 1461 5723">
    <p class='ocr_par' dir='ltr' id='par_1_52' title="bbox 594 5659 1461 5723">
     <span class='ocr_line' id='line_1_52' title="bbox 594 5659 1461 5723; baseline -0.001 -9"><span class='ocrx_word' id='word_1_381' title='bbox 594 5659 622 5693; x_wconf 71' lang='grc'><strong>⁸</strong></span> <span class='ocrx_word' id='word_1_382' title='bbox 649 5659 1004 5723; x_wconf 71' lang='grc' dir='ltr'><strong>ωἰδὶἰη.1ιειι)θι,</strong></span> <span class='ocrx_word' id='word_1_383' title='bbox 1023 5669 1111 5713; x_wconf 79' lang='lat' dir='ltr'><strong>Det</strong></span> <span class='ocrx_word' id='word_1_384' title='bbox 1131 5668 1175 5713; x_wconf 79' lang='grc' dir='ltr'><strong>ει</strong></span> <span class='ocrx_word' id='word_1_385' title='bbox 1195 5661 1461 5715; x_wconf 72' lang='lat' dir='ltr'><strong>Saluatoris.</strong></span> 
     </span>
    </p>
   </div>
   <div class='ocr_carea' id='block_1_53' title="bbox 2217 2373 3788 2448">
    <p class='ocr_par' dir='ltr' id='par_1_53' title="bbox 2217 2373 3788 2448">
     <span class='ocr_line' id='line_1_53' title="bbox 2217 2373 3788 2448; baseline 0 -19"><span class='ocrx_word' id='word_1_386' title='bbox 2217 2376 2418 2432; x_wconf 87' lang='lat' dir='ltr'><strong>videas.</strong></span> <span class='ocrx_word' id='word_1_387' title='bbox 2450 2380 2563 2448; x_wconf 85' lang='lat' dir='ltr'><strong>Age</strong></span> <span class='ocrx_word' id='word_1_388' title='bbox 2589 2378 2765 2448; x_wconf 83' lang='lat' dir='ltr'><strong>itaque</strong></span> <span class='ocrx_word' id='word_1_389' title='bbox 2790 2380 3128 2432; x_wconf 82' lang='lat' dir='ltr'><strong>conferentes</strong></span> <span class='ocrx_word' id='word_1_390' title='bbox 3156 2385 3300 2431; x_wconf 75' lang='lat' dir='ltr'><strong>inter</strong></span> <span class='ocrx_word' id='word_1_391' title='bbox 3333 2389 3391 2430; x_wconf 90' lang='lat' dir='ltr'><strong>se</strong></span> <span class='ocrx_word' id='word_1_392' title='bbox 3414 2383 3525 2428; x_wconf 93' lang='lat' dir='ltr'><strong>tum</strong></span> <span class='ocrx_word' id='word_1_393' title='bbox 3552 2373 3788 2444; x_wconf 84' lang='lat' dir='ltr'><strong>philoso-</strong></span> 
     </span>
    </p>
   </div>
   <div class='ocr_carea' id='block_1_54' title="bbox 2220 2466 3790 2540">
    <p class='ocr_par' dir='ltr' id='par_1_54' title="bbox 2220 2466 3790 2540">
     <span class='ocr_line' id='line_1_54' title="bbox 2220 2466 3790 2540; baseline -0.002 -16"><span class='ocrx_word' id='word_1_394' title='bbox 2220 2469 2359 2540; x_wconf 72' lang='lat' dir='ltr'><strong>phia:</strong></span> <span class='ocrx_word' id='word_1_395' title='bbox 2388 2471 2544 2537; x_wconf 88' lang='lat' dir='ltr'><strong>bona,</strong></span> <span class='ocrx_word' id='word_1_396' title='bbox 2580 2479 2690 2526; x_wconf 91' lang='lat' dir='ltr'><strong>tum</strong></span> <span class='ocrx_word' id='word_1_397' title='bbox 2724 2486 2787 2526; x_wconf 90' lang='lat' dir='ltr'><strong>ea</strong></span> <span class='ocrx_word' id='word_1_398' title='bbox 2817 2485 2938 2540; x_wconf 74' lang='lat' dir='ltr'><strong>quze</strong></span> <span class='ocrx_word' id='word_1_399' title='bbox 2984 2470 3037 2524; x_wconf 90' lang='lat' dir='ltr'><strong>in</strong></span> <span class='ocrx_word' id='word_1_400' title='bbox 3085 2468 3184 2523; x_wconf 89' lang='lat' dir='ltr'><strong>hac</strong></span> <span class='ocrx_word' id='word_1_401' title='bbox 3217 2469 3325 2522; x_wconf 84' lang='lat' dir='ltr'><strong>vita</strong></span> <span class='ocrx_word' id='word_1_402' title='bbox 3373 2466 3699 2537; x_wconf 87' lang='lat' dir='ltr'><strong>principatus</strong></span> <span class='ocrx_word' id='word_1_403' title='bbox 3723 2481 3790 2521; x_wconf 76' lang='lat' dir='ltr'><strong>ac</strong></span> 
     </span>
    </p>
   </div>
   <div class='ocr_carea' id='block_1_55' title="bbox 2216 2559 3789 2637">
    <p class='ocr_par' dir='ltr' id='par_1_55' title="bbox 2216 2559 3789 2637">
     <span class='ocr_line' id='line_1_55' title="bbox 2216 2559 3789 2637; baseline -0.001 -20"><span class='ocrx_word' id='word_1_404' title='bbox 2216 2564 2399 2635; x_wconf 69' lang='lat' dir='ltr'><strong>gloriae</strong></span> <span class='ocrx_word' id='word_1_405' title='bbox 2427 2564 2565 2619; x_wconf 89' lang='lat' dir='ltr'><strong>bona</strong></span> <span class='ocrx_word' id='word_1_406' title='bbox 2594 2578 2714 2619; x_wconf 86' lang='lat' dir='ltr'><strong>esse</strong></span> <span class='ocrx_word' id='word_1_407' title='bbox 2730 2563 2993 2637; x_wconf 83' lang='lat' dir='ltr'><strong>videntur,</strong></span> <span class='ocrx_word' id='word_1_408' title='bbox 3018 2570 3363 2631; x_wconf 90' lang='lat' dir='ltr'><strong>utrorumque</strong></span> <span class='ocrx_word' id='word_1_409' title='bbox 3386 2561 3647 2631; x_wconf 76' lang='lat' dir='ltr'><strong>bonorum</strong></span> <span class='ocrx_word' id='word_1_410' title='bbox 3672 2559 3789 2615; x_wconf 68' lang='grc' dir='ltr'><strong>αἰε-</strong></span> 
     </span>
    </p>
   </div>
   <div class='ocr_carea' id='block_1_56' title="bbox 2217 2651 3788 2725">
    <p class='ocr_par' dir='ltr' id='par_1_56' title="bbox 2217 2651 3788 2725">
     <span class='ocr_line' id='line_1_56' title="bbox 2217 2651 3788 2725; baseline -0.004 -14"><span class='ocrx_word' id='word_1_411' title='bbox 2217 2657 2545 2725; x_wconf 80' lang='lat' dir='ltr'><strong>crepantiam</strong></span> <span class='ocrx_word' id='word_1_412' title='bbox 2587 2655 2951 2725; x_wconf 86' lang='lat' dir='ltr'><strong>perdiscamus</strong></span> <span class='ocrx_word' id='word_1_413' title='bbox 2987 2672 3002 2708; x_wconf 90' lang='lat'><strong>:</strong></span> <span class='ocrx_word' id='word_1_414' title='bbox 3031 2654 3109 2708; x_wconf 91' lang='lat' dir='ltr'><strong>sic</strong></span> <span class='ocrx_word' id='word_1_415' title='bbox 3135 2653 3278 2707; x_wconf 91' lang='lat' dir='ltr'><strong>enim</strong></span> <span class='ocrx_word' id='word_1_416' title='bbox 3307 2653 3496 2707; x_wconf 88' lang='lat' dir='ltr'><strong>collata</strong></span> <span class='ocrx_word' id='word_1_417' title='bbox 3521 2651 3788 2721; x_wconf 84' lang='lat' dir='ltr'><strong>apertiora</strong></span> 
     </span>
    </p>
   </div>
   <div class='ocr_carea' id='block_1_57' title="bbox 2218 2740 3790 2816">
    <p class='ocr_par' dir='ltr' id='par_1_57' title="bbox 2218 2740 3790 2816">
     <span class='ocr_line' id='line_1_57' title="bbox 2218 2740 3790 2816; baseline -0.004 -16"><span class='ocrx_word' id='word_1_418' title='bbox 2218 2746 2345 2800; x_wconf 79' lang='lat' dir='ltr'><strong>ﬂent</strong></span> <span class='ocrx_word' id='word_1_419' title='bbox 2374 2763 2389 2800; x_wconf 88' lang='lat'><strong>:</strong></span> <span class='ocrx_word' id='word_1_420' title='bbox 2416 2746 2542 2815; x_wconf 91' lang='lat' dir='ltr'><strong>quin</strong></span> <span class='ocrx_word' id='word_1_421' title='bbox 2568 2745 2766 2816; x_wconf 88' lang='lat' dir='ltr'><strong>potius,</strong></span> <span class='ocrx_word' id='word_1_422' title='bbox 2796 2745 2842 2799; x_wconf 92' lang='lat' dir='ltr'><strong>si</strong></span> <span class='ocrx_word' id='word_1_423' title='bbox 2873 2744 3077 2815; x_wconf 75' lang='lat' dir='ltr'><strong>placet,</strong></span> <span class='ocrx_word' id='word_1_424' title='bbox 3127 2745 3297 2813; x_wconf 91' lang='lat' dir='ltr'><strong>ipsum</strong></span> <span class='ocrx_word' id='word_1_425' title='bbox 3345 2743 3602 2796; x_wconf 87' lang='lat' dir='ltr'><strong>bonorum</strong></span> <span class='ocrx_word' id='word_1_426' title='bbox 3641 2740 3790 2794; x_wconf 87' lang='lat' dir='ltr'><strong>fasti-</strong></span> 
     </span>
    </p>
   </div>
   <div class='ocr_carea' id='block_1_58' title="bbox 2215 2835 3783 2908">
    <p class='ocr_par' dir='ltr' id='par_1_58' title="bbox 2215 2835 3783 2908">
     <span class='ocr_line' id='line_1_58' title="bbox 2215 2835 3783 2908; baseline -0.003 -16"><span class='ocrx_word' id='word_1_427' title='bbox 2215 2838 2361 2907; x_wconf 83' lang='lat' dir='ltr'><strong>gium</strong></span> <span class='ocrx_word' id='word_1_428' title='bbox 2387 2852 2609 2908; x_wconf 81' lang='lat' dir='ltr'><strong>regnum</strong></span> <span class='ocrx_word' id='word_1_429' title='bbox 2639 2836 2894 2906; x_wconf 85' lang='lat' dir='ltr'><strong>intelligo,</strong></span> <span class='ocrx_word' id='word_1_430' title='bbox 2908 2850 3030 2891; x_wconf 89' lang='lat' dir='ltr'><strong>cum</strong></span> <span class='ocrx_word' id='word_1_431' title='bbox 3046 2835 3377 2906; x_wconf 87' lang='lat' dir='ltr'><strong>philosophia</strong></span> <span class='ocrx_word' id='word_1_432' title='bbox 3393 2841 3783 2902; x_wconf 86' lang='lat' dir='ltr'><strong>comparantes,</strong></span> 
     </span>
    </p>
   </div>
   <div class='ocr_carea' id='block_1_59' title="bbox 2217 2924 3786 3000">
    <p class='ocr_par' dir='ltr' id='par_1_59' title="bbox 2217 2924 3786 3000">
     <span class='ocr_line' id='line_1_59' title="bbox 2217 2924 3786 3000; baseline -0.004 -16"><span class='ocrx_word' id='word_1_433' title='bbox 2217 2929 2492 3000; x_wconf 87' lang='lat' dir='ltr'><strong>utriusque</strong></span> <span class='ocrx_word' id='word_1_434' title='bbox 2510 2929 2862 2999; x_wconf 87' lang='lat' dir='ltr'><strong>possessionis</strong></span> <span class='ocrx_word' id='word_1_435' title='bbox 2889 2929 3091 2983; x_wconf 84' lang='lat' dir='ltr'><strong>fruetus</strong></span> <span class='ocrx_word' id='word_1_436' title='bbox 3100 2927 3544 2996; x_wconf 88' lang='lat' dir='ltr'><strong>contemplemur,</strong></span> <span class='ocrx_word' id='word_1_437' title='bbox 3556 2924 3786 2993; x_wconf 85' lang='lat' dir='ltr'><strong>diligen-</strong></span> 
     </span>
    </p>
   </div>
   <div class='ocr_carea' id='block_1_60' title="bbox 2217 3014 3786 3090">
    <p class='ocr_par' dir='ltr' id='par_1_60' title="bbox 2217 3014 3786 3090">
     <span class='ocr_line' id='line_1_60' title="bbox 2217 3014 3786 3090; baseline -0.004 -15"><span class='ocrx_word' id='word_1_438' title='bbox 2217 3028 2300 3075; x_wconf 90' lang='lat' dir='ltr'><strong>ter</strong></span> <span class='ocrx_word' id='word_1_439' title='bbox 2325 3019 2502 3076; x_wconf 90' lang='lat' dir='ltr'><strong>edocti</strong></span> <span class='ocrx_word' id='word_1_440' title='bbox 2527 3061 2542 3085; x_wconf 92' lang='lat'><strong>,</strong></span> <span class='ocrx_word' id='word_1_441' title='bbox 2589 3019 2782 3090; x_wconf 85' lang='lat' dir='ltr'><strong>quibus</strong></span> <span class='ocrx_word' id='word_1_442' title='bbox 2808 3032 2995 3074; x_wconf 85' lang='lat' dir='ltr'><strong>rursus</strong></span> <span class='ocrx_word' id='word_1_443' title='bbox 3023 3016 3369 3088; x_wconf 83' lang='lat' dir='ltr'><strong>philosOphus</strong></span> <span class='ocrx_word' id='word_1_444' title='bbox 3400 3016 3643 3085; x_wconf 89' lang='lat' dir='ltr'><strong>imperet.</strong></span> <span class='ocrx_word' id='word_1_445' title='bbox 3672 3014 3786 3068; x_wconf 76' lang='lat' dir='ltr'><strong>Rex</strong></span> 
     </span>
    </p>
   </div>
   <div class='ocr_carea' id='block_1_61' title="bbox 2216 3104 3786 3182">
    <p class='ocr_par' dir='ltr' id='par_1_61' title="bbox 2216 3104 3786 3182">
     <span class='ocr_line' id='line_1_61' title="bbox 2216 3104 3786 3182; baseline -0.006 -16"><span class='ocrx_word' id='word_1_446' title='bbox 2216 3111 2376 3182; x_wconf 80' lang='lat' dir='ltr'><strong>igitur</strong></span> <span class='ocrx_word' id='word_1_447' title='bbox 2402 3111 2633 3178; x_wconf 85' lang='lat' dir='ltr'><strong>urbium,</strong></span> <span class='ocrx_word' id='word_1_448' title='bbox 2661 3109 2960 3180; x_wconf 86' lang='lat' dir='ltr'><strong>regionum,</strong></span> <span class='ocrx_word' id='word_1_449' title='bbox 2980 3117 3090 3162; x_wconf 92' lang='lat' dir='ltr'><strong>tum</strong></span> <span class='ocrx_word' id='word_1_450' title='bbox 3118 3107 3400 3162; x_wconf 87' lang='lat' dir='ltr'><strong>multarum</strong></span> <span class='ocrx_word' id='word_1_451' title='bbox 3429 3105 3659 3174; x_wconf 86' lang='lat' dir='ltr'><strong>gentium</strong></span> <span class='ocrx_word' id='word_1_452' title='bbox 3682 3104 3786 3157; x_wconf 87' lang='lat' dir='ltr'><strong>im-</strong></span> 
     </span>
    </p>
   </div>
   <div class='ocr_carea' id='block_1_62' title="bbox 2217 3194 3784 3272">
    <p class='ocr_par' dir='ltr' id='par_1_62' title="bbox 2217 3194 3784 3272">
     <span class='ocr_line' id='line_1_62' title="bbox 2217 3194 3784 3272; baseline -0.007 -14"><span class='ocrx_word' id='word_1_453' title='bbox 2217 3203 2420 3272; x_wconf 88' lang='lat' dir='ltr'><strong>perium</strong></span> <span class='ocrx_word' id='word_1_454' title='bbox 2444 3202 2600 3272; x_wconf 90' lang='lat' dir='ltr'><strong>gerit,</strong></span> <span class='ocrx_word' id='word_1_455' title='bbox 2629 3200 2913 3271; x_wconf 83' lang='lat' dir='ltr'><strong>magistros</strong></span> <span class='ocrx_word' id='word_1_456' title='bbox 2954 3199 3175 3254; x_wconf 83' lang='lat' dir='ltr'><strong>militum</strong></span> <span class='ocrx_word' id='word_1_457' title='bbox 3198 3239 3213 3261; x_wconf 92' lang='lat'><strong>,</strong></span> <span class='ocrx_word' id='word_1_458' title='bbox 3244 3194 3524 3267; x_wconf 65' lang='lat' dir='ltr'><strong>praefectos</strong></span> <span class='ocrx_word' id='word_1_459' title='bbox 3542 3236 3557 3259; x_wconf 94' lang='lat'><strong>,</strong></span> <span class='ocrx_word' id='word_1_460' title='bbox 3577 3194 3784 3249; x_wconf 78' lang='lat' dir='ltr'><strong>exerci-</strong></span> 
     </span>
    </p>
   </div>
   <div class='ocr_carea' id='block_1_63' title="bbox 2216 3290 3787 3362">
    <p class='ocr_par' dir='ltr' id='par_1_63' title="bbox 2216 3290 3787 3362">
     <span class='ocr_line' id='line_1_63' title="bbox 2216 3290 3787 3362; baseline -0.007 -15"><span class='ocrx_word' id='word_1_461' title='bbox 2216 3300 2323 3359; x_wconf 89' lang='lat' dir='ltr'><strong>tus,</strong></span> <span class='ocrx_word' id='word_1_462' title='bbox 2341 3292 2581 3362; x_wconf 89' lang='lat' dir='ltr'><strong>pepulos,</strong></span> <span class='ocrx_word' id='word_1_463' title='bbox 2597 3300 2837 3357; x_wconf 88' lang='lat' dir='ltr'><strong>senatus,</strong></span> <span class='ocrx_word' id='word_1_464' title='bbox 2867 3304 2966 3344; x_wconf 90' lang='lat' dir='ltr'><strong>suo</strong></span> <span class='ocrx_word' id='word_1_465' title='bbox 2994 3290 3151 3344; x_wconf 87' lang='lat' dir='ltr'><strong>unius</strong></span> <span class='ocrx_word' id='word_1_466' title='bbox 3174 3297 3303 3343; x_wconf 90' lang='lat' dir='ltr'><strong>nutu</strong></span> <span class='ocrx_word' id='word_1_467' title='bbox 3323 3301 3513 3356; x_wconf 79' lang='lat' dir='ltr'><strong>regens</strong></span> <span class='ocrx_word' id='word_1_468' title='bbox 3541 3302 3556 3317; x_wconf 86' lang='grc'><strong>·</strong></span> <span class='ocrx_word' id='word_1_469' title='bbox 3584 3293 3637 3338; x_wconf 91' lang='lat' dir='ltr'><strong>at</strong></span> <span class='ocrx_word' id='word_1_470' title='bbox 3658 3299 3787 3338; x_wconf 83' lang='lat' dir='ltr'><strong>vero</strong></span> 
     </span>
    </p>
   </div>
   <div class='ocr_carea' id='block_1_64' title="bbox 2215 3376 3785 3456">
    <p class='ocr_par' dir='ltr' id='par_1_64' title="bbox 2215 3376 3785 3456">
     <span class='ocr_line' id='line_1_64' title="bbox 2215 3376 3785 3456; baseline -0.004 -19"><span class='ocrx_word' id='word_1_471' title='bbox 2215 3384 2305 3453; x_wconf 90' lang='lat' dir='ltr'><strong>qui</strong></span> <span class='ocrx_word' id='word_1_472' title='bbox 2351 3399 2410 3440; x_wconf 85' lang='lat' dir='ltr'><strong>se</strong></span> <span class='ocrx_word' id='word_1_473' title='bbox 2439 3384 2554 3456; x_wconf 88' lang='lat' dir='ltr'><strong>ipse</strong></span> <span class='ocrx_word' id='word_1_474' title='bbox 2581 3391 2747 3438; x_wconf 90' lang='lat' dir='ltr'><strong>totum</strong></span> <span class='ocrx_word' id='word_1_475' title='bbox 2776 3383 2886 3437; x_wconf 87' lang='lat' dir='ltr'><strong>Deo</strong></span> <span class='ocrx_word' id='word_1_476' title='bbox 2908 3380 3478 3448; x_wconf 82' lang='lat' dir='ltr'><strong>dedit,solitariamque</strong></span> <span class='ocrx_word' id='word_1_477' title='bbox 3495 3385 3657 3432; x_wconf 78' lang='lat' dir='ltr'><strong>tutam</strong></span> <span class='ocrx_word' id='word_1_478' title='bbox 3676 3376 3785 3430; x_wconf 80' lang='lat' dir='ltr'><strong>ele-</strong></span> 
     </span>
    </p>
   </div>
   <div class='ocr_carea' id='block_1_65' title="bbox 2212 3467 3783 3546">
    <p class='ocr_par' dir='ltr' id='par_1_65' title="bbox 2212 3467 3783 3546">
     <span class='ocr_line' id='line_1_65' title="bbox 2212 3467 3783 3546; baseline -0.006 -17"><span class='ocrx_word' id='word_1_479' title='bbox 2212 3475 2335 3546; x_wconf 88' lang='lat' dir='ltr'><strong>git,</strong></span> <span class='ocrx_word' id='word_1_480' title='bbox 2383 3475 2505 3538; x_wconf 77' lang='lat' dir='ltr'><strong>im,</strong></span> <span class='ocrx_word' id='word_1_481' title='bbox 2557 3473 2803 3538; x_wconf 72' lang='lat' dir='ltr'><strong>invidize,</strong></span> <span class='ocrx_word' id='word_1_482' title='bbox 2833 3473 3104 3537; x_wconf 57' lang='lat' dir='ltr'><strong>avaritia}.</strong></span> <span class='ocrx_word' id='word_1_483' title='bbox 3137 3470 3427 3539; x_wconf 84' lang='lat' dir='ltr'><strong>voluptati,</strong></span> <span class='ocrx_word' id='word_1_484' title='bbox 3469 3467 3783 3536; x_wconf 68' lang='lat' dir='ltr'><strong>ueterisque</strong></span> 
     </span>
    </p>
   </div>
   <div class='ocr_carea' id='block_1_66' title="bbox 2215 3556 3785 3633">
    <p class='ocr_par' dir='ltr' id='par_1_66' title="bbox 2215 3556 3785 3633">
     <span class='ocr_line' id='line_1_66' title="bbox 2215 3556 3785 3633; baseline -0.007 -12"><span class='ocrx_word' id='word_1_485' title='bbox 2215 3565 2378 3621; x_wconf 86' lang='lat' dir='ltr'><strong>animi</strong></span> <span class='ocrx_word' id='word_1_486' title='bbox 2408 3564 2608 3620; x_wconf 90' lang='lat' dir='ltr'><strong>morbis</strong></span> <span class='ocrx_word' id='word_1_487' title='bbox 2633 3565 2877 3633; x_wconf 87' lang='lat' dir='ltr'><strong>imperat,</strong></span> <span class='ocrx_word' id='word_1_488' title='bbox 2896 3561 3108 3616; x_wconf 89' lang='lat' dir='ltr'><strong>assidue</strong></span> <span class='ocrx_word' id='word_1_489' title='bbox 3130 3559 3404 3630; x_wconf 86' lang='lat' dir='ltr'><strong>speculans</strong></span> <span class='ocrx_word' id='word_1_490' title='bbox 3429 3572 3493 3613; x_wconf 89' lang='lat' dir='ltr'><strong>ac</strong></span> <span class='ocrx_word' id='word_1_491' title='bbox 3520 3556 3785 3612; x_wconf 89' lang='lat' dir='ltr'><strong>meditans</strong></span> 
     </span>
    </p>
   </div>
   <div class='ocr_carea' id='block_1_67' title="bbox 2215 3650 3783 3726">
    <p class='ocr_par' dir='ltr' id='par_1_67' title="bbox 2215 3650 3783 3726">
     <span class='ocr_line' id='line_1_67' title="bbox 2215 3650 3783 3726; baseline -0.006 -16"><span class='ocrx_word' id='word_1_492' title='bbox 2215 3670 2499 3726; x_wconf 87' lang='lat' dir='ltr'><strong>quemnam</strong></span> <span class='ocrx_word' id='word_1_493' title='bbox 2550 3655 2600 3709; x_wconf 93' lang='lat' dir='ltr'><strong>in</strong></span> <span class='ocrx_word' id='word_1_494' title='bbox 2651 3653 2867 3709; x_wconf 89' lang='lat' dir='ltr'><strong>modum</strong></span> <span class='ocrx_word' id='word_1_495' title='bbox 2901 3668 3004 3707; x_wconf 88' lang='lat' dir='ltr'><strong>non</strong></span> <span class='ocrx_word' id='word_1_496' title='bbox 3031 3652 3367 3717; x_wconf 84' lang='lat' dir='ltr'><strong>committat,</strong></span> <span class='ocrx_word' id='word_1_497' title='bbox 3394 3657 3454 3704; x_wconf 88' lang='lat' dir='ltr'><strong>ttt</strong></span> <span class='ocrx_word' id='word_1_498' title='bbox 3480 3664 3634 3703; x_wconf 85' lang='lat' dir='ltr'><strong>suum</strong></span> <span class='ocrx_word' id='word_1_499' title='bbox 3669 3650 3783 3702; x_wconf 88' lang='lat' dir='ltr'><strong>ani-</strong></span> 
     </span>
    </p>
   </div>
   <div class='ocr_carea' id='block_1_68' title="bbox 2216 3742 3781 3810">
    <p class='ocr_par' dir='ltr' id='par_1_68' title="bbox 2216 3742 3781 3810">
     <span class='ocr_line' id='line_1_68' title="bbox 2216 3742 3781 3810; baseline -0.006 -10"><span class='ocrx_word' id='word_1_500' title='bbox 2216 3760 2360 3800; x_wconf 90' lang='lat' dir='ltr'><strong>mum</strong></span> <span class='ocrx_word' id='word_1_501' title='bbox 2397 3745 2665 3800; x_wconf 64' lang='lat' dir='ltr'><strong>obscaenis</strong></span> <span class='ocrx_word' id='word_1_502' title='bbox 2705 3743 2985 3798; x_wconf 64' lang='lat' dir='ltr'><strong>affectibus</strong></span> <span class='ocrx_word' id='word_1_503' title='bbox 3033 3742 3298 3810; x_wconf 84' lang='lat' dir='ltr'><strong>subjiciat,</strong></span> <span class='ocrx_word' id='word_1_504' title='bbox 3343 3754 3444 3794; x_wconf 91' lang='lat' dir='ltr'><strong>neu</strong></span> <span class='ocrx_word' id='word_1_505' title='bbox 3474 3754 3671 3793; x_wconf 74' lang='lat' dir='ltr'><strong>amara:</strong></span> <span class='ocrx_word' id='word_1_506' title='bbox 3697 3747 3781 3809; x_wconf 82' lang='lat' dir='ltr'><strong>ty-</strong></span> 
     </span>
    </p>
   </div>
   <div class='ocr_carea' id='block_1_69' title="bbox 2215 3828 3784 3901">
    <p class='ocr_par' dir='ltr' id='par_1_69' title="bbox 2215 3828 3784 3901">
     <span class='ocr_line' id='line_1_69' title="bbox 2215 3828 3784 3901; baseline -0.007 -10"><span class='ocrx_word' id='word_1_507' title='bbox 2215 3835 2420 3891; x_wconf 89' lang='lat' dir='ltr'><strong>rannidi</strong></span> <span class='ocrx_word' id='word_1_508' title='bbox 2476 3836 2613 3889; x_wconf 89' lang='lat' dir='ltr'><strong>ratio</strong></span> <span class='ocrx_word' id='word_1_509' title='bbox 2659 3834 2950 3900; x_wconf 88' lang='lat' dir='ltr'><strong>inserviat,</strong></span> <span class='ocrx_word' id='word_1_510' title='bbox 3017 3831 3112 3887; x_wconf 87' lang='lat' dir='ltr'><strong>sed</strong></span> <span class='ocrx_word' id='word_1_511' title='bbox 3166 3845 3323 3901; x_wconf 91' lang='lat' dir='ltr'><strong>supra</strong></span> <span class='ocrx_word' id='word_1_512' title='bbox 3374 3844 3463 3884; x_wconf 90' lang='lat' dir='ltr'><strong>res</strong></span> <span class='ocrx_word' id='word_1_513' title='bbox 3524 3828 3784 3882; x_wconf 85' lang='lat' dir='ltr'><strong>humanas</strong></span> 
     </span>
    </p>
   </div>
   <div class='ocr_carea' id='block_1_70' title="bbox 2213 3921 3785 3997">
    <p class='ocr_par' dir='ltr' id='par_1_70' title="bbox 2213 3921 3785 3997">
     <span class='ocr_line' id='line_1_70' title="bbox 2213 3921 3785 3997; baseline -0.008 -13"><span class='ocrx_word' id='word_1_514' title='bbox 2213 3942 2403 3984; x_wconf 90' lang='lat' dir='ltr'><strong>omnes</strong></span> <span class='ocrx_word' id='word_1_515' title='bbox 2431 3926 2809 3997; x_wconf 83' lang='lat' dir='ltr'><strong>cogitationem</strong></span> <span class='ocrx_word' id='word_1_516' title='bbox 2857 3938 3070 3993; x_wconf 91' lang='lat' dir='ltr'><strong>semper</strong></span> <span class='ocrx_word' id='word_1_517' title='bbox 3097 3933 3329 3977; x_wconf 84' lang='lat' dir='ltr'><strong>erectam</strong></span> <span class='ocrx_word' id='word_1_518' title='bbox 3358 3922 3567 3985; x_wconf 85' lang='lat' dir='ltr'><strong>habeat,</strong></span> <span class='ocrx_word' id='word_1_519' title='bbox 3600 3921 3690 3974; x_wconf 89' lang='lat' dir='ltr'><strong>Dei</strong></span> <span class='ocrx_word' id='word_1_520' title='bbox 3720 3921 3785 3972; x_wconf 81' lang='lat' dir='ltr'><strong>ti-</strong></span> 
     </span>
    </p>
   </div>
   <div class='ocr_carea' id='block_1_71' title="bbox 2216 4010 3784 4083">
    <p class='ocr_par' dir='ltr' id='par_1_71' title="bbox 2216 4010 3784 4083">
     <span class='ocr_line' id='line_1_71' title="bbox 2216 4010 3784 4083; baseline -0.007 -10"><span class='ocrx_word' id='word_1_521' title='bbox 2216 4032 2419 4073; x_wconf 88' lang='lat' dir='ltr'><strong>morem</strong></span> <span class='ocrx_word' id='word_1_522' title='bbox 2459 4017 2622 4071; x_wconf 90' lang='lat' dir='ltr'><strong>animi</strong></span> <span class='ocrx_word' id='word_1_523' title='bbox 2659 4015 2859 4071; x_wconf 89' lang='lat' dir='ltr'><strong>morbis</strong></span> <span class='ocrx_word' id='word_1_524' title='bbox 2904 4014 3219 4083; x_wconf 71' lang='lat' dir='ltr'><strong>pra-ficiens.</strong></span> <span class='ocrx_word' id='word_1_525' title='bbox 3262 4011 3575 4081; x_wconf 83' lang='lat' dir='ltr'><strong>Hujusmodi</strong></span> <span class='ocrx_word' id='word_1_526' title='bbox 3622 4010 3784 4079; x_wconf 85' lang='lat' dir='ltr'><strong>igitur</strong></span> 
     </span>
    </p>
   </div>
   <div class='ocr_carea' id='block_1_72' title="bbox 2216 4103 3780 4179">
    <p class='ocr_par' dir='ltr' id='par_1_72' title="bbox 2216 4103 3780 4179">
     <span class='ocr_line' id='line_1_72' title="bbox 2216 4103 3780 4179; baseline -0.007 -16"><span class='ocrx_word' id='word_1_527' title='bbox 2216 4108 2497 4179; x_wconf 90' lang='lat' dir='ltr'><strong>imperium</strong></span> <span class='ocrx_word' id='word_1_528' title='bbox 2526 4123 2642 4174; x_wconf 80' lang='lat' dir='ltr'><strong>rex,</strong></span> <span class='ocrx_word' id='word_1_529' title='bbox 2676 4105 2978 4175; x_wconf 85' lang='lat' dir='ltr'><strong>ltujusmodi</strong></span> <span class='ocrx_word' id='word_1_530' title='bbox 3023 4105 3149 4158; x_wconf 88' lang='lat' dir='ltr'><strong>item</strong></span> <span class='ocrx_word' id='word_1_531' title='bbox 3198 4103 3547 4173; x_wconf 89' lang='lat' dir='ltr'><strong>principatum</strong></span> <span class='ocrx_word' id='word_1_532' title='bbox 3594 4115 3780 4154; x_wconf 78' lang='lat' dir='ltr'><strong>mona-</strong></span> 
     </span>
    </p>
   </div>
   <div class='ocr_carea' id='block_1_73' title="bbox 2211 4194 3782 4268">
    <p class='ocr_par' dir='ltr' id='par_1_73' title="bbox 2211 4194 3782 4268">
     <span class='ocr_line' id='line_1_73' title="bbox 2211 4194 3782 4268; baseline -0.006 -16"><span class='ocrx_word' id='word_1_533' title='bbox 2211 4199 2347 4253; x_wconf 91' lang='lat' dir='ltr'><strong>chus</strong></span> <span class='ocrx_word' id='word_1_534' title='bbox 2383 4198 2607 4268; x_wconf 91' lang='lat' dir='ltr'><strong>adeptus</strong></span> <span class='ocrx_word' id='word_1_535' title='bbox 2629 4206 2745 4252; x_wconf 87' lang='lat' dir='ltr'><strong>est:</strong></span> <span class='ocrx_word' id='word_1_536' title='bbox 2778 4205 2835 4250; x_wconf 93' lang='lat' dir='ltr'><strong>ut</strong></span> <span class='ocrx_word' id='word_1_537' title='bbox 2857 4196 3050 4265; x_wconf 91' lang='lat' dir='ltr'><strong>justins</strong></span> <span class='ocrx_word' id='word_1_538' title='bbox 3075 4194 3285 4265; x_wconf 89' lang='lat' dir='ltr'><strong>quidem</strong></span> <span class='ocrx_word' id='word_1_539' title='bbox 3320 4194 3459 4246; x_wconf 87' lang='lat' dir='ltr'><strong>hunc</strong></span> <span class='ocrx_word' id='word_1_540' title='bbox 3486 4206 3660 4261; x_wconf 83' lang='lat' dir='ltr'><strong>regem</strong></span> <span class='ocrx_word' id='word_1_541' title='bbox 3689 4206 3782 4243; x_wconf 91' lang='lat' dir='ltr'><strong>vo-</strong></span> 
     </span>
    </p>
   </div>
   <div class='ocr_carea' id='block_1_74' title="bbox 2211 4286 3780 4358">
    <p class='ocr_par' dir='ltr' id='par_1_74' title="bbox 2211 4286 3780 4358">
     <span class='ocr_line' id='line_1_74' title="bbox 2211 4286 3780 4358; baseline -0.005 -13"><span class='ocrx_word' id='word_1_542' title='bbox 2211 4304 2322 4354; x_wconf 86' lang='lat' dir='ltr'><strong>ces,</strong></span> <span class='ocrx_word' id='word_1_543' title='bbox 2354 4304 2509 4358; x_wconf 90' lang='lat' dir='ltr'><strong>quam</strong></span> <span class='ocrx_word' id='word_1_544' title='bbox 2536 4304 2656 4342; x_wconf 91' lang='lat' dir='ltr'><strong>eum</strong></span> <span class='ocrx_word' id='word_1_545' title='bbox 2689 4287 2778 4357; x_wconf 91' lang='lat' dir='ltr'><strong>qui</strong></span> <span class='ocrx_word' id='word_1_546' title='bbox 2811 4302 3039 4356; x_wconf 87' lang='lat' dir='ltr'><strong>purpura</strong></span> <span class='ocrx_word' id='word_1_547' title='bbox 3075 4286 3288 4340; x_wconf 90' lang='lat' dir='ltr'><strong>indutus</strong></span> <span class='ocrx_word' id='word_1_548' title='bbox 3312 4298 3375 4338; x_wconf 90' lang='lat' dir='ltr'><strong>ac</strong></span> <span class='ocrx_word' id='word_1_549' title='bbox 3401 4299 3595 4338; x_wconf 89' lang='lat' dir='ltr'><strong>corona</strong></span> <span class='ocrx_word' id='word_1_550' title='bbox 3622 4298 3780 4338; x_wconf 87' lang='lat' dir='ltr'><strong>orna-</strong></span> 
     </span>
    </p>
   </div>
   <div class='ocr_carea' id='block_1_75' title="bbox 2212 4376 3404 4450">
    <p class='ocr_par' dir='ltr' id='par_1_75' title="bbox 2212 4376 3404 4450">
     <span class='ocr_line' id='line_1_75' title="bbox 2212 4376 3404 4450; baseline -0.007 -14"><span class='ocrx_word' id='word_1_551' title='bbox 2212 4390 2296 4436; x_wconf 93' lang='lat' dir='ltr'><strong>tus</strong></span> <span class='ocrx_word' id='word_1_552' title='bbox 2320 4380 2660 4450; x_wconf 88' lang='lat' dir='ltr'><strong>splendescit,</strong></span> <span class='ocrx_word' id='word_1_553' title='bbox 2696 4379 2888 4433; x_wconf 91' lang='lat' dir='ltr'><strong>throno</strong></span> <span class='ocrx_word' id='word_1_554' title='bbox 2922 4380 2972 4432; x_wconf 91' lang='lat' dir='ltr'><strong>in</strong></span> <span class='ocrx_word' id='word_1_555' title='bbox 3003 4393 3166 4432; x_wconf 89' lang='lat' dir='ltr'><strong>aureo</strong></span> <span class='ocrx_word' id='word_1_556' title='bbox 3194 4376 3404 4432; x_wconf 89' lang='lat' dir='ltr'><strong>sedens.</strong></span> 
     </span>
    </p>
   </div>
   <div class='ocr_carea' id='block_1_76' title="bbox 2280 4464 3779 4537">
    <p class='ocr_par' dir='ltr' id='par_1_76' title="bbox 2280 4464 3779 4537">
     <span class='ocr_line' id='line_1_76' title="bbox 2280 4464 3779 4537; baseline -0.005 -13"><span class='ocrx_word' id='word_1_557' title='bbox 2280 4469 2336 4524; x_wconf 75' lang='grc'>2.</span> <span class='ocrx_word' id='word_1_558' title='bbox 2364 4471 2487 4537; x_wconf 81' lang='lat' dir='ltr'><strong>Quis</strong></span> <span class='ocrx_word' id='word_1_559' title='bbox 2511 4472 2708 4524; x_wconf 84' lang='lat' dir='ltr'><strong>demum</strong></span> <span class='ocrx_word' id='word_1_560' title='bbox 2732 4486 2844 4523; x_wconf 81' lang='lat' dir='ltr'><strong>vere</strong></span> <span class='ocrx_word' id='word_1_561' title='bbox 2860 4486 2948 4522; x_wconf 81' lang='lat' dir='ltr'><strong>rea:</strong></span> <span class='ocrx_word' id='word_1_562' title='bbox 2974 4467 3234 4522; x_wconf 78' lang='lat' dir='ltr'><strong>dicendus.</strong></span> <span class='ocrx_word' id='word_1_563' title='bbox 3261 4496 3331 4506; x_wconf 93' lang='lat'><strong>—</strong></span> <span class='ocrx_word' id='word_1_564' title='bbox 3349 4465 3479 4520; x_wconf 88' lang='lat' dir='ltr'><strong>Nam</strong></span> <span class='ocrx_word' id='word_1_565' title='bbox 3500 4466 3545 4519; x_wconf 91' lang='lat' dir='ltr'><strong>is</strong></span> <span class='ocrx_word' id='word_1_566' title='bbox 3566 4464 3779 4519; x_wconf 90' lang='lat' dir='ltr'><strong>demum</strong></span> 
     </span>
    </p>
   </div>
   <div class='ocr_carea' id='block_1_77' title="bbox 2211 4555 3778 4629">
    <p class='ocr_par' dir='ltr' id='par_1_77' title="bbox 2211 4555 3778 4629">
     <span class='ocr_line' id='line_1_77' title="bbox 2211 4555 3778 4629; baseline -0.003 -17"><span class='ocrx_word' id='word_1_567' title='bbox 2211 4576 2336 4615; x_wconf 86' lang='lat' dir='ltr'><strong>vere</strong></span> <span class='ocrx_word' id='word_1_568' title='bbox 2359 4575 2450 4614; x_wconf 85' lang='lat' dir='ltr'><strong>rex</strong></span> <span class='ocrx_word' id='word_1_569' title='bbox 2483 4568 2583 4623; x_wconf 90' lang='lat' dir='ltr'><strong>est,</strong></span> <span class='ocrx_word' id='word_1_570' title='bbox 2612 4558 2702 4629; x_wconf 90' lang='lat' dir='ltr'><strong>qui</strong></span> <span class='ocrx_word' id='word_1_571' title='bbox 2734 4558 2887 4623; x_wconf 87' lang='lat' dir='ltr'><strong>iram,</strong></span> <span class='ocrx_word' id='word_1_572' title='bbox 2920 4558 3010 4628; x_wconf 93' lang='lat' dir='ltr'><strong>qui</strong></span> <span class='ocrx_word' id='word_1_573' title='bbox 3039 4556 3309 4621; x_wconf 89' lang='lat' dir='ltr'><strong>invidiam,</strong></span> <span class='ocrx_word' id='word_1_574' title='bbox 3338 4555 3427 4625; x_wconf 91' lang='lat' dir='ltr'><strong>qui</strong></span> <span class='ocrx_word' id='word_1_575' title='bbox 3452 4555 3778 4622; x_wconf 88' lang='lat' dir='ltr'><strong>voluptatem</strong></span> 
     </span>
    </p>
   </div>
   <div class='ocr_carea' id='block_1_78' title="bbox 2210 4646 3779 4719">
    <p class='ocr_par' dir='ltr' id='par_1_78' title="bbox 2210 4646 3779 4719">
     <span class='ocr_line' id='line_1_78' title="bbox 2210 4646 3779 4719; baseline -0.004 -13"><span class='ocrx_word' id='word_1_576' title='bbox 2210 4651 2462 4706; x_wconf 88' lang='lat' dir='ltr'><strong>cohibens</strong></span> <span class='ocrx_word' id='word_1_577' title='bbox 2482 4692 2497 4719; x_wconf 96' lang='lat'><strong>,</strong></span> <span class='ocrx_word' id='word_1_578' title='bbox 2525 4652 2702 4705; x_wconf 88' lang='lat' dir='ltr'><strong>omnia</strong></span> <span class='ocrx_word' id='word_1_579' title='bbox 2727 4650 2825 4705; x_wconf 92' lang='lat' dir='ltr'><strong>sub</strong></span> <span class='ocrx_word' id='word_1_580' title='bbox 2854 4649 2943 4703; x_wconf 89' lang='lat' dir='ltr'><strong>Dei</strong></span> <span class='ocrx_word' id='word_1_581' title='bbox 2984 4649 3099 4718; x_wconf 85' lang='lat' dir='ltr'><strong>lege</strong></span> <span class='ocrx_word' id='word_1_582' title='bbox 3133 4648 3261 4717; x_wconf 84' lang='lat' dir='ltr'><strong>agit,</strong></span> <span class='ocrx_word' id='word_1_583' title='bbox 3290 4656 3518 4701; x_wconf 89' lang='lat' dir='ltr'><strong>mentem</strong></span> <span class='ocrx_word' id='word_1_584' title='bbox 3558 4646 3779 4700; x_wconf 90' lang='lat' dir='ltr'><strong>liberam</strong></span> 
     </span>
    </p>
   </div>
   <div class='ocr_carea' id='block_1_79' title="bbox 2209 4735 3778 4812">
    <p class='ocr_par' dir='ltr' id='par_1_79' title="bbox 2209 4735 3778 4812">
     <span class='ocr_line' id='line_1_79' title="bbox 2209 4735 3778 4812; baseline -0.006 -15"><span class='ocrx_word' id='word_1_585' title='bbox 2209 4757 2466 4807; x_wconf 85' lang='lat' dir='ltr'><strong>servans,</strong></span> <span class='ocrx_word' id='word_1_586' title='bbox 2514 4756 2686 4812; x_wconf 89' lang='lat' dir='ltr'><strong>neque</strong></span> <span class='ocrx_word' id='word_1_587' title='bbox 2729 4740 2934 4812; x_wconf 87' lang='lat' dir='ltr'><strong>patiens</strong></span> <span class='ocrx_word' id='word_1_588' title='bbox 2979 4740 3305 4808; x_wconf 87' lang='lat' dir='ltr'><strong>voluptatum</strong></span> <span class='ocrx_word' id='word_1_589' title='bbox 3362 4735 3778 4790; x_wconf 85' lang='lat' dir='ltr'><strong>dominationem</strong></span> 
     </span>
    </p>
   </div>
   <div class='ocr_carea' id='block_1_80' title="bbox 2211 4826 3781 4902">
    <p class='ocr_par' dir='ltr' id='par_1_80' title="bbox 2211 4826 3781 4902">
     <span class='ocr_line' id='line_1_80' title="bbox 2211 4826 3781 4902; baseline -0.005 -14"><span class='ocrx_word' id='word_1_590' title='bbox 2211 4835 2389 4888; x_wconf 90' lang='lat' dir='ltr'><strong>animo</strong></span> <span class='ocrx_word' id='word_1_591' title='bbox 2413 4848 2511 4887; x_wconf 90' lang='lat' dir='ltr'><strong>suo</strong></span> <span class='ocrx_word' id='word_1_592' title='bbox 2547 4833 2870 4902; x_wconf 89' lang='lat' dir='ltr'><strong>imperitare.</strong></span> <span class='ocrx_word' id='word_1_593' title='bbox 2907 4829 3088 4884; x_wconf 88' lang='lat' dir='ltr'><strong>Talem</strong></span> <span class='ocrx_word' id='word_1_594' title='bbox 3135 4827 3377 4898; x_wconf 90' lang='lat' dir='ltr'><strong>equidem</strong></span> <span class='ocrx_word' id='word_1_595' title='bbox 3404 4842 3581 4897; x_wconf 91' lang='lat' dir='ltr'><strong>regem</strong></span> <span class='ocrx_word' id='word_1_596' title='bbox 3611 4826 3781 4880; x_wconf 87' lang='lat' dir='ltr'><strong>libens</strong></span> 
     </span>
    </p>
   </div>
   <div class='ocr_carea' id='block_1_81' title="bbox 2208 4918 3776 4989">
    <p class='ocr_par' dir='ltr' id='par_1_81' title="bbox 2208 4918 3776 4989">
     <span class='ocr_line' id='line_1_81' title="bbox 2208 4918 3776 4989; baseline -0.006 -11"><span class='ocrx_word' id='word_1_597' title='bbox 2208 4926 2443 4980; x_wconf 90' lang='lat' dir='ltr'><strong>viderem</strong></span> <span class='ocrx_word' id='word_1_598' title='bbox 2467 4934 2519 4979; x_wconf 91' lang='lat' dir='ltr'><strong>et</strong></span> <span class='ocrx_word' id='word_1_599' title='bbox 2547 4933 2721 4989; x_wconf 65' lang='lat' dir='ltr'><strong>terra),</strong></span> <span class='ocrx_word' id='word_1_600' title='bbox 2749 4932 2803 4979; x_wconf 86' lang='lat' dir='ltr'><strong>et</strong></span> <span class='ocrx_word' id='word_1_601' title='bbox 2836 4922 2990 4989; x_wconf 90' lang='lat' dir='ltr'><strong>mari,</strong></span> <span class='ocrx_word' id='word_1_602' title='bbox 3018 4930 3072 4975; x_wconf 91' lang='lat' dir='ltr'><strong>et</strong></span> <span class='ocrx_word' id='word_1_603' title='bbox 3105 4918 3424 4984; x_wconf 88' lang='lat' dir='ltr'><strong>civitatibus,</strong></span> <span class='ocrx_word' id='word_1_604' title='bbox 3466 4926 3521 4973; x_wconf 89' lang='lat' dir='ltr'><strong>et</strong></span> <span class='ocrx_word' id='word_1_605' title='bbox 3548 4918 3776 4988; x_wconf 87' lang='lat' dir='ltr'><strong>populis,</strong></span> 
     </span>
    </p>
   </div>
   <div class='ocr_carea' id='block_1_82' title="bbox 2208 5007 3777 5086">
    <p class='ocr_par' dir='ltr' id='par_1_82' title="bbox 2208 5007 3777 5086">
     <span class='ocr_line' id='line_1_82' title="bbox 2208 5007 3777 5086; baseline -0.007 -14"><span class='ocrx_word' id='word_1_606' title='bbox 2208 5028 2262 5072; x_wconf 91' lang='lat' dir='ltr'><strong>et</strong></span> <span class='ocrx_word' id='word_1_607' title='bbox 2305 5018 2626 5072; x_wconf 77' lang='lat' dir='ltr'><strong>exercitibus</strong></span> <span class='ocrx_word' id='word_1_608' title='bbox 2679 5016 2800 5086; x_wconf 89' lang='lat' dir='ltr'><strong>jura</strong></span> <span class='ocrx_word' id='word_1_609' title='bbox 2851 5014 3085 5069; x_wconf 91' lang='lat' dir='ltr'><strong>dantem.</strong></span> <span class='ocrx_word' id='word_1_610' title='bbox 3137 5011 3387 5080; x_wconf 86' lang='lat' dir='ltr'><strong>Quisquis</strong></span> <span class='ocrx_word' id='word_1_611' title='bbox 3430 5008 3571 5064; x_wconf 90' lang='lat' dir='ltr'><strong>enim</strong></span> <span class='ocrx_word' id='word_1_612' title='bbox 3616 5007 3777 5063; x_wconf 88' lang='lat' dir='ltr'><strong>animi</strong></span> 
     </span>
    </p>
   </div>
   <div class='ocr_carea' id='block_1_83' title="bbox 2207 5099 3778 5172">
    <p class='ocr_par' dir='ltr' id='par_1_83' title="bbox 2207 5099 3778 5172">
     <span class='ocr_line' id='line_1_83' title="bbox 2207 5099 3778 5172; baseline -0.008 -11"><span class='ocrx_word' id='word_1_613' title='bbox 2207 5106 2480 5162; x_wconf 75' lang='lat' dir='ltr'><strong>affectibus</strong></span> <span class='ocrx_word' id='word_1_614' title='bbox 2522 5106 2779 5160; x_wconf 87' lang='lat' dir='ltr'><strong>rationem</strong></span> <span class='ocrx_word' id='word_1_615' title='bbox 2823 5103 3130 5172; x_wconf 76' lang='lat' dir='ltr'><strong>magistram</strong></span> <span class='ocrx_word' id='word_1_616' title='bbox 3172 5099 3489 5171; x_wconf 65' lang='lat' dir='ltr'><strong>praefeccrit,</strong></span> <span class='ocrx_word' id='word_1_617' title='bbox 3530 5099 3574 5153; x_wconf 88' lang='lat' dir='ltr'><strong>is</strong></span> <span class='ocrx_word' id='word_1_618' title='bbox 3615 5112 3778 5167; x_wconf 91' lang='lat' dir='ltr'><strong>parvo</strong></span> 
     </span>
    </p>
   </div>
   <div class='ocr_carea' id='block_1_84' title="bbox 2207 5187 3776 5267">
    <p class='ocr_par' dir='ltr' id='par_1_84' title="bbox 2207 5187 3776 5267">
     <span class='ocr_line' id='line_1_84' title="bbox 2207 5187 3776 5267; baseline -0.008 -15"><span class='ocrx_word' id='word_1_619' title='bbox 2207 5197 2489 5252; x_wconf 90' lang='lat' dir='ltr'><strong>admodum</strong></span> <span class='ocrx_word' id='word_1_620' title='bbox 2516 5197 2729 5267; x_wconf 86' lang='lat' dir='ltr'><strong>negotio</strong></span> <span class='ocrx_word' id='word_1_621' title='bbox 2754 5205 2807 5250; x_wconf 91' lang='lat' dir='ltr'><strong>et</strong></span> <span class='ocrx_word' id='word_1_622' title='bbox 2826 5195 3128 5250; x_wconf 86' lang='lat' dir='ltr'><strong>hominibus</strong></span> <span class='ocrx_word' id='word_1_623' title='bbox 3154 5208 3257 5247; x_wconf 90' lang='lat' dir='ltr'><strong>una</strong></span> <span class='ocrx_word' id='word_1_624' title='bbox 3280 5207 3401 5246; x_wconf 90' lang='lat' dir='ltr'><strong>cum</strong></span> <span class='ocrx_word' id='word_1_625' title='bbox 3428 5189 3618 5244; x_wconf 89' lang='lat' dir='ltr'><strong>divinis</strong></span> <span class='ocrx_word' id='word_1_626' title='bbox 3643 5187 3776 5257; x_wconf 85' lang='lat' dir='ltr'><strong>legi-</strong></span> 
     </span>
    </p>
   </div>
   <div class='ocr_carea' id='block_1_85' title="bbox 2170 5277 3777 5358">
    <p class='ocr_par' dir='ltr' id='par_1_85' title="bbox 2170 5277 3777 5358">
     <span class='ocr_line' id='line_1_85' title="bbox 2170 5277 3777 5358; baseline -0.007 -15"><span class='ocrx_word' id='word_1_627' title='bbox 2170 5290 2304 5352; x_wconf 62' lang='lat' dir='ltr'><strong>,hus</strong></span> <span class='ocrx_word' id='word_1_628' title='bbox 2351 5289 2544 5358; x_wconf 83' lang='lat' dir='ltr'><strong>praeﬁci</strong></span> <span class='ocrx_word' id='word_1_629' title='bbox 2593 5288 2780 5357; x_wconf 87' lang='lat' dir='ltr'><strong>possit,</strong></span> <span class='ocrx_word' id='word_1_630' title='bbox 2825 5297 2883 5341; x_wconf 91' lang='lat' dir='ltr'><strong>ut</strong></span> <span class='ocrx_word' id='word_1_631' title='bbox 2920 5285 3164 5341; x_wconf 84' lang='lat' dir='ltr'><strong>eumdem</strong></span> <span class='ocrx_word' id='word_1_632' title='bbox 3210 5284 3377 5354; x_wconf 88' lang='lat' dir='ltr'><strong>patris</strong></span> <span class='ocrx_word' id='word_1_633' title='bbox 3420 5281 3537 5336; x_wconf 93' lang='lat' dir='ltr'><strong>loco</strong></span> <span class='ocrx_word' id='word_1_634' title='bbox 3579 5277 3777 5334; x_wconf 89' lang='lat' dir='ltr'><strong>subditi</strong></span> 
     </span>
    </p>
   </div>
   <div class='ocr_carea' id='block_1_86' title="bbox 2207 5373 3776 5447">
    <p class='ocr_par' dir='ltr' id='par_1_86' title="bbox 2207 5373 3776 5447">
     <span class='ocr_line' id='line_1_86' title="bbox 2207 5373 3776 5447; baseline -0.007 -13"><span class='ocrx_word' id='word_1_635' title='bbox 2207 5380 2454 5447; x_wconf 86' lang='lat' dir='ltr'><strong>habeant,</strong></span> <span class='ocrx_word' id='word_1_636' title='bbox 2484 5395 2603 5434; x_wconf 92' lang='lat' dir='ltr'><strong>cum</strong></span> <span class='ocrx_word' id='word_1_637' title='bbox 2630 5378 2774 5434; x_wconf 91' lang='lat' dir='ltr'><strong>omni</strong></span> <span class='ocrx_word' id='word_1_638' title='bbox 2798 5376 3204 5433; x_wconf 90' lang='lat' dir='ltr'><strong>mansuetudine</strong></span> <span class='ocrx_word' id='word_1_639' title='bbox 3226 5373 3529 5430; x_wconf 87' lang='lat' dir='ltr'><strong>civitatibus</strong></span> <span class='ocrx_word' id='word_1_640' title='bbox 3551 5385 3776 5426; x_wconf 88' lang='lat' dir='ltr'><strong>consue—</strong></span> 
     </span>
    </p>
   </div>
   <div class='ocr_carea' id='block_1_87' title="bbox 2205 5459 3775 5540">
    <p class='ocr_par' dir='ltr' id='par_1_87' title="bbox 2205 5459 3775 5540">
     <span class='ocr_line' id='line_1_87' title="bbox 2205 5459 3775 5540; baseline -0.008 -15"><span class='ocrx_word' id='word_1_641' title='bbox 2205 5473 2399 5527; x_wconf 90' lang='lat' dir='ltr'><strong>tudinis</strong></span> <span class='ocrx_word' id='word_1_642' title='bbox 2424 5486 2536 5529; x_wconf 69' lang='lat' dir='ltr'><strong>sute</strong></span> <span class='ocrx_word' id='word_1_643' title='bbox 2576 5471 2781 5540; x_wconf 84' lang='lat' dir='ltr'><strong>cupiam</strong></span> <span class='ocrx_word' id='word_1_644' title='bbox 2824 5468 3123 5524; x_wconf 91' lang='lat' dir='ltr'><strong>facientem.</strong></span> <span class='ocrx_word' id='word_1_645' title='bbox 3163 5464 3264 5533; x_wconf 87' lang='lat' dir='ltr'><strong>Qui</strong></span> <span class='ocrx_word' id='word_1_646' title='bbox 3305 5478 3432 5519; x_wconf 89' lang='lat' dir='ltr'><strong>vero</strong></span> <span class='ocrx_word' id='word_1_647' title='bbox 3475 5459 3775 5518; x_wconf 88' lang='lat' dir='ltr'><strong>hominibus</strong></span> 
     </span>
    </p>
   </div>
   <div class='ocr_carea' id='block_1_88' title="bbox 2203 5546 3775 5633">
    <p class='ocr_par' dir='ltr' id='par_1_88' title="bbox 2203 5546 3775 5633">
     <span class='ocr_line' id='line_1_88' title="bbox 2203 5546 3775 5633; baseline -0.011 -14"><span class='ocrx_word' id='word_1_648' title='bbox 2203 5546 2467 5633; x_wconf 89' lang='lat' dir='ltr'><strong>imperare</strong></span> <span class='ocrx_word' id='word_1_649' title='bbox 2491 5578 2610 5618; x_wconf 91' lang='lat' dir='ltr'><strong>cum</strong></span> <span class='ocrx_word' id='word_1_650' title='bbox 2640 5561 2910 5626; x_wconf 88' lang='lat' dir='ltr'><strong>videatur,</strong></span> <span class='ocrx_word' id='word_1_651' title='bbox 2938 5561 3031 5614; x_wconf 74' lang='lat' dir='ltr'><strong>irze</strong></span> <span class='ocrx_word' id='word_1_652' title='bbox 3056 5569 3262 5621; x_wconf 89' lang='lat' dir='ltr'><strong>tamen,</strong></span> <span class='ocrx_word' id='word_1_653' title='bbox 3292 5553 3589 5617; x_wconf 89' lang='lat' dir='ltr'><strong>ambitioni,</strong></span> <span class='ocrx_word' id='word_1_654' title='bbox 3619 5552 3775 5605; x_wconf 82' lang='lat' dir='ltr'><strong>velu-</strong></span> 
     </span>
    </p>
   </div>
   <div class='ocr_carea' id='block_1_89' title="bbox 2209 5641 3772 5729">
    <p class='ocr_par' dir='ltr' id='par_1_89' title="bbox 2209 5641 3772 5729">
     <span class='ocr_line' id='line_1_89' title="bbox 2209 5641 3772 5729; baseline -0.01 -18"><span class='ocrx_word' id='word_1_655' title='bbox 2209 5653 2436 5729; x_wconf 85' lang='lat' dir='ltr'><strong>ptatibus</strong></span> <span class='ocrx_word' id='word_1_656' title='bbox 2477 5654 2661 5721; x_wconf 88' lang='lat' dir='ltr'><strong>servit,</strong></span> <span class='ocrx_word' id='word_1_657' title='bbox 2702 5652 2791 5708; x_wconf 89' lang='lat' dir='ltr'><strong>hic</strong></span> <span class='ocrx_word' id='word_1_658' title='bbox 2835 5652 3062 5722; x_wconf 91' lang='lat' dir='ltr'><strong>primum</strong></span> <span class='ocrx_word' id='word_1_659' title='bbox 3102 5647 3325 5707; x_wconf 87' lang='lat' dir='ltr'><strong>subditis</strong></span> <span class='ocrx_word' id='word_1_660' title='bbox 3367 5644 3478 5701; x_wconf 85' lang='lat' dir='ltr'><strong>suis</strong></span> <span class='ocrx_word' id='word_1_661' title='bbox 3523 5641 3772 5698; x_wconf 84' lang='lat' dir='ltr'><strong>ridiculus</strong></span> 
     </span>
    </p>
   </div>
  </div>
