4124 6144
422 279 525 336 337

1453 243 1908 344 coMPAnA'rIo
1947 285 2154 345 REGIS
2193 285 2280 342 ET
2320 286 2650 346 normam.
3319 258 3321 262 ’
3571 305 3678 366 περ

1851 693 2252 756 ΜΟΝΙἸἪΜ.

420 931 568 989 serie
603 929 833 984 iocatur.
872 927 1140 994 Savilins,
1189 931 1282 999 qui
1306 931 1454 984 inter
1497 931 1681 1000 spuria
1731 932 1833 987 hoc
1866 948 2002 1003 opu-

423 1035 639 1091 sculum
684 1033 898 1087 incaute
942 1040 1220 1101 posuerat,
1267 1031 1322 1083 in
1366 1031 1510 1085 notis
1559 1042 1745 1100 postea
1789 1035 1903 1088 suis
1942 1033 1998 1087 'id

424 1137 783 1207 incogitanter
823 1151 887 1190 ac
912 1145 1120 1190 temere
1159 1133 1362 1188 factum
1397 1148 1520 1187 esse
1551 1133 1868 1197 declaravit,
1899 1151 1993 1189 ve-

423 1254 588 1310 reque
631 1240 1022 1310 Chrysostomo
1051 1238 1274 1308 dignum
1317 1251 1454 1306 Opus
1499 1252 1620 1292 esse
1663 1237 1844 1292 fassus
1891 1248 1994 1297 est.

416 1341 579 1398 'Certc
635 1359 740 1397 non
789 1345 952 1400 modo
992 1344 1364 1414 Chrysostomi
1417 1343 1619 1408 fetum,
1675 1343 1768 1398 sed
1827 1344 1989 1400 etiam

2105 935 2246 991 inter
2288 936 2645 1007 elegantiores
2709 941 3104 996 numerandum
3156 958 3277 999 esse
3333 961 3641 1009 censemus.

2175 1038 2430 1095 Germani
2470 1042 2636 1098 Brixii
2672 1046 3194 1117 interpretationem,
3234 1060 3415 1122 utpote
3440 1058 3574 1115 satis
3594 1075 3679 1117 ac-

2103 1150 2374 1208 curatam,
2401 1146 2610 1215 aliquot
2641 1156 2822 1204 lamen
2859 1151 2911 1205 in
2956 1151 3091 1207 locis
3131 1158 3495 1227 emendatam,
3529 1177 3561 1217 e
3585 1178 3674 1218 re-

2103 1244 2262 1314 gione
2291 1245 2465 1303 Graeci
2493 1258 2671 1307 textus
2694 1254 2957 1310 edendam
2989 1259 3326 1314 curavimus.

300 1908 466 1983 Ῑιίϐ]
501 1909 859 1967 ΣΥΓΚΡῘΣΙΣ
913 1913 1286 1969 ΒΑΣΙΛῘΚΗΣ
1326 1913 1758 1968 ΔΥΝΑΣΤΕΙΑΣ
1807 1914 1928 1968 ΚΑΙ
1977 1914 2308 1968 ΠΛΟΥΤΟΥ
2343 1916 2462 1969 ΚΑΙ
2494 1915 2884 1981 ΥΠΕΡΟΧΗΣ,
2928 1918 3106 1972 ΠΡΟΣ
3145 1918 3491 1975 ΜΟΝΑΧΟΝ
3519 1919 3776 1978 ΣΥΖΩΝο

1117 2008 1208 2060 TA
1253 2008 1348 2079 Τῌ
1379 2008 1844 2081 ΑΛΗΘΕΣΤΔΤῌ
1873 2009 1994 2063 ΚΑΙ
2037 2009 2229 2061 ΚΑΤΑ
2261 2007 2562 2062 ΧΡΙΣΤΟΝ
2595 2010 2972 2081 ΦΙΛΟΣΟΦΙᾼ.

384 2512 456 2559 α’.
497 2505 668 2577 ὐρῶν
687 2505 796 2575 ἐγὼ
811 2507 935 2570 τοὺς
955 2507 1178 2572 πολλοὺς
1196 2505 1301 2560 τῶν
1324 2505 1421 2560 ἀνθ
1432 2505 1625 2577 ρῶπων
1654 2503 1720 2558 τά
1741 2503 1998 2558 δοκοῦντα

309 2601 457 2654 εῖναι
481 2601 620 2655 καλὰ
649 2601 848 2672 μᾶλλον
873 2601 1204 2671 ἀγαπῶντάς
1225 2619 1284 2655 τε
1311 2603 1405 2656 καὶ
1440 2600 1837 2673 θαυμάζοντας,
1863 2601 1897 2672 ἢ
1931 2603 1998 2657 τά

309 2695 475 2764 φύσει
522 2696 735 2769 χρηστὰ
773 2699 868 2751 καὶ
900 2697 977 2761 ὡς
1019 2697 1235 2769 άληθῶς
1267 2698 1474 2768 ἀγαθὰ,
1529 2699 1826 2768 ἀναγκαῖον
1856 2692 1998 2752 εῖναι

307 2792 516 2865 νομίζω
553 2795 678 2866 περὶ
704 2794 982 2865 ἑκατέρων
1017 2794 1239 2867 βραχεῖς
1268 2797 1597 2868 ποιήσασθαι
1629 2798 1754 2860 τοὺς
1784 2796 1996 2866 λόγους,

308 2892 410 2944 καὶ
456 2891 782 2962 παραθεῖναι
829 2891 926 2945 νῦν
965 2891 1218 2965 ἀλλήλοις
1260 2894 1330 2948 τά
1360 2912 1419 2947 τε
1461 2893 1998 2968 κατερρᾳθυμημένα

309 2988 469 3059 παρὰ
503 2988 714 3053 πολλοῖς
731 3001 778 3052 ιι,
815 2989 886 3043 τά
917 3007 977 3043 τε
1009 2991 1210 3061 πολλῆς
1252 2993 1587 3061 τυγχάνοντα
1622 2992 1879 3064 σπουδῆς,
1911 2993 1999 3046 ἵνα

311 3084 578 3154 μαθόντες
604 3085 665 3138 τὸ
685 3085 939 3158 διάφορον
969 3087 1266 3159 ἑκατέρων,
1287 3088 1356 3141 τὰ
1381 3089 1478 3159 μὲν
1503 3088 1579 3152 ὡς
1607 3088 1732 3154 ἄξια
1759 3089 1996 3159 σπουδῆς

308 3181 406 3233 καὶ
450 3181 726 3251 σωτηρίας
769 3184 898 3254 περὶ
933 3182 1128 3236 πολλοῦ
1164 3183 1551 3255 ποιησώμεθα,
1583 3185 1690 3238 τῶν
1729 3184 1786 3238 δὲ
1822 3202 1995 3239 κατα-ο

305 3281 532 3348 φρονεῖν
580 3280 961 3351 παιδευθῶμεν
999 3281 1074 3344 ὡς
1124 3281 1337 3346 οὐδενὸς
1373 3281 1562 3347 ἀξίων.
1600 3282 1808 3336 Οὐκοῦν
1859 3284 1996 3351 ἀγα-

309 3377 481 3428 πᾶται
523 3376 621 3447 μὲν
655 3376 883 3440 πλοῦτος
904 3377 934 3418 ἲ)
969 3379 1064 3432 καὶ
1096 3379 1384 3434 δυναστεία
1416 3381 1511 3433 καὶ
1543 3381 1685 3451 ἀρχὴ
1715 3381 1807 3433 καὶ
1838 3380 1992 3447 δόξα,

303 3470 408 3522 καὶ
463 3471 856 3543 μακαρίζουσιν
895 3474 944 3525 οἱ
991 3474 1175 3527 πολλοὶ⁹
1204 3474 1344 3538 τοὺς
1371 3474 1479 3528 τῶν
1512 3475 1681 3528 ἐθνῶν
1703 3476 1991 3547 ἄρχοντας,

307 3565 650 3636 φερομένους
688 3570 780 3623 ἐπὶ
803 3569 1075 3642 λαμπρῶν
1102 3571 1417 3643 ὀχημάτων,
1447 3572 1541 3626 καὶ
1570 3573 1825 3643 κηρύκων
1862 3573 1993 3644 βοῆς

306 3660 687 3726 ἀπολαύοντας
723 3663 820 3716 καὶ
861 3665 1188 3739 δορυφορίας
1227 3667 1463 3739 πολλῆς,
1511 3669 1992 3741 καταπεφρόνηται

305 3757 366 3809 δὲ
391 3757 502 3811 τῶν
536 3759 966 3830 φιλοσοφούντων
993 3766 1019 3816 6
1045 3763 1178 3833 βίος,
1217 3765 1309 3818 καὶ
1339 3765 1448 3818 τῶν
1471 3765 1568 3837 τὴν
1609 3768 1817 3838 μονήρη
1857 3767 1996 3820 δίαι-

303 3871 412 3908 ταν
455 3856 779 3927 ᾑρημένων*
825 3860 1064 3914 κάκεῖνοι
1099 3862 1199 3932 μὲν
1251 3863 1542 3932 φανέντες,
1589 3865 1723 3936 πρὸς
1767 3865 1994 3927 ἑαυτοὺς

307 3951 704 4023 ἐπιστρέφουσι
767 3957 860 4010 τὸν
907 3956 1114 4028 δῆμον,
1153 3951 1310 4032 οῦτοι.
1347 3959 1404 4012 δὲ
1463 3961 1724 4027 φανέντες
1781 3960 1994 4024 οὐδενὸς

304 4047 643 4120 ὀφθαλμοὺς,
691 4051 723 4122 ἢ
757 4053 952 4124 κομιδῇ
986 4071 1049 4122 γε
1082 4055 1301 4124 ὀλίγων,
1335 4056 1470 4126 πρὸς
1496 4056 1722 4119 ἑαυτοὺς
1747 4055 1988 4110 ἕλκουσι.

306 4146 424 4199 Καὶ
443 4147 648 4200 τούτων
685 4149 782 4218 μὲν
811 4151 987 4214 οὐδεὶς
1012 4150 1077 4204 ἂν
1101 4151 1459 4222 ἐπιθυμήσειε
1492 4151 1745 4220 γενέσθαι
1784 4152 1987 4223 ὅμοιος,

306 4241 539 4296 ἐκείνων
558 4243 614 4296 δὲ
657 4245 934 4308 ἅπαντες·
980 4248 1158 4302 καίτοι
1193 4265 1256 4316 γε
1303 4247 1620 4302 δυναστείαν
1645 4248 1745 4320 μὲν
1783 4251 1990 4320 κτήσα-

308 4337 459 4401 σθαι,
509 4341 604 4394 καὶ
649 4343 824 4414 ἀρχὴν
872 4343 1058 4409 ἔθνους
1108 4345 1322 4409 λαϐεῖν,
1364 4346 1596 4416 χαλεπόν
1647 4365 1706 4400 τε
1747 4349 1842 4402 καὶ
1878 4351 1990 4412 τοῖς

309 4434 530 4499 πολλοῖς
563 4437 845 4501 ἀδύνατον.
871 4441 965 4493 καὶ
1006 4441 1218 4495 πολλῶν
1242 4443 1308 4497 ἂν
1335 4443 1578 4515 δεηθεῖεν
1610 4447 1910 4516 χρημάτων
1940 4448 1988 4499 ot

306 4531 408 4601 τῆς
437 4532 611 4603 ἀρχῆς
643 4535 892 4607 ἐρασταί·
922 4537 984 4590 τὸ
1017 4537 1073 4590 δὲ
1113 4541 1321 4612 μονήρη
1359 4540 1470 4611 βίον
1522 4542 1762 4607 ἑλέσθαι,
1802 4546 1896 4598 καὶ
1921 4547 1986 4616 τῇ

305 4626 402 4680 τοῦ
433 4626 568 4681 Θεοῦ
603 4629 830 4704 λατρεία
875 4633 1065 4704 συζῇν,
1107 4636 1274 4688 πᾶσιν
1314 4637 1515 4706 ὁμοίως
1550 4637 1782 4710 εὔπορόν
1810 4657 1870 4692 τε
1899 4640 1990 4693 καὶ

308 4723 516 4794 ῥᾴδιον.
537 4726 645 4779 Καὶ
671 4728 770 4798 τῆς
795 4729 892 4800 μὲν
921 4731 1096 4802 ἀρχῆς
1123 4734 1156 4804 ἡ
1184 4733 1373 4804 κτῆσις
1403 4734 1481 4805 τῷ
1529 4733 1632 4806 βίῳ
1667 4734 1842 4807 τούτῳ
1872 4755 1992 4791 συν.

305 4820 704 4894 διαφθείρεται,
748 4828 946 4897 μᾶλλον
983 4829 1038 4882 δὲ
1082 4831 1177 4885 καὶ
1218 4831 1427 4896 ζῶντας
1469 4832 1836 4902 ἀπολιμπάνει
1863 4836 1990 4900 τοὺς

309 4920 513 4992 ἑαυτῆς
547 4923 806 4993 ἐραστὰς,
826 4927 928 4998 ήδη
964 4928 1020 4982 δέ
1049 4946 1203 4994 τινας
1239 4931 1333 4984 καὶ⁵
1359 4932 1438 4994 εἰς
1473 4931 1714 4984 κίνδυνον
1743 4932 1917 5003 μέγαν
1953 4935 1985 5004 ῆ

307 5017 528 5083 ἀδοξίαν
561 5021 925 5093 κατέστησεν’
981 5024 1132 5098 [H7]
1173 5029 1202 5080 6
1240 5027 1297 5080 δὲ
1349 5017 1588 5102 μονήρης
1629 5027 1742 5098 βίος
1767 5025 1886 5091 ,νῦν
1927 5047 1989 5082 τε

309 5117 526 5197 πολλῶν
570 5120 792 5189 ἀγαθῶν
830 5123 1210 5195 ἀναπίμπλησι
1244 5128 1371 5190 τοὺς
1422 5128 1682 5193 δικαίους,
1712 5129 1806 5183 κοιλ⁵
1853 5127 1992 5199 μετὰ

309 5213 410 5285 τὴν
449 5215 543 5268 τοῦ
582 5215 698 5286 βίου
729 5217 988 5291 τελευτὴν
1030 5220 1318 5292 λαμπροὺς
1353 5224 1446 5276 καὶ
1489 5224 1780 5296 χαίροντας
1813 5225 1906 5278 ἐπὶ
1933 5225 1993 5278 τὺ

311 5309 663 5383 δικαστήριον
690 5315 813 5384 ἄγει
841 5315 935 5370 τοῦ
959 5315 1094 5369 Θεοῦ
1126 5318 1221 5371 καὶ
1246 5319 1478 5389 Πατρὸς,
1508 5321 1595 5373 ὅτε
1612 5330 1632 5358 ε
1662 5321 1768 5374 τῶν
1796 5322 1995 5393 ἀρξάν-

309 5424 420 5462 των
442 5409 492 5461 oi
522 5411 741 5476 πλείους
771 5414 1014 5484 μεγάλην
1044 5415 1372 5486 ὀφθήσονται
1399 5417 1631 5480 διδόντες
1659 5419 1765 5473 τῶν
1799 5419 1993 5489 βεϐιω-

316 5496 497 5568 μένων
523 5499 622 5570 τὴν
649 5499 824 5572 δίκην.
843 5502 978 5574 Φέρε
1001 5503 1063 5575 δὴ
1093 5503 1430 5574 παραθέντες
1448 5504 1698 5577 ἀὶίλήλοις
1729 5509 1796 5562 τά
1817 5526 1873 5561 τε
1894 5512 1994 5579 τῆς

374 5655 402 5720 ξ
423 5654 622 5720 Coislip.
649 5658 777 5720 παρὰ
799 5660 1018 5707 πολλῶν.⁵

371 5713 403 5785 ιζ
431 5715 622 5785 ρῦκοῦν
642 5713 770 5785 ποιρά
785 5721 975 5785 πο-ὶλοῖς
997 5720 1237 5785 άγαπητδς
1259 5721 1342 5785 μὲν
1363 5721 1580 5780 πλοῦτος.
1607 5723 1738 5773 Savi!

378 5777 404 5808 θ
432 5777 632 5832 Coislin.
661 5777 723 5830 et.
745 5781 895 5830 Savil.
918 5777 1048 5831 Θεοῦ
1064 5777 1402 5840 καὶΣώ-ἑῆοος,
1426 5786 1522 5834 ὅτε.

767 5868 1041 5929 Ριιτιιυι.
1087 5871 1203 5932 Gn.
1254 5871 1502 5936 XLVII.

2095 2507 2419 2577 φιλοσοφίας
2445 2506 2648 2576 ἀγαθὰ,
2663 2507 2802 2560 τάτε
2823 2505 3082 2562 δοκοῦντα
3111 2506 3248 2562 εἶναι
3264 2509 3475 2582 χρηστὰ
3495 2511 3594 2582 τῆς
3618 2512 3676 2566 ἐν
3696 2512 3776 2584 τῷ

2101 2603 2330 2673 παρόντι
2369 2603 2468 2674 βίῳ
2492 2604 2812 2667 δυναστείας
2835 2605 2930 2658 καὶ
2951 2604 3128 2674 δόξης,
3151 2606 3557 2678 καταμάθωμεν
3571 2607 3632 2662 τὸ
3660 2609 3778 2662 διά-

2102 2710 2264 2764 φορον
2299 2692 2574 2764 ἑκατέρων
2596 2692 2703 2745 τῶν
2728 2691 2950 2761 ἀγαθῶν
2967 2708 2980 2721 ·
3003 2694 3320 2765 παράλληλα
3351 2697 3461 2767 γὰρ
3487 2695 3642 2751 ἔσται
3676 2716 3781 2769 φας

2099 2809 2155 2845 νε
2165 2790 2300 2862 ρώτε
2311 2807 2397 2862 ρα·
2427 2788 2627 2860 μᾶλλον
2652 2789 2728 2854 δὲ,
2750 2792 2798 2842 εί
2820 2790 2985 2854 δοκεῖ,
3003 2790 3102 2862 τὴν
3138 2791 3383 2864 κορυφὴν
3406 2793 3513 2847 τῶν
3533 2793 3777 2864 ἀγαθῶν,

2098 2889 2195 2960 τὴν
2228 2887 2504 2959 βασιλείαν
2543 2887 2707 2956 λέγω,
2736 2891 2802 2958 τῇ
2839 2887 3130 2960 φιλοσοφίᾳ
3176 2889 3780 2967 παραθέντες,θεωρή-

2102 3003 2285 3056 σωμεν
2319 2985 2588 3056 ἑκατέρας
2617 2985 2866 3055 κτήσεως
2905 2984 3032 3048 τοὺς
3062 2987 3332 3056 καρποὺς,
3363 2991 3778 3061 καταμαθόντες

2097 3083 2342 3154 ἀκριϐῶς
2375 3082 2535 3135 τίνων
2587 3082 2687 3152 μὲν
2720 3084 2747 3134 6
2792 3081 3064 3151 βασιλεὺς,
3117 3083 3279 3139 τίνων
3317 3084 3375 3138 δὲ
3425 3088 3454 3140 6
3489 3087 3780 3158 φιλόσοφος

2097 3178 2275 3250 ἄρχει.
2321 3177 2530 3233 Οὐκοῦν
2561 3181 2590 3232 6
2640 3178 2737 3249 μὲν
2780 3177 3033 3248 βασιλεὺς
3065 3179 3255 3233 πόλεσι
3299 3181 3395 3234 καὶ
3435 3181 3640 3254 χώραις
3682 3186 3778 3239 καὶ

2047 3323 2049 3325 ,
2097 3277 2312 3340 πολλοῖς
2349 3275 2896 3347 ὲφέστηκενέθνεσι,
2940 3276 3036 3330 καὶ
3084 3279 3429 3349 στρατηγοὺς
3463 3281 3558 3333 καὶ
3597 3281 3776 3354 ὑπάρ-

2096 3392 2224 3446 χους
2265 3376 2360 3429 καὶ
2396 3373 2734 3446 στρατόπεδα
2786 3374 2880 3428 καὶ
2917 3374 3125 3445 δήμους
3152 3375 3246 3428 καὶ
3274 3374 3469 3445 βουλὰς
3509 3380 3625 3442 τοῖς
3647 3379 3777 3432 ἑαυ-
3841 3435 3845 3441 ,

2095 3472 2189 3527 τοῦ
2223 3472 2488 3544 νεύμασιν
2520 3471 2670 3542 ἄγων
2688 3488 2699 3499 ·
2726 3473 2756 3524 6
2779 3471 2834 3524 δὲ
2862 3470 2982 3542 Θεῷ
3011 3471 3265 3536 δεδωκὼς
3295 3473 3515 3538 ἑαυτὸν,
3548 3473 3644 3528 καὶ
3686 3474 3778 3528 τὸν

2100 3573 2309 3642 μονήρη
2332 3571 2444 3641 βίον
2475 3569 2752 3641 ᾑρημένος
2773 3609 2787 3634 ,
2822 3569 2996 3639 θυμοῦ
3025 3571 3118 3623 καὶ
3146 3571 3342 3638 φθόνου
3386 3571 3479 3625 καὶ
3513 3572 3775 3643 φιλαργυ-

2098 3670 2217 3742 ρίας
2248 3669 2341 3722 καὶ
2363 3667 2555 3739 ἡδονῆς
2576 3665 2799 3719 καὶτῶν
2827 3666 3000 3720 ἄλλων
3023 3666 3181 3737 ἄρχει
3211 3665 3419 3727 κακῶν,
3443 3667 3663 3722 σκοπῶν
3691 3670 3777 3723 ἀεὶ

2097 3767 2187 3819 καὶ
2210 3763 2530 3836 φροντίζων,
2549 3765 2696 3826 ὅπως
2721 3762 2787 3816 ἂν
2808 3762 2885 3834 μὴ
2897 3765 3272 3833 συγχωρήσειε
3294 3767 3359 3834 τῇ
3378 3764 3522 3834 ψυχῇ
3546 3764 3649 3818 ὑπὸ
3664 3768 3777 3828 τοῖς

2094 3865 2342 3934 αἰσχροῖς
2390 3859 2647 3930 γενέσθαι
2691 3860 2910 3922 πάθεσι,
2973 3859 3108 3930 μηδὲ
3142 3859 3475 3930 δουλωθῆναι
3505 3861 3598 3914 τὸν
3627 3861 3776 3925 λογι-

2095 3959 2229 4031 σμὸν
2252 3958 2524 4030 τυραννίδι
2556 3959 2747 4029 πικρᾷ,
2769 3957 2884 4009 ἀλλ’
2907 3955 3164 4025 ἀνωτέρω
3194 3956 3412 4010 πάντων
3431 3957 3517 4009 ἀεὶ
3546 3955 3642 4028 τὴν
3659 3956 3776 4010 διά-

2093 4075 2244 4112 νοιαν
2283 4058 2397 4128 ἔχοι
2417 4097 2430 4121 ,
2457 4059 2547 4111 τὸν
2579 4055 2672 4111 τοῦ
2713 4055 2849 4109 Θεοῦ
2881 4055 3043 4124 φόϐον
3077 4055 3380 4125 ἐπιστήσας
3409 4057 3522 4128 τοῖς
3552 4053 3772 4111 πάθεσι.

2093 4154 2360 4223 Τοιαύτην
2400 4154 2498 4225 μὲν
2532 4148 2625 4206 οὖν
2661 4155 2688 4206 6
2720 4152 2996 4223 βασιλεὺς,
3051 4150 3306 4222 τοιαύτην
3356 4150 3414 4204 δὲ
3458 4127 3499 4204 δ’
3540 4151 3775 4224 μοναχδς

2097 4252 2271 4323 ἀρχὴν
2312 4252 2405 4305 καὶ
2440 4250 2757 4304 δυναστείαν
2785 4251 3070 4321 κέκτηται,
3104 4249 3244 4304 ῶστε
3261 4249 3597 4322 δικαιότερον
3611 4249 3676 4304 ἄν
3692 4268 3776 4313 τις

2095 4349 2284 4403 τοῦτον
2328 4348 2553 4419 βασιλέα
2589 4347 2894 4412 καλέσειεν,
2913 4348 2947 4418 ἢ
2973 4347 3066 4400 τὸν
3086 4347 3370 4418 ἁλουργίδι
3398 4348 3494 4400 καὶ⁹
3524 4346 3776 4417 στεφάνῳ

2091 4447 2442 4518 λαμπόμενον
2459 4447 2512 4513 ἀ,
2532 4447 2626 4501 καὶ
2654 4445 2962 4516 καθήμενον
2989 4445 3083 4497 ἐπὶ
3123 4443 3313 4514 θρόνου
3335 4443 3559 4513 χρυσοῦ.

2165 4549 2229 4619 β’.
2252 4547 2514 4606 Βασιλεὺς
2543 4545 2652 4616 γὰρ
2683 4545 2760 4608 ὡς
2784 4541 3000 4612 ἀληθῶς
3021 4544 3050 4596 ὁ
3096 4538 3270 4612 θυμοῦ
3303 4541 3398 4594 καὶ
3441 4539 3637 4610 φθόνου
3679 4543 3775 4595 καῖ

2092 4645 2285 4717 ἡδονῆς
2319 4643 2558 4715 κρατῶν,
2585 4642 2679 4695 καὶ
2722 4639 2903 4694 πάντα
2930 4639 3035 4691 ὑπὸ
3091 4640 3222 4700 τοὺς
3258 4638 3458 4707 νόμους
3481 4637 3632 4705 ἄγων
3677 4638 3774 4690 τοῦ

2094 4741 2229 4795 Θεοῦ
2272 4741 2366 4795 καὶ
2396 4741 2486 4793 τὸν
2513 4738 2639 4794 νοῦν
2667 4737 2952 4808 ἐλεύθερον
2983 4734 3168 4808 τηρῶν
3188 4774 3204 4799 ,
3237 4734 3333 4787 καὶ
3370 4733 3470 4786 οὐκ
3493 4733 3597 4786 ἑῶν
3625 4734 3778 4787 ὲνδυ-

2093 4837 2386 4892 ναστεῦσαι
2430 4839 2496 4908 τῇ
2551 4836 2697 4907 ψυχῇ
2752 4835 2852 4906 τὴν
2894 4831 3215 4886 δεσποτείαν
3253 4830 3362 4884 τῶν
3393 4828 3621 4902 ἡδονῶν.
3668 4828 3778 4885 Τὸν

2092 4937 2335 4992 τοιοῦτον
2356 4936 2530 5008 ήδέως
2562 4937 2628 4990 ἂν
2655 4932 2793 4990 εἶδον
2810 4934 2906 4989 καὶ⁵
2932 4932 3121 5004 δήμων
3143 4932 3238 4986 καὶ
3255 4930 3361 5002 γῆς
3377 4931 3473 4985 καὶ
3498 4931 3777 5004 θαλάσσης

2093 5034 2460 5106 ἄρχοντα,κα“ι
2487 5033 2694 5087 πόλεων
2723 5034 2818 5086 καὶ
2844 5032 2906 5103 δή
2917 5048 3032 5102 μων
3046 5031 3140 5084 καὶ
3165 5030 3564 5102 στρατοπέδω.
3582 5029 3641 5083 ’0
3667 5031 3776 5103 γὰρ

2094 5134 2207 5198 τοῖς
2228 5130 2426 5186 πάθεσι
2450 5131 2552 5201 τῆς
2579 5129 2760 5200 ψυχῆς
2791 5129 2884 5182 τὸν
2911 5127 3175 5198 λογισμὸν
3208 5127 3532 5197 ἐπιστήσας,
3577 5126 3776 5198 ῥᾳδίως

2095 5226 2162 5280 ἂν
2209 5226 2464 5296 ἐπισταίη
2505 5226 2599 5280 καὶ
2650 5223 2963 5296 ἀνθρώποις
3017 5222 3156 5294 μετὰ
3212 5221 3323 5274 τῶν
3369 5219 3530 5275 θείων
3571 5221 3772 5292 νόμων,

2093 5325 2236 5378 ὥστε
2277 5324 2437 5377 αὐτὸν
2462 5325 2519 5376 ὲν
2541 5322 2747 5394 πατρὸς
2775 5321 2928 5385 τάξει
2957 5324 3070 5385 τοῖς
3089 5319 3416 5391 ἀρχομένοις
3443 5315 3601 5384 εἶναι,
3636 5316 3778 5390 μετὰ

2096 5421 2276 5491 πάσης
2309 5420 2648 5491 ἡμερότητος
2695 5417 2991 5490 ὁμιλοῦντα
3028 5421 3150 5482 ταῖς
3192 5419 3456 5473 πόλεσιν.’
3480 5418 3538 5472 '0
3584 5418 3642 5471 δὲ
3682 5418 3776 5471 ἀν-

2096 5516 2330 5588 θρώπιον
2387 5517 2484 5584 μὲν
2532 5517 2720 5588 ἄρχειν
2759 5516 2953 5583 δοκῶν,
2988 5515 3146 5587 θυμῷ
3187 5516 3244 5569 δὲ
3275 5517 3367 5569 καὶ
3402 5515 3658 5586 φιλαρχίᾳ
3679 5514 3776 5569 καὶ

2100 5611 2313 5683 ἡδοναῖς
2341 5610 2630 5678 δουλεύων,
2664 5611 2881 5684 πρῶτον
2919 5612 3020 5682 μὲν
3067 5613 3476 5682 καταγέλαστος
3507 5609 3645 5665 εἶναι
3683 5610 3774 5666 δύ·

2159 5783 2187 5824 ἀ
2211 5785 2406 5839 Εοίεἷὶη.
2433 5787 2660 5838 λαμπρόν.

3281 5867 3361 5932 22
