4124 6144
341 319 475 374 ’589

367 436 503 502 Esau
538 432 605 486 ἂν
644 431 752 494 τοῖς
779 424 1122 500 ἀρχομένοις,
1148 422 1229 473 ὄτι
1257 416 1518 484 στέφανον
1569 410 1667 482 μὲν
1700 406 1857 477 φορεῖ
1886 400 2027 455 λιθο-

368 528 618 599 κόλλητον
662 526 756 580 ml
788 521 1044 596 χρυσοῦν,
1069 514 1390 587 σωφροσύνῃ
1416 512 1473 564 δέ
1506 510 1604 562 οὐκ
1640 505 2030 575 ἐστεφάνωται,

347 631 456 683 καὶ
481 624 757 696 ἁλουργίδι
795 621 891 694 μὲν
912 620 1030 673 ὅλον
1064 616 1125 668 τὸ
1145 614 1304 685 σῶμα
1331 612 1637 681 λάμπεται,
1655 604 1754 678 τὴν
1786 603 1841 657 δέ
1856 599 2036 672 ψυχὴν

370 725 670 794 ἀκόσμητον
699 719 833 790 έχει.
853 713 1149 770 Ἐπειταδὲ
1164 712 1284 765 οὐδὲ
1303 711 1451 771 ὅπως
1479 701 1919 776 μεταχειρίσαιτο
1938 697 2037 768 τὴν

371 818 540 891 ἀρχὴν
569 815 921 885 ἐπιστήσεται
945 829 958 841 ·
1005 812 1034 863 6
1058 807 1167 879 γάρ
1196 801 1392 861 ἐαυτοῦ
1434 801 1508 873 μὴ
1545 796 1796 869 δυνηθεὶς
1825 796 2034 866 ἄρχειν,

358 918 485 981 πῶς
523 915 590 970 ἂν
632 915 853 985 ἐτέρους
894 910 1144 982 δυνηθείη
1189 903 1538 961 κατευθύνειν
1577 902 1690 964 τοῖς
1732 897 1947 969 νόμοις;
1974 896 2038 950 Εἰ

371 1016 425 1070 δὲ
453 1011 631 1085 βούλει
658 1010 754 1065 ml
780 1010 872 1062 τὸν
916 1007 1150 1077 πόλεμον
1186 1002 1465 1073 ἑκατέρων
1491 999 1639 1058 ἰδεῖν.
1667 994 1920 1066 εὑρήσεις
1948 989 2039 1044 τὸν

376 1112 473 1183 μιν
510 1109 727 1180 δαίμοσι
753 1106 1073 1178 ’μαχόμενον
1098 1103 1194 1157 ml
1221 1097 1527 1171 κρατοῦντα
1564 1094 1659 1148 ml
1683 1089 1919 1147 νικῶντα
1946 1086 2041 1141 ml

375 1209 479 1263 ὑπὸ
498 1208 592 1262 τοῦ
625 1202 864 1278 Χριστοῦ
901 1184 1328 1272 στεφανούμενον
1354 1213 1366 1225 '
1408 1193 1549 1268 μετά
1587 1192 1696 1263 γὰρ
1743 1190 1843 1259 τῆς
1892 1184 2042 1248 θείας

377 1305 551 1377 ῥοπῆς
580 1303 673 1356 ἐπὶ
692 1302 785 1354 τὸν
806 1300 1043 1370 πόλεμον
1085 1297 1326 1369 ἔρχεται,
1353 1290 1627 1364 οὐρανίοις
1653 1282 2042 1356 πεφραγμένος

376 1376 579 1462 ὅπλοις,
621 1397 762 1450 ὥστε
808 1395 1019 1465 ἀνάγκη
1053 1390 1241 1444 τούτου
1273 1384 1527 1456 γενέσθαι
1555 1379 1795 1455 [118]τὸ
1817 1376 2038 1449 κράτος⁶

376 1497 465 1550 τὸν
482 1495 539 1550 δὲ
559 1493 780 1565 βασιλέα
812 1489 1110 1564 βαρϐάροις
1142 1487 1472 1559 μαχόμενον.
1504 1482 1653 1552 Ὀσῳ
1697 1478 1756 1532 δὲ
1795 1474 1904 1531 τῶν
1947 1474 2044 1528 ἀν-

379 1595 610 1667 θρώπων
648 1595 697 1646 οί
736 1591 988 1662 δαίμονες
1005 1585 1388 1659 φοϐερώτεροι,
1413 1568 1651 1649 τοσούτῳ
1670 1573 2046 1647 λαμπρότερος

379 1666 638 1745 ὁῗτούτων
671 1686 888 1760 κρατῶν
920 1685 1015 1739 τοῦ
1055 1681 1316 1744 νικῶντος
1349 1677 1613 1738 ἐκείνους.
1643 1673 1706 1726 El
1737 1671 1794 1724 δὲ
1825 1670 1921 1723 ml
1948 1666 2046 1738 τὴν

381 1787 559 1840 αἰτίαν
581 1785 841 1856 ἐκατέρου
863 1779 1097 1852 πολέμου
1111 1775 1446 1847 καταμαθεῖν
1469 1769 1805 1843 βουληθείης,
1830 1764 1962 1818 πολὺ
1988 1763 2049 1816 τὸ

381 1883 480 1936 ούκ
511 1884 625 1936 ἴσον
650 1894 678 1922 ι
709 1881 982 1951 εὑρήσεις.
1013 1877 1071 1929 Ὀ
1095 1874 1193 1946 μὲν
1216 1872 1324 1944 γὰρ
1340 1869 1489 1941 ,ὑπὲρ
1518 1864 1799 1927 εὐσεϐείας
1828 1862 1921 1916 ml
1952 1859 2051 1931 τῆς

387 1977 483 2033 τοῦ
514 1974 651 2030 Θεοῦ
670 1974 924 2046 λατρείας
950 1971 1177 2041 πολεμεῖ
1196 1970 1307 2031 τοῖς
1330 1966 1596 2036 δαίμοσιν,
1623 1961 1657 2034 ἢ
1679 1959 1861 2021 πόλεις
1891 1956 1925 2028 ἢ
1952 1953 2053 2008 κώ·

387 2091 493 2143 μας
523 2073 586 2125 ἐκ
610 2071 709 2141 τῆς
726 2068 933 2138 πλάνης
965 2063 1270 2136 ἐξαρπάσαι
1301 2058 1501 2114 ποθῶνο
1521 2058 1549 2110 ὁ
1576 2056 1633 2110 δέ
1652 2054 1896 2136 ’μάχεται
1927 2048 2055 2121 βαρ-

386 2168 574 2241 ϐάροις
606 2167 748 2238 ὑπὲρ
771 2166 948 2219 τόπων
976 2163 1011 2234 ἢ
1043 2161 1232 2234 ὅρωνῆ
1259 2156 1558 2230 χρημάτων
1591 2148 2001 2224 ἀρπασθέντων,
2018 2144 2052 2214 ἢ

387 2261 700 2329 πλεονεξίας
725 2263 819 2315 ml
843 2259 1042 2330 ἔρωτος
1066 2256 1240 2328 ἀρχῆς
1275 2253 1461 2307 ἀδίκου
1502 2244 1930 2320 παρακαλούσης
1963 2240 2058 2311 ἐπὶ

387 2360 485 2430 τὴν
519 2358 700 2429 μάχην
720 2373 734 2388 ·
757 2353 885 2408 ἔνθα
911 2352 975 2425 δὴ
1004 2350 1192 2405 πολλοὶ
1225 2347 1485 2411 πολλάκις
1503 2343 1762 2416 βασιλεῖς,
1797 2339 1905 2393 τῶν
1937 2353 2059 2408 μει-

390 2454 560 2518 ζόνων
596 2450 1051 2522 ἐπιθυμήσαντες,
1085 2447 1181 2501 καὶ
1212 2445 1281 2499 τά
1322 2443 1565 2515 παρόντα
1605 2434 2056 2511 προσαπώλεσαν.

403 2549 466 2603 Ἦ
496 2548 596 2616 μὲν
618 2542 711 2600 οὖν
738 2544 881 2616 ἀρχὴ
910 2544 1003 2597 ml
1022 2543 1071 2595 οἰ
1100 2540 1326 2610 πόλεμοι
1348 2536 1600 2590 τοσοῦτον
1621 2531 1864 2603 ἀλλήλων
1883 2525 2062 2595 διαφέ-

395 2661 588 2719 ροντας
610 2643 818 2707 ἔδειξαν
844 2641 939 2696 τόν
974 2656 1035 2694 τε
1066 2637 1310 2710 βασιλέα,
1358 2636 1455 2688 ml
1487 2633 1579 2685 τὸν
1602 2626 1975 2684 ἐσπουδακότα
1995 2625 2060 2692 τῇ

395 2718 488 2795 τοῦ
509 2739 645 2793 Θεοῦ
679 2738 904 2809 λατρεία
926 2736 1114 2806 συζῇνο
1141 2732 1296 2802 γνοίη
1321 2730 1366 2783 δ’
1388 2730 1452 2785 ἀν
1484 2744 1569 2791 τις
1586 2725 1781 2789 αὐτοὺς
1799 2718 2062 2794 ἀκριϐῶς,

394 2839 488 2893 τὸν
507 2837 619 2909 βίον
637 2835 897 2907 ἐκατέρου
912 2833 1007 2887 καὶ
1033 2829 1133 2895 τὰς
1162 2828 1388 2900 πράξεις
1403 2825 1502 2889 τὰς
1526 2822 1655 2895 παρ’
1687 2820 1899 2892 ἡμέραν
1937 2832 2065 2869 σκο-

398 2932 721 3006 πῶν.Εῦροι
737 2932 845 3002 γὰρ
884 2928 949 2984 ἂν
974 2927 1048 2991 ὡς
1072 2925 1287 2998 ἀληθῶς
1304 2923 1396 2977 τὸν
1426 2922 1523 2993 μὲν
1548 2917 1837 2991 ὁμιλοῦντα
1859 2912 2069 2984 προφή-

398 3048 543 3098 ταις,
570 3029 666 3084 ml
679 3031 747 3100 τῇ
775 3025 870 3081 τοῦ
893 3024 1105 3079 Παύλου
1127 3022 1288 3092 σοφίᾳ
1302 3019 1398 3092 τὴν
1426 3017 1605 3089 ψυχὴν
1638 3012 2065 3077 καλλωπίζοντα,

401 3128 495 3181 ml
525 3123 918 3198 μεταπηδῶντα
947 3120 1183 3191 συνεχῶς
1211 3117 1320 3172 ἀπὸ
1349 3115 1447 3187 μὲν
1468 3112 1713 3177 Μωσέως
1737 3110 1874 3184 πρὸς
1906 3109 2070 3162 Ἦσα-

396 3227 511 3288 ῒαν,
542 3224 650 3279 ἀπὸ
687 3222 746 3278 δὲ
778 3220 970 3276 τούτου
1012 3219 1152 3293 πρὸς
1187 3216 1460 3286 Ἰωάννην,
1493 3211 1600 3266 ἀπὸ
1626 3210 1685 3265 δὲ
1717 3209 1910 3263 τούτου
1933 3206 2072 3278 πρὸς

403 3322 611 3394 ἕτερον’
640 3319 734 3373 τὸν
757 3317 983 3391 βασιλέα
999 3316 1055 3370 δὲ
1078 3312 1315 3384 συνεχῶς
1335 3308 1625 3382 ὁμιλοῦντα
1652 3304 1963 3379 ταξιάρχοις
1981 3306 2074 3358 ml

404 3419 670 3491 ὑπάρχοις
723 3417 819 3470 καὶ
850 3413 1199 3485 δορυφόροιςο
1230 3405 1312 3473 οἷς
1360 3408 1418 3461 δέ
1462 3423 1547 3471 τις
1591 3403 1770 3476 ὁμιλεῖ
1811 3401 2070 3473 συνεχῶς,

407 3513 617 3575 τούτοις
664 3509 1023 3580 ἀφομοιοῦται
1068 3504 1131 3560 τδ
1172 3501 1321 3577 ἦθος.
1374 3500 1583 3555 Ούκοῦν
1620 3501 1649 3554 ὁ
1695 3499 1794 3569 μὲν
1828 3495 2075 3569 μονάζων

409 3610 546 3682 πρὸς
580 3608 649 3662 τὰ
671 3606 777 3660 τῶν
808 3604 1121 3660 ἀποστόλων
1142 3601 1236 3656 καὶ
1272 3597 1569 3672 προφητῶν
1605 3596 1710 3668 ήθη
1744 3592 2076 3649 ἐκτυποῦται

408 3705 508 3777 τὴν
536 3701 782 3775 γνώμην,
818 3704 847 3754 ὁ
877 3699 934 3754 δὲ
961 3697 1214 3769 βασιλεὺς
1236 3695 1375 3767 πρὸς
1404 3695 1475 3749 τὰ
1504 3693 1612 3749 τῶν
1637 3690 1959 3764 στρατηγῶν
1982 3690 2079 3743 ml

409 3801 724 3874 δορυφόρων
748 3800 842 3854 ml
860 3792 1348 3858 ὑπασπιστῶν,ἀνθ
1357 3792 1553 3865 ρώπων
1569 3790 1698 3862 οῖνῳ
1719 3788 2078 3844 δουλευόντων

413 3898 504 3951 καί
539 3897 752 3968 ἡδοναῖς
781 3892 1178 3967 χαριζομένων,
1200 3890 1293 3946 καὶ
1322 3890 1381 3943 τὸ
1408 3887 1567 3941 πλέον
1592 3887 1694 3957 τῆς
1728 3884 1944 3957 ἡμέρας
1966 3884 2081 3936 δια-

411 3992 707 4065 τριϐόντων
737 3993 793 4046 ἐν
823 3990 993 4060 πότῳ,
1032 3987 1187 4042 οὐδὲν
1216 3985 1430 4057 καίριον
1457 3982 1490 4055 ἢ
1516 3981 1679 4037 καλὸν
1710 3980 1799 4036 διὰ
1821 3980 1912 4034 τὸν
1939 3976 2080 4034 οἶνον

413 4088 810 4159 ἐπισταμένων.
852 4086 1034 4149 Οὕτως
1059 4085 1166 4155 ἀρα
1196 4082 1291 4136 ml
1313 4079 1402 4136 διὰ
1424 4079 1581 4134 τοῦτο
1604 4079 1697 4133 τὸν
1729 4079 1937 4150 μονήρη
1969 4076 2080 4147 βίον

415 4185 686 4255 προσήκει
705 4182 1028 4253 μακαρίζειν
1061 4179 1262 4252 μᾶλλον
1288 4178 1324 4249 ἢ
1344 4178 1437 4232 τὸν
1457 4179 1514 4231 ἐν
1545 4175 1834 4248 δυναστεία
1860 4173 1956 4228 ml
1983 4174 2081 4246 βα-

420 4281 594 4352 σιλεία
615 4280 706 4333 ml
741 4279 1061 4350 σκήπτροις.

487 4382 561 4445 γ’.
592 4376 657 4429 El
691 4375 749 4429 δέ
777 4375 873 4430 ml
911 4374 1013 4444 τῆς
1035 4372 1225 4438 νυκτὸς
1251 4372 1343 4427 τὸν
1364 4371 1555 4444 χρόνον
1580 4368 1852 4435 ἐξετάζειν
1890 4365 2085 4438 βουλη-

417 4473 664 4546 θείημεν,
712 4472 805 4528 τὸν
832 4472 1064 4545 μοναχὸν
1096 4471 1193 4542 μὲν
1208 4469 1454 4541 ὀψόμεθα
1479 4470 1544 4539 τῇ
1574 4463 1667 4520 τοῦ
1695 4463 1830 4519 Θεοῦ
1858 4463 2085 4534 λατρεία

417 4574 512 4627 καὶ
528 4574 648 4637 ταῖς
675 4572 863 4644 εὐχαῖς
884 4569 1278 4642 κοσμούμενον,
1311 4567 1446 4621 πολὺ
1467 4563 1729 4636 πρότερον
1749 4561 1944 4634 ᾄδοντα
1975 4558 2085 4613 τῶν

416 4670 664 4742 ὀρνίθων,
699 4669 950 4739 ἀγγέλοις
974 4665 1418 4738 συμϐιοτεύοντα,
1435 4661 1555 4733 Θεῷ
1577 4657 1958 4724 συλλαλοῦντα,
1975 4655 2085 4712 τῶν

418 4765 686 4837 ούρανίων
712 4764 934 4834 ἀγαθῶν
982 4763 1322 4817 ἀπολαύοντα
1341 4777 1355 4794 ·
1383 4760 1475 4813 τὸν
1532 4758 1591 4812 δέ
1628 4756 1843 4819 πολλοῖς
1876 4753 2085 4808 ἔθνεσιν

386 4864 391 4869 ’
419 4861 760 4931 ἐφεστηκότα
787 4862 881 4915 ml
895 4861 958 4931 δή
969 4877 1090 4931 μοις
1105 4861 1200 4913 ml
1225 4856 1627 4931 στρατοπέδοις,
1656 4857 1751 4910 ml
1770 4853 1968 4923 πολλῆς
1987 4853 2085 4924 μὲν

419 4959 545 5027 γῆς,
570 4956 772 5026 πολλῆς
793 4956 849 5009 δὲ
877 4957 1116 5027 ἄρχοντα
1129 4955 1420 5024 θαλάττης,
1454 4952 1547 5004 ἐπὶ
1572 4952 1673 5023 τῆς
1686 4951 1873 5022 κλίνης
1894 4951 2088 5004 ἀνατε-

419 5052 656 5125 ταμένον
700 5052 797 5107 ml
835 5053 1120 5123 ῥέγχοντα.
1160 5052 1272 5103 Καὶ
1302 5051 1508 5111 ἐκεῖνος
1541 5048 1638 5118 μέν
1677 5047 1786 5118 γὰρ
1812 5046 2087 5110 τοσούτοις

420 5151 677 5223 τρέφεται
726 5148 934 5213 σιτίοις,
963 5149 1064 5200 ὅσα
1104 5149 1206 5201 οὐκ
1243 5146 1310 5200 ἂν
1349 5143 1675 5214 ἀπαιτήσειε
1724 5142 1817 5195 τὸν
1854 5144 2088 5212 μοναχὸν

424 5246 589 5299 ῦπνον
618 5242 783 5313 βαθύν
802 5260 815 5273 ο
841 5243 931 5295 τὸν
958 5241 1015 5294 δέ
1053 5244 1087 5313 ή
1128 5241 1307 5313 τρυφὴ
1339 5235 1720 5308 κατακοιμίζει
1761 5239 1900 5290 καὶό
1928 5237 2087 5300 πότος

428 5341 620 5412 μέχρις
636 5339 851 5410 ἡμέρας
867 5337 1039 5408 αὐτῆς
1071 5340 1129 5392 ἐν
1153 5340 1218 5408 τῇ
1253 5335 1415 5409 κλίνῃ
1449 5334 1714 5403 κατέχων.
1733 5332 1890 5386 Ἐστι
1910 5331 2087 5386 τοίνυν

421 5440 499 5511 τῷ
513 5438 611 5511 μιν
631 5436 848 5509 μοναχῷ
861 5438 954 5491 ml
969 5436 1248 5507 ἀμπεχόνη
1262 5435 1353 5488 ml
1365 5431 1612 5504 τράπεζα
1628 5430 1842 5502 μετρία,
1855 5435 1950 5483 καὶ
1968 5428 2030 5482 σύ
2038 5446 2088 5481 σ-

422 5557 559 5595 σιτοι
574 5537 676 5610 τῆς
701 5537 869 5608 αὐτῆς
890 5536 1091 5607 ἀρετῆς
1115 5533 1370 5607 ἀθληταί’
1393 5532 1485 5586 τὸν
1502 5530 1725 5602 βασιλέα
1748 5530 1805 5583 δὲ
1837 5527 2008 5591 λίθοις
2026 5543 2087 5579 τε

483 5720 509 5750 ⁸
526 5716 673 5769 Cois].
698 5718 764 5786 1:6_
998 5714 1111 5786 ξος.
1131 5713 1259 5785 παρὰ
1278 5711 1399 5786 πολρ
1418 5711 1507 5786 οὐχ
1536 5710 1753 5785 εὑρήσεις
1768 5706 1826 5786 τὸ
1846 5706 1972 5786 ἰσονὶ,
1997 5716 2084 5777 09-

424 5767 720 5827 demvscnsu.
744 5778 872 5827 Infra
898 5777 1044 5827 Cois].
1070 5767 1277 5835 δαίμοσι·
1305 5774 1385 5821 ml
1422 5767 1581 5835 πόλεις
1595 5767 1854 5835 ’σπουδάζει
1886 5767 1967 5814 καὶ
1985 5767 2086 5813 κὼ-

428 5856 514 5900 μιας
532 5841 609 5889 καὶ
630 5841 781 5903 ψυχὰς
800 5838 1085 5905 ἀνθρωπίνας
1117 5831 1170 5885 ἐκ
1185 5836 1279 5883 τῶν
1303 5840 1386 5892 τῆς
1404 5834 1483 5882 πλ.
1514 5833 1576 5888 ἐξ.
1600 5831 1777 5879 παθῶν.

1148 303 1204 359 s.
1248 297 1531 356 JUANNIS
1567 282 2049 350 cumsos'rom
2108 276 2428 339 ARCHIEP.
2468 236 3017 335 οόΝετΑιςΤιΝορ.

3694 273 3804 332 390

2137 398 2347 470 ἀνάγκη
2378 395 2470 451 ml
2497 395 2683 467 χρυσῷ
2711 391 3167 459 καλλωπίζεσθαι,
3188 378 3467 464 τράπεζάν
3482 407 3541 444 τε
3572 409 3807 470 παρατι-

2134 494 2320 549 θεσθαι
2344 491 2626 564 λαμπρὰν,
2676 493 2772 547 καί
2816 489 3053 563 χρῆσθαι
3081 489 3376 556 συσσίτοις,
3404 488 3454 541 εἰ
3484 487 3585 560 μὲν
3615 485 3808 561 ἄφρων

2135 591 2243 664 εἴη,
2269 591 2369 662 τῆς
2393 589 2587 644 ἐαυτοῦ
2604 589 2803 652 κακίας
2825 588 3016 654 ἀξίοις,
3043 589 3091 641 εἰ
3110 585 3165 640 δέ
3181 584 3306 640 νοῦν
3329 584 3443 656 έχοι
3473 594 3568 640 ml
3596 603 3810 658 σωφρο-

2136 690 2273 760 νοίη,
2310 688 2568 760 χρηστοῖς
2612 685 2741 749 ἴσως
2778 685 2874 739 καὶ
2913 684 3178 749 δικαίοις,
3215 683 3349 737 πολὺ
3379 682 3438 736 δὲ
3463 682 3812 753 λειπομένοις

2135 787 2235 858 τῆς
2260 785 2482 840 ἐκείνων
2503 783 2723 857 ἀρετῆς.
2742 780 2898 836 Οὕτω
2935 781 3040 836 κᾶν
3085 781 3349 855 φιλοσοφῇ
3390 779 3666 851 βασιλεὺς,
3688 777 3814 833 οὐδὲ

2138 885 2281 940 κατὰ
2319 884 2512 958 μικρὸν
2555 882 2724 953 ἐγγὺς
2756 880 2927 935 ἐλθεῖν
2957 880 3056 951 τῆς
3090 878 3183 933 τοῦ
3226 880 3552 951 μονάζοντος
3578 878 3817 933 καλοκαρ·

2138 979 2777 1055 γαθίαςδυνήσεται.Καί
2809 978 2917 1050 γάρ
2946 981 3002 1033 ἐν
3018 977 3350 1051 ὁδοιπορίαις
3380 976 3550 1049 βαρύς
3564 977 3683 1030 ἐστι
3704 978 3820 1037 τοῖς

2140 1074 2423 1150 ὑπηκόοις,
2460 1079 2553 1133 ml
2587 1077 2742 1132 πόλιν
2791 1076 2977 1144 οἰκῶν,
3003 1077 3099 1130 ml
3131 1077 3355 1147 εἰρήνης
3384 1074 3696 1138 ἀπολαύων,
3718 1075 3820 1128 καὶ

2142 1178 2392 1249 πολέμων
2428 1176 2752 1247 ἁπτόμενος,
2806 1173 3006 1245 φόρους
3046 1190 3107 1226 τε
3145 1171 3299 1243 [1191
3334 1171 3818 1244 εἰσπραττόμενος,

2143 1276 2238 1329 καὶ
2271 1272 2656 1346 στρατεύματα
2693 1269 3010 1343 συγκροτῶν
3031 1312 3045 1337 ,
3080 1270 3175 1324 ml
3214 1270 3598 1340 αἰχμαλώτους
3644 1269 3817 1337 ἄγων,

2122 1371 2239 1426 ,καὶ
2267 1370 2454 1434 νικῶν,
2492 1371 2588 1425 καὶ
2622 1367 2964 1441 ἡττώμενοςο
2993 1367 3307 1441 ἡττώμενος
3339 1366 3437 1437 μὲν
3472 1362 3582 1437 γὰρ
3604 1365 3714 1419 τῶν
3741 1368 3822 1418 οἰ-

2146 1471 2311 1526 κείων
2343 1469 2529 1525 κακῶν
2577 1467 2958 1539 ἀναπίμπλησι
2986 1467 3115 1529 τοὺς
3159 1463 3520 1536 ἀρχομένους,
3555 1464 3725 1517 νικῶν
3761 1463 3822 1516 δέ

2142 1569 2419 1642 ἀφόρητος
2464 1567 2698 1637 γίνεται,
2733 1562 3211 1634 καλλωπιζόμενός
3241 1579 3302 1616 τε
3352 1564 3467 1626 τοῖς
3513 1561 3820 1632 τροπαίοις,

2146 1666 2245 1719 καὶ
2271 1664 2414 1736 μέγα
2441 1663 2675 1736 φρονῶν,
2702 1662 2929 1726 καὶτοῖς
2958 1660 3317 1733 στρατιώταις
3341 1659 3602 1731 παρέχων
3637 1657 3824 1713 ἄδειαν

2152 1761 2443 1834 ἁρπάζειν,
2481 1761 2669 1830 συλᾷν,
2695 1759 2823 1823 τοὺς
2852 1757 3163 1829 ὁδοιπόρους
3183 1757 3416 1820 ἀδικεῖν,
3433 1754 3532 1819 τὰς
3554 1754 3741 1820 πόλεις
3767 1757 3826 1809 ἐν

2151 1862 2218 1931 τῇ
2248 1859 2490 1931 καθέδρᾳ
2514 1857 2843 1929 πολιορκεῖν,
2864 1854 2965 1919 τάς
2980 1852 3088 1908 τῶν
3104 1855 3352 1925 πενήτων
3374 1852 3596 1926 πορθεῖν
3624 1852 3825 1917 οἰκίας,

2152 1958 2280 2020 τοὺς
2305 1954 2739 2028 ὑποδεξαμένους
2759 1952 3182 2025 εἰσπράττεσθαι
3204 1951 3328 2007 καθ’
3344 1952 3582 2023 ἑκάστην
3610 1950 3827 2023 ἡμέραν

2153 2056 2191 2111 ἃ
2220 2054 2408 2128 μηδεὶς
2429 2054 2711 2127 ἐπιτρέπει
2754 2053 2937 2124 νόμος,
2964 2051 3056 2106 ἐπὶ
3081 2050 3349 2123 προφάσει
3373 2049 3516 2114 τινὸς
3550 2049 3707 2114 ἔθους
3737 2052 3830 2120 ἀρ-

2157 2153 2310 2227 χαίου
2341 2151 2660 2225 παρανόμου
2698 2170 2759 2205 τε
2814 2150 2908 2204 καὶ
2950 2150 3159 2205 ἀδίκου.
3184 2148 3294 2202 Kal
3323 2148 3415 2202 τὸν
3449 2148 3548 2220 μὲν
3574 2147 3829 2203 πλούσιον

2159 2251 2391 2322 ἔϐλαψεν
2421 2250 2575 2304 οὐδὲν
2602 2252 2631 2305 ὁ
2661 2248 2912 2321 βασιλεὺς
2929 2249 3040 2311 τοῖς
3072 2246 3337 2310 τοιούτοις
3359 2247 3572 2308 κακοῖς,
3603 2244 3702 2314 τὴν
3735 2262 3834 2299 πε-

2147 2350 2277 2404 υνίαν
2309 2350 2365 2404 δέ
2396 2347 2899 2418 ἐκάκωσεν,ῶσπερ
2943 2345 3019 2408 ὡς
3048 2341 3266 2413 ἀληθῶς
3300 2342 3691 2413 αἰσχυνόμενος
3703 2343 3837 2406 τοὺς

2163 2450 2446 2523 εὐπόρους.
2475 2448 2550 2501 Οὐ
2581 2446 2688 2517 μὴν
2708 2445 2736 2499 ὃ
2759 2461 2823 2513 γε
2848 2443 3077 2515 μοναχδς
3106 2440 3299 2506 οὕτως,
3326 2439 3439 2494 ἀλλ’
3452 2439 3568 2510 ἅμα
3580 2456 3638 2492 τε
3650 2436 3835 2508 ὤφθη,

2163 2549 2257 2603 ml
2289 2545 2555 2600 πλουσίων
2581 2542 2674 2596 ml
2708 2541 2952 2613 πενήτων
2985 2539 3145 2610 χάριν
3164 2537 3285 2591 τινὰ
3309 2535 3550 2607 κομίζων
3573 2530 3706 2607 ἦλθε
3740 2535 3839 2588 ml

2156 2646 2375 2708 τούτοις
2397 2642 2670 2705 κάκείνοις
2687 2639 2911 2711 ὁμοίως,
2936 2635 3139 2708 ίματίῳ
3184 2634 3285 2707 μέν
3314 2635 3394 2688 ἐνὶ
3413 2634 3481 2688 δι’
3511 2632 3665 2697 ἔτους
3694 2633 3841 2705 χρώ-

2158 2760 2348 2814 μενος,
2375 2740 2518 2811 ὕδωρ
2542 2738 2598 2793 δέ
2628 2739 2798 2791 πίνων
2845 2734 3018 2806 ἥδιον,
3046 2733 3080 2805 ἢ
3109 2731 3420 2802 θαυμαστὸν
3458 2724 3600 2784 οἶνον
3635 2730 3838 2797 ἓτεροιο

2164 2841 2308 2911 ὑπὲρ
2339 2836 2538 2893 ἐαυτοῦ
2568 2837 2666 2908 μὲν
2697 2832 2976 2905 οὐδεμίαν,
3007 2829 3128 2885 οὔτε
3150 2828 3371 2903 μικρὰν,
3397 2827 3518 2882 οὔτε
3552 2826 3723 2899 μείζω
3743 2829 3845 2898 χά-
3870 2816 3883 2828 ’

2170 2956 2257 3011 ριν
2286 2937 2439 3009 παρά
2469 2935 2579 2989 τῶν
2618 2932 2892 2988 πλουσίων
2925 2924 3115 2993 αἰτῶν,
3165 2928 3306 2998 ύπέρ
3342 2925 3399 2979 δέ
3440 2925 3549 2978 τῶν
3578 2927 3636 2977 ἐν
3663 2924 3845 2995 ἐνδείᾳ

2170 3036 2371 3100 πολλάς
2403 3052 2463 3088 τε
2523 3033 2617 3087 ml
2650 3030 2912 3101 συνεχεῖς,
2936 3022 3692 3098 ἀμφοτέροιςλυσιτελούσας,
3728 3024 3846 3085 τοῖς

2166 3150 2230 3187 τε
2275 3131 2596 3203 παρέχουσι,
2622 3127 2718 3181 ml
2740 3128 2854 3188 τοῖς
2873 3121 3194 3195 κομίζεσθαι
3221 3118 3522 3192 μέλλουσιν.
3558 3116 3715 3171 Οὕτω
3735 3134 3850 3172 κοι-

2171 3231 2262 3294 νός
2284 3231 2430 3283 ἐστιν
2456 3225 2637 3296 ἰατρδς
2665 3222 2758 3278 καὶ
2789 3219 3057 3275 πλουσίων
3083 3217 3178 3271 ml
3198 3216 3448 3286 πενήτων
3476 3213 3848 3284 ὁμοίως,τοὺς

2178 3328 2273 3400 μὲν
2293 3321 2705 3396 ἁμαρτημάτων
2732 3316 3030 3389 ἐλευθερῶν
3061 3314 3149 3369 διὰ
3174 3313 3272 3385 τῆς
3297 3310 3505 3382 ἀγαθῆς
3538 3309 3849 3376 νουθεσίας,

2166 3427 2285 3489 τοῖς
2307 3424 2365 3478 δέ
2396 3421 2539 3475 λύων
2566 3417 2662 3490 τὴν
2720 3416 2947 3470 ἔνδειαν.
2998 3411 3262 3474 Βασιλεὺς
3288 3409 3345 3464 δέ
3368 3410 3467 3472 τάς
3492 3425 3554 3461 τε
3586 3408 3856 3481 εἰσφορὰς

2175 3520 2512 3593 κουφοτέρας
2527 3513 2661 3572 εἶναι
2685 3511 3081 3578 κελεύων,τοὺς
3106 3506 3396 3571 πλουσίους
3416 3505 3636 3577 μᾶλλον,
3681 3506 3714 3577 ἢ
3749 3508 3854 3578 τὴν

2168 3623 2367 3677 πενίαν
2395 3606 2646 3691 ὠφέλησε
2663 3632 2676 3647 ⁵
2717 3614 2811 3669 ml
2833 3610 2903 3666 τὰ
2933 3606 3152 3664 ἐναντία
3179 3604 3370 3670 ποιῶν,
3394 3605 3521 3668 τοὺς
3553 3603 3727 3676 μικρά
3752 3620 3853 3657 κε-

2176 3717 2482 3791 κτημένους
2505 3712 2725 3784 ἔϐλαψε.
2756 3710 2864 3764 Τὸν
2899 3706 2996 3779 μέν
3018 3704 3126 3776 γάρ
3141 3701 3398 3755 πλούσιον
3422 3700 3580 3769 ὁλίγα
3615 3699 3682 3754 ἀν
3719 3699 3853 3771 βλάο

2179 3817 2329 3886 ψειεν
2368 3815 2402 3885 ἠ
2432 3810 2739 3884 χαλεπότης
2776 3806 2886 3860 τῶν
2927 3802 3218 3875 εἰσφορῶν,
3248 3798 3348 3864 τὰς
3375 3799 3432 3854 δέ
3453 3798 3561 3852 τῶν
3601 3798 3854 3867 πενήτων

2179 3914 2355 3976 οἰκίας
2383 3911 2532 3965 ὥσπε
2540 3926 2571 3981 ρ
2588 3907 2921 3981 χειμάρρους
2935 3899 3263 3973 παρασύρει,
3285 3896 3530 3969 οίμωγῆς
3550 3894 3855 3966 πιμπλῶσα

2179 4013 2277 4078 τὰς
2294 4010 2507 4083 κώμας,
2526 4008 2621 4064 ml
2637 4006 2759 4061 οὔτε
2779 4004 2956 4076 γῆρας
2978 4001 3208 4056 ἐλεεινὸν
3222 4000 3336 4063 τοῖς
3369 3997 3796 4068 εἰσπραττομένο
3809 4014 3856 4060 ις

2182 4114 2308 4177 τοὺς
2350 4111 2567 4182 φόρους,
2604 4105 2728 4161 οὔτε
2758 4102 2955 4176 χηρεία
2978 4098 3273 4172 γυναικῶν,
3306 4098 3407 4152 οὐκ
3439 4097 3676 4167 ὀρφανία
3724 4096 3854 4148 παί-

2182 4212 2307 4276 δων,
2332 4210 2470 4265 ἀλλά
2505 4203 2826 4277 κωμάζουσι
2867 4200 3046 4254 πάντα
3102 4197 3192 4252 τὸν
3228 4195 3441 4269 χρόνον,
3489 4194 3660 4248 κοινοί
3709 4212 3857 4258 τινες

2084 4278 2094 4341 ἰ
2186 4310 2436 4380 πολέμιοι
2462 4305 2562 4374 τῆς
2591 4300 2795 4374 χώρας,
2826 4299 2970 4369 άπερ
3024 4296 3125 4349 οὐκ
3168 4293 3458 4366 ἐξήνεγκεν
3497 4293 3530 4364 ὴ
3560 4293 3653 4363 γῆ,
3680 4293 3856 4347 ταῦτα

2186 4407 2310 4471 τοὺς
2337 4401 2617 4474 γεωργοὺς
2640 4396 3110 4471 εἰσπραττόμενοι.

2255 4542 2316 4597 δ’.
2337 4540 2473 4610 Φέρε
2489 4535 2785 4608 δὴκάκεῖνο
2800 4531 3163 4601 ἐξετάσωμεν,
3181 4525 3238 4581 τί
3265 4525 3365 4598 μὲν
3395 4528 3425 4580 ὁ
3462 4524 3778 4596 μοναχὺς,τί
3799 4524 3855 4577 δὲ

2184 4640 2215 4692 ὁ
2245 4636 2495 4708 βασιλεὺς
2541 4637 2654 4698 τοῖς
2682 4629 2944 4703 ὑπηκόοις
2968 4625 3272 4699 χαρίζεται.
3315 4623 3524 4679 Οὐκοῦν
3547 4624 3576 4675 ὁ
3604 4623 3702 4691 μὲν
3730 4639 3856 4692 χρυ-

2188 4734 2300 4799 σὸν,
2322 4733 2421 4787 ὁδέ
2438 4731 2744 4800 πνεύματος
2770 4725 2962 4797 χάριν·
2991 4723 3085 4777 ml
3119 4722 3148 4774 6
3178 4720 3278 4792 μέν
3305 4720 3458 4774 έλυσε
3490 4717 3700 4780 πενίαν,
3728 4717 3855 4770 ὅταν

2184 4833 2220 4911 ᾗ
2255 4834 2507 4909 χρηστὸς,
2542 4834 2571 4886 ὁ
2594 4831 2652 4885 δὲ
2676 4830 2705 4871 ¹³
2736 4827 2915 4899 ψυχὰς
2961 4822 3399 4898 τυραννουμένας
3436 4821 3542 4875 ὑπὸ
3587 4819 3855 4889 δαιμόνων

2188 4935 2530 5006 ἠλευθέρωσε
2547 4933 2668 4995 ταῖς
2689 4929 3036 4999 προσευχαῖς.
3076 4925 3196 4978 Κᾶν
3220 4921 3398 4994 συμϐῇ
3428 4938 3550 4974 τινα
3579 4919 3853 4981 τοιαύταις

2188 5035 2544 5112 χειμάζεσθαι
2564 5031 2892 5104 συμφοραῖς,
2904 5028 2995 5082 τὸν
3015 5024 3240 5098 βασιλέα
3257 5024 3355 5095 μὲν
3370 5022 3560 5093 ὥσπερ
3580 5022 3650 5075 τά
3675 5021 3853 5090 ἀψυχα

2189 5143 2545 5217 παρέρχεται,
2564 5139 2656 5191 ἐπὶ
2676 5135 2733 5189 δέ
2765 5134 2864 5205 τὴν
2894 5131 3002 5185 τῶν
3030 5129 3277 5200 μοναχῶν
3298 5126 3472 5180 οἰκίαν
3499 5123 3851 5194 καταφεύγει,

2189 5247 2379 5318 ῶσπερ
2403 5246 2431 5298 ὁ
2450 5242 2613 5297 λύκον
2633 5232 3350 5309 ὑποφεύγων,καταφεύγων
3370 5231 3425 5284 δὲ
3454 5229 3542 5283 ἐπ’
3565 5230 3735 5301 ἄνδρα
3762 5227 3850 5298 0r.-

2193 5349 2386 5423 ρευτὴν
2411 5348 2563 5419 ξίφος
2587 5348 2644 5400 ἐν
2677 5345 2742 5415 τῇ
2775 5340 2921 5413 χειρὶ
2947 5339 3199 5411 φέροντα’
3224 5337 3361 5405 ὅπερ
3387 5332 3495 5404 γὰρ
3517 5331 3596 5402 τῷ
3618 5330 3853 5402 θηρευτῇ

2190 5453 2362 5523 ξίφος,
2384 5450 2542 5505 τοῦτο
2558 5445 2834 5520 προσευχὴ
2861 5441 2940 5513 τῷ
2973 5437 3275 5512 μονάζοντι.
3309 5433 3386 5491 Ού
3411 5433 3519 5506 γὰρ
3543 5431 3684 5487 οὕτω
3699 5430 3855 5502 φοϐε-

2191 5554 2282 5620 ρὸν
2308 5557 2418 5616 τοῖς
2444 5551 2628 5612 λύκοις
2659 5547 2720 5601 τὸ
2761 5545 2930 5613 ξίφος,
2949 5543 3024 5604 ὡς
3058 5542 3167 5603 τοῖς
3191 5538 3439 5608 δαίμοσιν
3472 5537 3525 5590 αἰ
3558 5527 3858 5605 προσευχαὶ

2255 5815 2283 5856 1³
2308 5813 2505 5867 Coislin.
2532 5810 2643 5858 ὅταν
2666 5808 2764 5871 δῴη
2789 5804 2981 5869 χρυσόν’
3007 5805 3032 5851 ὁ
3053 5803 3118 5851 δέ.
