4124 6144
594 228 700 284 389

597 336 764 392 videri
791 336 958 405 possit
981 335 1088 391 hoc
1129 336 1267 406 ipso,
1307 334 1445 405 quod
1472 350 1724 390 coronam
1751 335 1965 407 quidem
2000 346 2171 406 gestat

595 432 822 501 gemmis
865 431 1223 492 intertextam,
1266 440 1320 484 et
1360 446 1598 495 auream,
1640 429 2000 499 temperantia.-
2042 445 2170 485 vero

596 536 794 577 corona
839 521 1060 576 minime
1107 521 1325 591 insignis
1366 533 1449 577 est
1490 539 1503 575 :
1549 531 1604 577 et
1645 536 1914 592 purpureo
1957 520 2170 592 quidem

599 616 795 669 vestitu
823 624 933 669 toto
952 622 1180 683 corpore
1207 614 1389 684 fulget,
1414 615 1647 668 animum
1669 624 1844 670 autem
1872 615 2169 669 inornatum

598 707 774 761 habet.
808 706 1009 761 Deinde
1049 706 1136 761 hic
1175 720 1241 761 ne
1270 705 1674 760 administrandi
1712 704 1924 775 quidem
1964 702 2170 773 imperii

595 798 871 852 scientiam
902 797 1175 851 habiturus
1198 805 1302 851 est.

667 890 939 959 Comparat
974 906 1088 943 cum
1120 906 1236 959 rege
1272 888 1573 943 monachum
1599 888 1653 941 in
1682 886 1810 942 bello
1837 886 2073 957 gerendo.
2100 912 2170 925 —-

594 981 694 1048 Qui
719 981 860 1035 enim
900 980 999 1034 sibi
1027 981 1126 1048 ipsi
1165 982 1428 1050 imperare
1464 980 1650 1044 nescit,
1690 979 1777 1033 hic
1813 993 1919 1049 quo
1959 978 2169 1032 tandem

600 1069 760 1124 modo
805 1070 939 1124 alios
982 1069 1183 1139 legibus
1222 1084 1408 1139 regere
1433 1069 1668 1139 poterit?
1699 1068 1837 1135 Quin
1881 1068 1926 1122 si
1958 1067 2007 1121 id
2046 1067 2167 1121 belli

594 1180 784 1233 genus,
811 1164 950 1233 quod
981 1174 1202 1234 uterque
1227 1164 1326 1218 sibi
1356 1162 1692 1233 peculiariter
1714 1161 2001 1231 gerendum
2025 1175 2169 1213 sum-

597 1255 718 1322 psit,
734 1262 975 1324 spectare
999 1255 1248 1320 volueris,
1269 1254 1507 1308 invenies
1534 1253 1675 1306 hunc
1698 1267 1820 1307 cum
1841 1251 2170 1306 dtemouibus

597 1345 1010 1413 depugnantcm,
1039 1343 1392 1414 eumdemque
1418 1353 1472 1399 et
1496 1352 1856 1412 superantem,
1882 1351 1938 1397 et
1961 1342 2169 1396 vincen-

599 1444 724 1500 tem,
751 1444 807 1489 et
830 1450 861 1488 a
884 1433 1096 1490 Christo
1124 1450 1378 1490 coronam
1407 1437 1704 1505 capientem
1730 1452 1743 1488 :
1777 1443 1959 1504 utpote
1985 1434 2072 1503 qui
2101 1433 2167 1488 ad

597 1542 824 1598 pugnam
844 1527 1065 1583 accedat
1087 1527 1265 1582 divino
1285 1535 1611 1583 sustentatus
1631 1526 1851 1593 auxilio,
1868 1525 2169 1582 eatlestibus

594 1620 758 1674 armis
795 1619 1171 1686 communitus,
1219 1628 1278 1673 ut
1315 1633 1535 1674 necesse
1558 1618 1773 1688 quidem
1798 1618 1869 1672 sit
1893 1616 2167 1672 victoriam

594 1712 664 1765 ab
693 1711 858 1780 ipsius
900 1711 1139 1781 partibus
1163 1720 1346 1778 stare;
1386 1727 1509 1766 cum
1547 1711 1759 1766 interim
1799 1725 1979 1780 regem
2019 1709 2166 1764 illum

590 1820 715 1857 cum
740 1803 980 1859 barbaris
1004 1804 1289 1859 bellantem
1314 1818 1523 1858 cernas.
1555 1801 1764 1869 Quanto
1794 1810 1972 1857 autem
1997 1800 2170 1856 homi-

596 1894 753 1947 nibus
789 1893 1062 1948 dmmones
1091 1892 1442 1948 terribiliores
1486 1901 1629 1957 sunt,
1671 1901 1817 1947 tanto
1844 1890 2171 1962 splendidior

592 1985 791 2055 estqui
819 1985 917 2040 ltos
942 1993 1177 2056 superat,
1211 1999 1276 2041 eo
1301 1986 1390 2056 qui
1431 1985 1550 2039 illos
1574 1985 1755 2039 vincit.
1787 1984 1938 2052 Quod
1967 1984 2011 2037 si
2038 1983 2169 2037 utri-

596 2092 763 2146 usque
791 2076 917 2132 belli
956 2090 1170 2131 causam
1216 2076 1522 2145 perdiscere
1558 2077 1728 2146 cupis,
1769 2089 2010 2145 magnam
2042 2089 2167 2143 pro-

596 2169 733 2221 ferit)
761 2167 1175 2237 inatqualitatem
1201 2168 1457 2238 reperies.
1489 2169 1635 2223 Alter
1672 2169 1812 2223 enim
1842 2183 1937 2237 pro
1974 2168 2169 2237 pietate

596 2271 658 2309 ac
686 2256 778 2311 Dei
805 2258 949 2312 cultu
972 2273 1092 2312 cum
1119 2258 1451 2314 dmmonihus
1478 2259 1669 2313 bellum
1699 2259 1853 2328 gerit,
1880 2259 1957 2312 vel
1985 2258 2165 2325 urbes,

597 2349 679 2403 vel
708 2362 870 2419 pagos
906 2349 975 2405 ab
1015 2364 1199 2403 errore
1244 2351 1452 2419 eripere
1496 2349 1807 2405 desiderans
1843 2350 2017 2404 :alter
2043 2365 2170 2405 vero

594 2454 714 2493 cum
740 2440 977 2495 barbaris
1003 2440 1321 2511 digladiatur
1355 2457 1449 2511 pro
1473 2442 1634 2506 locis,
1664 2442 1886 2510 ﬁnibus,
1914 2443 2170 2513 opibusve

599 2532 781 2601 raptis,
804 2533 953 2588 illum
974 2534 1216 2601 avaritia,
1234 2535 1319 2590 vel
1342 2534 1520 2605 injusti
1542 2535 1863 2605 principatus
1881 2535 2171 2592 ambitione

595 2625 659 2677 ad
681 2639 907 2694 pugnam
928 2634 1246 2694 provocante
1263 2643 1277 2681 :
1294 2627 1381 2682 ubi
1398 2634 1545 2682 certe
1562 2626 1709 2681 multi
1728 2627 1996 2683 multoties
2017 2643 2169 2698 reges

596 2718 797 2787 majora
826 2733 946 2772 cum
972 2720 1370 2788 appetivissent,
1403 2719 1513 2788 jam
1537 2729 1684 2788 parta
1719 2721 1965 2775 amisere.
1990 2719 2170 2790 Itaque

601 2821 708 2863 tum
742 2810 1064 2878 principatus
1080 2850 1095 2876 ,
1124 2818 1233 2866 tum
1262 2811 1375 2881 ipsa
1400 2812 1659 2868 bellorum
1684 2828 1881 2883 genera
1904 2855 1919 2880 ,
1945 2821 2171 2883 arguunt

597 2917 832 2973 eousque
859 2902 1000 2958 inter
1019 2918 1078 2958 se
1093 2903 1397 2972 discrepare
1416 2913 1469 2959 et
1492 2920 1692 2976 regem,
1713 2913 1768 2960 et
1790 2921 1910 2960 eum
1933 2906 2023 2976 qui
2049 2906 2169 2960 vitm

595 3010 709 3050 sua:
750 2995 981 3051 studium
1010 2997 1109 3052 Dei
1135 2997 1299 3052 cultui
1343 2996 1549 3052 addixit
1577 3015 1590 3057 :
1627 2997 1722 3053 sed
1753 3007 1928 3053 tamen
1953 2998 2169 3053 eosdem

598 3087 717 3142 illos
741 3097 926 3143 exacte
956 3089 1137 3158 utique
1176 3102 1486 3158 pcrnoscas,
1530 3088 1576 3142 si
1605 3088 1671 3144 ad
1704 3089 1979 3159 utriusque
2007 3089 2168 3144 vitam

597 3177 1011 3247 quotidianaque
1035 3186 1182 3248 gesta
1202 3177 1552 3234 examinanda
1580 3178 1939 3234 descenderis.
1963 3179 2169 3234 Revera

596 3268 736 3323 enim
761 3267 906 3324 hunc
930 3269 1170 3325 invenias
1192 3284 1313 3324 cum
1350 3269 1627 3338 prOphetis
1653 3278 1953 3323 versantem
1973 3309 1989 3333 ,
2020 3268 2168 3323 Pauli

597 3360 852 3430 sapientia
895 3361 1132 3415 animum
1160 3368 1511 3415 exornantem
1537 3400 1553 3426 ,
1595 3360 1807 3415 assidue
1849 3374 1880 3413 a
1915 3359 2060 3414 Mose
2100 3359 2169 3414 ad

599 3451 813 3516 Isaiam,
859 3451 928 3506 ab
968 3450 1100 3506 Isaia
1143 3450 1210 3505 ad
1248 3448 1537 3514 Joannem,
1583 3466 1613 3504 a
1651 3450 1857 3506 Joanne
1899 3451 1965 3504 ad
1990 3450 2167 3504 alium

597 3542 900 3610 quempiam
933 3548 1298 3597 transeuntem
1328 3558 1342 3595 :
1373 3550 1429 3596 at
1453 3554 1632 3611 regem
1658 3540 1871 3596 assidua
1896 3541 2168 3595 centurio-

599 3646 724 3685 num
783 3630 1199 3700 praefectorum,
1247 3639 1302 3686 et
1352 3631 1732 3701 spiculatorttm
1789 3631 2170 3686 consuetudine

600 3729 854 3776 utentem.
898 3721 1067 3776 Porro
1104 3722 1319 3776 solitum
1361 3736 1481 3777 esse
1512 3722 1775 3788 videmus,
1818 3736 1939 3776 cum
1977 3720 2169 3791 quibus

596 3813 811 3868 assidue
843 3812 962 3883 quis
982 3824 1247 3880 versatur,
1291 3813 1478 3868 horum
1517 3828 1695 3869 mores
1721 3814 1922 3869 similes
1949 3813 2166 3868 habere.

600 3900 780 3972 itaque
803 3903 893 3972 qtti
914 3903 1183 3959 solitarius
1212 3905 1370 3970 vivit,
1411 3905 1457 3959 is
1480 3904 1714 3959 animum
1752 3920 1906 3961 suum
1940 3904 2005 3958 ad
2034 3920 2168 3975 apo-

597 3993 854 4048 stolorum
893 4001 948 4049 et
988 3993 1366 4064 prophetarum
1406 4009 1583 4049 mores
1620 3993 1955 4050 conformat:
1987 4005 2041 4048 at
2069 4011 2166 4050 rex

596 4085 662 4139 ad
690 4100 869 4141 mores
894 4085 1108 4153 ducum,
1149 4087 1431 4141 satellitum
1451 4126 1467 4153 ,
1499 4093 1824 4141 scutatorum
1845 4127 1860 4153 ,
1894 4085 2164 4141 hominum

599 4177 721 4231 vino
745 4176 1110 4244 servientium,
1136 4177 1496 4246 voluptatibus
1537 4176 1941 4248 indulgentium,
1972 4178 2165 4233 bonam

597 4268 702 4323 diei
742 4276 943 4337 partem
985 4270 1038 4323 in
1083 4277 1207 4339 potu
1247 4270 1657 4335 conterentium,
1698 4267 1927 4338 denique
1973 4268 2167 4323 nullius
2220 4346 2221 4349 η

595 4360 671 4414 rei
695 4360 1014 4431 necessariae
1031 4368 1124 4414 aut
1145 4359 1382 4415 honestae
1404 4359 1704 4427 scientiam,
1728 4360 1853 4415 vino
1871 4358 2167 4429 impedien-

596 4456 648 4503 te
668 4490 682 4512 ,
709 4440 1035 4504 canentium.
1077 4449 1188 4504 llac
1227 4464 1355 4520 ergo
1382 4451 1541 4505 etiam
1572 4453 1778 4510 rmione
1817 4451 2164 4506 monasticam

597 4540 757 4593 vitam
785 4539 1039 4594 convenit
1059 4554 1121 4594 ea
1145 4540 1436 4595 beatiorem
1465 4540 1663 4608 dicere,
1694 4557 1813 4612 quae
1843 4541 2161 4612 principatu,

594 4645 712 4699 qua:
737 4645 921 4700 regno,
953 4646 1071 4700 qua:
1096 4632 1320 4699 sceptris
1347 4638 1572 4686 constat.

665 4717 730 4776 5.‘
762 4720 1024 4775 Nocturna
1071 4729 1292 4792 tempore
1333 4730 1443 4777 uter
1486 4722 1694 4778 beatior.
1723 4754 1796 4765 —-
1824 4726 1975 4794 Quod
2017 4728 2061 4783 si
2109 4738 2165 4785 et

592 4811 762 4866 noctis
815 4820 1024 4881 tempus
1087 4813 1390 4867 examinare
1432 4813 1794 4883 voluerimus,
1844 4819 2161 4874 monachum

591 4901 803 4970 quidem
830 4901 1128 4957 videbimus
1164 4903 1256 4958 Dei
1294 4904 1439 4959 cultu
1480 4919 1544 4960 ac
1583 4907 1831 4976 precibus
1877 4910 2161 4980 insignem,

591 4990 760 5045 multo
787 5001 912 5045 ante
954 4992 1276 5062 gallinaceos
1319 5002 1556 5064 tempore
1599 5008 1881 5054 canentem
1904 5042 1919 5066 ,
1961 5003 2164 5073 angelis

591 5083 984 5139 convictoribus
1007 5093 1275 5152 utentem,
1305 5102 1426 5143 cum
1456 5089 1565 5145 Deo
1590 5091 1981 5162 colloquentem
2001 5134 2015 5158 ,
2047 5110 2160 5150 ca:-

594 5170 815 5226 lestibus
842 5174 998 5228 bonis
1035 5175 1295 5231 fruentem
1330 5193 1344 5230 :
1375 5193 1497 5232 eum
1525 5195 1653 5235 vero
1697 5181 1786 5250 qui
1814 5184 1993 5238 multis
2029 5199 2161 5254 gen-

594 5261 750 5328 tibus,
785 5264 962 5319 multis
986 5266 1216 5335 populis,
1244 5277 1402 5336 atque
1433 5271 1753 5326 exercitibus
1780 5284 2001 5341 praeest,
2038 5277 2160 5345 qui-

590 5365 695 5416 quc
721 5358 860 5405 terra
884 5367 948 5408 ac
971 5355 1105 5409 mari
1130 5355 1240 5410 late
1268 5356 1513 5425 imperat,
1536 5358 1589 5412 in
1618 5359 1754 5414 lecto
1786 5362 2071 5417 distentum
2097 5380 2161 5435 a_e

592 5449 922 5497 stertentem.
954 5444 1045 5500 Ille
1081 5444 1295 5516 quidem
1326 5446 1457 5501 cibis
1486 5448 1552 5502 iis
1577 5449 1758 5516 alitur,
1789 5453 1874 5521 qui
1901 5453 2065 5508 altum
2093 5455 2160 5509 ab

593 5547 659 5586 eo
703 5547 947 5589 somnum
996 5536 1213 5592 minime
1262 5538 1480 5607 exigant
1513 5539 1695 5594 :bunc
1736 5549 1912 5596 autem
1957 5542 2159 5599 deliciae

591 5622 909 5693 consopiunt
950 5637 1005 5681 et
1044 5636 1230 5696 potus,
1276 5628 1521 5685 eumdem
1567 5631 1619 5685 in
1665 5631 1858 5690 lectulo
1888 5634 1952 5688 ad
1985 5635 2153 5705 ipsum

1682 224 2123 281 COMPARATIO
2149 221 2352 282 REGIS
2387 226 2475 283 ET
2513 227 2832 285 MONACHI.

2280 351 2446 407 usque
2466 338 2606 394 diem
2628 340 2890 396 detinens.
2917 339 3034 396 1am
3055 340 3316 397 monacho
3332 349 3390 397 et
3408 342 3571 397 vestis
3586 351 3644 397 ct
3669 356 3852 397 mensa

2277 428 2572 496 moderata,
2601 439 2654 484 et
2681 431 3017 487 convictores
3047 431 3286 501 ejusdem
3316 434 3527 487 virtutis
3552 433 3731 488 tumuli
3757 450 3771 487 :
3801 444 3856 487 at

2277 534 2454 590 regem
2483 537 2701 577 necesse
2726 535 2807 577 εει
2843 533 2898 578 et
2939 523 3133 594 lapillis
3161 531 3216 578 et
3238 539 3368 579 auro
3397 525 3683 594 superbum
3711 539 3850 587 esse,

2275 627 2626 683 mensamque
2646 630 2917 684 apponere
2938 615 3292 685 splendidam,
3318 626 3426 670 tum
3453 617 3852 672 convictoribus

2276 706 2391 770 uti,
2424 705 2469 759 si
2499 706 2714 776 quidem
2744 707 3055 778 imprudens
3080 708 3171 763 ille
3197 708 3390 774 fuerit,
3422 724 3517 764 sua
3562 708 3850 763 stoliditate

2275 795 2479 864 dignis;
2511 799 2593 852 sin
2620 807 2798 853 autem
2827 808 3062 855 mentem
3088 799 3299 862 habeat,
3322 808 3729 870 temperansque
3755 799 3844 862 sit,

2277 888 2457 957 probis
2494 888 2721 951 fortasse
2747 897 2802 945 et
2834 890 3019 960 justis,
3049 890 3143 945 sed
3183 897 3360 946 tamen
3389 892 3583 945 virtute
3624 891 3687 945 iis
3715 904 3851 959 quos

2274 979 2560 1043 ante'dixi,
2592 980 2747 1051 longe
2779 982 3118 1039 inferioribus
3147 1000 3161 1037 :
3192 983 3267 1038 ita
3290 998 3382 1037 rex
3414 990 3472 1037 ttt
3499 981 3850 1052 philosophia:

2274 1069 2482 1124 deditus
2508 1073 2607 1136 sit,
2638 1082 2814 1128 tamen
2855 1088 2924 1128 ne
2968 1073 3228 1128 tantillum
3261 1074 3472 1143 quidem
3507 1073 3573 1127 ad
3602 1071 3848 1127 monachi

2274 1162 2524 1216 virtutem
2559 1164 2775 1231 propius
2800 1163 3058 1219 accedere
3084 1171 3261 1233 queat.
3306 1163 3513 1218 Etenim
3555 1163 3608 1217 in
3638 1162 3847 1217 itineri-

2275 1251 2374 1306 bus
2402 1252 2657 1307 faciendis
2698 1253 2922 1309 subditis
2947 1255 3123 1323 gravis
3148 1263 3231 1308 est
3250 1294 3264 1316 ,
3291 1262 3552 1322 praeterea
3577 1260 3633 1307 et
3662 1252 3846 1306 urbem

2276 1341 2542 1404 habitans,
2581 1352 2634 1397 et
2664 1357 2793 1411 pace
2816 1342 3020 1410 fruens,
3052 1353 3107 1399 et
3134 1345 3272 1399 bello
3297 1358 3513 1414 operam
3540 1343 3704 1408 dans,
3733 1351 3845 1396 tum

2274 1433 2469 1486 tributa
2499 1435 2737 1504 exigens,
2768 1443 2877 1488 tum
2905 1436 3170 1490 exercitus
3198 1435 3484 1505 colligens,
3518 1444 3628 1488 tum
3669 1433 3845 1503 capti-

2274 1539 2368 1578 vos
2410 1539 2573 1595 agens
2597 1566 2610 1588 ,
2650 1534 2700 1580 et
2731 1524 2858 1581 dum
2891 1526 3092 1592 vietor,
3138 1535 3193 1580 et
3216 1525 3339 1580 dum
3370 1527 3539 1581 victus
3563 1535 3647 1580 est
3677 1543 3691 1579 :
3723 1539 3843 1579 nam

2272 1615 2398 1669 dum
2421 1617 2594 1670 victus
2619 1626 2721 1681 est,
2751 1617 2993 1672 subditos
3017 1616 3244 1687 propriis
3272 1617 3426 1672 malis
3451 1617 3619 1685 replet
3642 1634 3655 1669 :
3679 1615 3848 1670 victor

2271 1715 2449 1761 autem
2472 1707 2822 1763 intolerabilis
2842 1717 2942 1775 est,
2970 1709 3182 1779 tropaeis
3203 1724 3262 1764 se
3281 1723 3476 1764 ornans
3496 1716 3654 1779 atque
3677 1707 3844 1761 altum

2272 1799 2518 1868 sapiens,
2552 1810 2659 1853 tum
2692 1800 2951 1855 militibus
2987 1800 3231 1870 praebens
3272 1800 3542 1856 licentiam
3583 1798 3845 1870 rapiendi,

2272 1890 2613 1962 dcprmdandi
2636 1932 2651 1957 ,
2681 1892 2910 1946 vfatores
2958 1891 3149 1961 injuria
3178 1890 3441 1947 afﬁciendi
3461 1931 3480 1956 ,
3510 1890 3670 1945 urbes
3698 1889 3845 1944 obsit

2273 1984 2431 2038 dionc
2457 1983 2724 2053 ciugendi,
2754 1998 3045 2054 pauperum
3072 1982 3261 2038 domos
3285 1980 3661 2052 depopulandi,
3690 1979 3756 2036 ab
3783 1980 3847 2033 iis

2272 2092 2301 2131 a
2340 2075 2532 2145 quibus
2575 2075 2782 2144 excepti
2826 2075 3022 2129 fuerint
3049 2089 3113 2129 ea
3159 2073 3396 2144 quotidie
3439 2070 3683 2141 exigendi
3729 2084 3849 2140 qua:

2274 2167 2418 2221 nulla
2448 2167 2532 2221 lex
2561 2166 2838 2236 permittit,
2867 2166 3025 2236 idque
3051 2181 3146 2235 per
3170 2178 3383 2220 causam
3414 2163 3602 2232 prisca:
3626 2160 3849 2230 alicujus

2272 2256 2672 2312 consuetudinis
2693 2257 2885 2327 iniqua:
2905 2266 2957 2311 et
2977 2256 3185 2326 injustae
3206 2270 3220 2308 :
3243 2270 3363 2311 cum
3392 2255 3603 2310 interim
3627 2252 3844 2308 divitem

2273 2364 2371 2420 per
2400 2348 2702 2419 hujusmodi
2734 2350 2869 2404 mala
2912 2365 3003 2403 rex
3035 2348 3255 2403 minime
3281 2346 3458 2415 lmdit,
3486 2346 3580 2402 sed
3605 2345 3674 2401 de
3712 2360 3844 2415 pau-

2274 2451 2479 2511 pertate
2506 2451 2710 2503 tantum
2741 2443 2878 2496 male
2904 2450 3158 2508 meretur,
3188 2440 3405 2511 perinde
3428 2439 3581 2510 quasi
3603 2454 3729 2495 vere
3755 2439 3845 2494 ille

2273 2532 2464 2588 divites
2487 2543 2753 2588 vereatur.
2778 2535 2847 2587 At
2866 2548 2993 2588 vero
3015 2548 3119 2588 non
3145 2532 3221 2586 sic
3244 2530 3555 2597 monaelms,
3579 2530 3668 2600 qui
3689 2529 3847 2586 simul

2273 2633 2332 2680 ut
2360 2634 2677 2695 conspectus
2707 2624 2890 2688 fuerit,
2915 2625 3094 2679 statim
3121 2633 3226 2678 tam
3249 2622 3501 2677 divitibus
3523 2635 3685 2691 quam
3715 2634 3846 2690 pau-

2272 2716 2490 2786 peribus
2518 2716 2716 2771 donum
2743 2716 2954 2786 aliquod
2979 2716 3228 2781 alferens,
3267 2714 3505 2784 utrisque
3532 2728 3684 2784 teque
3726 2728 3847 2767 mu-

2273 2807 2489 2863 niﬁcum
2532 2822 2590 2863 se
2629 2816 2867 2877 prmstat,
2915 2822 3022 2862 uno
3063 2815 3267 2861 tantum
3311 2806 3508 2860 amictu
3554 2814 3665 2859 toto
3707 2819 3849 2858 anno

2272 2909 2450 2966 utens,
2483 2907 2591 2954 tum
2617 2914 2807 2969 aquam
2841 2899 3089 2954 libentius
3115 2897 3322 2963 bibens,
3347 2913 3503 2968 quam
3530 2912 3847 2968 generosum

2272 2990 2455 3045 vinum
2491 2989 2620 3054 alii;
2672 3003 2770 3058 pro
2808 3003 2868 3044 se
2906 2989 3117 3059 quidem
3162 2988 3362 3043 nullam
3405 3004 3578 3058 neque
3605 3003 3846 3060 parvam,

2272 3094 2447 3150 neque
2473 3094 2718 3150 magnam
2741 3093 2773 3133 a
2796 3078 3046 3135 divitibus
3069 3080 3290 3150 gratiam
3323 3079 3618 3149 postulans,
3650 3095 3745 3149 pro
3769 3080 3850 3134 itt-

2272 3170 2576 3241 digentibus
2598 3179 2776 3226 autem
2807 3179 2916 3225 tum
2947 3171 3160 3238 multas,
3190 3179 3298 3226 tum
3326 3173 3626 3237 continuas,
3651 3186 3848 3242 easque

2274 3261 2514 3331 utrisque
2535 3260 2919 3327 conducentes,
2942 3261 3045 3316 ltoc
3067 3271 3169 3328 est,
3195 3271 3298 3316 tam
3327 3262 3391 3316 iis
3415 3262 3501 3332 qui
3529 3263 3844 3333 largiuntur,

2272 3366 2430 3421 quam
2460 3351 2526 3407 iis
2553 3352 2644 3423 qui
2669 3352 2943 3422 accepturi
2965 3360 3107 3407 sunt.
3140 3351 3230 3408 Sic
3256 3352 3336 3419 lit,
3369 3363 3427 3406 ut
3450 3367 3729 3407 comunem
3760 3353 3848 3407 ille

2273 3453 2394 3513 agat
2419 3443 2683 3499 medicum
2710 3442 2934 3499 divitum
2957 3442 3107 3514 juxta
3132 3452 3186 3498 et
3213 3442 3451 3512 itt0pum,
3475 3442 3592 3497 illos
3614 3443 3847 3512 peccatis

2273 3533 2504 3589 liberans
2532 3549 2630 3604 per
2655 3534 2849 3589 bonam
2899 3534 3341 3599 admonitionem,
3376 3532 3472 3587 hos
3495 3532 3564 3587 ab
3601 3532 3842 3602 indigen-

2273 3627 2345 3681 tia
2374 3627 2635 3682 eximcns.
2663 3627 2734 3681 At
2767 3621 2863 3681 rex
2910 3626 3103 3681 tributa
3132 3624 3256 3681 dum
3289 3624 3465 3678 minus
3503 3624 3683 3694 gravia
3725 3637 3847 3678 esse

2268 3725 2441 3797 jubet,
2482 3724 2735 3779 divitibus
2777 3722 2965 3794 magis,
3013 3736 3172 3792 quam
3217 3720 3536 3791 pauperibus
3582 3718 3699 3773 usui
3741 3727 3843 3773 est.

2273 3816 2418 3871 idem
2447 3815 2572 3870 dum
2600 3822 2786 3871 contra
2815 3813 2970 3878 facit,
3005 3828 3289 3882 paucarum
3327 3810 3631 3865 facultatum
3669 3809 3846 3864 domi-

2272 3923 2371 3962 nos
2412 3906 2558 3961 laedit
2598 3923 2611 3958 :
2652 3921 2776 3959 nam
2818 3904 2966 3959 diviti
3008 3911 3219 3958 tenuem
3257 3900 3544 3956 admodum
3585 3901 3845 3970 jacturam

2272 3996 2508 4052 attulerit
2547 3996 2864 4050 tributorum
2905 3994 3168 4049 acerbitas
3196 4010 3211 4048 :
3246 4001 3300 4047 at
3332 3992 3520 4048 eadem
3551 4006 3844 4062 pauperum

2271 4088 2459 4143 domos
2502 4095 2771 4156 tamquam
2819 4096 3025 4142 torrens
3069 4084 3354 4151 distrahit,
3394 4082 3523 4139 ﬂetu
3569 4085 3845 4154 complens

2274 4194 2452 4248 pagos,
2480 4192 2602 4232 cum
2628 4179 2839 4233 interim
2876 4192 3050 4247 neque
3069 4188 3317 4233 senectus
3340 4177 3406 4232 iis
3427 4176 3744 4255 miserabilis
3763 4187 3847 4233 est

2272 4271 2361 4340 qui
2400 4269 2593 4325 tributa
2615 4271 2854 4339 exigunt,
2893 4285 3067 4340 neque
3089 4270 3372 4325 mulierum
3394 4269 3644 4337 viduitas,
3673 4284 3844 4339 neque

2272 4361 2560 4417 liberorum
2599 4361 2838 4425 orbitas;
2879 4361 3117 4429 quinimo
3160 4372 3407 4430 proterve
3445 4361 3636 4431 agendi
3681 4361 3841 4415 ﬁnem

2271 4451 2477 4505 nullum
2508 4450 2582 4504 illi
2616 4449 2835 4514 faciunt,
2876 4464 3192 4504 communes
3219 4451 3434 4518 quidam
3462 4452 3694 4520 regionis
3738 4451 3839 4505 ho-

2273 4554 2413 4612 stes,
2457 4558 2577 4614 quze
2621 4543 2777 4598 tellus
2820 4528 3150 4611 nequaquam
3200 4541 3339 4606 tulit,
3385 4556 3447 4595 ea
3490 4542 3557 4595 ab
3595 4542 3846 4612 agricolis
3932 4540 3939 4547 ’

2269 4636 2563 4705 exigentes.

2342 4726 2397 4780 4.
2423 4722 2762 4793 Beneﬁcentt'a
2789 4721 3023 4775 monachi
3050 4722 3213 4791 major
3241 4722 3399 4793 regia.
3418 4724 3615 4793 «Age
3641 4739 3769 4781 vero
3791 4736 3847 4781 et

2270 4816 2401 4873 illud
2446 4817 2663 4885 insuper
2687 4814 3071 4879 examinemus,
3111 4829 3338 4884 quanam
3368 4814 3419 4869 in
3463 4824 3614 4884 parte
3654 4830 3841 4872 mona-

2270 4908 2425 4975 chus,
2465 4922 2566 4976 qua
2596 4914 2778 4962 contra
2803 4906 2857 4960 in
2883 4913 3033 4975 parte
3064 4920 3156 4960 rex
3189 4904 3413 4960 subditis
3442 4906 3713 4962 beneficus
3750 4908 3841 4964 sit.

2271 4997 2433 5068 Igitur
2458 4997 2548 5051 hic
2575 4995 2788 5067 quidem
2828 5011 3018 5050 aurum
3058 4995 3298 5066 largitur,
3343 4997 3429 5051 ille
3456 5013 3583 5052 vero
3623 4999 3843 5068 spiritus

2270 5089 2491 5159 gratiam
2521 5107 2533 5141 :
2566 5097 2824 5156 praeterea
2850 5085 2988 5140 idem
3012 5085 3099 5141 hic
3129 5087 3254 5141 dum
3290 5087 3463 5143 bonus
3499 5096 3582 5143 est
3611 5103 3840 5160 pauper-

2269 5189 2430 5235 tatem
2452 5178 2626 5242 soivit,
2654 5178 2741 5233 ille
2780 5185 2954 5230 autem
2997 5179 3203 5233 animas
3240 5178 3539 5234 daemonum
3565 5181 3841 5251 tyrannide

2268 5285 2551 5342 oppressas
2590 5269 2838 5340 precibus
2882 5268 3107 5323 liberat:
3134 5284 3197 5323 ac
3230 5269 3278 5323 si
3317 5271 3435 5340 quis
3474 5270 3609 5326 forte
3652 5272 3836 5340 hujus-

2267 5365 2412 5421 modi
2451 5364 2751 5419 calamitate
2792 5360 3096 5427 afﬂictetur,
3142 5362 3188 5415 is
3221 5376 3399 5432 regem
3439 5374 3703 5433 tamquam
3753 5364 3837 5417 in-

2266 5455 2443 5510 anime
2469 5453 2736 5524 quidpiam
2761 5453 3013 5522 praterit,
3039 5452 3105 5505 ad
3140 5451 3517 5506 monachorum
3543 5466 3665 5505 vero
3686 5450 3837 5506 habi-

2267 5545 2501 5601 taculum
2526 5543 2781 5613 confugit,
2817 5542 2966 5611 quasi
2992 5541 3080 5611 qui
3110 5542 3379 5609 conspecti
3408 5541 3514 5609 lupi
3549 5540 3738 5597 timore
3769 5541 3833 5592 ad

2265 5645 2568 5696 venatorem
2595 5632 2826 5705 gladium
2864 5647 3021 5688 manu
3056 5640 3349 5701 gestantem
3388 5631 3502 5699 fuga
3538 5629 3830 5698 coutcndit.

3750 228 3937 284 390v
