4124 6144
182 265 186 267 ~
265 230 367 284 illi

266 346 486 404 :litetiitti
515 342 653 414 quod
678 341 911 397 venatori
942 341 1170 412 gladius,
1197 340 1246 396 id
1289 354 1475 412 preces
1506 348 1629 396 sunt
1664 354 1851 394 mona-

268 440 378 493 rho
403 455 417 493 :
444 450 613 505 neque
641 449 769 489 sane
789 434 864 487 sic
888 434 1039 504 lupos
1059 433 1286 503 gladius,
1312 442 1368 486 ιιι
1389 431 1660 488 daemonas
1676 435 1853 502 justo-

278 545 395 585 rum
422 542 611 599 preces
639 536 856 581 terrent.
883 526 1063 595 Itaque
1088 542 1191 578 non
1222 540 1320 579 nos
1353 525 1515 579 modo
1544 525 1609 579 ad
1641 531 1856 580 sanctos

272 620 590 687 monachos,
636 619 760 674 dum
800 618 877 673 rei
907 632 1034 672 usus
1072 619 1324 688 postulat,
1367 617 1720 689 confugimus,
1761 616 1853 672 sed

284 712 363 767 vel
383 727 536 782 reges
559 711 654 781 ipsi
693 710 759 764 ad
798 710 1013 765 eosdem
1039 710 1088 763 in
1116 710 1446 779 temporibus
1486 707 1852 773 formidandis,

283 804 418 858 haud
452 804 608 859 aliter
636 818 791 872 quam
827 801 980 857 famis
1009 812 1251 871 tempore
1280 801 1648 856 mendicantes
1676 799 1740 854 ad
1770 800 1856 854 di-

281 899 445 949 vitum
486 893 677 949 domos
721 894 1048 965 confugiunt.
1095 894 1282 949 Nonne
1323 893 1508 950 Achab
1549 892 1856 949 Judzeorum

278 1001 373 1040 rex
400 1003 492 1056 per
513 985 708 1043 famem
732 996 784 1043 et
806 1003 1031 1042 annuum
1051 987 1328 1041 caritatem
1352 987 1404 1040 in
1429 987 1593 1042 llelim
1615 985 1859 1056 precibus

285 1093 434 1147 spem
464 1080 639 1149 posuit
665 1081 868 1135 suam?
909 1094 1087 1136 nonne
1109 1078 1368 1136 Ezechias
1397 1081 1415 1111 ι
1439 1080 1512 1151 (4.
1536 1078 1664 1149 Reg.
1686 1078 1777 1134 20.
1805 1080 1857 1149 l)

287 1169 410 1225 illud
442 1171 581 1225 idem
609 1171 913 1243 imperium,
943 1171 1089 1226 illum
1115 1171 1360 1226 eumdem
1388 1172 1742 1241 principatum
1766 1171 1860 1226 ob-

281 1263 475 1330 tinens,
515 1277 685 1333 aeger,
727 1277 790 1316 ac
823 1262 1040 1333 jamjam
1082 1263 1395 1329 moriturus,
1438 1262 1723 1316 instantem
1762 1261 1861 1316 sibi

287 1365 513 1410 mortem
552 1369 673 1409 cum
714 1355 939 1421 videret,
982 1354 1048 1409 ad
1089 1354 1404 1425 prephetam
1440 1354 1699 1425 confugit,
1741 1362 1861 1407 tan-

286 1460 442 1513 quam
469 1456 640 1501 morte
668 1445 1042 1515 potentiorem,
1074 1460 1138 1500 ac
1162 1447 1285 1501 vitze
1319 1444 1669 1516 largitorem?
1702 1443 1861 1515 Atqui

277 1538 424 1592 pello
443 1548 762 1608 erumpente
789 1537 1177 1609 Palat-suusque
1197 1537 1250 1591 in
1290 1546 1493 1592 tantum
1514 1537 1741 1592 adducta
1766 1550 1862 1605 pc-

284 1631 609 1694 riculum,~ut
628 1628 864 1685 funditus
884 1629 1178 1685 excidenda
1198 1640 1364 1695 esset,
1382 1628 1688 1685 Iudaeorum
1710 1642 1863 1698 reges

287 1722 506 1778 dimisso
532 1721 797 1790 exercitu,
820 1721 1055 1777 dimissis
1077 1720 1361 1790 peditibus,
1392 1719 1700 1789 sagittariis,
1725 1719 1866 1788 equi-

287 1815 447 1879 tibus,
476 1815 750 1881 A‘dueihus,
794 1814 1230 1877 centurionibus,
1274 1813 1339 1867 ad
1382 1813 1559 1867 Eliszei
1593 1826 1779 1881 preces
1807 1826 1866 1865 se

282 1914 607 1973 receperunt
632 1922 645 1957 :
670 1905 1049 1960 existimabant
1071 1904 1213 1960 enim
1243 1904 1333 1959 Dei
1358 1919 1574 1960 servum
1601 1903 1700 1957 sibi
1725 1903 1866 1957 mul-

288 2008 459 2049 tarum
491 1995 783 2067 myriadum
813 1997 979 2051 instar
1003 1997 1136 2051 fore.
1160 1994 1347 2050 Itidem
1371 2002 1426 2050 et
1458 1993 1713 2049 Ezechias
1750 2009 1864 2058 rex,

288 2086 428 2140 bello
455 2085 672 2141 Persico
695 2086 948 2152 instante,
977 2101 1097 2140 cum
1124 2085 1275 2140 urbis
1309 2084 1574 2140 excidium
1616 2082 1867 2138 immine—

288 2185 385 2241 ret,
410 2175 720 2247 civibusque
749 2175 837 2244 qui
860 2192 955 2247 pro
977 2176 1243 2233 manibus
1265 2183 1469 2229 starent
1494 2174 1603 2244 jam
1630 2183 1868 2228 tremen-

287 2268 444 2333 tibus,
476 2268 859 2333 metuentibus,
884 2283 948 2325 ae
973 2269 1193 2340 perinde
1220 2269 1523 2336 commotis,
1549 2275 1606 2323 ut
1628 2282 1867 2323 commo-

291 2361 404 2415 veri
448 2360 693 2416 homines
731 2362 951 2429 solent,
995 2363 1205 2433 quoties
1237 2363 1319 2417 vel
1361 2362 1559 2416 tonitru
1590 2360 1675 2417 vel
1715 2369 1870 2416 terrae

289 2463 492 2506 motum
531 2454 711 2508 omnia
752 2455 1078 2524 quatientem
1117 2462 1451 2525 exSpectant,
1496 2455 1645 2510 Isaiae
1685 2468 1870 2525 preces

289 2543 467 2597 multis
492 2543 777 2599 Persarum
814 2545 1048 2600 millibus
1089 2546 1358 2615 opposuit,
1386 2560 1558 2615 neque
1597 2559 1693 2600 sua
1723 2545 1868 2597 illum

289 2646 415 2701 spes
441 2631 646 2688 fefellit.
675 2633 807 2688 Nam
833 2635 989 2689 simul
1017 2645 1074 2689 ut
1096 2636 1356 2705 propheta
1386 2651 1578 2690 manus
1602 2635 1653 2689 in
1675 2636 1867 2689 caelum

288 2725 522 2791 sustulit,
547 2727 726 2782 statim
754 2727 891 2780 Deus
930 2727 1135 2799 sagittis
1165 2728 1361 2783 e-caelo
1400 2728 1869 2784 missisPrrsieum

291 2815 486 2869 bellum
527 2816 794 2884 confecit,
841 2833 996 2888 reges
1034 2819 1304 2886 erudiens,
1346 2836 1413 2875 eo
1449 2834 1510 2875 se
1551 2820 1670 2875 loco
1707 2820 1872 2890 ipsius

293 2909 568 2964 ministros
610 2908 809 2966 habere
846 2909 1063 2976 debere,
1111 2921 1168 2967 ut
1204 2926 1298 2968 eos
1335 2927 1526 2969 omnes
1562 2926 1872 2967 communes

290 3015 410 3056 esse
440 3011 598 3058 terra:
633 3012 939 3058 servatores
966 3003 1290 3070 existiment,
1327 3014 1386 3061 ut
1412 3005 1512 3061 hac
1533 3005 1746 3076 quidem
1784 3022 1873 3060 ra-

285 3096 437 3151 tione
491 3096 855 3163 cdoceantur,
906 3111 1002 3166 per
1043 3097 1312 3168 justorum
1360 3098 1763 3178 exhortationes
1807 3101 1871 3152 ad

293 3202 455 3243 omne
477 3188 671 3244 bonum
694 3198 855 3261 atque
878 3189 1170 3247 humanum
1190 3206 1325 3261 opus
1353 3192 1581 3257 invitati,
1607 3200 1716 3247 tum
1740 3206 1874 3247 con-

291 3280 408 3334 silia
428 3282 686 3349 revereri,
707 3290 817 3337 tum
840 3282 996 3338 bonis
1015 3282 1468 3339 admonitionibus
1482 3283 1872 3353 obtemperare.

296 3372 525 3428 Proinde
549 3388 655 3428 non
681 3389 747 3429 ex
784 3374 849 3428 iis
877 3374 1048 3429 solum
1074 3390 1192 3444 quae
1220 3374 1331 3430 dixi
1372 3374 1650 3446 utriusque
1682 3374 1876 3428 discri-

296 3477 416 3517 men
461 3478 789 3534 cognoscere
816 3464 974 3530 licet;
1006 3464 1101 3520 sed
1139 3464 1184 3519 si
1215 3480 1314 3520 usu
1340 3466 1549 3522 venerit
1573 3474 1626 3520 et
1656 3467 1795 3519 hunc
1825 3475 1879 3519 et

295 3553 443 3607 illum
486 3554 780 3621 deturbari,
825 3554 968 3611 hunc
1005 3555 1218 3626 quidem
1259 3556 1489 3623 virtute,
1522 3556 1668 3610 illum
1698 3553 1875 3612 autem

294 3662 461 3716 regno
490 3647 786 3716 privatum,
817 3648 905 3703 hic
924 3662 1094 3720 parvo
1133 3649 1421 3705 admodum
1461 3649 1676 3719 negotio
1714 3649 1779 3702 ad
1820 3663 1879 3703 se

296 3739 451 3803 redit,
478 3754 539 3793 ac
561 3741 738 3794 statim
764 3757 857 3810 per
885 3757 1090 3812 preces,
1121 3757 1213 3811 per
1242 3743 1527 3814 laerymas,
1558 3756 1654 3811 per
1679 3755 1879 3797 mosm-

299 3846 445 3897 rcm,
492 3847 591 3901 per
629 3848 919 3902 pauperum
951 3848 1167 3899 curam,
1211 3835 1446 3903 peccatis
1488 3833 1780 3899 abstersis,
1813 3832 1881 3888 de

305 3925 513 3991 integro
552 3921 705 3977 facile
735 3924 799 3977 ad
830 3924 1111 3994 pristinum
1142 3924 1492 3995 principatum
1533 3925 1779 3980 recurrit.
1812 3927 1881 3980 At

303 4028 395 4065 rex
441 4013 576 4065 Solio
612 4013 852 4081 dejectus
895 4030 1015 4069 cum
1063 4015 1235 4081 fuerit,
1276 4006 1396 4069 tum
1439 4014 1652 4070 demum
1699 4016 1879 4070 multis

301 4116 431 4158 sane
475 4104 635 4158 sociis
675 4105 906 4176 indiget,
947 4106 1129 4161 multis
1172 4107 1297 4162 item
1341 4107 1561 4163 armatis
1595 4107 1878 4176 militibus,

302 4189 475 4261 equis,
510 4194 768 4263 pecuniis,
798 4195 1050 4264 periculis
1080 4212 1093 4247 :
1123 4195 1355 4268 denique
1381 4196 1568 4252 salutis
1597 4210 1707 4252 sua:
1732 4212 1879 4269 Spem

302 4285 352 4336 in
375 4282 496 4338 aliis
521 4284 678 4338 sitam
707 4284 890 4339 habet.
912 4285 1203 4342 Monachus
1225 4301 1352 4342 vero
1371 4286 1596 4343 salutem
1634 4287 1894 4355 celeriter,

301 4376 560 4431 voluntati
591 4391 723 4443 suae,
762 4377 938 4455 studio
1000 4394 1061 4433 ac
1084 4381 1365 4436 sententia:
1403 4382 1685 4437 mutationi
1712 4383 1883 4436 comi-

302 4480 407 4521 tem
431 4467 712 4525 habiturus
739 4479 819 4525 est
846 4488 861 4526 :
884 4471 1115 4543 Regnum
1135 4474 1266 4528 enim
1290 4472 1551 4541 calorum,
1579 4462 1749 4544 inquit
1773 4475 1881 4542 ille,

296 4563 349 4612 in
393 4559 534 4615 vobis
578 4569 649 4615 est
677 4560 839 4635 (Luc.
870 4565 954 4618 i7.
984 4564 1047 4619 ει
1071 4565 1112 4636 ).
1144 4564 1263 4621 Jam
1305 4581 1451 4621 mors
1476 4568 1590 4638 regi
1625 4568 1885 4623 terribilis

298 4659 381 4705 est
403 4692 418 4717 ,
448 4652 634 4709 eadem
677 4653 996 4725 philosopho
1026 4656 1246 4712 minime
1289 4657 1511 4715 molesta
1546 4677 1559 4714 :
1590 4674 1712 4713 eum
1743 4660 1884 4713 enim

297 4742 387 4809 qui
413 4742 649 4811 divitias,
680 4744 1034 4816 voluptatem,
1074 4746 1317 4814 delicias,
1346 4764 1572 4820 quorum
1607 4752 1771 4820 gratia
1804 4751 1885 4804 vi-

307 4844 414 4887 tam
436 4835 641 4902 agitare
672 4835 825 4891 multi
848 4839 1252 4907 concupiscunt,
1279 4840 1526 4911 despicit,
1559 4857 1777 4898 necesse
1808 4851 1890 4897 est

300 4924 675 4994 migrationem
705 4927 774 4981 ab
803 4929 905 4983 hoc
928 4930 1061 4984 orbe
1089 4928 1226 4984 haud
1264 4947 1406 5000 aegre
1445 4932 1607 4988 ferre.
1650 4935 1801 5001 Quod
1842 4935 1888 4989 si

304 5030 356 5071 et
378 5016 519 5072 hunc.
554 5027 609 5073 et
636 5018 784 5074 illum
807 5019 1036 5090 jugulari
1068 5022 1389 5091 contigerit,
1421 5024 1506 5078 hic
1550 5027 1761 5096 quidem
1795 5042 1890 5096 pro

368 5232 392 5265 ς
424 5229 496 5281 sic
526 5223 720 5276 colslin.
755 5228 893 5274 recte
940 5219 1231 5284 Edit..vero,
1256 5235 1407 5274 nonne
1432 5226 1569 5275 Ozias
1591 5224 1616 5275 ."

970 226 1027 283 S.
1069 226 1346 283 JOANNIS
1386 221 1857 283 CHRYSOSTOMI
1898 223 2214 281 Aiillllli‘zl‘.
2256 228 2792 285 CONSTANTINOP.

3440 236 3542 291 399

1968 341 2162 410 pietate
2196 342 2431 411 pericula
2473 341 2575 397 sibi
2601 353 2859 410 accerset,
2903 344 3255 401 immortalem
3290 355 3346 401 et
3374 349 3542 402 coele-

1963 443 2097 486 stem
2126 433 2290 486 vitam
2317 441 2491 487 morte
2516 448 2612 488 sua
2639 448 2958 504 comparans
2991 450 3004 487 ε
3032 444 3087 489 at
3128 452 3222 490 rex
3262 446 3541 509 tyrannum

1962 522 2216 593 aliquem,
2237 532 2303 578 et
2327 538 2449 579 eum
2478 525 2566 595 qui
2609 524 2889 595 imperium
2930 525 3164 590 affectat,
3188 526 3543 597 jugulatorem

1965 628 2120 668 sumu
2148 614 2425 669 habiturus
2448 626 2551 682 est,
2595 616 2900 671 miserabile
2942 616 3189 688 idemque
3217 617 3544 674 horrendum

1964 717 2087 778 post
2107 707 2308 763 caedem
2337 710 2697 780 spectaculum
2717 724 2732 775 ;
2752 710 3073 766 monachum
3096 725 3224 765 vero
3241 727 3338 781 pro
3356 712 3546 783 pietate

1961 798 2259 870 iugulatum
2287 814 2529 865 cernere,
2560 800 2718 855 dulce
2743 808 2903 871 atque
2928 801 3163 856 salutare
3187 803 3547 871 spectaculum

1967 882 2068 945 est.
2096 891 2248 948 Adde
2283 892 2368 947 his
2390 891 2531 963 quod
2572 892 2865 948 monachus
2888 893 3152 949 bonorum
3177 909 3395 950 suorum
3418 895 3541 951 atie-

1967 991 2202 1037 ctatores
2254 982 2534 1039 habiturus
2584 992 2707 1049 est,
2751 985 3091 1041 mmulatores
3132 1000 3197 1040 ac
3236 985 3545 1056 discipulos,

1969 1075 2105 1129 bona
2142 1091 2205 1130 ex
2236 1086 2386 1146 parte
2426 1088 2851 1147 comprecantes,
2893 1090 2953 1132 ut
2991 1079 3158 1149 ipsius
3184 1079 3386 1133 similes
3413 1093 3540 1133 eva-

1968 1165 2096 1221 dant
2133 1182 2149 1222 :
2187 1177 2242 1221 at
2281 1183 2372 1223 rex
2417 1168 2612 1223 multos
2651 1169 2846 1224 frustra
2890 1169 2943 1224 iu
2987 1169 3236 1239 precibus
3277 1184 3553 1224 sermones

1971 1257 2331 1328 insumpserit,
2363 1259 2530 1313 Deum
2555 1275 2768 1330 rogans,
2796 1269 2851 1313 ut
2883 1275 3042 1315 nemo
3069 1261 3318 1328 exsistat,
3339 1261 3430 1330 qui
3464 1276 3552 1315 rc-

1968 1366 2130 1421 guum
2154 1350 2389 1407 aﬂcctet.
2416 1351 2686 1406 Prmterca
2718 1352 2866 1406 illum
2912 1353 3216 1407 interficere
3257 1352 3431 1406 nullus
3457 1367 3555 1405 au-

1971 1445 2115 1508 deat,
2139 1459 2260 1501 cum
2288 1444 2557 1501 existimet
2581 1445 2801 1515 impium
2843 1460 2905 1499 se
2943 1444 2997 1499 in
3022 1444 3186 1499 Deum
3218 1442 3475 1508 futurum,
3510 1443 3557 1497 si

1971 1553 2094 1593 eum
2117 1538 2429 1593 su‘stulerit:
2459 1537 2583 1593 huic
2602 1553 2731 1593 vero
2753 1537 2905 1592 multi
2930 1537 3260 1608 jugulatores
3280 1537 3554 1607 ing-ruunt,

1974 1630 2269 1700 tyrannidis
2293 1629 2653 1685 aﬂ‘ectatores.
2685 1629 3040 1696 Quamobrem
3067 1629 3206 1684 alter
3242 1630 3437 1684 milites
3457 1629 3556 1683 ad-

1974 1721 2120 1775 hibet
2165 1722 2408 1791 corporis
2458 1722 2540 1776 sui
2585 1721 2877 1787 custodes,
2924 1722 3061 1776 alter
3104 1721 3264 1776 urbes
3312 1722 3559 1791 precibus

1973 1815 2086 1868 suis
2133 1823 2403 1885 tamquam
2452 1794 2605 1869 muro
2650 1814 2981 1877 communit,
3026 1813 3293 1868 neminem
3337 1813 3555 1879 timens,

1973 1922 2094 1963 cum
2134 1924 2227 1963 rex
2254 1917 2513 1977 perpetuo
2552 1907 2602 1960 in
2633 1908 2844 1973 timore,
2889 1906 3140 1961 continua
3178 1906 3228 1959 in
3260 1906 3430 1959 caedis
3467 1921 3561 1960 ex-

1975 2001 2306 2072 spectatione
2326 2002 2465 2055 vivat
2491 2018 2505 2055 :
2533 2016 2714 2055 secum
2753 1999 2896 2054 enim
2935 1998 3246 2055 circumfert
3281 1999 3558 2052 avaritiam

1975 2092 2355 2164 perirulosam,
2390 2107 2495 2161 pro
2533 2104 2639 2161 qua
2677 2088 2973 2145 monachus
3014 2098 3181 2144 tutam
3224 2103 3333 2159 prae
3374 2103 3432 2143 se
3459 2087 3561 2142 fert

1976 2184 2223 2238 salutem.

2047 2273 2320 2345 Compara!
2348 2291 2459 2327 rum
2490 2291 2605 2344 rege
2650 2275 2949 2328 monachum
2991 2275 3040 2327 in
3087 2274 3147 2326 iis
3192 2283 3305 2341 quia
3351 2282 3559 2326 mortem

1977 2376 2269 2435 sequuntur.
2294 2395 2366 2405 —-
2393 2365 2621 2420 Proinde
2648 2366 2715 2421 de
2743 2367 2903 2421 rebus
2928 2380 3049 2435 qum
3088 2378 3185 2418 nos
3221 2365 3271 2417 iu
3314 2364 3560 2433 put-senti

1976 2457 2082 2512 vita
2110 2456 2510 2512 circumsistunt
2539 2456 2752 2512 abunde
2781 2456 2907 2510 mihi
2941 2455 3142 2510 dixisse
3173 2454 3375 2508 videor.
3406 2451 3562 2521 Quod

1977 2549 2023 2603 si
2058 2558 2112 2604 et
2149 2556 2418 2604 certamen
2466 2547 2698 2602 futurum
2740 2547 3049 2601 examinare
3086 2546 3329 2609 velimus,
3374 2560 3563 2598 mona-

1976 2641 2136 2695 chum
2179 2640 2391 2711 quidem
2417 2638 2716 2693 videbimus
2740 2637 3079 2708 splendidum
3110 2651 3174 2691 ac
3215 2636 3563 2706 conspicuum

1978 2732 2090 2801 rapi
2120 2732 2261 2785 inter
2287 2730 2457 2785 nubes
2478 2730 2545 2784 ad
2571 2745 2853 2785 occursum
2875 2729 3073 2784 Christi
3113 2729 3165 2782 in
3193 2743 3339 2791 aera,
3378 2743 3562 2782 exem-

1981 2824 2069 2896 plo
2095 2824 2247 2879 ducis
2267 2833 2323 2879 et
2345 2823 2666 2878 iustitutoris
2682 2822 2848 2891 huius
2876 2822 2999 2876 vitrc
3024 2821 3272 2877 salutaris
3295 2821 3564 2875 omnium-

1980 2933 2085 2986 quc
2126 2920 2404 2972 virtutum.
2450 2918 2519 2970 At
2554 2931 2683 2981 rex,
2727 2914 2774 2970 si
2811 2914 3026 2986 quidem
3063 2915 3206 2984 juste
3243 2924 3297 2969 et
3337 2915 3567 2966 humane

1981 3009 2265 3079 imperium
2308 3008 2513 3063 rexisse
2534 3007 2680 3061 visus
2721 3006 2879 3061 fuerit
2917 3021 3073 3061 suum
3102 3004 3229 3072 (hoc
3252 3014 3429 3059 autem
3468 3003 3566 3056 ad-

1982 3092 2201 3158 modum
2243 3116 2419 3156 rarum
2459 3099 2624 3171 est),
2676 3100 2937 3153 minorem
2993 3098 3219 3151 salutem
3245 3138 3260 3162 ,
3304 3096 3565 3150 minorem

1982 3194 2240 3247 honmem
2281 3193 2536 3247 sortietur
2570 3208 2584 3244 :
2623 3206 2727 3245 non
2770 3190 2913 3244 enim
2954 3190 3114 3252 idem,
3154 3204 3283 3253 non,
3329 3188 3564 3257 inquam,

1965 3275 2124 3338 Iidem
2158 3283 2336 3345 fuerit,
2368 3285 2539 3336 bonus
2566 3295 2678 3343 rex,
2703 3289 2757 3334 et
2786 3280 3079 3333 monachus
3108 3294 3371 3333 summam
3399 3279 3450 3334 in
3476 3279 3568 3333 Dei

1977 3378 2124 3432 cultu
2150 3392 2332 3431 curam
2375 3389 2599 3444 ponens.
2633 3372 2726 3427 Sin
2754 3380 2933 3426 autem
2973 3370 3170 3425 malum
3212 3380 3263 3425 et
3305 3369 3567 3444 importu-

1984 3485 2110 3524 num
2134 3468 2331 3522 vixisse
2370 3482 2491 3521 eum
2521 3466 2848 3527 constiterit,
2885 3478 2950 3519 ac
2989 3462 3169 3518 multis
3206 3460 3360 3516 malis
3382 3460 3569 3516 orbem

1985 3561 2293 3630 replevisse,
2335 3558 2454 3627 quis
2496 3557 2712 3611 tandem
2748 3570 3002 3610 enarrare
3029 3553 3201 3632 possit
3235 3551 3569 3608 calamitates

1985 3669 2076 3708 cas
2097 3668 2229 3724 quas
2254 3651 2521 3706 sustinere
2541 3664 2664 3704 eum
2688 3648 2911 3711 videbis,
2956 3647 3062 3717 igni
3086 3654 3358 3709 exustum,
3386 3644 3567 3715 ﬂagel-

1986 3746 2174 3811 latum,
2213 3742 2527 3806 cruciatum,
2567 3740 2800 3810 denith
2833 3754 2894 3794 ea
2922 3739 3230 3808 patientem,
3255 3752 3374 3806 qua:
3398 3751 3571 3805 neque

1989 3837 2153 3892 verbo
2176 3834 2421 3905 exprimi,
2448 3848 2621 3904 neque
2652 3846 2710 3886 re
2749 3831 2862 3901 ipsa
2894 3829 3105 3885 tolerari
3144 3827 3408 3899 possunt?
3450 3826 3574 3880 Haec

1987 3928 2163 3983 omnia
2191 3934 2521 3997 reputantes,
2548 3934 2706 3995 atque
2728 3922 3048 3988 ediscentes,
3075 3934 3181 3974 non
3202 3927 3412 3988 Oportet
3430 3916 3569 3971 divi-

1988 4030 2069 4075 tes
2109 4018 2361 4074 admirari
2403 4033 2418 4074 :
2460 4017 2654 4072 etenim
2701 4022 2911 4069 constat
2962 4012 3150 4066 horum
3193 4009 3467 4064 dominum
3507 4022 3575 4061 ne

1989 4111 2252 4166 tantillum
2274 4109 2490 4180 quidem
2514 4107 2581 4163 ad
2616 4106 2860 4162 monachi
2896 4104 3142 4157 virtutem
3172 4101 3390 4170 propius
3415 4113 3570 4153 acce-

1987 4204 2135 4259 dere.
2178 4203 2319 4274 Ergo
2358 4202 2447 4258 ubi
2485 4200 2832 4270 eonspcxeris
2875 4197 3093 4251 divitem
3121 4203 3268 4249 veste
3308 4201 3571 4255 ornatum,

1990 4312 2121 4351 auro
2143 4294 2454 4366 superbum,
2478 4308 2637 4347 curru
2660 4300 2890 4352 vectum,
2919 4289 3131 4342 incessu
3168 4285 3450 4355 magniﬁco
3489 4283 3572 4337 in—

1991 4387 2292 4453 cedentem,
2319 4400 2385 4440 ne
2422 4384 2695 4439 hominem
2725 4381 2938 4438 beatum
2978 4378 3217 4433 dixeris:
3243 4374 3576 4446 temporaria:

1992 4481 2135 4535 enim
2170 4477 2391 4543 divitiae,
2434 4484 2488 4531 et
2525 4473 2778 4547 quicquid
2821 4472 3023 4528 bonum
3055 4485 3175 4527 esse
3202 4468 3432 4533 videtur,
3476 4482 3576 4519 una

1991 4587 2112 4626 cum
2136 4571 2241 4624 vita
2264 4568 2366 4623 hac
2389 4566 2776 4636 corrumpitur.
2810 4564 2878 4618 At
2914 4561 3232 4618 monachum
3271 4560 3363 4615 ubi
3385 4557 3578 4612 videtis

1993 4662 2163 4718 solum
2197 4660 2556 4725 incedentem,
2597 4657 2878 4721 humilem,
2918 4650 3277 4716 mansuetum,
3316 4650 3575 4729 quietum,

1994 4753 2294 4826 paciﬁcum,
2332 4751 2609 4806 hominem
2652 4748 2923 4809 simulare,
2966 4745 3048 4800 fac
3091 4745 3304 4798 videare
3344 4742 3578 4796 imitator

1994 4844 2347 4919 philosophia:
2385 4845 2573 4915 ipsius,
2612 4841 2698 4898 fac
2738 4840 2972 4912 preceris
3011 4854 3133 4893 esse
3167 4836 3297 4907 justi
3343 4834 3533 4888 similis
3564 4850 3576 4886 :

1997 4936 2162 4993 Petita
2196 4938 2360 5001 enim,
2405 4935 2611 5006 inquit,
2662 4942 2707 4987 et
2754 4930 2955 4985 dabitur
2998 4929 3135 4981 vobis
3182 4926 3259 4998 (Μ
3277 4926 3390 4979 mh.
3416 4927 3469 4979 7.
3498 4925 3577 4991 7).

1998 5031 2125 5085 Haec
2171 5029 2313 5085 enim
2361 5043 2490 5083 vere
2534 5032 2661 5081 sunt
2710 5024 2886 5085 bona,
2948 5018 3227 5084 salutaria,
3278 5015 3577 5078 manentia,

1999 5131 2218 5193 propter
2252 5119 2451 5177 Christi
2491 5116 2870 5187 benignitatem
2910 5128 2972 5166 ac
3009 5109 3399 5182 providentiam
3444 5123 3457 5159 :
3494 5104 3577 5160 cui

2005 5216 2169 5286 gloria
2198 5223 2250 5271 et
2278 5211 2560 5282 imperium
2589 5225 2681 5283 per
2703 5205 2894 5265 swcula
2918 5203 3256 5269 sa-culorum,
3285 5198 3479 5253 Amen.
