4124 6144
351 383 446 437 391

349 499 459 549 τῶν
471 495 716 550 δικαίων.
738 495 811 549 Οὐ
832 492 1008 547 τοίνυν
1041 493 1199 565 μόνον
1222 495 1382 565 ἡμεῖς
1410 492 1547 564 πρὸς
1562 493 1687 555 τοὺς
1719 490 1904 559 ἁγίους
1936 504 2032 559 μο-

350 584 550 654 ναχούς
579 584 640 636 ἐν
669 585 790 647 ταῖς
820 583 1033 654 χρείαις
1058 581 1497 652 καταφεύγομεν,
1532 579 1666 633 ἀλλὰ
1689 578 1784 632 καὶ
1811 578 1858 629 οἱ
1881 575 2035 645 βασι-

349 670 462 734 λεῖς
476 671 633 725 αὐτοὶ
658 670 795 742 πρὸς
823 669 1046 733 τούτους
1070 668 1508 739 καταφεύγουσιν
1551 670 1610 721 ἐν
1634 668 1846 738 καιροῖς
1870 662 2035 734 φοϐε-

353 760 488 831 ροῖς,
539 758 730 829 ῶσπερ
782 760 833 811 οἱ
878 757 1250 829 πτωχεύοντες
1300 759 1359 811 ἐν
1398 757 1543 828 λιμῷ
1580 755 1718 829 πρὸς
1773 755 1873 816 τὰς
1927 751 2035 807 τῶν

355 845 628 902 πλουσίων
660 846 859 911 οἰκίας.
888 847 1004 901 Οὐκ
1019 846 1245 917 Ἀχαάὀ,
1275 848 1304 900 ό
1333 846 1443 899 τῶν
1467 845 1736 899 Ἰουδαίων
1761 841 2036 914 βασιλεὺς,

354 938 412 989 ἐν
434 934 581 1006 λιμῷ
616 936 711 989 καὶ
736 933 972 1006 σιτοδείᾳ
989 933 1085 1004 τὴν
1105 933 1298 988 ἐλπίδα
1326 935 1424 1005 τῆς
1441 930 1879 1006 σωτηρίαςμΞΟ]
1894 926 2039 1000 εἶχεν

357 1026 416 1078 ἐν
451 1025 573 1088 ταῖς
588 1022 768 1076 Ἠλίου
786 1024 1116 1094 προσευχαῖς
1132 1038 1146 1087 ;
1167 1023 1268 1075 οὐκ
1294 1020 1543 1086 Ἐζεκίας
1557 1033 1582 1063 ι
1600 1022 1698 1091 τὴν
1716 1021 1885 1091 αὐτὴν
1904 1018 2039 1089 έχων

359 1112 535 1183 ἀρχὴν
577 1112 672 1165 καὶ
695 1111 1035 1175 δυναστείαν,
1074 1110 1247 1165 νοσῶν
1277 1112 1370 1165 καὶ
1405 1110 1615 1181 μέλλων
1642 1109 1918 1179 τελευτᾷν,
1949 1109 2043 1175 ἐφ-

358 1199 631 1271 εστηκότα
646 1199 738 1253 τὸν
752 1198 980 1253 θάνατον
1001 1198 1162 1271 ὁρῶν,
1178 1199 1270 1252 ἐπὶ
1281 1199 1373 1252 τὸν
1399 1199 1688 1268 προφήτην
1712 1197 2040 1267 κατέφυγεν,

357 1284 435 1351 ώς
462 1287 697 1342 θανάτου
723 1286 1095 1359 δυνατώτερον
1109 1286 1202 1341 καὶ
1221 1286 1368 1357 ζωῆς
1396 1286 1635 1358 χορηγόν
1654 1303 1668 1351 ;
1698 1286 1810 1340 Καὶ
1829 1286 1935 1355 μὴν
1951 1284 2045 1336 καὶ

363 1373 599 1439 πολέμου
620 1373 1083 1446 καταρραγέντος,
1114 1373 1319 1443 καὶτῆς
1345 1373 1709 1442 Παλαιστίνης
1736 1374 1800 1426 ἐκ
1829 1371 2046 1443 βάθρων

363 1459 546 1515 αὐτῶν
572 1460 992 1532 άνασπασθῆναι
1008 1461 1442 1533 κινδυνευούσης,
1460 1462 1510 1515 οἱ
1532 1461 1640 1515 τῶν
1656 1460 1924 1515 Ἰουδαίων
1952 1459 2048 1531 βα-

366 1549 552 1613 σιλεῖς,
576 1550 808 1618 ἀφέντες
829 1551 928 1622 τὴν
945 1549 1226 1621 στρατιάν,
1257 1550 1352 1603 καὶ
1373 1550 1573 1615 πεζοὺς
1589 1551 1684 1605 καὶ
1705 1550 1927 1616 τοξότας
1954 1551 2048 1604 καὶ

366 1638 569 1702 ἱππέας
586 1639 680 1692 καὶ
697 1640 1038 1711 στρατηγοὺς
1056 1638 1147 1692 καὶ
1161 1638 1505 1711 ταξιάρχους,
1524 1640 1616 1692 ἐπὶ
1631 1638 1729 1703 τάς
1745 1639 2047 1693 Ἐλισσαίου

365 1724 677 1798 προσευχάς
721 1726 1064 1795 κατέφυγονο
1110 1725 1343 1797 ἡγοῦντο
1383 1727 1491 1799 γάρ
1534 1729 1718 1791 αὐτοῖς
1769 1728 1891 1781 ἀντὶ
1924 1729 2052 1781 πολ-

363 1814 476 1868 λῶν
531 1815 808 1886 μυριάδων
840 1814 1060 1868 ἔσεσθαι
1095 1814 1187 1868 τὸν
1232 1815 1540 1887 θεράποντα
1574 1815 1667 1870 τοῦ
1700 1815 1858 1871 Θεοῦ.
1890 1817 1964 1870 Τὸ
1996 1817 2052 1870 δέ

367 1902 499 1956 αὐτὸ
525 1902 686 1955 τοῦτο
732 1901 828 1955 καὶ
867 1901 1136 1968 Ἐζεκίας,
1179 1901 1273 1956 τοῦ
1313 1903 1340 1943 ιι
1365 1903 1634 1975 Περσικοῦ
1665 1903 1902 1975 πολέμου
1955 1921 2052 1956 συ-

371 1990 618 2055 στάντος,
652 1989 748 2043 καὶ
775 1989 876 2061 τῆς
916 1990 1125 2055 πόλεως
1157 1991 1286 2063 περὶ
1317 1990 1426 2046 τῶν
1465 1991 1675 2062 ἐδάφων
1700 2002 1722 2031 ο
1761 1992 1940 2046 αὐτῶν
1975 1994 2053 2057 εἰς

371 2077 611 2132 κίνδυνον
629 2076 883 2147 μέγιστον
923 2078 1219 2133 κατακεκλι
1227 2079 1415 2150 μένης,
1434 2081 1527 2132 καὶ
1542 2079 1651 2132 τῶν
1674 2081 1766 2134 ἐπὶ
1781 2080 1858 2150 τῷ
1884 2080 2054 2150 τείχει

368 2165 685 2238 τρεμόντων
730 2166 827 2220 καὶ
868 2165 1186 2221 δεδοικότων
1229 2168 1324 2222 καὶ
1359 2168 1677 2239 σειομένων,
1718 2168 1972 2240 καθάπερ
1997 2169 2057 2223 ἐν

371 2253 670 2325 προσδοκία
723 2252 973 2327 βροντῆς,
1028 2255 1061 2327 ἢ
1105 2255 1331 2327 σεισμοῦ
1387 2256 1566 2310 πάντα
1610 2256 1908 2322 κινοῦντος,
1961 2257 2058 2322 τὰς

385 2342 611 2396 Ἡσαΐου
665 2343 974 2416 προσευχὰς
1002 2347 1031 2398 ό
1057 2344 1311 2416 βασιλεὺς
1340 2347 1637 2418 άντέστησε
1672 2350 1791 2412 ταῖς
1835 2348 2057 2411 πολλαῖς

375 2430 486 2483 τῶν
515 2430 741 2503 Περσῶν
761 2432 988 2503 μυριάσι
1007 2449 1022 2464 '
1044 2435 1136 2487 καὶ⁴
1153 2436 1256 2489 οὐκ
1279 2434 1515 2508 ἐψεύσθη
1535 2437 1633 2507 τῆς
1654 2437 1888 2500 ἐλπίδος.
1910 2438 2061 2508 ’Ἅμα

372 2535 435 2571 τε
475 2516 585 2589 γὰρ
621 2519 649 2571 ό
698 2520 987 2592 προφήτης
1035 2520 1135 2585 τὰς
1177 2526 1364 2593 χεῖρας
1401 2519 1536 2596 ἦρεν
1568 2527 1647 2588 είς
1686 2524 1778 2578 τὸν
1812 2525 2059 2596 οὐρανὸν,

376 2605 614 2670 καὶτοῖς
650 2605 710 2673 ἐξ
737 2606 965 2679 ούρανοῦ
1012 2608 1225 2678 βέλεσιν
1264 2614 1292 2665 6
1333 2611 1466 2675 Θεὸς
1500 2613 1591 2666 τὸν
1636 2613 1903 2683 Περσικὸν
1933 2630 2064 2666 κατ-

377 2692 534 2748 έλυσε
560 2692 819 2764 πόλεμον,
849 2694 1119 2751 παιδεύων
1152 2699 1281 2761 τοὺς
1320 2699 1560 2770 βασιλεῖς
1594 2702 1807 2765 κοινοὺς
1835 2702 1935 2772 τῆς
1963 2703 2065 2772 γῆς

382 2780 636 2851 ἡγεῖσθαι
678 2781 932 2853 σωτῆρας
981 2784 1109 2849 τοὺς
1149 2786 1341 2841 ἐαυτοῦ
1395 2786 1754 2860 θεράποντας,
1812 2790 1959 2855 ὅπως
2001 2790 2066 2843 ἂν

380 2867 762 2936 παιδευθεῖεν,
820 2874 914 2923 καὶ
965 2874 1443 2945 παρακαλούμενοι
1491 2878 1641 2949 παρὰ
1685 2878 1795 2931 τῶν
1844 2879 2067 2933 δικαίων

380 2957 475 3009 ἐπὶ
515 2957 698 3010 πᾶσαν
732 2957 932 3029 πρᾶξιν
965 2960 1177 3033 ἀγαθὴν
1218 2966 1309 3017 καὶ
1352 2965 1753 3036 φιλάνθρωπον,
1801 2967 2068 3021 αἰδεῖσθαι

383 3042 484 3133 τάς
515 3042 869 3133 συμϐουλίας,
904 3048 999 3100 καὶ
1027 3049 1311 3133 πείθεσθαι
1341 3055 1458 3118 ταῖς
1487 3053 1717 3122 ἀγαθαῖς
1744 3055 2065 3121 νουθεσίαις.

383 3130 459 3183 Οὐ
490 3131 673 3183 τοίνυν
730 3133 794 3185 ἐκ
829 3134 1035 3189 τούτων
1083 3130 1244 3208 μόνον
1294 3139 1496 3196 ἔστιτὸ
1522 3142 1779 3214 διάφορον
1816 3144 1943 3198 ἰδεῖν
1966 3146 2085 3216 ἀμ·-

386 3216 705 3290 φοτέρωνδ,
752 3220 890 3274 ἀλλά
927 3223 1029 3293 κᾶν
1079 3227 1335 3282 ἐκπεσεῖν
1377 3229 1558 3300 συμϐῇ
1601 3230 1696 3283 καὶ
1735 3230 1923 3285 τοῦτον
1968 3233 2069 3286 κά-

386 3307 588 3368 κεῖνον,
618 3305 710 3358 τὸν
747 3307 847 3378 μὲν
892 3309 994 3380 τῆς
1024 3313 1247 3385 ἀρετῆς,
1284 3314 1373 3369 τὸν
1411 3316 1466 3369 δὲ
1507 3321 1607 3390 τῆς
1648 3317 1926 3389 βασιλείας
1958 3338 2075 3374 στεο

391 3392 649 3464 ρηθέντα,
680 3394 709 3446 6
750 3394 851 3465 μὲν
884 3398 1081 3470 ῥᾳδίως
1127 3401 1192 3455 ἂν
1232 3403 1427 3457 ἐαυτοῦ
1464 3405 1695 3473 γένοιτο,
1731 3409 1826 3462 καὶ
1864 3409 2082 3480 ταχέως

388 3481 476 3534 διὰ
504 3484 813 3554 προσευχῆς
857 3486 952 3538 καὶ
983 3486 1233 3560 δακρύων
1261 3492 1356 3545 καὶ
1395 3492 1623 3556 πένθους
1648 3496 1742 3549 καὶ
1777 3494 2074 3566 θεραπείας

393 3567 627 3638 πτωχῶν
650 3570 747 3633 τὰς
775 3572 1049 3643 ἁμαρτίας
1074 3577 1534 3651 ἀποτριψάμενος,
1569 3581 1728 3636 πάλιν
1758 3584 1956 3655 ῥᾳδίως
1982 3585 2085 3639 ἐπὶ.

390 3656 490 3725 τὴν
537 3657 810 3729 προτέραν
853 3661 1029 3735 ἀρχὴν
1065 3665 1382 3739 ἀνατρέχει·
1419 3669 1668 3739 βασιλεὺς
1717 3672 1774 3725 δὲ
1826 3672 2077 3728 ἐκπεσὼν

395 3743 604 3801 πολλῶν
647 3747 745 3817 μὲν
777 3747 844 3802 ἂν
883 3750 1100 3823 δεηθείη
1142 3756 1466 3827 συμμάχων,
1500 3759 1708 3813 πολλῶν
1754 3760 1810 3814 δὲ
1843 3762 2077 3817 ὁπλιτῶν

397 3833 494 3885 καὶ
532 3833 746 3888 ἱππέων
790 3836 884 3889 καὶ
927 3832 1108 3894 ἵππων
1151 3843 1247 3896 καὶ⁸
1293 3846 1591 3917 χρημάτων
1642 3849 1737 3902 καὶ
1782 3849 2074 3904 κινδύνων

397 3919 492 4010 καὶ
523 3921 551 3972 ό
594 3920 695 4010 μὲν
731 3922 871 3989 ὅλως
912 3928 971 3980 ἐν
999 3929 1206 4002 ἐτέροις
1266 3932 1379 4005 ἔχει
1409 3935 1510 4005 τὴν
1539 3937 1733 3992 ἐλπίδα
1769 3940 1870 4010 τῆς
1903 3957 2080 4010 σωτη-

401 4006 523 4098 ρίας
544 4024 556 4037 ·
652 4008 710 4063 δὲ
732 4014 798 4083 τῇ
828 4012 1080 4087 βουλήσει
1108 4020 1201 4073 καὶ
1227 4024 1294 4093 τῇ
1336 4024 1539 4096 σπουδῇ
1575 4025 1669 4078 καὶ
1711 4030 1779 4098 τῇ
1808 4006 2079 4098 μεταϐολῇ

398 4095 499 4166 τῆς
529 4095 756 4169 γνώμης
795 4102 1069 4176 ἑπομένην
1117 4106 1225 4173 ἔξει
1265 4110 1365 4181 τὴν
1400 4113 1675 4184 σωτηρίαν
1728 4095 1960 4180 εὐθέως·

395 4184 686 4274 ,ϐαο-ιλεία
707 4191 819 4260 γὰρ
838 4232 850 4254 ,
886 4195 1040 4264 φησὶ,
1072 4195 1193 4250 τῶν
1228 4199 1504 4267 οὐρανῶν
1533 4202 1708 4269 ἐντός
1741 4204 1905 4274 ὑμῶν
1929 4207 2078 4260 ἐστι.

401 4272 514 4325 Καὶ
545 4277 661 4363 ’μὴν
697 4277 727 4329 ό
756 4278 985 4346 θάνατος
1027 4283 1106 4355 τῷ
1138 4285 1238 4357 μὲν
1278 4288 1491 4359 βασιλεῖ
1524 4272 1785 4363 φοϐερὸς.-
1811 4292 1889 4363 τῷ
1934 4293 2084 4362 φιλο-

406 4361 657 4429 σοφοῦντι
682 4364 739 4419 δέ
769 4367 1005 4436 ἄλυπος·
1040 4374 1133 4427 τὸν
1182 4375 1293 4449 γάρ
1327 4361 1681 4452 ὑπερορῶντα
1716 4361 1955 4435 πλούτου
1989 4383 2083 4436 καὶ

472 4472 830 4550 :rS‘icjloislin:
857 4486 1175 4550 rgcte._Edit.
1203 4502 1321 4539 vero
1340 4492 1429 4540 οὐκ
1461 4491 1635 4550 Ὀζίας.

446 4532 836 4623 ρὲςὲἓέἱὲςξιξέ
880 4532 1455 4623 Ἐξεά.ίοῖτῖ’έέτόίῆ,ἓτὶ·”·ἱ‹ἶῡ
1477 4532 1726 4623 ῑοῖρᾜιρκ
1759 4561 1860 4623 περὶ
1892 4559 1986 4606 τῶν
2011 4559 2078 4609 εδ.

403 4598 867 4679 αὐῖῶγλέχωνιώσης
878 4598 1049 4679 καλεῖς
1067 4598 1186 4659 ius.
1344 4598 1770 4679 ςξ

474 4658 498 4734 ζ
515 4658 707 4734 ροιειιιρ.
729 4658 937 4734 φὶς»,
956 4658 1158 4734 ἐδάφων.

472 4714 501 4760 ει
522 4720 722 4773 εοιειιη.
745 4714 997 4796 ww;

1494 370 1939 433 COMPARATIO
1977 368 2183 426 REGIS
2227 367 2311 421 ΕΤ
2348 364 2679 435 MONACHL

3713 358 3817 416 59?}.

2138 500 2328 572 ἡδονῆς
2362 500 2455 551 καὶ
2486 499 2714 569 τρυφῆς,
2750 489 2824 550 ὧν
2874 496 3035 550 ἕνεκα
3067 494 3165 565 ζῇν
3196 493 3553 557 ἐπιθυμοῦσιν
3605 491 3652 546 οι
3688 491 3819 545 πολ-

2142 588 2245 649 λοὶ,
2292 587 2387 641 καὶ
2437 585 2534 656 τὴν
2580 584 2791 638 ἐνθένδε
2850 581 3179 654 μετάστασιν
3226 588 3438 653 ἀνάγκη
3484 582 3685 653 ωδῖως
3724 580 3819 650 φέ-

2144 691 2277 747 ρειν.
2320 674 2383 727 Εί
2411 673 2468 728 δὲ
2507 674 2601 726 καὶ
2641 674 2914 743 σφαγῆναι
2947 669 3134 725 τοῦτον
3184 685 3419 741 ευμοαιη
3479 676 3754 730 κάκεῖνον,
3792 671 3820 721 6

2143 763 2242 833 μὲν
2274 762 2415 832 ὑπὲρ
2467 760 2752 824 εὐσεϐείας
2795 760 3157 815 ἐπισπάσεται
3200 758 3499 821 κινδύνους,
3550 756 3821 811 ἀθάνατον

2141 848 2286 921 ζωὴν
2322 850 2419 904 καὶ
2445 848 2697 919 οὐράνιον
2732 846 2821 902 διὰ
2859 848 3093 902 θανάτου
3131 846 3659 918 πραγματευόμενος
3681 862 3692 873 ·
3730 843 3822 913 βα-

2122 938 2323 1001 σιλεὺς
2344 936 2401 989 δὲ
2422 936 2683 1008 τύραννον
2708 934 2818 1002 ἕξει
2849 936 3061 1005 σφαγέα
3100 936 3193 989 καὶ
3215 937 3312 1006 τῆς
3351 934 3527 1007 ἀρχῆς
3563 932 3821 1004 ἐραστὴν,

2144 1024 2374 1078 ἐλεεινὸν
2405 1024 2584 1093 Θέαμα
2610 1025 2706 1077 καὶ
2732 1023 2903 1077 δεινὸν
2948 1025 3086 1095 μετά
3116 1024 3214 1093 τὴν
3261 1022 3476 1092 σφαγὴν
3504 1021 3789 1089 γινόμενος
3808 1036 3829 1051 '

2147 1113 2382 1183 μοναχὸν
2416 1112 2474 1165 δὲ
2527 1112 2652 1166 ἰδεῖν
2682 1112 2824 1182 ὑπὲρ
2862 1111 3145 1173 εὐσεϐείας
3190 1109 3535 1179 ἐσφαγμένον
3585 1107 3683 1179 ἡδὺ
3731 1108 3828 1160 καὶ

2147 1205 2413 1274 σωτήριον
2453 1202 2650 1273 θέαμα.
2684 1202 2795 1255 Καὶ
2821 1202 2850 1254 ό
2898 1202 2995 1272 μὲν
3042 1203 3167 1264 τοὺς
3198 1199 3434 1271 ἐραστάς
3465 1198 3575 1251 τῶν
3610 1196 3828 1251 οἰκείων

2146 1289 2365 1358 ἀγαθῶν
2398 1291 2491 1344 καὶ
2529 1290 2773 1361 μιμητὰς
2819 1288 2930 1354 ἕξει
2971 1290 3067 1342 καὶ
3105 1287 3351 1359 μαθητὰς
3403 1286 3633 1348 πολλοὺς
3673 1286 3831 1355 εὐχοε

2152 1378 2344 1448 μένους
2378 1377 2528 1442 αύτῴ
2574 1377 2810 1447 φανῆναι
2846 1376 3261 1447 παραπλησίους
3288 1391 3301 1406 ·
3330 1374 3359 1427 ό
3407 1374 3463 1428 δέ
3498 1371 3739 1454 πολλοὺς
3764 1372 3831 1426 ἂν

2149 1467 2207 1518 ἐν
2244 1466 2577 1535 προσευχαῖς
2629 1463 2958 1519 ἀναλώσειεν
3005 1463 3197 1532 λόγους
3251 1461 3502 1533 δεόμενος
3552 1460 3647 1514 τοῦ
3696 1461 3831 1515 Θεοῦ

2155 1551 2362 1623 μηδένα
2395 1553 2628 1623 φανῆναι
2668 1552 2768 1623 τῆς
2814 1551 3091 1621 βασιλείας
3118 1552 3374 1621 ἐραστήν.
3405 1548 3556 1621 [121]
3593 1551 3702 1603 Καὶ
3740 1549 3833 1603 τὸν

2156 1640 2255 1709 μὲν
2287 1638 2463 1702 οὐδεὶς
2502 1640 2568 1693 ἂν
2604 1641 2921 1693 ἀποκτεῖναι
2961 1638 3305 1709 τολμήσειεν,
3333 1640 3413 1701 εἰς
3437 1639 3529 1691 τὸν
3548 1636 3681 1690 Θεὸν
3704 1637 3834 1691 ἀσε-

2154 1726 2270 1778 ϐεῖν
2293 1725 2613 1797 ἡγούμενος,
2638 1729 2687 1779 εί
2707 1725 2799 1779 τὸν
2818 1725 3057 1780 τοιοῦτον
3086 1725 3268 1779 ἀνέλοι
3288 1743 3299 1755 ·
3320 1724 3396 1795 τῷ
3419 1724 3477 1778 δὲ
3500 1723 3685 1778 πολλοὶ
3701 1740 3837 1792 σφαρ

2155 1817 2271 1882 γεῖς
2288 1815 2652 1887 ἐφεστήκασιν
2675 1814 2904 1886 ἐρασταὶ
2928 1814 3257 1885 τυραννίδος.
3280 1814 3477 1886 Διόπερ
3499 1815 3527 1866 6
3550 1812 3647 1881 μὲν
3672 1828 3839 1881 φρου-

2161 1902 2334 1970 ρεῖται
2379 1900 2763 1973 στρατιώταις,
2801 1903 2830 1954 ό
2873 1901 2929 1953 δὲ
2963 1901 3144 1966 πόλεις
3189 1899 3417 1970 τειχίζει
3461 1900 3584 1962 ταῖς
3628 1899 3841 1970 εὐχαῖς,

2156 1990 2345 2045 οὐδένα
2368 1990 2649 2055 δεδοικώςο
2678 1994 2706 2045 6
2731 1990 2786 2045 δὲ
2820 1990 3071 2061 βασιλεὺς
3098 1991 3186 2045 ἀεὶ
3207 1989 3356 2061 φόϐῳ
3384 1988 3517 2060 συζῇ
3548 1988 3641 2042 καὶ
3670 2004 3840 2059 προσ-

2155 2082 2311 2152 δοκίᾳ
2370 2082 2618 2154 σφαγῆς·
2654 2083 2683 2135 ό
2718 2082 2816 2151 μὲν
2842 2080 2950 2152 γάρ
2988 2080 3324 2135 ἐπικίνδυνον
3355 2078 3466 2149 ἔχει
3501 2077 3837 2144 πλεονεξίαν,

2158 2172 2187 2224 6
2222 2169 2279 2223 δέ
2308 2169 2522 2240 ἀσφαλῆ
2564 2168 2857 2240 σωτηρίαν.
2894 2169 3029 2240 Περὶ
3082 2169 3179 2244 μὲν
3217 2163 3309 2221 οὖν
3352 2166 3461 2220 τῶν
3506 2168 3564 2220 ἐν
3596 2163 3676 2236 τῷ
3702 2180 3842 2237 παρ-

2158 2259 2273 2313 όντι
2330 2258 2429 2329 βίῳ
2472 2259 2815 2329 πραγμάτων
2872 2257 3073 2321 ἱκανῶς
3119 2256 3373 2330 εἰρῆσθαί
3414 2273 3506 2327 μοι
3555 2255 3721 2308 δοκεῖ.
3776 2254 3841 2307 El

2159 2345 2218 2399 δέ
2253 2346 2349 2401 καὶ
2384 2346 2475 2399 τὸν
2503 2343 2692 2413 ἀγῶνα
2713 2345 2803 2399 τὸν
2829 2346 3090 2416 μέλλοντα
3114 2344 3509 2417 βουληθείημεν
3543 2342 3840 2408 ἐξετάζειν,

2160 2434 2251 2488 τὸν
2285 2434 2383 2504 μὲν
2404 2432 2644 2504 ὀψόμεθα
2664 2433 2917 2505 λαμπρὸν
2943 2434 3038 2488 καὶ
3068 2433 3428 2506 περίϐλεπτον
3461 2429 3844 2505 ἁρπαζόμενον

2163 2523 2220 2574 ἐν
2241 2521 2490 2592 νεφέλαις
2514 2524 2595 2587 είς
2623 2523 2929 2594 ἀπάντησιν
2956 2522 3048 2575 τοῦ
3074 2521 3280 2593 Κυρίου
3303 2523 3381 2584 είς
3403 2521 3562 2592 ἀέρα,
3587 2518 3730 2573 κατά
3750 2519 3842 2572 τὸν

2166 2610 2407 2679 ἡγεμόνα
2452 2610 2548 2663 καὶ
2593 2609 2886 2681 παιδευτὴν
2916 2609 3011 2663 τοῦ
3042 2609 3309 2682 σωτηρίου
3363 2608 3706 2680 τούτουβίου
3751 2607 3845 2660 καὶ

2168 2697 2347 2766 πάσης
2386 2698 2589 2768 ἀρετῆς
2617 2714 2630 2727 ο
2661 2699 2688 2750 ὁ
2728 2697 2787 2751 δὲ
2822 2697 3095 2768 βασιλεὺς,
3130 2697 3225 2751 ἐὰν
3276 2697 3374 2768 μὲν
3402 2696 3628 2760 δικαίως
3651 2694 3847 2765 φανείη

2167 2787 2262 2839 καὶ
2307 2785 2703 2859 φιλανθρώπως
2737 2786 3016 2857 διοικήσας
3058 2785 3156 2858 τὴν
3194 2786 3367 2858 ἀρχὴν
3403 2786 3561 2857 (πολὺ
3596 2785 3653 2838 δὲ
3689 2784 3849 2839 τοῦτο

2171 2872 2438 2945 σπάνιον),
2479 2873 2760 2936 ἐλάττονος
2797 2873 2950 2927 ἔσται
2996 2874 3268 2947 σωτηρίας
3305 2891 3366 2927 τε
3406 2874 3502 2928 καὶ
3542 2866 3745 2944 τιμῆςο
3785 2873 3849 2925 οὐ

2170 2960 2278 3031 γὰρ
2323 2957 2456 3025 ἴσον,
2492 2961 2592 3014 οὐκ
2642 2961 2756 3014 ἴσον
2798 2960 3051 3030 βασιλεύς
3101 2978 3160 3015 τε
3191 2962 3429 3033 χρηστὸς
3470 2961 3563 3014 καὶ
3617 2960 3851 3030 μοναχὸς

2172 3047 2356 3118 ἄκρως
2384 3048 2450 3118 τῇ
2486 3047 2581 3102 τοῦ
2614 3047 2751 3101 Θεοῦ
2781 3049 3005 3121 λατρεία
3036 3049 3232 3114 συζῶν.
3268 3050 3331 3102 Εἰ
3358 3048 3415 3102 δὲ
3456 3048 3651 3118 φανείη
3685 3064 3853 3119 πονη-

2174 3135 2268 3206 ρὸς
2313 3135 2407 3189 καὶ
2447 3135 2658 3200 σκαιὸς,
2696 3135 2906 3190 πολλῶν
2942 3136 3129 3191 κακῶν
3170 3136 3542 3209 ἐμπεπληκῶς
3585 3136 3685 3207 τὴν
3721 3136 3849 3205 γῆν,

2173 3223 2256 3288 τίς
2301 3222 2367 3277 ἂν
2414 3226 2587 3278 εἰπεῖν
2628 3224 2905 3297 δυνηθείης
2942 3225 3041 3289 τάς
3091 3224 3376 3297 συμφορὰς
3419 3221 3506 3289 αἷς
3552 3225 3853 3297 ὀφθήσεται

2175 3310 2551 3382 συνεχόμενος,
2572 3313 2706 3381 πυρὶ
2739 3312 3046 3382 καιόμενος,
3072 3312 3528 3384 μαστιγούμενος,
3566 3312 3856 3391 στρεϐλού-

2179 3415 2373 3468 μενος,
2434 3398 2658 3453 τοιαῦτα
2697 3400 2923 3469 πάσχων
2967 3399 3111 3473 ἀπερ
3156 3399 3279 3454 οὔτε
3328 3400 3472 3472 λόγῳ
3523 3401 3684 3473 ῥητά,
3731 3401 3857 3456 οὐδὲ

2177 3489 2323 3562 ἐργῳ
2365 3491 2579 3561 φορητά
2602 3508 2623 3557 ς
2643 3491 2830 3545 Ταῦτα
2858 3492 3035 3545 πάντα
3059 3491 3140 3546 δεῖ
3180 3491 3561 3563 λογιζομένους
3588 3492 3683 3546 καλ⁸
3721 3509 3857 3562 μαν-

2178 3579 2458 3643 θάνοντας,
2491 3578 2565 3651 μὴ
2590 3581 2716 3644 τοὺς
2755 3581 3121 3645 πλουτοῦντας
3157 3581 3457 3653 θαυμάζειν
3477 3599 3489 3613 ·
3528 3584 3557 3635 ὁ
3590 3581 3699 3653 γὰρ
3729 3582 3859 3635 τού-

2176 3682 2287 3719 των
2320 3665 2587 3732 δεσπότης
2614 3667 2892 3739 πεφηνὼς,
2915 3668 3035 3722 οὐδὲ
3071 3669 3212 3723 κατά
3251 3670 3446 3741 μικρὸν
3486 3670 3654 3739 ἐγγὺς
3682 3670 3861 3727 ἐλθεῖν

2177 3753 2400 3809 δύναται
2437 3756 2538 3826 τῆς
2564 3754 2659 3808 τοῦ
2693 3754 2928 3827 μοναχοῦ
2963 3759 3182 3829 ἀρετῆς.
3217 3758 3384 3811 Ὅταν
3423 3752 3515 3810 οὖν
3543 3758 3657 3828 ἴδῃς
3694 3758 3859 3813 πλού-

2181 3858 2295 3895 σιον
2334 3841 2521 3914 ἐσθῆτι
2554 3844 2988 3914 κεκοσμημένον,
3030 3842 3218 3915 χρυσῷ
3254 3844 3749 3916 καλλωπιζόμενον,
3770 3846 3859 3905 ἐπ’

2180 3929 2825 4005 ὀχημάτωνοφερόμενον,
2853 3931 3067 3997 ἐξόδους
3098 3932 3309 3998 ἐξιόντα
3332 3932 3612 4003 λαμπρὰς,
3646 3935 3720 4005 μὴ
3755 3952 3859 4005 μα-

2184 4020 2415 4088 καρίσῃς
2445 4016 2539 4072 τὸν
2568 4019 2880 4090 ἄνθρωπον·
2914 4020 3248 4091 πρόσκαιρος
3285 4020 3395 4092 γὰρ
3424 4022 3453 4073 ό
3487 4021 3738 4089 πλοῦτος,
3765 4027 3859 4078 καὶ

2182 4104 2245 4159 τὸ
2269 4105 2458 4159 δοκοῦν
2481 4101 2617 4160 εἶναι
2644 4108 2809 4162 καλὸν
2829 4106 2906 4179 τῷ
2929 4108 3029 4180 βίῳ
3049 4107 3225 4180 τούτῳ
3250 4108 3743 4183 συνδιαφθείρεται·
3774 4130 3861 4183 μο-

2185 4193 2345 4263 ναχὸν
2372 4193 2430 4246 δὲ
2460 4194 2580 4248 ἰδὼν
2614 4195 2899 4265 βαδίζοντα
2938 4197 3119 4268 μόνον,
3152 4199 3404 4253 ταπεινὸν
3431 4200 3526 4253 καὶ
3559 4202 3732 4272 πρᾶον
3770 4201 3867 4254 καὶ⁴

2184 4282 2411 4352 ἡσύχιον
2444 4284 2537 4336 καὶ
2564 4284 2794 4355 ἥμερον,
2829 4283 3071 4356 ζήλωσον
3103 4287 3194 4339 τὸν
3221 4286 3408 4360 ἄνδρα,
3447 4287 3648 4361 φάνηθι
3688 4306 3862 4360 μιμη-

2185 4369 2285 4440 τὴς
2311 4369 2412 4439 τῆς
2451 4370 2662 4424 ἐκείνου
2707 4372 3047 4441 φιλοσοφίας,
3086 4370 3238 4438 εὖξαι
3267 4376 3519 4443 γενέσθαι
3562 4376 3641 4446 τῷ
3669 4377 3864 4447 δικαίῳ

2190 4456 2567 4529 παραπλήσιος
2594 4476 2607 4489 ·
2632 4459 2854 4513 Αἰτεῖτε
2872 4459 3002 4531 γάρ,
3029 4461 3183 4530 φησὶ,
3231 4462 3328 4515 καί
3358 4462 3677 4529 δοθήσεται
3700 4463 3861 4533 ὑμῖν.

2193 4543 2376 4600 Ταῦτα
2400 4545 2509 4618 γάρ
2545 4547 2619 4609 ὡς
2658 4547 2873 4618 ἀληθῶς
2920 4547 3060 4600 καλά
3088 4549 3183 4600 καὶ
3229 4550 3469 4620 σωτήρια
3501 4549 3595 4602 καὶ
3637 4550 3863 4621 μόνιμα,

2192 4631 2278 4687 διὰ
2309 4633 2407 4704 τὴν
2434 4633 2527 4687 τοῦ
2572 4633 2806 4705 Χριστοῦ
2848 4632 3257 4706 φιλανθρωπίαν
3301 4636 3395 4688 καὶ
3435 4636 3689 4708 πρόνοιαν
3709 4653 3721 4666 ·
3752 4631 3795 4705 ᾧ
3827 4639 3863 4708 ἡ

2194 4718 2319 4787 δόξα
2352 4723 2441 4775 καὶ
2464 4723 2522 4775 τὸ
2542 4723 2741 4793 κράτος
2775 4723 2853 4786 εἰς
2880 4722 3004 4785 τοὺς
3027 4720 3226 4786 αἰῶνας
3254 4722 3361 4775 τῶν
3394 4722 3620 4779 αἰώνων.
3672 4725 3863 4799 Ἀμήν.
