  <div class='ocr_page' id='page_1' title='image "/cluster/home/n/w/nwhite01/storage/ocr_20150623/47/mdp.39015012902212/356.png"; bbox 0 0 4124 6144; ppageno 0'>
   <div class='ocr_carea' id='block_1_1' title="bbox 1132 288 2644 359">
    <p class='ocr_par' dir='ltr' id='par_1_1' title="bbox 1132 288 2644 359">
     <span class='ocr_line' id='line_1_1' title="bbox 1132 288 2644 359; baseline -0.009 -2"><span class='ocrx_word' id='word_1_1' title='bbox 1132 300 1220 357; x_wconf 86' lang='lat' dir='ltr'><strong>DE</strong></span> <span class='ocrx_word' id='word_1_2' title='bbox 1254 294 1808 359; x_wconf 76' lang='lat' dir='ltr'><strong>COMPUNCTIONE,</strong></span> <span class='ocrx_word' id='word_1_3' title='bbox 1849 293 1938 348; x_wconf 82' lang='lat' dir='ltr'><strong>AD</strong></span> <span class='ocrx_word' id='word_1_4' title='bbox 1976 291 2386 349; x_wconf 71' lang='lat' dir='ltr'><strong>DEMETRIUM</strong></span> <span class='ocrx_word' id='word_1_5' title='bbox 2435 288 2562 345; x_wconf 87' lang='lat' dir='ltr'><strong>LIB.</strong></span> <span class='ocrx_word' id='word_1_6' title='bbox 2602 288 2644 343; x_wconf 81' lang='grc' dir='ltr'><strong>Ι.</strong></span> 
     </span>
    </p>
   </div>
   <div class='ocr_carea' id='block_1_2' title="bbox 312 502 3475 564">
    <p class='ocr_par' dir='ltr' id='par_1_2' title="bbox 316 506 3471 560">
     <span class='ocr_line' id='line_1_2' title="bbox 316 506 3471 560; baseline -0.009 -2"><span class='ocrx_word' id='word_1_7' title='bbox 316 506 3379 560; x_wconf 65' lang='lat' dir='ltr'><em>W</em></span> <span class='ocrx_word' id='word_1_8' title='bbox 3046 516 3192 527; x_wconf 63' lang='lat'><strong>~—-——</strong></span> <span class='ocrx_word' id='word_1_9' title='bbox 3245 506 3471 532; x_wconf 69' lang='lat' dir='ltr'><strong>aa</strong></span> 
     </span>
     <span class='ocr_line' id='line_1_3' title="bbox 337 535 879 548; baseline -0.002 0"><span class='ocrx_word' id='word_1_10' title='bbox 337 542 386 548; x_wconf 67' lang='grc'><strong>..-</strong></span> <span class='ocrx_word' id='word_1_11' title='bbox 477 539 622 548; x_wconf 66' lang='lat'><strong>._—————</strong></span> <span class='ocrx_word' id='word_1_12' title='bbox 643 537 708 544; x_wconf 57' lang='grc' dir='ltr'><strong>-οισ</strong></span> <span class='ocrx_word' id='word_1_13' title='bbox 800 536 808 541; x_wconf 73' lang='grc'><strong><em>⁵</em></strong></span> <span class='ocrx_word' id='word_1_14' title='bbox 837 535 879 541; x_wconf 59' lang='grc' dir='ltr'><strong>ν“”</strong></span> 
     </span>
    </p>
   </div>
   <div class='ocr_carea' id='block_1_3' title="bbox 818 1354 1855 1576">
    <p class='ocr_par' dir='ltr' id='par_1_3' title="bbox 818 1366 1855 1576">
     <span class='ocr_line' id='line_1_4' title="bbox 818 1366 1855 1576; baseline -0.005 0"><span class='ocrx_word' id='word_1_15' title='bbox 818 1370 1171 1576; x_wconf 86' lang='lat' dir='ltr'><strong>AD</strong></span> <span class='ocrx_word' id='word_1_16' title='bbox 1331 1366 1855 1576; x_wconf 86' lang='lat' dir='ltr'><strong>DEM</strong></span> 
     </span>
    </p>
   </div>
   <div class='ocr_carea' id='block_1_4' title="bbox 1963 1354 2957 1576">
    <p class='ocr_par' dir='ltr' id='par_1_4' title="bbox 1963 1354 2957 1567">
     <span class='ocr_line' id='line_1_5' title="bbox 1963 1354 2957 1567; baseline -0.007 -2"><span class='ocrx_word' id='word_1_17' title='bbox 1963 1354 2957 1567; x_wconf 80' lang='lat' dir='ltr'><strong>ETBIUM</strong></span> 
     </span>
    </p>
   </div>
   <div class='ocr_carea' id='block_1_5' title="bbox 1491 2124 2309 2247">
    <p class='ocr_par' dir='ltr' id='par_1_5' title="bbox 1491 2124 2309 2247">
     <span class='ocr_line' id='line_1_6' title="bbox 1491 2124 2309 2247; baseline -0.009 -4"><span class='ocrx_word' id='word_1_18' title='bbox 1491 2124 2309 2247; x_wconf 84' lang='lat' dir='ltr'><strong>MONACHUM</strong></span> 
     </span>
    </p>
   </div>
   <div class='ocr_carea' id='block_1_6' title="bbox 1220 2670 2586 2778">
    <p class='ocr_par' dir='ltr' id='par_1_6' title="bbox 1220 2670 2586 2778">
     <span class='ocr_line' id='line_1_7' title="bbox 1220 2670 2586 2778; baseline -0.012 0"><span class='ocrx_word' id='word_1_19' title='bbox 1220 2688 1380 2778; x_wconf 88' lang='lat' dir='ltr'><strong>DE</strong></span> <span class='ocrx_word' id='word_1_20' title='bbox 1474 2670 2586 2776; x_wconf 87' lang='lat' dir='ltr'><strong>COMPUNCTIONE</strong></span> 
     </span>
    </p>
   </div>
   <div class='ocr_carea' id='block_1_7' title="bbox 1613 3268 2272 3334">
    <p class='ocr_par' dir='ltr' id='par_1_7' title="bbox 1613 3268 2272 3334">
     <span class='ocr_line' id='line_1_8' title="bbox 1613 3268 2272 3334; baseline -0.012 0"><span class='ocrx_word' id='word_1_21' title='bbox 1613 3274 1845 3334; x_wconf 79' lang='lat' dir='ltr'><strong>LIBER</strong></span> <span class='ocrx_word' id='word_1_22' title='bbox 1892 3268 2184 3333; x_wconf 77' lang='lat' dir='ltr'><strong>PRIMUS</strong></span> <span class='ocrx_word' id='word_1_23' title='bbox 2230 3268 2272 3326; x_wconf 74' lang='grc'><strong>³.</strong></span> 
     </span>
    </p>
   </div>
   <div class='ocr_carea' id='block_1_8' title="bbox 1542 3428 1577 3443">
    <p class='ocr_par' dir='ltr' id='par_1_8' title="bbox 1542 3428 1577 3443">
     <span class='ocr_line' id='line_1_9' title="bbox 1542 3428 1577 3443; baseline 0 0"><span class='ocrx_word' id='word_1_24' title='bbox 1542 3428 1577 3443; x_wconf 50' lang='grc' dir='ltr'>κ</span> 
     </span>
    </p>
   </div>
   <div class='ocr_carea' id='block_1_9' title="bbox 342 4446 1850 4517">
    <p class='ocr_par' dir='ltr' id='par_1_9' title="bbox 342 4446 1850 4517">
     <span class='ocr_line' id='line_1_10' title="bbox 342 4446 1850 4517; baseline -0.004 -11"><span class='ocrx_word' id='word_1_25' title='bbox 342 4449 396 4506; x_wconf 79' lang='lat' dir='ltr'><strong>l.</strong></span> <span class='ocrx_word' id='word_1_26' title='bbox 433 4447 568 4504; x_wconf 89' lang='lat' dir='ltr'><strong>Cum</strong></span> <span class='ocrx_word' id='word_1_27' title='bbox 599 4456 649 4505; x_wconf 89' lang='lat' dir='ltr'><strong>te</strong></span> <span class='ocrx_word' id='word_1_28' title='bbox 676 4448 830 4505; x_wconf 87' lang='lat' dir='ltr'><strong>video</strong></span> <span class='ocrx_word' id='word_1_29' title='bbox 852 4489 867 4517; x_wconf 88' lang='lat'><strong>,</strong></span> <span class='ocrx_word' id='word_1_30' title='bbox 895 4447 1048 4504; x_wconf 81' lang='lat' dir='ltr'><strong>beate</strong></span> <span class='ocrx_word' id='word_1_31' title='bbox 1075 4447 1342 4514; x_wconf 90' lang='lat' dir='ltr'><strong>Demetri,</strong></span> <span class='ocrx_word' id='word_1_32' title='bbox 1371 4446 1582 4503; x_wconf 87' lang='lat' dir='ltr'><strong>assidue</strong></span> <span class='ocrx_word' id='word_1_33' title='bbox 1602 4446 1850 4502; x_wconf 80' lang='lat' dir='ltr'><strong>insisten-</strong></span> 
     </span>
    </p>
   </div>
   <div class='ocr_carea' id='block_1_10' title="bbox 264 4538 1849 4607">
    <p class='ocr_par' dir='ltr' id='par_1_10' title="bbox 264 4538 1849 4607">
     <span class='ocr_line' id='line_1_11' title="bbox 264 4538 1849 4607; baseline -0.001 -13"><span class='ocrx_word' id='word_1_34' title='bbox 264 4550 378 4594; x_wconf 88' lang='lat' dir='ltr'><strong>tem</strong></span> <span class='ocrx_word' id='word_1_35' title='bbox 405 4538 557 4605; x_wconf 89' lang='lat' dir='ltr'><strong>mihi,</strong></span> <span class='ocrx_word' id='word_1_36' title='bbox 586 4547 640 4593; x_wconf 92' lang='lat' dir='ltr'><strong>et</strong></span> <span class='ocrx_word' id='word_1_37' title='bbox 665 4538 829 4593; x_wconf 89' lang='lat' dir='ltr'><strong>multa</strong></span> <span class='ocrx_word' id='word_1_38' title='bbox 850 4554 969 4594; x_wconf 90' lang='lat' dir='ltr'><strong>cum</strong></span> <span class='ocrx_word' id='word_1_39' title='bbox 997 4538 1328 4593; x_wconf 77' lang='lat' dir='ltr'><strong>vehementia</strong></span> <span class='ocrx_word' id='word_1_40' title='bbox 1347 4538 1414 4592; x_wconf 90' lang='lat' dir='ltr'><strong>de</strong></span> <span class='ocrx_word' id='word_1_41' title='bbox 1441 4538 1849 4607; x_wconf 89' lang='lat' dir='ltr'><strong>compunctione</strong></span> 
     </span>
    </p>
   </div>
   <div class='ocr_carea' id='block_1_11' title="bbox 261 4628 1847 4698">
    <p class='ocr_par' dir='ltr' id='par_1_11' title="bbox 261 4628 1847 4698">
     <span class='ocr_line' id='line_1_12' title="bbox 261 4628 1847 4698; baseline -0.002 -13"><span class='ocrx_word' id='word_1_42' title='bbox 261 4644 550 4685; x_wconf 86' lang='lat' dir='ltr'><strong>sermones</strong></span> <span class='ocrx_word' id='word_1_43' title='bbox 578 4639 950 4698; x_wconf 83' lang='lat' dir='ltr'><strong>exposcentem</strong></span> <span class='ocrx_word' id='word_1_44' title='bbox 969 4670 981 4694; x_wconf 93' lang='lat'><strong>,</strong></span> <span class='ocrx_word' id='word_1_45' title='bbox 1008 4628 1220 4683; x_wconf 86' lang='lat' dir='ltr'><strong>beatum</strong></span> <span class='ocrx_word' id='word_1_46' title='bbox 1263 4637 1314 4683; x_wconf 92' lang='lat' dir='ltr'><strong>te</strong></span> <span class='ocrx_word' id='word_1_47' title='bbox 1354 4643 1567 4697; x_wconf 86' lang='lat' dir='ltr'><strong>semper</strong></span> <span class='ocrx_word' id='word_1_48' title='bbox 1594 4628 1847 4698; x_wconf 77' lang='lat' dir='ltr'><strong>praedico,</strong></span> 
     </span>
    </p>
   </div>
   <div class='ocr_carea' id='block_1_12' title="bbox 260 4719 1852 4793">
    <p class='ocr_par' dir='ltr' id='par_1_12' title="bbox 260 4719 1852 4793">
     <span class='ocr_line' id='line_1_13' title="bbox 260 4719 1852 4793; baseline -0.002 -16"><span class='ocrx_word' id='word_1_49' title='bbox 260 4723 540 4792; x_wconf 86' lang='lat' dir='ltr'><strong>animique</strong></span> <span class='ocrx_word' id='word_1_50' title='bbox 585 4722 661 4777; x_wconf 90' lang='lat' dir='ltr'><strong>tui</strong></span> <span class='ocrx_word' id='word_1_51' title='bbox 700 4721 983 4793; x_wconf 73' lang='lat' dir='ltr'><strong>puritatem</strong></span> <span class='ocrx_word' id='word_1_52' title='bbox 1030 4719 1283 4774; x_wconf 90' lang='lat' dir='ltr'><strong>demiror.</strong></span> <span class='ocrx_word' id='word_1_53' title='bbox 1324 4719 1508 4790; x_wconf 86' lang='lat' dir='ltr'><strong>Neque</strong></span> <span class='ocrx_word' id='word_1_54' title='bbox 1551 4721 1692 4776; x_wconf 91' lang='lat' dir='ltr'><strong>enim</strong></span> <span class='ocrx_word' id='word_1_55' title='bbox 1738 4720 1852 4776; x_wconf 83' lang='lat' dir='ltr'><strong>fieri</strong></span> 
     </span>
    </p>
   </div>
   <div class='ocr_carea' id='block_1_13' title="bbox 260 4810 1853 4885">
    <p class='ocr_par' dir='ltr' id='par_1_13' title="bbox 260 4810 1853 4885">
     <span class='ocr_line' id='line_1_14' title="bbox 260 4810 1853 4885; baseline 0 -18"><span class='ocrx_word' id='word_1_56' title='bbox 260 4822 446 4885; x_wconf 85' lang='lat' dir='ltr'><strong>potest</strong></span> <span class='ocrx_word' id='word_1_57' title='bbox 474 4826 791 4883; x_wconf 88' lang='lat' dir='ltr'><strong>quemquam</strong></span> <span class='ocrx_word' id='word_1_58' title='bbox 833 4811 885 4866; x_wconf 91' lang='lat' dir='ltr'><strong>in</strong></span> <span class='ocrx_word' id='word_1_59' title='bbox 918 4810 1217 4881; x_wconf 85' lang='lat' dir='ltr'><strong>hujusmodi</strong></span> <span class='ocrx_word' id='word_1_60' title='bbox 1262 4812 1523 4866; x_wconf 88' lang='lat' dir='ltr'><strong>sermonis</strong></span> <span class='ocrx_word' id='word_1_61' title='bbox 1546 4810 1729 4867; x_wconf 87' lang='lat' dir='ltr'><strong>venire</strong></span> <span class='ocrx_word' id='word_1_62' title='bbox 1755 4810 1853 4867; x_wconf 85' lang='lat' dir='ltr'><strong>de-</strong></span> 
     </span>
    </p>
   </div>
   <div class='ocr_carea' id='block_1_14' title="bbox 259 4902 1856 4973">
    <p class='ocr_par' dir='ltr' id='par_1_14' title="bbox 259 4902 1856 4973">
     <span class='ocr_line' id='line_1_15' title="bbox 259 4902 1856 4973; baseline -0.002 -13"><span class='ocrx_word' id='word_1_63' title='bbox 259 4903 558 4970; x_wconf 82' lang='lat' dir='ltr'><strong>siderium,</strong></span> <span class='ocrx_word' id='word_1_64' title='bbox 610 4904 713 4958; x_wconf 90' lang='lat' dir='ltr'><strong>nisi</strong></span> <span class='ocrx_word' id='word_1_65' title='bbox 753 4903 901 4972; x_wconf 90' lang='lat' dir='ltr'><strong>prius</strong></span> <span class='ocrx_word' id='word_1_66' title='bbox 948 4917 1066 4957; x_wconf 90' lang='lat' dir='ltr'><strong>sese</strong></span> <span class='ocrx_word' id='word_1_67' title='bbox 1105 4902 1269 4972; x_wconf 86' lang='lat' dir='ltr'><strong>probe</strong></span> <span class='ocrx_word' id='word_1_68' title='bbox 1313 4902 1651 4973; x_wconf 83' lang='lat' dir='ltr'><strong>purgaverit,</strong></span> <span class='ocrx_word' id='word_1_69' title='bbox 1697 4912 1856 4971; x_wconf 88' lang='lat' dir='ltr'><strong>atque</strong></span> 
     </span>
    </p>
   </div>
   <div class='ocr_carea' id='block_1_15' title="bbox 260 4992 1854 5062">
    <p class='ocr_par' dir='ltr' id='par_1_15' title="bbox 260 4992 1854 5062">
     <span class='ocr_line' id='line_1_16' title="bbox 260 4992 1854 5062; baseline -0.002 -12"><span class='ocrx_word' id='word_1_70' title='bbox 260 4995 521 5050; x_wconf 89' lang='lat' dir='ltr'><strong>omnibus</strong></span> <span class='ocrx_word' id='word_1_71' title='bbox 559 4994 902 5049; x_wconf 71' lang='lat' dir='ltr'><strong>smcularibus</strong></span> <span class='ocrx_word' id='word_1_72' title='bbox 940 4995 1081 5049; x_wconf 89' lang='lat' dir='ltr'><strong>curis</strong></span> <span class='ocrx_word' id='word_1_73' title='bbox 1127 4994 1370 5062; x_wconf 88' lang='lat' dir='ltr'><strong>superior</strong></span> <span class='ocrx_word' id='word_1_74' title='bbox 1411 4994 1660 5048; x_wconf 84' lang='lat' dir='ltr'><strong>evaserit.</strong></span> <span class='ocrx_word' id='word_1_75' title='bbox 1702 4992 1854 5062; x_wconf 85' lang='lat' dir='ltr'><strong>Quod</strong></span> 
     </span>
    </p>
   </div>
   <div class='ocr_carea' id='block_1_16' title="bbox 261 5083 1853 5155">
    <p class='ocr_par' dir='ltr' id='par_1_16' title="bbox 261 5083 1853 5155">
     <span class='ocr_line' id='line_1_17' title="bbox 261 5083 1853 5155; baseline -0.002 -13"><span class='ocrx_word' id='word_1_76' title='bbox 261 5084 430 5142; x_wconf 75' lang='lat' dir='ltr'><strong>facile</strong></span> <span class='ocrx_word' id='word_1_77' title='bbox 454 5083 823 5155; x_wconf 86' lang='lat' dir='ltr'><strong>deprehendas</strong></span> <span class='ocrx_word' id='word_1_78' title='bbox 850 5099 916 5139; x_wconf 83' lang='lat' dir='ltr'><strong>ex</strong></span> <span class='ocrx_word' id='word_1_79' title='bbox 938 5084 1020 5149; x_wconf 88' lang='lat' dir='ltr'><strong>iis,</strong></span> <span class='ocrx_word' id='word_1_80' title='bbox 1044 5086 1132 5154; x_wconf 92' lang='lat' dir='ltr'><strong>qui</strong></span> <span class='ocrx_word' id='word_1_81' title='bbox 1160 5084 1272 5153; x_wconf 91' lang='lat' dir='ltr'><strong>pari</strong></span> <span class='ocrx_word' id='word_1_82' title='bbox 1294 5084 1561 5140; x_wconf 91' lang='lat' dir='ltr'><strong>desiderio</strong></span> <span class='ocrx_word' id='word_1_83' title='bbox 1589 5093 1853 5153; x_wconf 91' lang='lat' dir='ltr'><strong>tenentur,</strong></span> 
     </span>
    </p>
   </div>
   <div class='ocr_carea' id='block_1_17' title="bbox 260 5173 1857 5253">
    <p class='ocr_par' dir='ltr' id='par_1_17' title="bbox 260 5173 1857 5253">
     <span class='ocr_line' id='line_1_18' title="bbox 260 5173 1857 5253; baseline -0.001 -21"><span class='ocrx_word' id='word_1_84' title='bbox 260 5178 332 5232; x_wconf 81' lang='lat' dir='ltr'><strong>in</strong></span> <span class='ocrx_word' id='word_1_85' title='bbox 351 5175 544 5246; x_wconf 89' lang='lat' dir='ltr'><strong>quibus</strong></span> <span class='ocrx_word' id='word_1_86' title='bbox 570 5182 716 5231; x_wconf 87' lang='lat' dir='ltr'><strong>tanta</strong></span> <span class='ocrx_word' id='word_1_87' title='bbox 742 5185 961 5244; x_wconf 91' lang='lat' dir='ltr'><strong>repente</strong></span> <span class='ocrx_word' id='word_1_88' title='bbox 976 5175 1199 5253; x_wconf 75' lang='lat' dir='ltr'><strong>mutatio</strong></span> <span class='ocrx_word' id='word_1_89' title='bbox 1221 5173 1468 5241; x_wconf 82' lang='lat' dir='ltr'><strong>efﬁcitur,</strong></span> <span class='ocrx_word' id='word_1_90' title='bbox 1492 5183 1550 5229; x_wconf 91' lang='lat' dir='ltr'><strong>ut</strong></span> <span class='ocrx_word' id='word_1_91' title='bbox 1574 5175 1857 5231; x_wconf 78' lang='lat' dir='ltr'><strong>confestim</strong></span> 
     </span>
    </p>
   </div>
   <div class='ocr_carea' id='block_1_18' title="bbox 266 5265 1859 5336">
    <p class='ocr_par' dir='ltr' id='par_1_18' title="bbox 266 5265 1859 5336">
     <span class='ocr_line' id='line_1_19' title="bbox 266 5265 1859 5336; baseline -0.002 -11"><span class='ocrx_word' id='word_1_92' title='bbox 266 5270 334 5325; x_wconf 79' lang='lat' dir='ltr'><strong>in</strong></span> <span class='ocrx_word' id='word_1_93' title='bbox 369 5267 560 5324; x_wconf 63' lang='lat' dir='ltr'><strong>caelum</strong></span> <span class='ocrx_word' id='word_1_94' title='bbox 592 5265 1025 5323; x_wconf 81' lang='lat' dir='ltr'><strong>transferantur:</strong></span> <span class='ocrx_word' id='word_1_95' title='bbox 1064 5267 1295 5320; x_wconf 88' lang='lat' dir='ltr'><strong>animam</strong></span> <span class='ocrx_word' id='word_1_96' title='bbox 1341 5266 1538 5336; x_wconf 88' lang='lat' dir='ltr'><strong>quippe</strong></span> <span class='ocrx_word' id='word_1_97' title='bbox 1577 5267 1859 5323; x_wconf 88' lang='lat' dir='ltr'><strong>mundanis</strong></span> 
     </span>
    </p>
   </div>
   <div class='ocr_carea' id='block_1_19' title="bbox 263 5360 1859 5431">
    <p class='ocr_par' dir='ltr' id='par_1_19' title="bbox 263 5360 1859 5431">
     <span class='ocr_line' id='line_1_20' title="bbox 263 5360 1859 5431; baseline -0.002 -13"><span class='ocrx_word' id='word_1_98' title='bbox 263 5363 442 5430; x_wconf 82' lang='lat' dir='ltr'><strong>curis,</strong></span> <span class='ocrx_word' id='word_1_99' title='bbox 463 5377 563 5418; x_wconf 88' lang='lat' dir='ltr'><strong>ceu</strong></span> <span class='ocrx_word' id='word_1_100' title='bbox 589 5360 816 5417; x_wconf 81' lang='lat' dir='ltr'><strong>vinculis</strong></span> <span class='ocrx_word' id='word_1_101' title='bbox 837 5360 1166 5431; x_wconf 78' lang='lat' dir='ltr'><strong>gravissimis</strong></span> <span class='ocrx_word' id='word_1_102' title='bbox 1192 5360 1421 5416; x_wconf 82' lang='lat' dir='ltr'><strong>solutam</strong></span> <span class='ocrx_word' id='word_1_103' title='bbox 1440 5400 1456 5428; x_wconf 94' lang='lat'><strong>,</strong></span> <span class='ocrx_word' id='word_1_104' title='bbox 1487 5360 1557 5416; x_wconf 84' lang='lat' dir='ltr'><strong>ita</strong></span> <span class='ocrx_word' id='word_1_105' title='bbox 1579 5361 1760 5417; x_wconf 84' lang='lat' dir='ltr'><strong>sinunt</strong></span> <span class='ocrx_word' id='word_1_106' title='bbox 1791 5361 1859 5415; x_wconf 87' lang='lat' dir='ltr'><strong>ad</strong></span> 
     </span>
    </p>
   </div>
   <div class='ocr_carea' id='block_1_20' title="bbox 340 5512 1859 5576">
    <p class='ocr_par' dir='ltr' id='par_1_20' title="bbox 340 5512 1859 5576">
     <span class='ocr_line' id='line_1_21' title="bbox 340 5512 1859 5576; baseline -0.003 -10"><span class='ocrx_word' id='word_1_107' title='bbox 340 5518 357 5547; x_wconf 84' lang='grc' dir='ltr'>ι</span> <span class='ocrx_word' id='word_1_108' title='bbox 394 5522 495 5566; x_wconf 87' lang='lat' dir='ltr'><strong>Duo</strong></span> <span class='ocrx_word' id='word_1_109' title='bbox 516 5512 624 5563; x_wconf 82' lang='lat' dir='ltr'><strong>libri</strong></span> <span class='ocrx_word' id='word_1_110' title='bbox 648 5513 713 5563; x_wconf 88' lang='lat' dir='ltr'><strong>de</strong></span> <span class='ocrx_word' id='word_1_111' title='bbox 746 5515 1113 5576; x_wconf 83' lang='lat' dir='ltr'><strong>Compuuctione</strong></span> <span class='ocrx_word' id='word_1_112' title='bbox 1137 5513 1316 5576; x_wconf 78' lang='lat' dir='ltr'><strong>collati</strong></span> <span class='ocrx_word' id='word_1_113' title='bbox 1346 5521 1591 5576; x_wconf 73' lang='lat' dir='ltr'><strong>suntcum</strong></span> <span class='ocrx_word' id='word_1_114' title='bbox 1624 5513 1730 5576; x_wconf 80' lang='lat' dir='ltr'><strong>cod.</strong></span> <span class='ocrx_word' id='word_1_115' title='bbox 1754 5512 1859 5563; x_wconf 75' lang='grc' dir='ltr'><strong>ωι-</strong></span> 
     </span>
    </p>
   </div>
   <div class='ocr_carea' id='block_1_21' title="bbox 265 5574 1871 5639">
    <p class='ocr_par' dir='ltr' id='par_1_21' title="bbox 265 5574 1871 5639">
     <span class='ocr_line' id='line_1_22' title="bbox 265 5574 1871 5639; baseline -0.001 -11"><span class='ocrx_word' id='word_1_116' title='bbox 265 5577 599 5639; x_wconf 24' lang='grc' dir='ltr'><strong>Ιδεηῶπᾼοι</strong></span> <span class='ocrx_word' id='word_1_117' title='bbox 635 5588 745 5639; x_wconf 81' lang='lat' dir='ltr'><strong>cum</strong></span> <span class='ocrx_word' id='word_1_118' title='bbox 776 5574 991 5639; x_wconf 78' lang='lat' dir='ltr'><strong>editione</strong></span> <span class='ocrx_word' id='word_1_119' title='bbox 1028 5575 1168 5628; x_wconf 85' lang='lat' dir='ltr'><strong>savil.</strong></span> <span class='ocrx_word' id='word_1_120' title='bbox 1215 5583 1379 5639; x_wconf 85' lang='lat' dir='ltr'><strong>Deest,</strong></span> <span class='ocrx_word' id='word_1_121' title='bbox 1420 5574 1540 5627; x_wconf 79' lang='lat' dir='ltr'><strong>liber</strong></span> <span class='ocrx_word' id='word_1_122' title='bbox 1577 5574 1780 5639; x_wconf 65' lang='lat' dir='ltr'><strong>prima,</strong></span> <span class='ocrx_word' id='word_1_123' title='bbox 1822 5577 1871 5626; x_wconf 90' lang='lat' dir='ltr'><strong>in</strong></span> 
     </span>
    </p>
   </div>
   <div class='ocr_carea' id='block_1_22' title="bbox 270 5636 1235 5691">
    <p class='ocr_par' dir='ltr' id='par_1_22' title="bbox 270 5636 1235 5691">
     <span class='ocr_line' id='line_1_23' title="bbox 270 5636 1235 5691; baseline -0.002 -1"><span class='ocrx_word' id='word_1_124' title='bbox 270 5641 396 5690; x_wconf 75' lang='lat' dir='ltr'><strong>ldlt.</strong></span> <span class='ocrx_word' id='word_1_125' title='bbox 414 5637 558 5691; x_wconf 83' lang='lat' dir='ltr'><strong>savil.</strong></span> <span class='ocrx_word' id='word_1_126' title='bbox 586 5638 703 5688; x_wconf 87' lang='lat' dir='ltr'><strong>etin</strong></span> <span class='ocrx_word' id='word_1_127' title='bbox 723 5636 834 5687; x_wconf 87' lang='lat' dir='ltr'><strong>Cod.</strong></span> <span class='ocrx_word' id='word_1_128' title='bbox 863 5637 1070 5691; x_wconf 87' lang='lat' dir='ltr'><strong>Colbcrt.</strong></span> <span class='ocrx_word' id='word_1_129' title='bbox 1231 5652 1235 5655; x_wconf 77' lang='lat'><em>&#39;</em></span> 
     </span>
    </p>
   </div>
   <div class='ocr_carea' id='block_1_23' title="bbox 1957 4443 3549 4515">
    <p class='ocr_par' dir='ltr' id='par_1_23' title="bbox 1957 4443 3549 4515">
     <span class='ocr_line' id='line_1_24' title="bbox 1957 4443 3549 4515; baseline 0.004 -18"><span class='ocrx_word' id='word_1_130' title='bbox 1957 4444 2226 4513; x_wconf 78' lang='lat' dir='ltr'><strong>proprium</strong></span> <span class='ocrx_word' id='word_1_131' title='bbox 2257 4444 2654 4515; x_wconf 89' lang='lat' dir='ltr'><strong>naturalemque</strong></span> <span class='ocrx_word' id='word_1_132' title='bbox 2678 4443 2779 4499; x_wconf 88' lang='lat' dir='ltr'><strong>sibi</strong></span> <span class='ocrx_word' id='word_1_133' title='bbox 2808 4444 2981 4499; x_wconf 90' lang='lat' dir='ltr'><strong>locum</strong></span> <span class='ocrx_word' id='word_1_134' title='bbox 3014 4444 3283 4500; x_wconf 84' lang='lat' dir='ltr'><strong>advolare.</strong></span> <span class='ocrx_word' id='word_1_135' title='bbox 3315 4446 3419 4501; x_wconf 85' lang='lat' dir='ltr'><strong>Sed</strong></span> <span class='ocrx_word' id='word_1_136' title='bbox 3448 4454 3549 4503; x_wconf 88' lang='lat' dir='ltr'><strong>hoc</strong></span> 
     </span>
    </p>
   </div>
   <div class='ocr_carea' id='block_1_24' title="bbox 1963 4534 3548 4607">
    <p class='ocr_par' dir='ltr' id='par_1_24' title="bbox 1963 4534 3548 4607">
     <span class='ocr_line' id='line_1_25' title="bbox 1963 4534 3548 4607; baseline 0.003 -19"><span class='ocrx_word' id='word_1_137' title='bbox 1963 4534 2144 4591; x_wconf 89' lang='lat' dir='ltr'><strong>multis</strong></span> <span class='ocrx_word' id='word_1_138' title='bbox 2184 4535 2396 4606; x_wconf 90' lang='lat' dir='ltr'><strong>quidem</strong></span> <span class='ocrx_word' id='word_1_139' title='bbox 2440 4550 2537 4605; x_wconf 88' lang='lat' dir='ltr'><strong>per</strong></span> <span class='ocrx_word' id='word_1_140' title='bbox 2582 4545 2745 4590; x_wconf 88' lang='lat' dir='ltr'><strong>totam</strong></span> <span class='ocrx_word' id='word_1_141' title='bbox 2789 4537 2948 4589; x_wconf 89' lang='lat' dir='ltr'><strong>vitam</strong></span> <span class='ocrx_word' id='word_1_142' title='bbox 2986 4551 3109 4590; x_wconf 90' lang='lat' dir='ltr'><strong>raro</strong></span> <span class='ocrx_word' id='word_1_143' title='bbox 3148 4538 3398 4607; x_wconf 87' lang='lat' dir='ltr'><strong>contingit</strong></span> <span class='ocrx_word' id='word_1_144' title='bbox 3444 4557 3455 4591; x_wconf 88' lang='lat'><strong>:</strong></span> <span class='ocrx_word' id='word_1_145' title='bbox 3497 4548 3548 4593; x_wconf 88' lang='lat' dir='ltr'><strong>te</strong></span> 
     </span>
    </p>
   </div>
   <div class='ocr_carea' id='block_1_25' title="bbox 1961 4627 3551 4699">
    <p class='ocr_par' dir='ltr' id='par_1_25' title="bbox 1961 4627 3551 4699">
     <span class='ocr_line' id='line_1_26' title="bbox 1961 4627 3551 4699; baseline 0.003 -19"><span class='ocrx_word' id='word_1_146' title='bbox 1961 4636 2159 4692; x_wconf 88' lang='lat' dir='ltr'><strong>autem,</strong></span> <span class='ocrx_word' id='word_1_147' title='bbox 2190 4643 2223 4681; x_wconf 94' lang='grc' dir='ltr'>ο</span> <span class='ocrx_word' id='word_1_148' title='bbox 2251 4627 2485 4684; x_wconf 88' lang='lat' dir='ltr'><strong>divinum</strong></span> <span class='ocrx_word' id='word_1_149' title='bbox 2516 4638 2669 4696; x_wconf 90' lang='lat' dir='ltr'><strong>caput</strong></span> <span class='ocrx_word' id='word_1_150' title='bbox 2690 4668 2703 4689; x_wconf 85' lang='lat'><strong>,</strong></span> <span class='ocrx_word' id='word_1_151' title='bbox 2743 4628 2845 4682; x_wconf 88' lang='lat' dir='ltr'><strong>hoc</strong></span> <span class='ocrx_word' id='word_1_152' title='bbox 2889 4642 3100 4698; x_wconf 90' lang='lat' dir='ltr'><strong>semper</strong></span> <span class='ocrx_word' id='word_1_153' title='bbox 3126 4631 3551 4699; x_wconf 84' lang='lat' dir='ltr'><strong>compunctionis</strong></span> 
     </span>
    </p>
   </div>
   <div class='ocr_carea' id='block_1_26' title="bbox 1964 4718 3549 4789">
    <p class='ocr_par' dir='ltr' id='par_1_26' title="bbox 1964 4718 3549 4789">
     <span class='ocr_line' id='line_1_27' title="bbox 1964 4718 3549 4789; baseline 0.002 -17"><span class='ocrx_word' id='word_1_154' title='bbox 1964 4718 2084 4788; x_wconf 84' lang='lat' dir='ltr'><strong>igne</strong></span> <span class='ocrx_word' id='word_1_155' title='bbox 2127 4718 2351 4789; x_wconf 81' lang='lat' dir='ltr'><strong>flagrare</strong></span> <span class='ocrx_word' id='word_1_156' title='bbox 2386 4721 2528 4775; x_wconf 90' lang='lat' dir='ltr'><strong>novi.</strong></span> <span class='ocrx_word' id='word_1_157' title='bbox 2572 4720 2733 4787; x_wconf 85' lang='lat' dir='ltr'><strong>Cujus</strong></span> <span class='ocrx_word' id='word_1_158' title='bbox 2779 4720 2854 4773; x_wconf 89' lang='lat' dir='ltr'><strong>rei</strong></span> <span class='ocrx_word' id='word_1_159' title='bbox 2895 4728 3059 4773; x_wconf 91' lang='lat' dir='ltr'><strong>testes</strong></span> <span class='ocrx_word' id='word_1_160' title='bbox 3095 4729 3216 4773; x_wconf 91' lang='lat' dir='ltr'><strong>sunt</strong></span> <span class='ocrx_word' id='word_1_161' title='bbox 3255 4733 3439 4777; x_wconf 87' lang='lat' dir='ltr'><strong>noctes</strong></span> <span class='ocrx_word' id='word_1_162' title='bbox 3468 4723 3549 4775; x_wconf 89' lang='lat' dir='ltr'><strong>in-</strong></span> 
     </span>
    </p>
   </div>
   <div class='ocr_carea' id='block_1_27' title="bbox 1963 4810 3548 4882">
    <p class='ocr_par' dir='ltr' id='par_1_27' title="bbox 1963 4810 3548 4882">
     <span class='ocr_line' id='line_1_28' title="bbox 1963 4810 3548 4882; baseline 0.003 -18"><span class='ocrx_word' id='word_1_163' title='bbox 1963 4825 2199 4877; x_wconf 88' lang='lat' dir='ltr'><strong>somnes,</strong></span> <span class='ocrx_word' id='word_1_164' title='bbox 2225 4811 2575 4882; x_wconf 86' lang='lat' dir='ltr'><strong>lacrymarum</strong></span> <span class='ocrx_word' id='word_1_165' title='bbox 2598 4810 2792 4877; x_wconf 87' lang='lat' dir='ltr'><strong>fontes,</strong></span> <span class='ocrx_word' id='word_1_166' title='bbox 2812 4811 3111 4865; x_wconf 82' lang='lat' dir='ltr'><strong>solitudinis</strong></span> <span class='ocrx_word' id='word_1_167' title='bbox 3131 4826 3281 4866; x_wconf 88' lang='lat' dir='ltr'><strong>amor</strong></span> <span class='ocrx_word' id='word_1_168' title='bbox 3298 4813 3348 4867; x_wconf 90' lang='lat' dir='ltr'><strong>in</strong></span> <span class='ocrx_word' id='word_1_169' title='bbox 3372 4815 3548 4869; x_wconf 85' lang='lat' dir='ltr'><strong>anima</strong></span> 
     </span>
    </p>
   </div>
   <div class='ocr_carea' id='block_1_28' title="bbox 1966 4902 3549 4976">
    <p class='ocr_par' dir='ltr' id='par_1_28' title="bbox 1966 4902 3549 4976">
     <span class='ocr_line' id='line_1_29' title="bbox 1966 4902 3549 4976; baseline 0.003 -21"><span class='ocrx_word' id='word_1_170' title='bbox 1966 4910 2051 4956; x_wconf 90' lang='lat' dir='ltr'><strong>tua</strong></span> <span class='ocrx_word' id='word_1_171' title='bbox 2078 4911 2333 4971; x_wconf 86' lang='lat' dir='ltr'><strong>perpetuo</strong></span> <span class='ocrx_word' id='word_1_172' title='bbox 2373 4902 2614 4958; x_wconf 90' lang='lat' dir='ltr'><strong>residens</strong></span> <span class='ocrx_word' id='word_1_173' title='bbox 2643 4912 2697 4958; x_wconf 90' lang='lat' dir='ltr'><strong>et</strong></span> <span class='ocrx_word' id='word_1_174' title='bbox 2737 4918 3069 4959; x_wconf 85' lang='lat' dir='ltr'><strong>accrescens.</strong></span> <span class='ocrx_word' id='word_1_175' title='bbox 3109 4903 3361 4972; x_wconf 84' lang='lat' dir='ltr'><strong>Quaenam</strong></span> <span class='ocrx_word' id='word_1_176' title='bbox 3394 4907 3549 4976; x_wconf 84' lang='lat' dir='ltr'><strong>igitur</strong></span> 
     </span>
    </p>
   </div>
   <div class='ocr_carea' id='block_1_29' title="bbox 1968 4994 3550 5064">
    <p class='ocr_par' dir='ltr' id='par_1_29' title="bbox 1968 4994 3550 5064">
     <span class='ocr_line' id='line_1_30' title="bbox 1968 4994 3550 5064; baseline 0.003 -18"><span class='ocrx_word' id='word_1_177' title='bbox 1968 5008 2034 5046; x_wconf 84' lang='lat' dir='ltr'><strong>ex</strong></span> <span class='ocrx_word' id='word_1_178' title='bbox 2063 5007 2310 5048; x_wconf 87' lang='lat' dir='ltr'><strong>sermone</strong></span> <span class='ocrx_word' id='word_1_179' title='bbox 2334 5003 2516 5048; x_wconf 88' lang='lat' dir='ltr'><strong>nostro</strong></span> <span class='ocrx_word' id='word_1_180' title='bbox 2547 4994 2638 5048; x_wconf 90' lang='lat' dir='ltr'><strong>tibi</strong></span> <span class='ocrx_word' id='word_1_181' title='bbox 2666 4995 2904 5049; x_wconf 89' lang='lat' dir='ltr'><strong>accessio</strong></span> <span class='ocrx_word' id='word_1_182' title='bbox 2939 4996 3243 5064; x_wconf 88' lang='lat' dir='ltr'><strong>speranda?</strong></span> <span class='ocrx_word' id='word_1_183' title='bbox 3286 4996 3417 5050; x_wconf 76' lang='lat' dir='ltr'><strong>Nam</strong></span> <span class='ocrx_word' id='word_1_184' title='bbox 3468 4999 3550 5051; x_wconf 82' lang='lat' dir='ltr'><strong>vel</strong></span> 
     </span>
    </p>
   </div>
   <div class='ocr_carea' id='block_1_30' title="bbox 1908 5081 3547 5156">
    <p class='ocr_par' dir='ltr' id='par_1_30' title="bbox 1908 5081 3547 5156">
     <span class='ocr_line' id='line_1_31' title="bbox 1908 5081 3547 5156; baseline 0.005 -21"><span class='ocrx_word' id='word_1_185' title='bbox 1908 5138 1913 5147; x_wconf 67' lang='grc'><strong>,</strong></span> <span class='ocrx_word' id='word_1_186' title='bbox 1968 5081 2071 5137; x_wconf 83' lang='lat' dir='ltr'><strong>hoc</strong></span> <span class='ocrx_word' id='word_1_187' title='bbox 2112 5083 2314 5153; x_wconf 92' lang='lat' dir='ltr'><strong>ipsum,</strong></span> <span class='ocrx_word' id='word_1_188' title='bbox 2362 5084 2502 5155; x_wconf 93' lang='lat' dir='ltr'><strong>quod</strong></span> <span class='ocrx_word' id='word_1_189' title='bbox 2545 5099 2664 5139; x_wconf 89' lang='lat' dir='ltr'><strong>cum</strong></span> <span class='ocrx_word' id='word_1_190' title='bbox 2692 5085 2757 5139; x_wconf 88' lang='lat' dir='ltr'><strong>ad</strong></span> <span class='ocrx_word' id='word_1_191' title='bbox 2799 5086 3046 5140; x_wconf 87' lang='lat' dir='ltr'><strong>verticem</strong></span> <span class='ocrx_word' id='word_1_192' title='bbox 3072 5086 3179 5155; x_wconf 87' lang='lat' dir='ltr'><strong>jam</strong></span> <span class='ocrx_word' id='word_1_193' title='bbox 3208 5089 3547 5156; x_wconf 77' lang='lat' dir='ltr'><strong>perveneris,</strong></span> 
     </span>
    </p>
   </div>
   <div class='ocr_carea' id='block_1_31' title="bbox 1968 5175 3554 5248">
    <p class='ocr_par' dir='ltr' id='par_1_31' title="bbox 1968 5175 3554 5248">
     <span class='ocr_line' id='line_1_32' title="bbox 1968 5175 3554 5248; baseline 0.004 -20"><span class='ocrx_word' id='word_1_194' title='bbox 1968 5183 2124 5244; x_wconf 86' lang='lat' dir='ltr'><strong>putes</strong></span> <span class='ocrx_word' id='word_1_195' title='bbox 2149 5182 2201 5230; x_wconf 89' lang='lat' dir='ltr'><strong>te</strong></span> <span class='ocrx_word' id='word_1_196' title='bbox 2228 5190 2349 5230; x_wconf 92' lang='lat' dir='ltr'><strong>cum</strong></span> <span class='ocrx_word' id='word_1_197' title='bbox 2386 5175 2531 5231; x_wconf 82' lang='lat' dir='ltr'><strong>humi</strong></span> <span class='ocrx_word' id='word_1_198' title='bbox 2560 5178 2866 5246; x_wconf 84' lang='lat' dir='ltr'><strong>repentibus</strong></span> <span class='ocrx_word' id='word_1_199' title='bbox 2893 5176 3175 5243; x_wconf 89' lang='lat' dir='ltr'><strong>incedere,</strong></span> <span class='ocrx_word' id='word_1_200' title='bbox 3216 5179 3554 5248; x_wconf 85' lang='lat' dir='ltr'><strong>animamque</strong></span> 
     </span>
    </p>
   </div>
   <div class='ocr_carea' id='block_1_32' title="bbox 1972 5266 3555 5341">
    <p class='ocr_par' dir='ltr' id='par_1_32' title="bbox 1972 5266 3555 5341">
     <span class='ocr_line' id='line_1_33' title="bbox 1972 5266 3555 5341; baseline 0.005 -24"><span class='ocrx_word' id='word_1_201' title='bbox 1972 5272 2116 5319; x_wconf 80' lang='lat' dir='ltr'><strong>tuam</strong></span> <span class='ocrx_word' id='word_1_202' title='bbox 2145 5266 2243 5319; x_wconf 89' lang='lat' dir='ltr'><strong>alis</strong></span> <span class='ocrx_word' id='word_1_203' title='bbox 2283 5266 2634 5331; x_wconf 89' lang='lat' dir='ltr'><strong>instructam,</strong></span> <span class='ocrx_word' id='word_1_204' title='bbox 2681 5267 2942 5336; x_wconf 90' lang='lat' dir='ltr'><strong>lapideam</strong></span> <span class='ocrx_word' id='word_1_205' title='bbox 2984 5270 3261 5338; x_wconf 86' lang='lat' dir='ltr'><strong>appelles,</strong></span> <span class='ocrx_word' id='word_1_206' title='bbox 3309 5271 3555 5341; x_wconf 86' lang='lat' dir='ltr'><strong>quodque</strong></span> 
     </span>
    </p>
   </div>
   <div class='ocr_carea' id='block_1_33' title="bbox 1972 5352 3552 5429">
    <p class='ocr_par' dir='ltr' id='par_1_33' title="bbox 1972 5352 3552 5429">
     <span class='ocr_line' id='line_1_34' title="bbox 1972 5352 3552 5429; baseline 0.006 -22"><span class='ocrx_word' id='word_1_207' title='bbox 1972 5352 2279 5425; x_wconf 85' lang='lat' dir='ltr'><strong>frequenter</strong></span> <span class='ocrx_word' id='word_1_208' title='bbox 2302 5356 2575 5413; x_wconf 82' lang='lat' dir='ltr'><strong>dexteram</strong></span> <span class='ocrx_word' id='word_1_209' title='bbox 2606 5373 2778 5413; x_wconf 90' lang='lat' dir='ltr'><strong>meam</strong></span> <span class='ocrx_word' id='word_1_210' title='bbox 2805 5359 3120 5429; x_wconf 84' lang='lat' dir='ltr'><strong>contingens</strong></span> <span class='ocrx_word' id='word_1_211' title='bbox 3144 5375 3207 5415; x_wconf 88' lang='lat' dir='ltr'><strong>ac</strong></span> <span class='ocrx_word' id='word_1_212' title='bbox 3235 5360 3552 5417; x_wconf 83' lang='lat' dir='ltr'><strong>deosculans</strong></span> 
     </span>
    </p>
   </div>
   <div class='ocr_carea' id='block_1_34' title="bbox 1973 5449 3550 5520">
    <p class='ocr_par' dir='ltr' id='par_1_34' title="bbox 1973 5449 3550 5520">
     <span class='ocr_line' id='line_1_35' title="bbox 1973 5449 3550 5520; baseline 0.004 -20"><span class='ocrx_word' id='word_1_213' title='bbox 1973 5463 2093 5501; x_wconf 91' lang='lat' dir='ltr'><strong>cum</strong></span> <span class='ocrx_word' id='word_1_214' title='bbox 2122 5449 2371 5520; x_wconf 85' lang='lat' dir='ltr'><strong>lacrymis</strong></span> <span class='ocrx_word' id='word_1_215' title='bbox 2399 5450 2543 5506; x_wconf 89' lang='lat' dir='ltr'><strong>dicas</strong></span> <span class='ocrx_word' id='word_1_216' title='bbox 2562 5492 2576 5517; x_wconf 93' lang='lat'><strong>,</strong></span> <span class='ocrx_word' id='word_1_217' title='bbox 2609 5450 2836 5506; x_wconf 86' lang='lat' dir='ltr'><strong>Contere</strong></span> <span class='ocrx_word' id='word_1_218' title='bbox 2862 5451 3178 5506; x_wconf 91' lang='lat' dir='ltr'><strong>obduratum</strong></span> <span class='ocrx_word' id='word_1_219' title='bbox 3213 5467 3306 5507; x_wconf 91' lang='lat' dir='ltr'><strong>cor</strong></span> <span class='ocrx_word' id='word_1_220' title='bbox 3331 5471 3508 5509; x_wconf 90' lang='lat' dir='ltr'><strong>meum</strong></span> <span class='ocrx_word' id='word_1_221' title='bbox 3536 5470 3550 5507; x_wconf 92' lang='lat'><strong>:</strong></span> 
     </span>
    </p>
   </div>
   <div class='ocr_carea' id='block_1_35' title="bbox 1975 5539 3547 5613">
    <p class='ocr_par' dir='ltr' id='par_1_35' title="bbox 1975 5539 3547 5613">
     <span class='ocr_line' id='line_1_36' title="bbox 1975 5539 3547 5613; baseline 0.003 -21"><span class='ocrx_word' id='word_1_222' title='bbox 1975 5548 2184 5608; x_wconf 61' lang='lat' dir='ltr'><strong>quantae</strong></span> <span class='ocrx_word' id='word_1_223' title='bbox 2212 5541 2431 5612; x_wconf 88' lang='lat' dir='ltr'><strong>pietatis</strong></span> <span class='ocrx_word' id='word_1_224' title='bbox 2463 5549 2645 5611; x_wconf 63' lang='lat' dir='ltr'><strong>quant:</strong></span> <span class='ocrx_word' id='word_1_225' title='bbox 2673 5539 2902 5597; x_wconf 76' lang='lat' dir='ltr'><strong>fervoris</strong></span> <span class='ocrx_word' id='word_1_226' title='bbox 2932 5542 3140 5611; x_wconf 87' lang='lat' dir='ltr'><strong>signum</strong></span> <span class='ocrx_word' id='word_1_227' title='bbox 3185 5558 3306 5598; x_wconf 90' lang='lat' dir='ltr'><strong>esse</strong></span> <span class='ocrx_word' id='word_1_228' title='bbox 3349 5553 3547 5613; x_wconf 88' lang='lat' dir='ltr'><strong>putan-</strong></span> 
     </span>
    </p>
   </div>
   <div class='ocr_carea' id='block_1_36' title="bbox 1979 5631 3556 5695">
    <p class='ocr_par' dir='ltr' id='par_1_36' title="bbox 1979 5631 3556 5695">
     <span class='ocr_line' id='line_1_37' title="bbox 1979 5631 3556 5695; baseline 0 -10"><span class='ocrx_word' id='word_1_229' title='bbox 1979 5631 2102 5686; x_wconf 89' lang='lat' dir='ltr'><strong>dum</strong></span> <span class='ocrx_word' id='word_1_230' title='bbox 2145 5632 2267 5687; x_wconf 86' lang='lat' dir='ltr'><strong>est?</strong></span> <span class='ocrx_word' id='word_1_231' title='bbox 2295 5631 2452 5689; x_wconf 83' lang='lat' dir='ltr'><strong>Certe</strong></span> <span class='ocrx_word' id='word_1_232' title='bbox 2488 5633 2532 5688; x_wconf 90' lang='lat' dir='ltr'><strong>si</strong></span> <span class='ocrx_word' id='word_1_233' title='bbox 2578 5640 2635 5687; x_wconf 90' lang='lat' dir='ltr'><strong>ut</strong></span> <span class='ocrx_word' id='word_1_234' title='bbox 2666 5647 2763 5688; x_wconf 86' lang='lat' dir='ltr'><strong>nos</strong></span> <span class='ocrx_word' id='word_1_235' title='bbox 2807 5632 3131 5688; x_wconf 85' lang='lat' dir='ltr'><strong>dormientes</strong></span> <span class='ocrx_word' id='word_1_236' title='bbox 3170 5644 3451 5695; x_wconf 73' lang='lat' dir='ltr'><strong>excuares,</strong></span> <span class='ocrx_word' id='word_1_237' title='bbox 3490 5634 3556 5686; x_wconf 82' lang='lat' dir='ltr'><strong>ad</strong></span> 
     </span>
    </p>
   </div>
  </div>
