4124 6144
577 357 680 413 595

579 475 683 525 hoc
711 475 1077 538 argumentum
1100 462 1422 535 pertraxisti,
1448 467 1692 531 magnam
1718 459 1858 513 illam
1893 466 2034 511 luam
2066 470 2155 508 sa-

579 561 829 630 pientiam
860 555 1350 626 providentiamque
1371 552 1607 621 approbo
1631 566 1647 616 ;
1678 550 1758 605 sin
1787 557 1961 603 autem
1988 554 2046 600 ut
2066 545 2159 599 tibi

580 649 922 712 consuleres,
972 656 1120 700 ratus
1160 653 1213 699 te
1242 644 1505 698 excitante
1530 656 1664 712 opus
1703 641 1898 694 habere
1923 680 1937 703 ,
1982 636 2162 691 nescio

580 752 690 807 quo
716 745 868 806 pacto
899 749 996 788 nos
1027 734 1241 788 aliunde
1270 733 1515 788 docueris
1535 773 1548 798 ,
1581 741 1631 785 te
1660 747 1763 784 non
1798 739 1976 783 nostra
2006 740 2163 796 egere

582 841 766 895 opera.
799 824 927 881 Utut
970 839 1099 878 vero
1125 824 1232 888 sit,
1265 823 1357 876 tibi
1400 821 1883 892 ohtcmperahimus
1913 827 1967 873 et
2003 817 2163 872 obse-

581 932 828 985 quemur,
871 916 1033 970 nullis
1083 930 1188 969 non
1219 915 1508 969 rationibus
1540 913 1801 984 permoti,
1847 920 1932 965 tua
1975 923 2166 978 nempe

585 1005 638 1059 in
674 1006 840 1060 Deum
872 1005 1059 1059 fiducia
1085 1046 1100 1070 ,
1129 1005 1366 1059 studioso
1411 1016 1626 1073 rngalu,
1658 1018 1839 1057 amore
1867 1001 2057 1056 nostri.
2089 1001 2166 1054 Tu

584 1099 807 1166 gratiam
839 1097 1100 1166 rependas
1141 1097 1302 1151 velim
1348 1098 1590 1166 precibus
1637 1096 1739 1150 tuis
1762 1136 1776 1161 ,
1815 1103 1874 1149 ut
1902 1094 2167 1164 possimus

584 1198 640 1244 et
680 1188 843 1242 vitam
882 1187 1168 1242 emendare
1214 1195 1450 1241 nostram
1495 1188 1544 1253 ί,
1585 1195 1639 1241 et
1691 1187 1740 1239 in
1783 1185 2032 1255 praesenti
2083 1183 2166 1238 di-

589 1295 749 1349 gnum
781 1280 1050 1350 quidpiam
1079 1278 1337 1348 proferre,
1367 1279 1505 1349 quod
1530 1279 1697 1348 possit
1720 1287 1773 1333 et
1795 1278 2032 1347 jacentes
2057 1277 2168 1330 ani-

593 1386 708 1425 mas
733 1371 960 1439 erigere,
992 1380 1046 1426 et
1074 1373 1325 1426 remissas
1367 1371 1728 1442 constringere
1759 1372 2168 1440 restituereque.

596 1463 744 1519 Unde
766 1464 924 1534 igitur
943 1463 1114 1527 nobis,
1137 1463 1278 1518 unde
1297 1463 1558 1518 sermonis
1577 1462 1851 1517 exordium
1869 1461 2004 1517 erit?
2020 1459 2171 1526 Quod

591 1553 664 1607 illi
705 1551 1136 1620 fundamentum,
1177 1568 1335 1623 quam
1374 1553 1698 1623 crepidinem
1734 1567 2022 1622 ponemus,
2071 1552 2172 1607 nisi

594 1644 750 1698 verba
782 1644 1010 1710 Christi,
1044 1646 1131 1715 qui
1158 1646 1382 1699 miseros
1411 1644 1666 1714 prmdicat
1700 1660 1792 1699 eos
1830 1645 1917 1713 qui
1960 1644 2168 1708 rident,

593 1734 778 1788 beatos
797 1743 970 1790 autem
998 1750 1092 1789 eos
1120 1736 1210 1804 qui
1241 1735 1440 1804 lugent,
1461 1735 1541 1788 his
1569 1735 1747 1789 verbis
1776 1752 1788 1787 :
1817 1735 1957 1787 Beati
1984 1735 2071 1804 qui
2096 1735 2176 1788 lu-

594 1832 728 1894 gent,
752 1825 987 1889 quoniam
1003 1824 1100 1891 ipsi
1113 1823 1501 1879 consolabuntur
1524 1827 1545 1895 (
1551 1823 1602 1876 Μ
1607 1821 1876 1894 attlt.5.5):
1901 1831 1974 1888 et,
1989 1822 2079 1878 Va:
2093 1825 2177 1893 qui

593 1915 766 1968 ridetis
781 1932 931 1980 nunc,
952 1917 1189 1983 quoniam
1213 1916 1442 1987 lugebitis
1473 1926 1516 1968 et
1541 1917 1722 1986 ﬂebitis
1743 1914 1892 1984 (Luc.
1910 1915 2080 1988 6.25).
2105 1918 2179 1972 Ac

593 2006 714 2076 jure
733 2008 923 2061 merito
954 2008 1166 2077 quidem
1191 2027 1201 2061 :
1224 2008 1395 2061 luctus
1416 2009 1554 2062 enim
1583 2024 1726 2074 vere,
1742 2009 1915 2062 luctus
1937 2024 1997 2062 ac
2012 2009 2180 2078 gemi-

604 2109 750 2151 tuum
771 2107 852 2152 est
875 2106 1039 2152 totum
1058 2100 1338 2168 praesentis
1356 2099 1476 2152 vita:
1501 2108 1726 2169 tempus:
1749 2107 1890 2153 tanta
1906 2099 2180 2154 calamitas

599 2189 900 2243 universum
929 2190 1119 2243 invasit
1150 2189 1357 2254 orbem,
1393 2199 1533 2244 tanta
1565 2205 1750 2245 omnes
1776 2191 2019 2245 homines
2043 2190 2180 2245 deti-

599 2289 729 2333 nent
756 2281 908 2345 mala,
937 2290 995 2334 ut
1021 2280 1064 2334 si
1087 2281 1202 2350 quis
1233 2281 1358 2334 velit
1386 2297 1444 2335 ea
1473 2290 1718 2336 accurate
1743 2280 2073 2352 perpendere
2093 2324 2106 2349 ,
2136 2281 2181 2337 si

599 2381 775 2426 tamen
819 2380 1064 2426 accurate
1107 2372 1313 2441 possit,
1357 2387 1645 2442 numquam
1687 2373 1844 2428 finem
1885 2373 2098 2442 lugendi
2127 2381 2183 2428 et

601 2461 928 2532 lacrymaudi
959 2461 1191 2516 facturus
1230 2463 1335 2516 sit:
1373 2463 1442 2517 ita
1470 2478 1660 2532 nempe
1688 2464 1864 2518 omnia
1904 2478 2088 2518 eversa
2129 2472 2183 2518 et

601 2551 821 2605 confusa
852 2560 1009 2618 sunt,
1042 2553 1113 2604 ita
1143 2552 1343 2606 nullum
1380 2567 1602 2622 usquam
1644 2553 1853 2607 virtutis
1879 2553 2180 2622 vestigium.

601 2643 752 2707 Quod
800 2653 979 2696 autem
1020 2642 1173 2712 longe
1216 2642 1478 2697 infelicius
1519 2651 1628 2709 est,
1675 2657 1774 2697 nos
1813 2643 2181 2712 occupantium

604 2732 863 2786 malorum
907 2746 972 2785 ne
1013 2746 1226 2786 sensum
1263 2732 1474 2802 quidem
1517 2732 1602 2787 vel
1633 2732 1922 2798 habemus,
1953 2733 2036 2787 vel
2065 2733 2184 2787 aliis

604 2823 938 2891 praebemus;
981 2822 1074 2876 sed
1119 2823 1319 2877 similes
1363 2838 1547 2878 sumus
1590 2823 1800 2892 corpori
1851 2823 2184 2878 extrinsecus

604 2913 835 2976 florenti,
873 2913 1189 2967 intrinsecus
1218 2928 1346 2966 vero
1374 2913 1492 2982 igne
1518 2913 1830 2982 liquescenti
1860 2931 1872 2966 :
1904 2914 2185 2983 omnisque

607 3019 797 3059 sensus
827 3015 1098 3074 expertes,
1131 3005 1260 3059 nihil
1286 3005 1578 3060 differimus
1607 3021 1636 3059 a
1664 3015 1841 3060 mente
1865 3006 2064 3076 captis,
2095 3005 2184 3075 qui

610 3097 774 3150 multa
823 3097 1118 3166 periculosa
1168 3106 1223 3152 et
1271 3098 1440 3167 turpia
1489 3099 1604 3152 sine
1634 3106 1778 3152 metu
1815 3099 1995 3153 dicunt
2018 3107 2072 3154 et
2100 3098 2184 3153 fa-

603 3190 769 3254 ciunt,
791 3205 886 3243 nec
902 3189 1012 3243 ullo
1031 3188 1229 3259 pudore
1252 3199 1519 3256 tenentur,
1543 3189 1633 3243 sed
1659 3190 1950 3260 gloriantur
1973 3190 2187 3246 adstan-

608 3281 854 3350 tibusque
883 3295 942 3335 se
966 3281 1316 3349 sapientiores
1346 3296 1465 3335 esse
1493 3289 1695 3350 putant.
1722 3281 1794 3335 ita
1823 3291 1875 3336 et
1902 3297 2000 3336 nos
2019 3324 2034 3349 ,
2065 3297 2186 3337 cum

605 3372 782 3426 omnia
825 3386 944 3442 qua:
987 3381 1303 3442 tngrotorum
1347 3383 1469 3428 sunt
1495 3390 1742 3444 agamus,
1776 3390 1843 3429 ne
1881 3374 1984 3430 hoc
2013 3376 2185 3444 ipsum

607 3463 856 3533 quidem,
885 3464 1025 3533 quod
1057 3473 1402 3534 a‘grotemus,
1449 3467 1665 3519 scimus.
1699 3467 1764 3519 At
1790 3466 1930 3519 enim
1957 3465 2098 3535 quod
2120 3465 2187 3519 ad

610 3568 806 3622 corpus
827 3562 1064 3622 spectat,
1089 3555 1133 3608 si
1160 3555 1242 3609 vel
1270 3556 1400 3609 levis
1430 3556 1711 3610 infirmitas
1749 3555 1919 3621 adsit,
1953 3556 2189 3610 medicos

607 3645 968 3710 advocemus,
1008 3646 1258 3714 pecunias
1300 3645 1658 3715 impendimus
1683 3687 1697 3712 ,
1743 3647 2186 3715 perseverantiam

609 3739 923 3794 exhibemus
946 3781 960 3803 ,
1012 3754 1109 3793 nec
1138 3741 1280 3808 prius
1311 3740 1468 3793 finem
1503 3739 1678 3792 omnia
1706 3738 1896 3807 agendi
1925 3737 2145 3792 facimus
2167 3780 2182 3804 ,

610 3845 769 3898 quam
811 3828 1178 3900 aegritudinem
1223 3829 1590 3898 deponamus;
1634 3831 1825 3882 animm
1857 3843 1981 3883 vero
2016 3830 2188 3899 quoti-

610 3920 783 3975 dianis
817 3922 1118 3976 vulneribus
1147 3919 1408 3976 confossa:
1429 3961 1442 3983 ,
1487 3919 1765 3988 discerpta:
1793 3921 2067 3989 corporeis
2105 3921 2187 3974 af-

611 4010 963 4076 fectionibus,
995 4011 1196 4064 adustae
1219 4050 1234 4074 ,
1279 4025 1373 4079 per
1411 4009 1698 4078 praecipitia
1738 4018 1900 4074 actm,
1931 4025 1994 4062 ac
2019 4009 2190 4063 modis

611 4101 860 4155 omnibus
901 4101 1170 4170 pereuntis
1199 4143 1214 4166 ,
1261 4116 1327 4155 ne
1366 4101 1638 4154 minimam
1671 4101 1886 4170 quidem
1931 4102 2188 4156 rationem

614 4192 888 4247 habemus.
934 4192 1100 4261 llnjus
1133 4201 1306 4247 autem
1337 4193 1410 4246 rei
1440 4207 1597 4247 causa
1625 4201 1707 4247 est
1729 4235 1744 4261 ,
1791 4193 1931 4263 quod
1974 4195 2191 4249 morbus

613 4295 800 4336 ()IIIIICS
822 4283 1115 4351 occuparit.
1146 4286 1222 4337 Ac
1246 4283 1689 4354 quemadmodum
1717 4327 1731 4349 ,
1777 4286 1820 4338 si
1851 4285 1988 4340 inter
2016 4301 2191 4355 aegros

613 4386 836 4440 corpore
876 4388 1031 4427 nemo
1061 4388 1220 4428 sanus
1264 4373 1438 4440 adsit,
1483 4375 1614 4428 nihil
1653 4375 1872 4444 impedit
1909 4377 2192 4445 quominus

617 4481 803 4520 mnnes
832 4465 882 4520 in
909 4476 1200 4521 extremam
1242 4477 1397 4520 ruant
1424 4467 1716 4536 perniciem
1738 4508 1752 4533 ,
1780 4467 1992 4522 nemine
2021 4466 2192 4522 effrac-

615 4572 709 4611 nes
756 4571 940 4611 eorum
986 4558 1261 4626 cupidines
1304 4557 1586 4613 cohibente
1625 4576 1636 4610 :
1691 4559 1768 4611 sic
1793 4565 1848 4612 et
1887 4557 2026 4626 apud
2057 4573 2188 4624 nos,

614 4647 750 4716 quod
784 4662 940 4702 nemo
962 4646 1194 4716 perfecte
1219 4662 1380 4702 sanus
1410 4648 1461 4703 in
1492 4647 1593 4702 fide
1613 4649 1700 4713 sit,
1733 4647 1828 4701 sed
1849 4662 2036 4701 omnes
2056 4689 2072 4714 ,
2101 4647 2191 4701 alii

617 4741 764 4806 plus,
790 4739 879 4792 alii
904 4741 1077 4794 minus
1101 4740 1458 4805 inﬁrmentur,
1492 4755 1649 4794 nemo
1677 4750 1759 4795 est
1783 4739 1872 4808 qui
1895 4739 2192 4809 jacentibus

615 4833 922 4898 opituletur.
980 4832 1112 4885 Nam
1160 4833 1203 4887 si
1259 4833 1376 4903 quis
1422 4834 1755 4889 extrinsecus
1802 4833 2096 4897 accedens,
2139 4840 2195 4888 et

616 4920 810 4972 christi
838 4930 1098 4988 praecepta
1121 4961 1134 4985 ,
1163 4929 1217 4975 et
1242 4923 1363 4976 vita:
1404 4933 1599 4978 nostrae
1633 4923 1997 4979 confusionem
2027 4923 2194 4994 probe

616 5010 877 5075 didicerit,
907 5011 1088 5065 nescio
1119 5025 1185 5065 an
1225 5014 1500 5081 quospiam
1531 5013 1665 5067 alios
1692 5012 1907 5069 Christo
1935 5014 2188 5068 inimicio-

618 5114 723 5163 res,
747 5113 904 5167 quam
950 5115 1048 5155 nos
1087 5115 1206 5156 esse
1237 5101 1569 5156 arbitretur:
1609 5103 1680 5156 ita
1720 5104 1862 5158 enim
1895 5104 2032 5159 hanc
2055 5105 2191 5158 viam

617 5189 978 5256 decurrimus,
1019 5205 1082 5244 ac
1123 5191 1168 5246 si
1211 5192 1528 5246 contrariam
1557 5193 1673 5263 ejus
1700 5194 1961 5250 mandatis
1991 5196 2193 5265 ingredi

620 5278 899 5334 vellemus.

685 5367 740 5421 2.
772 5369 849 5424 Ne
877 5371 994 5440 quis
1028 5379 1201 5426 autem
1243 5372 1358 5426 haec
1400 5388 1494 5443 per
1535 5373 1861 5446 hyperbolen
1892 5375 2031 5431 dicta
2069 5391 2189 5434 esse

618 5460 918 5526 existimet,
958 5462 1464 5519 demonstrationem
1503 5465 1611 5535 jam
1651 5465 1841 5522 afferre
1890 5467 2191 5538 aggrediar,

621 5565 718 5606 nec
757 5551 970 5606 aliunde
994 5594 1008 5618 ,
1039 5569 1198 5622 quam
1243 5571 1305 5610 ex
1350 5556 1478 5625 ipsis
1506 5555 1702 5613 Christi
1745 5559 2028 5614 mandatis.
2059 5558 2193 5626 Quid

619 5658 744 5714 ergo
778 5641 852 5696 ait
886 5642 1164 5700 Christus?
1201 5646 1424 5703 Audistis
1451 5649 1569 5718 quia
1607 5651 1792 5706 dictum
1833 5659 1907 5706 est
1942 5650 2190 5720 antiquis,

685 5754 700 5784 '
739 5759 898 5818 Deest,
923 5760 1150 5818 nostram,
1174 5758 1220 5806 in
1236 5758 1364 5808 Colb.
1391 5766 1586 5811 tantum.

1282 350 1340 406 S.
1379 344 1656 405 JOANNIS
1695 337 2166 401 CllRYSOSTOMl
2204 335 2522 394 ARCHIEP.
2563 334 3098 394 CONSTANTINOP.

3748 332 3858 386 396

2269 451 2389 506 Non
2418 452 2632 506 occides.
2663 451 2774 522 Ego
2803 461 2969 506 autem
2994 451 3106 504 dico
3127 449 3282 513 vobis,
3311 450 3430 518 quia
3458 449 3620 503 omnis
3640 465 3724 517 qui
3747 453 3858 502 ira-

2267 544 2423 597 scitur
2450 545 2596 614 fratri
2625 561 2713 597 suo
2739 546 2847 598 sine
2867 561 3040 609 causa,
3071 559 3186 596 reus
3208 542 3299 596 erit
3317 543 3534 612 judicio.
3569 541 3667 606 Qui
3686 553 3860 596 autem

2267 636 2450 691 dixerit
2482 638 2628 708 fratri
2665 653 2792 703 suo,
2823 653 2979 702 raca,
3009 652 3124 689 reus
3163 635 3256 688 erit
3285 634 3517 687 concilio.
3554 633 3653 698 Qui
3690 645 3862 687 autem

2270 728 2451 781 dixerit
2471 767 2485 791 ,
2514 732 2652 797 fatue
2672 767 2688 793 ,
2728 743 2844 780 reus
2878 727 2970 780 erit
3008 726 3246 796 gehennae
3271 725 3401 793 ignis
3435 723 3647 795 (Matth.
3680 726 3732 778 5.
3763 724 3859 778 2l.

2268 819 2380 888 22).
2409 819 2533 873 Huic
2557 819 2771 888 quidem
2802 817 3062 872 Christus.
3092 815 3200 869 Nos
3229 824 3406 869 autem
3448 815 3565 884 plus
3589 855 3602 880 ,
3635 830 3792 883 quam
3825 814 3864 867 ii

2269 912 2358 980 qui
2387 909 2643 964 increduli
2683 917 2827 972 sunt,
2860 909 2998 962 hanc
3025 907 3192 977 legem
3219 906 3508 971 calcan'ius,
3541 906 3665 959 dum
3695 907 3860 959 innu-

2271 1002 2434 1056 meris
2459 1000 2695 1070 quotidie
2727 999 2914 1053 fratres
2944 1007 3153 1053 nostros
3192 997 3454 1052 afficimus
3493 997 3858 1051 contumeliis.

2271 1091 2531 1159 Quodque
2561 1091 2727 1160 magis
2767 1090 3047 1144 ridiculum
3077 1097 3177 1151 est,
3210 1089 3334 1142 dum
3368 1088 3434 1143 ab
3463 1087 3562 1142 hac
3591 1103 3744 1151 voce,
3774 1093 3875 1158 [η-⁸

2275 1191 2414 1246 tuus,
2439 1196 2707 1246 cavemus,
2741 1196 2882 1250 saepe
2913 1180 3012 1234 hac
3041 1179 3314 1250 graviores
3342 1180 3691 1233 contumelias
3721 1180 3866 1232 irru-

2272 1287 2478 1343 gamus,
2508 1273 2657 1342 quasi
2698 1288 2822 1326 vero
2852 1271 2977 1326 illud
3003 1272 3176 1327 solum
3207 1271 3429 1325 verbum
3460 1273 3548 1336 sit,
3574 1271 3657 1326 cui
3688 1271 3866 1338 depu-

2278 1371 2386 1416 tata
2425 1370 2506 1416 est
2545 1377 2724 1432 paena.
2764 1364 2835 1416 At
2864 1377 2951 1418 res
2989 1378 3096 1416 non
3141 1362 3212 1416 ita
3250 1377 3309 1416 se
3355 1361 3546 1428 habet,
3579 1360 3670 1415 sed
3715 1363 3863 1415 omni

2277 1455 2666 1532 contumelioso
2703 1453 2840 1509 hanc
2878 1453 3065 1509 indicit
3100 1469 3312 1524 poenam
3333 1495 3348 1519 ,
3378 1465 3437 1507 ut
3472 1454 3644 1524 palam
3683 1462 3769 1508 est
3797 1469 3866 1507 ex

2278 1547 2363 1602 his
2391 1547 2538 1600 Pauli
2563 1547 2743 1602 verbis
2767 1564 2780 1600 :
2811 1545 2987 1600 Nolite
3005 1563 3191 1612 errare,
3220 1563 3378 1615 neque
3401 1547 3681 1618 fornicarii,
3707 1562 3867 1614 neque

2279 1639 2582 1704 idololatraz,
2611 1655 2768 1706 neque
2803 1638 3041 1706 adulteri,
3073 1655 3233 1709 neque
3257 1639 3454 1704 molles,
3481 1654 3638 1707 neque
3665 1654 3866 1690 ntascu-

2281 1732 2447 1785 lorum
2489 1732 2830 1786 concubitores
2851 1772 2866 1795 ,
2903 1749 3058 1803 neque
3103 1735 3239 1802 fures
3264 1773 3278 1797 ,
3316 1747 3470 1799 neque
3504 1733 3679 1795 avari,
3709 1747 3868 1800 neque

2280 1823 2481 1890 ebriosi,
2507 1840 2664 1892 neque
2684 1824 2936 1890 maledici,
2963 1840 3120 1893 neque
3148 1839 3376 1890 rapaces,
3400 1837 3608 1892 regnum
3633 1819 3730 1874 Dei
3752 1836 3868 1890 pos-

2282 1917 2510 1971 sidebant
2546 1914 2629 1990 (1.
2664 1915 2781 1970 Cor.
2811 1916 2867 1970 6.
2896 1916 2950 1971 9.
2991 1915 3111 1986 10).
3149 1914 3302 1981 Quod
3345 1914 3390 1969 si
3428 1915 3506 1979 is,
3533 1913 3622 1983 qui
3660 1912 3865 1966 fatuum

2283 2019 2439 2066 vocat
2467 2009 2684 2065 fratrem
2713 2025 2864 2065 suum
2887 2051 2900 2074 ,
2934 2017 3177 2063 extremo
3211 2007 3401 2077 dignus
3435 2015 3519 2061 est
3553 2005 3818 2075 supplicio
3851 2023 3862 2057 :

2283 2105 2373 2174 qui
2401 2103 2702 2158 maleficum
2723 2143 2737 2166 ,
2766 2102 3002 2156 invidum
3024 2142 3040 2167 ,
3073 2100 3412 2154 temerarium
3435 2140 3448 2162 ,
3481 2099 3653 2153 inanis
3681 2097 3872 2167 gloria:

2284 2195 2532 2266 cupidum
2557 2195 2719 2260 dicit,
2748 2203 2803 2249 et
2831 2193 3022 2249 similia
3051 2192 3326 2246 innumera
3355 2191 3408 2245 in
3434 2206 3556 2245 eum
3586 2190 3870 2245 maledicta

2285 2286 2520 2354 conjicit,
2549 2286 2761 2355 quantis
2787 2299 2846 2339 se
2871 2284 3132 2354 gehennae
3169 2283 3397 2337 flammis
3425 2282 3714 2336 obnoxium
3742 2282 3870 2336 red-

2284 2377 2399 2431 dit?
2430 2376 2562 2431 Illud
2589 2377 2730 2431 enim
2750 2417 2763 2441 ,
2788 2375 2925 2445 fatue
2951 2383 3005 2429 et
3036 2391 3155 2427 raca
3174 2414 3188 2438 ,
3217 2373 3372 2442 longe
3407 2372 3575 2426 levius
3601 2380 3682 2425 est
3708 2385 3874 2440 supra

2286 2467 2462 2523 dictis.
2482 2468 2839 2534 Quamobrem
2867 2468 2956 2522 illo
2976 2468 3196 2530 omisso,
3218 2466 3318 2520 hoc
3341 2465 3585 2536 apposuit
3605 2464 3873 2524 Christus,

2287 2570 2346 2614 ut
2371 2560 2547 2615 discas
2574 2576 2639 2614 ex
2679 2558 2796 2628 ejus
2826 2558 3000 2614 verbis
3020 2600 3034 2625 ,
3063 2557 3106 2612 si
3140 2557 3309 2613 levius
3337 2556 3635 2612 convicium
3663 2554 3876 2624 gehen-

2287 2667 2408 2706 nam
2438 2651 2676 2716 attrahit,
2710 2652 2876 2706 multo
2907 2651 3078 2722 magis
3103 2665 3222 2720 quze
3246 2648 3490 2722 graviora
3518 2657 3572 2704 et
3606 2648 3876 2702 atrociora

2287 2749 2412 2796 sunt
2437 2741 2488 2796 id
2511 2739 2761 2796 effectura
2788 2755 2926 2796 esse.

2361 2831 2602 2887 Maledici
2639 2850 2670 2886 a
2706 2849 2859 2903 regno
2903 2833 3140 2887 caelorum
3181 2830 3390 2886 exclusi.
3417 2860 3489 2872 --
3513 2829 3664 2898 Quod
3703 2829 3748 2884 si
3785 2831 3877 2900 qui

2289 2924 2596 2979 existiment
2622 2923 2673 2978 id
2700 2939 2794 2993 per
2818 2923 3143 2995 hyperbolen
3169 2922 3272 2977 dici
3297 2922 3606 2994 (nonnullos
3631 2921 3774 2976 enim
3805 2923 3881 2974 sic

2289 3014 2508 3069 affectos
2535 3013 2658 3068 novi
2677 3057 2689 3079 ,
2719 3015 2807 3085 qui
2839 3023 3026 3084 putant
3054 3013 3286 3068 terrendi
3316 3012 3488 3066 solum
3517 3027 3679 3067 causa
3711 3011 3880 3066 hasce

2289 3105 2461 3160 minas
2486 3105 2778 3175 intentari),
2800 3113 2964 3160 restat
2983 3113 3040 3159 ut
3059 3103 3349 3169 adulteros,
3373 3105 3724 3158 masculorum
3745 3118 3881 3158 con-

2290 3196 2559 3251 cubitores
2579 3237 2600 3263 ,
2636 3196 2858 3258 molles,
2889 3195 3190 3250 idololatras
3227 3211 3256 3248 a
3289 3204 3581 3249 memorato
3617 3193 3883 3262 supplicio

2291 3287 2544 3342 eximant.
2571 3285 2702 3340 Nam
2728 3286 2772 3340 si
2801 3286 3030 3342 terrendi
3057 3286 3226 3340 solum
3248 3301 3406 3340 causa
3429 3285 3702 3340 maledicis
3729 3300 3884 3339 com-

2293 3377 2523 3432 minatus
2551 3385 2649 3442 est,
2679 3377 2849 3446 palam
2872 3385 2953 3431 est
2981 3385 3035 3431 et
3051 3377 3117 3431 de
3141 3377 3356 3446 reliquis
3376 3375 3616 3430 eamdem
3639 3389 3760 3428 esse
3789 3391 3884 3427 ra-

2293 3468 2491 3523 tionem
2523 3485 2536 3522 :
2567 3483 2688 3522 cum
2717 3469 2857 3522 enim
2895 3482 3081 3521 omnes
3111 3466 3266 3520 simul
3298 3465 3594 3535 posuisset,
3624 3465 3700 3518 sic
3727 3466 3883 3534 regni

2293 3559 2632 3613 amissionem
2665 3558 2856 3612 intulit.
2885 3557 3022 3624 Quid
3051 3557 3228 3626 igitur,
3257 3556 3482 3625 inquies,
3513 3555 3883 3608 maledicusnt-

2293 3663 2414 3702 cum
2440 3648 2682 3702 adultero
2711 3658 2763 3703 et
2789 3649 2950 3703 molle
2979 3654 3033 3702 et
3056 3642 3214 3701 avaro
3236 3655 3290 3700 et
3315 3647 3591 3700 idololatra
3617 3648 3885 3715 ponetur?

2294 3737 2480 3794 Utrum
2511 3739 2747 3803 easdem,
2779 3753 2908 3808 quas
2940 3737 3036 3803 illi,
3077 3753 3262 3806 poenas
3289 3737 3507 3791 daturus
3537 3739 3624 3803 sit,
3655 3737 3886 3791 alterius

2253 3845 2258 3850 “
2294 3837 2377 3883 est
2402 3829 2654 3896 temporis
2682 3829 2948 3898 inquirere
2976 3847 2989 3883 :
3013 3829 3152 3898 quod
3179 3837 3355 3882 autem
3379 3844 3408 3881 a
3435 3843 3600 3897 regno
3625 3829 3882 3882 caelorum

2294 3920 2539 3974 similiter
2583 3919 2825 3984 excidat,
2868 3919 3031 3973 Paulo
3076 3919 3236 3973 credo
3280 3919 3507 3982 dicenti,
3552 3918 3661 3971 imo
3705 3920 3885 3987 potius

2293 4009 2502 4065 Christo
2531 4025 2628 4079 per
2657 4010 2801 4064 illum
2830 4010 3092 4080 operanti,
3122 4010 3261 4080 quod
3293 4025 3482 4079 nempe
3509 4026 3681 4079 neque
3708 4010 3760 4064 hi
3790 4027 3884 4064 ne-

2295 4117 2397 4172 que
2417 4100 2491 4154 illi
2515 4115 2732 4170 regnum
2764 4100 2855 4154 Dei
2889 4100 3183 4169 possessuri
3209 4100 3332 4154 sint.
3361 4099 3544 4168 Neque
3579 4099 3677 4153 hac
3705 4100 3880 4154 solum

2295 4192 2348 4246 in
2380 4206 2454 4255 re,
2485 4189 2580 4244 sed
2605 4190 2761 4244 etiam
2791 4190 2842 4243 in
2869 4190 2985 4243 aliis
3006 4189 3183 4245 multis
3211 4189 3418 4260 plurimi
3442 4190 3511 4243 ita
3531 4189 3704 4244 affecti
3731 4200 3879 4256 sunt,

2297 4295 2354 4340 ut
2379 4301 2498 4355 qua:
2527 4285 2744 4339 omnino
2770 4293 3020 4338 eventura
3051 4293 3206 4351 sunt,
3239 4283 3577 4354 hyperbolice
3605 4283 3746 4338 dicta
3777 4299 3875 4352 pu-

2297 4384 2430 4431 tent.
2460 4375 2756 4429 Diabolicus
2776 4382 2951 4428 autem
2974 4383 3055 4428 est
3080 4373 3166 4428 hic
3195 4374 3431 4443 laqueus.
3459 4373 3529 4429 Ut
3551 4374 3692 4428 enim
3717 4372 3879 4426 futuri

2296 4466 2538 4538 supplicii
2567 4475 2769 4520 metum
2795 4465 3026 4520 solveret
3052 4465 3137 4528 iis,
3165 4467 3252 4534 qui
3282 4465 3334 4518 in
3362 4464 3582 4519 caritate
3609 4464 3702 4518 Dei
3731 4479 3878 4518 com-

2297 4559 2478 4630 puncti
2524 4567 2678 4614 erant
2729 4558 2768 4620 ί,
2828 4571 3024 4627 eosque
3075 4555 3142 4608 ad
3183 4554 3577 4624 obsequendum
3619 4553 3879 4607 mandatis

2296 4651 2628 4709 remissiores
2670 4648 2935 4713 efficeret,
2982 4647 3299 4717 hyperboles
3335 4645 3752 4700 consolationem
3795 4645 3875 4697 in-

2297 4741 2475 4809 duxit,
2507 4756 2625 4810 quae
2655 4741 2706 4793 in
2737 4739 2984 4808 prmsenti
3013 4737 3225 4807 quidem
3262 4737 3535 4806 segniores
3558 4735 3766 4789 animos
3795 4735 3875 4788 in-

2297 4848 2480 4889 escare
2505 4840 2710 4902 potest,
2739 4831 2830 4886 sed
2859 4831 2910 4885 in
2941 4829 3026 4884 die
3049 4829 3232 4899 judicii
3266 4827 3635 4898 redarguetur,
3667 4827 3876 4898 quando

2297 4925 2429 4979 nihil
2458 4923 2580 4978 inde
2618 4923 2748 4977 lucri
2777 4920 3030 4977 accedere
3059 4921 3271 4990 poterit.
3297 4920 3433 4988 Quid
3457 4920 3629 4985 enim,
3660 4933 3840 4989 quaeso
3858 4960 3871 4981 ,

2297 5013 2538 5072 utilitatis
2563 5015 2648 5080 iis,
2679 5013 2769 5083 qui
2801 5027 2942 5066 nunc
2971 5011 3179 5081 decepti
3217 5019 3361 5076 sunt,
3388 5011 3433 5066 si
3463 5018 3589 5066 tunc
3618 5009 3872 5063 fallaciam

2298 5114 2619 5177 agnoscant;
2651 5121 2772 5160 cum
2803 5104 2934 5158 nihil
2973 5119 3038 5158 ex
3080 5103 3390 5173 paenitentia
3427 5109 3681 5172 poterunt
3710 5101 3761 5154 in
3791 5115 3871 5153 re-

2298 5197 2626 5253 surrectione
2643 5195 2848 5266 iuvari?
2865 5193 2942 5249 Ne
2961 5194 3138 5265 itaque
3156 5193 3510 5262 nosmetipsos
3528 5191 3872 5261 decipiamus,

2299 5305 2472 5360 neque
2497 5287 2974 5344 circumveniamur
3003 5287 3056 5340 in
3087 5285 3375 5356 perniciem
3411 5292 3676 5348 nostram,
3710 5295 3876 5351 neque

2298 5380 2438 5435 aliud
2467 5379 2620 5434 nobis
2647 5378 2961 5449 supplicium
2990 5391 3362 5447 procuremus,
3391 5389 3582 5444 nempe
3610 5390 3674 5428 es
3704 5374 3875 5427 incre-

2298 5472 2536 5526 dulitate.
2565 5470 2680 5525 Non
2716 5470 2858 5524 enim
2895 5468 3066 5524 solum
3106 5465 3368 5520 mandatis
3392 5464 3586 5519 Christi
3630 5479 3737 5517 non
3777 5461 3874 5516 ob-

2299 5572 2614 5633 temperare,
2652 5560 2745 5615 sed
2780 5560 2937 5615 etiam
2977 5559 3041 5614 iis
3083 5573 3189 5613 non
3227 5557 3466 5621 credere,
3504 5555 3872 5627 gravissimum

2364 5697 2378 5727 ¹
2406 5703 2532 5751 Haec,
2556 5692 2633 5753 iis,
2653 5691 2736 5754 qui
2753 5691 2801 5741 in
2826 5688 3025 5754 caritate
3050 5689 3139 5740 Dei
3158 5688 3606 5754 comptmctiermtt,
3629 5687 3805 5737 desmtt
3825 5685 3870 5732 in

2300 5756 2430 5808 Colb.
2461 5765 2511 5806 et
2534 5757 2580 5805 in
2600 5751 2762 5816 Savil.,
2785 5762 2931 5816 atque
2956 5753 3004 5802 in
3026 5751 3190 5802 ﬂoret.
3218 5751 3398 5802 tantum
3430 5751 3687 5799 habentur.
