4124 6144
552 335 653 390 5ῦῖ

553 450 723 503 Ὅταν
739 449 848 521 γὰρ
869 449 966 521 τὴν
994 448 1167 520 ἐκτῆς
1193 447 1440 521 ὑπακοῆς
1455 450 1754 518 ἀσφάλειαν
1778 451 1857 523 μὴ
1875 451 2227 522 ἐθελήσωμεν

550 529 765 590 ἐαυτοῖς
791 528 1137 599 πορίσασθαι,
1159 528 1295 599 μηδὲ
1312 527 1382 581 τὰ
1402 531 1855 601 προστεταγμένα
1874 533 2066 596 ποιεῖν,
2083 531 2226 584 ὥστε

551 606 858 671 ἀπαλλάξαι
881 608 975 661 τοῦ
995 608 1162 678 φόϐου
1177 608 1297 662 τῶν
1324 608 1624 680 μελλόντων
1652 609 1742 664 τὸν
1762 609 2041 683 λογισμὸν,
2057 611 2226 682 βαρυ-

551 685 765 754 νόμενοι
794 685 873 756 τῷ
908 687 1172 741 συνειδότι
1205 690 1300 741 καὶ
1329 688 1647 757 ἁγχόμενοι,
1678 690 1771 743 καὶ
1801 690 1893 743 τὸν
1917 689 2084 743 πολὺν
2119 689 2226 742 τῶν

551 763 819 833 κειμένων
849 765 1122 819 κολάσεων
1155 767 1321 834 φόϐον
1349 766 1649 838 ἀπορρῖψαι
1700 767 2111 832 σπουδάζοντες,
2146 770 2226 831 είς

550 840 737 913 ἕτερον
788 844 1016 907 ἑαυτοὺς
1061 843 1472 915 καταϐάλλομεν
1514 844 1821 917 βάραθρον,
1866 846 2226 910 ἀπιστοῦντες

550 926 662 987 τοῖς
695 924 1077 996 κολαστηρίοις
1109 925 1358 990 ἐκείνοις.
1392 927 1502 980 Καὶ
1530 926 1780 999 καθάπερ
1802 928 1851 980 οί
1891 926 2070 999 πολλῷ
2097 945 2223 981 συν-

550 1002 799 1074 εχόμενοι
828 1003 1068 1074 πυρετῷ,
1104 1005 1200 1058 καὶ
1227 1004 1366 1058 κατά
1403 1004 1511 1059 τῶν
1533 1005 1757 1078 ψυχρῶν
1797 1006 2073 1077 πηδῶντες
2095 1006 2220 1060 ὑδά-

549 1098 676 1147 των,
709 1083 807 1136 οὑκ
839 1083 1293 1138 ἀποτινάσσονται
1327 1083 1386 1136 τὸ
1417 1087 1626 1153 πνῖγος,
1654 1084 1770 1139 ἀλλ’
1795 1085 1981 1156 ἕτερον
2014 1088 2227 1150 ἑαυτοῖς

551 1162 907 1234 προστιθέασι
932 1162 1073 1234 πῦρ·
1116 1163 1259 1216 οὑτω
1288 1163 1385 1217 καὶ
1413 1165 1596 1235 ἡμεῖς,
1627 1164 1976 1235 κεντούμενοι
2009 1164 2087 1235 τῷ
2116 1165 2224 1219 τῶν

551 1241 967 1313 ἁμαρτημάτων
1000 1243 1286 1307 συνειδότι,
1313 1245 1392 1307 είς
1421 1244 1512 1298 τὸν
1539 1244 1638 1315 τῆς
1669 1244 1978 1316 ὑπερϐολῆς
2002 1243 2245 1316 εὔριπον·

548 1320 968 1385 καταποντίζειν
1004 1323 1230 1386 ἑαυτοὺς
1257 1322 1705 1394 ἀναγκαζόμεθα,
1743 1325 1830 1379 ἵνα
1852 1326 2030 1379 πάντα
2055 1324 2226 1389 ἀδεῶς

549 1400 955 1472 ἁμαρτάνοιμεν
981 1401 1075 1455 τοῦ
1097 1401 1306 1457 λοιποῦ.
1335 1403 1471 1456 Οὐδὲ
1498 1404 1607 1475 γὰρ
1648 1403 1807 1474 μόνον
1841 1404 2106 1474 παροῦσιν
2133 1405 2228 1475 69-

546 1478 814 1550 γιζόμεθα
844 1484 957 1545 τοῖς
996 1482 1273 1552 ἀδελφοῖς,
1310 1482 1447 1537 ἀλλά
1475 1483 1569 1537 καὶ
1595 1484 1792 1537 ἀποῦσι
1824 1484 2083 1549 πολλάκις
2119 1502 2226 1556 μα-

546 1560 782 1630 χόμεθα·
811 1563 949 1632 ὅπερ
996 1562 1270 1634 ὑπερϐολὴ
1314 1561 1609 1634 θηριωδίας
1652 1563 1787 1616 ἐστί.
1821 1562 1924 1618 Καὶ
1968 1566 2094 1627 τοὺς
2128 1564 2226 1633 μὲν

549 1641 769 1710 μείζους
810 1642 1020 1696 ἑαυτῶν
1058 1643 1154 1696 καὶ
1195 1642 1600 1714 δυνατωτέρους
1645 1643 1740 1696 καὶ
1782 1643 2100 1706 ἀδικοῦντας
2133 1644 2226 1697 καὶ

546 1722 871 1795 ὑϐρίζοντας
897 1724 1136 1796 φέρομεν
1163 1724 1301 1794 μετὰ
1321 1724 1621 1789 ἐπιεικείας
1638 1724 1858 1795 πολλῆς,
1877 1726 1965 1779 διὰ
1982 1725 2074 1780 τὸν
2093 1726 2224 1797 παρ’

544 1802 725 1855 αὐτῶν
754 1804 940 1873 φόϐον,
969 1807 1103 1873 πρὸς
1117 1803 1175 1857 δὲ
1190 1805 1315 1866 τοὺς
1346 1803 1643 1874 ὁμοτίμους
1659 1805 1753 1859 καὶ
1770 1804 2058 1869 ἐλάττονας
2072 1805 2225 1858 οὐδὲν

543 1882 918 1951 λελυπηκὸτας
944 1894 969 1922 α
997 1882 1434 1953 ἀπεχθανόμεθα.
1469 1882 1733 1936 Τοσοῦτον
1761 1885 1790 1936 6
1820 1883 1972 1955 παρὰ
1997 1884 2106 1937 τῶν
2126 1885 2224 1937 ἀν-

545 1960 777 2033 θρώπιον
789 1961 951 2031 φόϐος
962 1960 1054 2015 τοῦ
1068 1977 1143 2014 πα
1151 1962 1218 2032 ρά
1233 1961 1324 2015 τοῦ
1337 1962 1568 2035 Χριστοῦ
1584 1962 1803 2033 μείζονα
1815 1963 1928 2032 ἔχει
1940 1963 2036 2034 τὴν
2051 1962 2222 2034 ἰσχύν.

615 2047 685 2109 γ’.
721 2041 907 2095 Ἔστιν
934 2037 1027 2095 οὖν
1057 2043 1193 2112 ἡμῖν
1213 2042 1484 2113 σωτηρίας
1499 2041 1654 2106 ἐλπὶς
1667 2043 1937 2114 τοσαύτην
1954 2042 2225 2096 ἐνδεικνυ-

548 2121 729 2194 μένοις
765 2119 1062 2192 ὀλιγωρίαν
1087 2121 1180 2174 καὶ
1228 2122 1670 2193 καταφρόνησιν;
1708 2122 1893 2186 πόθεν,
1937 2124 2058 2176 εἰπέ
2101 2141 2221 2194 μοι;

544 2192 615 2254 Τί
639 2198 819 2265 τοίνυν
845 2200 1104 2271 φορτικὸν
1130 2200 1400 2271 ἀπῄτησε,
1426 2200 1478 2254 τί
1504 2192 1560 2256 δὲ
1588 2201 1822 2272 ἐπαχθὲς
1857 2203 1987 2275 παρ’
2013 2192 2171 2274 ἡμῶν
2195 2205 2223 2255 ὁ

546 2278 808 2351 Χριστόςς
840 2279 932 2349 Μὴ
957 2279 1201 2351 ὀργίζου,
1238 2279 1392 2350 φησὶ,
1423 2279 1502 2351 τῷ
1540 2279 1756 2351 ἀδελφῷ
1783 2297 1876 2334 σου
1904 2283 2048 2352 εἰκῆ.
2081 2283 2223 2337 Πολὺ

543 2359 602 2414 δὲ
635 2358 795 2413 τοῦτο
832 2358 1199 2431 εὐκολώτερον
1231 2359 1325 2413 τοῦ
1366 2360 1555 2431 φέρειν
1606 2361 1791 2432 ἕτερον
1823 2359 1973 2433 [126]
2011 2360 2225 2433 ὀργιζό-

548 2456 709 2510 μενον
756 2437 912 2509 είκῆ’
944 2440 1062 2492 ἐκεῖ
1119 2440 1216 2509 μὲν
1245 2439 1353 2511 γὰρ
1404 2440 1669 2510 συνῆκται
1713 2441 1813 2513 ήδη
1853 2441 1947 2496 τοῦ
1990 2443 2221 2514 πυρδςὴ

546 2519 673 2591 ῦλη,
702 2517 935 2572 ἐνταῦθα
976 2519 1056 2584 δὲ,
1086 2518 1300 2582 οὐδενὸς
1340 2519 1727 2589 ὑποκειμένου,
1758 2522 1858 2593 τὴν
1903 2521 2079 2591 φλόγα
2128 2525 2226 2576 ἀν-

544 2600 738 2661 άπτεις
763 2598 958 2661 αὐτός·
995 2599 1096 2651 οὐκ
1137 2597 1251 2651 ἐστι
1280 2597 1337 2650 δὲ
1378 2598 1512 2662 ἴσον,
1545 2599 1731 2670 ἐτέρου
1765 2598 2023 2670 λαμπάδα
2057 2619 2227 2673 προσ-

545 2677 794 2745 άγοντος,
843 2678 1135 2747 καρτερεῖν
1173 2676 1268 2729 καὶ
1312 2676 1387 2748 μὴ
1431 2676 1806 2748 πίμπρασθαι,
1859 2679 1952 2733 καὶ
2000 2680 2226 2751 μηδενὸς

545 2755 978 2825 παρακινοῦντος
1030 2753 1325 2826 ἡσυχάζειν
1385 2757 1481 2808 καὶ
1530 2756 1758 2825 ἠρεμεῖν
1846 2757 1905 2810 Ὀ
1969 2759 2067 2828 μὲν
2117 2759 2226 2830 γὰρ

546 2832 757 2886 ἐκείνου
788 2835 1091 2906 κρατήσας,
1126 2832 1390 2904 μεγίστης
1435 2833 1753 2904 φιλοσοφίας
1798 2836 1826 2875 b
1861 2834 2095 2907 βάσανον
2129 2841 2222 2893 ἐπ-

545 2911 789 2979 εδείξατο
805 2929 817 2942 ·
852 2915 880 2966 6
906 2913 964 2966 δὲ
986 2913 1144 2989 τοῦτο
1169 2913 1468 2984 κατορθῶν,
1496 2914 1711 2977 οὐδενὸς
1734 2915 1801 2968 ἀν
1828 2916 1913 2986 εἴη
1948 2917 2225 2989 θαύματος

545 2992 714 3059 ἄξιος.
746 2993 915 3047 Ὅταν
944 2988 1038 3046 οὖν
1066 2992 1339 3063 τὸμεῖξον
1364 2993 1451 3046 διὰ
1482 2995 1572 3046 τὸν
1596 2994 1704 3046 τῶν
1733 2995 2038 3067 ἀνθρώπων
2060 2988 2224 3066 φόϐον

546 3071 824 3139 ἀνύοντες,
852 3071 943 3125 διὰ
967 3073 1058 3126 τὸν
1097 3072 1191 3125 τοῦ
1223 3071 1360 3125 Θεοῦ
1388 3072 1525 3143 μηδὲ
1554 3074 1614 3125 τὸ
1638 3073 2222 3148 ἔλαττον-βουλώμεθα,

546 3153 800 3224 ἐννόησον
832 3152 965 3222 ὅσης
1003 3150 1279 3215 κολάσεως
1306 3154 1398 3205 καὶ
1426 3152 1693 3223 τιμωρίας
1737 3154 2069 3219 ὑπευθύνους
2096 3158 2227 3210 καθ-

550 3231 785 3303 ιστῶμεν
827 3230 1073 3294 ἑαυτούς.
1104 3231 1208 3284 Τὸν
1251 3230 1429 3285 τοίνυν
1461 3231 1687 3301 ἀδελφὸν
1719 3233 1793 3303 μή
1837 3232 1927 3287 τὸν
1964 3236 2225 3307 ὁμότιμον

550 3311 731 3381 μόνον,
787 3309 921 3381 μηδὲ
954 3309 1241 3382 ἐλεύθερον
1272 3311 1500 3383 νομίσῃς
1533 3307 1694 3378 εἶναι,
1732 3313 1870 3366 ἀλλά
1911 3315 2004 3369 καὶ
2039 3316 2130 3370 τὸν
2156 3318 2227 3371 ol-

547 3392 741 3463 κέτην·
792 3393 894 3447 Ἐν
941 3393 1052 3462 γὰρ
1096 3392 1327 3462 Χριστῷ
1374 3395 1579 3463 Ἰησοῦ
1624 3396 1763 3450 οὔτε
1802 3397 2047 3463 δοῦλος,
2086 3401 2226 3455 οὔτε

544 3473 882 3540 ἐλεύθερος,
911 3474 1052 3526 κατά
1079 3472 1168 3525 τὸν
1214 3474 1557 3531 Ἀπόστολον.
1598 3476 1759 3529 Ὥστε
1789 3476 1890 3530 κᾶν
1929 3478 2067 3549 πρὸς
2099 3480 2226 3543 τοὺς

545 3550 767 3629 δούλους
814 3552 1189 3624 ἀγριαίνωμεν
1248 3554 1391 3629 εἰκῇ,
1442 3555 1541 3625 τὴν
1585 3557 1754 3628 αὐτὴν
1802 3557 2224 3629 ὑποστησόμεθα

546 3628 704 3709 δίκην
723 3647 736 3660 ·
778 3629 1006 3699 ἀδελφὸς
1030 3632 1141 3702 γὰρ
1183 3632 1279 3685 καὶ
1305 3628 1460 3696 οὗτός
1493 3635 1628 3695 ἐστι,
1657 3636 1751 3688 καὶ
1779 3634 1877 3705 τῆς
1914 3628 2228 3709 ἐλευθερίας

547 3708 776 3779 ἠξίωται
793 3709 894 3778 τῆς
915 3710 1170 3782 ἀληθοῦς,
1186 3712 1245 3766 ἐν
1265 3712 1482 3784 πνεῦμα
1502 3712 1641 3783 έχων
1662 3724 1709 3766 ο.
1734 3714 1828 3776 Τίς
1846 3711 1937 3767 οὖν
1959 3708 2225 3787 λοιδορίας

548 3789 785 3860 καθαρὸν
813 3791 908 3844 τὸν
930 3791 1124 3845 ἑαυτοῦ
1160 3792 1273 3863 βίον
1303 3793 1398 3846 καὶ
1424 3793 1592 3864 ὀργῆς
1628 3793 1825 3860 ἀλόγου
1862 3796 1956 3848 καὶ
1992 3798 2225 3866 ματαίας

547 3868 813 3933 ἐπιδεῖξαι
858 3870 1114 3935 δύναται;
1171 3871 1261 3942 Μὴ
1321 3873 1430 3942 γάρ
1480 3889 1571 3941 μοι
1623 3870 1714 3925 τὸν
1766 3872 2012 3941 ὀλιγάκις
2069 3874 2227 3930 τοῦτο

468 3938 472 3943 ’
546 3949 826 4020 πάσχοντα
859 3950 1044 4022 εἴπῃς,
1075 3949 1211 4003 ἀλλά
1232 3938 1343 4002 τὸν
1363 3938 1497 4020 μηδέ
1519 3949 1655 4013 ὅλως
1693 3938 1891 4003 ἁλόντα
1930 3954 2088 4006 ποτέ·
2120 3954 2227 4021 ἕως

546 4030 594 4083 δ’
624 4028 689 4082 ἂν
723 4029 796 4100 μὴ
823 4029 981 4082 τοῦτο
1008 4027 1188 4103 δείξῃς
1218 4030 1372 4100 ἡμῖν,
1398 4028 1518 4081 οὐδὲ
1543 4028 1641 4100 τὴν
1679 4029 1912 4103 ἀπειλὴν
1943 4030 2102 4087 λῦσαι
2135 4035 2226 4089 δυ-

549 4113 711 4183 νήσῃ,
762 4111 850 4165 διά
894 4112 955 4168 τὸ
1006 4112 1081 4184 μὴ
1135 4111 1377 4182 συνεχῶς
1427 4112 1584 4166 τοῦτο
1623 4113 1833 4167 παθεῖν.
1887 4116 1998 4168 Καὶ
2042 4117 2149 4190 γάρ
2195 4122 2223 4174 6

548 4192 796 4246 κλέπτων
831 4192 927 4245 καὶ
948 4194 977 4245 6
1008 4191 1307 4263 πορνεύων,
1338 4192 1439 4247 κᾶν
1460 4191 1606 4259 ἅπαξ
1634 4192 1794 4262 μόνον
1825 4194 1922 4265 τὴν
1948 4196 2221 4269 ἁμαρτίαν

549 4271 766 4341 ἐκείνην
816 4271 1188 4342 ἐργάσωνται,
1238 4272 1338 4326 οὐκ
1389 4273 1576 4345 ἐπειδὴ
1628 4273 1702 4344 μὴ
1757 4275 2018 4341 πολλάκις
2063 4279 2221 4333 τοῦτο

546 4351 977 4424 τετολμήκασιν,
1024 4352 1273 4423 ἀφίενται
1333 4353 1433 4424 τῆς
1479 4354 1780 4425 τιμωρίας,
1837 4356 1972 4409 ἀλλά
2034 4358 2219 4430 ἐπειδὴ

546 4433 947 4505 τετολμήκασιν
982 4432 1140 4498 ὅλως,
1181 4434 1521 4498 κολάζονται.
1561 4432 1633 4487 Τὸ
1661 4433 1718 4487 δέ
1759 4436 1957 4505 ἐφεξῆς
1998 4437 2221 4506 τούτῳά

550 4513 820 4584 κείμενον,
851 4514 935 4580 τίς
958 4515 1059 4569 οὐκ
1084 4514 1150 4567 ἂν
1178 4514 1286 4568 τῶν
1311 4514 1558 4567 ἀπίστων
1579 4514 1671 4567 καὶ
1703 4513 1870 4585 μῦθον
1905 4511 2044 4568 εἶναι
2077 4517 2224 4587 νομί-

552 4608 687 4650 σειε.
721 4593 858 4664 μετά
882 4594 1153 4664 τοσαύτης
1181 4592 1542 4665 σφοδρότητος
1569 4593 2055 4665 ἀνατετραμμένον
2081 4595 2222 4667 ὀρῶν

550 4671 641 4739 ὑφ’
660 4671 815 4741 ἡμῶν
834 4689 849 4738 ;
869 4673 976 4726 Τοῦ
1008 4677 1115 4745 γάρ
1140 4673 1275 4726 Θεοῦ
1303 4672 1554 4736 εἰπόντος
1574 4687 1586 4701 ·
1625 4668 1765 4727 Ἐὰν
1783 4674 2135 4743 προσφέρῃς
2155 4675 2222 4730 τὸ

500 4744 505 4751 ’
548 4748 742 4818 δῶρόν
754 4765 872 4806 σου
887 4752 988 4806 ἐπὶ
1012 4744 1091 4807 τὸ
1112 4751 1570 4822 θυσιαστήριον,
1599 4752 1776 4807 κάκεῖ
1793 4752 2101 4823 μνησθῇς,
2135 4755 2224 4808 ὅτι

550 4832 584 4883 ό
608 4829 873 4899 ἀδελφός
899 4848 1017 4886 σου
1032 4831 1156 4900 ἕχει
1185 4850 1240 4886 τι
1267 4832 1421 4887 κατὰ
1452 4832 1591 4896 σοῦ,
1632 4833 1783 4903 ἄφες
1798 4834 2005 4888 ἐκεῖτὸ
2026 4828 2224 4903 δῶρόν

549 4922 667 4962 σου
678 4908 1022 4977 ἔμπροσθεν
1041 4911 1149 4965 τοῦ
1163 4913 1623 4979 θυσιαστηρίου,
1641 4914 1740 4967 καὶ
1755 4914 1948 4982 ὕπαγε
1964 4913 2221 4983 πρῶτον,

548 4987 906 5059 διαλλάγηθι
932 4991 1013 5057 τῷ
1041 4991 1283 5061 ἀδελφῷ
1321 5006 1458 5056 σου,
1485 4993 1584 5047 καὶ
1622 4995 1756 5048 τότε
1790 4995 2007 5059 ἐλθὼν,
2036 4996 2225 5063 πρόσω

548 5083 696 5146 φερε
720 5068 788 5121 τὸ
815 5068 1005 5138 δῶρόν
1030 5087 1147 5125 σου
1164 5087 1180 5101 θ
1215 5073 1377 5141 ἡμεῖς
1397 5072 1454 5124 δὲ
1477 5083 1500 5110 θ
1528 5074 2051 5146 ἐκπεπολεμωμένοι
2079 5076 2222 5146 πρὸς

548 5145 813 5226 ἀλλήλους
857 5150 952 5202 καὶ
1002 5148 1251 5214 ὑπούλως
1282 5142 1613 5221 διακείμενοι
1655 5153 1769 5215 τοῖς
1811 5142 2224 5226 θυσιαστηρίοις

551 5224 838 5297 πρόσιμεν.
858 5228 970 5282 Καὶ
995 5230 1024 5281 6
1048 5229 1145 5299 μὲν
1168 5228 1299 5293 Θεὸς
1322 5229 1592 5300 τοσαύτην
1606 5229 1708 5299 τῆς
1733 5233 2010 5304 ἡμετέρας
2025 5224 2225 5287 καταλ-

612 5314 641 5376 ‘_
663 5314 799 5382 Co_|b.
828 5316 1284 5382 οὐδὲλελυπῃκὸτας
1314 5318 1426 5382 Mox
1450 5317 1729 5382 ἰάθιηᾲπαρά
1753 5318 1838 5367 τοῦ
1864 5318 1988 5368 Θεοῦ
2015 5322 2221 5382 μείζονα,

612 5335 641 5376 ’ζ
663 5335 799 5366 μου).
828 5335 938 5365 ουοε
962 5335 1284 5375 Αελυπηκοτας
1317 5335 1426 5367 mox
1450 5335 1579 5367 luem
1600 5335 1668 5366 πα
1697 5336 1729 5366 α
1753 5336 1838 5367 του
1864 5335 1988 5368 υεου
2015 5335 2221 5382 μειζονα,

549 5383 604 5423 el
624 5379 769 5436 paulo
790 5384 899 5488 508'!
943 5380 1076 5428 idem
1110 5380 1523 5453 ἐπιδεικνυμένοις.
1566 5335 1723 5430 Ρυυῖο
1763 5390 1871 5443 post
1906 5383 2037 5432 idem
2060 5384 2106 5431 τί
2130 5387 2222 5448 γὰρ

549 5438 769 5490 φορτικὸν
821 5457 1037 5490 mmo-5:
1058 5440 1103 5489 τί
1124 5441 1176 5490 δε
1196 5443 1274 5490 καὶ
1296 5443 1462 5490 ἐπαγθ.

684 5455 769 5486 κον
790 5455 1037 5491 απητησει
1058 5455 1103 5489 τι
1124 5455 1176 5491 σε
1196 5455 1274 5490 και
1296 5455 1462 5491 επαγυ.

665 5457 769 5487 ικον
790 5457 1037 5503 απῃτησε;
1058 5457 1103 5489 τι
1124 5457 1176 5491 οε
1196 5457 1274 5490 και
1296 5457 1462 5505 επαχυ.

665 5498 785 5567 C0|_b
825 5503 1028 5567 ἐσχάτης
1050 5504 1342 5567 φιλοσοφίας.
1358 5502 1485 5553 Infra
1504 5505 1635 5553 idem
1657 5506 1810 5563 πόα-ης
1828 5507 2088 5564 κολάσεως.
2113 5507 2221 5557 Mox

549 5562 788 5630 11103101361
804 5562 1171 5630 γᾲῥάδελφόν...
1195 5562 1277 5615 καὶ
1307 5567 1389 5614 τὸν
1412 5567 1658 5630 ὁμότιμον,
1691 5562 1829 5617 ἀλλά.

611 5625 635 5656 ο
661 5623 881 5692 ιιιυά,“ες
900 5625 1087 5692 πνεῦμα
1108 5628 1251 5692 ἔχων,
1280 5623 1452 5690 nequé
1474 5632 1521 5678 in
1545 5623 1693 5680 Savil.
1723 5643 1887 5692 neque
1911 5631 1962 5679 in
1984 5628 2121 5680 Colb.
2147 5632 2223 5680 lc-

545 5689 699 5750 gltpr,
723 5688 810 5738 sed
832 5690 882 5737 in
910 5688 1081 5738 Morel.
1107 5688 1313 5740 uitulum.

607 5747 636 5788 (ι
659 5749 796 5818 Coll}.
822 5751 985 5818 έφεξῇς
1004 5751 1192 5818 τούτου.
1221 5751 1496 5818 lnfrajdem
1517 5754 1595 5816 ὑφ’
1613 5755 1765 5815 ἡμῶν·
1796 5756 1821 5801 6
1849 5754 1929 5818 μὲν
1952 5755 2040 5817 γὰρ
2062 5755 2222 5818 φιλάν-

544 5811 731 5877 θρφπθς
747 5811 883 5877 θεὸς
903 5814 1001 5877 ἐὰν,
1020 5814 1152 5877 φηᾳὶν
1174 5816 1456 5877 προσφέρῃς.

606 5871 1476 5955 ῗέέέξεδξλὶη..’ξένὲἒὲὲθωίῑζέίξξὲ
1496 5874 1635 5955 FO'P-
1673 5876 2097 5955 πρρσίειξξγζέξαῖὲ
2125 5879 2217 5955 ,μὲν

549 5931 685 5999 εἶςὸς.
710 5932 833 5984 Infra
852 5938 983 5986 idem
1007 5942 1060 5986 et
1082 5938 1230 5986 Savil.
1260 5935 1307 5986 in
1332 5931 1467 5986 léxln
1494 5931 1802 5999 ἐγκόπτεσθαι
1845 5931 2021 5987 Morel.
2049 5945 2101 5987 cl
2125 5931 2215 5991 Sa-

547 5990 631 6041 Vﬂ.
655 5997 706 6043 tn
729 6010 880 6061 marg.
903 5998 1231 6050 ἐκκόπτεσθαι.
1261 5998 1382 6050 Infra
1409 5990 1580 6050 Morél.
1603 6003 1686 6060 τήν
1711 6001 1874 6064 ἔχθραν
1894 6000 2069 6064 τηρεῖν.

1374 336 1431 391 S.
1473 333 1762 392 JOANNIS
1797 332 2286 393 CIIRYSOSTOMI
2326 333 2647 390 ARCHIEP.
2689 332 3239 393 CONSTANTINOP.

3926 337 4039 391 59?

2338 450 2510 521 λαγῆς
2534 450 2830 520 πεποίηται
2860 451 3118 522 σπουδὴν,
3147 451 3224 514 ὼς
3257 449 3549 521 ἀνέχεσθαι
3578 451 3676 521 τὴν
3708 451 3895 505 αὐτοῦ
3928 451 4031 504 θυ-

2335 530 2459 583 σίαν
2488 529 2670 601 μένειν
2702 530 3011 595 ἀτέλεστον,
3033 531 3131 583 καὶ
3160 530 3263 601 τὴν
3293 530 3602 601 ὑπηρεσίαν
3635 530 4026 599 ἐγκόπτεσθαι

2330 608 2470 677 ὑπὲρ
2491 606 2585 660 τοῦ
2604 606 2704 678 τὴν
2722 608 2862 678 πρὸς
2877 607 3143 679 ἀλλήλους
3160 608 3461 679 ἀπέχθειαν
3480 608 3784 663 καταλῦσαι
3804 610 3915 663 καὶ
3928 610 4030 680 τὴν

2328 687 2496 758 ὀργήν
2513 704 2526 717 ·
2555 688 2717 758 ἡμεῖς
2744 686 2802 739 δέ
2824 685 2966 739 οὑτω
2992 686 3087 740 τοῦ
3116 687 3444 758 πράγματος
3464 688 3796 760 ἀλογοῦμεν,
3821 689 3910 752 ὡς
3933 690 4030 743 καὶ

2328 765 2544 836 ἡμέρας
2576 763 2778 827 πολλὰς
2805 764 2906 835 τὴν
2938 764 3140 836 ἔχθραν
3179 765 3460 837 διατηρεῖν
3492 768 3636 821 κατά
3663 770 3767 839 τῆς
3798 768 4026 820 ἑαυτῶν

2276 842 2279 849 ’
2328 843 2591 913 κεφαλῆς.
2623 842 2759 896 οὐδέ
2791 843 2900 915 γὰρ
2929 845 3057 908 τοὺς
3080 844 3560 916 μνησικακοῦντας
3592 845 3823 912 κολάζει
3860 847 4025 918 μόνον

2327 922 2356 972 ὁ
2386 921 2426 973 Χ
2440 922 2641 993 ριστδς,
2661 921 2798 975 ἀλλά
2817 923 2914 975 καὶ
2938 924 3067 986 τοὺς
3086 922 3277 976 τούτου
3303 925 3401 993 μὲν
3431 924 3910 997 ἀπηλλαγμένους
3928 927 4019 979 τοῦ

2327 998 2558 1067 πάθους,
2576 1000 2985 1070 πεπληγμένων
3007 1001 3064 1053 δὲ
3087 1002 3568 1074 καταφρονοῦντας
3588 1005 3705 1057 τῶν
3734 1004 4020 1073 ἀδελφῶν.

2338 1077 2556 1149 Ἐπειδὴ
2584 1078 2694 1149 γὰρ
2714 1078 2824 1132 τῶν
2859 1078 3212 1150 ἠδικημένων
3246 1081 3366 1133 ἐστὶ
3389 1084 3453 1136 τὸ
3476 1086 3873 1155 μνησικακεῖν,
3911 1086 3943 1138 6
3964 1085 4021 1139 δὲ

2326 1158 2527 1212 ἀδικῶν
2561 1160 2662 1237 οὐκ
2692 1159 2758 1214 ἂν
2785 1159 2983 1230 ῥαδίως
3012 1160 3245 1234 ληφθείη
3272 1163 3450 1233 τούτῳ
3488 1166 3567 1237 τῷ
3597 1166 3787 1233 πάθει,
3821 1166 4021 1223 τούτου

2326 1237 2487 1315 χάριν
2523 1236 2714 1291 τοῦτον
2747 1238 2924 1308 ήγαγε
2970 1238 3109 1309 πρὸς
3152 1240 3381 1307 ἐκεῖνον,
3416 1236 3632 1309 δεικνὺς
3677 1246 3763 1298 ὅτι
3806 1246 3919 1315 τῆς
3942 1262 4024 1297 τι-

2333 1314 2672 1395 μωρίαςᾲτῆς
2706 1315 2916 1369 ἐκείνου
2962 1317 3164 1388 μᾶλλον
3196 1319 3495 1385 ὑπεύθυνός
3537 1323 3686 1376 ἐστιν
3716 1325 3745 1376 6
3783 1314 3891 1377 καὶ
3922 1325 4031 1395 τὴν

2331 1394 2490 1464 ῥίζαν
2511 1393 2590 1465 τῷ
2617 1396 2978 1466 ἁμαρτήματι
3001 1396 3322 1467 παρασχών.
3367 1400 3506 1453 Ἀλλ’
3534 1402 3695 1472 ἡμεῖς
3715 1402 3848 1455 οὐδὲ
3876 1393 4029 1456 οὕτω

2329 1473 2721 1553 παιδευόμεθα,
2736 1474 2874 1529 ἀλλά
2893 1474 3067 1530 λυποῦ
3076 1495 3174 1547 μεν
3191 1479 3286 1532 καὶ
3305 1480 3444 1552 ὑπὲρ
3464 1479 3574 1533 τῶν
3591 1483 3879 1553 τυχόντων
3893 1486 4023 1547 τούς

2332 1552 2592 1622 ἀδελφούς
2613 1569 2627 1583 ·
2657 1549 2780 1606 εἶτα
2805 1554 2997 1628 ὥσπερ
3019 1557 3233 1620 οὐδενὸς
3256 1556 3275 1595 ί
3301 1549 3598 1630 γενομένου
3613 1549 3819 1624 δείνοῦ,
3841 1562 4019 1625 οὕτως

2329 1631 2640 1703 ἀμελοῦμεν
2691 1634 2786 1687 καὶ
2820 1633 3292 1705 ἐπιλανθανόμεθα
3340 1638 3447 1691 τῶν
3488 1639 3850 1711 λυπηθέντων
3886 1644 4018 1709 παρ’

2330 1710 2509 1782 ἡμῶν,
2545 1711 2639 1764 καὶ
2664 1713 2763 1783 τὴν
2791 1711 2995 1782 ἔχθραν
3029 1716 3109 1777 εἰς
3147 1716 3358 1788 μακρὸν
3398 1710 3789 1790 ἐκτεινομένην
3816 1722 4015 1792 χρόνον

2334 1794 2510 1863 μῆκος
2557 1794 2924 1866 περιορῶμεν,
2965 1795 3067 1849 οὐκ
3111 1796 3314 1862 εἰδότες
3364 1799 3445 1852 ὅτι
3500 1801 3744 1873 τοσούτῳ
3780 1803 4015 1874 μείζονα

2327 1873 2549 1945 τίσομεν
2579 1875 2823 1939 κόλασιν,
2847 1875 2958 1944 ὅσῳ
2979 1872 3127 1946 [127]
3153 1876 3405 1941 πλείονας
3428 1878 3495 1931 ἀν
3510 1872 3741 1949 ἀφῶμεν
3758 1872 4015 1934 ἐπεισελ-

2329 1955 2442 2010 θεῖν
2464 1957 2678 2028 ήμέρας
2710 1959 2775 2027 τῇ
2799 1956 2966 2029 λύπῃ,
3002 1957 3179 2029 τούτῳ
3209 1976 3270 2011 τε
3303 1960 3476 2030 αὐτῷ,
3507 1963 3602 2014 καὶ
3623 1962 3702 2033 τῷ
3729 1963 4011 2017 δυσκολω-

2328 2036 2494 2106 τέραν
2535 2038 2667 2105 ἡμῖν
2708 2035 2963 2105 γενέσθαι
2992 2035 3179 2090 λοιπὸν
3212 2038 3354 2108 τὴνε
3387 2039 3759 2112 καταλλαγήν.
3800 2043 4014 2114 Ὥσπερ

2326 2116 2458 2187 γὰρ,
2491 2116 2677 2186 φιλίας
2715 2115 3050 2188 συνεχούσης
3076 2118 3243 2188 ἡμᾶς,
3276 2118 3429 2172 οὐδὲν
3464 2121 3704 2183 εὐκόλως
3734 2121 3854 2174 τῶν
3880 2122 4016 2176 διαι-

2332 2196 2570 2268 ρούντων
2620 2196 2838 2267 ἰσχῦσαι
2892 2197 2986 2250 καὶ
3039 2198 3401 2270 πιστευθῆναι
3454 2201 3781 2271 δυνήσεταιο
3813 2202 4014 2267 οὓτως,

2329 2275 2529 2347 ἔχθρας
2589 2274 3167 2346 προκαταλαϐούσηςΙι
3222 2279 3380 2349 ἡμῶν
3438 2279 3542 2344 τὰς
3590 2282 3799 2351 ψυχὰς,
3835 2282 4015 2336 πάντα

2328 2353 2527 2409 εὔκολα
2549 2356 2642 2408 καὶ
2668 2356 2845 2427 ῥᾷστα
2864 2357 2977 2419 τοῖς
2999 2356 3344 2426 βουλομένοις
3371 2359 3503 2428 ἡμῖν
3533 2361 3872 2431 συγκρούειν
3900 2364 4012 2414 ἑπιο

2330 2434 2515 2488 πλεῖόν
2541 2435 2679 2499 ἐστι,
2704 2433 2815 2488 τῶν
2834 2434 2933 2504 μὲν
2949 2435 3203 2506 χρηστῶν
3226 2438 3664 2508 ἀπιστουμένων,
3684 2445 4013 2511 πιστευομέ-

2329 2530 2435 2594 νων
2459 2513 2518 2566 δὲ
2550 2513 2729 2594 μόνων
2755 2513 2865 2594 τῶν
2892 2514 3281 2584 πονηρῶν.Διά
3306 2515 3481 2569 ταῦτα
3509 2518 3724 2573 κελεύει
3750 2521 3818 2572 τὸ
3846 2520 4009 2594 δῶρον

2329 2593 2564 2661 ἀφέντας
2595 2592 2688 2645 ἐπὶ
2711 2591 2805 2646 τοῦ
2840 2591 3255 2665 θυσιαστηρίου,
3289 2594 3506 2667 πρῶτον
3545 2591 4008 2671 διαλλαγῆναιτῷ

2327 2672 2562 2751 ἀδελφῷ,
2583 2673 2669 2725 ἵνα
2698 2672 2983 2745 μάθωμεν,
3005 2676 3087 2728 ὅτι
3110 2676 3157 2727 εί
3172 2676 3230 2728 ἐν
3251 2677 3449 2748 ἐκείνῳ
3469 2677 3546 2749 τῷ
3561 2680 3746 2751 καιρῷ
3773 2682 4011 2735 ἀναϐάλ-

2329 2750 2521 2806 λεσθαι
2567 2751 2668 2823 τὴν
2690 2753 3064 2831 καταλλαγὴν
3094 2754 3303 2826 ταύτην
3328 2756 3390 2808 οὐ
3415 2758 3541 2828 χρὴ,
3584 2750 3774 2829 πολλῴ
3817 2760 4008 2831 μᾶλλον

2328 2833 2385 2884 ἐν
2413 2832 2643 2902 ἑτέροις.
2685 2830 2880 2902 Ἡμεῖς
2906 2832 2964 2884 δὲ
2995 2834 3064 2886 τά
3113 2835 3213 2904 μὲν
3246 2835 3493 2904 σύμϐολα
3517 2837 3628 2891 τῶν
3660 2830 4011 2912 πραγμάτων

2333 2914 2662 2984 κατέχομεν,
2722 2916 2821 2985 τῆς
2868 2914 2925 2967 δὲ
2985 2912 3242 2985 ἀληθείας
3296 2917 3466 2987 αὐτῆς
3538 2919 4005 2992 ἐκπεπτώκαμεν,

2328 2993 2706 3063 ἀσπαζόμενοι
2739 2993 2838 3063 μὲν
2872 2993 3137 3064 ἀλλήλους
3171 2996 3461 3066 μέλλοντος
3492 2998 3587 3051 τοῦ
3618 2999 3807 3070 δώρου
3850 3018 4013 3073 προσ-

2331 3074 2615 3146 φέρεσθαι,
2642 3074 2847 3145 χείλεσι
2872 3074 2929 3127 δὲ
2954 3074 3030 3138 ὡς
3070 3077 3162 3128 ἐπὶ
3207 3077 3269 3130 τὸ
3298 3078 3434 3130 πολὺ
3464 3079 3559 3131 καὶ⁵
3588 3081 3832 3151 στόματι
3862 3082 4013 3135 τοῦτο

2329 3154 2609 3217 ποιοῦντες
2648 3154 2828 3223 μόνον.
2874 3155 2932 3208 '0
2966 3155 3024 3208 δὲ
3051 3156 3258 3227 Κύριος
3285 3159 3345 3210 οὐ
3377 3159 3534 3211 τοῦτο
3568 3159 3855 3229 βούλεται,
3886 3162 4014 3215 ἀλλὰ

2327 3236 2388 3289 τὸ
2410 3234 2519 3289 ἀπὸ
2556 3234 2883 3314 τῆςίψυχῆς
2924 3235 3159 3306 φίλημα,
3210 3239 3431 3292 καὶτὸν
3478 3240 3587 3293 ἀπὺ
3643 3241 3746 3312 τῆς
3790 3244 4023 3314 καρδίας,

2330 3313 2625 3394 ἀσπασμὸν
2667 3313 2866 3394 διδόναι
2916 3314 2994 3386 τῷ
3038 3316 3267 3387 πλησίον
3308 3320 3475 3390 ἡμᾶς.
3508 3319 3680 3373 Τοῦτο
3710 3323 3835 3394 γάρ
3874 3313 4014 3377 ἐστιν

2330 3392 2685 3475 ἀσπάσασθαι
2722 3392 2964 3475 ἀληθῶς,
2980 3396 3155 3475 ἐκεῖνο
3177 3396 3234 3449 δὲ
3267 3401 3441 3470 σκηνὴ
3468 3415 3551 3463 τις
3567 3401 3661 3453 καὶ
3691 3392 4013 3475 ὑπόκρισις,

2331 3473 2426 3527 καὶ
2468 3471 2791 3543 παροξύνειε
2833 3473 3037 3544 μᾶλλον
3072 3473 3137 3528 ἂν
3177 3476 3269 3529 τὸν
3309 3477 3440 3530 Θεὸν
3473 3479 3505 3549 ἢ
3541 3471 3952 3547 καταλλάξειεν
3990 3485 4019 3535 ό

2326 3551 2471 3604 οὑτω
2496 3551 2688 3621 φιλῶν.
2719 3551 2830 3622 Τὴν
2859 3550 2970 3622 γὰρ
3002 3552 3270 3625 εἰλικρινῆ
3298 3557 3394 3608 καὶ
3416 3557 3809 3630 ἐρριζωμένην
3839 3561 4012 3629 φιλίαν

2329 3631 2579 3699 ἐπιζητεῖ
2614 3633 2741 3703 παρ’
2768 3631 2997 3700 ήμῶνί,
3049 3632 3110 3684 οὑ
3155 3632 3382 3703 ταύτην,
3440 3633 3508 3708 ἦς
3552 3635 3613 3687 τὸ
3658 3638 3762 3707 μὲν
3830 3642 4011 3711 σχῆμα

2328 3711 2465 3763 πολὺ
2498 3713 2594 3765 καὶ
2614 3712 2715 3790 τὴν
2757 3712 3044 3782 μόρφωσιν
3077 3714 3476 3785 περιφέρομεν,
3524 3716 3624 3787 τὴν
3668 3717 3726 3770 δὲ
3782 3719 4010 3790 δύναμιν

2329 3791 2509 3843 πᾶσαν
2530 3789 2854 3861 ἐσϐέσαμεν,
2875 3791 3011 3860 ὅπερ
3030 3793 3122 3845 καὶ
3143 3793 3275 3847 αὐτὸ
3296 3796 3591 3866 τεκμήριον
3611 3797 3721 3850 τῶν
3748 3789 4009 3870 κατεχού-

2329 3868 2437 3922 σῶν
2473 3870 2620 3939 ἡμᾶς
2653 3867 2899 3939 ἀνομιῶν
2929 3869 3067 3922 ἐστι.
3093 3870 3196 3923 Διὰ
3222 3874 3331 3940 γὰρ
3365 3871 3429 3925 τὸ
3450 3874 3885 3943 πληθυνθῆναι
3901 3867 4010 3943 τὴν

2329 3948 2612 4016 ἀνομίαν,
2650 3948 2804 4018 φησὶ,
2840 3948 3181 4017 ψυγήσεται
3228 3949 3267 4016 ἠ
3316 3950 3515 4020 ἀγάπη
3558 3951 3677 4006 τῶν
3728 3957 4001 4011 πολλῶν.

2326 4028 2437 4108 Καὶ
2464 4029 2636 4108 ταῦτα
2663 4028 2977 4108 πράττομεν
2998 4028 3299 4108 ἀνθρωποι,
3335 4034 3471 4104 μήτε
3500 4033 3851 4104 ὀργίζεσθαι,
3876 4038 4004 4108 μήτε

2327 4107 2553 4176 ἐχθροὺς
2606 4106 2751 4177 ἔχειν
2798 4107 3185 4174 κελευσθέντες
3236 4111 3427 4175 τινὰς,
3491 4115 3537 4166 εί
3602 4113 3661 4166 δέ
3722 4106 3995 4171 ποτετκαὶ

2329 4185 2613 4256 σχοίημεν,
2648 4185 2734 4254 ἐφ’
2762 4187 2978 4256 ἡμέρας
3014 4188 3202 4257 μόνον·
3246 4190 3310 4242 '0
3346 4190 3520 4258 ἥλιος
3556 4193 3687 4264 γὰρ,
3724 4196 3889 4264 φησι,
3916 4195 3996 4264 μὴ

2325 4264 2612 4344 ἐπιδυέτω
2667 4265 2767 4319 ἐπὶ
2801 4267 2882 4331 τῷ
2932 4269 3319 4338 παροργισμῷ
3362 4269 3528 4339 ὑμῶν
3584 4274 3692 4326 Καὶ
3744 4275 3874 4328 οὐδὲ
3924 4277 4004 4344 μέ-

2327 4360 2418 4414 χρι
2480 4343 2669 4395 τούτου
2728 4346 2745 4395 ι
2817 4346 3114 4417 ἱστάμεθα,
3182 4348 3318 4402 ἀλλά
3380 4352 3473 4403 καὶ
3504 4353 3838 4418 ’ἐπιϐουλὰς
3892 4343 4001 4407 κατ’

2326 4421 2570 4501 ἀλλήλων
2625 4423 2925 4494 ῥάπτομεν,
2980 4427 3075 4479 καὶ
3132 4426 3199 4480 δι’
3256 4423 3337 4491 ὧν
3379 4429 3611 4501 λέγομεν
3677 4434 3768 4489 καὶ
3828 4435 3896 4488 δι’
3932 4428 4000 4487 ὧν

2327 4500 2639 4572 πράττομεν
2684 4501 2971 4568 δάκνοντες
3022 4503 3091 4557 τά
3143 4508 3318 4560 οἰκεῖα
3374 4500 3522 4580 μέλη
3553 4512 3647 4562 καὶ
3692 4513 3997 4565 κατεσθίον-

2326 4597 2442 4662 τες·
2472 4582 2610 4662 ὅπερ
2642 4582 2904 4654 λαμπρᾶς
2936 4585 3133 4655 μανίας
3171 4587 3306 4640 ἐστί.
3334 4589 3445 4641 Καὶ
3477 4590 3585 4662 γὰρ
3615 4592 3741 4655 τοὺς
3767 4594 3996 4653 ἀνιάτως

2325 4660 2694 4741 δαιμονῶντας
2729 4662 2824 4715 καὶ
2854 4665 3214 4735 μαινομένους
3252 4666 3360 4719 ἀπὸ
3380 4660 3569 4721 τούτου
3600 4670 3844 4741 μάλιστα
3866 4673 3995 4725 δοκι-

2330 4740 2595 4811 μάζομεν.
2634 4741 2699 4793 Τί
2744 4741 2798 4795 δὲ
2838 4743 2864 4782 ι
2893 4744 2922 4795 ὀ
2954 4744 3081 4813 περὶ
3127 4745 3223 4798 τοῦ
3273 4747 3547 4801 ἀντιδίκου
3604 4751 3793 4819 νόμος,
3845 4752 3931 4804 καὶ
3969 4751 3993 4800 ὀ

2328 4819 2456 4888 περὶ
2508 4819 2610 4888 τῆς
2650 4820 2948 4892 ἐπιθυμίας
2985 4823 3085 4893 τῆς
3126 4825 3350 4885 ἀτόπου.
3405 4828 3494 4881 καὶ
3539 4828 3649 4881 τῶν
3689 4830 3992 4883 ἀκολάστων

2325 4898 2639 4970 ὀφθαλμῶν,
2670 4903 2765 4955 καὶ
2807 4904 2906 4974 τῆς
2949 4904 3143 4974 ἀλόγου
3172 4905 3356 4974 φιλίας
3401 4893 3497 4961 κᾶὶ
3540 4910 3893 4977 ἐπιϐλαϐοῦς;
3940 4911 3991 4960 'U

2325 4981 2434 5062 γὰρ
2452 4978 2626 5047 δεξιὸς
2646 4984 2945 5055 ὀφθαλμὸς,
2975 4988 3068 5039 καὶ
3094 4989 3127 5057 ἡ
3147 4986 3296 5052 δεξιὰ
3322 4989 3464 5060 χεὶρ,
3490 4991 3644 5044 οὐδὲν
3667 4993 3802 5062 ἡμῖν
3822 4991 3992 5061 ἕτερον

2325 5061 2700 5140 αἰνίττεται,μῆ
2720 5066 2846 5140 τοὺς
2875 5066 2967 5140 ἐπξι
2989 5065 3160 5137 βλάϐῃ
3190 5067 3480 5140 φιλοῦντας
3494 5070 3655 5140 ἡμᾶς
3676 5087 3693 5100 ο
3712 5070 3804 5124 καὶ
3830 5068 3857 5123 6
3879 5068 3992 5140 περὶ

2328 5131 2435 5183 τῶν
2469 5131 2888 5206 ἀπολελύμένων
2917 5136 2971 5189 δὲ
2990 5131 3283 5205 ’γυναὶκῶν
3318 5139 3422 5191 ὑπὸ
3448 5131 3593 5204 τίνος
3624 5131 3691 5193 οὐκ
3736 5131 3989 5206 κατελύθη

2327 5211 2419 5260 καὶ
2449 5213 2797 5285 κατεπατήθη
2822 5213 2837 5252 ι
2882 5214 3139 5280 πολλάκις
3160 5234 3173 5281 ς

2394 5379 2413 5419 ί
2598 5388 2879 5469 ποιραμὼνέ
2888 5389 2985 5469 Ὠκαὶ
3027 5388 3293 5469 οὐδὲηούτω
3321 5392 3656 5469 παιδεέδόμεθα,
3686 5393 3806 5441 ἀλλὰ
3829 5386 3990 5437 11mm}-

2327 5461 2408 5507 μεν
2429 5446 2635 5515 εὐκόλως
2851 5450 3094 5512 ἀδελφούς.
3113 5451 3302 5515 θΏσπερ
3324 5454 3376 5501 δὲ
3393 5446 3596 5511 οὐδενός.

2390 5508 2416 5580 ξ
2437 5509 2535 5580 έίίι
2547 5508 2698 5580 305:6
2718 5510 2924 5580 :eAal’né,
2954 5513 3124 5580 10561-6
3152 5514 3512 5580 δυσκολωτέραν
3530 5516 3642 5580 ἡμῖν
3664 5513 3971 5580 γενέσθαι-τῲ

2390 5567 2694 5634 ὴδίιιεενίι.
2734 5567 2941 5622 elColb.
2990 5575 3053 5623 Al
3079 5573 3253 5623 Morel.
3300 5567 3687 5634 καταλαδοὸσηεῖ
3721 5567 3971 5624 ΙηῘΓΜῖοιΙι

2330 5630 2536 5697 ἀφέντας.
2547 5632 2623 5679 ἐπὶ
2642 5632 2698 5697 :6
2717 5634 3068 5697 θυσιαστήριον.

2395 5691 2573 5762 ξΕοίί).
2599 5693 2753 5762 φιλίαν
2778 5695 2899 5743 αἰτεῖ
2932 5691 3043 5760 παρ’
3083 5699 3237 5759 ἡμῶν.
3268 5696 3393 5747 Ibid.
3433 5698 3563 5751 Colb.
3616 5706 3785 5762 σχῆμα
3818 5695 3985 5751 πολλοί.

2330 5755 2412 5816 alii
2433 5755 2755 5816 σχῆμαπολύ.

2400 5814 2412 5880 _i
2450 5814 2584 5880 [2011).
2608 5818 2744 5880 μέχρι
2768 5817 2966 5880 τούτων.

2392 5877 2417 5915 ιι
2443 5877 2831 5929 83ι’ἱ1.εῐ’(ἷοιί).
2862 5880 2906 5926 τί
2930 5881 3026 5930 δαί.

2360 5937 2414 6008 ηι
2435 5938 2594 6008 ,(ἷοΙι).
2622 5944 2675 5988 et
2696 5940 2847 6008 Salii.
2869 5939 2920 6008 ἰῃ
2948 5948 3091 6008 le_xlu
3190 5947 3428 6008 :rapasdtm
3451 5948 3531 5994 καὶ
3557 5948 3885 6005 uanum-5.63;;
3910 5942 3978 5993 Sa-

2324 6001 2403 6050 vil.
2431 6001 2481 6049 in
2506 6013 2657 6064 marg.
2686 6007 2738 6051 et
2760 6001 2928 6053 Morel.
2960 6004 3013 6053 οὐ
3039 6001 3270 6065 κατελύθη
3290 6010 3368 6057 καὶ
3394 6001 3728 6071 κατεπατήθης
