4124 6144
191 266 299 334 3‘97

185 392 392 446 induc‘lt
421 394 759 462 supplicium.
795 398 881 451 Illa
918 414 1073 467 porro
1116 402 1454 459 incredulitas
1486 407 1683 473 paritur
1708 422 1774 461 ex

184 482 413 560 segnitie
451 483 504 536 in
542 487 894 554 exsequendis
938 491 1217 547 mandatis.
1261 492 1392 547 Cum
1434 498 1573 549 enim
1616 498 1772 551 obse-

182 572 418 639 quentia:
444 575 780 630 securitatem
804 578 957 633 nobis
978 595 1291 651 comparare
1312 584 1578 653 nolumus,
1604 602 1774 655 neque

180 676 244 714 ea
277 660 452 717 facere
480 679 599 733 quzc
628 676 890 736 praecepta
926 679 1049 723 sunt
1069 712 1084 737 ,
1119 682 1175 725 ut
1208 674 1440 729 animum
1474 674 1771 732 futurorum

180 761 333 806 metu
362 752 653 809 liberemus
672 797 685 819 ,
717 759 1053 814 conscientia:
1079 777 1241 817 onere
1268 767 1466 835 gravati
1498 776 1551 822 et
1580 770 1771 837 prmio-

178 845 305 910 cati,
328 844 594 914 ingentem
619 849 785 917 parati
808 851 1053 920 supplicii
1084 864 1281 909 metum
1303 857 1533 925 abjiccre
1557 860 1772 913 studen-

178 942 266 989 tes
287 976 302 1001 ,
335 935 390 988 in
419 936 560 990 aliud
585 952 683 991 nus
712 938 1015 996 barathrum
1048 945 1344 1013 praecipites
1365 947 1574 1017 agimus
1596 990 1610 1014 ,
1643 949 1767 1002 dum

181 1026 465 1080 tormentis
508 1028 613 1081 illis
653 1027 811 1083 fidem
853 1033 1189 1103 abrogamus.
1220 1037 1291 1090 At
1323 1039 1766 1106 quemadmodum

178 1115 239 1183 ii,
269 1116 357 1185 qui
387 1116 609 1172 ardente
633 1116 766 1173 febri
797 1127 1057 1188 tenentur,
1087 1125 1295 1180 etiamsi
1322 1128 1373 1180 in
1398 1143 1561 1197 aquas
1587 1143 1645 1184 se
1669 1129 1764 1184 fri-

174 1203 328 1274 gidas
357 1205 703 1274 conjecerint,
734 1208 1159 1277 przefocationem
1189 1214 1330 1269 illam
1364 1232 1468 1271 non
1494 1218 1761 1284 amittunt,

173 1295 271 1350 sed
304 1311 500 1350 novum
528 1297 783 1366 adjiciunt
818 1300 955 1370 ignis
984 1303 1227 1357 ardorem
1254 1346 1268 1370 ,
1299 1307 1376 1360 sic
1415 1316 1469 1362 et
1508 1324 1602 1363 nos
1631 1323 1763 1364 con-

172 1389 417 1444 scientia:
448 1390 677 1446 stimulis
705 1392 919 1462 agitati,
952 1394 1003 1448 in
1035 1394 1354 1466 hyperboies
1390 1400 1631 1470 euripum
1666 1417 1763 1456 nos

173 1482 511 1553 prmcipitare
535 1484 796 1554 cogimur,
822 1497 880 1541 ut
903 1488 1080 1542 omnia
1107 1489 1158 1543 in
1186 1500 1455 1559 posterum
1477 1493 1593 1548 sine
1618 1504 1761 1549 metu

171 1582 391 1638 peccata
436 1572 798 1631 admittamus.
846 1575 960 1631 Non
1003 1577 1175 1632 solum
1221 1580 1363 1634 enim
1411 1583 1760 1650 prasentibus

170 1662 455 1717 irascimur
484 1662 737 1720 fratribus
755 1706 771 1731 ,
800 1666 893 1721 sed
922 1667 1081 1723 etiam
1125 1683 1243 1724 cum
1283 1670 1589 1727 absentibus
1617 1689 1758 1744 szepe

170 1754 439 1824 litigamus
462 1774 476 1812 :
501 1757 641 1826 quod
661 1774 788 1814 sane
810 1760 1032 1816 feritatis
1051 1777 1300 1818 excessus
1315 1772 1418 1819 est.
1441 1765 1506 1819 Et
1532 1765 1758 1836 majores

164 1846 382 1915 quidem
416 1850 846 1920 potentioresque
887 1853 1042 1907 nobis
1062 1894 1076 1916 ,
1107 1854 1314 1909 etiamsi
1345 1855 1554 1925 injuriis
1579 1871 1676 1910 nos
1705 1866 1758 1912 et

160 1939 507 1994 curitumeliis
533 1939 783 2005 afficiant,
813 1957 931 1997 cum
960 1943 1324 2000 moderatione
1351 1962 1536 2017 magna
1567 1948 1757 2003 tolera-

165 2044 287 2083 mus
307 2045 493 2085 eorum
517 2041 660 2088 metu
681 2034 920 2096 cohibiti.
940 2036 1169 2105 mquales
1191 2045 1366 2093 autem
1392 2038 1750 2106 inferioresve,

160 2137 231 2175 ne
260 2121 372 2176 la-si
405 2124 641 2193 quidem,
668 2141 975 2183 aversantur
1002 2138 1198 2186 tamen.
1223 2130 1450 2186 Tantum
1479 2133 1751 2187 hominum

163 2224 339 2268 metus
366 2216 564 2270 Clu-isti
598 2218 772 2273 timori
805 2221 1078 2289 praevalet.

233 2308 289 2360 5.
335 2306 509 2375 Ecqua
543 2309 754 2363 tandem
781 2312 935 2366 nobis
960 2313 1144 2367 salutis
1172 2328 1314 2383 spes,
1347 2323 1543 2370 tantam
1575 2319 1752 2389 segni-

160 2388 315 2460 tiem,
334 2407 537 2451 tantum
555 2408 917 2471 contemptum
933 2403 1306 2460 exliibcntibus
1321 2406 1344 2459 ?
1362 2388 1653 2476 undeuam,
1667 2409 1751 2463 dic

162 2490 333 2543 mihi?
359 2492 493 2556 Quid
516 2492 698 2562 grave,
722 2493 848 2564 quid
872 2509 1158 2551 onerosum
1185 2513 1213 2551 a
1241 2499 1394 2552 nobis
1413 2500 1574 2569 exigit
1597 2500 1750 2554 Chri-

150 2582 317 2637 stus?
345 2581 422 2637 Ne
448 2583 693 2638 irascaris
715 2625 730 2651 ,
763 2585 969 2655 inquit,
1013 2586 1163 2642 fratri
1194 2598 1283 2643 tuo
1313 2590 1429 2644 sine
1468 2606 1624 2645 causa
1653 2609 1665 2644 :
1698 2591 1748 2645 id

159 2688 325 2741 porro
337 2674 503 2746 longe
525 2674 732 2731 facilius
753 2685 859 2744 est,
878 2692 1035 2746 quam
1058 2679 1278 2734 alterum
1302 2679 1441 2735 ferre
1461 2681 1575 2735 sine
1591 2697 1746 2735 causa

160 2766 378 2818 iratum.
406 2763 480 2819 lbi
508 2765 649 2819 enim
671 2758 796 2835 'jam
841 2776 1154 2837 congregata
1198 2778 1283 2823 est
1325 2769 1458 2838 ignis
1487 2771 1743 2835 materia;

156 2854 246 2909 h'c
263 2869 393 2909 vero
419 2869 539 2910 cum
568 2856 698 2910 nihil
727 2870 901 2911 causm
927 2858 1112 2923 subsit,
1145 2867 1196 2912 tu
1225 2858 1338 2927 ipse
1363 2857 1628 2913 ﬂammam
1651 2875 1745 2915 ac-

157 2947 368 3003 cendis.
399 2947 584 3019 Neque
613 2950 753 3005 enim
797 2965 894 3020 par
927 2967 1015 3006 res
1057 2960 1170 3017 est,
1205 2952 1312 3011 alio
1353 2950 1524 3007 facem
1556 2953 1742 3006 admo-

162 3048 317 3094 vente
338 3040 389 3095 id
415 3041 660 3107 tolerare,
691 3058 861 3114 neque
890 3043 1130 3109 accendi,
1159 3057 1220 3098 ac
1247 3044 1391 3098 nullo
1420 3046 1740 3109 concitante,

156 3133 460 3201 quiescere.
483 3135 754 3206 Siquidem
773 3137 863 3207 qui
886 3136 1017 3191 illud
1035 3152 1287 3207 superare
1310 3139 1497 3207 potuit,
1523 3153 1743 3194 summa}

148 3222 513 3291 philosophia:
555 3225 933 3282 documentum
973 3225 1215 3281 exhibuit
1258 3228 1388 3297 :qui
1434 3235 1610 3282 autem
1643 3228 1743 3284 hoc

147 3316 407 3385 prmstitit
429 3357 443 3379 ,
477 3316 605 3370 nihil
635 3317 987 3372 admiratione
1031 3317 1249 3386 dignum
1279 3317 1403 3386 egit.
1448 3316 1579 3372 Cum
1614 3333 1741 3389 ergo

148 3406 301 3475 quod
332 3407 501 3478 majus
525 3417 607 3462 est
635 3419 854 3478 propter
878 3418 1076 3463 metum
1107 3409 1379 3463 hominum
1408 3409 1736 3478 perlicimus,

148 3501 298 3569 quod
325 3511 502 3555 autem
533 3501 708 3556 minus
733 3510 945 3572 propter
974 3503 1065 3557 Dei
1089 3503 1333 3556 timorem
1363 3510 1616 3572 prmstare
1644 3517 1739 3556 no-

150 3593 370 3656 turnus;
404 3592 671 3663 perpende
701 3603 898 3663 quanto
925 3592 1183 3662 supplicio
1203 3633 1219 3659 ,
1248 3601 1446 3662 quanto
1480 3591 1736 3646 cruciatui

151 3684 256 3737 nos
280 3683 541 3737 obnoxios
563 3685 970 3739 constituamus.
990 3684 1232 3738 Fratrem
1258 3698 1416 3754 porro
1436 3699 1539 3738 nou
1562 3700 1740 3754 aequa.

150 3776 259 3830 lem
281 3818 296 3838 .
328 3792 433 3830 non
465 3776 689 3831 liberum
717 3785 918 3830 tantum
960 3791 1078 3831 esse
1117 3785 1301 3846 putes,
1335 3775 1429 3831 sed
1465 3777 1622 3831 etiam
1655 3776 1735 3831 fa-

150 3868 356 3932 mulum
379 3883 393 3922 :
417 3865 551 3920 Nam
577 3868 628 3920 in
658 3864 857 3921 Christo
875 3866 1000 3922 Iesu
1015 3883 1170 3935 neque
1195 3883 1366 3921 servus
1388 3883 1545 3937 neque
1573 3867 1694 3922 liber
1716 3869 1732 3900 ¹

152 3956 308 4027 (Gal.
365 3958 416 4012 5.
456 3957 524 4011 28
558 3957 609 4026 ),
645 3957 937 4012 secundum
961 3958 1270 4026 Apostolum
1307 3974 1320 4010 :
1358 3956 1426 4011 ita
1472 3968 1521 4011 ut
1561 3957 1603 4011 si
1653 3959 1734 4012 vel

151 4059 340 4103 contra
371 4050 592 4104 famulos
619 4050 734 4104 sine
761 4064 920 4103 causa
949 4048 1285 4113 ferociamus,
1312 4050 1524 4103 easdem
1549 4064 1733 4118 poenas

120 4118 125 4121 l
151 4137 327 4191 daturi
356 4137 523 4191 simus
558 4156 571 4191 :
602 4153 722 4191 nam
756 4138 846 4192 ille
874 4152 1083 4207 quoque
1113 4137 1276 4192 frater
1304 4147 1403 4203 est,
1433 4148 1487 4192 et
1512 4154 1634 4193 vera
1667 4140 1731 4192 li-

151 4229 363 4283 bertate
392 4229 637 4295 donatus,
668 4244 789 4283 eum
822 4244 982 4283 unum
1010 4228 1362 4299 eumdemque
1393 4229 1582 4284 habeat
1609 4229 1729 4299 Spi—

151 4321 316 4375 ritum
360 4322 403 4373 ².
447 4320 577 4388 Quis
625 4322 802 4390 itaque
846 4320 1010 4375 vitam
1053 4320 1195 4374 omni
1235 4321 1473 4375 convicio
1512 4335 1729 4390 puram,

152 4412 612 4477 irairrationabili
652 4422 743 4467 aut
788 4412 927 4466 inani
957 4425 1176 4466 vacuam
1221 4411 1477 4467 exhibere
1518 4411 1732 4480 potest?

148 4505 263 4560 Nec
292 4505 423 4559 mihi
465 4506 763 4575 quempiam
808 4504 1042 4574 alleges,
1073 4504 1155 4557 cui
1200 4502 1315 4557 haec
1347 4519 1467 4557 raro
1495 4502 1729 4572 contige-

152 4601 261 4653 rint
280 4637 297 4663 ,
327 4597 420 4652 sed
448 4597 537 4666 qui
579 4598 629 4651 in
670 4612 731 4653 ea
761 4611 1047 4666 numquam
1078 4593 1321 4649 inciderit
1349 4610 1363 4646 :
1395 4594 1565 4648 donec
1589 4596 1731 4648 enim

151 4690 203 4741 id
234 4688 391 4742 nobis
415 4687 735 4755 ostenderis,
757 4702 867 4741 non
898 4687 1018 4741 ideo
1046 4699 1175 4740 sane
1203 4685 1372 4739 minas
1399 4686 1604 4740 solvere
1631 4700 1731 4754 po-

134 4766 462 4847 terisquod
497 4779 599 4835 hoc
626 4795 730 4833 non
768 4776 1077 4848 frequenter
1101 4776 1374 4832 acciderit.
1406 4776 1612 4830 Etenim
1642 4777 1732 4844 qui

151 4873 379 4935 furatur,
411 4872 495 4925 vel
523 4871 609 4940 qui
642 4870 929 4947 fornicatur
950 4909 965 4932 ,
1000 4868 1099 4923 etsi
1126 4867 1295 4921 semel
1326 4867 1377 4920 in
1415 4867 1517 4919 hoc
1546 4880 1732 4935 pecca-

151 4979 261 5018 tum
285 4962 542 5027 incidant,
566 4978 671 5017 non
698 4963 815 5017 ideo
843 4960 1105 5032 supplicio
1130 4960 1440 5023 liberantur,
1463 4959 1601 5029 quod
1626 4974 1729 5014 non

147 5060 460 5127 frequenter
488 5055 568 5133 id.
589 5055 971 5125 pcrpetrarint,
1000 5053 1092 5108 sed
1137 5052 1258 5123 quia
1289 5052 1370 5107 vel
1415 5051 1578 5106 semel
1617 5050 1730 5115 ausi

147 5156 313 5215 sunt,
347 5150 655 5218 puniuntur.
686 5147 838 5214 Quod
876 5156 1052 5201 autem
1091 5155 1272 5216 postea
1311 5147 1581 5216 sequitur,
1614 5144 1727 5213 quis

148 5253 279 5304 uou,
310 5239 413 5294 etsi
444 5237 672 5294 infidelis
701 5240 802 5301 sit,
846 5238 1073 5292 fabulam
1099 5251 1217 5291 esse
1244 5244 1471 5305 reputet,
1500 5250 1616 5289 cum
1649 5234 1732 5287 vi-

147 5340 267 5387 deat
294 5346 325 5385 a
350 5331 503 5386 nobis
529 5345 649 5385 cum
679 5340 819 5385 tanta
847 5331 1179 5386 vehementia
1205 5328 1428 5382 violari?
1451 5327 1582 5382 Nam
1608 5343 1728 5382 eum

209 5425 224 5453 ³
264 5421 403 5471 Plura
425 5420 612 5482 legisse
626 5420 819 5471 videtur
841 5426 983 5470 vetus
1002 5420 1264 5480 interpres,
1281 5418 1363 5479 qui
1385 5417 1455 5466 sic
1473 5415 1651 5465 habet:
1678 5425 1730 5464 m

142 5481 662 5549 (‘hristquenim’neque
683 5482 901 5549 Judtegts,
929 5492 1083 5538 neque
1107 5487 1329 5549 graecus,
1373 5489 1524 5549 neque
1545 5489 1728 5534 servus,

143 5558 299 5607 neque
315 5543 462 5607 liber,
486 5541 637 5607 neque
652 5541 909 5603 masculus,
921 5553 1073 5604 neque
1095 5541 1296 5604 lentiae;
1311 5541 1396 5591 sed
1410 5550 1572 5587 omnes
1586 5550 1730 5587 unum

142 5603 609 5670 sitratusirtchristb.
869 5664 879 5670 _
998 5603 1004 5604 “
1097 5603 1167 5670 '_
1246 5620 1360 5670 _,,',

208 5654 409 5726 iwtilud,
436 5679 547 5716 eum
569 5664 1049 5728 unumieurndemque
1084 5666 1254 5728 caueat
1269 5654 1523 5728 Spiritum,
1562 5671 1725 5721 neque

144 5730 190 5777 in
208 5730 378 5790 Savil.,
396 5721 573 5790 neque
589 5728 638 5777 in
653 5727 785 5778 Colb.
804 5721 1004 5789 legitur,
1028 5725 1116 5774 sed
1140 5725 1187 5773 in
1213 5721 1371 5773 morel.
1400 5728 1597 5771 tantum.

1038 289 1129 343 DE
1168 288 1709 360 COMPUNCTIONE,
1752 294 1843 350 AD
1874 297 2292 358 DEMETRIUM.
2337 305 2465 361 LlB.
2509 306 2548 364 Ι.

3348 334 3452 390 ’593

1883 408 2021 465 Deus
2048 411 2188 467 dicat
2215 432 2229 465 :
2264 415 2327 471 Si
2352 417 2503 483 offers
2528 437 2708 481 muan
2737 435 2876 480 tuum
2898 430 2966 483 ad
2991 432 3171 501 altare,
3203 448 3250 491 et
3275 441 3341 495 ibi
3369 462 3452 498 re-

1878 501 2115 556 cordatus
2140 509 2296 573 fueris
2319 511 2439 579 quia
2468 512 2624 579 frater
2650 525 2765 571 tuus
2794 519 2937 575 habet
2974 525 3169 595 aliquid
3189 531 3452 591 adversum

1880 598 1928 643 te
1949 631 1964 656 ,
1991 593 2215 665 relinque
2240 598 2309 650 ibi
2338 616 2516 655 ntanus
2546 614 2684 658 tuum
2713 618 2829 662 ante
2867 612 3026 668 altare
3091 626 3139 671 et
3160 619 3284 675 vade
3311 627 3452 692 prius

1878 685 2197 739 reconciliari
2218 690 2369 757 fratri
2397 700 2501 759 tuo,
2529 704 2577 746 et
2600 705 2719 748 tunc
2740 701 2937 756 veniens
2959 702 3086 772 afer
3105 725 3287 766 nmnus
3310 685 3451 771 tuum

1881 771 1900 842 (
1914 771 2098 829 Matt/1.
2122 776 2173 829 5.
2193 778 2282 833 93.
2305 778 2410 847 24)
2432 800 2443 834 :
2462 799 2562 837 nos
2586 785 2717 840 bella
2742 800 2925 844 mutuo
2947 808 3211 867 gerentes,
3231 812 3285 857 et
3304 807 3452 859 exul-

1874 866 2035 920 cerati
2061 869 2256 935 animo,
2283 872 2348 925 ad
2376 875 2558 930 altaria
2584 878 2905 937 accedimus.
2930 888 3006 941 Ac
3028 902 3148 945 cum
3178 874 3315 949 Deus
3338 907 3451 951 tau-

1876 964 1980 1009 tam
2008 961 2449 1020 reconciliationis
2470 977 2664 1025 nostra:
2690 986 2870 1030 curam
2902 977 3111 1047 habeat,
3139 991 3196 1037 ut
3221 988 3449 1055 patiatur

1872 1049 2187 1106 sacriﬁcium
2206 1066 2359 1109 suum
2382 1057 2747 1127 imperfectum
2772 1081 3005 1136 manere,
3024 1080 3078 1125 et
3096 1049 3444 1134 ministerium

1872 1135 2221 1209 interrumpi,
2260 1144 2432 1201 donec
2470 1149 2739 1205 inimicitia
2781 1164 2835 1209 et
2872 1157 2948 1211 ira
2988 1160 3314 1230 deponatur,
3348 1185 3444 1222 nos

1872 1242 1981 1281 rem
2012 1230 2081 1284 ita
2108 1230 2259 1287 flocci
2286 1235 2528 1307 facimus,
2561 1250 2617 1295 ut
2641 1245 2827 1312 capitis
2856 1251 3021 1303 nostri
3047 1251 3242 1310 damno
3268 1259 3445 1314 nmllis

1868 1319 2054 1376 diebus
2086 1324 2411 1383 inimicitiam
2447 1346 2742 1390 servemus.
2790 1338 2969 1409 Neque
3014 1343 3294 1403 iracundus
3324 1362 3441 1405 tan-

1869 1420 1977 1464 tum
2008 1413 2186 1481 plectit
2214 1417 2372 1486 D_cns,
2396 1422 2489 1476 sed
2517 1425 2673 1479 etiam
2698 1442 2793 1483 eos
2820 1432 2907 1499 qui
2938 1433 3234 1503 hujusmodi
3258 1443 3443 1498 morbo

1865 1503 2016 1558 liberi
2047 1506 2280 1564 oﬂ'ensos
2314 1512 2503 1569 fratres
2531 1518 2820 1588 negligunt.
2855 1521 2987 1591 Quia
3020 1528 3161 1582 enim
3193 1531 3438 1589 laesurum

1864 1604 1943 1647 est
1968 1595 2141 1662 irasci,
2169 1598 2212 1651 is
2237 1616 2385 1668 vero,
2407 1604 2495 1672 qui
2524 1605 2711 1676 injuria
2735 1609 2918 1677 afficit,
2944 1630 3047 1670 nou
3077 1617 3145 1671 ita
3169 1619 3320 1679 facile
3340 1622 3440 1680 hoc

1864 1685 2050 1739 morbo
2067 1689 2322 1756 capiatur,
2344 1692 2463 1748 ideo
2483 1694 2621 1751 hunc
2641 1692 2705 1751 ad
2729 1699 2875 1754 illum
2899 1705 3128 1772 adducit,
3149 1712 3439 1769 ostendens

1862 1791 2019 1845 pmna
2043 1779 2334 1851 digniorem
2356 1798 2474 1840 esse
2496 1802 2615 1841 eum
2643 1790 2731 1859 qui
2765 1797 2962 1861 peccati
2987 1798 3215 1855 radicem
3239 1806 3434 1873 posuit.

1860 1870 1929 1922 At
1956 1883 2052 1923 nos
2081 1887 2147 1925 nc
2176 1872 2255 1927 sic
2282 1875 2494 1944 quidem
2521 1881 2887 1949 emendamur,
2916 1886 3007 1941 sed
3030 1904 3127 1958 pro
3157 1870 3437 1950 levissimis

1858 1960 2016 2014 etiam
2035 1961 2194 2018 rebus
2207 1964 2392 2020 fratres
2406 1969 2811 2028 contristamus:
2830 1974 3019 2033 deinde
3031 1994 3093 2034 ac
3105 1981 3147 2036 si
3163 1982 3292 2039 nihil
3316 2002 3433 2039 mo-

1860 2049 2025 2106 lestiae
2039 2052 2385 2121 intulerimus,
2405 2058 2471 2112 ita
2487 2061 2815 2131 negligimus,
2834 2066 3028 2122 illatam
3044 2068 3284 2138 injuriam
3299 2074 3431 2129 obli-
3454 2056 3459 2059 ⁷

1857 2140 1997 2195 vioni
2017 2142 2226 2207 damus,
2255 2145 2685 2219 inimicitiamque
2712 2153 2763 2206 in
2788 2154 2997 2226 l0ugum
3030 2167 3235 2229 tempus
3260 2174 3434 2219 extra-

1855 2240 1992 2285 ctam
2026 2231 2373 2303 despicimus,
2405 2238 2706 2307 ignorantes
2736 2253 2881 2297 tanto
2910 2247 3079 2316 majus
3108 2267 3202 2303 nos
3231 2255 3433 2324 suppli-

1854 2323 1993 2377 cium
2020 2325 2244 2380 luituros
2272 2343 2411 2391 esse,
2449 2342 2645 2398 quanto
2673 2335 2906 2402 pluribus
2945 2338 3130 2395 diebus
3167 2346 3430 2399 mtestitire

1855 2415 2028 2470 locum
2071 2417 2402 2484 dederimus,
2452 2431 2505 2476 et
2557 2423 2656 2479 hoc
2701 2427 2845 2495 ipso,
2891 2438 2944 2484 et
2987 2434 3124 2500 quod
3166 2435 3430 2492 difﬁcilior

1856 2519 2035 2577 postea
2070 2510 2127 2564 fit
2152 2513 2529 2569 reconciliatio.
2558 2516 3011 2584 Quemadmodum
3034 2525 3172 2578 enim
3198 2529 3427 2583 amicitia

1852 2600 2215 2669 obstringeute
2236 2645 2250 2667 ,
2282 2604 2409 2657 nihil
2430 2605 2591 2661 facile
2616 2607 2914 2665 distrahere
2939 2652 2953 2677 ,
2990 2615 3115 2667 nihil
3144 2616 3425 2673 adversum

1851 2692 1995 2747 credi
2016 2697 2227 2762 poterit,
2248 2696 2325 2750 sic
2351 2697 2622 2754 inimicitia
2646 2702 2851 2756 animos
2878 2713 3091 2759 "OetTOS
3110 2706 3423 2779 oi-cnpaute,

1850 2784 2025 2839 omnia
2051 2786 2220 2841 facilia
2246 2796 2300 2841 ct
2325 2789 2478 2842 obvia
2511 2802 2632 2845 sunt
2666 2792 2730 2847 iis
2753 2835 2766 2857 ,
2792 2794 2881 2862 qui
2920 2796 3084 2850 nixam
3113 2815 3307 2869 augere
3335 2818 3428 2857 ve-

1849 2873 1968 2940 lint,
1999 2891 2117 2929 eum
2148 2877 2284 2931 bona
2316 2878 2532 2934 minimc
2553 2921 2568 2945 ,
2599 2881 2732 2934 mala
2761 2898 2886 2937 vero
2910 2886 3079 2939 solum
3121 2888 3422 2944 credantur.

1850 2963 1977 3019 ideo
1997 2965 2181 3034 jubet,
2212 2967 2351 3022 dono
2385 2969 2451 3023 ad
2481 2971 2649 3025 altare
2672 2971 2894 3028 dimisso
2925 2975 3069 3043 prius
3095 2981 3422 3034 reconciliari

1849 3055 2017 3120 fratri,
2044 3067 2101 3110 ut
2119 3057 2408 3127 discamus,
2433 3061 2474 3114 si
2500 3061 2550 3114 in
2574 3063 2665 3115 illo
2687 3072 2924 3133 tempore
2940 3070 3421 3124 reconciliationem

1846 3147 2060 3203 differre
2096 3165 2200 3203 non
2230 3150 2416 3217 liceat,
2454 3153 2622 3207 multo
2662 3155 2835 3210 minus
2874 3156 3033 3212 licere
3064 3159 3113 3213 iu
3150 3162 3288 3216 aliis.
3319 3164 3423 3217 Nos

1846 3253 1973 3292 vero
2001 3240 2237 3310 symbola
2269 3241 2481 3311 quidem
2513 3258 2688 3298 rerum
2717 3254 2956 3301 tenemus
2981 3289 2995 3314 ,
3023 3265 3052 3303 a
3090 3251 3309 3305 veritate
3330 3269 3419 3305 au-

1846 3338 1951 3384 tem
1984 3331 2093 3399 ipsa
2124 3332 2439 3397 excidimus,
2469 3334 2594 3388 dum
2625 3350 2721 3389 nos
2743 3347 2866 3391 ante
2892 3339 3013 3393 doni
3035 3340 3246 3409 quidem
3270 3344 3420 3397 obla-

1844 3421 2042 3475 tionem
2071 3432 2253 3476 mutuo
2281 3425 2671 3492 amplectimur,
2702 3425 2795 3480 sed
2824 3427 2974 3481 labiis
3008 3440 3205 3483 tantum
3248 3441 3302 3485 et
3327 3448 3422 3488 ore

1843 3514 1894 3569 id
1922 3515 2144 3584 agimus.
2175 3517 2242 3570 At
2267 3531 2372 3569 non
2404 3517 2451 3569 id
2484 3517 2654 3571 solum
2678 3519 2788 3572 vult
2817 3519 3089 3586 Dominus,
3112 3522 3204 3576 sed
3230 3524 3420 3578 anima:

1842 3607 1999 3660 etiam
2022 3590 2258 3661 osculum
2281 3615 2335 3660 et
2361 3607 2659 3677 amplexum
2684 3608 2859 3663 cordis
2881 3610 3121 3678 proximo
3146 3612 3257 3666 dari
3280 3631 3293 3666 :
3320 3613 3419 3670 hoc

1843 3699 1986 3752 enim
2017 3713 2144 3754 vere
2187 3700 2431 3767 amplecti
2480 3700 2703 3764 dicitur;
2751 3700 2877 3754 illud
2921 3717 3044 3757 vero
3077 3705 3225 3773 quasi
3261 3720 3420 3762 scena

1840 3791 2081 3860 quaedam
2121 3800 2174 3844 et
2213 3791 2355 3846 larva
2399 3791 2619 3846 dicenda
2659 3801 2772 3859 est,
2804 3793 2871 3846 ita
2910 3795 3076 3865 utqui
3111 3796 3188 3850 sic
3215 3798 3419 3853 oscula-

1843 3891 1945 3948 tur,
1977 3882 2143 3951 magis
2173 3882 2339 3937 Deum
2367 3882 2538 3938 irritet
2565 3898 2721 3953 quam
2753 3884 2943 3958 placet.
2974 3885 3245 3942 Sinceram
3274 3891 3415 3945 enim

1839 3983 1893 4029 et
1921 3974 2183 4030 radicibus
2214 3975 2418 4029 firmam
2458 3975 2742 4031 amicitiam
2773 3978 2994 4047 requirit
3027 3994 3056 4033 a
3087 3981 3239 4036 nobis
3262 4024 3277 4048 ,
3308 3999 3414 4037 nou

1840 4063 1976 4118 hanc
2017 4065 2168 4132 cujus
2215 4067 2447 4135 speciem
2504 4076 2554 4121 et
2598 4068 2940 4122 simulacrum
2994 4071 3258 4140 quoddam
3307 4076 3415 4129 cir-

1830 4154 2213 4221 cumferimus,
2241 4156 2344 4210 vim
2388 4167 2563 4210 autem
2607 4172 2817 4213 onmem
2855 4162 3239 4223 exstinximus,
3276 4166 3414 4234 quod

1837 4256 1892 4302 ct
1933 4249 2102 4316 ipsum
2160 4247 2409 4301 iudicium
2458 4257 2540 4302 est
2592 4263 2810 4314 earum,
2850 4251 3041 4319 quibus
3086 4253 3412 4322 detincmur,

1837 4338 2195 4407 iniquitatum.
2227 4335 2363 4390 Nam
2382 4337 2619 4406 quoniam
2645 4338 2914 4392 abundavit
2941 4341 3199 4411 iniquitas,
3226 4344 3411 4413 inquit,

1836 4428 2122 4498 refrigescet
2145 4427 2329 4480 caritas
2356 4426 2625 4479 multorum
2654 4426 2881 4498 (Matth.
2912 4430 3003 4483 24.
3051 4430 3174 4502 12).
3211 4433 3273 4487 Et
3304 4438 3414 4489 ha'c

1834 4522 2038 4591 agimus
2061 4520 2320 4584 homines,
2348 4518 2538 4589 quibus
2558 4519 2773 4593 vetitum
2800 4527 2883 4574 cst
2904 4521 2985 4575 vel
3012 4522 3188 4586 irasci,
3214 4525 3294 4578 vel
3320 4526 3414 4578 iui-

1836 4611 2003 4666 micos
2032 4611 2227 4665 habere
2259 4610 2532 4679 quospiam
2565 4625 2579 4662 :
2611 4616 2703 4663 aut
2730 4610 2773 4663 si
2805 4608 2939 4664 forte
2978 4611 3267 4665 habeamus
3292 4656 3306 4675 ,
3346 4616 3410 4667 ad

1820 4718 1997 4764 unum
2026 4709 2228 4756 tantum
2255 4700 2392 4755 diem
2420 4699 2616 4754 habere
2648 4699 3000 4767 permittimur
3035 4718 3048 4754 :
3078 4700 3190 4763 Sol,
3224 4702 3411 4771 inquit,

1835 4810 1935 4847 non
1966 4787 2169 4845 occidat
2186 4806 2336 4859 super
2363 4789 2678 4842 iracundiaet
2702 4797 2914 4842 vestram
2944 4787 3174 4860 (Epltes.
3204 4792 3257 4846 Δ.
3283 4792 3352 4846 26
3370 4807 3410 4861 ).

1834 4883 2015 4953 Neque
2058 4882 2143 4936 hic
2171 4880 2545 4946 consistimus,
2586 4878 2679 4933 sed
2719 4887 2773 4933 et
2806 4878 3024 4932 insidias
3060 4881 3147 4934 alii
3189 4881 3240 4935 in
3280 4883 3413 4937 alios

1834 4973 2087 5028 struimus
2107 5012 2122 5037 ,
2155 4979 2209 5026 et
2234 4970 2410 5026 verbis
2434 4979 2488 5025 et
2512 4970 2675 5040 gestis
2703 4970 2899 5024 nostris
2932 4969 3175 5026 membra
3202 4974 3410 5042 propria

1834 5063 2142 5119 mordentes
2159 5077 2220 5115 ac
2242 5061 2558 5115 devorantes
2583 5077 2596 5113 :
2619 5059 2760 5129 quod
2782 5060 2963 5130 utique
2977 5071 3174 5129 aperta:
3196 5062 3414 5118 insania:

1824 5160 1933 5213 'est.
1964 5156 2173 5210 Etenim
2219 5153 2536 5208 insanabiles
2577 5152 2939 5206 dmmoniaeos
2977 5160 3031 5207 et
3061 5151 3285 5206 furiosos
3315 5155 3413 5209 hoc

1836 5249 2061 5304 maxime
2089 5246 2242 5316 signo
2267 5244 2643 5313 dignoscimus.
2681 5241 2817 5308 Quid
2843 5250 3020 5308 autem
3046 5242 3114 5297 de
3140 5243 3253 5312 lege
3273 5245 3411 5299 circa

1832 5339 2217 5404 adversarium,
2241 5339 2381 5392 circa
2407 5336 2732 5406 illegitimate
2759 5334 3262 5405 concupiscentiam,
3291 5351 3414 5389 ocuo

1834 5430 1912 5485 lus
1934 5428 2249 5498 impudicos,
2267 5427 2552 5482 amicitiam
2574 5425 2987 5480 irrationabilcm
3009 5433 3063 5479 ct
3083 5425 3411 5491 damnosam,

1833 5521 2104 5577 dicemus?
2131 5520 2328 5574 Oculus
2355 5519 2495 5574 enim
2536 5518 2725 5573 dexter
2760 5526 2815 5573 et
2853 5532 3041 5571 manus
3083 5517 3270 5571 dextra
3309 5534 3416 5573 non

1832 5616 1971 5670 aliud
2001 5615 2151 5669 nobis
2181 5612 2515 5668 subindicant
2536 5653 2549 5675 ,
2582 5627 2740 5682 quam
2770 5626 2865 5666 eos
2893 5612 2978 5680 qui
3009 5611 3206 5666 damno
3231 5620 3412 5663 nostro

1839 5721 1936 5762 nos
1956 5712 2155 5760 amaut.
2181 5703 2286 5759 Lex
2311 5717 2437 5759 vero
2462 5702 2528 5758 de
2549 5700 2835 5772 repudiatis
2858 5701 3128 5768 uxoribus,
3151 5716 3177 5752 a
3203 5699 3414 5769 quibus-
