4124 6144
190 252 288 305 δαί)

257 368 494 453 δ’.-Τοδς
519 370 627 453 γάρ
665 373 794 443 περὶ
824 374 917 427 τοῦ
950 375 1023 445 μὴ
1052 377 1163 431 δεῖν
1193 379 1419 450 ὀμνύναι
1448 382 1731 453 κειμένους
1761 384 1854 435 καί¹

188 448 512 532 αἰσχύνομαι
545 450 752 518 λέγειν,
799 453 860 532 06
883 453 972 506 διὰ
995 454 1090 518 τὰς
1122 448 1469 528 ὁρκωμοσίας
1516 448 1693 532 μόνον,
1720 463 1856 516 ἀλλά

178 530 284 612 ,καὶ
308 527 398 612 διὰ
452 530 554 612 τὰς
602 531 884 602 ἐπιορκίας
928 533 1030 596 τὰς
1092 527 1353 606 συνεχεῖς.
1400 539 1463 591 Εἰ
1503 527 1613 612 γὰρ
1662 542 1756 595 καὶ
1796 542 1855 594 τὸ

190 607 437 692 ὀμνύναι,
473 608 578 692 κάν
612 612 828 692 εὐορκῇν
847 612 1220 685 τις,ἔγκλημα
1244 618 1338 669 καὶ
1360 607 1592 689 ἐντολῆς
1606 621 1857 692 παράϐα-

192 704 294 770 τις,
337 687 439 770 ποῦ
480 689 581 770 τὴν
613 691 897 770 ἐπιορκίαν
935 692 1205 763 θήσομεν;
1243 696 1308 748 El
1343 697 1453 767 γὰρ
1480 687 1547 751 τὸ.
1597 687 1855 770 περισσὸν

193 766 281 819 τοῦ
306 767 395 819 ναὶ
423 769 519 821 καὶ
543 767 638 821 τοῦ
674 767 733 822 o6
754 771 819 824 ἐκ
844 770 939 823 τοῦ
962 773 1232 843 Πονηροῦ,
1255 775 1316 827 τὸ
1339 766 1433 828 καῖ
1449 776 1637 830 τούτου
1659 766 1854 849 περισ-

193 846 406 915 σότερον
450 846 594 910 τίνος
628 847 779 901 ἔσται
807 848 1021 913 λοιπόν;
1048 847 1192 905 Ἐἶτα
1236 853 1394 907 πάλιν
1433 854 1597 925 φησίν
1621 864 1671 892 ἀ
1713 846 1857 910 Ἐάν

191 925 281 989 τίς
305 941 377 978 σε
405 927 641 995 ραπίση
697 929 785 991 εἰς
840 927 955 995 τὴν
998 928 1205 991 δεξιὰν
1259 933 1532 1000 σιαγόνα,
1586 933 1858 1002 στρέψον

191 1003 347 1069 αὐτῷ
386 1003 484 1057 καὶ
523 1004 638 1070 τὴν
666 1005 884 1072 ἀλλην·
909 1006 1008 1059 καὶ
1046 1006 1126 1072 τῷ
1157 1008 1394 1063 θέλοντί
1429 1024 1529 1064 σοι
1562 1011 1852 1079 κριθῆναι,

193 1082 288 1135 καὶ
318 1082 426 1136 τὸν
469 1082 689 1152 χιτῶνά
719 1101 834 1139 σου
862 1085 1091 1148 λαϐεῖν,
1127 1086 1277 1155 ἄφες
1303 1088 1465 1154 αὐτῷ
1492 1090 1586 1143 καὶ
1616 1091 1683 1144 τὸ
1723 1091 1855 1160 Lud-

190 1179 336 1216 τιονο
375 1164 473 1217 καὶ
505 1163 615 1217 ἐάν
645 1166 739 1230 τίς
789 1181 863 1219 σε
913 1166 1257 1235 ἀγγαρεύσῃ
1309 1168 1463 1241 [128]
1510 1171 1719 1238 μίλιον
1762 1171 1852 1234 ἓν,

190 1242 378 1311 ὕπαγε
399 1244 530 1309 μετ’
557 1243 744 1298 αὐτοῦ
767 1244 896 1298 δύο·
921 1246 1017 1300 καὶ
1057 1244 1137 1310 τῷ
1159 1249 1425 1302 αἰτοῦντί
1450 1264 1524 1301 σε
1545 1248 1734 1312 δίδου,
1759 1249 1857 1303 καί

193 1320 294 1373 τὸν
329 1320 581 1375 θέλοντα
611 1322 729 1376 ἀπὸ
759 1324 876 1378 σοῦ
908 1323 1302 1380 δανείσασθαι
1325 1328 1411 1395 μὴ
1437 1328 1852 1397 ἀποστραφῇς.

190 1397 254 1450 Τί
279 1398 341 1449 ἄν
389 1416 471 1461 τις
512 1402 656 1453 εἴποι
703 1402 839 1472 πρὸς
888 1403 1093 1468 ταῦτα;
1154 1405 1270 1475 Ἐφ’
1315 1408 1545 1461 ἑκάστου
1601 1407 1708 1478 γὰρ
1748 1408 1856 1460 τῶν

187 1479 490 1550 εἰρημένων
511 1480 763 1552 δακρύειν
794 1482 952 1552 μόνον
984 1487 1076 1539 καὶ
1114 1485 1551 1554 ἐγκαλύπτεσθαι
1588 1486 1853 1541 λείπεται’

185 1559 355 1621 οὕτως
386 1561 449 1611 ἐκ
477 1560 768 1631 διαμέτρου
798 1562 933 1634 πρὸς
962 1567 1061 1633 τὴν
1099 1565 1346 1619 ἐναντίαν
1373 1564 1783 1636 ἀντεταξάμεθα
1803 1566 1854 1635 b,

185 1641 267 1701 εἰς
293 1638 504 1709 κρίσεις
534 1641 629 1693 καὶ
668 1641 845 1711 μάχας
871 1641 967 1694 καὶ
1000 1642 1151 1707 δίκας
1183 1644 1276 1698 καὶ
1304 1644 1741 1715 ἀμφισϐητήσεις
1764 1644 1857 1699 16v

187 1718 616 1789 ἅπανταχρόνον
662 1719 1066 1785 ἀναλίσκοντες,
1116 1723 1211 1776 καὶ
1256 1724 1391 1793 μηδὲ
1434 1723 1690 1794 βραχεῖαν
1721 1724 1858 1791 ἐπή-

187 1814 337 1867 ρειαν
371 1799 647 1869 φέροντες,
693 1800 769 1870 μὴ
806 1799 904 1870 τὴν
940 1801 1048 1854 ἀπὸ
1080 1801 1191 1855 τῶν
1232 1804 1596 1873 πραγμάτων,
1629 1803 1703 1875 μὴ
1757 1803 1856 1874 τὴν

176 1875 289 1929 ἀπὸ
308 1876 416 1929 τῶν
438 1875 718 1947 ῥημάτων,
734 1878 869 1931 ἀλλά
884 1880 977 1933 καὶ
1000 1879 1137 1950 πρὸς
1157 1881 1218 1933 τὸ
1236 1881 1399 1951 τυχὸν
1420 1881 1673 1953 ἐκθηριού
1683 1899 1852 1953 μενοι.

253 1957 315 2008 Εἰ
334 1956 391 2009 δὲ
414 1956 558 2027 ἔχοις
582 1956 735 2023 τινάς
757 1957 935 2026 λέγειν
962 1959 1066 2013 τῶν
1094 1960 1263 2013 πολλά
1290 1962 1388 2031 μὲν
1407 1961 1763 2032 ἀνηλωκότων
1777 1963 1857 2027 εἰς

174 2035 422 2107 πένητας
443 2074 458 2097 ,
486 2037 1013 2108 καταφρονουμένων
1051 2039 1108 2092 δὲ
1140 2039 1226 2093 διὰ
1265 2041 1364 2111 τὴν
1392 2041 1582 2095 πενίαν
1610 2040 1854 2114 ὕστερον,

180 2115 275 2168 καὶ
317 2114 488 2185 μυρία
533 2116 850 2189 πασχόντων
894 2116 1060 2182 κακά,
1112 2116 1327 2185 ὀλίγους
1376 2117 1475 2188 μέν
1512 2119 1735 2184 τούτους
1762 2121 1857 2175 καὶ

178 2192 584 2266 εὐαριθμήτους
629 2195 797 2264 ἐρεῖςο
825 2195 962 2266 πλὴν
998 2196 1114 2250 ἀλλ’
1144 2197 1265 2249 ούδέ
1312 2196 1455 2251 οὕτω
1486 2196 1577 2250 τὸν
1621 2198 1857 2252 ἐνταῦθα

162 2273 670 2345 ἀναγεγραμμένον
710 2276 842 2345 ήμῖν
883 2274 1173 2344 φιλόσοφον
1202 2275 1410 2341 ἔδειξας
1428 2293 1442 2306 ⁸
1474 2276 1609 2330 πολὺ
1634 2276 1743 2348 γὰρ
1768 2269 1857 2330 οὗ·

174 2372 268 2418 τος
305 2354 516 2408 ἐκείνου
565 2355 659 2407 τοῦ
692 2355 807 2426 βίου
840 2356 1370 2428 πνευματικώτερος.
1404 2356 1539 2411 Οὐδὲ
1568 2359 1676 2429 γάρ
1709 2361 1857 2411 ἐστιν

180 2434 299 2486 ἴσον
366 2434 561 2487 ἑκόντα
634 2434 849 2499 δοῦναι,
924 2436 1018 2489 καὶ⁵
1084 2435 1558 2507 ἀποστερούμενον
1641 2438 1857 2492 πάντων

176 2514 442 2580 ἐνεγκεῖν.
474 2513 537 2565 Τί
582 2514 640 2566 δέ
672 2514 816 2583 λέγω
857 2516 1127 2583 ἐνεγκεῖν;
1153 2514 1181 2568 ὂ
1213 2514 1322 2586 γὰρ
1367 2515 1394 2567 6
1439 2516 1674 2587 Χριστὸς
1714 2512 1855 2584 εἷπε,

178 2589 362 2661 πολλῷ
403 2590 592 2645 τούτου
645 2592 804 2646 πάλιν
871 2593 1051 2663 μεῖζόν
1111 2595 1246 2647 ἐστι.
1309 2593 1572 2648 Τοσοῦτον
1631 2595 1688 2649 δὲ
1749 2597 1859 2649 ἀπι-

179 2669 406 2740 έστησεν
437 2680 460 2709 α
507 2673 535 2725 6
578 2670 733 2740 λόγος
788 2670 895 2724 τῶν
952 2670 1319 2739 ἀδικουμένων
1373 2672 1467 2736 τὰς
1526 2673 1705 2744 ψυχὰς
1760 2675 1860 2746 τῆς

179 2748 318 2818 πρὸς
356 2749 483 2813 τοὺς
533 2749 849 2813 ἀδικοῦντας
891 2750 1084 2820 ὀργῆς,
1139 2750 1216 2814 ὡς
1251 2750 1324 2822 μὴ
1371 2751 1533 2822 μόνον
1569 2753 1710 2824 ὑπὲρ
1750 2754 1859 2808 τῶν

177 2826 281 2898 ἤδη
347 2828 661 2899 ληφθέντων
723 2831 796 2901 μὴ
868 2829 1240 2900 δυσχεραίνειν
1266 2871 1282 2894 ,
1368 2830 1504 2884 ἀλλά
1574 2833 1669 2886 καὶ
1756 2832 1860 2887 τῶν

168 2909 614 2979 ὑπολειφθέντων
676 2911 899 2972 ἑκόντας
974 2911 1355 2981 παραχωρεῖν,
1403 2912 1500 2963 καὶ
1559 2911 1659 2981 τῆς
1712 2912 1859 2964 ἐκεί-

175 3008 282 3044 νων
342 2991 540 3062 μανίας
582 2990 713 3061 περὶ
769 2988 829 3042 16
884 2988 1070 3051 κακῶς
1122 2991 1296 3041 ποιεῖν
1354 2987 1575 3058 μείζονα
1613 2990 1741 3062 περὶ
1799 2991 1860 3044 τὸ

176 3068 368 3133 κακῶς
407 3069 638 3139 πάσχειν
683 3066 1088 3122 ἐπιδείκνυσθαι
1130 3068 1230 3137 τὴν
1280 3068 1590 3139 προθυμίαν
1631 3066 1658 3105 ἀ
1690 3070 1855 3139 ἡμᾶς.

170 3149 353 3202 ⁴Ὀτοιν
386 3149 497 3218 γάρ
536 3150 564 3201 6
607 3146 930 3218 βουλόμενος
971 3146 1176 3200 ἀδικεῖν
1207 3146 1343 3218 εῦρῃ
1377 3147 1469 3200 τὸν
1504 3146 1860 3219 ἀδικούμενον

176 3229 342 3282 πλέον
394 3226 910 3298 παρεσκευασμένον
959 3225 1094 3297 πρὸς
1138 3225 1198 3278 16
1232 3224 1423 3279 παθεῖν
1463 3226 1609 3297 ἥπερ
1657 3227 1861 3292 ἐκεῖνος

174 3308 451 3370 ἐϐούλετο,
500 3307 592 3359 καὶ
647 3305 743 3376 τὴν
793 3304 1088 3375 ἐπιθυμίαν
1146 3304 1437 3375 ἐμπλήσας
1487 3304 1585 3375 τὴν
1638 3306 1857 3374 ἐαυτοῦ,

172 3388 272 3441 τὸν
321 3383 731 3457 ἐπηρεασθέντα
779 3384 843 3437 ἐκ
894 3383 1215 3454 περιουσίας
1265 3383 1346 3456 ἴδῃ
1390 3383 1856 3456 φιλοτιμούμενον,

172 3468 399 3521 ἄπεισιν
444 3464 778 3536 ἡττημένος,
831 3462 931 3530 τὴν
992 3461 1299 3534 ὑπερϐολὴν
1345 3464 1445 3533 τῆς
1510 3464 1860 3530 ἀνεξικακίας

175 3545 541 3618 ἐρυθριάσας·
578 3543 680 3598 κᾶν
732 3542 863 3611 γοῦν
893 3542 1080 3614 θηρίον
1113 3540 1181 3616 ᾗ,
1218 3542 1321 3596 κᾶν
1365 3540 1551 3614 ἐτερόν
1582 3561 1636 3597 τι
1669 3543 1858 3599 τούτου

176 3624 581 3695 χαλεπώτερον,
640 3621 1009 3694 μετριώτερος
1057 3620 1210 3674 ἔσται
1262 3620 1354 3675 τοῦ
1406 3621 1614 3689 λοιποῦ,
1657 3625 1755 3695 τήν
1801 3641 1859 3677 τε

176 3705 347 3759 αὑτοῦ
382 3704 580 3758 κακίαν
618 3703 712 3754 καὶ
746 3700 843 3773 τὴν
897 3700 1095 3771 ἀρετήν
1144 3700 1353 3754 ἐκείνου
1388 3700 1569 3766 καλῶς
1621 3701 1731 3755 ἀπὺ
1760 3703 1859 3773 τῆς

177 3784 519 3856 συγκρίσεως
551 3780 755 3851 ταύτης
787 3778 930 3834 ἰδών.
960 3780 1160 3834 Τοῦτον
1190 3779 1301 3848 ἐγὼ
1330 3780 1420 3835 τὸν
1457 3780 1571 3852 βίον
1613 3776 1859 3855 ἐπιζητῶ

175 3864 297 3929 νῦν,
341 3864 398 3917 ὃν
435 3863 594 3934 μόνον
631 3861 689 3913 ἐν
726 3863 845 3923 ταῖς
878 3860 1121 3930 Γραφαῖς
1154 3859 1406 3930 κείμενον
1448 3860 1584 3928 ὁρῶ,
1625 3862 1857 3932 ἀλλαχοῦ

172 3947 234 4000 δέ
269 3946 366 3999 καὶ
406 3944 499 3997 ἐπὶ
540 3942 647 3995 τῶν
683 3941 859 4012 ἔργων
901 3938 1160 4010 οὐδαμοῦ.
1201 3941 1294 4011 Μὴ
1337 3939 1445 4011 γάρ
1494 3958 1583 4011 μοι
1617 3941 1707 3994 τὸν
1739 3942 1859 4012 ὴδι-

174 4025 422 4097 κημένον
483 4025 644 4093 εἴπης
704 4021 798 4074 καὶ
857 4019 1120 4087 στέγοντα
1153 4027 1210 4056 θ’
1260 4017 1549 4097 συμϐαίνει
1599 4019 1708 4092 γάρ
1764 4020 1858 4074 καὶ

172 4104 335 4176 ιδ’-..αρά
378 4103 677 4176 ἀδυναμίαν
712 4097 871 4152 τοῦτο
928 4097 1141 4152 παθεῖν.
1187 4097 1250 4149 Εἰ
1302 4096 1360 4149 δὲ
1404 4096 1496 4149 καὶ
1546 4098 1682 4168 πρὸς
1734 4099 1859 4162 τοὺς

172 4174 478 4255 ὁμοτίμους
509 4183 601 4235 καὶ
626 4174 706 4246 οἷς
736 4178 958 4232 δυνατὸν
993 4175 1301 4241 ἐπεξελθεῖν
1331 4177 1644 4242 ἐπεδείξατο
1681 4176 1858 4245 τοῦτο,

172 4264 319 4320 ἀλλά
362 4265 422 4317 οὑ
456 4263 616 4334 μέχρι
665 4260 942 4326 τοσούτου,
978 4258 1051 4324 ὡς
1088 4258 1182 4312 καὶ
1215 4258 1314 4334 τῂν
1360 4258 1654 4330 ἐπιθυμίαν
1688 4260 1859 4330 ὑπερ-

172 4331 467 4400 ακοντίσαί
497 4331 597 4415 τήν
631 4342 863 4403 ἐκείνου,
894 4341 988 4393 καὶ
1030 4339 1190 4393 πλέον
1245 4331 1318 4392 ὧν
1351 4337 1600 4392 ἐϐούλετο
1644 4339 1854 4404 δοῦναι,

174 4424 279 4479 καὶ
322 4426 437 4486 τοῖς
481 4421 656 4475 ἐκοντὶ
722 4419 1095 4492 προστεθεῖσι,
1145 4419 1243 4490 τὴν
1292 4418 1384 4471 ἐπὶ
1427 4421 1542 4483 τοῖς
1590 4417 1682 4491 βίᾳ
1724 4420 1860 4472 ἀπο-

174 4503 477 4558 σπασθεῖσι
530 4501 701 4568 δεῖξαι
758 4498 1161 4570 μακροθυμίαν.
1216 4497 1290 4550 Τὸ
1337 4497 1394 4551 δὲ
1442 4497 1650 4551 τούτων
1698 4498 1861 4553 πάλιν

172 4581 458 4652 ἀνώτερον
496 4582 588 4635 καὶ
621 4579 793 4649 αὐτῆς
836 4576 1140 4645 ἁπτόμενον
1172 4574 1271 4644 τῆς
1317 4577 1581 4645 κορυφῆς,
1625 4579 1751 4640 τοὺς
1793 4577 1863 4630 τά

173 4662 416 4716 τοιαῦτα
452 4658 855 4732 ἐργαζομένους
891 4659 972 4717 εἰς
1003 4655 1170 4725 ήιιᾶς,
1200 4652 1298 4732 καὶ
1332 4654 1736 4724 ἐπηρεάζοντας
1769 4656 1863 4708 καὶ

174 4742 433 4812 χρήμασι
464 4731 558 4793 καὶ
606 4738 820 4808 σώμασι
863 4733 959 4788 καὶ
990 4735 1102 4812 τοῖς
1131 4731 1308 4792 ἄλλοις
1344 4732 1861 4812 άπασιν,ἐνηφίλων

172 4811 360 4885 τάξει,
392 4819 488 4872 καὶ
529 4818 697 4885 φίλων
736 4815 847 4868 τῶν
893 4811 1132 4882 γνησίων
1181 4811 1538 4864 κατατάττειν
1579 4811 1861 4865 ἐκέλευσεν

171 4900 204 4952 ὁ
237 4898 499 4969 Χριστός.
533 4897 625 4967 Μὴ
668 4893 776 4965 γὰρ
808 4891 1093 4969 προσδίδου
1124 4890 1287 4969 μόνον
1314 4888 1391 4960 τῷ
1424 4887 1723 4969 άρπάζοντι
1768 4892 1863 4945 καὶ

175 4966 644 5039 πλεονεκτοῦντι,
677 4973 863 5045 φησὶν,
888 4968 1024 5023 ἀλλὰ
1053 4968 1147 5024 καὶ
1193 4966 1336 5026 φίλει
1372 4966 1559 5021 τοῦτον
1600 4968 1751 5044 φιλία
1792 4971 1860 5042 τῇ

531 5116 650 5179 μετὰ
669 5115 722 5179 δὲ
738 5111 889 5179 τμῖλτά

242 5120 270 5185 f'
298 5118 501 5185 ᾼοιςεὸγ·
531 5116 650 5185 aera
669 5115 722 5185 βξ
738 5111 889 5185 ταῦτά
909 5128 1067 5185 φηςιν·
1092 5110 1175 5185 βίεξ
1202 5109 1417 5185 Come"!-

238 5180 273 5221 b
300 5179 443 5230 Colb.
466 5171 740 5239 ἐταξάμεθα.
763 5176 895 5225 Idem
918 5171 1042 5223 infra
1084 5173 1180 5220 ἀπὸ
1202 5176 1510 5235 πραγμάτων,
1534 5186 1599 5282 μη
1641 5173 1727 5230 την
1767 5171 1863 5221 ἀπὸ

241 5242 431 5282 κάτων-
456 5240 579 5282 num
603 5240 751 5282 lectio
772 5249 873 5282 non
899 5234 1195 5282 snerneuda.
1221 5234 1330 5282 Mox
1359 5234 1490 5282 idem
1511 5251 1535 5282 ε
1572 5234 1624 5282 δὲ
1644 5233 1786 5282 ἔγοιε.
1812 5240 1860 5282 ει

172 5242 431 5318 ῥημάτων.
456 5240 579 5299 Qua
603 5233 751 5287 [eclio
772 5249 873 5286 non
899 5234 1195 5297 spernenda.
1221 5233 1339 5282 mox
1359 5234 1490 5282 idem
1511 5233 1550 5282 εἰ
1572 5234 1624 5282 δὲ
1644 5233 1786 5297 ἔχοις,
1812 5240 1860 5284 ει

168 5318 299 5369 προς
319 5318 540 5360 πένητας.
581 5361 604 5371 _
747 5360 759 5373 ι
825 5361 836 5370 .

243 5364 692 5428 Waltz-1.06m?
711 5373 987 5428 γερριπεςτ·
1034 5416 1085 5428 ..
1160 5419 1190 5428 .-
1303 5417 1316 5428 .
1530 5417 1547 5428 .
1623 5415 1634 5428 .

240 5426 272 5467 d
294 5415 382 5475 Sic
401 5424 539 5475 Colb.
566 5429 619 5472 et
640 5415 789 5472 Saﬂll
818 5422 866 5470 In
896 5418 1062 5468 Morel.
1075 5416 1352 5477 legitur-195v
1374 5415 1713 5478 μακροθυμίαν.
1734 5415 1864 5478 Infra

168 5490 327 5541 Colb.
348 5487 442 5550 πρὸ

166 5627 230 5663 ⁸⁰
242 5628 436 5725 ἔ
474 5670 723 5727 στέγοντα,
760 5673 913 5716 recte.
944 5665 1027 5713 list
1047 5665 1178 5713 enim
1216 5675 1308 5727 ιόκ
1340 5675 1366 5709 ³
1389 5660 1733 5727 Εῑιτϊβοδῑοτὲο
1751 5658 1864 5727 “ibi

167 5740 272 5788 hoc
285 5720 1107 5787 éé‘nSuadhibita.Savi|.eanrel.
1140 5724 1414 5787 στέργοντα,
1434 5720 1773 5788 _ma|9.—Non
1798 5721 1865 5772 ila

165 5784 580 5856 ἑὲιέίιάζῖςέιργειν
599 5791 730 5856 enim
756 5793 805 5837 in
825 5793 917 5837 hoc
938 5784 1367 5850 sensn‘acce'plum
1389 5784 1447 5833 ad
1481 5785 1712 5845 optimam
1737 5797 1862 5847 grae-

164 5866 389 5913 citatcm
418 5852 659 5919 philinet.
684 5852 816 5903 Eon.

1112 262 1199 318 DE
1240 262 1798 334 COMPUNCTIONE,
1837 269 1927 322 AD
1962 267 2396 327 DEMETRIUM.
2435 268 2561 324 LIB.
2613 271 2656 324 l.

446 5504 467 5543 ς
483 5486 540 5533 τὸ
563 5482 710 5533 τοῦτο
730 5482 909 5531 παθεῖν.
932 5481 1085 5543 Savi].
1108 5478 1355 5543 e_t_Moq"ql.
1371 5477 1487 5543 πρὸς
1505 5477 1562 5543 16
1580 5477 1757 5543 παθεῖν.
1784 5477 1866 5543 l_n-

144 5537 258 5601 ἵνα
271 5537 420 5601 ῐιοιιὶ.
441 5537 629 5596 ἄπεισιν
648 5546 879 5604 ἡττηθεὶς,
898 5545 978 5591 καὶ
995 5542 1099 5599 τήν.
1136 5539 1247 5589 Mox
1269 5538 1400 5588 idem
1412 5537 1509 5585 ’κᾶν
1532 5537 1708 5600 θηρίον,
1722 5537 1867 5588 omis.

3521 275 3625 331 £00

1962 384 2298 458 σφοδροτάτῃ
2337 384 2432 437 καὶ
2466 384 2764 455 εἰλικρινεῖ.
2798 385 2965 439 Τοῦτο
3002 385 3090 457 δή,
3116 383 3276 439 τοῦτο
3306 383 3399 439 καὶ
3453 404 3624 459 παρα-

1958 464 2152 534 στῆσαι
2186 462 2208 502 τ
2247 464 2567 535 βουλόμενος
2625 462 2773 518 εἶπεν
2803 483 2816 497 ·
2847 466 3115 533 Εὕχεσθε
3158 466 3311 533 ὑπὲρ
3353 465 3472 519 τῶν·
3513 467 3603 521 ἐπ-

1954 541 2320 611 ηρεαζόντων
2344 543 2528 613 ὑμᾶς’
2558 545 2693 616 ὅπερ
2737 545 2959 598 ἐπὶτῶν
2991 545 3193 617 σφόδρα
3237 546 3620 616 ἀγαπωμένων

1956 624 2129 674 ποιεῖν
2184 621 2453 693 εἰώθαμεν
2498 623 2677 694 μόνον.
2721 624 2832 677 Καὶ
2871 623 2957 676 ἵνα
2999 624 3070 694 μὴ
3124 624 3283 677 πάλιν
3316 623 3623 695 ὑπερϐολῆς

1953 702 2178 774 νομίσῃς
2220 698 2356 755 εἶναι
2406 704 2475 756 τά
2521 705 2757 774 ῥήματα,
2803 705 2897 758 καὶ
2933 702 3031 774 τὴν
3075 704 3380 775 διαϐολικὴν
3440 706 3620 758 ἐπεισ-

1954 780 2167 853 αγάγῃς
2196 781 2431 852 ἀπάτην,
2455 783 2776 852 προστίθησι
2804 781 2883 852 τῷ
2911 783 3197 853 πράγματι
3226 782 3504 853 λογισμὸν,
3530 783 3624 836 καὶ

1955 860 2136 912 αἰτίαν
2189 860 2407 913 δικαίαν
2457 860 2662 928 λέγων·
2707 862 2842 915 Ἐὰν
2896 861 3008 930 γὰρ
3059 862 3412 930 ἀγαπήσητε
3482 861 3625 927 τοὺς

1954 936 2312 1006 ἀγαπῶντας
2356 937 2532 1006 ὑμᾶς,
2568 940 2703 991 τίνα
2742 941 2964 1009 μισθὸν
3009 940 3208 1008 ἕχετε;
3244 942 3382 1008 οὐχὶ
3430 940 3528 994 καί
3568 943 3625 993 ot

1956 1014 2208 1070 τελῶναι
2257 1016 2324 1071 τὸ
2374 1016 2521 1071 αὐτὸ
2579 1015 2731 1088 [129]
2786 1018 2962 1072 τοῦτο
3013 1019 3293 1082 ποιοῦση
3345 1020 3455 1073 Καὶ
3517 1018 3626 1074 ἐὰν

1954 1095 2322 1162 ἀσπάσησθε
2369 1097 2511 1162 τοὺς
2571 1094 3025 1161 ἀσπαζομένους
3078 1095 3265 1165 ὑμᾶς,
3313 1097 3371 1148 τί
3418 1108 3624 1163 περισ-

1956 1173 2075 1227 σὸν
2101 1176 2356 1240 ποιεῖτε;
2392 1175 2529 1245 οὐχὶ
2563 1176 2660 1229 καὶ
2692 1179 2746 1229 οί
2780 1176 2999 1229 ἐθνικοὶ
3033 1176 3210 1230 τοῦτο
3244 1175 3527 1230 ποιοῦσιν
3564 1178 3625 1242 5;

1959 1251 2128 1305 Ὅταν
2171 1250 2262 1305 οῦν
2296 1253 2402 1306 τῶν
2448 1253 2697 1307 τελωνῶν
2739 1253 2834 1307 καὶ
2870 1253 2977 1306 τῶν
3010 1254 3238 1308 ἐθνικῶν
3284 1254 3450 1325 μηδὲν
3484 1254 3627 1307 κατὰ

1955 1330 2112 1383 τοῦτο
2151 1331 2518 1402 διαφέρωμεν,
2566 1331 2684 1394 πῶς
2715 1332 2776 1384 06
2809 1331 3027 1385 πενθεῖν
3060 1332 3207 1397 ἀξιον
3248 1332 3342 1386 καὶ
3393 1331 3626 1385 κατακό-

1957 1409 2206 1476 πτεσθαι;
2243 1412 2352 1464 Καὶ
2396 1410 2506 1464 είθε
2564 1409 2724 1464 τοῦτο
2770 1412 2927 1481 μόνον
2963 1407 3031 1482 ἦν
3078 1412 3139 1465 τὸ
3182 1411 3386 1465 δεινόν’
3436 1410 3531 1464 νῦν
3570 1409 3628 1463 δὲ

1955 1488 2208 1542 τοσούτου
2238 1489 2540 1559 ἀποδέομεν
2568 1492 2694 1553 τοὺς
2736 1490 2960 1561 ἐχθροὺς
2993 1493 3233 1560 ἀγαπᾷν,
3269 1491 3345 1553 ὼς
3373 1491 3468 1543 καὶ
3499 1490 3628 1553 τοὺς

1956 1569 2284 1636 ἀγαπῶντας
2319 1570 2756 1640 ἀποστρέφεσθαι
2784 1569 2879 1622 καὶ
2911 1573 3108 1640 μισεῖν.
3134 1570 3207 1622 Τὸ
3251 1568 3361 1639 γὰρ
3396 1568 3626 1639 βασκαί-

1956 1664 2067 1700 νειν
2112 1649 2207 1700 καὶ
2271 1647 2506 1717 φθονεῖν,
2549 1650 2640 1702 καὶ
2688 1648 2753 1701 δι’
2795 1642 2871 1702 ὧν
2922 1649 3233 1719 πράττομεν
3318 1649 3410 1702 καὶ
3450 1647 3517 1701 δι’
3550 1643 3625 1700 ὧν

1956 1725 2185 1797 λέγομεν
2243 1727 2341 1797 τὴν
2391 1726 2548 1791 δόξαν
2613 1726 2793 1780 αὑτῶν
2835 1727 3115 1797 καθαιρεῖν
3149 1728 3242 1781 καὶ
3286 1726 3384 1798 τὴν
3417 1724 3627 1779 εὐδοκί-

1960 1823 2144 1876 μησιν,
2202 1805 2309 1857 τῶν
2366 1805 2570 1877 σφόδρα
2636 1806 2935 1877 μισούντων
2986 1806 3079 1859 καὶ
3132 1803 3626 1876 ἀποστρεφομένων

1957 1883 2123 1937 ἐστίν.
2164 1882 2349 1946 Οὕτως
2373 1884 2433 1936 06
2473 1885 2631 1955 μόνον
2668 1884 2773 1938 τῶν
2803 1883 3029 1938 ἐθνικῶν
3073 1884 3225 1937 οὑδέν
3273 1883 3626 1954 διαφέρομεν,

1958 1961 2094 2015 ἀλλά
2119 1962 2213 2015 καὶ
2238 1960 2415 2032 πολλῷ
2438 1966 2617 2034 χεῖρον
2643 1963 2820 2016 αὐτῶν
2840 1965 2896 2016 ἐν
2916 1962 3091 2033 τούτῳ
3109 1962 3451 2033 διακείμεθα.
3466 1961 3578 2014 Καὶ
3597 1960 3628 2014 6

1961 2038 2059 2109 μὲν
2081 2039 2312 2111 Χριστὸς
2334 2039 2585 2111 εὔχεσθαι
2608 2042 2749 2112 ὑπὲρ
2768 2042 2875 2094 τῶν
2891 2041 3302 2112 ἐπηρεαζόντων
3319 2040 3625 2101 ἐκέλευσεν,

1958 2120 2116 2188 ἡμεῖς
2142 2118 2198 2171 δὲ
2227 2118 2410 2183 δόλους
2441 2120 2736 2192 ῥάπτομεν,
2764 2121 2857 2174 καὶ
2884 2121 3009 2184 τοὺς
3040 2120 3458 2191 καταρωμένους
3477 2118 3630 2171 εὐλο-

1958 2201 2073 2269 γεῖν
2112 2198 2511 2263 κελευσθέντες,
2550 2202 2769 2272 μυρίαις
2810 2202 2972 2272 ἀραῖς
3001 2200 3417 2272 περιϐάλλομεν.

2030 2277 2095 2329 Τί
2121 2277 2326 2349 ταύτης
2358 2279 2712 2350 σφοδρότερον
2739 2280 2837 2349 τῆς
2856 2279 3225 2342 ἐναντιώσεως
3244 2278 3438 2347 γένοιτ’
3457 2278 3521 2332 ἂν
3536 2278 3634 2330 καὶ⁸

1957 2358 2056 2428 τῆς
2073 2357 2273 2428 μάχης,
2304 2360 2368 2430 ἢν
2393 2358 2678 2429 μαχόμεθα
2699 2357 2777 2428 τῷ
2801 2358 2973 2411 ταῦτα
2997 2357 3442 2428 νομοθετήσαντι,
3466 2358 3629 2410 πᾶσιν

1958 2438 2121 2492 αὑτοῦ
2142 2442 2254 2502 τοῖς
2275 2440 2689 2510 προστάγμασιν
2711 2441 2769 2505 ἐξ
2785 2439 3033 2502 ἐναντίας
3060 2439 3335 2507 ἱστάμενοι
3353 2453 3368 2501 ;
3390 2435 3502 2505 Τὴν
3522 2435 3631 2504 γὰρ

1959 2517 2058 2587 τῆς
2074 2518 2371 2582 κενοδοξίας
2391 2517 2696 2588 τυραννίδα,
2711 2516 2950 2586 ἢναύτὸς
2969 2517 3066 2587 μὲν
3082 2516 3170 2570 διὰ
3184 2516 3291 2568 τῶν
3308 2515 3434 2584 ἐξῆς
3453 2516 3520 2586 ρη
3530 2515 3632 2583 μά-

1958 2614 2064 2649 των
2094 2597 2407 2661 κατέλυσεν,
2439 2598 2598 2666 ἡμεῖς
2634 2595 2692 2648 δέ
2726 2595 3059 2666 ηὐξήσαμεν,
3099 2595 3199 2647 οὑκ
3234 2592 3327 2646 ἐπὶ
3350 2592 3449 2656 τὰς
3468 2592 3633 2661 εὐχάς

1963 2675 2123 2745 μόνον
2145 2674 2241 2729 καὶ
2270 2676 2521 2746 νηστείας
2544 2674 2747 2739 καὶτὰς
2771 2673 3159 2745 ἐλεημοσύνας,
3185 2672 3321 2727 ἀλλά
3341 2672 3435 2725 καὶ
3456 2672 3549 2722 ἐπὶ
3565 2669 3634 2723 τὰ

1959 2753 2094 2808 ἄλλα
2115 2754 2291 2808 πάντα
2313 2753 2438 2806 ἐλκύ
2447 2770 2636 2816 σαντες
2652 2754 2819 2823 αὐτῆς
2834 2752 2932 2823 τὴν
2950 2752 3144 2823 ἀρχὴν,
3160 2753 3254 2805 καὶ
3273 2748 3473 2812 παντὸς
3495 2746 3633 2819 μᾶλ-

1959 2832 2049 2886 λον
2068 2833 2455 2906 ἀργυρωνήτου
2474 2833 2501 2871 h
2519 2834 2585 2903 τῇ
2609 2831 2772 2903 μανίᾳ
2787 2831 2988 2902 ταύτης
3002 2830 3291 2893 ὑποθέντες
3308 2828 3533 2890 ἐαυτοῦς
3547 2825 3634 2879 διὰ

1959 2911 2019 2964 τὸ
2052 2913 2215 2965 πᾶσιν
2245 2907 2381 2965 εἶναι
2404 2912 2582 2978 δῆλον,
2618 2912 2879 2982 παρίημι,
2910 2910 3163 2966 τοσοῦτον
3196 2909 3387 2973 εἰπὼν,
3418 2909 3499 2961 ὃτι
3526 2907 3635 2960 τῶν

1960 2988 2264 3061 ἀνθρώπων
2305 2992 2355 3043 οἱ
2401 2992 2499 3061 μὲν
2544 2992 2625 3054 είς
2667 2992 2903 3062 ἐσχάτην
2942 2990 3348 3061 καταφρόνησιν
3387 2986 3634 3050 ἐκδόντες

1960 3068 2218 3135 ἑαυτοὺς,
2262 3068 2441 3122 οὐδέν)⁵
2484 3069 2592 3121 τῶν
2626 3070 3120 3140 προστεταγμένων
3157 3068 3535 3139 προσέχουσιν,
3583 3067 3633 3118 οξ

1959 3146 2017 3200 δὲ
2062 3147 2127 3200 ἐκ
2182 3147 2441 3218 βραχείας
2514 3148 2710 3220 μοίρας
2766 3149 3061 3202 ὑπακούειν
3118 3148 3476 3219 θελήσαντες,
3540 3145 3635 3199 καί

1959 3243 2112 3290 τινας
2150 3226 2260 3280 τῶν
2312 3228 2543 3282 ἐντολῶν
2603 3228 2835 3301 φυλάξαι
2878 3229 3296 3293 σπουδάσαντες,
3341 3227 3434 3281 κα)⁵
3487 3220 3637 3281 οὗτοι

1962 3305 2123 3359 πάλιν
2169 3307 2251 3370 εἰς
2289 3308 2388 3377 τὴν
2419 3308 2589 3379 αὐτὴν
2618 3307 2848 3372 ἐκείνοις
2886 3308 3088 3380 ζημίαν
3119 3307 3516 3379 κατέστρεψαν,
3548 3304 3638 3361 διὰ

1960 3385 2021 3438 τὺ
2072 3385 2147 3457 μὴ
2200 3386 2424 3456 θελῆσαι
2474 3388 2576 3458 τῆς
2634 3388 2939 3452 κενοδοξίας
2979 3387 3351 3441 ἀποδύσασθαι
3386 3387 3511 3450 τοὺς
3550 3386 3635 3440 δε·-

1963 3466 2151 3536 σμούς.
2180 3467 2288 3521 Καὶ
2332 3471 2360 3521 6
2401 3469 2498 3539 μὲν
2535 3469 2653 3522 οὑδὲ
2695 3469 2832 3533 ὅλως
2863 3470 3079 3523 δίδωσιν
3115 3467 3488 3539 ἐλεημοσύνην
3526 3468 3573 3533 ί,
3606 3469 3635 3521 ὁ

1962 3545 2019 3598 δὲ
2055 3547 2308 3617 παρέχων
2350 3548 2447 3618 μὲν
2476 3551 2589 3612 τοῖς
2621 3548 2894 3619 δεομένοις
2944 3548 3064 3602 τινά
3103 3548 3211 3602 τῶν
3242 3548 3458 3610 ἐαυτοῦ,
3490 3546 3633 3618 μετὰ

1961 3625 2264 3692 κενοδοξίας
2298 3625 2356 3679 δὲ
2385 3625 2543 3680 τοῦτο
2581 3628 2770 3693 ποιῶν,
2815 3627 2966 3680 οὐδὲν
3009 3627 3230 3699 ἄμεινον
3273 3627 3367 3680 τοῦ
3423 3627 3497 3697 μὴ
3544 3625 3635 3679 δε-

1961 3703 2194 3768 δωκότος
2243 3704 2530 3759 διάκειται.
2566 3705 2752 3770 Οῦτως
2778 3706 3024 3771 ἅπαντας
3067 3706 3401 3778 πανταχόθεν
3433 3707 3512 3770 είς
3537 3705 3636 3771 τὰς

1963 3782 2157 3837 ἐαυτοῦ
2213 3784 2445 3853 παγίδας
2504 3785 2756 3839 ἐνέϐαλεν
2800 3788 2829 3839 6
2893 3788 3159 3859 Πονηρός.
3202 3788 3267 3841 EE
3309 3787 3368 3841 δέ
3410 3804 3493 3851 τις
3540 3787 3638 3841 καὶ

1961 3863 2163 3934 ταύτην
2225 3864 2481 3935 δυνηθείη
2550 3865 2818 3920 διεκδῦναι
2875 3865 3029 3938 τὴνὶ
3093 3866 3314 3938 βλάϐην,
3366 3865 3473 3919 ὑπὸ
3537 3865 3638 3936 τῆς

1961 3942 2220 4006 ἀπονοίας
2266 3944 2650 4014 κατασχεθεὶς,
2699 3945 2860 3999 πάλιν
2932 3946 2993 3999 τὸ
3054 3946 3185 3999 0616
3235 3945 3433 4016 πτῶμα
3503 3961 3638 3998 κατ-

1962 4022 2160 4085 έπεσε,
2220 4023 2419 4093 μᾶλλον
2476 4025 2533 4077 δὲ
2587 4025 2681 4079 καὶ
2739 4025 2915 4096 πολλῷ
2962 4023 3340 4095 χαλεπώτερον
3360 4041 3373 4056 ·
3419 4024 3480 4079 o6
3527 4022 3639 4093 γὰρ

1959 4100 2119 4176 τοῦτο
2162 4101 2459 4176 ζημιωθεὶς
2513 4104 2694 4176 μόνον,
2729 4105 2868 4176 ὅπερ
2893 4105 3187 4176 ἐποίησεν,
3223 4105 3466 4176 ἄπεισιν,
3501 4101 3639 4176 ἀλλά

1962 4170 2055 4242 καῖ
2101 4170 2350 4242 κακόνᾉτι
2405 4170 2748 4241 προσλαϐών.
2781 4170 3017 4238 Πολλοὺς
3049 4170 3122 4227 ’δέ
3163 4173 3338 4242 ἔγωγε
3389 4172 3526 4235 οἴδα,
3574 4173 3637 4224 o6

1960 4240 2183 4302 ταύταις
2225 4240 2382 4310 μόνον
2413 4243 2801 4313 ἁλισκομένους
2848 4246 2969 4306 ταῖς
2996 4240 3219 4311 αἰτίαις,
3264 4240 3402 4297 ἀλλά
3431 4243 3524 4307 καὶ
3550 4242 3641 4295 διὰ

1964 4318 2026 4371 τὸ
2083 4318 2254 4385 φιλεῖν
2320 4324 2414 4372 καὶ
2466 4320 2553 4373 διὰ
2604 4321 2668 4374 16
2727 4322 3127 4388 δυσωπεῖσθαι,
3167 4323 3261 4377 καὶ
3319 4322 3385 4375 δι’
3447 4321 3638 4392 ἐτέρας

1978 4396 2182 4461 πολλὰς
2232 4400 2485 4462 τοιαύτας
2537 4400 2911 4469 ἐπαρκοῦντας
2946 4401 3253 4472 προφάσεις
3298 4404 3410 4464 τοῖς
3448 4400 3637 4471 δεομέ-

1971 4491 2123 4541 νοις,
2167 4478 2226 4530 06
2282 4478 2369 4532 διὰ
2424 4477 2517 4531 τὸν
2554 4477 2647 4532 τοῦ
2695 4478 2831 4532 Θεοῦ
2884 4480 3047 4547 φόϐον
3094 4480 3189 4535 καὶ
3252 4478 3350 4550 τὴν
3394 4481 3636 4550 ἐντολήν.

1962 4556 2035 4608 To
2049 4555 2254 4609 σούτων
2286 4552 2380 4610 οὖν
2424 4557 2594 4610 ὄντων
2631 4557 2739 4609 τῶν
2784 4556 3193 4627 λυμαινομένων
3235 4562 3354 4621 ταῖς
3407 4559 3638 4629 πράξεσι

1962 4642 2086 4704 ταῖς
2115 4640 2369 4709 ἀγαθαῖς,
2399 4642 2484 4702 τίς
2512 4641 2725 4712 ταχέως
2765 4642 3001 4711 σωθῆναι
3040 4641 3326 4714 δυνήσεται
3371 4643 3481 4696 τῶν
3517 4643 3640 4713 τούτο

1961 4735 2074 4782 τοις
2112 4720 2610 4790 περιπεπτωκότων
2639 4723 2750 4784 τοῖς
2775 4723 3001 4784 κακοῖς;

2034 4797 2094 4851 ε’.
2112 4799 2186 4852 Τὸ
2220 4799 2298 4863 δὲ,
2334 4799 2509 4869 Ἄφες
2534 4800 2678 4870 ἡμῖν
2704 4801 2776 4853 τὰ
2810 4800 3179 4869 ὀφειλήματα
3204 4800 3394 4875 ἠμῶγ,
3426 4800 3507 4866 ὡς
3537 4800 3637 4854 καὶ

1964 4877 2135 4948 ἡμεῖς
2168 4879 2419 4948 ἀφίεμεν
2445 4886 2570 4945 τοῖς
2597 4877 2931 4947 ὀφειλέταις
2959 4878 3146 4949 ἡμῶν,
3180 4878 3263 4943 τίς
3291 4879 3399 4950 ἀρα
3430 4881 3459 4934 6
3500 4880 3641 4951 μετά

1974 4957 2289 5027 παρρησίας
2347 4955 2516 5027 ἐρῶν;
2572 4957 2694 5012 Κᾶν
2742 4957 2850 5029 γὰρ
2898 4960 3063 5031 μηδὲν
3115 4959 3460 5031 ἀδικήσωμεν
3510 4960 3640 5024 τοὺς

1967 5034 2226 5106 ἐχθροὺς,
2277 5035 2392 5090 ἀλλ’
2436 5037 2585 5107 ὅμως
2623 5036 2719 5109 τὴν
2785 5036 3001 5110 πληγὴν
3062 5039 3279 5092 ἀνίατον
3325 5039 3544 5110 ἔχομεν.
3581 5039 3641 5092 Ὁ

1963 5115 2020 5169 δὲ
2072 5117 2305 5189 Χριστὸς
2339 5119 2438 5189 οὑχ
2484 5116 2658 5181 οὕτως
2714 5120 2934 5189 ἀφιέναι
2985 5120 3229 5190 βούλεται
3278 5120 3458 5192 μόνον,
3504 5119 3641 5175 ἀλλὰ

1966 5195 2061 5248 καὶ
2089 5198 2173 5261 εἰς
2198 5197 2325 5261 τοὺς
2370 5197 2620 5269 πρώτους
2645 5196 2753 5250 τῶν
2788 5199 2959 5269 φίλων
2990 5200 3189 5264 αὑτοὺς
3234 5199 3510 5271 ἀριθμεῖν.
3540 5198 3642 5252 Διά

1966 5272 2127 5328 τοῦτο
2178 5274 2333 5344 γοῦν,
2399 5275 2583 5339 καθὼς
2640 5275 2809 5347 ἔφθην
2861 5277 3052 5345 εἰπὼν,
3102 5279 3199 5334 καὶ
3242 5277 3641 5351 ὑπερεύχεσθαι

2029 5413 2056 5482 ‘_
2077 5416 2212 5482 ρου.
2226 5417 2320 5482 Καὶ
2334 5416 2476 5482 τοῦτο
2495 5434 2613 5482 παρ-

2031 5480 2057 5518 ε
2078 5478 2215 5551 ροιι).
2244 5479 2435 5551 ἐᾲνιγάρ
2454 5478 2728 5551 ἀγαπᾶτε...
2762 5480 2818 5529 τὸ
2840 5480 2956 5528 αὐτὸ
2986 5480 3224 5539 ποιοῦσιν,
3247 5483 3330 5530 καὶ
3353 5483 3433 5531 ἐὰν
3455 5483 3637 5529 00's....

1967 5539 2137 5587 ἐθνικοὶ
2164 5539 2222 5587 τὸ
2238 5539 2355 5588 αὐτὸ
2373 5539 2620 5598 ποιοῦσιν;

2029 5599 2057 5637 h
2089 5599 2446 5664 Ἀργυρωνήτου
2482 5602 2629 5652 deest
2668 5604 2717 5652 in
2761 5602 2899 5653 Colb.
2940 5602 3051 5652 Mox
3093 5604 3280 5655 Same!
3313 5603 3451 5653 Colb.
3477 5602 3641 5661 δῆλον,

1967 5661 2617 5737 Μιτεὲἒ-ζξῆλῑιιιπῑθιίμει.-
3014 5728 3114 5737 .-
3246 5723 3259 5737 .
3398 5724 3410 5737 .

2008 5727 2052 5796 ιι
2080 5723 2217 5799 (ξριι).
2240 5720 2321 5799 διόι
2336 5725 2391 5772 τὸ
2414 5726 2476 5786 μὴ
2510 5727 2704 5783 θελῆσαι
2727 5725 2921 5786 φυλάξαι
2954 5728 3063 5784 τοὺς
3094 5723 3314 5788 θεσμοὺς,
3335 5724 3415 5771 καὶ
3448 5723 3474 5771 6
3499 5720 3641 5781 μὶν...

1972 5787 2056 5841 τήν
2090 5785 2425 5846 ἐλεημοσύνην.
2738 5785 2743 5786 7

2042 5845 2057 5896 ἱ
2085 5845 2225 5897 Colb.
2255 5846 2427 5901 ταύτην
2453 5846 2664 5895 διαδῦναι
2685 5846 2896 5907 δυνηθείη
2918 5849 3018 5904 τήν.
