4124 6144
276 314 372 375 401

277 432 408 490 nihil
436 431 653 503 quidem
701 428 885 495 laedas,
927 425 1023 483 sed
1048 423 1357 491 averseris,
1390 436 1493 478 nec
1519 418 1730 493 placide
1779 432 1869 473 re-

276 527 475 597 Spicias
492 566 508 591 ,
532 524 830 592 vulnusque
852 522 905 577 in
924 520 1106 578 animo
1124 531 1410 575 conserves
1430 557 1448 585 ,
1470 513 1707 572 nondum
1730 528 1867 584 pra:-

277 625 495 688 reptum
548 623 875 685 exsequutus
932 628 1035 679 es,
1083 610 1224 683 quod
1273 609 1515 666 Christus
1559 606 1724 664 dedit.
1765 605 1874 661 Cur

280 722 413 779 ergo
446 707 620 762 Deum
651 707 737 772 iis,
767 705 856 775 qui
880 704 933 760 iu
961 712 1013 759 te
1041 701 1401 775 peccaverint,
1435 699 1724 773 protritium
1754 712 1875 754 esse

279 814 440 871 rogas
463 839 480 864 ,
504 814 627 854 cum
655 796 893 854 nondum
923 805 980 852 tu
1010 796 1141 867 ipsis
1167 794 1428 866 propitius
1462 792 1584 849 sis?
1611 790 1744 847 illud
1776 807 1876 844 au-

280 904 390 952 tem
436 893 670 950 irridens
708 891 923 963 quidam
969 890 1271 961 sapientum
1320 889 1441 944 ait:
1473 885 1643 941 Homo
1684 882 1878 939 homini

279 996 543 1042 conservat
572 986 702 1040 iram
725 1026 741 1051 ,
770 993 817 1039 et
836 1000 869 1039 a
893 983 1107 1038 Domino
1133 981 1319 1053 quan-it
1360 979 1608 1035 medelam
1629 979 1655 1033 .9
1682 978 1879 1032 miseri-

279 1079 514 1136 cordiam
550 1093 655 1133 non
677 1076 823 1132 habet
860 1092 981 1147 erga
1006 1075 1257 1130 hominem
1282 1072 1376 1127 sibi
1402 1071 1649 1142 aqualem
1671 1110 1686 1138 ,
1716 1079 1761 1124 et
1787 1086 1879 1141 pro

286 1182 492 1244 peccato
512 1182 603 1226 suo
628 1169 903 1241 precatur?
939 1183 1058 1223 caro
1084 1184 1199 1223 cum
1225 1168 1334 1239 ipse
1356 1166 1422 1221 sit
1445 1204 1462 1233 ,
1493 1174 1657 1221 servat
1701 1162 1882 1217 iram?

286 1274 335 1318 et
361 1262 473 1332 quis
515 1259 873 1332 propitiabitur
918 1257 1136 1330 peccatis
1174 1258 1286 1328 ejus
1318 1255 1519 1326 (Eccli.
1550 1259 1646 1317 28.
1695 1252 1878 1326 5-5)?

293 1353 496 1410 Vellem
522 1353 631 1422 jam
677 1351 838 1406 silere
873 1358 930 1405 et
973 1348 1243 1405 sermonis
1281 1361 1499 1403 cursum
1539 1355 1731 1401 sistere
1764 1363 1777 1398 :
1808 1345 1882 1400 ita

287 1444 496 1515 pudore
545 1440 754 1496 afﬁcior
777 1479 793 1507 ,
851 1454 1151 1510 vereorque
1195 1437 1416 1494 ulterius
1461 1435 1707 1507 progredi
1738 1435 1884 1491 :hoc

287 1536 435 1592 enim
458 1534 676 1600 bellum,
706 1530 849 1604 quod
878 1532 1144 1586 movimus
1165 1537 1351 1585 contra
1374 1537 1638 1599 praecepta
1659 1526 1880 1593 Christi,

289 1627 734 1695 inimicitiamque
787 1620 1325 1688 irreeonciliabilem,
1377 1618 1578 1675 clarius
1622 1618 1725 1673 hoc
1765 1631 1880 1673 ser-

289 1734 452 1773 mone
478 1718 895 1772 demonstratur.
925 1712 1033 1770 Sed
1075 1712 1201 1784 quid
1245 1711 1381 1767 lucri
1430 1726 1496 1766 ex
1536 1710 1748 1766 silentio
1778 1725 1878 1764 no-

288 1821 440 1879 stro,
468 1811 630 1866 rebus
659 1809 789 1880 ipsis
833 1821 1065 1878 pugnam
1095 1805 1243 1861 illam
1281 1804 1656 1872 clamantibus,
1692 1810 1748 1858 et
1789 1803 1881 1857 illo

288 1905 380 1976 qui
407 1919 506 1959 nos
518 1901 852 1973 judicaturus
875 1909 977 1968 est,
999 1898 1178 1955 omnia
1199 1897 1480 1969 perspicue
1501 1902 1882 1967 cognoscente,

288 2000 381 2055 vel
410 2006 534 2052 ante
559 2010 739 2052 rerum
774 1992 1064 2050 eventum?
1092 1992 1425 2062 Prmceptum
1459 1989 1588 2045 illud
1626 2004 1730 2044 non
1763 1988 1886 2044 the-

291 2088 600 2146 saurizandi
630 2089 683 2143 in
722 2096 902 2153 terra,
951 2084 1048 2141 sed
1095 2085 1149 2140 in
1180 2083 1345 2148 caelo,
1398 2082 1609 2139 etiamsi
1650 2095 1883 2153 paucos,

291 2180 583 2237 nonnullos
611 2188 788 2235 tamen
815 2176 1054 2248 reperias
1075 2217 1090 2243 ,
1116 2175 1207 2247 qui
1231 2182 1481 2231 accurate
1513 2173 1884 2230 custodierint.

289 2273 427 2329 Nam
445 2271 625 2328 caeteri
643 2283 853 2338 omnes,
871 2283 935 2324 ac
948 2269 993 2324 si
1006 2267 1334 2323 contrarium
1352 2280 1572 2337 prorsus
1588 2264 1884 2331 audissent,

286 2363 534 2435 jussique
562 2370 745 2418 essent
766 2361 821 2416 in
848 2368 988 2416 terra
1011 2358 1374 2415 thesaurizarc
1395 2398 1411 2427 ,
1458 2357 1680 2413 dimisso
1706 2356 1843 2413 caelo
1869 2399 1884 2425 ,

292 2458 523 2514 terrenis
539 2456 790 2513 omnibus
804 2467 1025 2525 prorsus
1041 2453 1337 2519 adhaerent,
1358 2460 1413 2506 et
1429 2450 1617 2505 insano
1638 2449 1887 2519 pecunias

292 2548 582 2620 colligendi
621 2546 801 2602 studio
829 2553 1096 2610 tenentur,
1126 2543 1402 2613 Deumque
1427 2541 1553 2596 odio
1582 2540 1844 2595 habentes
1868 2579 1884 2604 ,

292 2655 599 2698 mamonam
626 2639 852 2709 diligunt
879 2655 894 2692 :
921 2635 1048 2691 illud
1079 2644 1256 2690 autem
1276 2675 1291 2699 ,
1342 2631 1433 2689 Ne
1462 2633 1665 2689 solliciti
1688 2631 1798 2687 sitis
1824 2629 1888 2684 de

292 2732 517 2787 crastino
547 2731 562 2762 ί
607 2728 820 2801 (Matth.
851 2727 905 2784 6.
940 2726 1068 2799 54),
1101 2725 1373 2782 neminem
1416 2724 1499 2780 vel
1542 2722 1756 2780 audisse
1802 2722 1885 2778 vel

293 2823 606 2894 amplexum
653 2836 776 2878 esse
823 2820 947 2876 novi
993 2819 1065 2875 ob
1123 2818 1248 2874 ﬁdei
1292 2827 1491 2874 nostra:
1548 2817 1883 2873 tenuitatem.

291 2914 630 2984 Quapropter
672 2912 774 2967 hoc
817 2920 1141 2982 prazceptum
1188 2923 1299 2980 prie
1347 2908 1551 2980 pudore
1581 2907 1886 2979 praeteribo.

294 3004 588 3072 Oportebat
614 3002 831 3057 Christo
856 3016 975 3057 eam
1003 2999 1320 3056 sententiam
1347 2998 1661 3068 simpliciter
1693 2997 1886 3054 ferenti

293 3094 456 3151 fidem
487 3094 718 3160 habere;
750 3108 891 3149 nunc
917 3101 1126 3159 autem,
1160 3092 1286 3148 licet
1309 3091 1502 3147 invicta
1532 3091 1812 3147 ratiocinia
1831 3099 1887 3146 et

291 3188 541 3259 exempla
568 3187 756 3243 aﬁ‘erat
777 3227 793 3255 ,
821 3185 1000 3241 avium
1025 3184 1279 3240 videlicet
1301 3194 1355 3239 et
1382 3183 1510 3239 fmni
1532 3225 1548 3252 ,
1576 3183 1678 3255 ipsi
1706 3193 1885 3238 tamen

289 3295 407 3335 non
454 3279 759 3344 credimus;
814 3278 909 3335 sed
960 3276 1413 3349 quemadmodum
1465 3274 1567 3347 ipsi
1620 3276 1882 3348 gentiles,

289 3370 406 3427 imo
432 3368 659 3425 fortasse
691 3368 926 3426 timidius
949 3383 1107 3440 quam
1137 3368 1250 3436 illi,
1280 3369 1382 3425 etsi
1405 3382 1501 3438 pro
1528 3366 1634 3423 illis
1678 3366 1886 3437 precari

291 3462 736 3534 nonjubeamur,
768 3477 985 3517 omnem
1018 3462 1069 3516 in
1102 3460 1186 3517 his
1216 3461 1346 3532 ipsis
1377 3460 1537 3516 rebus
1567 3458 1886 3516 sollicitudi-

292 3569 422 3610 nem
465 3553 843 3625 impendimus.
875 3552 987 3608 Iioc
1034 3553 1232 3624 igitur,
1277 3561 1333 3608 ut
1371 3552 1514 3620 dixi,
1560 3559 1886 3623 prteceptum

292 3664 420 3704 cum
450 3648 649 3703 rubore
674 3646 961 3718 praeteribo
984 3687 999 3713 ,
1034 3656 1088 3701 et
1128 3645 1195 3700 ad
1242 3645 1519 3716 sequentia
1556 3659 1772 3715 pergam
1793 3684 1808 3712 ,
1841 3645 1886 3699 si

293 3740 439 3797 forte
488 3755 587 3811 pro
629 3739 939 3810 huiusmodi
989 3739 1192 3810 pudore
1232 3739 1461 3808 aliquam
1491 3779 1507 3806 ,
1540 3739 1622 3794 vel
1672 3747 1887 3793 tenuem

293 3831 721 3887 consolationem
752 3830 1036 3900 reperiam.
1060 3829 1197 3898 Quid
1218 3845 1346 3901 ergo
1367 3830 1497 3885 dicit
1523 3838 1704 3900 postea
1724 3830 1750 3883 ?
1776 3826 1892 3883 No-

297 3924 387 3978 lite
401 3924 672 3995 judicare,
713 3932 769 3978 ut
798 3939 900 3978 non
939 3923 1241 3994 judicemini
1268 3923 1482 3995 (Matth.
1511 3925 1565 3978 7.
1596 3921 1672 3994 l).
1725 3923 1888 3979 Puta-

295 4013 426 4070 bam
448 4030 546 4085 ego
575 4014 660 4069 hic
699 4028 786 4070 me
825 4011 1057 4084 aliquam
1087 4014 1306 4084 pudoris
1334 4014 1761 4070 consolationem
1799 4028 1889 4069 rc-

297 4114 576 4176 perturum
600 4120 721 4161 esse
744 4122 759 4171 ;
805 4104 899 4161 sed
927 4105 1083 4159 video
1107 4105 1346 4176 ejusdem
1379 4106 1594 4177 pudoris
1620 4106 1889 4184 accessio:

300 4211 427 4252 nem
458 4212 566 4252 non
596 4197 894 4252 minimam.
923 4196 1135 4252 Etenim
1166 4198 1374 4252 etiamsi
1415 4197 1548 4252 nihil
1575 4196 1721 4253 aliud
1765 4198 1892 4253 mali

298 4287 616 4343 fecissemus
639 4330 654 4354 ,
676 4287 761 4343 vel
793 4288 895 4343 hoc
920 4302 1084 4343 unum
1115 4296 1300 4359 posset
1345 4302 1446 4343 nos
1491 4288 1543 4343 in
1591 4298 1894 4345 extremam

300 4378 605 4450 gehennam
629 4378 929 4446 abducere;
976 4379 1048 4434 ita
1090 4379 1298 4435 scilicet
1339 4366 1638 4436 alienorum
1669 4379 1895 4436 delicto-

302 4487 425 4528 rum
473 4473 651 4528 acerbi
689 4472 896 4543 judices
941 4473 1227 4540 sedemus,
1277 4473 1403 4528 dum
1452 4475 1628 4530 trabes
1682 4484 1895 4530 nostras

304 4567 633 4637 despicimus
666 4584 679 4620 :
709 4576 868 4639 atque
912 4568 967 4622 in
997 4568 1187 4623 alienis
1234 4567 1445 4622 curiose
1469 4567 1804 4638 inquirendis
1842 4576 1896 4624 et

302 4658 623 4714 damnandis
654 4667 761 4714 tota
788 4658 898 4715 vita
931 4657 1263 4714 consumitur
1285 4666 1488 4713 nostra.
1517 4659 1595 4714 Ac
1620 4659 1894 4715 ‘neminem

305 4748 464 4805 facile
508 4749 782 4815 invenias,
830 4764 931 4805 nec
977 4749 1288 4804 saecularem
1318 4749 1527 4816 virum,
1574 4764 1674 4805 nec
1708 4765 1895 4805 mona-

304 4841 595 4908 chum,ncc
609 4840 862 4897 clericum
875 4841 991 4909 ’,τὼ
1008 4841 1110 4896 hac
1124 4841 1276 4913 culpa
1293 4841 1545 4897 liberum:
1560 4842 1767 4897 etiamsi
1784 4850 1893 4898 tan-

306 4941 359 4986 ta
389 4932 735 4987 comminatio
762 4931 1002 5002 adjaceat
1027 4930 1141 5005 {In
1168 4949 1267 5003 quo
1308 4932 1442 4988 enim
1471 4934 1670 5006 judicio
1689 4934 1897 5007 judica-

307 5025 480 5080 veritis
508 5066 524 5093 ,
566 5025 961 5095 jndicabimini,
1044 5022 1241 5097 inquit,
1290 5037 1338 5084 et
1407 5028 1463 5083 in
1520 5045 1621 5101 qua
1661 5024 1899 5085 incusum

308 5116 470 5170 mensi
497 5116 718 5187 fueritis,
742 5117 1027 5171 remetietur
1050 5118 1185 5172 vobis
1215 5116 1425 5190 (Matth.
1459 5118 1512 5175 7.
1537 5118 1620 5191 2).
1646 5120 1895 5191 Attamen

306 5222 432 5264 cum
464 5208 565 5264 hoc
593 5215 869 5279 peceatum
916 5216 1117 5264 tantam
1162 5223 1424 5265 annexam
1474 5225 1723 5281 poenam,
1776 5213 1899 5267 nul-

308 5303 526 5373 lamque
573 5302 903 5371 voluptatem
958 5299 1187 5369 haheat,
1236 5318 1426 5358 omnes
1470 5305 1522 5358 in
1568 5304 1670 5359 hoc
1700 5306 1897 5362 malum

310 5392 619 5464 praecipites
635 5393 919 5460 currimus,
940 5408 1004 5448 ac
1023 5392 1067 5449 si
1090 5392 1143 5448 id
1159 5392 1546 5462 studeamus,in
1562 5395 1662 5451 hoc
1675 5407 1899 5454 conten-

308 5485 508 5542 damus
527 5493 586 5539 ut
605 5500 713 5540 non
731 5499 827 5555 per
839 5499 1001 5541 unam
1025 5483 1222 5550 solum,
1244 5482 1337 5540 sed
1358 5498 1455 5556 per
1477 5484 1673 5541 multas
1689 5501 1899 5560 quoque

369 5600 575 5671 incest,
593 5597 656 5671 tte
676 5596 905 5671 crastino,
916 5599 979 5671 _i_n
1000 5597 1129 5671 colli.
1156 5597 1401 5671 θοις-δερ,
1417 5596 1476 5671 ob
1498 5596 1617 5671 ﬁdei
1630 5606 1810 5671 nostra:
1831 5608 1902 5671 te-

577 5662 758 5771 dlesunt
779 5663 833 5712 in
849 5657 982 5711 σου).
1006 5667 1062 5709 et
1082 5661 1133 5709 in
1163 5658 1325 5719 Savil.,
1350 5660 1439 5711 sed
1460 5657 1521 5710 ad
1542 5664 1725 5713 seriem
1748 5667 1901 5729 perti~

302 5736 335 5775 n
370 5736 433 5771 re
455 5736 485 5771 v
538 5736 602 5771 en
626 5736 699 5771 ur.

366 5786 389 5818 ²
423 5784 597 5839 Verba.
614 5796 702 5834 nec
724 5781 974 5837 clericum,
994 5776 1045 5831 iu
1063 5779 1196 5832 Oolh.
1222 5788 1274 5831 et
1296 5781 1434 5833 Savil.
1454 5782 1649 5837 desunt.

647 5866 911 5923 ιἈΤιιοι.
960 5862 1076 5922 Gn.
1125 5861 1373 5928 XLVII.

1161 308 1249 365 DE
1284 302 1838 370 COMPUNCTIONE,
1877 298 1970 358 AD
2008 296 2440 360 DEMETRIUM.
2479 297 2609 356 LIB.
2650 297 2692 355 ι.

3456 300 3567 355 492

1979 414 2092 469 vias
2105 413 2158 468 in
2173 412 2433 485 gehennae.
2448 414 2718 470 caminum
2737 411 3305 485 ingrcdiamur.Neque
3319 411 3495 468 solum
3513 415 3568 471 in

1978 520 2041 561 ea
2056 519 2177 578 quae.
2186 504 2457 563 laboriosa
2473 519 2595 563 esse
2610 505 2876 575 videntur,
2891 507 2986 563 sed
3002 507 3161 564 etiam
3186 508 3202 540 ⁸
3220 506 3278 564 iu
3293 507 3492 564 leviora
3507 508 3568 564 ῆι-

1979 598 2044 655 lis
2066 598 2316 656 similiter
2333 598 2638 667 incidimus,
2659 608 2715 657 et
2735 598 2853 659 haec
2869 610 2925 657 et
2956 600 3048 657 illa
3078 602 3277 673 pariter
3301 612 3566 673 transgre-

1980 690 2190 747 dientes
2220 706 2236 744 :
2261 704 2326 748 ac
2347 705 2446 762 per
2470 690 2608 747 levia
2638 691 2970 749 ostendimus
2993 733 3007 759 ,
3036 708 3136 750 nos
3172 694 3472 751 difﬁciliora
3502 694 3568 752 of:

1980 788 2368 854 contemptum,
2403 797 2511 838 non
2555 782 2627 838 ob
2651 786 2966 854 gravitatem
3010 797 3432 859 praceptorum,
3463 804 3563 846 nor

1981 872 2261 944 perlicere.
2290 872 2448 942 Nam,
2478 874 2567 931 die
2594 875 2726 931 mihi
2749 916 2767 945 ,
2799 878 2927 949 quid
2974 878 3176 936 laboris
3195 879 3337 938 inest
3364 882 3419 939 in
3462 897 3572 939 non

1982 962 2194 1022 curiose
2222 966 2594 1039 perquirendis
2619 969 2808 1025 alienis
2832 972 3059 1041 negotiis
3075 1014 3092 1040 ,
3118 981 3172 1028 et
3197 973 3251 1028 in
3291 989 3398 1029 non
3423 975 3576 1030 dam-

1985 1057 2178 1113 nandis
2206 1059 2574 1128 proximorum
2611 1059 2860 1117 delictis?
2896 1062 3096 1118 Contra
3123 1078 3254 1120 vero
3302 1064 3574 1123 laboratur

1985 1164 2114 1206 sane
2145 1151 2200 1206 in
2244 1152 2454 1208 curiosa
2503 1154 2593 1209 tali
2636 1155 3023 1225 perquisitione
3052 1168 3106 1213 et
3156 1159 3210 1213 in
3253 1158 3458 1228 judicio
3506 1160 3574 1216 de
3634 1208 3639 1221 .

1985 1241 2104 1298 aliis
2133 1242 2375 1299 ferendo.
2403 1244 2532 1313 Quis
2554 1245 2715 1317 igitur
2736 1247 2850 1303 haec
2876 1249 3120 1319 audiens,
3150 1249 3304 1307 nobis
3325 1267 3575 1323 umquam

1986 1333 2205 1402 credat,
2234 1335 2375 1406 quod
2406 1336 2613 1392 scilicet
2640 1354 2706 1394 ex
2742 1340 2969 1411 segnitie
2988 1381 3003 1409 ,
3036 1356 3145 1397 non
3173 1351 3352 1399 autem
3381 1344 3451 1400 de
3495 1344 3576 1401 in-

1987 1426 2194 1484 dustria
2219 1438 2274 1483 et
2313 1428 2525 1486 defectu
2567 1430 2855 1487 voluntatis
2893 1433 2959 1488 ad
2991 1434 3444 1503 praevaricandum
3487 1452 3577 1493 ac-

1987 1518 2279 1576 cedamus?
2306 1520 2439 1575 Cum
2464 1522 2607 1577 enim
2634 1538 2755 1593 qua:
2793 1524 3195 1598 praecipiuntur,
3226 1527 3362 1584 levia
3397 1538 3453 1584 et
3494 1528 3579 1584 fa-

1988 1612 2110 1667 cilia
2138 1621 2263 1667 sunt
2290 1612 2625 1682 volentibus;
2667 1630 2786 1686 qua:
2815 1627 2993 1673 autem
3022 1629 3290 1687 vetantur,
3318 1621 3496 1692 gravia
3523 1631 3578 1678 et

1990 1704 2184 1761 laboris
2215 1705 2371 1776 plena
2391 1747 2407 1775 ,
2440 1721 2649 1778 nosque
2687 1717 2865 1765 tamen
2891 1711 3114 1768 dimisso
3144 1725 3431 1785 prmcepto,
3459 1728 3579 1786 quat

1989 1796 2153 1851 vetita
2196 1806 2321 1853 sunt
2367 1798 2637 1857 facimus:
2669 1816 2848 1857 annon
2897 1805 3255 1861 contendendi
3299 1822 3421 1863 cum
3467 1809 3582 1864 Deo

1989 1904 2169 1957 causa,
2199 1905 2297 1946 nos
2324 1894 2439 1948 haec
2467 1899 2683 1963 peceata
2704 1895 2987 1952 admittere
3011 1897 3193 1954 dicent
3219 1899 3467 1955 inimici?
3494 1902 3583 1957 Αι-

1990 1982 2134 2037 enim
2161 1983 2301 2054 quod
2332 1984 2463 2039 nihil
2491 1984 2690 2041 laboris
2717 1988 2997 2057 praeceptis
3037 1988 3239 2061 Christi
3268 1990 3431 2059 insit,
3467 1991 3582 2061 ipse

1993 2075 2359 2145 pronuntiavit
2405 2074 2492 2131 his
2536 2075 2755 2154 verbis:
2791 2076 2976 2133 Tollite
3000 2079 3189 2151 jugum
3231 2096 3398 2135 meum
3432 2097 3584 2152 super

1992 2181 2080 2221 vos
2105 2183 2124 2221 :
2138 2168 2327 2240 jugum
2364 2168 2498 2222 enim
2530 2184 2696 2223 meum
2740 2186 2894 2225 suave
2919 2181 2994 2226 est
3034 2180 3079 2226 et
3109 2188 3237 2227 onus
3281 2189 3447 2229 meum
3478 2175 3584 2229 leve

1994 2260 2208 2332 (Matth.
2242 2263 2324 2317 li.
2349 2261 2461 2332 29).
2498 2262 2603 2318 Sed
2632 2277 2731 2319 nos
2754 2263 3053 2321 incredibili
3095 2265 3321 2337 segnitie
3363 2266 3417 2322 id
3456 2266 3583 2324 faci-

1995 2368 2113 2409 mus
2133 2393 2148 2420 ,
2177 2364 2235 2408 ut
2254 2370 2372 2425 quia
2401 2354 2537 2410 levia
2563 2365 2687 2411 sunt
2705 2395 2721 2423 ,
2744 2356 2925 2411 multis
2948 2356 3132 2428 gravia
3152 2367 3465 2429 appareant.

2069 2445 2223 2501 Levia
2256 2462 2345 2517 per
2371 2448 2631 2519 segnitiem
2650 2449 2824 2519 gravia
2846 2490 2862 2517 ,
2887 2461 2933 2504 et
2957 2450 3133 2522 gravia
3159 2466 3249 2522 per
3271 2451 3584 2507 alacritatem

1996 2538 2124 2593 levia
2142 2538 2659 2610 e/ﬁciuntur.—Sane
2684 2540 2731 2595 ei
2753 2540 2840 2611 qui
2858 2555 3071 2610 semper
3094 2542 3249 2597 otiari
3276 2551 3331 2598 et
3349 2542 3585 2600 dormire

1995 2631 2157 2700 velit,
2188 2631 2272 2686 vel
2301 2631 2414 2702 ipse
2452 2632 2602 2687 cibus
2649 2640 2703 2687 et
2732 2641 2888 2702 potus
2915 2646 3133 2701 prorsus
3161 2646 3425 2693 onerosus
3466 2650 3587 2691 esse

1996 2723 2224 2791 videtur;
2267 2724 2358 2795 qui
2386 2739 2514 2779 vero
2543 2723 2760 2795 vigilant
2787 2734 2843 2780 et
2885 2724 3185 2793 excubant,
3226 2741 3296 2781 ne
3324 2724 3588 2781 mirabilia

1994 2815 2210 2887 quidem
2247 2823 2303 2872 et
2330 2815 2494 2870 ardua
2524 2815 2825 2887 refugiunt,
2871 2815 2967 2873 sed
2996 2831 3117 2873 cum
3159 2817 3351 2888 majori
3394 2818 3586 2874 ﬁducia

1997 2909 2114 2965 haec
2134 2908 2349 2980 aggredi
2377 2909 2598 2977 audent,
2620 2924 2779 2980 quam
2796 2909 2929 2966 levia
2950 2923 3143 2980 segnes
3161 2920 3216 2966 et
3243 2910 3586 2967 somnolenti.

1994 3003 2139 3061 Nihil
2165 3005 2330 3072 enim,
2356 3002 2487 3058 nihil
2509 3003 2691 3074 utique
2708 3004 2780 3058 ita
2803 3002 2961 3059 facile
2989 3012 3071 3058 est
3093 3044 3109 3073 ,
3143 3003 3268 3074 quin
3295 3003 3584 3059 admodum

1995 3114 2158 3170 grave
2184 3106 2240 3154 et
2266 3112 2553 3154 onerosum
2584 3096 2775 3168 ingens
2803 3104 2989 3153 nostra
3014 3097 3273 3168 segnities
3298 3097 3546 3154 ostendat
3570 3114 3585 3152 :

1986 3189 2450 3262 (quemadmodum
2496 3188 2630 3245 nihil
2672 3188 2744 3243 ita
2788 3187 2981 3245 durum
3012 3196 3104 3243 aut
3144 3187 3397 3259 difficile,
3443 3189 3587 3260 quod

1984 3292 2106 3340 'uon
2137 3281 2438 3339 sollicitudo
2466 3291 2522 3340 et
2565 3281 2812 3337 alacritas
2861 3280 3148 3337 admodum
3177 3278 3334 3338 facile
3378 3280 3588 3339 reddat.

1984 3375 2267 3458 jQuidnam
2287 3416 2302 3444 ,
2349 3373 2436 3430 die
2481 3366 2612 3430 mihi
2634 3414 2648 3440 ,
2679 3372 2959 3429 molestius
2986 3381 3102 3429 erat
3120 3414 3135 3441 ,
3164 3387 3322 3444 quam
3351 3371 3589 3444 quotidie

1986 3469 2327 3542 periclitari,
2355 3468 2466 3525 imo
2516 3467 2706 3539 capitis
2757 3466 3050 3539 periculum
3089 3465 3310 3522 subire?
3339 3466 3590 3522 Attamen

1998 3562 2052 3618 id
2093 3561 2213 3618 leve
2247 3562 2463 3617 vocavit
2499 3560 2690 3617 beatus
2728 3558 2924 3615 Paulus
2967 3560 3051 3614 his
3088 3558 3266 3615 verbis
3290 3576 3303 3612 :
3329 3557 3398 3612 Id
3429 3558 3587 3624 enim,

1990 3644 2135 3728 lquod
2162 3655 2215 3711 in
2241 3654 2482 3727 parcenti
2504 3662 2579 3709 est
2605 3662 3007 3708 momentaneum
3028 3661 3074 3708 et
3100 3653 3205 3707 leve
3230 3650 3588 3719 tribulationis,

1996 3764 2155 3819 supra
2204 3745 2490 3801 modumin
2539 3744 2847 3799 sublimitate
2884 3753 3126 3800 aeternum
3166 3742 3344 3815 gloria:
3391 3742 3589 3814 pondus

1997 3847 2234 3909 operatur
2276 3843 2329 3897 in
2362 3840 2509 3897 nobis
2528 3833 3023 3915 (2.Cor.4.l7.18).
3064 3833 3199 3890 Nam
3224 3833 3326 3890 etsi
3372 3848 3461 3889 res
3490 3848 3590 3887 na-

1999 3941 2115 3988 tura
2144 3931 2326 4003 gravis
2354 3932 2463 4000 sit,
2495 3946 2591 4001 spe
2619 3940 2796 3986 tamen
2828 3930 3124 3985 futurorum
3147 3928 3282 3984 levis
3311 3926 3541 3983 efﬁcitur
3571 3944 3585 3980 :

1997 4038 2156 4094 quam
2191 4023 2283 4079 ille
2316 4039 2532 4079 causam
2564 4023 2740 4094 posuit
2778 4022 2963 4078 dicens
2991 4039 3004 4076 :
3039 4020 3164 4076 Non
3201 4020 3591 4092 contemplanti-

1990 4100 2092 4184 ibus
2119 4113 2262 4168 nobis
2286 4129 2398 4184 quae
2416 4112 2652 4167 videntur
2671 4154 2687 4182 ,
2719 4112 2810 4167 sed
2836 4128 2948 4183 qua:
2972 4128 3074 4167 non
3101 4111 3352 4167 videntur.

1992 4183 2001 4285 ξ
2072 4204 2127 4260 6.
2163 4183 2448 4260 Videamus
2477 4220 2596 4276 qua:
2618 4213 2916 4277 sequuntur
2943 4223 2958 4261 :
2988 4204 3166 4260 Nolite
3189 4247 3203 4272 ,
3234 4205 3406 4276 inquit
3427 4246 3443 4269 ,
3469 4204 3594 4259 dare

1999 4307 2176 4355 sancta
2200 4297 2409 4353 canibus
2428 4341 2443 4367 ,
2471 4314 2629 4369 italae
2657 4299 2867 4353 mittatis
2915 4299 3222 4370 margaritas
3250 4308 3438 4353 vestras
3475 4309 3592 4352 ante

2000 4409 2182 4465 porcos
2234 4391 2448 4464 (Matth.
2479 4393 2532 4445 7.
2560 4392 2637 4461 6).
2666 4389 2824 4448 Certe
2872 4391 3117 4447 Christus
3168 4389 3308 4446 hanc
3341 4390 3593 4461 praecepti

2002 4500 2155 4542 more
2178 4485 2352 4556 legem
2377 4483 2547 4551 dedit,
2576 4498 2676 4541 nos
2695 4491 2873 4539 autem
2903 4498 3015 4553 pra:
3042 4482 3189 4537 inani
3218 4480 3387 4552 gloria
3416 4490 3470 4536 et
3496 4481 3592 4534 ab—

2002 4577 2163 4634 surda
2207 4576 2501 4632 ambitione
2529 4577 2631 4632 hoc
2658 4574 2785 4631 item
2829 4583 3155 4646 prmccptum
3186 4587 3400 4643 pessum
3436 4572 3592 4628 dedi-

2004 4685 2144 4735 mus,
2170 4669 2299 4726 dum
2325 4677 2668 4740 corruptores
2690 4707 2705 4735 ,
2730 4666 3052 4732 incredulos,
3083 4665 3436 4737 hominesque
3473 4681 3595 4721 sex-

2003 4766 2174 4823 centis
2198 4765 2341 4823 vitiis
2361 4773 2604 4832 onustos,
2637 4773 2837 4820 temere
2868 4772 2921 4818 et
2942 4762 3058 4818 sine
3084 4761 3334 4819 examine
3377 4759 3447 4816 ad
3475 4775 3596 4833 my-

2004 4862 2290 4917 steriorum
2319 4859 2778 4931 participationem
2827 4855 3160 4914 admittimus
3187 4895 3204 4923 ,
3228 4865 3284 4912 et
3307 4862 3594 4926 antequam

2004 4961 2309 5012 accuratam
2361 4953 2558 5010 mentis
2602 4951 2991 5023 sententiasque
3045 4964 3158 5007 suae
3225 4949 3597 5021 probationem

2007 5045 2291 5112 dederint,
2333 5045 2514 5101 omnia
2554 5044 2660 5099 illis
2702 5043 2951 5116 dogmata
2987 5043 3328 5109 revelamus;
3365 5057 3429 5099 ac
3470 5041 3597 5098 licet

2001 5136 2268 5215 vestibula
2301 5136 2537 5192 nondum
2564 5135 2747 5192 videre
2769 5134 3059 5206 potuerint,
3086 5134 3372 5190 confestim
3413 5146 3512 5190 eos
3544 5133 3596 5189 in

2008 5232 2166 5304 adyta
2206 5231 2472 5288 ducimus.
2507 5229 2638 5297 Qua:
2674 5243 2834 5284 causa
2880 5226 2984 5283 fuit
3033 5235 3093 5284 ut
3136 5226 3354 5299 quidam
3398 5242 3464 5282 ex
3516 5226 3595 5281 sic

2007 5324 2228 5382 initiatis
2250 5324 2357 5380 cito
2376 5324 2675 5380 resilientes
2693 5365 2710 5391 ,
2742 5321 3018 5377 innumera
3040 5321 3178 5376 mala
3212 5319 3590 5391 perpetrarint.

2007 5418 2088 5475 Ac
2116 5433 2223 5474 non
2251 5418 2304 5473 in
2328 5417 2448 5473 aliis
2473 5425 2676 5471 tantum
2703 5455 2721 5483 ,
2746 5414 2842 5471 sed
2873 5416 2926 5470 in
2956 5414 3112 5471 nobis
3136 5414 3265 5485 ipsis
3291 5412 3594 5469 horribilis-

2010 5512 2204 5568 simum
2236 5509 2340 5565 hoc
2369 5518 2691 5581 praeceptum
2730 5508 3084 5579 despicimus,
3113 5506 3326 5578 quando
3373 5505 3591 5560 immor-

2013 5603 2205 5660 talibus
2256 5603 2526 5675 mysteriis
2572 5599 2934 5670 participaturi
2962 5641 2977 5667 ,
3007 5599 3314 5669 impuritate
3340 5605 3395 5653 et
3420 5595 3590 5665 impu-

2081 5788 2099 5821 ⁸
2133 5787 2205 5839 sic
2224 5786 2362 5839 Savtl.
2388 5792 2440 5837 et
2460 5783 2590 5835 Colb.
2616 5789 2665 5833 tn
2688 5781 2852 5833 Morel.
2876 5781 3036 5846 deest,
3060 5781 3215 5832 etlam.

3177 5865 3253 5927 23
