4124 6144
564 339 667 394 403

568 451 748 505 dentia
779 447 919 518 pleni
950 442 1000 500 id
1024 444 1247 515 agimus.
1270 439 1378 496 Nec
1406 439 1496 494 illa
1516 436 1688 493 solum
1717 441 1981 506 praecepta
2001 472 2016 497 ,
2039 428 2135 486 sed

564 540 721 594 etiam
748 552 808 593 ea
835 550 955 606 qua:
1004 540 1298 604 sequuntur
1320 530 1388 585 ab
1414 528 1660 585 omnibus
1696 524 1886 579 violari
1927 521 2133 577 videas.

566 629 698 685 Cum
745 626 889 683 enim
932 623 1175 679 Christus
1227 620 1422 678 dixerit
1462 636 1477 674 :
1524 617 1862 685 Quoscumque
1887 610 2040 666 cultis
2082 617 2139 663 ut

569 720 761 789 faciant
788 716 925 772 vobis
962 714 1221 780 homines,
1261 712 1335 767 ita
1366 711 1383 743 ³
1407 717 1459 765 et
1482 724 1568 763 vos
1595 706 1746 777 facite
1772 703 1876 757 illis
1920 698 2136 772 (Matth.

567 810 621 863 7.
654 808 785 878 ‘12);
814 820 915 861 nos
942 804 1119 860 omnia
1166 802 1386 857 iacimus
1410 813 1473 854 ea
1492 839 1507 864 ,
1534 811 1653 868 quite
1697 791 1805 866 pati
1847 792 2095 846 nolumus
2115 832 2133 856 ,

568 915 631 955 ac
646 898 781 969 jussi
809 912 904 968 per
929 902 1207 966 angustam
1244 899 1450 962 portam
1479 889 1678 943 intrare
1706 925 1724 952 ,
1754 884 1915 938 latam
1942 879 2138 950 ubique

568 988 945 1061 perquirinms.
1004 983 1157 1054 Quod
1199 995 1359 1052 porro
1401 978 1684 1034 saaculares
1729 972 1941 1044 quidam
2001 970 2139 1024 hanc

568 1081 957 1151 amplectantur
980 1085 1033 1132 et
1054 1083 1264 1141 ament,
1291 1088 1395 1129 non
1421 1084 1589 1139 usque
1630 1067 1763 1122 adeo
1791 1063 1982 1119 mirum
2008 1068 2092 1117 est
2118 1076 2134 1128 ;

571 1172 711 1243 quod
740 1179 915 1225 autem
954 1167 1053 1221 viri
1079 1165 1166 1235 qui
1194 1178 1314 1220 sese
1354 1158 1681 1217 cruciﬁxisse
1715 1155 1990 1219 videntur,
2019 1165 2138 1208 eam

572 1265 692 1334 plus
720 1275 876 1332 quam
902 1259 977 1314 illi
1001 1264 1270 1313 sectentur
1291 1296 1307 1322 ,
1349 1253 1452 1307 hoc
1478 1265 1609 1307 sane
1646 1258 1916 1319 stuporem
1955 1247 2141 1314 ingen-

574 1366 682 1411 tem
709 1353 863 1408 affert
889 1393 906 1420 ,
938 1351 1046 1405 imo
1073 1349 1246 1420 potius
1273 1345 1537 1416 :enigmati
1565 1341 1754 1399 similis
1785 1354 1872 1395 res
1909 1338 2136 1392 videtur.

574 1444 862 1502 Monaclios
898 1443 1039 1499 enim
1069 1437 1448 1511 propemodum
1477 1449 1682 1501 omnes,
1709 1432 1755 1487 si
1784 1430 1850 1485 ad
1871 1428 2137 1501 quoddam

574 1534 921 1594 ministerium
944 1532 1127 1588 venire
1149 1527 1436 1600 rogaveris,
1461 1524 1576 1581 haec
1597 1522 1774 1579 statim
1798 1532 1853 1577 et
1878 1520 1930 1575 in
1956 1518 2140 1589 primis

573 1631 849 1700 loquentes
874 1625 1099 1689 audias;
1134 1622 1466 1677 sciscitantur
1493 1630 1705 1686 nempe,
1745 1629 1869 1668 num
1893 1612 1963 1666 ibi
1993 1612 2141 1681 quie-

577 1732 686 1776 tem
735 1715 972 1773 invenire
1023 1712 1268 1783 possint,
1296 1717 1350 1764 et
1393 1722 1518 1762 num
1567 1705 1806 1774 requiem
1856 1713 2142 1771 procurare

576 1809 747 1882 possit
785 1809 829 1862 is
858 1806 946 1875 qui
989 1802 1250 1857 accersit:
1275 1814 1338 1854 ac
1374 1796 1517 1852 ultro
1544 1795 1781 1863 citroque
1801 1790 1995 1862 quietis
2039 1804 2140 1843 no—

577 1881 700 1959 men
725 1901 988 1972 jactitant.
1016 1894 1154 1963 Quid
1192 1893 1300 1959 ais,
1339 1891 1412 1945 mi
1440 1888 1639 1945 homo?
1674 1888 1727 1941 in
1756 1893 1901 1939 arcta
1924 1883 2008 1937 via
2059 1881 2142 1936 iu-

576 1993 767 2050 cedere
788 1991 966 2061 jussus
997 1987 1066 2043 de
1085 1985 1264 2056 quiete
1308 1983 1620 2051 interrogas,
1647 1987 1701 2034 et
1726 1992 1822 2048 per
1866 1984 2140 2045 angustam

575 2092 781 2156 portam
809 2079 1203 2149 intrarejussus
1224 2076 1385 2130 latam
1422 2071 1659 2143 quaeris?
1700 2068 1828 2140 quid
1881 2066 1981 2121 hac
2028 2080 2144 2134 per-

575 2175 823 2232 versitate
851 2170 1084 2229 deterius
1107 2168 1131 2222 ἲ
1153 2167 1231 2222 Nc
1251 2179 1376 2221 vero
1406 2175 1558 2234 putes
1606 2177 1692 2217 me
1717 2160 1834 2214 lucc
1876 2158 2141 2214 dicentem

576 2269 707 2324 alios
746 2264 1134 2328 condemnare,
1188 2272 1301 2313 rem
1368 2270 1456 2311 me
1502 2259 1828 2325 spectantem
1890 2246 2138 2303 narrabo.

647 2356 1027 2428 Chrysostomus
1046 2350 1115 2405 ad
1133 2347 1492 2404 monachorum
1509 2341 1829 2399 tabernacula
1851 2338 2053 2394 secedit.
2071 2366 2145 2378 —

577 2447 710 2505 Cum
732 2461 900 2518 nuper
925 2458 1024 2514 ego
1048 2439 1425 2505 decrevissem,
1464 2434 1649 2491 relicta
1692 2432 1844 2497 urbe,
1867 2429 1934 2484 ad
1964 2428 2142 2483 taber-

577 2539 763 2596 nacula
786 2535 1164 2593 monachorum
1185 2529 1440 2586 accedere
1464 2568 1479 2594 ,
1503 2525 1734 2582 sollicite
1763 2520 2061 2592 quaerebam
2089 2526 2144 2572 et

548 2682 554 2687 .
578 2629 883 2687 sciscitabar
902 2624 1162 2680 undenam
1191 2617 1613 2676 necessariorum
1639 2606 1970 2669 commeatus
1992 2609 2143 2665 adfu—

579 2729 730 2775 turus
772 2724 915 2773 esset
938 2755 956 2784 ,
983 2720 1040 2769 et
1067 2726 1193 2767 num
1236 2708 1352 2764 ﬁeri
1378 2714 1559 2779 posset
1583 2712 1640 2759 ut
1677 2703 1827 2774 panis
1847 2714 2035 2757 recens
2080 2713 2144 2754 ac

580 2810 803 2867 diurnus
848 2804 1248 2867 comederetur;
1278 2815 1344 2854 an
1382 2797 1500 2869 quis
1553 2810 1639 2851 me
1685 2800 1965 2849 coacturus
2003 2799 2146 2846 esset

579 2900 768 2958 codem
807 2897 883 2953 uti
905 2896 1025 2952 oleo
1051 2907 1146 2964 pro
1172 2892 1388 2947 lucerna
1410 2897 1463 2944 et
1490 2901 1587 2958 pro
1621 2884 1742 2940 cibo
1766 2899 1781 2950 ;
1804 2897 1872 2937 an
1913 2880 2033 2952 quis
2057 2894 2146 2936 me

579 2993 899 3064 impulsurus
923 2987 989 3043 ad
1009 2987 1255 3042 miseram
1301 2981 1625 3053 leguminum
1662 2990 1875 3043 escam;
1903 2989 1972 3030 an
2014 2973 2148 3030 assi—

578 3095 828 3161 gnaturus
856 3093 989 3150 opus
1028 3077 1248 3142 durum,
1283 3082 1342 3130 ut
1375 3081 1457 3128 est
1487 3070 1689 3137 fodere,
1734 3068 1874 3140 ligna
1914 3064 2144 3130 deferte,

579 3158 771 3254 aquam
820 3179 1175 3248 comportare,
1203 3178 1258 3230 et
1280 3176 1473 3228 canem
1501 3163 1676 3220 omnia
1717 3158 2014 3238 hujusmodi
2035 3158 2147 3212 .mi—

582 3272 801 3332 nisteria
832 3279 923 3326 :et
965 3276 1025 3324 ut
1067 3265 1370 3323 summatim
1400 3263 1571 3319 dicam
1599 3303 1616 3327 ,
1662 3260 1826 3315 multa
1857 3257 1923 3314 de
1971 3255 2148 3327 quiete

583 3362 824 3435 corporis
852 3358 1223 3431 percontabar.
1253 3355 1324 3412 At
1348 3355 1384 3410 ii
1429 3354 1519 3424 qui
1545 3351 1632 3408 vel
1654 3349 1957 3422 principum
1989 3346 2147 3407 mini-

584 3454 747 3511 steria
770 3493 787 3521 ,
808 3450 890 3507 vel
918 3449 1245 3521 publicorum
1275 3445 1605 3516 negotiorum
1633 3439 2147 3497 administrationem

583 3544 914 3614 suscipiunt,
953 3538 1083 3595 nihil
1129 3537 1321 3593 horum
1347 3534 1717 3600 sciscitantur,
1758 3531 1852 3588 sed
1903 3528 2074 3585 solum
2102 3526 2149 3584 si

583 3650 673 3692 res
700 3636 848 3690 lucro
875 3631 1052 3687 futura
1080 3629 1174 3696 sit,
1206 3629 1376 3693 lucro,
1404 3627 1637 3695 inquam,
1668 3620 1947 3692 temporali
1973 3616 2150 3690 :quod

584 3727 631 3784 si
680 3727 782 3782 hoc
820 3738 1035 3795 Sperare
1058 3722 1304 3786 valeant,
1335 3733 1440 3773 non
1484 3717 1694 3771 labores
1715 3757 1728 3782 ,
1750 3729 1855 3769 non
1874 3711 2111 3784 pericula
2130 3751 2146 3779 ,

588 3836 694 3876 non
719 3817 1089 3891 ignominiam,
1120 3829 1227 3870 non
1271 3811 1483 3868 servilia
1524 3807 1847 3873 ministeria,
1885 3821 1991 3860 non
2031 3818 2153 3874 per-

589 3911 947 3985 egrinationes
979 3909 1198 3978 longas,
1225 3920 1330 3960 non
1369 3901 1671 3957 diuturnam
1697 3898 1753 3954 in
1791 3897 1893 3951 alia
1936 3894 2152 3964 regione

592 4000 1060 4061 commorationem
1092 4038 1107 4064 ,
1134 4010 1239 4051 non
1286 3989 1634 4048 contumelias
1656 4029 1672 4055 ,
1700 4001 1807 4042 non
1849 3985 2146 4051 cruciatus,

592 4111 698 4149 non
722 4102 1017 4161 temporum
1042 4086 1387 4144 mutationem
1405 4124 1420 4149 ,
1447 4095 1553 4135 non
1574 4078 1867 4150 periculum
1885 4091 1913 4129 a
1940 4081 2154 4145 sperato

592 4186 698 4240 ﬁne
725 4179 1005 4237 aberrandi
1027 4219 1043 4247 ,
1069 4192 1177 4233 non
1200 4181 1569 4246 prmmaturam
1610 4178 1834 4225 mortem
1860 4209 1875 4236 ,
1902 4183 2008 4223 non
2062 4181 2151 4222 se-

591 4277 917 4350 parationem
953 4288 985 4328 a
1030 4269 1369 4335 domesticis,
1413 4279 1519 4321 non
1548 4263 1730 4318 uxoris
1785 4270 1837 4317 et
1868 4260 2152 4315 liberorum

592 4348 952 4431 solitudinem,
981 4378 1087 4419 non
1111 4361 1269 4416 aliam
1292 4357 1592 4429 quampiam
1617 4352 1986 4410 difﬁcultatem
2012 4348 2156 4418 cogi-

596 4467 707 4516 tant
732 4474 747 4525 ;
787 4456 879 4511 sed
910 4452 1250 4526 pecuniarum
1273 4448 1537 4519 cupidine,
1568 4461 1667 4501 ceu
1692 4451 1929 4498 amentes
1957 4438 2154 4504 effecti,

592 4550 770 4608 omnia
797 4548 1024 4604 subeunt
1061 4543 1195 4599 mala
1220 4585 1235 4611 ,
1266 4556 1384 4611 qua:
1418 4539 1484 4594 ad
1513 4537 1650 4592 hanc
1700 4534 1996 4590 conducere
2033 4545 2158 4601 pos-

592 4645 718 4699 sint.
744 4640 853 4697 Nos
886 4647 1059 4694 autem
1090 4635 1281 4705 quibus
1317 4647 1424 4687 non
1450 4627 1688 4701 pecunia:
1715 4667 1730 4692 ,
1763 4637 1937 4695 neque
1979 4630 2117 4676 terra
2138 4662 2154 4688 ,

593 4734 690 4791 sed
737 4731 922 4787 etclam
960 4726 1272 4799 proponitur
1309 4730 1361 4777 et
1400 4719 1629 4776 caelestia
1677 4717 1817 4773 bona
1842 4757 1857 4783 ,
1910 4727 2026 4784 quae
2060 4725 2159 4767 nec

593 4825 780 4881 oculus
804 4822 973 4886 vidit,
1016 4833 1117 4874 nec
1143 4815 1287 4871 auris
1327 4813 1565 4879 audivit,
1589 4823 1687 4865 nec
1714 4809 1767 4862 in
1809 4821 1903 4862 cor
1928 4802 2160 4859 hominis

604 4914 983 4978 ascenderunt,
1010 4908 1078 4964 de
1104 4908 1280 4978 quiete
1307 4904 1639 4961 sciscitamur
1668 4918 1682 4954 :
1714 4913 1882 4969 usque
1913 4895 2045 4951 adeo
2072 4908 2162 4948 su-

598 5020 719 5060 mus
761 5003 865 5057 illis
890 4998 1306 5056 miserabiliores
1341 5002 1397 5048 et
1422 4992 1713 5048 molliores.
1741 4988 1881 5058 Quid
1922 4987 2001 5043 ais
2027 5026 2043 5053 ,
2087 4984 2161 5039 mi

603 5098 765 5152 homo
775 5093 823 5147 ‘?
842 5092 894 5147 in
908 5089 1166 5147 caelumne
1184 5083 1493 5151 mittendus,
1509 5084 1580 5138 ibi
1594 5096 1813 5152 regnum
1827 5087 2159 5148 accepturus,

606 5183 937 5256 percontaris
960 5195 1029 5235 an
1057 5178 1183 5249 quid
1212 5177 1282 5232 sit
1308 5174 1532 5231 arduum
1571 5173 1627 5227 in
1662 5171 1746 5225 via
1779 5178 1836 5225 et
1856 5166 2161 5239 peregrina-

602 5279 748 5333 tione
773 5270 1074 5345 hujusmodi
1094 5310 1109 5336 ,
1133 5277 1190 5325 et
1220 5282 1330 5324 non
1379 5275 1434 5322 te
1478 5263 1679 5336 pudet,
1707 5275 1814 5315 non
1849 5258 2118 5314 erubescis
2142 5296 2162 5325 ,

602 5384 701 5427 nec
728 5377 783 5424 te
803 5366 903 5423 sub
929 5374 1124 5421 terram
1144 5358 1397 5417 defodis?
1424 5355 1643 5413 Etiamsi
1667 5351 1843 5408 omnia
1871 5393 1888 5416 ,
1921 5363 2040 5420 qua:
2063 5347 2164 5404 ho-

602 5459 834 5519 minibus
879 5456 1186 5526 contingere
1213 5458 1474 5524 possunt,
1515 5447 1652 5503 mala
1702 5451 2017 5510 occurrant,
2051 5440 2167 5496 sive

605 5551 865 5619 convicia,
903 5551 1016 5606 sive
1040 5544 1377 5604 contumelia:
1400 5584 1417 5612 ,
1442 5541 1555 5597 sive
1596 5536 1898 5610 ignominia:
1922 5543 1977 5592 et
2008 5547 2166 5606 syco-

668 5691 688 5722 ⁸
721 5687 853 5738 colb.
878 5686 1050 5737 omittit
1071 5682 1155 5743 ita,
1179 5688 1232 5731 et
1245 5679 1383 5739 infra,
1405 5690 1506 5729 nos.

667 5750 690 5785 ⁸
721 5755 773 5800 ιιι
789 5749 919 5800 Colit.
947 5747 1114 5807 deest,
1136 5738 1202 5795 mi
1222 5742 1377 5792 homo.
1920 5738 1964 5761 4"

1266 328 1323 385 S.
1362 322 1638 383 JOANNIS
1672 313 2146 377 CllBYSOSTOMl
2184 313 2500 369 ARCHIEP.
2539 310 3069 370 CONSTANTINOP.

3709 311 3811 369 4N

2244 429 2516 500 phantim;
2550 442 2643 484 seu
2682 427 2921 498 gladius,
2949 425 3106 497 ignis,
3157 424 3354 481 ferrum
3374 464 3391 490 ,
3424 422 3569 489 ferte,
3599 423 3815 480 demerv

2240 520 2458 585 siones;
2487 518 2600 573 sive
2630 516 2817 581 fames,
2849 517 3066 571 morbus
3092 523 3149 570 et
3195 513 3376 571 omnia
3408 528 3529 584 quae
3559 512 3628 569 ab
3665 514 3814 569 initio

2243 610 2305 675 in.
2327 611 2426 666 hac
2451 610 2560 665 vita
2579 607 3202 679 continguntaeerbiora,
3235 619 3433 671 annon,
3469 619 3673 675 quaso,
3701 604 3816 661 haec

2243 701 2490 757 irridebis
2514 710 2569 756 et
2588 699 2887 771 despicies?
2911 714 2978 753 an
3010 698 3079 753 de
3121 697 3228 752 illis
3251 697 3333 751 vel
3359 696 3636 751 minimum
3672 699 3820 769 cogi-

2241 791 2414 848 tabis?
2448 790 2652 861 Ecquid
2700 787 3002 860 hujusmodi
3028 787 3206 841 animo
3248 786 3534 854 stolidius,
3567 786 3695 856 quid
3735 788 3817 841 vi-

2245 885 2367 950 lius,
2391 882 2519 953 quid
2544 881 2829 937 miserius?
2850 879 3149 937 Calestium
3175 876 3442 934 desiderio
3467 885 3685 948 captum
3709 893 3818 933 non

2240 974 2361 1030 dico
2407 982 2612 1029 tantum
2658 972 2889 1043 quietem
2932 984 3176 1041 qumrere
3219 983 3327 1024 non
3349 967 3587 1037 debere,
3617 967 3714 1025 sed
3748 984 3819 1024 ne

2240 1066 2356 1136 ejus
2382 1064 2595 1135 quidem
2622 1065 2897 1134 praesentis
2928 1061 3120 1117 allecto
3158 1060 3383 1116 moveri.
3414 1060 3692 1127 Quomodo
3721 1061 3818 1116 ab-

2241 1157 2457 1211 surdum
2489 1169 2593 1208 non
2620 1153 2780 1209 fuerit
2814 1167 2943 1220 eos,
2984 1152 3075 1221 qui
3099 1150 3293 1221 ineptis
3338 1150 3608 1207 amoribus
3630 1159 3817 1207 tenen-

2245 1259 2350 1312 tur,
2377 1247 2568 1301 amatis
2588 1247 2660 1301 ita
2685 1261 2744 1301 se
2766 1252 2912 1300 totos
2931 1243 3127 1299 dedere
3143 1282 3162 1310 ,
3187 1250 3248 1297 ut
3266 1250 3461 1311 praeter
3487 1256 3580 1297 eos
3604 1256 3820 1298 eorum-

2242 1354 2347 1408 que
2379 1337 2705 1393 consortium
2746 1335 2879 1390 nihil
2923 1349 3106 1389 eorum
3150 1349 3269 1403 qua:
3303 1333 3356 1387 in
3409 1331 3507 1387 hac
3538 1333 3645 1388 vita
3689 1343 3823 1390 sunt

2247 1429 2388 1498 (sunt
2416 1437 2592 1481 autem
2618 1427 2754 1482 bene
2774 1422 2992 1497 multa),
3022 1424 3177 1479 dulce
3216 1423 3523 1479 existiment
3550 1441 3563 1478 :
3591 1438 3689 1479 nos
3717 1439 3819 1479 au-

2244 1530 2370 1585 tem,
2403 1521 2491 1590 qui
2519 1534 2623 1574 non
2661 1518 2843 1588 inepto
2868 1516 3098 1587 quodam
3122 1555 3138 1582 ,
3169 1515 3263 1571 sed
3292 1514 3527 1569 omnium
3564 1529 3819 1585 supremo

2243 1627 2426 1667 amore
2450 1622 2692 1667 tenemur
2714 1652 2728 1675 ,
2761 1626 2866 1665 non
2910 1609 3080 1665 solum
3112 1615 3426 1679 praesentem
3457 1608 3688 1679 quietem
3708 1624 3819 1665 non

2244 1707 2537 1778 despicere,
2565 1707 2658 1762 sed
2688 1708 2848 1763 etiam
2870 1707 3144 1762 absentem
3173 1705 3478 1777 requirere?

2315 1803 2366 1854 7.
2397 1799 2618 1857 Ctt’lestis
2646 1800 2879 1855 desiderii
2901 1800 2975 1854 vis
3001 1800 3195 1870 ingens.
3231 1828 3305 1840 -ι-
3342 1797 3531 1853 Nullus
3556 1797 3820 1853 hactenus

2243 1890 2516 1946 carissime
2534 1932 2549 1959 ,
2596 1892 2667 1945 ita
2707 1890 2996 1945 etelestium
3016 1888 3285 1944 desiderio
3312 1897 3589 1957 correptus
3614 1897 3728 1955 est,
3758 1897 3825 1942 ut

2243 1981 2436 2051 corripi
2468 1996 2562 2051 par
2585 1988 2699 2035 erat
2725 1998 2740 2036 :
2767 1980 2999 2050 alioquin
3023 1993 3140 2048 quae
3166 1978 3343 2049 gravia
3371 1978 3617 2033 videntur
3636 1993 3757 2034 esse
3774 1980 3819 2043 ι,

2243 2073 2483 2127 umbram
2510 2071 2799 2140 iudicasset
2831 2078 2885 2126 et
2922 2068 3217 2124 irrisionem
3252 2083 3516 2139 magnam.
3547 2067 3690 2124 Sane
3728 2070 3823 2139 qui

2243 2162 2523 2233 praesentia
2558 2160 2812 2231 suspicit,
2845 2175 3132 2229 numquam
3160 2157 3457 2213 futurorum
3486 2158 3822 2228 contempla-

2245 2254 2388 2308 tione
2407 2253 2736 2323 dignabitur:
2766 2252 2856 2322 qui
2879 2259 3056 2307 autem
3082 2250 3168 2305 illa
3188 2249 3431 2320 despicit,
3455 2257 3510 2306 et
3529 2250 3707 2305 omnia
3735 2251 3828 2306 ni-

2244 2344 2354 2399 hilo
2378 2344 2595 2399 meliora
2616 2358 2756 2412 esse,
2787 2357 2943 2412 quam
2972 2341 3186 2396 umbras
3208 2348 3265 2396 et
3291 2339 3498 2395 somnia
3523 2339 3818 2404 existimat,

2244 2435 2351 2489 cito
2388 2447 2578 2503 magna
2608 2434 2696 2487 illa
2732 2441 2788 2488 et
2836 2431 3128 2501 spiritualia
3173 2438 3504 2500 assequetur.
3563 2430 3632 2485 lis
3668 2428 3827 2486 enim

2244 2524 2437 2595 quibus
2459 2524 2653 2580 bonum
2678 2521 2815 2577 istud
2839 2537 2963 2578 vere
2988 2521 3254 2592 obtigerit,
3284 2529 3485 2577 tantam
3522 2521 3628 2576 vim
3659 2519 3828 2576 exhio

2244 2616 2406 2683 hcbit,
2436 2626 2687 2686 quantam
2713 2614 2847 2685 ignis
2874 2615 2925 2669 in
2954 2613 3121 2682 spinis
3153 2630 3167 2667 :
3194 2613 3295 2669 etsi
3321 2612 3615 2668 innumeris
3643 2612 3831 2666 homi-

2246 2722 2367 2761 nem
2398 2705 2655 2762 invenerit
2683 2704 3026 2775 prazfocatum
3056 2704 3241 2772 malis,
3271 2703 3451 2758 multis
3473 2712 3826 2772 peccatorum

2247 2796 2498 2855 funiculis
2525 2788 2870 2861 obstrictum;
2901 2793 3246 2864 cupiditatum
3277 2792 3487 2847 ﬂamma
3513 2792 3827 2860 incensum,

2246 2904 2438 2960 magno
2483 2888 2813 2945 saecularium
2857 2887 3188 2956 negotiorum
3236 2885 3465 2941 tumultu
3514 2884 3828 2947 obsessum,

2247 2979 2424 3035 omnia
2472 2979 2560 3034 illa
2606 2993 2703 3034 ceu
2752 2978 2980 3048 quodam
3026 2976 3235 3046 ﬂagello
3280 2976 3458 3032 statim
3502 2974 3724 3045 expulsa
3751 2976 3832 3029 ab

2247 3073 2423 3130 anima
2450 3071 2633 3143 procul
2658 3071 2841 3142 abigit.
2885 3073 2963 3127 Ac
2995 3070 3439 3142 quemadmodum
3465 3077 3647 3124 contra
3673 3068 3829 3123 venti

2248 3165 2461 3225 violenti
2509 3165 2760 3240 impetum
2800 3163 2971 3240 pultis
3010 3163 3230 3237 exiguus
3255 3176 3541 3236 numquam
3569 3160 3784 3215 steterit
3813 3201 3829 3216 .

2249 3264 2327 3319 sic
2367 3261 2717 3318 absurdarum
2760 3259 3304 3329 concupiscentiarum
3344 3254 3628 3312 multitudo
3665 3268 3832 3309 com-

2248 3352 2548 3425 punctionis
2574 3352 2905 3422 ingruentem
2931 3349 3036 3404 vim
3063 3348 3203 3404 ferre
3227 3361 3333 3402 non
3359 3345 3553 3417 poterit
3572 3385 3589 3411 ,
3631 3342 3724 3398 sed
3748 3340 3832 3398 de

2250 3443 2427 3499 medio
2454 3443 2667 3499 tolletur
2694 3456 2758 3498 ac
2785 3440 3115 3511 dispergetur
3147 3438 3303 3494 citius
3348 3452 3515 3508 quam
3565 3434 3737 3506 pulvis
3764 3443 3834 3490 et

2252 3535 2451 3590 fumus.
2480 3532 2632 3600 Quod
2662 3532 2707 3588 si
2744 3546 3026 3601 corporum
3056 3544 3206 3585 amor
3234 3543 3402 3599 usque
3426 3526 3563 3581 adeo
3588 3526 3833 3581 animam

2251 3624 2306 3680 in
2343 3625 2652 3680 servitutem
2675 3622 2887 3693 redigit,
2914 3629 2972 3675 ut
3006 3621 3072 3676 ab
3100 3619 3346 3675 omnibus
3369 3632 3485 3673 eam
3515 3616 3737 3682 avellat,
3771 3628 3838 3672 ct

2254 3714 2420 3770 solius
2448 3713 2634 3769 amicae
2662 3710 2927 3783 tyrannidi
2971 3710 3307 3779 obstringat,
3357 3706 3483 3773 quid
3531 3721 3636 3762 non
3665 3704 3837 3760 faciat

2251 3806 2450 3862 Christi
2478 3820 2645 3870 amor,
2669 3811 2724 3860 et
2756 3804 2896 3858 illius
2924 3801 3198 3857 amittendi
3224 3800 3436 3855 metus?
3464 3796 3836 3867 Quemadmo-

2253 3896 2379 3953 dum
2399 3896 2541 3956 enim
2570 3894 2782 3950 difﬁcile
2806 3902 2888 3949 est
2911 3934 2927 3961 ,
2956 3893 3063 3948 imo
3090 3891 3201 3946 ﬁeri
3231 3890 3435 3961 nequit,
3457 3897 3516 3942 ut
3537 3902 3690 3958 aqua:
3715 3888 3831 3941 mi-

2255 3994 2466 4045 sceatur
2490 3985 2625 4056 ignis
2657 4002 2671 4040 :
2701 3985 2773 4040 ita
2810 3997 2908 4038 nec
2931 3983 3254 4052 voluptatem
3280 3988 3337 4036 et
3362 3979 3833 4049 compunctionem

2255 4078 2414 4135 simul
2455 4092 2646 4148 cogere
2687 4089 3003 4147 possumus;
3051 4089 3172 4129 nam
3217 4072 3333 4127 haec
3374 4069 3639 4126 contraria
3679 4078 3834 4133 sunt,

2257 4184 2421 4241 seque
2456 4176 2638 4225 mutuo
2675 4168 2973 4223 destruunt.
3025 4164 3234 4220 Etenim
3272 4163 3388 4218 haec
3412 4160 3625 4233 quidem
3653 4158 3837 4230 lacry-

2256 4274 2465 4315 marum
2492 4268 2546 4314 et
2587 4256 2946 4326 temperantiae
2974 4263 3144 4310 mater
3171 4263 3253 4310 est
3276 4294 3292 4322 ,
3336 4252 3427 4308 illa
3461 4265 3589 4307 vero
3612 4251 3751 4306 risus
3778 4259 3839 4305 et

2259 4351 2477 4407 insanire
2506 4368 2519 4404 :
2547 4349 2664 4405 hare
2700 4349 2874 4404 levem
2900 4357 2956 4404 et
2976 4348 3075 4403 alis
3100 4349 3411 4402 instructam
3436 4344 3666 4399 animam
3695 4344 3830 4397 red-

2259 4442 2355 4507 dit,
2380 4442 2466 4496 illa
2494 4441 2709 4513 plumbo
2733 4441 3029 4511 graviorem
3056 4437 3352 4495 constituit.
3382 4436 3451 4491 Et
3471 4436 3574 4491 hoc
3593 4450 3701 4490 non
3724 4449 3832 4505 ego

2258 4533 2437 4587 verbis
2464 4530 2598 4587 meis
2623 4571 2638 4598 ,
2689 4530 2783 4586 sed
2813 4530 2928 4600 ejus
2952 4529 3043 4600 qui
3069 4528 3325 4599 praeclara
3354 4525 3656 4597 huiusmodi
3675 4524 3834 4593 cupi-

2261 4621 2426 4677 ditate
2453 4622 2751 4689 tenebatur,
2774 4620 3140 4675 demonstrare
3168 4618 3399 4674 tentabo.
3429 4616 3557 4683 Quis
3592 4615 3682 4671 ille
3703 4624 3790 4669 est
3807 4614 3833 4668 τ

2264 4713 2382 4783 ipse
2405 4727 2587 4768 amore
2611 4710 2807 4767 Christi
2832 4710 3080 4766 incensus
3105 4709 3300 4764 Paulus
3323 4748 3339 4774 ,
3366 4707 3455 4778 qui
3479 4706 3594 4777 ejus
3618 4704 3833 4760 deside-

2264 4804 2347 4860 rio
2378 4818 2544 4874 usque
2588 4802 2722 4858 adeo
2771 4801 3084 4857 vulneratus
3129 4806 3278 4865 erat,
3324 4806 3384 4853 ut
3418 4796 3485 4852 de
3510 4810 3657 4851 mora
3686 4804 3740 4849 et
3768 4793 3838 4850 de

2265 4894 2702 4964 peregrinationis
2725 4891 2882 4962 hujus
2907 4888 3250 4946 diuturnitate
3274 4886 3675 4959 ingemisceret:
3697 4882 3839 4937 Nam

2264 4986 2351 5057 qui
2384 5000 2553 5039 sumus
2576 5024 2592 5052 ,
2638 4983 2840 5055 inquit,
2884 4982 2937 5037 in
2965 4980 3286 5035 tabernaculo
3328 4979 3424 5032 hoc
3467 4975 3839 5047 ingemiscimus

2270 5074 2346 5147 (2.
2375 5074 2490 5129 Cor.
2520 5074 2574 5129 5.
2591 5072 2649 5142 4)
2682 5070 3059 5129 :desiderabat
3082 5078 3260 5125 tamen
3304 5075 3359 5123 et
3393 5065 3636 5132 volebat,
3667 5062 3843 5118 adhuc

2269 5162 2356 5220 hic
2396 5178 2614 5220 manere
2653 5171 2873 5234 propter
2911 5159 3223 5217 Christum:
3254 5156 3559 5213 Permanere
3581 5195 3598 5220 ,
3648 5153 3839 5222 inquit,

2270 5273 2349 5310 me
2364 5256 2420 5309 in
2454 5270 2605 5308 carne
2629 5252 2960 5308 necessarium
2987 5257 3190 5322 propter
3217 5264 3302 5303 vos
3329 5245 3589 5319 (Philipp.
3624 5244 3676 5299 1.
3702 5241 3797 5312 24)
3823 5255 3839 5305 ;

2270 5347 2324 5403 id
2349 5355 2463 5415 est,
2494 5354 2554 5401 ut
2594 5344 2724 5400 tides
2760 5344 2813 5399 in
2845 5342 3115 5399 Christum
3144 5346 3444 5410 augeretur.
3490 5335 3617 5392 ideo
3650 5332 3847 5387 fatuem

2334 5482 2353 5549 ξ
2376 5477 2529 5549 mih-9
2547 5483 2674 5549 post,
2692 5474 2861 5542 gravia
2880 5468 3625 5549 υίάεειςαῖεεξιξιιξξὶεξξωὲζεη

2271 5546 2342 5594 set
2362 5526 3038 5602 εἷίἦέίὲέρῄὲῆἴηιααηαπιέει
3060 5526 3263 5602 hoc_na'n
3288 5526 3441 5602 verbis
3474 5528 3627 5602 meis,
3638 5526 3729 5602 sed
3750 5526 3853 5602 ejus

2561 5598 2646 5651 illo
2668 5590 2829 5666 {more
2850 5596 3113 5666 tenebqtttr,
3136 5595 3461 5666 demonstrare
3483 5590 3854 5666 ἕλξει

2274 5655 2436 5715 inedia
2446 5655 2569 5712 'vero
2582 5655 2757 5722 omhia,
2777 5671 2888 5722 quae
2901 5655 3143 5722 dimidiam
3155 5655 3389 5722 οοιιῃιῃιξξ
3403 5655 3853 5722 Murgentina}.

2282 5712 2461 5788 nempe
2483 5734 2638 5787 usque
2660 5721 2721 5773 ad
2742 5712 2909 5782 verba,
2929 5718 3041 5783 Quit
3062 5716 3145 5771 ius
3162 5723 3232 5771 est
3250 5714 3275 5769 ?
3494 5712 3850 5765 desiderantur.
