4124 6144
285 351 392 407 £05

286 480 340 525 et
367 469 508 524 sitim
537 477 590 523 et
614 465 900 521 nuditatem
927 471 981 520 et
1003 461 1208 518 vincula
1235 470 1287 518 et
1315 471 1515 518 mortes
1530 468 1590 517 et
1603 468 1862 516 transma-

285 567 404 620 rina
446 563 634 618 itinera
663 571 715 616 et
760 557 1027 628 naufragia
1055 566 1109 613 et
1149 556 1250 610 alia
1289 555 1466 610 omnia
1507 568 1626 624 quae
1673 567 1863 608 recen-

286 655 391 708 suit
446 650 777 715 sustinebat,
835 664 898 704 ac
942 662 1047 702 non
1096 645 1268 701 solum
1322 645 1437 699 lucc
1489 658 1594 698 non
1639 642 1866 698 moleste

288 743 538 807 ferebat,
590 740 684 796 sed
732 739 889 794 etiam
928 736 1189 808 gaudebat
1225 752 1240 790 :
1271 749 1429 790 causa
1462 742 1639 788 autem
1675 733 1861 786 horum

286 847 404 893 erat
429 837 445 868 ⁸
469 849 622 890 amor
665 831 859 888 Christi
905 848 920 884 :
968 843 1131 901 quare
1159 827 1368 883 dicebat
1395 843 1408 880 :
1436 826 1504 880 In
1531 826 1608 880 his
1635 825 1864 880 omnibus

285 943 584 1000 superamus
611 931 815 996 prapter
850 938 964 978 eum
999 922 1086 992 qui
1127 918 1304 974 dilexit
1342 935 1432 973 nos
1463 917 1633 990 (Rom.
1663 916 1718 972 8.
1749 914 1862 987 37).

288 1020 398 1074 Nec
447 1017 566 1072 ideo
603 1015 858 1070 mireris:
889 1028 1010 1068 nam
1049 1013 1094 1068 si
1133 1027 1283 1066 amor
1325 1010 1598 1065 hominum
1638 1019 1862 1064 mortem

289 1125 439 1180 srepe
486 1107 741 1162 audacter
788 1104 940 1160 adire
979 1103 1143 1170 fecit,
1193 1101 1321 1172 qttid
1365 1115 1470 1155 non
1516 1100 1672 1155 faciat
1714 1114 1864 1154 amor

289 1199 528 1255 Christi?
568 1213 726 1268 quam
758 1195 1123 1251 difﬁcultatem
1172 1208 1277 1247 non
1323 1191 1494 1248 levem
1542 1189 1732 1244 faciet?
1778 1189 1867 1244 Sic

290 1290 468 1344 omnia
499 1289 576 1343 illi
608 1286 903 1342 tolerabilia
948 1292 1136 1349 erant,
1190 1282 1330 1352 quod
1374 1282 1440 1338 ad
1485 1281 1737 1336 dilectum
1781 1295 1866 1333 so-

291 1378 566 1435 lummodo
615 1377 942 1446 respiceret,
989 1382 1043 1430 et
1083 1373 1224 1444 quod
1268 1379 1482 1443 propter
1509 1371 1655 1426 illum
1687 1369 1866 1424 omnia

291 1470 440 1540 pati,
484 1467 629 1523 omni
671 1467 939 1536 voluptate
975 1475 1029 1520 et
1069 1464 1272 1520 deliciis
1302 1463 1472 1530 majus
1512 1462 1862 1525 existimaret,

290 1561 432 1632 quod
459 1575 586 1616 sane
615 1574 798 1614 verum
841 1566 942 1612 est.
991 1555 1104 1612 Non
1151 1556 1293 1610 enim
1341 1554 1696 1608 arbitrabatur
1724 1568 1781 1606 se
1811 1553 1864 1604 in

290 1661 434 1708 terra
461 1666 600 1718 esse,
633 1650 714 1704 vel
757 1650 809 1703 in
841 1647 1087 1717 prmsenti
1112 1649 1218 1701 vita
1243 1645 1436 1716 degere
1459 1686 1473 1706 ,
1505 1645 1586 1699 vel
1617 1658 1734 1698 cum
1764 1643 1864 1695 ho-

291 1742 525 1796 minibus
552 1739 886 1804 conversari;
931 1736 1024 1792 sed
1065 1750 1126 1790 ac
1167 1737 1209 1791 si
1237 1735 1346 1805 jam
1373 1735 1637 1790 caelestem
1667 1742 1864 1786 sortem

289 1834 576 1899 obtineret,
604 1845 667 1885 ac
695 1845 815 1884 cum
845 1828 1050 1898 angelis
1079 1827 1316 1896 degeret,
1351 1840 1568 1894 regnum
1601 1823 1868 1892 acciperet

289 1935 345 1979 et
381 1923 514 1978 faeie
554 1921 620 1976 ad
670 1920 856 1975 faciem
903 1919 995 1974 illo
1040 1917 1348 1972 frueretur:
1381 1918 1458 1971 sic
1502 1923 1555 1971 et
1599 1914 1770 1968 dulcia
1811 1921 1868 1968 ct

290 2012 496 2078 tristia,
545 2025 664 2081 quae
693 2011 743 2064 in
774 2009 874 2064 hoc
900 2007 1098 2062 mundo
1119 2016 1281 2069 sunt,
1314 2005 1722 2072 contemnebat,
1751 2004 1869 2058 nul-

291 2105 504 2173 lamque
531 2099 731 2170 requiei
755 2100 896 2154 illius
917 2140 931 2165 ,
965 2114 1120 2166 quam
1165 2097 1376 2151 assidue
1403 2096 1746 2165 inquirimus,
1778 2109 1867 2148 ra-

293 2197 492 2250 tionem
523 2193 782 2260 habebat;
811 2191 904 2247 sed
927 2191 1188 2246 clamabat
1212 2189 1396 2244 dicens
1425 2207 1438 2242 :
1472 2187 1640 2256 Usque
1660 2189 1711 2242 iu
1740 2189 1868 2241 hanc

291 2288 470 2339 harant
492 2295 538 2339 et
557 2285 803 2340 esurimus
826 2324 842 2349 ,
870 2292 916 2336 et
941 2282 1134 2336 sitintus
1158 2322 1173 2349 ,
1206 2290 1250 2334 et
1279 2280 1400 2334 nudi
1423 2296 1597 2334 sumus
1617 2320 1631 2344 ,
1661 2289 1706 2333 et
1731 2280 1870 2332 cola-

294 2380 408 2449 phis
424 2378 682 2441 credimur,
705 2385 751 2430 et
779 2374 1034 2428 instabiles
1059 2389 1251 2440 sumus,
1283 2381 1328 2426 et
1353 2371 1634 2426 laboramus
1656 2387 1870 2441 operan-

292 2481 364 2524 tes
409 2469 636 2522 manibus
665 2466 848 2522 nostris
876 2481 896 2518 :
923 2465 1269 2520 ntaledicimur
1290 2475 1334 2518 et
1364 2463 1695 2517 benedicimus
1714 2505 1729 2528 ,
1755 2479 1872 2533 per-

291 2560 633 2630 sequutionem
673 2557 896 2626 patimur
923 2563 970 2610 et
999 2556 1333 2620 sustinemus,
1380 2555 1784 2624 blaspltemamur
1825 2562 1871 2608 et

292 2654 609 2706 obsecramus
637 2666 656 2703 :
681 2657 938 2719 tamquam
977 2656 1304 2719 purgamenta
1330 2647 1504 2700 mundi
1529 2645 1649 2715 facti
1675 2661 1866 2710 sumus,

293 2743 517 2796 omnium
559 2741 836 2811 pcripsema
893 2758 1055 2813 usque
1099 2739 1273 2793 adhuc
1314 2737 1388 2807 (l.
1417 2737 1533 2791 Cor.
1567 2737 1620 2792 4.
1659 2735 1865 2806 11-15).

294 2833 426 2888 Cum
469 2830 612 2886 enim
649 2829 816 2885 semel
862 2829 1044 2884 oculos
1088 2828 1280 2882 anima:
1329 2828 1385 2882 in
1423 2827 1607 2882 czelum
1643 2841 1880 2881 conver-

295 2925 484 2986 tissct,
529 2928 583 2976 et
624 2918 916 2975 caelestium
962 2917 1354 2988 pulchritudine
1402 2928 1587 2986 captus
1613 2925 1787 2982 esset,
1817 2917 1869 2970 in

294 3024 494 3068 terram
545 3011 738 3067 reverti
797 3026 904 3066 non
951 3009 1274 3075 sustinebat;
1331 3009 1422 3065 sed
1483 3011 1625 3064 velut
1672 3025 1874 3080 pauper

293 3105 507 3176 quidam
527 3112 580 3158 et
608 3104 780 3172 inops,
814 3103 869 3156 in
898 3101 1123 3156 obscura
1145 3110 1199 3156 et
1219 3103 1304 3156 vili
1330 3102 1642 3157 domuncula
1663 3118 1874 3172 semper

295 3195 532 3250 inclusus
559 3235 573 3260 ,
615 3193 660 3247 si
707 3207 887 3262 regem
929 3191 1105 3246 videat
1141 3206 1272 3246 auro
1297 3192 1465 3246 multo
1490 3201 1544 3247 et
1570 3192 1872 3262 lapillorum

293 3289 581 3358 splendore
610 3290 914 3362 fulgentem,
945 3305 1232 3361 numquam
1271 3289 1412 3345 volet
1440 3296 1621 3359 postea
1650 3289 1716 3342 de
1743 3303 1874 3358 pau-

294 3384 512 3450 percula
541 3383 700 3438 domo
740 3399 835 3439 sua
877 3384 1111 3454 cogitare
1131 3422 1145 3448 ,
1188 3382 1281 3436 sed
1313 3381 1440 3436 nihil
1470 3397 1573 3436 non
1600 3393 1720 3452 aget
1740 3391 1796 3434 ut
1821 3381 1874 3436 in

295 3475 441 3528 illam
464 3473 682 3530 domum
709 3491 766 3531 se
797 3474 1101 3536 transferat,
1132 3473 1179 3528 si
1203 3473 1318 3529 ﬁeri
1347 3474 1514 3542 possit
1546 3491 1558 3526 :
1589 3473 1664 3526 sic
1688 3473 1877 3528 beatus

297 3565 408 3628 ille,
439 3580 561 3620 cum
589 3566 823 3620 caelestia
855 3565 1078 3619 intuitus
1107 3573 1284 3631 esset,
1326 3563 1482 3632 hujus
1505 3563 1626 3617 vita:
1652 3578 1878 3633 pauper-

296 3665 459 3710 tatem
513 3657 837 3726 despiciebat
872 3676 885 3712 :
917 3667 969 3712 ct
1013 3673 1134 3712 cum
1183 3657 1483 3711 hominibus
1525 3655 1736 3726 quidem
1781 3671 1880 3725 pro

296 3749 620 3803 necessitate
649 3751 890 3818 corporis
919 3749 1267 3816 versobatur,
1311 3749 1376 3803 ad
1409 3749 1606 3803 nullam
1636 3763 1763 3803 vero
1787 3764 1877 3804 re-

296 3853 414 3892 rum
444 3839 777 3894 surcularium
800 3853 858 3894 se
875 3839 1240 3907 convertebat,
1267 3841 1359 3896 sed
1390 3854 1448 3895 se
1473 3848 1639 3895 totum
1664 3839 1715 3894 in
1737 3839 1878 3894 illam

294 3929 566 3983 civitatem
597 3928 970 3984 transferebat.

375 4018 527 4072 Pauli
549 4035 692 4073 amor
723 4019 1278 4090 vehemens.-~Ecquid
1301 4020 1485 4088 loquar
1511 4021 1578 4076 de
1606 4021 1881 4088 prmsentis

299 4111 421 4164 vita:
447 4111 734 4166 aerumnis?
763 4111 933 4166 Tanto
957 4112 1150 4181 quippe
1174 4111 1369 4166 Christi
1399 4125 1579 4166 amore
1606 4110 1879 4180 flagrabat,

298 4210 358 4255 ut
377 4201 420 4256 si
448 4199 783 4273 propositum
809 4201 906 4257 sibi
923 4200 1108 4256 fuisset
1128 4201 1452 4256 immortales
1481 4201 1600 4255 illos
1621 4203 1882 4256 cruciatus

299 4307 398 4362 pro
413 4291 622 4346 Christo
638 4291 836 4360 subire,
856 4307 921 4348 ne
936 4292 1036 4348 hoc
1050 4292 1260 4363 quidem
1275 4301 1589 4347 recusasset.
1612 4292 1724 4347 Non
1742 4292 1882 4346 enim

299 4384 746 4454 quemadmodum
767 4399 865 4441 nos
877 4385 1209 4453 mercenarii,
1229 4386 1312 4455 qui
1327 4384 1620 4456 gehennam
1637 4385 1884 4440 formida—

302 4488 423 4528 mus
444 4483 499 4529 et
524 4489 747 4544 regnum
769 4475 1213 4544 concupiscimus,
1237 4475 1314 4528 sic
1338 4475 1426 4529 ille
1454 4475 1664 4529 Christo
1680 4476 1884 4530 servie-

304 4560 396 4617 bat
417 4579 433 4629 ;
457 4563 548 4618 sed
564 4563 669 4619 alio
684 4563 840 4634 longe
855 4564 1220 4634 praestantiore
1237 4564 1574 4634 beatiorequc
1599 4579 1780 4620 amore
1799 4580 1888 4619 ca-

306 4663 446 4724 ptus,
490 4655 668 4709 omnia
702 4654 996 4725 patiebatur
1023 4663 1077 4710 et
1101 4654 1286 4726 agebat
1314 4655 1453 4709 nulla
1483 4655 1584 4709 alia
1608 4654 1676 4710 de
1704 4669 1883 4721 causa,

301 4760 462 4816 quam
480 4753 535 4799 ut
550 4745 718 4800 amori
734 4759 857 4815 erga
868 4745 1134 4800 Christum
1149 4759 1245 4799 suo
1261 4743 1617 4799 satisfaceret:
1638 4745 1723 4814 qui
1738 4759 1888 4799 amor

304 4835 441 4890 adeo
458 4844 688 4891 mentem
704 4838 819 4905 ejus
837 4836 1050 4900 vicerat,
1075 4843 1132 4890 ut
1150 4835 1291 4905 quod
1309 4836 1380 4889 illi
1395 4835 1567 4890 carius
1587 4844 1718 4896 erat.
1738 4851 1887 4889 nem-

305 4940 373 4995 pe
398 4941 518 4982 esse
545 4941 664 4981 cum
690 4925 924 4994 Christo,
945 4941 1040 4996 pro
1060 4940 1164 4996 quo
1188 4935 1240 4981 et
1263 4926 1556 4996 gehennam
1587 4934 1640 4982 et
1665 4942 1886 4997 regnum

303 5015 561 5070 cariorem
608 5016 960 5088 despiciebat,
1011 5015 1112 5071 hoc
1159 5017 1352 5086 ipsum,
1381 5016 1616 5086 inquam,
1659 5017 1888 5074 libenter

306 5105 608 5173 desereret,
654 5122 716 5162 ac
753 5115 967 5177 propter
1007 5105 1272 5162 Christum
1301 5107 1705 5163 inenarrabilem
1737 5108 1886 5162 illum

305 5197 540 5264 lapsum,
575 5197 724 5267 quasi
755 5213 868 5252 rem
894 5197 1349 5267 optabilissimam,
1381 5197 1540 5253 vellet
1563 5199 1805 5269 amplecu
1832 5205 1887 5252 et

303 5305 496 5359 magna
525 5305 645 5344 cum
675 5289 945 5345 alacritate
968 5290 1255 5358 suscipere.

379 5381 434 5437 8.
477 5382 546 5435 At
587 5380 813 5436 fortasse
840 5397 979 5436 nunc
1006 5381 1286 5436 obscurum
1327 5379 1508 5433 multis
1536 5379 1742 5434 videtur
1768 5393 1888 5436 esse

305 5474 451 5544 quod
480 5475 679 5529 dictum
717 5481 801 5530 est
828 5492 842 5528 :
889 5489 1010 5530 cum
1035 5483 1212 5529 autem
1241 5473 1291 5528 id
1326 5472 1518 5528 clarius
1545 5487 1883 5539 enarravero,

305 5577 437 5622 tunc
489 5565 801 5622 incredibile
848 5564 1113 5620 videbitur
1160 5563 1224 5618 iis
1268 5562 1434 5632 ipsis,
1503 5561 1692 5631 quibus
1733 5570 1887 5616 antea

313 5659 602 5714 obscurum
625 5665 759 5713 erat.
785 5656 1030 5726 Nihilque
1059 5655 1250 5710 ntirum
1270 5671 1283 5708 :
1306 5670 1426 5709 nam
1449 5654 1634 5708 beatus
1661 5655 1748 5710 ille
1768 5668 1888 5710 cum

376 5773 392 5803 ¹
421 5779 536 5832 Vox,
562 5775 684 5831 erat,
699 5776 748 5821 et
764 5767 885 5822 inira
907 5767 1072 5829 verba,
1095 5779 1242 5831 quare
1265 5763 1469 5828 diccbat,
1493 5765 1669 5816 desunt
1691 5766 1739 5818 in
1755 5766 1882 5818 Colb.

1135 344 1224 400 DE
1263 336 1804 401 COMPUNCTIOXE.
1847 335 1937 388 AD
1977 333 2398 402 DEMETRIUM,
2440 337 2567 394 LIB.
2607 339 2649 394 1.

3433 344 3536 401 406

1972 454 2073 511 sibi
2099 453 2254 510 [idem
2282 455 2422 511 circa
2449 454 2564 510 hmo
2590 471 2694 511 non
2723 455 3017 512 habendam
3042 471 3160 512 esse
3185 471 3537 530 exspectaret,

1970 544 2084 600 hzec
2110 547 2363 616 praemisit
2395 564 2408 601 :
2442 545 2711 600 Veritatem
2736 547 2847 602 dico
2872 547 2924 601 in
2947 545 3164 614 Christo,
3189 566 3289 604 non
3306 554 3537 620 mentior,

1971 641 2307 695 testimonium
2341 642 2464 695 mihi
2489 641 2776 712 perhibeute
2801 643 3101 697 conscientia
3133 661 3244 698 mea
3267 646 3318 699 in
3344 645 3542 717 Spiritu

1969 746 2143 789 sancto
2165 735 2340 808 (Rom.
2371 736 2424 792 9.
2451 736 2796 806 l).Attamen
2819 735 2899 790 his
2929 736 3146 805 adjectis
3167 738 3542 808 advocatisque

1970 827 2162 883 talibus
2181 827 2518 886 conscientia:
2544 843 2652 883 suae
2679 828 2919 892 testibus,
2947 831 3104 884 etiam
3132 846 3269 886 nunc
3294 847 3398 887 non
3425 848 3544 886 cre-

1969 917 2271 985 dilur.Quid
2293 918 2446 988 igitur
2467 919 2576 972 vult
2593 918 2808 973 dicere?
2825 919 2981 984 Audi.
2999 919 3280 990 Postquam
3299 923 3365 978 de
3385 923 3542 992 hujus

1972 1005 2155 1060 mundi
2188 1008 2438 1062 aerumnis
2463 1008 2709 1062 disseruit
2737 1023 2798 1064 ac
2822 1008 2954 1064 dixit
2985 1025 2998 1062 :
3026 1009 3148 1076 Quis
3173 1028 3263 1065 nos
3290 1016 3541 1084 separabit

1970 1115 2000 1151 a
2014 1100 2221 1153 caritate
2235 1099 2417 1154 Christi
2434 1101 2458 1154 Ζ)
2471 1100 2744 1167 tribulatio,
2761 1118 2826 1155 an
2843 1103 3095 1172 angustia,
3117 1119 3180 1156 an
3203 1106 3538 1174 persequutio,

1971 1207 2040 1244 an
2063 1193 2242 1260 fames,
2266 1211 2332 1246 an
2350 1194 2571 1255 auditas,
2592 1211 2657 1247 an
2676 1195 2975 1264 periculum,
2995 1212 3059 1249 an
3076 1195 3276 1266 gladius
3292 1191 3466 1266 '(Iiom.
3486 1197 3539 1251 8.

1969 1280 2055 1336 55.
2074 1281 2159 1336 58.
2177 1282 2294 1352 ‘59)?
2320 1292 2372 1338 et
2401 1284 2646 1340 omnibus
2671 1302 2786 1356 qute
2799 1287 2851 1342 in
2873 1294 3012 1342 terra
3038 1294 3160 1341 sunt
3181 1285 3476 1352 recensitis,
3493 1289 3543 1338 in

1970 1374 2156 1428 ca-lum
2179 1375 2414 1430 ascendit
2445 1394 2459 1432 :
2506 1386 2667 1447 utque
2693 1378 2952 1443 ostendat,
2986 1393 3089 1432 non
3122 1392 3366 1446 magnum
3393 1377 3544 1447 quid-

1970 1466 2108 1534 piam
2129 1483 2248 1522 esse
2271 1468 2427 1538 hujus
2453 1469 2574 1523 vita:
2605 1471 2876 1526 cruciatus
2910 1479 3125 1538 propter
3152 1469 3419 1523 Christum
3446 1469 3544 1524 de-

1969 1557 2194 1626 spicere,
2222 1559 2299 1612 sic
2327 1558 2486 1614 infert
2523 1576 2543 1613 τ
2583 1558 2758 1628 Neque
2780 1560 2965 1628 angeli,
3009 1576 3167 1628 neque
3201 1559 3542 1630 Principatus,

1970 1663 2128 1716 neque
2182 1647 2416 1714 Virtutes,
2463 1665 2621 1717 neque
2662 1650 2920 1712 instantia,
2963 1665 3120 1718 neque
3149 1652 3343 1719 futura,
3393 1666 3545 1720 neque

1971 1737 2208 1804 altitudo,
2241 1756 2398 1809 neque
2428 1741 2758 1810 profundum,
2793 1757 2948 1809 neque
2969 1751 3199 1795 creatura
3238 1743 3341 1796 alia
3367 1743 3548 1814 poterit

1972 1847 2063 1884 nos
2103 1847 2340 1901 separare
2378 1850 2410 1886 a
2451 1835 2661 1888 caritate
2705 1833 2819 1899 Dei,
2864 1851 2978 1903 qua:
3003 1845 3075 1889 est
3114 1836 3168 1889 in
3201 1835 3398 1889 Christo
3423 1835 3548 1889 Jesu

1975 1920 2200 1976 Domino
2230 1933 2420 1978 nostra.
2445 1924 2596 1992 Quod
2623 1935 2798 1980 autem
2826 1925 2954 1980 dicit
2981 1927 3083 1980 tale
3111 1935 3211 1982 est.
3239 1927 3351 1982 Non
3376 1927 3548 1981 solum

1975 2011 2220 2066 homines
2248 2029 2332 2068 me
2362 2029 2466 2068 non
2495 2023 2746 2085 poterunt
2775 2016 2843 2070 ab
2881 2015 2982 2070 hoc
3009 2031 3189 2071 amore
3217 2017 3544 2082 abstrahere,

1980 2102 2076 2156 sed
2101 2119 2270 2173 neque
2297 2104 2491 2173 angeli,
2543 2119 2713 2174 neque
2756 2107 2804 2160 si
2842 2121 3028 2161 omnes
3053 2107 3294 2162 caelestes
3320 2108 3550 2162 Virtutes

1975 2195 2027 2248 in
2059 2194 2160 2250 hoc
2192 2197 2582 2266 conspirarent,
2621 2197 2673 2252 id
2699 2197 2916 2254 efficere
2959 2209 3196 2268 possent.
3225 2200 3360 2267 Quid
3389 2201 3550 2254 dico?

1975 2301 2145 2356 neque
2171 2288 2214 2341 si
2239 2302 2270 2342 e
2299 2301 2464 2357 regno
2489 2288 2754 2354 excidere,
2786 2304 2958 2358 neque
2983 2290 3026 2344 si
3059 2289 3107 2342 in
3136 2289 3431 2359 gehennam
3465 2292 3548 2345 in-

1974 2378 2155 2432 cidere
2182 2391 2395 2448 propter
2421 2379 2689 2434 Christum
2711 2388 2996 2449 oporteret,
3047 2379 3098 2434 id
3139 2381 3263 2434 mihi
3291 2383 3544 2436 formida-

1975 2467 2079 2522 bile
2106 2476 2268 2522 esset.
2298 2467 2429 2522 Nam
2455 2468 2677 2523 altitudo
2706 2477 2757 2523 et
2787 2468 3124 2538 profundum,
3167 2471 3272 2525 vita
3298 2481 3351 2524 et
3380 2486 3545 2537 mors,

1976 2556 2102 2610 nihil
2151 2557 2291 2612 aliud
2331 2574 2488 2627 quam
2533 2558 2635 2612 hoc
2686 2558 2972 2614 declarant.
3023 2559 3076 2614 Id
3107 2562 3123 2591 ί
3153 2576 3278 2614 vero
3320 2561 3549 2627 diccbat,

1975 2664 2081 2702 non
2119 2649 2258 2720 quod
2286 2650 2459 2719 angeli
2493 2650 2740 2715 tentaturi
2765 2661 2944 2706 essent
2970 2651 3141 2721 ipsum
3168 2669 3197 2706 a
3223 2652 3434 2707 Christo
3463 2669 3552 2708 se-

1977 2757 2197 2811 parare;
2254 2743 2349 2798 sed
2378 2758 2440 2798 ea
2466 2760 2583 2815 qua:
2622 2759 2910 2814 numquam
2951 2746 3258 2814 contingere
3305 2757 3549 2814 possunt,

1977 2833 2140 2887 verbo
2191 2841 2348 2889 tenus
2387 2835 2654 2905 proponit,
2701 2843 2759 2889 ut
2795 2835 3210 2904 magnitudinem
3249 2840 3446 2894 amoris
3471 2852 3553 2893 snt

1975 2922 2266 2986 declarare,
2290 2924 2637 2996 minibusquc
2655 2925 2825 2994 palam
2845 2925 3019 2980 facere
3040 2927 3224 2996 possit.
3244 2927 3387 2981 Talis
3405 2942 3553 2981 nam-

1977 3026 2076 3080 que
2101 3013 2389 3067 amantium
2411 3027 2524 3068 mos
2549 3022 2631 3068 est
2660 3033 2673 3069 :
2705 3030 2809 3068 non
2837 3023 3055 3083 possunt
3075 3015 3285 3069 silentio
3311 3032 3549 3072 amorem

1975 3116 2129 3155 suum
2158 3110 2354 3172 tegere,
2381 3103 2472 3157 sed
2500 3103 2844 3159 familiaribus
2868 3105 3114 3159 omnibus
3136 3105 3399 3161 flammam
3427 3107 3554 3163 cll'e-

1979 3199 2121 3257 runt,
2169 3202 2226 3246 ttt
2265 3192 2572 3248 assiduitate
2609 3195 2857 3250 narrandi
2898 3198 3132 3251 animum
3178 3198 3443 3252 desiderio
3473 3199 3555 3253 in-

1977 3283 2120 3351 genti
2151 3283 2458 3354 ﬂagrantem
2503 3285 2745 3355 mitigent
2795 3300 2857 3341 ac
2900 3297 3161 3342 recreent.
3200 3288 3351 3354 Quod
3381 3289 3552 3358 ipsum

1981 3381 2106 3429 tunc
2132 3374 2256 3430 fecit
2281 3375 2464 3432 beatus
2495 3377 2602 3444 ille,
2638 3377 2923 3448 omniaque
2952 3394 3197 3435 sermone
3221 3383 3548 3451 complexus,

1979 3468 2280 3536 praesentia,
2319 3469 2514 3536 futura,
2548 3470 2834 3538 praeterita,
2867 3486 2984 3541 qua)
3027 3488 3312 3542 numquam
3339 3473 3550 3528 contin-

1980 3573 2106 3628 gere
2135 3569 2398 3630 poterant,
2429 3562 2654 3617 visibilia
2683 3572 2736 3618 et
2761 3564 3063 3632 invisibilia,
3101 3581 3313 3621 omnem
3341 3569 3550 3622 crucia-

1983 3659 2115 3718 tum,
2146 3668 2356 3707 onmem
2375 3653 2637 3722 quietem;
2668 3655 2817 3724 quasi
2849 3655 2962 3709 haec
2987 3671 3093 3710 non
3121 3656 3222 3710 sibi
3251 3657 3557 3712 sufficerent

1982 3739 2048 3794 ad
2093 3741 2338 3796 affectum
2373 3757 2525 3797 suum
2571 3744 2966 3810 declarandum,
3011 3755 3286 3815 postquam
3339 3758 3415 3801 tot
3453 3749 3555 3801 alia

1983 3846 2089 3885 non
2120 3832 2427 3887 exsistentia
2456 3835 2733 3903 supposuit
2758 3845 2810 3889 et
2831 3837 3018 3889 extulit
3049 3836 3190 3905 (nam
3220 3838 3367 3902 illud,
3410 3855 3554 3891 crea-

1985 3933 2098 3976 tura
2131 3924 2254 3989 atia,
2303 3924 2370 3979 de
2416 3941 2521 3979 non
2565 3926 2945 3981 exsistcntibus
2973 3927 3225 3996 dicitur);
3269 3929 3344 3982 sic
3382 3929 3557 4001 intulit

1983 4017 2270 4072 ostendens
2299 4017 2427 4071 nihil
2453 4033 2611 4087 supra
2639 4018 2902 4073 dictorum
2933 4034 3090 4088 posse
3125 4034 3222 4074 nos
3245 4033 3491 4088 separare
3527 4037 3555 4073 a

1984 4108 2203 4164 caritate
2235 4109 2345 4175 Dei,
2373 4126 2490 4179 qua:
2518 4118 2599 4164 est
2624 4110 2676 4164 in
2697 4110 2908 4166 Christo
2941 4110 3068 4166 Jesu
3100 4111 3324 4165 Domino
3351 4121 3555 4166 nostro.

1985 4198 2053 4252 Et
2074 4199 2160 4253 ille
2182 4200 2390 4268 quidem
2418 4214 2651 4255 amorem
2680 4215 2832 4256 suum
2861 4202 2911 4255 in
2955 4211 3150 4256 tantam
3181 4203 3556 4257 sublimitatem

1985 4289 2214 4344 extulit:
2248 4305 2344 4345 nos
2369 4299 2569 4358 autem,
2615 4292 2704 4361 qui
2742 4291 2873 4362 jussi
2912 4307 3092 4348 sumus
3125 4294 3240 4362 ejus
3268 4295 3559 4351 imitatores

1985 4394 2125 4443 esse,
2161 4395 2227 4434 ne
2255 4380 2374 4434 vita:
2399 4379 2610 4449 quidem
2640 4381 2795 4450 hujus
2823 4397 3088 4437 terumnas
3135 4382 3290 4438 facile
3317 4384 3554 4446 ferimus,

1987 4472 2082 4527 sed
2105 4488 2208 4526 non
2236 4472 2429 4537 minus,
2448 4487 2603 4542 quam
2622 4472 2999 4535 febricitantes,
3024 4489 3329 4538 mmremus,
3349 4484 3401 4527 et
3419 4475 3556 4527 indi-

1988 4579 2228 4632 gnamur.
2253 4561 2384 4617 Nam
2412 4562 2597 4629 longus
2630 4560 2716 4615 hic
2742 4561 2979 4627 morbus,
3009 4561 3096 4631 qui
3123 4561 3325 4616 animas
3352 4573 3558 4618 nostras

1988 4654 2282 4723 occupavit,
2300 4652 2642 4706 diuturnitate
2664 4650 2966 4705 insanabilis
2991 4651 3178 4714 evasit,
3204 4661 3259 4705 ut
3281 4651 3348 4704 ita
3365 4651 3555 4715 dicam,

1988 4761 2051 4800 ac
2076 4745 2361 4815 perfectam
2391 4743 2748 4798 valetudinem
2779 4756 2846 4797 ne
2874 4742 3106 4810 cogitare
3130 4741 3344 4810 quidem
3371 4757 3556 4810 possu-

1988 4851 2110 4890 mus
2139 4853 2152 4889 :
2185 4836 2294 4889 imo
2323 4835 2481 4890 etiam
2509 4833 2664 4889 nobis
2689 4849 2751 4889 ea
2778 4849 2883 4888 non
2908 4833 3043 4888 ultra
3073 4835 3375 4904 recuperari
3403 4849 3559 4904 posse

1987 4924 2214 4979 videtur.
2267 4925 2323 4980 Si
2367 4938 2496 4979 vero
2529 4924 2831 4994 quempiam
2877 4923 3153 4978 audiamus
3193 4925 3464 4994 apostolos
3509 4926 3560 4979 in

1989 5015 2220 5070 medium
2249 5015 2628 5084 proferenlem,
2657 5025 2712 5070 et
2738 5030 2920 5070 eorum
2946 5015 3196 5084 praeclara
3236 5029 3396 5085 opera
3437 5031 3562 5069 nar-

1987 5120 2218 5176 rantem,
2263 5125 2382 5164 cum
2411 5111 2587 5170 statim
2627 5110 2807 5188 lugere
2835 5109 3177 5176 deberemus,
3229 5108 3368 5179 quod
3395 5124 3564 5177 usque

1989 5201 2124 5257 adeo
2154 5202 2254 5256 illis
2281 5200 2560 5256 inferiores
2577 5201 2764 5267 simus,
2799 5214 2867 5255 ne
2896 5208 3166 5269 peccatum
3193 5199 3405 5270 quidem
3445 5214 3562 5252 eam

1989 5309 2103 5348 rem
2136 5307 2256 5348 esse
2285 5302 2546 5363 putamus,
2571 5293 2666 5348 sed
2691 5292 2843 5363 quasi
2872 5307 2977 5348 non
3005 5291 3172 5362 possit
3197 5292 3408 5346 culmen
3437 5291 3562 5343 illud

1988 5383 2195 5454 attingi,
2240 5385 2310 5437 ita
2351 5383 2576 5439 remisse
2611 5383 2874 5453 degimus.
2917 5381 2976 5438 Si
3011 5382 3129 5453 quis
3157 5395 3369 5436 causam
3399 5388 3563 5450 ροιιιι,

1991 5477 2168 5530 Statim
2203 5476 2434 5545 ineptam
2479 5475 2614 5530 hanc
2639 5474 3040 5530 excusationem
3077 5472 3439 5544 proferimus:
3472 5469 3566 5524 llic

1993 5565 2186 5622 Paulus
2213 5573 2350 5631 erat,
2396 5565 2485 5620 ille
2515 5565 2721 5630 Petrus,
2756 5565 2844 5620 ille
2871 5564 3122 5620 Joannes.
3165 5563 3301 5631 Quid
3331 5561 3428 5616 sibi
3457 5559 3565 5614 vult

1993 5656 2140 5722 illud,
2170 5655 2262 5711 llle
2287 5657 2482 5714 Paulus
2505 5665 2641 5724 erat,
2693 5655 2784 5710 ille
2810 5655 2996 5710 Petrus
3024 5655 3176 5710 erat?
3224 5655 3434 5714 Annon,
3479 5647 3564 5701 die

2057 5769 2073 5798 ⁸
2109 5765 2261 5818 Colb..
2308 5757 2428 5816 nihil
2451 5763 2588 5814 aliud
2611 5776 2753 5826 quant
2777 5762 2877 5814 hrc
2896 5769 3000 5813 sunt
3028 5800 3039 5812 .
3066 5771 3131 5812 Ea
3155 5755 3287 5819 vero;
3314 5765 3410 5808 etc.
