4124 6144
635 349 735 406 ιογ

631 467 779 529 mihi,
827 461 1062 533 ejusdem
1113 461 1185 515 illi
1230 468 1432 512 natura:
1460 467 1735 514 consortes
1783 455 1976 511 erant?
2022 469 2200 509 annon

628 550 813 609 eadem
845 555 927 607 via
972 552 1024 605 in
1064 550 1200 605 hanc
1235 550 1395 603 vitam
1424 547 1769 618 prodierant?
1797 562 1972 601 annon
2012 547 2200 602 iisdem

629 646 760 699 cibis
806 642 991 698 nutriti
1021 640 1278 696 fuerant?
1306 655 1495 694 annon
1538 639 1783 694 emndem
1811 638 2202 708 respiraverant

627 735 850 790 aerem?
875 748 1053 788 nonne
1091 732 1278 787 iisdem
1318 731 1478 785 rebus
1505 730 1827 785 utebantur?
1873 744 2052 784 nonne
2077 730 2199 800 qui-

625 827 747 880 dam
772 827 1004 896 ipsorum
1035 838 1230 880 uxores
1252 823 1511 878 duxerant
1537 832 1592 878 et
1618 822 1817 878 liberos
1855 830 2201 890 susceperant

623 916 715 970 alii
744 932 873 970 vero
905 924 1052 970 artes
1080 915 1360 969 saaeulares
1386 913 1725 979 exercebant,
1778 912 1866 967 alii
1902 911 2114 967 demum
2148 913 2197 967 in

625 1008 799 1077 ipsum
815 1007 1064 1077 nequitiae
1084 1006 1387 1061 barathrum
1405 1005 1607 1074 delapsi
1631 1005 1878 1060 fuerant?
1898 1014 1965 1060 At
1987 1021 2193 1075 magna,

624 1099 853 1169 inquies,
883 1097 1194 1153 fruebantur
1215 1098 1308 1153 Dei
1332 1098 1518 1167 gratia.
1541 1096 1650 1153 Sed
1676 1098 1720 1152 si
1744 1097 1957 1167 quidem
1979 1096 2198 1167 jubere-

623 1205 749 1244 mur
791 1198 1030 1245 mortuos
1093 1191 1373 1256 suscitare,
1427 1204 1689 1245 caecorum
1735 1190 1919 1245 oculos
1965 1190 2194 1259 aperire,

626 1282 865 1350 leprosos
894 1282 1170 1347 mundare,
1194 1282 1410 1337 claudos
1429 1282 1652 1351 erigere,
1684 1281 1955 1337 daemones
1981 1282 2193 1352 ejicere,

625 1372 867 1442 aliosque
887 1371 1088 1426 similes
1107 1372 1323 1427 morbos
1336 1386 1543 1436 sanare,
1571 1380 1870 1441 opportune
1888 1381 2066 1441 posset
2084 1372 2198 1427 hare

624 1466 896 1516 excusatio
922 1460 1147 1531 proferri
1181 1479 1195 1515 :
1234 1462 1315 1516 sin
1342 1469 1588 1517 accurata
1617 1463 1737 1517 vitae
1766 1464 1901 1516 ratio
1930 1478 2195 1533 propona-

624 1565 711 1608 tur
744 1564 799 1610 et
823 1555 1183 1625 obsequentia:
1226 1554 1501 1617 exbibitio,
1530 1569 1646 1624 qua:
1675 1556 2018 1609 consonantia
2059 1556 2198 1609 inter

625 1645 726 1698 hoc
754 1655 808 1699 et
837 1646 1002 1700 illud?

694 1737 760 1791 In
790 1738 1034 1807 baptismo
1063 1736 1278 1807 gratiam
1308 1745 1353 1790 et
1376 1735 1624 1806 Spiritum
1650 1745 1877 1789 sarctum
1905 1737 2192 1805 recipimus.

622 1858 692 1868 -——
710 1830 916 1883 Etenim
946 1839 1001 1882 tu
1027 1830 1183 1883 etiam
1217 1828 1268 1880 in
1297 1827 1558 1895 baptismo
1575 1826 1750 1881 divina
1780 1827 1977 1896 potitus
2001 1844 2058 1882 es
2076 1843 2196 1897 gra-

622 1920 693 1972 tia
715 1959 729 1983 ,
760 1934 822 1974 ac
848 1919 1063 1988 spiritus
1084 1918 1346 1988 particeps
1370 1915 1551 1983 fuisti,
1581 1917 1790 1972 etiamsi
1822 1933 1927 1971 non
1953 1927 2011 1972 ut
2038 1918 2188 1987 signa

622 2014 808 2070 ederes
831 2056 844 2079 ,
875 2014 968 2070 sed
993 2025 1247 2085 quantum
1267 2014 1395 2068 satis
1421 2021 1537 2068 erat
1560 2011 1627 2066 ad
1652 2022 1855 2066 rectum
1897 2019 1953 2065 et
1979 2024 2196 2065 accura-

622 2117 733 2160 tum
760 2107 882 2161 vitae
910 2106 1208 2161 institutum
1234 2122 1246 2160 :
1271 2105 1342 2159 ita
1372 2114 1430 2158 ut
1452 2103 1717 2172 pernicies
1744 2117 1811 2156 ex
1839 2100 1953 2156 sola
1972 2099 2195 2170 segnitie

623 2208 803 2255 nostra
828 2199 1099 2268 procedat.
1132 2197 1272 2253 Sane
1296 2197 1543 2253 Christus
1573 2196 1732 2251 indie
1763 2194 1859 2250 illa
1895 2211 2005 2265 non
2045 2196 2193 2266 signa

622 2292 900 2347 edentibus
930 2291 1242 2361 simpliciter
1283 2305 1503 2346 munera
1532 2289 1660 2355 dat,
1703 2288 1795 2344 sed
1836 2290 1902 2344 iis
1926 2288 2014 2358 qui
2045 2303 2194 2343 man-

622 2383 743 2437 data
769 2398 862 2438 sua
890 2392 1014 2437 sunt
1042 2382 1350 2452 exsequuti:
1382 2397 1502 2435 nam
1528 2423 1544 2447 ,
1584 2380 1756 2436 Venite
1777 2422 1792 2445 ,
1825 2381 2014 2449 inquit,
2044 2381 2192 2434 benc-

626 2475 749 2529 dicti
779 2475 949 2530 Patris
971 2475 1103 2541 mei,
1147 2474 1395 2545 possidete
1420 2483 1760 2544 prteparatum
1785 2471 1918 2526 vobis
1937 2488 2144 2543 regnum
2163 2488 2195 2524 a

626 2567 978 2621 constitutione
1000 2565 1175 2619 mundi
1198 2605 1213 2630 ,
1242 2579 1350 2619 non
1377 2564 1498 2633 quia
1524 2562 1780 2617 miracula
1809 2562 2071 2626 cdidistis,
2100 2561 2195 2617 sed

623 2661 743 2729 quia
768 2660 948 2713 esurioi
975 2700 990 2722 ,
1016 2667 1063 2713 et
1086 2658 1293 2712 dedistis
1319 2657 1446 2709 mihi
1470 2656 1815 2720 manducare;
1841 2655 1973 2708 sitivi
1994 2695 2010 2721 ,
2038 2664 2086 2708 et
2109 2655 2197 2708 de-

622 2751 768 2804 distis
795 2750 919 2803 mihi
946 2750 1151 2813 bibere;
1177 2749 1358 2818 hospes
1397 2763 1553 2814 erant,
1577 2756 1624 2801 et
1647 2747 1916 2817 collegistis
1941 2762 2020 2800 me
2046 2763 2065 2810 ;
2093 2762 2193 2799 nu-

624 2840 742 2906 dus,
773 2849 820 2894 et
843 2840 1108 2910 operuistis
1132 2855 1248 2906 me;
1268 2839 1498 2906 inﬁrmus
1527 2838 1605 2908 fui
1628 2878 1642 2902 ,
1674 2847 1721 2890 et
1739 2837 1976 2891 oisitastis
1999 2853 2078 2891 me
2100 2851 2118 2899 ;
2143 2837 2195 2890 in

622 2950 821 2989 carcere
840 2950 995 2999 erant,
1014 2941 1061 2988 et
1084 2934 1285 2988 venistis
1312 2932 1380 2986 ad
1400 2947 1478 2985 me
1526 2931 1546 3001 (
1576 2929 1760 2985 Matth.
1782 2929 1873 2985 25.
1897 2931 1966 2985 54
1986 2928 2025 3000 ).
2048 2931 2116 2985 Ει
2142 2931 2192 2983 iu

624 3024 1040 3083 beatitudiuibus
1078 3038 1337 3094 nusquam
1383 3024 1533 3093 signa
1558 3029 1840 3092 operantes
1868 3022 2057 3090 ponit,
2099 3021 2193 3076 sed

625 3118 714 3187 qui
742 3116 902 3171 vitam
928 3115 1095 3189 probe
1114 3115 1332 3170 ducunt.

697 3208 750 3264 9.
779 3209 1099 3279 ltaquelieet
1121 3207 1209 3262 illa
1231 3208 1398 3278 gratia
1429 3222 1570 3263 nunc
1599 3214 1870 3262 contracta
1894 3206 1963 3261 sit
1994 3247 2008 3273 ,
2043 3206 2094 3260 id
2123 3207 2195 3260 ni-

626 3303 700 3357 hil
720 3303 871 3357 nobis
887 3301 1124 3356 nocebit:
1151 3315 1323 3370 neque
1346 3300 1470 3355 inde
1490 3313 1587 3354 nos
1610 3313 1864 3353 excusare
1878 3297 2190 3368 poterimus,

623 3393 833 3464 quando
858 3391 1150 3448 facinorum
1180 3400 1482 3447 nostrorum
1510 3391 1769 3445 rationem
1812 3389 2074 3444 dabimus.
2120 3388 2197 3444 Si-

624 3484 838 3554 quidem
865 3484 1051 3538 beatos
1071 3481 1192 3536 illos
1219 3497 1323 3537 non
1361 3482 1430 3538 ob
1471 3482 1620 3553 signa
1648 3480 1937 3535 miramur:
1969 3495 2088 3534 nam
2108 3480 2193 3534 illa

625 3574 694 3630 ad
719 3575 951 3628 divinam
988 3588 1207 3642 prorsus
1241 3574 1533 3643 potentiam
1568 3573 1586 3604 ί
1619 3573 1903 3642 pertinent,
1942 3571 2034 3625 sed
2054 3572 2193 3640 quo-.l

625 3666 785 3720 vitam
798 3664 1088 3734 angelicam
1111 3662 1447 3719 exhibuerint
1469 3679 1481 3715 :
1504 3663 1604 3717 hoc
1629 3670 1804 3717 autem
1827 3676 1946 3716 eum
1964 3675 2196 3729 superno

628 3766 778 3823 nutu,
809 3757 967 3811 etiam
1008 3755 1215 3809 illorum
1244 3753 1499 3824 propositi
1528 3768 1661 3822 opus
1697 3761 1798 3808 est.
1850 3753 1919 3807 Et
1944 3752 2047 3807 hoc
2085 3767 2193 3807 non

626 3865 725 3920 ego
749 3849 891 3915 dico,
918 3847 1009 3903 sed
1052 3848 1096 3902 is
1123 3850 1236 3917 ipse
1262 3846 1459 3901 Christi
1505 3845 1755 3901 imitator.
1805 3845 2028 3913 Quando
2053 3846 2195 3900 enim

628 3941 900 4011 discipulis
924 3939 1166 3994 scribens
1192 3948 1378 3993 contra
1405 3936 1876 4007 pseudoapostolos
1904 3937 2195 3992 contende-

625 4031 711 4085 hat
741 4070 757 4096 ,
787 4037 843 4085 ut
870 4029 1155 4085 discrimen
1186 4029 1323 4082 inter
1344 4027 1619 4097 probatum
1666 4034 1720 4082 et
1766 4027 2062 4095 improbum
2091 4027 2194 4080 mi~

629 4121 904 4174 uisterium
932 4119 1249 4184 declararet,
1281 4132 1387 4171 non
1410 4132 1437 4170 a
1463 4117 1627 4187 signis
1651 4158 1664 4183 ,
1706 4116 1799 4171 sed
1839 4116 1905 4172 ab
1943 4117 2195 4185 operibus

626 4211 675 4265 id
705 4210 927 4265 faciebat
955 4211 1038 4264 his
1063 4209 1238 4264 verbis
1268 4228 1282 4264 :
1315 4208 1539 4263 Ministri
1565 4209 1750 4264 Christi
1780 4217 1892 4263 sunt
1912 4210 2007 4263 ?‘ut
2029 4210 2195 4264 minus

626 4303 824 4373 sapiens
844 4301 977 4368 dico,
1009 4303 1124 4373 plus
1144 4317 1235 4372 ego
1263 4317 1281 4355 :
1304 4302 1358 4356 in
1386 4300 1640 4356 laboribus
1661 4301 1912 4373 plurimis,
1944 4301 1995 4356 in
2018 4317 2193 4356 carce-

624 4392 760 4449 ribus
783 4392 1138 4458 abundantius,
1168 4393 1223 4446 in
1253 4392 1416 4464 plagis
1439 4409 1595 4463 supra
1618 4393 1846 4460 modum,
1875 4393 1928 4446 in
1957 4393 2196 4446 mortibus

625 4489 908 4555 frequenter
934 4500 953 4538 :
973 4501 1005 4538 a
1026 4483 1222 4538 ludatis
1243 4485 1504 4556 quinquies
1531 4484 1881 4554 quadragenas
1906 4501 2007 4537 una
2028 4485 2195 4538 minus

623 4577 810 4647 accepi,
841 4586 915 4630 ter
941 4576 1093 4647 virgis
1113 4593 1273 4631 caesus
1296 4593 1410 4631 sunt
1434 4618 1448 4644 ,
1473 4577 1624 4630 semel
1652 4564 1909 4646 lapidatus
1933 4594 2042 4631 sum
2076 4619 2090 4642 ,
2123 4587 2197 4632 ter

624 4667 949 4738 naufragium
974 4667 1069 4737 feci
1093 4706 1108 4731 ,
1137 4677 1282 4722 nocte
1304 4675 1349 4720 et
1370 4667 1451 4720 die
1469 4667 1522 4720 in
1544 4667 1799 4738 profundo
1826 4669 1980 4721 maris
2002 4668 2076 4739 fui
2098 4683 2116 4720 :
2140 4669 2193 4722 in

622 4758 880 4811 itineribus
906 4760 1191 4827 frequenter
1213 4798 1227 4823 ,
1252 4757 1486 4827 periculis
1520 4759 1788 4828 fluminum
1811 4800 1830 4827 ,
1863 4759 2095 4827 periculis
2120 4759 2192 4812 la-

628 4856 847 4910 tronum,
872 4846 1107 4915 periculis
1132 4863 1195 4900 ea:
1215 4863 1411 4917 genere,
1433 4848 1670 4917 periculis
1689 4864 1752 4903 ea:
1769 4848 1999 4920 gentibus
2029 4890 2042 4911 ,
2072 4850 2198 4919 peri-

619 4937 749 4990 culis
774 4936 828 4989 in
868 4936 1066 4989 civitate
1090 4977 1104 5002 ,
1148 4937 1380 5006 periculis
1416 4939 1470 4992 in
1514 4941 1783 4995 solitudine
1806 4982 1821 5006 ,
1870 4943 2105 5011 periculis
2144 4943 2196 4996 in

626 5027 773 5089 mari,
800 5025 1032 5094 periculis
1052 5026 1104 5079 in
1130 5026 1275 5096 falsis
1302 5028 1540 5097 fratribus
1560 5045 1581 5083 :
1607 5031 1658 5084 in
1683 5030 1851 5085 labore
1873 5042 1919 5086 et
1948 5048 2192 5098 wrumna,

630 5115 684 5166 in
710 5115 895 5184 vigiliis
934 5119 1250 5184 frequenter,
1280 5116 1334 5168 in
1358 5120 1493 5186 fame
1530 5128 1577 5172 et
1604 5120 1689 5172 siti
1715 5161 1730 5184 ,
1766 5121 1817 5173 in
1851 5122 2065 5191 jejuniis
2093 5123 2194 5189 fre—

623 5214 859 5271 quenter,
890 5204 944 5258 in
985 5205 1173 5275 frigore
1195 5213 1243 5258 et
1263 5205 1509 5259 nuditate.
1535 5205 1732 5262 Prester
1754 5209 1846 5262 illa
1873 5226 1985 5277 quae
2004 5212 2194 5265 extrin-

624 5310 768 5349 secus
785 5305 918 5360 sunt,
937 5295 1178 5349 instantia
1198 5313 1307 5350 mea
1325 5297 1639 5367 quotidiana,
1662 5300 1945 5355 sollicitudo
1970 5305 2192 5358 omnium

637 5384 998 5440 licclesiarum.
1032 5386 1156 5454 Quis
1195 5388 1521 5456 inﬁrmatur,
1553 5399 1601 5444 et
1643 5406 1733 5462 ego
1774 5408 1874 5446 non
1912 5393 2144 5462 inﬁrmor
2168 5397 2193 5449 ?

623 5480 734 5542 quis
753 5479 1147 5548 scandalizatur,
1170 5490 1218 5536 et
1228 5496 1319 5551 ego
1342 5497 1441 5541 non
1465 5498 1585 5536 uror
1610 5482 1683 5555 (Ξ.
1708 5484 1825 5539 Cor.
1851 5486 1936 5541 11.
1959 5487 2191 5559 23-29)?

635 5568 754 5654 Ideo
780 5582 879 5640 ego
907 5572 1179 5639 apostolos
1204 5571 1458 5643 admiror,
1489 5581 1670 5645 utpote
1699 5576 1785 5645 qui
1814 5576 1927 5634 sine
1941 5580 2189 5649 operibus

686 5746 704 5778 ¹
728 5747 937 5811 Quidam,
953 5749 1175 5816 gratiam.

1336 347 1392 402 S.
1431 343 1708 401 JUANNIS
1745 341 2210 400 CHRYSOSTOMI
2250 342 2559 400 ARCIIIEP.
2602 348 3123 412 CONSTANTINOP.

3768 370 3874 426 ιοε

2311 472 2407 526 per
2423 458 2870 530 dispensationem
2884 469 3161 537 quamdam
3192 470 3338 543 signa
3365 474 3618 533 exhibere
3636 486 3877 539 concessi

2308 557 2452 639 sunt,
2481 565 2583 604 non
2612 553 2769 608 modo
2798 569 2900 609 non
2926 557 3263 616 admirabiles
3293 602 3307 627 ,
3336 564 3431 619 sed
3462 567 3622 621 etiam
3656 571 3875 639 reprobi

2308 636 2504 694 fuerint
2529 683 2544 706 ,
2575 653 2632 697 ut
2654 643 2889 701 declarat
2912 646 3153 705 Christus
3175 651 3259 708 his
3280 655 3454 710 verbis
3483 675 3497 711 :
3527 656 3680 713 Multi
3704 636 3873 717 dicent

2307 730 2431 783 mihi
2464 733 2515 785 in
2546 732 2628 787 die
2659 736 2751 789 illa
2774 777 2788 803 ,
2813 736 3029 793 Domine
3058 781 3073 804 ,
3121 740 3338 797 Domine
3365 785 3379 809 ,
3407 762 3573 801 nonne
3598 750 3652 802 in
3677 753 3881 808 nomine

2306 834 2390 876 tuo
2411 826 2831 894 prop/:etavimus,
2853 840 2901 885 et
2931 832 2983 886 in
3009 833 3209 889 nomine
3231 843 3315 888 tuo
3342 836 3588 893 daemonia
3614 842 3875 911 ejecimus,

2305 926 2352 969 et
2379 918 2430 970 in
2460 920 2660 974 nomine
2700 931 2784 975 tuo
2834 924 3040 979 uirtutes
3078 926 3262 981 multas
3309 929 3519 999 fecimus
3545 930 3571 984 .’
3617 932 3686 986 Et
3709 934 3877 989 dicam

2303 1008 2445 1061 illis:
2470 1008 2699 1064 Recedite
2725 1028 2756 1064 a
2778 1027 2855 1066 me
2881 1029 3053 1069 omnes
3092 1016 3180 1085 qui
3203 1020 3483 1087 operamini
3509 1021 3829 1090 iniquitatem
3858 1043 3878 1090 ;

2304 1112 2574 1167 numquam
2604 1103 2717 1154 navi
2744 1117 2830 1157 vos
2857 1102 3066 1175 (Matth.
3086 1108 3138 1160 7.
3158 1106 3249 1160 22.
3275 1108 3387 1180 ‘25).
3422 1110 3622 1168 Idcirco
3644 1114 3880 1185 discipu-

2304 1188 2382 1241 los
2411 1189 2487 1243 sie
2526 1192 2771 1247 monebat
2799 1210 2810 1244 :
2867 1193 3044 1250 Nolite
3067 1196 3290 1266 gaudere
3315 1200 3433 1268 quia
3461 1202 3710 1257 daemonia
3738 1207 3882 1260 vobis

2302 1279 2655 1349 subjiciuntur,
2683 1282 2771 1335 sed
2797 1284 2916 1353 quia
2942 1286 3147 1339 nomina
3162 1297 3323 1341 uestra
3343 1289 3530 1359 scripta
3550 1303 3665 1346 sunt
3690 1293 3743 1347 in
3770 1308 3877 1348 cc-

2303 1370 2364 1422 lis
2385 1369 2536 1442 (Luc.
2569 1372 2659 1429 10.
2691 1373 2803 1444 20).
2821 1373 2938 1429 Vita
2957 1376 3096 1430 enim
3122 1378 3286 1445 proba
3303 1379 3461 1433 etiam
3490 1380 3875 1449 illisdestituta,

2301 1475 2526 1516 coronas
2556 1463 2776 1533 accipiet
2801 1504 2817 1531 ,
2866 1481 2962 1520 nec
2989 1466 3255 1538 quidpiam
3286 1469 3460 1526 minus
3485 1471 3701 1527 habebit
3725 1475 3871 1543 quod

2302 1552 2402 1606 illis
2430 1563 2645 1610 careat:
2688 1557 2794 1611 vita
2822 1567 2999 1614 autem
3018 1560 3194 1630 iniqua
3219 1576 3284 1617 ne
3309 1577 3431 1616 cum
3458 1563 3623 1633 signis
3650 1565 3871 1633 quidem

2300 1645 2614 1714 Supplicium
2645 1647 2876 1718 effugere
2910 1651 3124 1720 poterit.
3155 1650 3337 1722 Itaque
3360 1668 3751 1722 supervacanea
3794 1665 3880 1711 est

2302 1737 2385 1792 illa
2418 1738 2662 1808 loquendi
2698 1742 2875 1806 ratio;
2928 1758 3025 1798 nec
3068 1753 3266 1802 tantmn
3295 1761 3685 1815 supervacanea
3714 1789 3729 1816 ,
3780 1748 3877 1803 sed

2299 1829 2458 1883 etiam
2487 1831 2803 1900 periculosa,
2833 1849 2950 1903 qua:
2967 1836 3146 1892 multis
3172 1836 3544 1893 hteretieorutn
3568 1853 3727 1894 ansas
3742 1857 3881 1910 pra:-

2299 1919 2430 1974 bere
2487 1922 2671 1990 possit.
2711 1922 2840 1977 Nam
2890 1924 2935 1978 si
2982 1924 3059 1979 illi
3104 1941 3208 1980 non
3259 1942 3322 1981 ex
3355 1929 3629 1997 preposito
3669 1944 3769 1985 suo
3801 1930 3881 1987 sic

2300 2013 2570 2068 mirabiles
2597 2017 2908 2083 evasissent,
2942 2016 3034 2070 sed
3058 2033 3150 2089 per
3175 2016 3371 2072 Christi
3392 2022 3617 2089 gratiam
3640 2029 3874 2083 tantum,

2301 2033 2570 2068 mtraunes
2597 2033 2908 2083 cvaSIssent,
2942 2033 3034 2070 sea
3092 2033 3150 2070 er
3175 2033 3371 2072 banSll
3392 2033 3617 2089 grauam
3640 2033 3762 2073 tann

2301 2103 2425 2172 quid
2453 2103 2706 2174 impediat
2731 2109 3013 2175 quominus
3041 2033 3227 2163 03mm
3255 2109 3386 2164 tales
3412 2109 3711 2165 efﬁciantur
3736 2115 3762 2163 ζ’

2372 2193 2549 2250 Gratia
2586 2212 2788 2267 cperam
2832 2207 3054 2251 nostram
3081 2200 3301 2269 requirit.
3327 2229 3397 2241 —
3420 2200 3600 2257 Gratia
3635 2217 3873 2272 namque

2299 2287 2400 2343 nisi
2444 2303 2659 2358 operam
2689 2296 2923 2343 nostram
2962 2290 3108 2359 prius
3149 2291 3486 2360 requireret,
3513 2292 3796 2348 cettfertim
3831 2296 3883 2349 iu

2299 2379 2535 2434 omnium
2573 2380 2777 2434 animas
2802 2380 2965 2436 effusa
3009 2390 3186 2436 esset:
3217 2398 3389 2452 neque
3429 2382 3570 2438 enim
3619 2399 3888 2454 persona-

2298 2484 2417 2524 rum
2462 2479 2710 2540 acceptor
2746 2479 2829 2526 est
2878 2470 3037 2525 Deus.
3085 2470 3188 2527 Sed
3226 2472 3349 2542 quia
3378 2487 3590 2544 operam
3638 2485 3885 2529 nostram

2298 2562 2519 2634 requirit
2544 2604 2558 2627 ,
2589 2562 2709 2618 ideo
2731 2563 2864 2618 alios
2889 2562 3101 2633 quidem
3129 2565 3366 2634 sequitur
3390 2573 3440 2619 et
3464 2580 3583 2620 cum
3616 2565 3721 2622 illis
3749 2582 3885 2636 per-

2301 2662 2480 2709 manet
2505 2696 2519 2719 ,
2549 2656 2617 2711 ab
2641 2655 2759 2710 aliis
2786 2656 2996 2721 evolat,
3036 2655 3269 2726 reliquos
3295 2666 3468 2711 autem
3498 2673 3565 2713 ne
3614 2673 3645 2713 a
3677 2659 3885 2728 princi-

2299 2747 2387 2816 pio
2433 2745 2645 2815 quidem
2693 2746 2921 2816 attingit.
2971 2746 3122 2814 Quod
3171 2762 3300 2801 vero
3346 2748 3671 2819 propositum
3725 2750 3887 2819 prius

2298 2844 2592 2903 scrutatus,
2621 2837 2698 2892 sic
2718 2839 2941 2908 gratiam
2968 2836 3171 2893 dederit
3213 2838 3352 2893 Deus
3375 2880 3388 2903 ,
3421 2847 3709 2909 antequam
3741 2840 3883 2895 bea-

2300 2934 2384 2981 tus
2413 2927 2502 2981 ille
2528 2927 2799 2997 quidpiam
2827 2926 3065 2982 mirabile
3105 2928 3466 2994 exhibuisset,
3498 2928 3620 2983 audi
3649 2930 3782 3000 quid
3820 2931 3888 2985 de

2299 3020 2391 3076 illo
2412 3019 2597 3077 dicat:
2653 3020 2749 3075 Vas
2793 3020 3042 3075 electionis
3074 3030 3146 3075 est
3192 3022 3315 3074 milii
3340 3063 3354 3086 ,
3387 3031 3441 3075 ut
3481 3030 3641 3091 portet
3693 3038 3887 3075 nomen

2298 3129 2461 3166 meum
2493 3128 2660 3167 coram
2683 3112 2910 3183 gentibus
2939 3122 2989 3165 et
3010 3112 3207 3182 regibus
3241 3122 3287 3166 et
3322 3113 3457 3165 omni
3498 3128 3678 3184 genere
3704 3109 3887 3166 Israel

2299 3204 2435 3275 (Act.
2460 3204 2513 3261 9.
2538 3202 2648 3274 15).
2679 3204 2801 3259 llaec
2824 3204 2989 3273 gratia
3018 3203 3253 3258 nondum
3271 3212 3531 3273 prtesente
3556 3202 3883 3257 testificatus

2300 3307 2380 3352 est
2410 3298 2482 3363 is,
2510 3295 2596 3365 qui
2618 3295 2779 3350 corda
2806 3303 2986 3350 nostra
3009 3303 3292 3348 scrutatur.
3322 3293 3397 3347 Ne
3427 3293 3604 3363 itaque
3630 3303 3885 3347 nosmet-

2300 3390 2445 3460 ipsos
2471 3388 2817 3458 deeipiamus,
2851 3386 3063 3451 dilecti,
3093 3386 3332 3442 dicentes
3363 3402 3467 3441 non
3498 3400 3653 3456 posse
3682 3402 3888 3456 quem-

2300 3481 2436 3549 piam
2458 3479 2604 3534 Pauli
2627 3477 2851 3534 similem
2880 3492 3017 3533 esse.
3039 3477 3249 3533 Etenim
3276 3486 3527 3548 quantum
3554 3478 3618 3532 ad
3642 3479 3885 3547 gratiam

2298 3573 2511 3641 quidem
2547 3581 2603 3627 et
2646 3573 2792 3640 signa
2840 3586 2945 3625 non
2991 3571 3124 3625 alter
3161 3570 3357 3625 Paulus
3400 3578 3581 3640 postea
3621 3570 3747 3635 erit,
3784 3571 3886 3625 sed

2299 3674 2550 3736 quantum
2587 3664 2653 3719 ad
2690 3665 2812 3717 vitae
2840 3662 3168 3734 diligentiam
3195 3705 3209 3729 ,
3241 3662 3480 3732 quisquis
3509 3661 3734 3716 voluerit
3773 3662 3885 3716 hu-

2295 3755 2521 3825 jusmndi
2564 3770 2685 3811 esse
2730 3755 2924 3824 poterit
2956 3773 2969 3808 :
2997 3753 3135 3825 quod
3182 3754 3229 3808 si
3274 3755 3406 3808 tales
3426 3769 3685 3823 nusquam
3726 3755 3882 3809 exsi—

2300 3856 2476 3912 stant,
2504 3862 2569 3901 ex
2600 3861 2665 3901 eo
2690 3845 2830 3916 quod
2859 3845 3027 3900 nolint
3053 3854 3258 3899 tantum
3280 3844 3555 3909 contingit.
3583 3845 3651 3898 At
3688 3845 3885 3899 nescio

2300 3937 2564 4008 quomodo
2591 3938 2642 3991 in
2671 3937 2807 3992 hanc
2825 3936 3202 3992 absurditalem
3228 3935 3476 4006 delapsus
3498 3936 3691 3999 sim,ut
3721 3936 3883 3990 Pauli

2300 4029 2500 4085 similes
2545 4029 3012 4099 nune.requiram,
3041 4042 3159 4082 cum
3205 4041 3303 4081 nec
3345 4028 3503 4081 tertio
3545 4041 3642 4081 nec
3685 4036 3883 4095 quarto

2301 4131 2421 4189 post
2447 4121 2590 4175 illum
2620 4120 2785 4191 gradu
2829 4119 3033 4189 positos
3062 4117 3243 4173 videre
3267 4132 3477 4187 queam.
3517 4116 3641 4171 ideo
3681 4131 3882 4186 nempe

2301 4214 2605 4286 lugendum,
2629 4213 3019 4269 lamentandum
3046 4218 3097 4268 et
3138 4208 3489 4281 plangendum
3530 4217 3743 4265 estnon
3777 4225 3879 4263 una

2300 4307 2382 4361 vel
2411 4307 2575 4361 altera
2599 4306 2685 4360 die
2710 4348 2724 4371 ,
2753 4304 2847 4359 sed
2874 4320 2968 4374 per
2996 4312 3156 4358 totam
3182 4303 3343 4357 vitam
3370 4322 3383 4356 :
3407 4317 3526 4356 nam
3549 4303 3593 4355 si
3623 4302 3743 4371 quis
3775 4301 3879 4355 hac

2299 4411 2359 4451 se
2402 4396 2559 4450 modo
2602 4396 2850 4450 allectum
2895 4396 3225 4465 prmstiterit,
3273 4409 3379 4448 non
3429 4392 3581 4448 facile
3621 4394 3879 4461 deinceps

2301 4487 2557 4557 peccabit.
2584 4486 2734 4554 Quod
2787 4489 2832 4540 si
2885 4485 2966 4540 his
3016 4501 3121 4541 non
3152 4485 3338 4540 eredas
3393 4485 3585 4549 dictis,
3632 4485 3878 4553 lugentes

2302 4577 2579 4633 considera
2618 4592 2731 4643 eos,
2761 4578 2849 4648 qui
2874 4577 3018 4631 luctu
3048 4576 3285 4631 smculari
3316 4576 3653 4640 cruciantur;
3679 4591 3785 4628 non
3810 4592 3876 4628 ex

2303 4670 2656 4725 multitudinis
2681 4684 2903 4725 numero
2924 4712 2940 4737 ,
2987 4685 3157 4740 neque
3183 4680 3365 4725 eorum
3391 4710 3404 4733 ,
3433 4669 3521 4739 qui
3550 4668 3872 4722 laboriosam

2300 4762 2462 4815 vitam
2498 4761 2719 4826 ducunt,
2748 4760 2843 4816 sed
2885 4776 2950 4815 ex
2987 4773 3209 4814 numero
3250 4758 3594 4813 delicatorum
3618 4757 3831 4811 illorum
3854 4798 3871 4820 ,

2302 4850 2391 4920 qui
2416 4850 2545 4905 nihil
2574 4851 2717 4906 aliud
2760 4858 2990 4915 norunt,
3026 4863 3184 4918 quam
3229 4847 3466 4903 delicias.
3510 4845 3572 4900 ili
3600 4847 3743 4900 enim
3773 4888 3787 4909 ,
3821 4846 3872 4897 hi

2302 4940 2390 5008 qui
2421 4939 2660 4996 ebrietati
2687 4948 2740 4994 et
2766 4940 2936 4994 ventri
2966 4939 3201 5005 student,
3232 4937 3322 5007 qui
3350 4935 3569 5004 prandia
3608 4951 3777 5003 usque
3805 4934 3872 4987 ad

2301 5045 2583 5099 vesperum
2628 5031 2961 5100 producunt,
2993 5039 3048 5084 et
3093 5043 3274 5084 comas
3317 5027 3382 5082 ad
3422 5028 3653 5083 mediam
3706 5040 3873 5096 usque

2304 5128 2513 5173 noctem
2543 5161 2557 5185 ,
2590 5120 2677 5189 qui
2709 5119 2879 5174 aliena
2902 5120 3151 5188 rapiunt,
3184 5118 3270 5188 qui
3294 5132 3466 5187 neque
3488 5118 3741 5189 pauperi,
3775 5133 3871 5169 ne—

2302 5225 2406 5279 que
2428 5209 2617 5272 viduas,
2650 5224 2818 5279 neque
2847 5210 2989 5278 inopi
3021 5216 3277 5278 parcunt,
3304 5208 3396 5276 qui
3434 5221 3678 5276 magnam
3723 5206 3871 5261 exhi-

2304 5299 2432 5354 bent
2448 5300 2834 5365 crudelitatem,
2852 5300 2896 5354 si
2924 5298 3133 5368 quando
3161 5300 3300 5352 luctu
3327 5298 3470 5364 gravi
3495 5297 3869 5368 corripiantur,

2304 5391 2392 5459 qui
2423 5391 2588 5458 possit
2633 5390 2860 5442 animam
2906 5386 3146 5442 funditus
3190 5401 3407 5441 movere
3443 5394 3498 5440 et
3533 5386 3866 5456 perturbare,

2303 5490 2428 5535 tunc
2458 5481 2633 5535 missis
2660 5481 2763 5536 illis
2790 5480 3120 5550 voluptuosis
3144 5480 3405 5549 iniquisve
3428 5478 3831 5549 cogitationibus
3850 5513 3868 5541 ,

2305 5573 2356 5625 in
2390 5571 2826 5639 ph‘losOphorum
2856 5572 3012 5625 vitam
3039 5585 3097 5625 se
3132 5573 3475 5637 transferunt,
3506 5571 3867 5632 severitatem,

2305 5662 2538 5731 vigilias,
2572 5662 2713 5715 humi
2766 5662 3098 5717 cubationem
3125 5703 3138 5727 ,
3172 5662 3504 5716 tolerantiam
3525 5702 3541 5727 ,
3567 5661 3819 5731 jejunium
3847 5700 3865 5724 ,

2306 5752 2591 5819 silentium,
2625 5751 2958 5821 modestiam,
2982 5753 3350 5820 humilitatem,
3382 5747 3865 5821 humanitatemque
