4124 6144
219 302 321 357 ΜΠ

212 417 502 487 λέγοντεςο
556 415 795 481 Ἐκεῖνος
843 415 1058 481 Παῦλος
1107 412 1198 489 ἦν,
1250 419 1502 481 κάκεῖνος
1553 420 1757 491 Πέτρος
1805 415 1898 493 ἦν,

216 501 471 562 κάκεῖνος
499 498 776 567 Ἰωάννης.
796 497 865 550 Τί
884 499 1054 566 ἐστιν,
1081 498 1319 561 Ἐκεῖνος
1345 496 1555 562 Παῦλος
1578 494 1671 569 ἦν,
1697 500 1902 565 ἐκεῖνος

215 580 425 651 Πέτρος
465 573 564 650 ἦν;
607 576 669 631 ού
699 578 799 649 τῆς
843 578 1014 648 αὐτῆς
1059 578 1295 648 φύσεως,
1327 578 1450 633 εἰπέ
1481 595 1593 651 μοι,
1624 579 1721 632 καὶ
1757 573 1904 634 οὗτοι

215 661 506 728 μετεῖχον;
544 657 608 709 ού
653 655 742 709 διὰ
776 654 874 725 τῆς
908 655 1084 726 αὐτῆς
1111 655 1232 710 ὀδοῦ
1282 654 1646 727 παρήχθησαν
1687 659 1768 721 είς
1812 657 1904 711 τὸν

216 736 332 806 βίον
367 737 533 808 ἡμῖν,
568 734 628 788 οὐ
660 736 781 798 ταῖς
809 735 1002 799 αὐταῖς
1039 736 1355 809 ἐτράφησαν
1390 740 1659 808 τροφαῖς;
1712 738 1772 790 ού
1813 737 1903 791 τὸν

212 816 379 870 αὐτὸν
428 815 767 870 ἀνέπνευσαν
823 815 998 887 ἀέρας
1049 817 1113 870 ού
1174 818 1496 889 πράγμασιν
1548 818 1902 890 ἐχρήσαντοι

214 897 330 957 τοῖς
362 896 586 959 αύτοῖς;
625 895 726 965 οὐχ
770 894 819 947 οί
856 893 954 965 μὲν
984 894 1164 948 αὐτῶν
1210 898 1305 949 καὶ
1336 899 1600 966 γυναῖκας
1640 892 1786 967 εῒχον
1812 897 1906 950 καὶ

216 974 433 1039 παῖδας,
464 976 514 1028 οί
548 974 606 1028 δὲ
635 973 729 1027 καὶ
767 973 962 1045 τέχνας
990 973 1273 1045 βιωτικάς,
1306 975 1483 1048 ἕτεροι
1505 975 1561 1029 δὲ
1583 975 1677 1028 καὶ
1699 976 1780 1038 είς
1809 975 1905 1027 αύ-

214 1053 277 1106 τδ
302 1054 403 1124 τῆς
428 1054 630 1117 κακίας
649 1053 711 1107 τὸ
737 1051 1010 1125 βάραθρον
1034 1053 1446 1125 κατηνέχθησαν
1466 1072 1481 1121 ;
1504 1053 1677 1111 ,Ἀλλά
1704 1053 1906 1123 πολλῆς

216 1133 565 1205 ἀπήλαυσαν,
598 1134 754 1204 φησὶ,
788 1135 889 1205 τῆς
938 1134 1033 1188 τοῦ
1063 1133 1201 1188 Θεοῦ
1246 1136 1491 1208 χάριτος.
1545 1135 1685 1187 Ἀλλ’
1724 1135 1772 1188 εί
1804 1134 1905 1205 μὲν

215 1214 448 1285 νεκροὺς
485 1213 788 1284 ἀναστῆσαι
836 1213 1220 1286 ἐκελευόμεθα,
1258 1214 1291 1286 ἢ
1343 1214 1658 1285 ὀφθαλμοὺς
1698 1214 1905 1279 ἀνοῖξαι

214 1292 461 1361 τυφλῶν,
508 1292 543 1362 ἢ
580 1292 876 1365 καθαρίσαι
918 1292 1227 1365 λεπροὺς,ἦ
1277 1293 1484 1365 χωλοὺς
1520 1295 1546 1334 b
1575 1294 1903 1367 ἁνορθῶσαι,

215 1372 251 1443 ἢ
280 1372 544 1443 δαίμονας
565 1371 837 1437 ἐκϐαλεῖν,
864 1373 1078 1438 καὶτὰς
1110 1374 1276 1437 ἄλλας
1306 1374 1403 1438 τάς
1436 1375 1692 1438 τοιαύτας
1724 1373 1907 1427 ἰᾶσθαι

216 1458 432 1515 νόσους,
463 1452 652 1523 καιρὸν
686 1451 753 1506 ἂν
788 1448 902 1524 εἶχε
940 1452 1010 1507 τὰ
1054 1455 1153 1524 τῆς
1192 1454 1491 1522 ἀπολογίας
1519 1453 1724 1524 ταύτης
1751 1457 1904 1525 ἡμῖν’

219 1534 268 1584 εί
308 1532 368 1585 δὲ
419 1532 695 1595 πολιτείας
734 1531 982 1597 ἐξέτασις
1028 1534 1313 1605 πρόκειται
1354 1533 1473 1593 νῦν.
1514 1535 1609 1587 καὶ
1661 1534 1908 1604 ὑπακοῆς

218 1610 504 1678 ἐπίδειξις,
540 1614 692 1665 ποῖον
735 1611 911 1666 ταῦτα
948 1613 1086 1683 πρὸς
1111 1615 1320 1667 ἐκεῖνον
1345 1612 1412 1667 ἂν
1438 1613 1550 1684 ἔχοι
1584 1613 1776 1682 λόγον;

291 1692 406 1745 Kal
422 1692 530 1764 γὰρ
548 1692 641 1746 καὶ
661 1692 726 1747 σὺ
745 1691 895 1756 θείας
912 1693 1233 1764 ἀπήλαυσας
1249 1693 1472 1764 χάριτος
1488 1691 1903 1764 βαπτιζόμενος,

219 1773 317 1826 καὶ
349 1772 668 1843 Πνεύματος
713 1774 994 1845 μετέσχες,
1038 1775 1086 1828 εί
1128 1773 1225 1827 καὶ
1257 1774 1331 1845 μὴ
1363 1774 1499 1845 πρὸς
1524 1773 1584 1828 τὸ
1610 1774 1679 1827 τά
1706 1774 1907 1843 σημεῖα

219 1855 419 1915 ποιεῖν,
464 1852 582 1907 ἀλλ’
621 1854 744 1907 ὅσον
790 1855 952 1925 ἀρκεῖ
995 1853 1131 1925 πρὸς
1178 1852 1239 1907 τὸ
1277 1853 1553 1907 πολιτείαν
1600 1853 1767 1925 ὀρθὴν
1816 1853 1908 1906 καὶ

217 1933 607 2005 ἠκριϐωμένην
628 1931 831 1986 λαϐεῖν’
853 1932 994 1987 ὥστε
1027 1932 1298 2004 ῥᾳθυμίας
1330 1933 1489 2003 μόνον
1510 1933 1609 2004 τῆς
1630 1932 1908 2004 ἡμετέρας

220 2013 370 2065 ἐστὶν
416 2014 448 2082 ἡ
481 2012 801 2082 διαστροφή.
836 2012 948 2065 Kal
978 2014 1006 2066 ό
1039 2012 1273 2084 Χριστος
1309 2012 1367 2066 δέ
1400 2012 1539 2067 κατά
1565 2013 1664 2082 τὴν
1695 2012 1908 2083 ἡμέραν

223 2091 442 2162 ἐκείνην
479 2092 540 2143 ού
570 2093 682 2152 τοῖς
723 2090 795 2144 τά
827 2093 1030 2162 σημεῖα
1064 2092 1461 2163 ἐργασαμένοις
1497 2090 1684 2155 ἁπλῶς
1721 2089 1790 2143 τὰ
1811 2090 1911 2142 ἕπ-

222 2169 367 2224 αθλα
396 2169 629 2236 δίδωσιν,
660 2170 796 2226 ἀλλὰ
822 2174 935 2234 τοῖς
963 2169 1033 2224 τὰ
1062 2172 1458 2242 προστάγματα
1492 2169 1820 2239 πεποιηκότι-ι
1839 2169 1910 2223 τὰ

222 2247 412 2304 αὑτοῦ.
437 2248 614 2303 Δεῦτε
640 2249 768 2320 γὰρ,
803 2250 988 2320 φησὶν,
1020 2254 1073 2305 οἱ
1106 2249 1501 2320 εὐλογημένοι
1536 2248 1644 2303 τοῦ
1676 2249 1910 2316 Πατρός

216 2347 365 2398 μου,
401 2329 900 2398 κληρονομήσατε
933 2328 1050 2398 τὴν
1074 2329 1528 2399 ἡτοιμασμένην
1552 2327 1696 2397 ὑμῖν
1722 2328 1910 2393 ,Βασι-

218 2407 404 2462 λείαν
429 2407 550 2462 άπὸ
586 2408 929 2477 καταϐολῆς
965 2411 1222 2478 κόσμου,
1272 2409 1372 2478 οὐχ
1408 2409 1491 2462 ὅτι
1529 2407 1909 2479 ἐθαυματουρ-

217 2487 456 2556 γήσατε,
488 2487 603 2541 ἀλλ’
630 2489 723 2542 ὅτι
743 2488 1093 2554 Ἔπείνασα,
1119 2488 1217 2541 καί
1250 2485 1510 2541 ἐδώκατέ
1535 2504 1637 2556 μοι
1674 2484 1908 2556 φαγεῖν·

218 2565 515 2635 ἐδίψησα,
546 2566 644 2622 καί
674 2567 994 2621 ἐποτίσατέ
1036 2583 1132 2637 με’
1172 2566 1350 2633 ξένος
1397 2566 1580 2635 ἤμην,
1624 2565 1720 2619 καὶ
1761 2580 1913 2619 συν-

219 2645 478 2715 ηγάγετέ
502 2662 600 2715 με·
630 2647 882 2715 γυμνὸς,
903 2646 1002 2699 καὶ
1041 2644 1424 2714 περιεϐάλετέ
1446 2661 1544 2714 με·
1571 2642 1909 2712 ἠσθένησα,

220 2725 322 2778 καὶ
365 2723 793 2792 ἐπεσκέψασθέ
822 2741 919 2793 με·
951 2724 1022 2777 ἐν
1061 2722 1311 2795 φυλακῇ
1342 2722 1525 2793 ἥμην,
1561 2722 1659 2776 καί
1695 2721 1913 2790 ἤλθετε

220 2803 377 2873 πρὸς
398 2802 497 2873 μέ.
523 2802 672 2875 [157]
705 2804 814 2858 Καὶ
834 2806 893 2857 ἐν
909 2806 1023 2868 τοῖς
1053 2806 1424 2875 μακαρισμοίς
1444 2803 1500 2856 δὲ
1524 2801 1762 2873 οὐδαμοῦ
1786 2804 1914 2867 τοὺς

218 2883 296 2936 τὰ
328 2882 584 2955 θαύματα
624 2882 910 2949 ποιοῦντας
947 2883 1184 2956 τίθησιν,
1223 2882 1359 2938 ἀλλὰ
1384 2884 1510 2948 τοὺς
1544 2883 1658 2955 βίον
1689 2883 1914 2954 ἐχοντας

300 3039 366 3094 θ’.
404 3040 567 3095 ’Ὥστε
594 3042 644 3095 εί
669 3041 764 3095 καὶ
789 3041 973 3112 ἐκείνη
994 3040 1351 3096 συνέσταλται
1370 3040 1516 3111 νῦνὴ
1540 3041 1723 3113 χάρις,
1761 3040 1914 3096 οὐδὲν

220 3121 378 3190 ἡμᾶς
425 3122 784 3193 παραϐλάψαι
831 3121 990 3175 τοῦτο
1032 3122 1345 3193 δυνήσεται,
1405 3120 1519 3174 ἀλλ’
1553 3122 1675 3175 οὐδὲ
1713 3120 1915 3175 ἀπολο-

221 3199 504 3271 γήσασθαι
538 3201 678 3271 ὑπὲρ
701 3204 733 3271 ἡ
745 3200 883 3271 μῶν,
913 3202 1042 3255 ὅταν
1078 3201 1177 3265 τὰς
1204 3201 1436 3267 εὐθύνας
1466 3202 1757 3273 ὑπέχωμεν
1806 3201 1916 3254 τῶν

219 3278 656 3351 πεπραγμένων.
689 3281 799 3333 Καὶ
829 3280 938 3352 γὰρ
970 3281 1097 3344 τοὺς
1130 3281 1439 3353 μακαρίους
1472 3281 1713 3344 ἐκείνους
1737 3280 1797 3333 οὐ
1829 3278 1918 3333 διὰ

219 3360 300 3412 τά
339 3362 542 3430 σημεῖα
576 3358 951 3431 θαυμάζομεν·
999 3360 1161 3413 τοῦτο
1202 3359 1311 3430 γὰρ
1344 3360 1465 3415 ὅλον
1503 3361 1604 3431 τῆς
1645 3360 1741 3425 τοῦ
1779 3356 1916 3412 Θεοῦ

220 3440 514 3509 δυνάμεως
541 3434 609 3512 ἦν
642 3452 688 3479 α’
718 3440 835 3494 ἀλλ’
862 3442 944 3494 ὅτι
974 3441 1250 3496 πολιτείαν
1295 3441 1639 3507 ἐπεδείξαντο
1693 3439 1918 3509 ἀγγελι-

220 3520 356 3592 κήν·
414 3519 574 3573 τοῦτο
611 3519 668 3573 δέ
715 3521 855 3591 μετά
892 3520 995 3592 τῆς
1024 3521 1232 3575 ἄνωθεν
1268 3522 1443 3594 ῥοπῆς
1490 3521 1709 3590 καὶτῆς
1738 3518 1919 3574 αὐτῶν

226 3598 470 3668 σπουδῆς
506 3599 668 3672 ἔργον
696 3601 832 3656 ἐστί.
870 3601 983 3655 Καὶ
1011 3603 1111 3654 οὐκ
1138 3599 1249 3670 ἐγὼ
1282 3602 1440 3658 τοῦτο
1467 3601 1612 3671 λέγω
1638 3600 1754 3666 νῦν,
1782 3598 1920 3653 ἀλλά

224 3682 325 3736 καὶ
359 3681 525 3746 αὐτὸς
574 3685 783 3746 ἐκεῖνος
826 3682 855 3735 ὁ
885 3681 980 3735 τοῦ
1022 3681 1262 3754 Χριστοῦ
1323 3682 1591 3754 μιμητής.
1642 3682 1773 3735 Ὅτε
1810 3679 1920 3750 γὰρ

227 3762 373 3836 πρὸς
410 3764 539 3827 τοὺς
571 3762 1043 3834 ψευδαποστόλους
1083 3763 1374 3816 διετείνετο
1403 3761 1631 3834 γράφων
1668 3763 1780 3824 τοῖς
1818 3776 1922 3831 μα-

225 3844 449 3915 θηταῖς,
480 3844 576 3897 καὶ
609 3843 670 3897 τὸ
701 3841 864 3913 μέσον
893 3843 995 3913 τῆς
1023 3843 1250 3914 δοκίμου
1286 3859 1345 3895 τε
1386 3842 1481 3896 καὶ
1523 3841 1778 3913 κιϐδήλου
1812 3839 1924 3893 δια-

224 3922 421 3986 κονίας
452 3922 803 3993 παραστῆσαι
827 3922 1099 3987 ἐϐούλετο,
1122 3924 1224 3977 οὐκ
1248 3924 1357 3978 ἀπὸ
1378 3922 1488 3977 τῶν
1514 3922 1776 3994 σημείων,
1803 3920 1920 3974 ἀλλ’

228 4001 345 4056 ἀπὸ
376 4002 487 4056 τῶν
527 4001 970 4073 κατορθωμάτων
1009 4002 1174 4056 αὑτοῦ
1208 4003 1367 4056 τοῦτο
1397 4001 1673 4073 ἐποίησεν,
1719 3998 1922 4053 οὑτωσὶ

228 4080 432 4150 λέγων’
462 4082 733 4136 Διάκονοι
781 4080 1043 4151 Χριστοῦ
1079 4083 1236 4146 εἰσι;
1283 4078 1684 4149 παραφρονῶν
1716 4082 1796 4132 λα
1813 4075 1921 4141 2ῶ;

229 4160 390 4230 ὑπὲρ
418 4160 553 4231 ἐγώο
581 4162 653 4215 ὲν
674 4162 887 4225 κόποις
915 4159 1375 4229 περισσοτέρως,
1399 4160 1470 4212 έν
1498 4156 1802 4228 φυλακαῖς
1820 4172 1923 4208 πε-

225 4240 626 4311 ρισσοτέρως,
667 4240 738 4294 ἐν
765 4239 1027 4308 πληγαῖς
1057 4240 1579 4306 ὑπερϐαλλόντως,
1630 4236 1700 4289 έν
1737 4233 1922 4288 θανά-

230 4337 362 4385 τοις
382 4318 702 4385 πολλάκιςο
731 4318 851 4373 ὑπὸ
881 4317 1188 4373 Ἰουδαίων
1210 4317 1495 4382 πεντάκις
1516 4315 1925 4383 τεσσαράκον-

230 4414 311 4450 τα
342 4397 504 4466 παρὰ
534 4399 683 4467 μίαν
713 4399 953 4463 ἔλαϐον,
988 4396 1117 4465 τρίς
1151 4396 1572 4465 ἐρῤαϐδίσθην,
1600 4394 1763 4459 ἅπαξ
1795 4395 1922 4448 ἐλι-

236 4477 497 4544 θάσθην,
515 4477 644 4546 τρὶς
663 4474 1033 4547 ἐναυάγησα,
1056 4474 1436 4545 νυχθήμερον
1456 4475 1527 4528 ἐν
1540 4473 1620 4539 τῷ
1634 4472 1806 4539 ,ϐυθῷ
1828 4486 1926 4525 πε-

238 4558 486 4624 ποίηκα·
519 4556 884 4624 ὁδοιπορίαις
915 4553 1234 4620 πολλάκις,
1267 4553 1577 4619 κινδύνοις
1617 4552 1921 4621 ποταμῶν,

239 4634 549 4701 κινδύνοις
590 4633 859 4703 λῃστῶν,
900 4633 1206 4699 κινδύνοις
1235 4632 1306 4686 ἐκ
1344 4632 1581 4702 γένους,
1617 4632 1925 4698 κινδύνοις

235 4715 309 4778 ἐξ
346 4713 556 4779 ἐθνῶν,
587 4713 894 4779 κινδύνοις
927 4713 997 4765 έν
1024 4712 1217 4774 πόλει,
1256 4711 1565 4777 κινδύνοις
1599 4711 1923 4780 ένέρημίᾳ,

239 4792 552 4861 κινδύνοις
572 4793 642 4847 ὲν
670 4791 977 4860 θαλάσσῃ,
1018 4790 1327 4858 κινδύνοις
1356 4791 1426 4845 ἐν
1453 4790 1922 4860 ψευδαδέλφοις,

237 4872 313 4925 ἐν
344 4874 531 4938 κόπῳ,
556 4872 626 4927 ἐν
649 4874 878 4943 μόχθῳ,
909 4872 980 4925 ἐν
1002 4871 1360 4939 ἀγρυπνίαις
1384 4868 1701 4935 πολλάκις,
1734 4868 1805 4921 ἐν
1831 4871 1926 4921 λι-

233 4951 334 5022 μῷ
383 4952 483 5007 καὶ
514 4952 679 5022 δίψει
711 4951 762 5018 ἀ,
808 4952 879 5006 ἐν
918 4951 1230 5018 νηστείαις
1270 4950 1588 5016 πολλάκις,
1638 4950 1711 5003 ἐν
1741 4948 1927 5017 ψύχει

241 5034 344 5087 καὶ
371 5035 716 5104 γυμνότητι.
748 5033 934 5103 Χωρίς
960 5031 1081 5086 τῶν
1107 5030 1422 5099 παρεκτὸς,
1451 5030 1489 5097 ή
1521 5029 1929 5094 ἐπισύστασίς

237 5131 361 5185 μου
394 5115 432 5182 ἡ
466 5115 595 5168 καθ’
623 5112 874 5183 ἡμέραν,
909 5113 949 5181 ἡ
981 5112 1238 5182 μέριμνα
1277 5108 1494 5165 πασῶν
1526 5108 1644 5162 τῶν
1680 5108 1929 5173 Ἐκκλη-

241 5192 418 5248 σιῶν.
452 5193 546 5260 Ίϊς
572 5192 836 5260 ἀσθενεῖ,
866 5192 966 5247 καὶ
990 5195 1100 5246 οὐκ
1127 5188 1400 5252 ἁσθενῶ;
1430 5189 1521 5256 τίς
1540 5185 1930 5245 σκανδαλίζε-

239 5290 362 5342 ται,
390 5273 492 5329 καὶ
525 5275 637 5330 οὐκ
672 5271 788 5343 ἐγὼ
812 5272 1147 5343 πυροῦμαι;
1175 5271 1274 5324 Διά
1306 5268 1480 5324 ταῦτα
1508 5260 1772 5339 θαυμάξω
1800 5266 1929 5333 τοὺς

311 5416 494 5481 ξιξυιίι).
520 5416 830 5481 ἐχειρίσᾳντο.

307 5476 339 5520 δ
366 5478 503 5529 Colb.
531 5467 845 5539 διελευόμιθα
858 5476 942 5524 καὶ
960 5472 1226 5539 ὀφθαλμοὺς
1244 5471 1450 5534 τυφλῶν,
1475 5468 1557 5517 καὶ
1578 5467 1786 5532 χωλούς,
1828 5474 1926 5519 etc.

242 5541 358 5608 Mn}
376 5540 519 5608 foll}.
541 5540 660 5608 πρὸς
682 5538 856 5608 ἐκεῖναὲ
915 5596 939 5608 η

310 5604 335 5635 ⁸
366 5597 685 5662 Quidam-1755;
708 5598 797 5649 τοῦ
818 5597 945 5662 Θεοῦ
966 5598 1156 5662 χάριτος
1174 5597 1249 5657 ἦν.

313 5666 340 5704 σι
363 5654 514 5715 s‘nvn.
539 5654 685 5724 Cous;
697 5663 843 5724 δίψει,
868 5654 1045 5710 Mor'én.‘
1068 5654 1203 5724 am;
1221 5720 1232 5724 Α
1252 5656 1376 5724 Ingra
1407 5655 1558 5724 sam.
1580 5654 1930 5724 AetﬂCglbzna-

245 5730 350 5777 σῶν
370 5729 467 5775 τῶν
490 5726 620 5774 ἐκκλ.
648 5716 982 5772 ΜοτὲΙζπᾶσα
1016 5723 1112 5768 τῶν
1132 5716 1265 5769 ἐκκλ.
1308 5719 1463 5768 Paulo
1486 5722 1598 5778 post
1627 5716 1766 5767 Colb.
1812 5718 1925 5778 ἐγώ³

243 5795 291 5856 οἱ
314 5791 405 5856 γὰρ
436 5786 635 5835 τούτων.
662 5784 793 5856 jllffa
838 5784 968 5856 igen}
1002 5782 1202 5856 Χριστός
1224 5797 1359 5856 φησι,
1399 5777 1759 5856 πο).λονίᾷ’1ηίιά
1787 5777 1929 5856 jdém

248 5841 573 5910 ἐπόιῆσαμενς
597 5848 678 5895 καὶ
703 5847 813 5896 τότε
858 5841 1145 5907 ὁμολογὴσω
1186 5841 1364 5903 αὐτοῖς,
1408 5842 1481 5891 ὅτι
1505 5841 1741 5905 ,οὐδέποτε
1785 5841 1930 5904 ἔγνων

245 5915 391 5975 ὑμᾶς,
414 5910 727 5975 ἀποχωρεῖτε.

1149 299 1236 357 DE
1274 299 1843 369 COMPUNCTIONE,
1882 302 1975 358 AD
2013 301 2448 361 DEME'I'BIUM.
2493 305 2618 361 LIB.
2663 304 2702 359 I.

3573 302 3679 361 403

2007 422 2342 486 ἀποστόλους
2385 421 2518 491 ἐγώ·
2543 421 2620 487 ὡς
2655 422 2711 475 οἵ
2749 438 2814 491 γε
2852 419 3062 476 τούτων
3100 420 3268 493 χωρὶς
3311 419 3682 487 ἐπιδείξασθαι

2009 518 2078 572 ση
2088 503 2216 572 μεῖα
2236 502 2328 556 διά
2345 518 2491 566 τινος
2515 500 2827 572 οἰκονομίας
2847 500 3295 572 συγχωρηθέντες
3320 500 3381 553 ού
3403 499 3565 571 μόνον
3579 501 3682 555 οὐκ

2008 580 2259 649 ἐγένοντο
2297 581 2629 653 θαυμαστοὶ,
2675 582 2813 635 ἀλλά
2858 582 2956 636 καὶ
2994 581 3265 652 ἀδόκιμοι,
3299 580 3485 645 καθὼς
3528 580 3624 635 καὶ
3653 582 3685 633 ό

2010 661 2244 732 Χριστὸς
2275 661 2515 715 δείκνυσι
2535 660 2711 730 λέγων
2733 678 2746 691 ·
2772 660 3001 716 Πολλοὶ
3028 660 3241 729 ἐροῦσι
3259 678 3363 730 μοι
3383 660 3454 714 ἐν
3477 659 3683 728 ἐκείνῃ

2010 736 2083 807 τῇ
2119 739 2329 809 ἡμέρᾳ·
2359 740 2555 808 Κύριε,
2585 741 2780 807 Κύριε,
2810 740 2882 795 οὒ
2908 738 2987 805 τῷ
3024 737 3115 804 σῷ
3141 740 3385 808 ὀνόματι
3418 752 3683 809 προείρη-

2008 819 2329 887 τεύσαμεν,
2362 818 2460 872 καὶ
2490 819 2571 883 τῷ
2599 818 2690 884 σῷ
2722 821 2966 888 ὀνόματι
2990 817 3267 887 δαιμόνια
3291 818 3682 888 ἐξεϐάλομεν,

2012 897 2111 949 καὶ
2141 896 2225 962 τῷ
2248 896 2337 963 σῷ
2367 898 2612 966 ὀνόματι
2650 898 2887 963 πολλὰς
2933 896 3222 965 δυνάμεις
3268 899 3684 968 ἐποιήσιιμεν;

2012 976 2123 1031 Καὶ
2157 976 2272 1044 ἐρῶ
2300 976 2528 1044 αὐτοῖς’
2570 977 2959 1047 Ἀποχωρεῖτε
2997 978 3102 1032 ἀπ’
3146 977 3319 1047 ἐμοῦ,
3367 977 3592 1044 πάντες
3630 981 3685 1032 οι

2011 1055 2386 1126 ἐργαζόμενοι
2415 1056 2530 1126 τὴν
2554 1058 2830 1126 ἀνομίαν·
2849 1057 3141 1112 οὐδέποτε
3162 1056 3357 1127 ἔγνων
3388 1056 3565 1126 ὑμᾶς.
3589 1055 3688 1110 Διά

2012 1138 2171 1190 τοῦτο
2217 1139 2449 1204 καὶτοῖς
2496 1139 2763 1210 μαθηταῖς
2806 1139 3038 1210 παρῄνει
3077 1137 3271 1206 λέγων’
3320 1136 3416 1203 Μὴ
3453 1137 3691 1206 χαίρετε

2014 1214 2103 1268 ὅτι
2142 1215 2214 1269 τὰ
2258 1216 2533 1286 δαιμόνια
2572 1215 2715 1285 ὑμῖν
2764 1210 3174 1271 ὑποτάσσεται
3204 1227 3248 1280 θ,
3290 1217 3427 1270 ἀλλ’
3485 1214 3573 1267 ὅτι
3617 1213 3693 1268 τὰ

2015 1295 2277 1364 ὀνόματα
2319 1294 2485 1364 ὑμῶν
2535 1295 2854 1366 γέγραπται
2901 1295 2972 1349 ἐν
3010 1295 3136 1362 τοῖς
3185 1293 3483 1362 οὐρανοῖς.
3529 1292 3692 1347 Πολι-

2012 1392 2067 1426 τε
2080 1374 2133 1427 ία
2175 1375 2274 1443 μὲν
2306 1376 2414 1446 γὰρ
2443 1373 2577 1446 ὀρθὴ
2612 1375 2706 1428 καὶ
2749 1375 2951 1429 τούτων
2984 1376 3154 1446 χωρὶς
3194 1373 3531 1445 ἀπολήψεται
3563 1372 3692 1436 τοὺς

2016 1454 2334 1523 στεφάνους,
2376 1456 2470 1507 καὶ
2502 1455 2656 1508 οὐδὲν
2706 1454 2925 1508 ἔλαττον
2962 1455 3072 1519 ἕξει
3103 1456 3255 1526 παρὰ
3284 1455 3443 1508 τοῦτο
3487 1454 3607 1507 τότε
3643 1452 3692 1491 ί·

2017 1533 2131 1604 βίος
2172 1534 2229 1588 δὲ
2271 1534 2587 1606 παράνομος
2630 1536 2752 1591 οὐδὲ
2795 1534 2933 1607 μετά
2978 1531 3218 1605 σημείων
3270 1535 3555 1607 δυνήσεται
3592 1532 3695 1607 τῂν

2018 1615 2238 1687 κόλασιν
2285 1604 2567 1686 ἐκφυγεῖν.
2618 1604 2806 1671 Ὥστε
2841 1604 3095 1686 περιττός
3137 1615 3267 1683 ἡμῖν
3322 1616 3351 1666 ὁ
3391 1604 3549 1681 λόγος
3602 1604 3695 1664 οῦ-

2012 1694 2105 1757 τός
2155 1695 2326 1760 ἐστιν,
2368 1695 2429 1748 οὐ
2470 1697 2724 1769 περιττὸς
2767 1695 2824 1749 δέ
2868 1696 3049 1766 μόνον,
3096 1693 3233 1748 ἀλλὰ
3276 1693 3370 1748 καὶ
3416 1694 3694 1747 ἐπικίνδυ-

2015 1791 2126 1838 νος,
2183 1775 2278 1827 καὶ
2327 1775 2542 1840 πολλοῖς
2583 1777 2694 1831 τῶν
2746 1776 3038 1847 αἱρετικῶν
3093 1775 3349 1845 παρέχων
3393 1772 3584 1838 λαϐάς.
3632 1774 3695 1827 El

2015 1853 2125 1926 γὰρ
2168 1855 2242 1926 μὴ
2289 1856 2377 1910 διὰ
2416 1856 2514 1926 τὴν
2543 1856 2749 1910 οἰκείαν
2790 1858 2989 1909 ἐκεῖνοι
3023 1855 3343 1926 προαίρεσιν
3371 1852 3544 1917 οὕτως
3574 1852 3699 1922 ἐγέ-

2015 1951 2167 1989 νοντο
2196 1934 2523 2007 θαυμαστοὶ,
2549 1936 2687 1991 ἀλλά
2718 1935 2806 1991 διὰ
2836 1936 2937 2009 τὴν
2959 1934 3053 1988 τοῦ
3074 1932 3311 2007 Χριστοῦ
3346 1934 3371 1973 8
3401 1934 3565 2005 χάριν,
3602 1934 3697 2005 μό-

2016 2029 2124 2075 νον,
2161 2013 2213 2067 τί
2240 2013 2301 2067 τὸ
2333 2014 2541 2068 κωλύον
2570 2012 2818 2078 ἅπαντας
2853 2012 3127 2075 τοιούτους
3163 2010 3448 2081 γενέσθαι;

2070 2093 2133 2146 'H
2145 2093 2483 2166 γάρχάριςεί
2499 2096 2575 2167 μὴ
2590 2093 2660 2148 τὰ
2676 2112 2750 2148 πα
2759 2095 2804 2165 ρ’
2820 2096 2853 2165 ή
2863 2093 2978 2165 μῶν
2991 2092 3256 2164 πρότερον
3266 2090 3471 2162 ἐζήτει,
3485 2089 3699 2162 ἀθρόως

2018 2172 2085 2226 ἂν
2100 2175 2180 2236 εἰς
2199 2172 2572 2236 τὰς-ἀπάντων
2591 2172 2821 2245 ἐξεχύθη
2843 2173 3039 2243 ψυχάς·
3054 2172 3115 2225 οὐ
3131 2172 3241 2244 γάρ
3265 2173 3380 2225 ἐστι
3407 2186 3697 2243 προσωπο-

2017 2252 2233 2323 λήπτης
2253 2254 2281 2305 ὁ
2308 2253 2439 2318 Θεός
2459 2271 2471 2284 ·
2493 2253 2681 2324 ἐπειδὴ
2714 2253 2770 2306 δὲ
2801 2252 2869 2306 τὰ
2894 2252 3024 2323 παρ’
3040 2252 3197 2323 ἡμῶν
3220 2250 3393 2322 ζητεῖ,
3423 2250 3510 2305 διὰ
3538 2251 3700 2306 τοῦτο

2017 2335 2129 2396 τοῖς
2155 2332 2253 2403 μέν
2288 2332 2477 2387 ἕπεται
2505 2334 2599 2388 καὶ
2624 2332 2952 2404 παραμένει,
2973 2332 3082 2385 τῶν
3104 2330 3160 2383 δέ
3196 2331 3521 2401 ἀφίπταται,
3544 2332 3623 2394 εἰς
3642 2331 3700 2384 δὲ

2017 2414 2146 2475 τοὺς
2174 2412 2392 2476 λοιποὺς
2422 2413 2542 2467 οὐδὲ
2567 2412 2665 2484 τὴν
2688 2412 2860 2483 ἀρχὴν
2879 2410 3236 2465 καθικνεῖται.
3259 2412 3381 2465 ’Ότι
3412 2410 3469 2464 δὲ
3499 2410 3698 2482 προαί-

2020 2508 2172 2564 ρεσιν
2201 2492 2464 2564 πρότερον
2496 2492 2777 2557 ἐξετάσας,
2801 2490 2953 2564 [158]
2974 2490 3117 2544 οὕτω
3137 2490 3237 2562 τὴν
3266 2490 3426 2561 χάριν
3456 2488 3655 2543 ἔδωκεν
3673 2490 3702 2542 ὁ

2018 2570 2152 2635 Θεδς
2193 2573 2324 2644 πρὶν
2370 2571 2405 2642 ἦ
2438 2588 2492 2624 τι
2531 2570 2846 2642 θαυμαστὸν
2882 2567 3249 2633 ἐπιδείξασθαι
3294 2567 3387 2622 τὸν
3432 2568 3703 2639 μακάριον

2019 2651 2225 2705 ἐκεῖνον
2244 2691 2260 2713 ,
2292 2650 2526 2704 ἄκουσον
2544 2651 2597 2704 τί
2625 2650 2755 2722 περὶ
2793 2648 2957 2704 αὑτοῦ
2982 2666 3116 2720 φησι
3145 2667 3157 2678 ·
3182 2646 3407 2714 Σκεῦος
3440 2646 3705 2715 ἐκλογῆς

2014 2730 2122 2801 μοί
2180 2730 2349 2796 ἐστι,
2396 2730 2504 2784 τοῦ
2552 2728 2867 2795 ,ϐαστάσαι
2911 2730 2979 2783 τὸ
3029 2728 3218 2798 ὄνομά
3255 2745 3374 2797 μου
3405 2723 3704 2781 ἐνώπιονῆ

2019 2808 2212 2866 ἐθνῶν
2246 2828 2311 2864 τε
2341 2810 2440 2865 καί
2456 2809 2791 2875 βασιλέων,
2814 2810 2914 2864 καὶ
2935 2808 3163 2875 παντὸς
3184 2806 3399 2878 γένους
3430 2804 3701 2873 Ἰσραήλ.

2020 2889 2208 2944 Ταῦτα
2244 2888 2397 2944 οὔπω
2436 2893 2538 2962 τῆς
2575 2890 2797 2962 χάριτος
2823 2888 3103 2961 παρούσης
3146 2886 3529 2959 ἐμαρτύρησεν
3553 2885 3582 2938 ὁ
3608 2884 3706 2947 τὰς

2023 2970 2253 3042 καρδίας
2284 2969 2603 3042 ἐμϐατεύων
2648 2969 2821 3041 ήμῶν.
2856 2968 2947 3039 Μὴ
2984 2968 3048 3039 δὴ
3086 2967 3412 3037 σφάλλωμεν
3459 2966 3703 3030 ἐαυτοῦςζ

2022 3050 2318 3120 ἀγαπητοὶ,
2336 3048 2596 3103 ἀδύνατον
2616 3045 2755 3103 εἶναι
2783 3048 3034 3117 λέγοντες
3056 3045 3308 3116 γενέσθαι
3336 3044 3476 3098 κατά
3498 3042 3709 3097 Παῦλόν

2022 3147 2164 3182 τινα,
2192 3129 2303 3198 Τῆς
2325 3128 2423 3200 μέν
2452 3129 2560 3201 γάρ
2585 3129 2928 3201 χάριτοςκαὶ
2957 3127 3064 3180 τῶν
3086 3125 3326 3197 σημείων
3366 3124 3550 3176 ἕνεκεν
3579 3124 3710 3201 ούκτ

2024 3210 2104 3281 έτι
2145 3199 2354 3273 Παῦλος
2393 3199 2579 3280 ἕτερος
2619 3199 2772 3261 ἔσται
2813 3206 3032 3271 λοιπὸν,
3072 3206 3172 3276 τῆς
3215 3204 3270 3257 δέ
3304 3202 3587 3273 ἀκριϐείας
3614 3199 3711 3254 τοῦ

2027 3288 2174 3359 βίου,
2192 3288 2305 3341 τῶν
2340 3287 2680 3359 βουλομένων
2707 3286 2941 3350 ἕκαστος
2968 3284 3210 3347 τοιοῦτος
3230 3283 3424 3352 γένοιτ’
3458 3281 3523 3335 ἄν
3545 3300 3557 3312 ·
3583 3282 3631 3359 εί
3654 3282 3712 3334 δὲ

2125 3367 2251 3457 εἰσὶ,
2276 3365 2430 3457 παρὰ
2454 3356 2607 3457 τδὶμὴ
2626 3366 2910 3457 βούλεσθαι
2940 3365 3118 3457 μόνον.
3156 3362 3327 3457 Ἀλλά.
3342 3361 3451 3457 γάρ
3473 3361 3575 3457 ούίι
3591 3356 3708 3449 οἴδα

2025 3439 2143 3509 πῶς
2168 3447 2250 3509 είς
2287 3439 2445 3499 τοῦτο
2486 3445 2711 3515 ἀλογίας
2740 3446 2995 3512 ἐξέπεσον
3030 3446 3073 3508 ί,
3111 3442 3252 3496 κατὰ
3282 3440 3493 3494 Παῦλον
3524 3439 3705 3509 ζητῶν

2024 3544 2177 3591 τινας
2197 3524 2306 3579 τῶν
2340 3525 2456 3589 νῦν,
2478 3526 2597 3579 ούδέ
2636 3525 2779 3579 κατά
2803 3525 2929 3588 τοὺς
2957 3522 3228 3593 τρίτουςῆ
3256 3520 3382 3585 τοὺς
3412 3519 3705 3590 τετάρτους

2030 3605 2149 3677 μετ’
2189 3607 2396 3659 ἐκεῖνον
2416 3605 2712 3674 δυνάμενος
2751 3604 2899 3659 ἰδεῖν.
2927 3604 3026 3657 Διά
3057 3602 3233 3656 ταῦτα
3268 3599 3486 3654 πενθεῖν
3514 3599 3578 3671 δὴ
3607 3599 3711 3669 χρὴ

2027 3685 2124 3739 καὶ
2147 3683 2403 3756 δακρύειν
2435 3686 2529 3738 καὶ
2559 3683 2864 3754 ὀδύρεσθαι,
2895 3683 2957 3736 οὐ
2992 3682 3119 3753 μίαν
3140 3681 3261 3735 οὐδὲ
3295 3679 3554 3751 δευτέραν
3578 3679 3717 3749 ὴμέ-

2029 3782 2131 3837 ραν
2156 3764 2336 3834 μόνον,
2369 3763 2507 3817 ἁλλά
2538 3763 2629 3818 τὸν
2657 3763 2770 3834 βίον
2798 3764 3016 3816 ἅπαντα
3049 3782 3061 3795 ·
3085 3763 3133 3814 εί
3162 3761 3270 3832 γάρ
3300 3778 3385 3824 τις
3406 3762 3485 3824 εἰς
3514 3758 3715 3831 ταύτην

2027 3844 2125 3915 τὴν
2157 3844 2270 3908 ἕξιν
2313 3844 2707 3914 καταστήσειεν
2755 3842 2951 3896 ἐαυτὸν
2974 3885 2988 3907 ,
3025 3841 3301 3903 δυσκόλως
3337 3841 3716 3911 ἁμαρτήσεται

2026 3922 2122 3976 τοῦ
2150 3921 2361 3976 λοιποῦ.
2395 3922 2505 3975 Kal
2538 3924 2587 3975 εί
2608 3921 2910 3985 διαπιστεῖς
2942 3920 3019 3991 τῷ
3045 3920 3209 3990 λόγῳ,
3225 3920 3351 3982 τοὺς
3385 3918 3717 3980 πενθοῦντας

2028 4003 2305 4069 ἐξέτασον,
2328 4001 2498 4074 πένθη
2535 4001 2679 4072 λέγω
2721 4000 2791 4053 τὰ
2812 4000 3077 4071 κοσμικά,
3116 3998 3191 4069 μὴ
3218 3996 3425 4050 τούτων
3451 3996 3571 4050 τινὰ
3606 3995 3714 4074 τῶν

2030 4082 2241 4134 πολλῶν
2273 4082 2368 4135 καὶ
2397 4073 2494 4134 τὸν
2513 4079 2771 4133 ἐπίπονον
2799 4078 3016 4144 ζώντων
3051 4077 3186 4148 βίον,
3205 4075 3321 4129 ἀλλ’
3359 4076 3583 4129 ἐκείνων
3609 4073 3717 4127 τῶν

2029 4159 2214 4230 ἁϐρῶν
2252 4158 2298 4223 i,
2317 4161 2412 4212 καὶ
2438 4159 2592 4211 οὐδὲν
2619 4158 2804 4229 ἕτερον
2826 4156 3043 4210 εἰδότων
3071 4155 3104 4227 ἢ
3137 4155 3368 4225 τρυφᾷν.
3398 4148 3557 4207 Οὗτοι
3585 4152 3714 4223 γάρ,

2028 4232 2173 4291 οὗτοι
2203 4238 2252 4289 οἱ
2285 4237 2505 4307 μεθύειν
2536 4237 2869 4307 μελετῶντες
2899 4236 2992 4289 καὶ¹
3010 4232 3423 4307 γαστρίζεσθαι,
3441 4236 3489 4286 οἱ
3517 4231 3587 4286 τὰ
3619 4235 3719 4302 μὲν

2030 4315 2227 4387 ἄριστα
2251 4311 2629 4378 συντελοῦντες
2669 4315 2860 4386 μέχρις
2892 4316 2918 4354 ¹ι
2952 4315 3210 4385 ἑσπέρας,
3231 4313 3300 4367 τὰ
3330 4312 3388 4366 δέ
3416 4312 3606 4366 δεῖπνα
3640 4314 3720 4374 εἰς

2034 4394 2205 4466 μέσας
2242 4394 2444 4457 νύκτας
2472 4394 2825 4459 ἐκτείνοντες,
2858 4396 2906 4447 οἱ
2930 4395 2997 4447 τὰ
3017 4394 3127 4447 τῶν
3147 4393 3323 4448 ἄλλων
3357 4392 3715 4463 ἁρπάζοντες,

2032 4475 2128 4529 καὶ
2141 4473 2264 4528 οὔτε
2290 4475 2489 4546 χήρας,
2516 4472 2640 4526 οὔτε
2670 4475 2921 4543 πένητος,
2940 4471 3065 4525 οῦτε
3093 4472 3355 4526 ἀδυνάτου
3389 4472 3717 4539 φειδόμενοι,

2031 4555 2080 4607 οἱ
2116 4555 2318 4625 πολλὴν
2359 4553 2617 4623 ὠμότητα
2652 4550 3103 4621 ἐπιδεικνύμενοι,
3134 4552 3186 4602 εῖ
3228 4568 3357 4603 ποτε
3394 4550 3579 4603 πένθει
3621 4550 3718 4620 λη-

2032 4634 2217 4702 φθεῖεν
2252 4632 2469 4705 σφοδρῷ
2503 4633 2599 4686 καὶ
2641 4631 2925 4702 δυναμένῳ
2952 4630 3197 4684 κάτωθεν
3223 4630 3560 4702 ἀναστρέψαι
3583 4629 3600 4668 ι
3625 4634 3719 4685 καὶ

2032 4712 2354 4782 διαταράξαι
2383 4711 2582 4784 ψυχὴν,
2618 4709 2798 4773 πάσας
2823 4710 3037 4774 ἐκείνας
3063 4709 3160 4773 τὰς
3192 4707 3488 4779 βλακώδεις
3525 4710 3717 4763 ἐπιθυ-

2037 4794 2164 4863 μίας
2185 4793 2280 4845 xal
2308 4792 2658 4863 παρανόμους
2683 4788 3023 4854 ἐκϐαλόντες,
3046 4790 3125 4854 είς
3146 4791 3241 4861 τὸν
3271 4787 3379 4842 τῶν
3414 4787 3719 4859 φιλοσόφων

2038 4872 2416 4942 μετατίθενται
2454 4870 2601 4942 βίον,
2642 4868 3066 4941 σκληραγωγίαν
3089 4908 3103 4932 ,
3135 4867 3441 4939 ἀγρυπνίαν
3463 4908 3479 4933 ,
3514 4886 3719 4940 χαμευ-

2035 4950 2184 5012 νίαν.
2218 4951 2536 5022 καρτερίαν,
2569 4949 2855 5021 νηστείαν,
2885 4948 3065 5019 σιγὴν,
3102 4949 3423 5013 ἐπιείκειαν,
3462 4949 3719 5003 ταπεινό-

2034 5048 2200 5102 τητα,
2220 5030 2630 5102 φιλανθρωπίαν
2654 5027 3083 5100 ἐπιδεικνύμενοι
3112 5027 3333 5100 πολλήν.
3356 5027 3550 5084 Καίτοι
3568 5045 3633 5098 γε
3650 5028 3721 5083 τὰ

2103 5175 2126 5229 εξ
2150 5164 2285 5229 ςοιι).
2307 5165 2416 5229 ὑμῖν
2435 5164 2775 5215 ὑπακούουσιν.

2107 5225 2127 5266 ί
2155 5228 2291 5279 Colb.
2316 5225 2452 5277 πότε.

2102 5291 2128 5352 ἕ
2149 5290 2285 5340 Colb.
2312 5288 2399 5338 τοῦ
2423 5287 2567 5339 Θεοῦ.
2592 5288 2747 5338 Paulo
2766 5291 2879 5350 post
2899 5287 3031 5352 idem
3061 5287 3553 5352 πρότερώᾉέξήταζεν.
3586 5286 3715 5352 Ἀθρ.

2041 5348 2165 5401 Infra
2189 5352 2271 5414 μὲν
2293 5352 2447 5400 ἔπεισι
2466 5353 2548 5400 καὶ
2565 5366 2747 5415 παραμ.
2768 5348 2828 5399 ἐι
2852 5363 2964 5399 mox
2985 5348 3138 5414 ἀρχήν
3159 5348 3409 5400 καθιεῖται.

2098 5411 2129 5449 h
2162 5412 2398 5461 Ἑναντίον
2417 5413 2555 5464 Colb.

2108 5430 2129 5449 [³
2175 5430 2398 5461 ιναντιον
2417 5430 2555 5464 LOID.
3520 5463 3542 5474 .-

2108 5474 2122 5513 ί
2149 5474 2289 5538 Colb.
2314 5475 2528 5538 ἐξέπεσα.
2568 5475 2703 5524 Idem
2725 5473 3017 5538 wit-00;“!
3038 5472 3291 5538 τετάρτους
3440 5471 3619 5538 ἐκει-νον
3639 5471 3721 5538 ϐυτ

2037 5537 2383 5609 νάμεωςλίδεῖν..
2401 5536 2461 5609 lq
2479 5538 2656 5587 eodem
2676 5533 2791 5586 ιιιοὶ
2816 5537 2874 5595 δή
2898 5536 3060 5585 deest.
3085 5533 3211 5585 Ibid.
3236 5533 3377 5586 Colb.
3400 5534 3619 5596 δακρύειν
3639 5534 3721 5582 καὶ

2040 5597 2313 5656 κόπτεσθαι,
2334 5597 2389 5645 οὐ
2407 5597 2536 5685 μίαν.

2111 5662 2123 5685 ε
2155 5659 2273 5685 ρηη.
2319 5660 2399 5685 LXX
2447 5660 2536 5685 2...'.‘

2108 5662 2123 5710 i
2155 5659 2292 5722 Colb.
2317 5656 2422 5707 ἀλλ’
2446 5659 2626 5722 ἐκεῖνον
2646 5659 2728 5707 τὸν
2743 5656 2906 5722 ἁϐρόν.

2076 5722 2129 5795 ,ιε
2154 5720 2291 5795 ξυμ).
2318 5727 2372 5795 οξ
2397 5721 2549 5770 Savil.
2590 5723 2765 5783 ἄριστα
2786 5715 3072 5782 μελετῶντες
3093 5719 3269 5783 μέχρις.
3297 5716 3407 5765 Mox
3436 5715 3574 5768 Colb.
3600 5719 3645 5765 οί
3662 5728 3722 5764 τα

2041 5784 2136 5832 τῶν
2158 5784 2330 5844 ἐτέρων
2349 5784 2460 5844 ἀρπ.

2110 5844 2131 5883 ι
2189 5843 2522 5906 Ἀναστρέψαι.
2551 5841 2634 5906 εἰς
2669 5855 2697 5906 e
2732 5842 2883 5906 Savil.
2918 5847 2973 5890 et
2999 5841 3135 5906 Colb.
3160 5840 3513 5906 reﬁcripsgimus.
3540 5838 3718 5890 loro}.

2039 5907 2095 5958 in
2121 5911 2261 5958 textu
2280 5901 2556 5969 ἀνατρέψαι,
2580 5905 2730 5955 Savil.
2757 5902 2806 5954 in
2830 5917 2985 5966 marg.
3008 5902 3329 5965 ἀντιστρέψας.
3352 5901 3489 5953 linit.
