4124 6144
770 258 813 273 υ

381 361 484 421 409

381 474 662 548 plurimam
676 476 927 527 exercent
948 483 962 522 :
982 480 1045 522 ac
1068 464 1192 520 licet
1217 463 1387 517 aliena
1406 470 1595 528 rapere
1609 452 1835 515 soleant,
1854 461 1948 501 sua

383 540 509 623 iuno
541 561 745 634 placide
768 561 1064 630 largiuntur
1090 574 1104 612 :
1135 552 1344 611 etiamsi
1363 551 1481 622 quis
1509 560 1698 603 eorum
1723 540 1878 597 bonis
1901 545 1955 593 et

384 656 565 712 domui
606 654 701 709 toti
732 653 905 722 ignem
932 649 1195 720 subjicere
1220 644 1370 708 velit,
1400 655 1507 696 non
1529 640 1950 695 commoventur.

380 747 575 802 Multos
620 758 720 813 ego
768 741 889 797 novi
942 748 1062 811 post
1115 735 1510 793 carissimorum
1573 726 1913 784 amissionem
1936 760 1953 787 ,

380 844 569 900 relicta
609 842 744 898 urbe
784 839 1005 909 ejusque
1052 831 1366 896 commodis,
1392 830 1447 884 in
1492 838 1620 897 agro
1667 821 1822 878 sedes
1861 831 1958 889 po-

383 942 557 997 suisse
576 981 592 1005 ,
625 938 861 1007 aliosque
889 945 1053 1002 prope
1077 926 1448 983 defunctorum
1490 913 1770 988 sepulchra
1813 918 1956 966 stru-

386 1035 489 1092 ctis
509 1004 742 1095 aedibus,
769 1004 840 1083 ibi
879 1026 1042 1080 vitam
1083 1019 1361 1077 clausisse.
1389 1013 1586 1068 Verum
1611 1008 1677 1062 de
1703 1005 1785 1061 his
1804 1004 1956 1058 alias.

387 1128 558 1183 Porro
598 1123 769 1179 donec
809 1120 987 1174 luctus
1027 1106 1490 1186 perseveraverit,
1522 1100 1664 1157 nulla
1712 1097 1841 1169 ipsis
1877 1103 1961 1151 est

384 1214 733 1291 praesentium
777 1210 796 1243 ¹
827 1209 1002 1275 ratio;
1052 1216 1238 1259 verum
1291 1200 1530 1253 insanam
1582 1192 1726 1247 illam
1766 1187 1961 1244 sollici-

389 1277 627 1364 iudinem
649 1344 667 1368 ,
693 1315 850 1373 quam
879 1297 947 1353 de
971 1291 1243 1351 servandis
1271 1298 1326 1346 et
1351 1282 1660 1356 colligendis
1695 1277 1957 1353 pecuniis,

388 1399 457 1455 de
475 1371 793 1466 acquirenda
818 1388 1055 1462 potentia
1081 1395 1136 1441 et
1156 1383 1324 1455 gloria
1367 1377 1507 1449 apud
1542 1371 1958 1436 multitudinem,

389 1505 488 1548 ceu
507 1464 772 1560 quoddam
819 1483 1020 1539 {meum
1049 1486 1140 1533 aut
1168 1474 1291 1532 freni
1336 1472 1522 1528 florem
1568 1465 1816 1524 mmroris
1841 1464 1961 1532 igne

388 1580 768 1637 comburentes
790 1615 807 1642 ,
837 1574 906 1629 ab
931 1571 1111 1626 animo
1153 1582 1250 1622 suo
1290 1562 1605 1634 repudiant;
1636 1560 1688 1613 in
1732 1564 1962 1611 tantam-

389 1690 495 1746 que
522 1682 651 1728 tunc
679 1664 1068 1741 philosOphiam
1118 1675 1271 1716 mens
1292 1671 1476 1714 eorum
1503 1668 1563 1709 se
1587 1648 1876 1713 transfert,
1904 1653 1965 1701 ut

392 1745 459 1824 de
485 1769 607 1822 vitae
651 1758 1008 1831 voluptatibus
1042 1770 1110 1810 ne
1136 1752 1295 1809 verba
1329 1748 1546 1821 quidem
1581 1745 1754 1798 facere
1776 1752 1963 1811 quem-

391 1860 533 1929 piam
584 1854 886 1926 patiantur;
925 1847 1021 1903 sed
1062 1843 1238 1901 omnia
1264 1883 1280 1907 ,
1309 1854 1427 1910 qua:
1470 1838 1523 1892 in
1557 1833 1763 1890 deliciis
1807 1839 1963 1885 antea

392 1928 581 2012 erant,
625 1945 812 2001 odiosa
855 1949 981 1995 tunc
1032 1945 1086 1991 et
1129 1933 1319 1989 acerba
1347 1928 1625 1985 videantur
1654 1941 1669 1978 :
1701 1932 1965 1989 nemoque

396 2053 524 2097 tunc
574 2040 688 2094 sive
724 2032 1160 2093 domesticorum,
1191 2026 1304 2080 sive
1349 2021 1643 2077 amicorum
1692 2015 1762 2071 de
1803 2013 1966 2069 rebus

394 2135 556 2201 hujus
583 2128 787 2192 mundi,
810 2125 897 2181 vel
930 2119 1220 2178 admodum
1244 2113 1572 2185 urgentibus,
1594 2122 1779 2164 vocem
1805 2104 1966 2161 eruit-

394 2194 508 2278 tere
535 2219 759 2282 audeat;
787 2213 882 2270 sed
908 2210 1085 2267 omnia
1111 2205 1472 2276 repudiantur,
1502 2208 1556 2257 et
1581 2194 1966 2269 phil090phicis

393 2312 730 2371 sermonibus
757 2307 988 2365 cedunt:
1011 2303 1288 2371 animaque
1315 2308 1440 2353 tune
1457 2337 1473 2362 ,
1503 2292 1758 2364 magistro
1783 2290 1928 2344 luctu
1947 2327 1963 2354 ,

393 2422 493 2462 ceu
525 2404 577 2458 in
609 2416 763 2458 sacro
789 2396 1019 2469 quodam
1061 2394 1180 2448 loco
1223 2390 1442 2446 docetur
1480 2387 1724 2440 humanm
1764 2389 1967 2436 natura:

392 2498 649 2553 vilitatem
675 2535 691 2561 ,
719 2490 998 2564 praesentis
1031 2484 1214 2544 saaeuli
1255 2482 1567 2538 brevitatem
1586 2519 1602 2543 ,
1633 2473 1965 2532 saecularium

394 2606 574 2647 rerum
614 2584 1126 2657 eorruptibilitatem.
1163 2590 1218 2634 et
1262 2574 1697 2638 instabilitatem,
1743 2583 1918 2625 scema
1945 2568 1967 2599 ³

395 2695 574 2737 rerum
596 2694 716 2749 quae
752 2683 1010 2748 geruntur
1037 2669 1389 2725 histrioniam.
1433 2665 1581 2719 'l‘unc
1625 2674 1848 2731 magnus
1872 2673 1966 2728 pc-

396 2772 677 2827 cuniarum
724 2773 1097 2835 contemptus,
1136 2761 1215 2817 ira
1264 2758 1503 2823 tollitur,
1533 2754 1751 2809 ambitio
1792 2750 1971 2820 despi-

396 2865 537 2920 citur
565 2880 582 2918 :
611 2876 712 2916 nec
735 2860 871 2914 livor
893 2870 1153 2927 occupare
1176 2894 1192 2920 ,
1222 2867 1322 2907 nec
1363 2848 1664 2920 arrogantia
1688 2847 1825 2900 ultra
1851 2859 1967 2899 mo-

396 2958 524 3014 dum
553 2955 818 3012 extollere
841 2959 1016 3024 potest
1064 2965 1185 3005 eum
1206 2989 1221 3013 ,
1246 2946 1335 3018 qui
1374 2946 1520 2999 luctu
1549 2943 1794 2997 atteritur
1820 2958 1833 2994 :
1864 2953 1969 2994 non

397 3045 822 3118 concupiscentia
849 3042 1101 3098 lascivum
1142 3037 1411 3101 incendit;
1441 3035 1536 3091 sed
1585 3032 1687 3088 illis
1726 3031 1972 3086 omnibus

398 3141 594 3213 fugatis
617 3182 634 3207 ,
678 3153 779 3193 una
818 3138 993 3193 solum
1037 3133 1285 3205 cogitatio
1315 3130 1552 3193 obtinet,
1582 3141 1701 3196 qua:
1736 3123 1971 3179 defuncti

398 3235 685 3305 imaginem
737 3231 1101 3287 indesinenter
1149 3226 1306 3281 offert
1350 3242 1365 3279 :
1412 3223 1514 3278 hoc
1557 3222 1737 3283 cibus,
1769 3228 1927 3290 potus
1955 3260 1970 3283 ,

399 3338 617 3380 somnus
640 3362 657 3388 ,
682 3321 929 3391 voluptas
954 3360 970 3385 ,
1026 3316 1236 3387 requies
1259 3356 1275 3381 ,
1306 3312 1601 3369 consolatio
1639 3310 1841 3367 multa:
1872 3308 1974 3367 hoc

399 3415 568 3486 gloria
594 3455 611 3481 ,
642 3412 837 3468 divitia:
857 3452 871 3477 ,
899 3409 1133 3480 potentia
1156 3450 1171 3473 ,
1204 3406 1468 3475 voluptas.

475 3506 563 3562 10.
601 3505 690 3561 Sic
716 3518 813 3558 nos
848 3507 1119 3572 oporteret
1147 3498 1393 3553 amissam
1438 3496 1619 3564 lugere
1644 3494 1867 3549 salutem
1908 3504 1975 3544 ne

402 3598 527 3668 quid
569 3595 796 3665 amplius
821 3593 992 3648 dicam
1023 3589 1179 3648 :desi
1201 3589 1333 3643 lerio
1380 3586 1472 3641 illo
1505 3593 1652 3639 tanto
1698 3595 1750 3637 et
1784 3581 1974 3637 alacri-

404 3698 513 3743 tate
555 3701 688 3756 opus
740 3682 929 3740 esset'
972 3695 1157 3736 omnes
1183 3679 1392 3734 oculum
1435 3677 1625 3730 mentis
1669 3673 1794 3727 illuc
1842 3671 1973 3725 diri-

403 3792 567 3848 gere,
598 3775 821 3846 ejusque
857 3773 1168 3829 memoriam
1212 3780 1265 3825 et
1310 3769 1530 3823 formam
1577 3766 1814 3820 omnium
1857 3764 1976 3818 loco

405 3868 559 3923 nobis
580 3881 716 3922 esse.
739 3865 890 3920 Nunc
911 3872 1087 3919 autem
1109 3862 1196 3933 qui
1223 3861 1360 3915 ﬁlios
1376 3869 1429 3915 et
1448 3874 1643 3914 uxores
1662 3858 1973 3922 amiserunt,

404 3957 538 4013 nihil
580 3955 721 4010 aliud
761 3955 814 4009 in
864 3962 1045 4009 mente
1093 3960 1341 4017 versant,
1371 3965 1529 4021 quam
1576 3959 1634 4005 ut
1676 3950 1976 4006 ahlatorum

405 4048 663 4118 imagines
710 4045 812 4111 sibi
852 4045 1156 4113 confingant
1183 4060 1197 4095 :
1226 4057 1326 4097 nos
1362 4051 1536 4095 autem
1560 4083 1575 4109 ,
1619 4043 1707 4111 qui
1757 4057 1977 4110 regnum

408 4140 661 4194 tta-lorum
689 4135 1017 4208 perdidimus
1049 4174 1065 4199 ,
1094 4133 1270 4188 omnia
1310 4132 1485 4201 potius
1508 4173 1523 4198 ,
1551 4146 1707 4201 quam
1735 4131 1863 4185 illud
1889 4146 1980 4186 co-

409 4230 659 4299 gitamus.
687 4229 764 4284 Ac
792 4227 1001 4281 illorum
1028 4224 1240 4295 quidem
1269 4237 1426 4278 nemo
1465 4224 1565 4277 etsi
1626 4220 1772 4295 regio
1793 4223 1975 4295 sitge-

410 4336 570 4385 nere,
599 4321 665 4375 de
704 4320 848 4375 luctu
889 4318 1046 4373 solito
1079 4316 1394 4381 erubescet;
1425 4313 1520 4369 sed
1547 4312 1693 4367 humi
1733 4311 1978 4376 sedebit,

411 4409 601 4465 acerbe
630 4408 864 4478 lugebit,
895 4415 1095 4463 vestem
1120 4405 1343 4460 mutabit
1367 4445 1382 4469 ,
1406 4404 1612 4474 aliaque
1638 4402 1839 4468 omnia,
1864 4416 1983 4471 qua:

414 4500 716 4570 hujusmodi
738 4500 1029 4554 cruciatum
1058 4498 1400 4563 comitantur,
1429 4512 1618 4566 magna
1647 4511 1767 4551 cum
1795 4494 1983 4549 alacri-

414 4600 523 4647 tate
548 4592 682 4647 feret
710 4609 725 4647 :
756 4606 861 4646 non
891 4590 1141 4661 cogitabit
1166 4589 1234 4644 de
1271 4589 1583 4644 educatione
1604 4630 1619 4655 ,
1648 4588 1716 4644 de
1745 4588 1985 4657 corporis

415 4679 617 4747 habitu,
640 4696 745 4734 non
766 4680 834 4736 de
854 4680 1059 4736 morbis
1083 4679 1174 4750 qui
1203 4679 1271 4734 ab
1298 4677 1557 4748 ejusmodi
1579 4678 1829 4732 aerumnis
1856 4679 1986 4733 acci-

415 4770 546 4826 dere
572 4779 828 4841 possunt,
860 4770 954 4826 sed
995 4770 1171 4825 omnia
1216 4767 1498 4823 admodum
1543 4767 1698 4823 facile
1734 4766 1889 4822 feret.
1923 4767 1989 4822 Et

420 4862 535 4918 ham
559 4878 665 4918 non
689 4863 849 4919 modo
874 4861 993 4929 viri,
1022 4860 1115 4917 sed
1143 4861 1299 4917 etiam
1328 4860 1709 4926 muliercs,etsi
1731 4860 1883 4916 valde
1902 4861 1985 4915 in-

421 4956 608 5019 firmae,
631 4956 904 5023 exhibent,
925 4956 1114 5026 hisque
1136 4955 1294 5011 etiam
1324 4954 1668 5025 majora.Nos
1695 4962 1870 5010 autem
1898 4955 1989 5023 qui

421 5062 529 5105 non
548 5046 689 5103 filios
709 5088 725 5113 ,
759 5061 867 5101 non
897 5061 1091 5103 uxores
1114 5085 1129 5111 ,
1160 5045 1256 5102 sed
1288 5046 1479 5101 animae
1520 5045 1810 5116 perniciem
1842 5044 1991 5115 luge-

422 5155 561 5205 mus,
592 5140 799 5208 anima,
826 5141 1042 5212 inquam
1065 5182 1080 5207 ,
1104 5157 1213 5196 non
1251 5141 1458 5206 alienae,
1487 5139 1579 5196 sed
1621 5148 1838 5204 nostrae,
1865 5153 1989 5194 cor-

424 5231 567 5301 poris
605 5231 1026 5288 imbecillitatem
1076 5232 1343 5303 ﬁngimus,
1370 5234 1647 5302 victusque
1688 5230 1987 5285 mollitiem.

425 5325 598 5395 Atqre
641 5325 841 5379 utinam
882 5324 970 5380 hic
1010 5333 1116 5381 stet
1156 5325 1356 5380 malum
1387 5341 1400 5377 :
1429 5332 1484 5378 at
1530 5338 1597 5378 ne
1644 5324 1731 5377 illa
1779 5320 1991 5392 quidem

489 5478 506 5509 ¹
537 5483 651 5534 tox,
675 5475 995 5535 prmium,
1019 5474 1164 5525 deest
1184 5475 1235 5524 in
1252 5472 1386 5524 Colb.

488 5539 510 5601 ξ
543 5542 591 5586 lu
611 5538 762 5596 Coll)"
786 5550 974 5601 magna:
995 5547 1167 5601 scenae,

427 5663 475 5713 in
490 5599 715 5711 lci/gnua,
737 5591 854 5661 opus
865 5591 1006 5662 Esset,
1019 5599 1196 5650 desunt
1213 5595 1265 5647 in
1286 5594 1436 5655 Colb.,
1458 5601 1508 5644 et
1530 5606 1658 5653 mox,
1682 5591 1830 5651 nobis,
1858 5591 2000 5642 deest

1260 345 1349 402 DE
1374 328 1918 400 COMPUNCTIONE,
1954 327 2048 385 AD
2087 324 2509 384 DEMETRIUM.
2533 325 2659 380 LIB.
2698 323 2741 379 Ι.

3520 318 3623 375 410

2059 440 2285 497 facimus
2308 483 2322 506 ,
2349 441 2402 496 in
2424 441 2614 512 quibus
2641 437 2881 510 corporis
2908 449 3070 508 opere
3094 449 3202 491 non
3222 448 3458 505 egemus.
3489 432 3625 501 Quid

2058 535 2200 592 enim
2219 576 2232 596 .
2261 534 2348 589 die
2376 534 2503 589 mihi
2528 573 2544 600 ,
2568 532 2810 604 corporis
2840 530 3043 585 viribus
3088 543 3224 600 opus
3261 537 3379 594 est,
3412 525 3624 597 quando

2059 639 2154 680 cor
2180 633 2457 680 conterere
2480 623 2737 679 debemus
2757 665 2773 690 ,
2805 637 2925 678 cum
2954 620 3140 692 vigiles
3159 617 3366 691 precari
3394 624 3625 689 oportet,

2059 730 2179 772 cum
2205 725 2420 786 peccata
2446 715 2765 785 recogitare,
2796 712 3149 782 arrogantiam
3174 720 3225 766 et
3252 718 3512 765 tumorem
3537 708 3630 763 de-

2061 822 2260 877 ponere
2279 848 2295 873 ,
2327 814 2560 861 mentem
2588 805 2928 875 deprimere?
2957 804 3081 859 [hec
3108 804 3303 873 quippe
3330 810 3488 868 sunt,
3512 815 3631 871 qure

2062 898 2228 953 Deum
2255 897 2409 952 nobis
2433 897 2673 966 placant,
2699 909 2801 950 nec
2825 895 2991 950 multo
3021 902 3180 964 egent
3204 894 3405 948 labore.
3448 891 3633 961 Neque

2064 998 2241 1045 tamen
2281 989 2396 1044 hzee
2434 989 2675 1043 facimus.
2703 986 2886 1057 Neque
2929 987 3072 1041 enim
3121 986 3205 1040 hic
3248 986 3395 1040 solus
3427 991 3512 1039 est
3554 983 3631 1037 lu-

2062 1080 2219 1152 gendi
2241 1079 2448 1143 modus,
2473 1082 2516 1134 si
2542 1094 2697 1134 sacco
2716 1079 3071 1148 accingamur,
3100 1077 3153 1131 in
3181 1075 3504 1131 domuncula
3535 1087 3631 1128 nos

2063 1175 2372 1231 claudamus
2396 1215 2411 1239 ,
2441 1173 2526 1228 vel
2550 1175 2600 1227 in
2630 1172 2867 1228 tenebris
2891 1171 3171 1227 sedeamus
3190 1210 3206 1237 ,
3234 1168 3329 1223 sed
3350 1169 3396 1222 si
3422 1166 3634 1222 assidue

2065 1266 2379 1321 memoriam
2405 1264 2716 1320 delictorum
2753 1262 3186 1319 circumferamus
3209 1301 3224 1326 ,
3251 1258 3632 1315 conscientiam

2064 1359 2468 1426 examinemus,
2525 1357 2626 1412 viae
2670 1355 3053 1427 longitudinem
3103 1354 3405 1425 frequenter
3448 1351 3634 1405 metia-

2069 1467 2209 1517 mur,
2231 1461 2485 1521 quantmn
2515 1449 2720 1504 scilicet
2745 1463 2775 1502 a
2804 1462 2969 1517 regno
2994 1447 3247 1501 emtorem
3268 1444 3546 1499 distemus.
3574 1441 3634 1499 Et

2066 1541 2336 1616 quomodo
2353 1583 2369 1608 ,
2396 1541 2630 1611 inquies,
2659 1541 2761 1595 hoc
2786 1538 2899 1594 fieri
2921 1537 3154 1608 poterit?
3180 1537 3292 1602 Qua
3321 1533 3567 1590 ratione?
3592 1532 3636 1586 si

2048 1634 2361 1706 gehennam
2407 1647 2618 1702 semper
2660 1647 2770 1701 prae
2811 1630 2979 1685 oculis
3021 1628 3345 1692 habeamus,
3376 1640 3475 1680 nec
3531 1638 3635 1685 non

2066 1724 2284 1795 angelos
2308 1723 2504 1794 ubique
2533 1723 2769 1777 locorum
2809 1728 2934 1776 tunc
2958 1719 3346 1781 discurrentes,
3378 1724 3538 1784 atque
3573 1729 3636 1769 ex

2067 1817 2315 1872 universo
2356 1815 2487 1869 orbe
2524 1820 2906 1883 congregantes
2955 1824 3049 1865 eos
3099 1810 3190 1879 qui
3238 1808 3290 1861 in
3340 1808 3638 1877 gehennam

2066 1904 2361 1962 abducendi
2385 1912 2544 1958 sunt:
2576 1903 2621 1957 si
2641 1903 2934 1975 cogitemus
2956 1899 3117 1954 etiam
3142 1904 3394 1968 quantum
3419 1895 3638 1960 malum,

2067 1996 2309 2068 gehenna
2332 1995 2562 2064 seposita
2581 2037 2595 2061 ,
2626 1992 2833 2050 excludi
2864 2007 2892 2044 a
2917 2006 3081 2062 regno
3114 1989 3388 2045 caelorum.
3430 1984 3637 2042 Etenim

2069 2091 2276 2147 etiamsi
2318 2089 2461 2144 nulla
2506 2097 2652 2145 esset
2697 2087 2834 2159 ignis
2860 2086 3001 2141 illius
3028 2084 3400 2148 comminatio,
3431 2081 3639 2138 etiamsi

2069 2182 2388 2236 immortalia
2417 2180 2671 2251 supplicia
2701 2194 2806 2235 non
2838 2194 2936 2234 nos
2975 2185 3275 2244 manerent,
3306 2174 3436 2230 illud
3466 2174 3639 2229 solum

2069 2274 2208 2345 quod
2246 2271 2581 2329 abalienandi
2626 2285 2866 2327 essemus
2906 2285 2934 2323 a
2960 2267 3192 2334 Christo,
3222 2273 3499 2322 mansueto
3528 2264 3640 2332 illo,

2069 2376 2124 2423 et
2165 2367 2438 2421 hominum
2489 2372 2766 2430 amatore,
2815 2361 2905 2432 qui
2940 2360 3174 2430 seipsum
3222 2374 3319 2430 pro
3366 2359 3521 2413 nobis
3574 2356 3640 2411 ad

2070 2469 2298 2515 mortem
2326 2457 2563 2524 tradidit,
2589 2463 2646 2512 et
2684 2455 2863 2510 omnia
2892 2468 3080 2525 passus
3105 2460 3207 2516 est,
3239 2459 3296 2506 ut
3333 2464 3433 2505 nos
3456 2450 3525 2504 ab
3549 2449 3642 2503 illo

2072 2552 2332 2622 supplicio
2349 2551 2621 2616 liberaret,
2643 2558 2696 2602 et
2716 2545 2862 2602 Patri
2886 2559 2983 2599 suo
3005 2543 3397 2607 reconciliaret,
3423 2539 3512 2610 qui
3548 2552 3642 2607 per

2071 2644 2265 2701 delicta
2295 2651 2476 2698 nostra
2506 2642 2671 2711 ipsius
2694 2639 2890 2692 inimici
2920 2651 3136 2693 eramus
3156 2677 3171 2702 ,
3202 2634 3407 2690 etiamsi
3437 2648 3466 2686 a
3489 2631 3644 2686 bonis

2075 2737 2178 2792 illis
2206 2734 2524 2806 prepositis,
2551 2729 2907 2787 ined'abilibus
2947 2737 3001 2784 et
3044 2724 3433 2781 immortalibus
3456 2763 3472 2790 ,
3502 2721 3644 2776 exci-

2073 2828 2202 2884 dere
2252 2842 2358 2882 non
2409 2824 2766 2889 deberemus;
2798 2820 2924 2875 illud
2945 2861 2962 2887 ,
2989 2820 3202 2889 inquam
3226 2859 3242 2884 ,
3271 2816 3445 2871 solum
3500 2814 3645 2869 omni

2074 2917 2338 2987 supplicio
2357 2915 2528 2986 majus
2542 2924 2644 2979 est,
2669 2912 2967 2981 sufficilque
2992 2908 3057 2964 ad
3078 2905 3412 2963 excitandum
3439 2905 3644 2960 animas

2075 3017 2309 3073 nostras,
2339 3017 2393 3062 et
2422 3002 2845 3077 persuadendum
2889 3009 2946 3055 ut
2974 3013 3187 3068 semper
3232 2996 3465 3068 vigilent.
3511 2993 3643 3048 Nam

2074 3103 2121 3158 si
2163 3100 2246 3156 vel
2289 3112 2410 3154 cum
2461 3096 2689 3166 legimus
2725 3090 3029 3162 exemplum
3073 3088 3304 3156 quinque
3347 3084 3643 3154 virginum,

2075 3207 2207 3264 quas
2237 3190 2340 3245 olei
2371 3186 2588 3257 penuria
2614 3192 2763 3259 extra
2788 3181 2967 3253 sponsi
2996 3178 3292 3235 cubiculum
3314 3174 3556 3238 exclusit,
3578 3172 3647 3226 de

2078 3285 2291 3341 illarum
2321 3278 2614 3335 infortunio
2636 3273 2856 3348 perinde
2884 3280 3044 3342 atque
3075 3270 3179 3324 illa:
3204 3267 3445 3323 dolemus
3486 3273 3646 3334 atque

2079 3376 2392 3448 turbamur;
2444 3372 2487 3427 si
2543 3369 2839 3439 cogitemus
2890 3377 2989 3417 nos
3039 3360 3185 3430 ipsos
3237 3358 3305 3413 ob
3366 3354 3644 3426 segnitiem

2079 3444 2312 3524 nostram
2345 3464 2571 3533 idipsum
2592 3470 2843 3530 passuros
2869 3468 3007 3518 esse,
3039 3451 3156 3522 quis
3181 3450 3252 3505 ita
3277 3447 3514 3518 lapideus
3542 3444 3647 3500 erit

2078 3569 2160 3625 ut,
2187 3557 2362 3612 anima
2389 3568 2601 3622 semper
2630 3550 2732 3604 hoc
2774 3545 3016 3615 exemplo
3055 3543 3347 3605 concitata,
3379 3539 3429 3592 in
3473 3537 3644 3608 negli-

2078 3651 2312 3721 gentiam
2366 3645 2560 3702 cadat?
2602 3642 2915 3697 Poteramus
2942 3634 3157 3705 quidem
3187 3646 3488 3687 sermonem
3526 3631 3647 3684 lon—

2078 3739 2524 3814 gius.producere
2542 3775 2559 3803 ,
2589 3733 2684 3789 sed
2712 3732 2834 3802 quia
2863 3725 3177 3784 obcdientim
3221 3725 3389 3795 gratia
3431 3722 3601 3776 solum
3631 3762 3647 3786 ,

2079 3813 2131 3890 et
2161 3847 2264 3884 non
2286 3830 2386 3883 alia
2402 3827 2471 3882 de
2498 3838 2656 3880 causa
2678 3822 2791 3876 hmc
2806 3834 2837 3874 a
2858 3818 3011 3873 nobis
3027 3816 3165 3871 dicta
3185 3818 3328 3879 sunt,
3355 3813 3473 3882 plus
3493 3826 3648 3881 quam

2082 3923 2213 3979 satis
2240 3928 2416 3975 erunt.
2448 3917 2578 3971 Nam
2610 3912 2772 3984 probe
2801 3910 2922 3966 novi
2954 3917 3005 3962 te
3033 3902 3457 3973 compunctionis
3485 3902 3649 3955 virtu-

2081 4024 2188 4070 tem
2225 4009 2456 4082 perfecte
2492 4017 2675 4061 tenere
2697 4044 2714 4072 ,
2742 4011 2797 4057 et
2828 4002 2945 4056 aliis
2973 4012 3088 4053 eam
3119 4010 3274 4065 posse
3294 3993 3375 4047 vel
3407 3993 3648 4046 silentem

2085 4107 2317 4169 tradere,
2345 4103 2388 4157 si
2410 4101 2610 4156 vellent
2637 4106 2840 4152 tantum
2866 4092 2931 4147 ad
2962 4094 3124 4145 breve
3160 4098 3366 4157 tempus
3392 4100 3511 4140 cum
3546 4086 3654 4153 pic-

2084 4205 2192 4252 tate
2241 4203 2329 4249 tua
2373 4192 2581 4253 vivere,
2612 4189 2878 4255 vitamque
2906 4183 3046 4237 illam
3098 4177 3402 4234 crucifixum
3449 4176 3651 4230 videre.

2082 4288 2158 4346 lla
2188 4295 2244 4340 ut
2264 4327 2278 4351 ,
2304 4285 2348 4339 si
2382 4284 2542 4336 velint
2570 4282 2635 4344 ii,
2661 4279 2748 4350 qui
2780 4291 2921 4332 nunc
2948 4276 3168 4335 vivunt,
3194 4269 3655 4339 compunctionem

2083 4378 2357 4441 ediscere,
2414 4372 2482 4427 ad
2531 4368 2884 4425 habitaculum
2930 4374 3077 4418 tuum
3125 4378 3183 4416 se
3212 4361 3521 4421 conferant;
3568 4360 3656 4427 qui

2086 4486 2212 4525 vero
2256 4478 2375 4538 post
2410 4463 2575 4519 futuri
2600 4468 2760 4525 sunt,
2791 4465 2939 4526 gesta
2971 4462 3057 4508 tua
3095 4453 3339 4517 audiant,
3372 4458 3614 4518 Oporteat
3641 4465 3656 4502 :

2087 4574 2331 4632 magnam
2388 4556 2528 4611 enim
2587 4551 2653 4605 ad
2711 4549 2760 4603 id
2802 4561 2957 4617 epem
3012 4544 3288 4597 allaturam
3357 4553 3478 4593 esse
3532 4546 3661 4605 puto

2089 4631 2332 4711 velvitae
2379 4659 2484 4703 tum
2542 4644 2920 4699 narrationem.
2966 4636 3364 4705 Quamobrem,
3407 4631 3656 4695 obsecro,

2089 4748 2235 4801 vices
2291 4740 2421 4797 mihi
2480 4736 2778 4808 rependas,
2830 4744 3120 4802 precesque
3178 4737 3295 4783 tuas
3345 4728 3400 4783 in
3461 4738 3665 4780 merce-

2090 4839 2211 4894 dem
2260 4834 2493 4897 tribuas;
2525 4832 2594 4885 ita
2637 4837 2695 4884 ut
2722 4842 2827 4883 non
2880 4824 3039 4880 modo
3067 4824 3136 4880 de
3162 4823 3567 4893 eompunctione
3590 4821 3665 4873 lo-

2092 4944 2247 4999 quar,
2275 4924 2369 4981 sed
2395 4933 2448 4979 et
2467 4938 2579 4977 rem
2621 4920 2791 4991 ipsam
2822 4917 3072 4988 operibus
3094 4913 3396 4970 exhibeam.
3418 4910 3666 4979 Quando-

2095 5018 2308 5091 quidem
2336 5014 2579 5070 doctrina
2605 5013 2721 5067 sine
2740 5024 2903 5081 opere
2918 5023 3034 5091 non
3057 5006 3214 5061 modo
3236 5004 3369 5059 nihil
3393 5004 3550 5070 lucri,
3572 5001 3668 5058 sed

2096 5114 2255 5168 etiam
2287 5109 2660 5165 detrimentum
2706 5082 2952 5174 magnum
2979 5109 3034 5156 et
3060 5099 3559 5154 condemnationem
3586 5093 3668 5148 af-

2101 5204 2203 5260 fert
2226 5202 2275 5257 ei
2297 5242 2312 5267 ,
2345 5201 2432 5271 qui
2456 5215 2576 5255 cum
2608 5206 2753 5252 tanta
2778 5192 3022 5250 socordia
3048 5192 3210 5246 vitam
3239 5189 3452 5244 ordinat
3491 5200 3667 5241 suam.

2105 5295 2123 5328 ι
2163 5293 2286 5347 Νοη
2311 5292 2479 5358 enim,
2516 5288 2719 5358 inquit,
2755 5285 2916 5340 cuiuis
2956 5284 3040 5354 qui
3075 5283 3197 5335 dicit
3224 5280 3384 5345 mihi,
3410 5276 3662 5342 Domine,

2108 5385 2325 5441 Domine
2346 5424 2362 5449 ,
2389 5382 2475 5437 sed
2502 5380 2586 5451 qui
2616 5379 2781 5433 fecerit
2808 5385 2854 5432 et
2879 5377 3135 5439 docuerit,
3164 5373 3247 5427 hic
3281 5385 3495 5445 magnus
3520 5382 3671 5423 uoca-

2112 5477 2243 5530 bitur
2271 5475 2325 5528 in
2349 5490 2501 5543 regno
2530 5471 2767 5526 calorum
2793 5467 2999 5540 (Matth.
3021 5468 3174 5526 7.2!.
3190 5474 3245 5522 et
3268 5463 3320 5519 5.
3343 5461 3461 5531 19).

2172 5647 2188 5677 ι
2226 5651 2327 5692 llaec
2356 5651 2509 5704 usque
2527 5636 2585 5685 ad
2607 5635 2751 5685 tinem
2772 5631 2950 5681 desunt
2971 5628 3021 5679 in
3040 5625 3177 5678 Savil.
