4124 6144
509 299 602 354 411
1242 297 1300 356 3.
1338 298 1614 357 JOANNIS
1648 300 2124 361 CHRYSOSTOMI
2160 303 2474 362 ARCHIEP.
2512 264 3044 368 CONSTANTINOP.

1290 510 1567 653 AD
1671 459 3037 703 STELECHIUM,

3652 315 3758 371 4Ιῖ

1657 735 1761 797 ΕΤ
1801 735 1908 796 DE
1949 732 2607 811 COMPUNCTIONE,
2668 788 2681 805 κ

1372 859 1852 990 LIBER
1931 878 2733 992 SECUNDUS
2782 886 2854 989 ¹.

1882 1085 2360 1166 *νουσα-κ-

568 1271 619 1326 l.
660 1269 725 1325 Et
753 1265 1018 1338 quomodo
1044 1263 1158 1320 ﬁeri
1188 1264 1373 1334 possit,
1405 1269 1586 1316 sancte
1614 1259 1708 1315 Dei
1734 1259 1916 1323 homo,
1943 1256 2065 1311 Ste-

496 1363 653 1427 lechi,
682 1358 821 1431 quod
845 1361 1096 1427 imperas,
1124 1363 1182 1411 ut
1202 1355 1270 1410 ab
1288 1353 1461 1410 anima
1485 1353 1555 1407 ita
1573 1350 1782 1405 inllrma
1807 1358 1863 1405 et
1882 1349 2069 1420 frigida

496 1451 563 1508 de
590 1449 995 1521 compunctione
1022 1458 1295 1501 sermones
1323 1442 1584 1499 edantur?
1611 1442 1745 1497 Puto
1771 1441 1912 1496 enim
1934 1455 2066 1510 opus

494 1558 613 1601 esse
628 1559 771 1611 eum,
788 1541 879 1614 qui
907 1542 959 1596 in
983 1540 1082 1596 hac
1104 1539 1324 1594 materia
1348 1537 1544 1609 aliquid
1562 1536 1686 1592 boni
1706 1535 1944 1592 dicturus
1960 1544 2062 1603 est,

493 1649 606 1705 prce
646 1633 890 1689 omnibus
928 1630 1046 1687 aliis
1087 1629 1189 1685 hoc
1226 1628 1402 1683 studio
1431 1630 1451 1660 ³
1484 1629 1686 1682 fervere
1720 1634 1772 1680 et
1815 1625 2063 1692 incendi,

494 1726 568 1785 ita
592 1733 649 1779 ut
669 1724 830 1779 verba
847 1738 963 1793 qua:
984 1721 1256 1792 proferunt
1275 1719 1521 1774 candenti
1543 1717 1683 1773 ferro
1699 1717 2065 1773 vehementius

493 1818 547 1873 in
576 1816 875 1872 auditorum
915 1814 1120 1868 animos
1166 1810 1399 1867 incidere
1440 1810 1668 1865 valeant.
1694 1809 1859 1864 Nobis
1886 1818 2064 1864 autem

493 1909 630 1979 ignis
657 1903 957 1976 hujusmodi
986 1918 1091 1958 non
1130 1902 1319 1966 adest,
1351 1901 1447 1957 sed
1477 1901 1653 1956 omnia
1684 1902 1934 1957 interiora
1965 1915 2063 1955 no-

493 2007 601 2053 stra
637 2002 761 2051 sunt
796 1994 929 2050 cinis
958 2002 1012 2049 et
1042 1993 1232 2063 pulvis.
1265 1990 1542 2047 Undenam
1567 2032 1580 2057 ,
1613 1990 1697 2046 die
1731 1991 1859 2045 mihi
1883 2030 1896 2055 ,
1927 1989 2066 2045 unde

494 2088 762 2144 flammam
783 2085 1132 2141 accendamus
1154 2084 1319 2146 illam,
1336 2098 1459 2138 cum
1475 2096 1644 2152 neque
1664 2081 1889 2136 scintilla
1906 2080 2061 2148 adsit,

495 2196 667 2252 neque
701 2179 842 2250 ligna
865 2177 1172 2248 subiaceant
1194 2218 1209 2241 ,
1241 2189 1413 2246 neque
1437 2174 1655 2244 spiritus
1676 2173 1742 2229 ad
1771 2173 1913 2228 illam
1944 2187 2066 2243 per-

493 2271 716 2325 llandam
731 2268 993 2331 adveniat,
1009 2267 1076 2322 ob
1087 2265 1362 2336 caliginem
1374 2264 1396 2295 ³
1409 2279 1600 2335 nempe
1611 2264 1755 2319 illam
1773 2263 2061 2334 ingentem,

490 2377 649 2434 quam
689 2362 768 2416 vis
810 2368 1149 2431 peccatorum
1191 2358 1382 2412 animae
1420 2364 1615 2411 nostra:
1647 2354 1927 2412 obtendit?
1951 2354 2066 2426 Ego

491 2453 704 2525 quidem
735 2466 839 2507 non
867 2451 1010 2517 novi,
1041 2448 1134 2504 sed
1166 2455 1312 2504 tuum
1341 2455 1425 2502 est
1450 2446 1647 2514 dicere,
1677 2446 1767 2517 qui
1792 2446 2022 2516 imperas
2044 2487 2060 2513 ,

491 2561 597 2616 quo
619 2553 771 2615 pacto
787 2543 991 2613 jussum
1014 2551 1160 2596 tuum
1182 2540 1234 2595 in
1251 2553 1384 2609 opus
1404 2537 1676 2608 procedat,
1696 2544 1750 2593 et
1768 2552 2066 2608 congruen-

493 2645 597 2691 tem
629 2636 788 2689 ﬁnem
818 2640 1147 2703 asseqnatur.
1181 2630 1289 2686 Nos
1323 2638 1471 2685 certe
1494 2628 1684 2698 lingua:
1707 2627 2063 2698 praebebimus

492 2726 881 2789 ministerium;
914 2732 970 2777 tu
996 2737 1122 2777 vero
1147 2734 1367 2791 precare
1391 2735 1535 2786 eum,
1563 2719 1653 2789 qui
1681 2728 1834 2773 sanat
1859 2718 2061 2774 contri-

492 2825 577 2871 tus
616 2815 778 2871 corde
798 2857 812 2882 ,
838 2816 926 2886 qui
954 2814 1044 2870 dat
1078 2811 1429 2883 pusillanimis
1456 2810 1906 2880 longanimitatem
1927 2852 1941 2878 ,
1969 2811 2062 2881 qui

492 2908 709 2963 suscitat
728 2908 794 2962 de
822 2918 959 2962 terra
988 2920 1292 2978 pauperem,
1314 2914 1372 2960 ut
1397 2905 1539 2960 hunc
1560 2904 1611 2959 in
1639 2904 1792 2960 nobis
1817 2904 2064 2960 incendat

490 3005 687 3074 ignem,
710 3002 798 3073 qui
820 3000 1103 3056 humanam
1129 3013 1343 3054 omnem
1366 2984 1724 3054 inﬁrmitatem
1751 2997 1887 3054 solet
1904 2997 2064 3053 absu-

492 3109 661 3157 mere,
684 3107 746 3147 ac
767 3106 1035 3158 somnum,
1058 3090 1336 3160 segnitiem
1363 3089 1776 3160 gravitatemque
1795 3089 2061 3144 carnalem

490 3184 844 3254 prmscindere
870 3224 885 3248 ,
911 3182 1204 3253 animmque
1228 3183 1339 3237 alas
1367 3182 1433 3237 ad
1458 3181 1645 3237 caelum
1676 3180 1926 3237 sublimes
1951 3182 2060 3237 eri-

488 3292 614 3347 gere
642 3294 655 3330 :
686 3277 753 3333 ab
789 3278 874 3331 illa
902 3286 1079 3332 autem
1119 3276 1300 3346 apside
1320 3318 1335 3343 ,
1364 3291 1460 3331 ceu
1489 3292 1554 3332 ex
1582 3277 1811 3347 quodam
1848 3278 2061 3335 excelso

490 3369 720 3434 vertice,
748 3383 961 3424 onmem
988 3367 1010 3399 ⁸
1033 3367 1264 3422 ostendit
1301 3367 1576 3437 praesentis
1614 3367 1737 3423 vita:
1777 3370 2060 3424 vanitatem

489 3459 903 3528 ementitamque
923 3459 1175 3528 speciem.
1201 3458 1298 3525 Qni
1320 3459 1461 3514 enim
1489 3472 1661 3527 neque
1676 3458 1801 3513 illuc
1824 3460 2058 3529 avolare,

489 3567 660 3620 neque
684 3550 737 3605 in
766 3550 850 3604 illa
878 3549 1087 3619 specula
1113 3548 1300 3605 sedere
1326 3554 1529 3618 potuit,
1559 3554 1604 3604 is
1633 3565 1803 3620 neque
1831 3559 2058 3617 terram,

488 3657 661 3711 neque
701 3648 911 3694 terrena
953 3640 1159 3709 negotia
1188 3640 1231 3707 ⁸,
1281 3648 1338 3693 ut
1372 3640 1552 3694 videre
1590 3654 1686 3709 par
1725 3649 1845 3707 est,
1885 3640 2063 3697 videre

488 3742 684 3804 potest.
711 3732 844 3799 Quia
871 3732 1010 3786 enim
1037 3732 1197 3786 multa
1229 3741 1380 3798 sunt,
1407 3748 1526 3801 qua:
1552 3732 1689 3786 visui
1716 3732 1959 3786 tenebras
1981 3731 2063 3786 of-

491 3826 736 3892 fundunt,
768 3824 934 3879 multa
959 3839 1078 3895 qua:
1101 3824 1335 3878 auditum
1366 3823 1597 3888 turbant,
1629 3824 1796 3878 multa
1820 3839 1936 3893 qua:
1962 3825 2062 3880 lin-

488 3932 643 3988 gnam
668 3914 1016 3986 pmpediunt,
1050 3895 1262 3984 oporte’t
1284 3928 1428 3977 eum,
1455 3912 1524 3966 ab
1550 3912 1693 3967 omni
1722 3914 1947 3967 tumultu
1975 3922 2060 3969 at-

489 4024 594 4080 que
618 4007 762 4063 fumo
780 4006 1117 4073 subductum,
1146 4005 1211 4060 ad
1238 4006 1377 4059 illam
1420 4004 1757 4060 solitudinem
1781 4005 2055 4072 secedere,

487 4101 575 4155 ubi
604 4115 792 4169 magna
819 4097 1193 4168 tranquillitas,
1217 4112 1345 4167 pura
1367 4097 1644 4164 serenitas,
1664 4100 1918 4154 tumultus
1939 4100 2061 4155 nul-

486 4193 605 4248 lus:
631 4193 723 4247 sed
750 4191 887 4245 oculi
915 4190 968 4245 in
991 4205 1152 4244 unum
1185 4190 1275 4245 Dei
1305 4205 1539 4245 amorem
1561 4191 1582 4223 ⁸
1605 4191 1790 4247 intenti
1822 4208 1924 4248 non
1955 4192 2060 4251 alio

487 4282 780 4348 declinant,
812 4296 966 4336 aures
992 4297 1120 4337 vero
1145 4281 1492 4347 inconcusszc,
1524 4283 1612 4336 nni
1643 4292 1844 4340 tantum
1869 4286 1947 4341 rei
1970 4301 2061 4341 ναι

489 4380 631 4436 cant,
654 4386 845 4443 nempe
864 4371 1161 4427 divinorum
1183 4373 1511 4443 eloquiorutn
1531 4374 1753 4441 auditui,
1778 4385 1832 4432 et
1852 4378 2059 4434 suavis-

488 4463 637 4518 sima:
663 4462 1026 4533 Spiritnalique
1047 4462 1326 4519 audienda:
1350 4464 1700 4536 symphoniae,
1728 4482 1845 4536 qua:
1868 4469 2056 4536 semel,

483 4564 639 4624 capto
666 4555 846 4610 animo
868 4596 884 4622 ,
913 4562 1058 4610 tanta
1091 4555 1143 4610 vi
1176 4556 1479 4612 dominatur
1499 4599 1516 4624 ,
1546 4569 1603 4613 ut
1642 4558 1725 4613 illa
1766 4569 2058 4630 pertractus
2112 4626 2127 4630 _

486 4645 712 4700 mclodia
744 4662 914 4716 neque
938 4646 1145 4713 cibum,
1178 4663 1350 4718 neque
1377 4657 1576 4719 potum,
1611 4665 1785 4720 neque
1813 4666 2056 4709 somnum

484 4752 605 4791 cum
635 4739 899 4808 voluptate
924 4740 1115 4811 capiat.
1138 4739 1320 4810 itaque
1343 4758 1439 4798 ncc
1465 4745 1798 4801 saecularium
1822 4750 2059 4819 negotio-

486 4844 603 4881 rum
629 4831 907 4894 tumultus,
932 4846 1100 4899 nequc
1125 4832 1478 4899 corporalium
1506 4835 1659 4891 turba
1683 4853 1881 4904 rerum,
1908 4848 2057 4894 teno-

489 4931 602 4971 rem
643 4918 788 4972 illum
823 4918 1063 4973 relaxare
1096 4921 1285 4974 valeat.
1316 4922 1398 4976 Ad
1428 4932 1626 4979 tantam
1653 4929 1792 4982 enim
1819 4931 1839 4962 ⁷
1864 4931 2056 4986 anima:

484 5006 856 5063 sublimitatem
886 5008 1079 5064 intimze
1114 5010 1271 5080 hujus
1310 5018 1634 5084 tempestatis
1665 5021 1914 5090 strepitus
1948 5039 2055 5082 non

543 5173 573 5254 ἱ
582 5172 782 5254 ritilius.
791 5176 859 5254 iii
868 5177 1137 5254 ⁸ςζρΙὶλᾼεξίο,
1162 5182 1388 5254 Eiusde
1426 5187 1493 5254 ad
1516 5188 1796 5254 stelechium
1816 5196 1878 5245 de
1919 5205 2054 5250 Com-

769 5243 819 5286 tn
834 5238 997 5303 Savil.,
1020 5238 1342 5307 Cltrysostmni
1374 5248 1440 5298 ad
1461 5238 1899 5308 stelecltiunre’twde
1915 5238 2053 5311 555};-

540 5356 1308 5449 ἶῘ.ξῖιὲίι.ίῖῗξῖ·ο.ἓξῖἷῗῖἔὲπέἷ¹ἕε..¹ι⁰⁶
1328 5370 1520 5436 δικαιοί
1549 5374 1637 5424 δρα
1665 5376 1794 5428 colt»
1817 5386 1869 5430 ει
1889 5383 2047 5449 seu»

477 5417 562 5485 Ιιυς
584 5418 815 5485 pulcftro;
837 5423 1059 5485 subaudi,
1070 5417 1227 5478 sensu.

537 5479 557 5543 ξ
590 5485 637 5526 1η
654 5479 805 5543 colu,
822 5479 1068 5543 pudorem'.

539 5538 561 5606 ξ
597 5542 724 5602 Arud
744 5538 893 5605 cum,
919 5559 1103 5597 onmem
1126 5548 1257 5600 nobis
1277 5555 1497 5606 ostendit.

535 5602 556 5679 ξ
590 5608 700 5679 inec
718 5602 888 5679 [et-ha,
908 5618 1057 5669 neque
1073 5618 1262 5679 terrena
1284 5602 1495 5679 negatio,
1511 5620 1659 5673 habet
1679 5624 1810 5676 Solus
1823 5627 1985 5679 Morel.

533 5661 555 5735 ξ
590 5668 637 5735 tn
657 5661 1038 5735 t.‘olb._legt_mtis,
1060 5673 1110 5735 Vin
1129 5661 1619 5735 malum

534 5722 553 5754 τ
593 5731 709 5788 vox,
729 5722 1035 5794 mimfdecst'
1053 5734 1101 5784 in
1124 5722 1252 5787 ttoth

2171 1261 2421 1332 pertingit
2440 1279 2454 1328 ;
2473 1278 2655 1318 verum
2669 1265 3111 1335 quemadmodum
3130 1269 3186 1335 ii,
3200 1272 3288 1341 qui
3305 1271 3370 1327 ad
3391 1275 3674 1334 altisstmos
3686 1294 3750 1337 se

2179 1354 2453 1411 contulere
2473 1365 2702 1426 montes,
2726 1359 2856 1415 nihil
2873 1375 3056 1418 eorum
3077 1362 3258 1420 vident
3275 1365 3358 1421 vel
3372 1367 3608 1434 audiunt,
3624 1387 3748 1441 quae

2183 1443 2236 1497 in
2262 1443 2393 1501 urbe
2418 1456 2675 1516 geruntur
2697 1450 2782 1507 vel
2805 1450 3074 1520 dicuntur,
3104 1454 3196 1510 sed
3221 1455 3503 1514 obscurum
3530 1460 3746 1517 dumta-

2179 1543 2271 1589 xat
2305 1543 2361 1591 et
2394 1537 2734 1607 iniucundum
2757 1542 2775 1575 ³
2796 1542 3083 1608 clamorem
3115 1544 3367 1615 audiunt,
3403 1550 3749 1609 stridentibus

2182 1626 2357 1696 vespis
2385 1629 2553 1684 nihilo
2581 1632 2900 1700 suaviorem,
2927 1634 3006 1690 sic
3031 1636 3086 1701 ii,
3116 1637 3206 1707 qui
3234 1653 3262 1691 a
3290 1641 3627 1701 saecularibus
3656 1660 3747 1699 re-

2175 1716 2277 1772 bus
2320 1732 2439 1773 esse
2484 1720 2815 1778 abduxerunt
2858 1733 2915 1779 et
2955 1725 3022 1780 ad
3064 1728 3354 1796 spiritualis
3399 1730 3748 1803 philosophia:

2172 1821 2426 1864 cacumen
2453 1810 2767 1867 advolarunt
2784 1854 2799 1878 ,
2832 1815 2961 1870 nihil
2996 1831 3184 1871 eorum
3208 1834 3328 1888 quae
3352 1821 3493 1890 apud
3520 1837 3745 1895 nosigc-

2173 1910 2366 1955 runtur
2402 1916 2562 1959 sensu
2610 1906 2939 1975 percipiunt;
2986 1923 3180 1978 corpus
3227 1912 3366 1966 enim
3412 1921 3466 1967 et
3504 1917 3748 1983 corporis

2175 2003 2384 2055 sensus,
2405 1991 2577 2048 donec
2597 1996 2770 2050 anima
2791 1997 2929 2053 circa
2952 2008 3144 2054 terram
3167 2012 3428 2069 versatur,
3453 2003 3748 2061 innumeris

2174 2080 2319 2135 illam
2361 2082 2585 2138 vinculis
2626 2088 3031 2157 constringunt,
3076 2091 3438 2159 gravissimam
3484 2092 3744 2149 ﬂuxarunl

2178 2171 2503 2242 voluptatum
2534 2183 2901 2245 tempestatem
2927 2178 3156 2249 undique
3180 2180 3505 2250 colligentes.
3535 2182 3747 2237 Etenim

2171 2263 2400 2332 auditus,
2420 2264 2583 2332 visus,
2608 2274 2797 2332 tactus,
2820 2268 3072 2325 odoratus
3094 2279 3149 2326 et
3173 2271 3371 2341 lingua,
3401 2282 3744 2328 externorum

2173 2354 2431 2410 malorum
2450 2356 2673 2433 plurima
2692 2358 2746 2412 in
2764 2359 2902 2413 illam
2920 2359 3194 2416 inducunt.
3213 2361 3345 2417 Cum
3362 2378 3488 2417 vero
3503 2364 3746 2420 sublimis

2170 2444 2420 2514 efﬁcitur,
2449 2454 2505 2502 et
2527 2448 2694 2502 otium
2720 2465 2871 2505 suum
2900 2449 2968 2505 ad
2992 2451 3286 2521 spiritualia
3311 2455 3590 2521 convertit,
3615 2462 3746 2510 tunc

2170 2535 2427 2606 malignas
2454 2538 2803 2608 cogitationes
2826 2539 3066 2610 ingressu
3093 2550 3277 2597 arcet:
3300 2558 3404 2598 non
3434 2560 3621 2600 sensus
3644 2546 3745 2601 ob-

2170 2635 2375 2696 turans,
2398 2627 2493 2684 sed
2514 2644 2700 2685 eorum
2722 2632 3086 2700 operationem
3114 2633 3180 2688 ad
3202 2634 3576 2691 sublimitatem
3600 2639 3745 2694 illam

2173 2716 2475 2774 traducens.
2496 2719 2955 2787 Quemadmodum
2973 2723 3114 2778 enim
3135 2724 3350 2779 domina
3372 2726 3611 2795 qua'dam
3633 2727 3745 2783 fur-

2173 2809 2439 2865 midabilis
2456 2819 2512 2865 et
2530 2826 2736 2880 severa,
2758 2828 2876 2883 qua:
2893 2824 3211 2884 unguentum
3230 2817 3410 2872 condit
3430 2819 3741 2887 pretiosum,

2169 2899 2478 2970 magnisque
2493 2902 2788 2972 sumptibus
2807 2919 2869 2959 ac
2890 2906 3174 2961 multorum
3196 2906 3438 2962 manibus
3468 2908 3535 2962 ad
3560 2909 3745 2964 cundi-

2169 2999 2344 3048 turam
2381 3008 2516 3063 opus
2554 2993 2744 3062 habet,
2777 2997 2995 3053 ancillas
3034 3000 3294 3054 suscitans
3330 3010 3384 3055 et
3417 3015 3694 3057 accersens
3720 3043 3740 3066 ,

2169 3081 2329 3136 aliam
2362 3082 2513 3155 jubet
2547 3094 2781 3140 aromata
2810 3087 3042 3143 nondum
3069 3089 3121 3144 in
3149 3104 3281 3159 opus
3308 3090 3536 3146 admissa
3563 3092 3742 3147 cribro

2166 3188 2481 3241 secernere,
2513 3175 2667 3230 aliam
2696 3187 2908 3247 arrepta
2948 3178 3154 3235 bilance
3179 3188 3235 3236 et
3262 3189 3457 3235 statera
3494 3191 3742 3238 accurato

2165 3266 2428 3339 dispicere
2450 3282 2518 3323 ne
2545 3268 2665 3338 plus
2692 3270 2775 3324 vel
2804 3270 2978 3325 minus
3001 3287 3157 3342 quam
3182 3287 3280 3342 par
3308 3282 3391 3328 est
3416 3274 3469 3327 in
3496 3273 3740 3328 conditu-

2166 3372 2280 3412 ram
2318 3357 2609 3414 admissum
2641 3359 2838 3431 justam
2879 3378 3175 3417 mensuram
3218 3364 3436 3432 perdat,
3464 3365 3617 3420 aliam
3646 3380 3739 3419 cn-

2165 3464 2329 3518 quere
2351 3465 2470 3519 qua:
2494 3452 2766 3522 coquenda
2796 3442 2940 3522 sunt,
2967 3455 3122 3509 aliam
3154 3465 3325 3510 terere
3351 3472 3467 3526 qua:
3497 3458 3735 3521 terenda,

2165 3537 2309 3593 illam
2325 3540 2430 3595 alia
2452 3542 2571 3596 aliis
2593 3545 2960 3610 commiscere,
2980 3545 3124 3599 illam
3145 3563 3264 3602 cum
3285 3547 3551 3602 alabastro
3570 3560 3736 3615 Stare,

2163 3628 2319 3684 aliam
2345 3647 2466 3686 cum
2494 3632 2600 3687 alio
2625 3647 2752 3689 vase
2771 3674 2786 3701 ,
2812 3634 2970 3690 aliam
2999 3636 3141 3692 aliud
3166 3638 3432 3708 quidpiam
3470 3648 3695 3695 tractare
3716 3655 3734 3670 ·

2164 3720 2345 3790 sicque
2371 3737 2554 3777 carum
2581 3734 2786 3780 mentes
2811 3726 2967 3781 simul
2991 3736 3044 3783 et
3066 3743 3252 3784 manus
3270 3731 3417 3799 operi
3441 3732 3737 3801 applimns,

2166 3810 2296 3866 nihil
2324 3816 2593 3885 corrumpi
2634 3816 2796 3882 sinit,
2829 3832 3038 3888 semper
3072 3819 3320 3877 insistens
3340 3864 3354 3889 ,
3384 3837 3488 3877 non
3518 3825 3739 3893 permit-

2170 3912 2287 3958 tens
2314 3913 2463 3959 extra
2490 3908 2689 3977 vagari,
2708 3919 2798 3963 aut
2824 3910 2927 3966 alio
2952 3922 3224 3980 aspectum
3252 3913 3513 3970 divertere
3539 3932 3553 3968 :
3581 3917 3658 3970 sic
3682 3924 3739 3971 et

2164 3994 2340 4049 anima
2370 3997 2657 4065 pretiosum
2684 3999 2787 4056 hoc
2823 4010 3146 4072 unguentum
3180 4019 3515 4073 pra:parans,
3544 4020 3739 4074 nempe

2165 4089 2625 4156 compunctionem
2648 4131 2664 4159 ,
2704 4107 2892 4149 sensus
2928 4094 2996 4149 ad
3034 4094 3262 4166 seipsam
3292 4105 3512 4163 evocat,
3548 4113 3735 4152 eorum

2164 4180 2525 4247 praescindens
2562 4183 2859 4254 segnitiem.
2905 4185 2962 4240 Si
3001 4186 3214 4256 quando
3250 4197 3426 4243 autem
3463 4191 3738 4259 contingat

2162 4271 2308 4326 illam
2340 4271 2393 4326 in
2422 4288 2481 4327 se
2504 4288 2814 4330 conversam
2850 4276 3117 4347 quidpiam
3141 4293 3325 4334 eorum
3353 4282 3587 4351 cogitare
3615 4299 3735 4353 qua:

2162 4359 2230 4415 ad
2254 4360 2573 4430 probitatem
2601 4371 2655 4417 et
2683 4364 2776 4419 Dei
2804 4365 3051 4435 placitum
3081 4376 3354 4437 spectant,
3386 4384 3574 4424 sensus
3600 4385 3731 4440 ope-

2160 4452 2367 4507 ratione
2386 4466 2482 4508 sua
2501 4469 2699 4511 vacuos
2717 4458 3022 4525 constituit;
3049 4474 3117 4514 ne
3137 4460 3261 4530 quid
3281 4475 3732 4529 supervacaneum

2160 4542 2532 4614 intempestive
2581 4547 2891 4608 inducentes
2919 4591 2935 4618 ,
2988 4551 3248 4606 internam
3299 4554 3731 4623 tranquillitatem

2161 4635 2487 4704 perturbent.
2516 4637 2692 4703 Quare
2715 4639 2760 4694 si
2786 4654 2946 4695 voces
2969 4641 3215 4708 auribus,
3242 4644 3540 4711 Spectacula
3564 4646 3734 4701 oculis

2160 4724 2436 4793 accidant,
2483 4727 2615 4782 nihil
2659 4729 3055 4798 intromittitur,
3100 4732 3321 4801 singulis
3367 4733 3731 4790 membrorum

2160 4814 2555 4883 operationibus
2582 4817 2650 4873 ad
2675 4820 2906 4875 animam
2941 4822 3233 4876 conversis.
3262 4823 3466 4894 Ecquid
3495 4841 3655 4881 voces
3681 4837 3734 4881 ct

2159 4908 2454 4975 spectacula
2477 4923 2737 4978 memoro,
2755 4925 2875 4965 cum
2897 4912 3048 4966 multi
3069 4912 3120 4967 in
3141 4913 3239 4969 hoc
3262 4916 3418 4983 positi
3439 4926 3600 4984 statu,
3625 4934 3731 4972 neu

2160 4996 2321 5051 modo
2349 5007 2728 5066 prmtereuntes
2756 5017 2934 5057 coram
2953 5043 2968 5069 ,
2999 5004 3094 5059 sed
3123 5006 3283 5061 etiam
3314 5022 3374 5063 se
3401 5008 3731 5078 exagitantcs

2158 5099 2264 5140 non
2293 5087 2561 5143 sentiant?
2587 5089 2752 5145 Tanta
2778 5093 2971 5162 quippe
2997 5103 3079 5149 est
3105 5096 3296 5151 anima:
3322 5098 3515 5164 virtus,
3548 5109 3603 5154 ut
3631 5116 3729 5154 vo-

2159 5175 2286 5231 lenti
2313 5176 2467 5234 facile
2491 5180 2561 5234 sit
2588 5180 2642 5235 in
2671 5190 2808 5237 terra
2838 5184 3051 5254 quidem
3080 5189 3278 5243 versari
3301 5227 3318 5254 ,
3350 5190 3443 5245 sed
3467 5232 3483 5258 ,
3510 5206 3575 5246 ac
3597 5194 3644 5247 si
3676 5192 3727 5247 in

2156 5266 2292 5320 cazlo
2319 5266 2522 5335 sedeat,
2550 5270 2682 5326 nihil
2701 5286 2885 5327 eorum
2906 5290 3025 5346 qua:
3048 5277 3102 5331 in
3132 5287 3269 5334 terra
3292 5290 3546 5351 geruntur
3566 5296 3726 5337 sensu

2154 5356 2451 5425 percipere.

2224 5445 2279 5497 9..
2321 5446 2465 5501 Talis
2490 5456 2604 5503 erat
2629 5449 2814 5505 beatus
2840 5452 3065 5521 Paulus,
3097 5458 3185 5526 qui
3215 5459 3401 5515 mediis
3428 5461 3481 5515 in
3511 5461 3729 5518 urbibus

2154 5548 2409 5601 versans,
2449 5544 2651 5592 tantum
2684 5555 2716 5595 a
2753 5544 3105 5609 praesentibus
3146 5549 3371 5619 aberat,
3406 5563 3658 5621 quantum
3694 5568 3723 5607 ε

2153 5640 2482 5683 mortuorum
2523 5629 2871 5689 cadaveribus
2912 5637 3182 5696 absumus.
3212 5641 3343 5698 Cum
3382 5644 3524 5699 cnim
3555 5643 3723 5712 diett,

2222 5762 2238 5790 ³
2272 5767 2344 5810 διε
2365 5760 2523 5824 Savil.,
2547 5762 2634 5813 sed
2657 5764 2811 5829 Coll»,
2835 5769 3055 5821 debilem.
