4124 6144
372 243 474 296 615

369 355 537 445 Ὅταν
564 360 670 431 γάρ
682 361 815 434 λέγῃ
832 363 1044 432 ’,Ἐμοί
1074 367 1301 437 κόσμος
1329 368 1715 437 ἐσταύρωται,
1736 369 1940 445 ταύτην
1966 373 2046 427 λέ-

366 460 453 514 γει
478 444 576 516 τὴν
609 448 968 517 ἀναισθησίαν
988 468 1001 481 ·
1024 452 1225 522 μᾶλλον
1260 453 1318 507 δέ
1346 456 1408 507 οὐ
1436 453 1644 527 ταύτην
1687 456 1878 529 μόνην,
1900 444 2047 517 ἀλλά

365 532 459 617 καὶ
475 532 668 604 ἑτέραν
687 535 963 607 τοιαύτην,
991 538 1065 601 ὡς
1096 534 1237 593 εἶναι
1268 539 1367 611 τὴν
1394 542 1802 614 προειρημένην
1826 543 2041 617 διπλῆν.

367 616 444 673 οὐ
480 621 590 692 γὰρ
629 617 751 677 εἷπε
796 624 976 694 μόνον,
1036 625 1201 697 Ἐμοί
1245 628 1479 699 κόσμος
1527 630 1915 700 ἐσταύρωται,
1948 616 2046 690 καὶ

368 707 694 777 ἐσιώπησεν,
720 710 868 794 ⁵ἀλλά
895 712 984 765 διὰ
1012 714 1110 785 τῆς
1134 715 1431 787 ἐπαγωγῆς
1450 718 1545 771 καὶ
1570 719 1762 791 ἑτέραν
1776 721 2044 794 ἐδήλωσεν

367 795 556 861 εἰπὼν,
585 798 664 851 ὅτι
685 790 863 870 Κάγὼ
889 799 970 868 τῷ
1004 804 1233 873 κόσμῳ.
1255 805 1487 878 Μεγάλη
1520 807 1618 878 μὲν
1636 790 1731 862 οῦν
1757 790 2044 882 φιλοσοφία

366 886 539 940 καὶτὸ
559 888 803 959 νομίζειν
834 891 1029 963 νεκρὸν
1052 889 1191 947 εἶναι
1218 894 1310 948 τὸν
1336 894 1564 967 κόσμον,
1599 896 1804 953 πλείων
1824 900 1883 954 δέ
1907 901 2042 955 ταύ-

362 995 463 1050 της
493 979 588 1033 καὶ
626 981 809 1053 πολλῷ
841 983 1045 1055 μείζων
1068 984 1130 1039 τὸ
1164 985 1261 1040 καὶ
1302 986 1466 1041 αὐτὸν
1496 986 1573 1052 ὡς
1598 988 1900 1059 τεθνηκότα
1925 990 2044 1045 δια-

364 1067 576 1122 κεῖσθαι
609 1069 746 1141 πρὸς
767 1071 996 1127 ἐκεῖνον.
1020 1074 1201 1146 Ὅπερ
1213 1068 1307 1128 οῦν
1326 1076 1355 1128 6
1369 1074 1581 1139 Παῦλος
1601 1076 1850 1149 ἐνέφηνε,
1868 1076 2045 1133 τοιοῦ-

360 1173 451 1211 τον
470 1157 534 1230 δή
555 1158 608 1211 τί
629 1160 747 1213 ἐστι
767 1177 782 1193 ο
800 1160 947 1231 λέγει
968 1162 1077 1235 γάρ
1102 1164 1165 1216 οὑ
1185 1163 1440 1219 τοσοῦτον
1463 1165 1491 1206 b
1514 1167 1740 1237 ἀπέχειν
1760 1165 1871 1221 τῶν
1903 1185 2044 1239 παρ-

360 1244 551 1311 όντων,
591 1247 716 1302 ὅσον
756 1249 806 1302 οί
862 1247 1066 1314 ζῶντες
1092 1250 1203 1305 τῶν
1244 1251 1647 1321 νεκρωθέντων,
1685 1253 1802 1308 ἀλλ’
1828 1255 1951 1308 ὅσον
1990 1255 2041 1308 οί

361 1334 546 1403 νεκροὶ
573 1332 682 1387 τῶν
707 1334 933 1407 νεκρῶν.
953 1335 1100 1390 Διότι
1132 1339 1161 1390 6
1178 1337 1278 1408 μὲν
1318 1338 1447 1404 ζῶν,
1477 1340 1527 1392 εί
1559 1340 1653 1393 καὶ
1685 1340 1759 1411 μὴ
1786 1340 2044 1411 ἐπιθυμεῖ

359 1418 454 1473 τοῦ
484 1421 953 1493 τετελευτηκότος,
990 1423 1104 1478 ἀλλ’
1130 1425 1333 1498 ἐτέρως
1362 1426 1700 1491 αίσθάνεται,
1724 1428 1757 1499 ἢ
1782 1429 1875 1482 καὶ
1907 1428 2042 1482 θαυ-

364 1506 553 1577 μάζων
584 1508 665 1563 ἔτι
700 1510 763 1564 τὸ
801 1511 998 1576 κάλλος
1041 1511 1135 1565 τοῦ
1181 1512 1458 1585 κειμένου,
1487 1514 1520 1584 ἢ
1552 1516 1647 1568 καὶ
1681 1514 1845 1569 ἐλεῶν
1878 1516 2041 1570 αὑτὸν

361 1594 456 1647 καὶ
486 1593 737 1667 δακρύων
754 1614 767 1628 ·
797 1599 825 1650 6
851 1598 909 1651 δὲ
941 1598 1135 1670 νεκρὸς
1161 1599 1298 1671 1:96;
1325 1599 1417 1653 τὸν
1449 1599 1755 1655 ἀπελθόντα
1777 1603 1898 1656 οὑδέ
1911 1603 2043 1658 ταύ-

358 1697 461 1751 την
484 1681 597 1753 ἔχει
631 1683 733 1753 τὴν
754 1684 940 1756 σχέσιν
979 1686 1074 1739 καί¹
1094 1685 1192 1757 τὴν
1216 1685 1477 1740 διάθεσιν.
1511 1685 1682 1740 Τοῦτο
1714 1688 1897 1743 τοίνυν
1939 1691 2039 1762 ἐμ-

360 1770 528 1840 φῆναι
550 1770 895 1843 βουλόμενος,
917 1772 1088 1827 είπὼν
1107 1784 1157 1839 ο,
1194 1774 1357 1843 Ἐμοὶ
1389 1776 1619 1844 κόσμος
1647 1775 2038 1846 ἐσταύρωται,

358 1857 626 1928 ἐπήγαγε,
654 1858 814 1928 κάγὼ
834 1858 914 1925 τῷ
934 1860 1161 1929 κόσμῳ.
1193 1860 1354 1933 Ὁρᾷς
1370 1861 1536 1916 πόσον
1552 1864 1870 1935 ἀφειστήκει
1889 1863 2039 1939 [145]

356 1945 457 2016 τῆς
477 1947 825 2019 οίκουμένης,
851 1947 968 2012 πῶς
1001 1950 1059 2001 ἐν
1089 1951 1155 2020 τῇ
1187 1951 1256 2020 γῇ
1296 1948 1528 2020 βαδίζων
1559 1952 1696 2023 πρὸς
1747 1953 1919 2027 αὑτὴν
1945 1947 2041 2009 an.

357 2033 692 2105 επεπηδήκει
715 2034 809 2089 τοῦ
839 2034 1072 2107 οὐρανοῦ
1103 2037 1201 2107 τὴν
1244 2038 1522 2109 κορυφήν;

427 2122 519 2193 Μὴ
539 2123 645 2194 γάρ
664 2141 756 2193 μοι
775 2122 874 2187 τάς
888 2123 1202 2195 ἀκρωρείας
1219 2126 1381 2197 εῐπῃς
1396 2124 1502 2179 τῶν
1518 2124 1681 2196 ὀρῶν,
1704 2126 1841 2199 μηδὲ
1861 2129 2042 2193 νάπας

357 2205 452 2259 καὶ
482 2204 773 2277 φάραγγας
799 2207 895 2260 καὶ
920 2207 1156 2285 ἐρημίαν
1179 2207 1402 2262 ἄϐατον·
1427 2208 1548 2263 οὑδέ
1565 2209 1672 2282 γάρ
1693 2209 1854 2265 ίκανά
1869 2212 2041 2267 ταῦτα

359 2290 497 2359 μόνα
509 2288 686 2361 ψυχῆς
705 2289 932 2363 θόρυϐον
949 2291 1169 2358 ἐξελεῖν·
1187 2292 1320 2346 ἀλλά
1336 2293 1417 2346 δεῖ
1433 2294 1533 2365 τῆς
1544 2294 1571 2334 ά
1591 2295 1788 2364 φλογὸς
1801 2295 1983 2368 ἐκείνη
1995 2315 2037 2361 ς,

355 2373 422 2443 ἢν
442 2373 618 2444 ἀνῆψε
642 2373 743 2445 μέν
758 2376 787 2427 6
802 2374 1033 2446 Χριστὸς
1050 2376 1109 2428 ἐν
1121 2378 1188 2448 τῇ
1205 2376 1300 2430 τοῦ
1319 2377 1534 2433 Παύλου
1548 2379 1715 2450 ψυχῇ,
1737 2378 1930 2452 ἔτρεφε
1946 2380 2002 2434 δέ
2014 2383 2042 2435 6

359 2456 627 2530 μακάριος
648 2459 855 2523 ἐκεῖνος
880 2457 971 2512 διά
1005 2456 1196 2511 τούτου
1224 2460 1317 2513 τοῦ
1349 2461 1723 2532 πνευματικοῦ
1753 2460 2039 2533 λογισμοῦ,

356 2542 449 2595 καὶ
480 2541 617 2613 πρὸς
647 2541 902 2596 τοσοῦτον
931 2541 1066 2613 ὕψος
1095 2543 1321 2615 ἐπῆρεν,
1355 2544 1431 2609 ὡς
1460 2545 1707 2599 κάτωθεν
1728 2545 2042 2617 ἀρξαμένην

354 2624 465 2678 ἀπὸ
501 2624 603 2695 τῆς
634 2626 761 2697 γῆς,
799 2623 937 2697 πρὸς
985 2625 1149 2680 αὑτὸν
1181 2626 1384 2697 φθάσαι
1408 2628 1506 2682 τὸν
1536 2628 1783 2701 οὐρανὸν,
1832 2628 1923 2682 καὶ
1951 2628 2041 2682 τὸν

356 2707 497 2778 ὑπὲρ
516 2705 709 2762 τοῦτον
737 2708 989 2779 οὐρανὸν,
1026 2710 1123 2763 καὶ
1150 2709 1244 2781 τὸν
1277 2712 1396 2780 μετ’
1424 2712 1631 2765 ἐκεῖνον
1663 2711 1846 2767 πάλιν.
1868 2711 2042 2776 Αὐτὸς

359 2791 460 2862 μὲν
482 2789 593 2864 γάρ
632 2790 737 2855 ἐως
766 2791 953 2863 τρίτου
983 2792 1210 2865 ἡρπάγη
1241 2794 1501 2866 οὐρανοῦ·
1538 2797 1567 2849 ὁ
1598 2795 1654 2848 δὲ
1685 2795 1847 2859 πόθος
1876 2794 2040 2848 αὑτοῦ

355 2876 451 2930 καὶ
474 2878 508 2948 ἡ
536 2875 676 2949 πρὸς
697 2876 789 2930 τὸν
818 2877 1053 2948 Χριστὸν
1083 2879 1274 2951 ἀγάπη
1304 2880 1366 2933 οὐ
1393 2881 1543 2951 τρεῖς
1577 2880 1759 2950 μόνον,
1781 2879 1918 2934 ἀλλά
1947 2882 2041 2934 καὶ

356 2962 568 3026 πάντας
592 2962 720 3027 τοὺς
738 2961 1002 3032 οὐρανοὺς
1028 2974 1051 3001 θ
1071 2962 1489 3035 ὑπερηκόντισε.
1519 2963 1593 3016 Τὸ
1621 2964 1719 3034 μὲν
1745 2965 1852 3037 γὰρ
1883 2964 2040 3035 σῶμα

357 3044 563 3117 βραχὺς
592 3040 682 3119 ῆν,
711 3045 807 3100 καλ⁸
840 3045 1001 3099 πλέον
1035 3044 1192 3117 ήμῶν
1212 3045 1354 3100 κατὰ
1392 3046 1551 3100 τοῦτο
1576 3042 1724 3118 εἶχεν
1753 3048 1905 3103 οὐδέν
1928 3067 1941 3081 ·
1970 3053 2037 3123 τῇ

354 3130 413 3185 δέ
450 3134 798 3204 πνευματικῇ
834 3130 1075 3186 διαθέσει
1103 3133 1314 3197 πάντας
1364 3134 1491 3197 τοὺς
1518 3134 1678 3198 ὄντας
1718 3134 2041 3206 ἀνθρώπους

353 3215 449 3270 ἐπὶ
466 3216 567 3287 τῆς
585 3215 693 3288 γῆς
721 3218 786 3270 ἐκ
813 3216 1009 3271 πολλοῦ
1025 3218 1119 3272 τοῦ
1136 3218 1415 3290 περιόντος
1445 3218 1781 3290 παρήλασεν.
1806 3221 1915 3274 Καὶ
1939 3223 2040 3275 οὑκ

356 3301 424 3355 ἄν
456 3318 540 3366 τις
571 3302 809 3373 ἁμάρτοι
847 3301 1039 3355 τούτου
1078 3319 1144 3372 γε
1175 3303 1341 3357 ἕνεκα
1380 3302 1607 3376 τοιαύτῃ
1632 3303 1741 3356 τινὶ
1771 3304 1859 3356 τὸν
1886 3303 2040 3374 ἅγιον

355 3386 567 3439 ἐκεῖνον
591 3385 761 3440 εἰκόνι
788 3384 1143 3458 παραϐαλὼν,
1168 3385 1358 3458 ὥσπερ
1391 3385 1457 3440 ἂν
1480 3387 1626 3450 εἴτις
1651 3385 1781 3455 φλὸξ
1805 3387 1873 3441 τὰ
1895 3387 2041 3443 νῶτα

356 3470 539 3538 πάσης
565 3469 867 3540 ἐπισχοῦσα
892 3470 991 3541 τῆς
1018 3470 1142 3539 γῆς,
1179 3470 1275 3523 καὶ
1310 3470 1447 3541 1:96;
1485 3470 1617 3540 ὕψος
1646 3470 1878 3541 ἀρθεῖσα
1906 3473 2041 3526 πάν-

354 3552 511 3606 τοθεν
535 3552 792 3623 παρέλθοι
823 3552 921 3624 τὴν
941 3554 1191 3625 οὐράνιον
1217 3553 1402 3624 ἁψῖδα,
1434 3556 1529 3608 καὶ
1552 3554 1640 3607 τὸν
1669 3554 1809 3625 ὑπὲρ
1837 3555 2041 3626 ταύτης

356 3636 496 3708 ἀέρα
524 3636 924 3709 διαδραμοῦσα,
960 3638 1070 3691 εἴτε
1100 3638 1209 3710 ἀήρ
1254 3639 1392 3699 ἐστι,
1424 3637 1522 3690 εἴθ’
1563 3637 1591 3690 ὅ
1624 3638 1676 3691 τί
1707 3656 1859 3701 ποτε,
1905 3638 2041 3711 πλη-

360 3718 533 3791 ρώσαι
565 3719 659 3773 τοῦ
688 3720 860 3793 πυρὺς
890 3720 952 3774 τὸ
985 3719 1150 3792 μέσον
1175 3720 1284 3772 τῶν
1305 3720 1398 3772 δύο
1427 3719 1631 3773 τούτων
1651 3720 1916 3791 οὐρανῶν,
1943 3724 2041 3776 καὶ

359 3804 496 3875 μηδέ
525 3804 760 3861 ἐνταῦθα
791 3805 949 3875 σταίη
978 3803 1072 3858 τοῦ
1095 3803 1321 3875 δρόμου,
1345 3803 1483 3856 ἀλλά
1509 3805 1602 3857 καὶ
1634 3804 1771 3874 πρὸς
1804 3804 1897 3858 τὸν
1923 3805 2041 3877 τρί-

355 3904 447 3941 τον
478 3888 693 3960 ἀθρόως
726 3889 1089 3961 ἐκπηδήσασα
1115 3886 1375 3958 ἀναϐαίη,
1403 3887 1498 3940 καὶ
1527 3887 1705 3940 πάντα
1741 3888 2040 3957 ἐργάσαιτο

357 3970 492 4040 μίαν
533 3971 735 4043 πυράν,
784 3971 1041 4027 τοσοῦτον
1089 3971 1188 4043 μὲν
1227 3969 1457 4041 ἔχουσαν
1492 3968 1695 4032 πλάτος
1725 3968 1769 4034 τ,
1808 3970 1932 4024 ὅσον
1978 3970 2040 4025 τὸ

355 4049 515 4126 εὖρος
559 4054 741 4126 πάσης
772 4056 872 4127 τῆς
899 4056 1026 4126 γῆς.
1057 4052 1312 4108 τοσοῦτον
1356 4052 1414 4106 δὲ
1456 4050 1611 4122 ὕψος,
1648 4052 1771 4106 ὅσον
1799 4052 1908 4106 ἀπὸ
1944 4052 2038 4107 τοῦ

354 4139 541 4210 τρίτου
570 4139 801 4210 ούρανοῦ
838 4139 973 4210 πρὸς
995 4138 1164 4209 ἡμᾶς.
1188 4135 1400 4190 Μᾶλλον
1430 4135 1487 4189 δὲ
1513 4135 1637 4189 οὑδὲ
1666 4134 1727 4188 τὸ
1750 4135 2041 4192 πολλοστὸν

354 4223 455 4292 τῆς
479 4221 702 4293 ἀγάπης
723 4222 888 4276 αὑτοῦ
915 4222 1077 4293 μέρος
1100 4220 1381 4294 εἰρηκέναι
1404 4218 1669 4291 μοιδοκῶ.
1696 4219 1806 4273 Καὶ
1836 4220 1917 4274 ὅτι
1943 4222 2041 4293 οὑχ

359 4303 635 4377 ὑπερϐολή
665 4304 784 4357 ἐστι
809 4304 877 4359 τά
909 4305 1154 4376 ῥήματα,
1185 4302 1392 4357 εἴσεταί
1418 4320 1501 4367 τις
1530 4302 1778 4373 ἀκριϐῶς
1801 4303 1870 4358 τά
1903 4306 2041 4373 πρὸς

356 4389 671 4462 Δημήτριον
696 4389 828 4459 ἡμῖν
845 4387 1048 4460 ταύτης
1074 4387 1263 4441 ἐνεκεν
1288 4386 1573 4458 γραφέντα
1594 4386 1695 4457 τῆς
1727 4386 2040 4453 ὑποθέσεως

356 4470 621 4527 ἐπελθών.
658 4470 815 4527 Οῦτω
835 4471 917 4526 δεῖ
946 4473 1119 4542 φιλεῖν
1137 4471 1229 4526 τὸν
1254 4470 1509 4541 Χριστὸν,
1544 4468 1689 4523 οὑτω
1717 4468 1827 4524 τῶν
1844 4472 2042 4543 παρόν-

358 4573 464 4610 των
489 4543 791 4627 ἀφεστάναι
823 4557 1185 4630 πραγμάτων.
1210 4555 1484 4621 Τοιαὺτας
1518 4550 1665 4625 εἶχον
1689 4555 1784 4609 καὶ
1814 4556 1863 4608 οί
1892 4553 2040 4623 ἆγιοι

364 4641 635 4712 προφῆται
662 4642 841 4714 ψυχάς
862 4658 876 4673 ·
914 4640 1001 4695 διὰ
1035 4641 1193 4695 τοῦτο
1236 4640 1332 4693 καὶ
1362 4640 1586 4711 ἐτέρους
1612 4638 1803 4693 ἔλαϐον
1840 4637 2042 4707 ὀφθαλ-

361 4723 518 4794 μούς.
556 4724 631 4778 T6
675 4723 774 4796 μὲν
820 4720 959 4780 οῦνϐ
990 4726 1296 4796 ἀποστῆσαι
1327 4723 1437 4776 τῶν
1476 4721 1759 4794 παρόντων
1790 4722 2039 4789 ἑαυτοὺς,

364 4807 457 4876 τῆς
474 4804 697 4861 ἐκείνων
723 4807 961 4877 σπουδῆς
991 4802 1088 4878 ἦν·
1121 4808 1182 4860 τὸ
1208 4807 1266 4860 δὲ
1302 4804 1443 4877 μετά
1469 4806 1643 4860 ταῦτα
1672 4805 1867 4877 ἐτέρας
1895 4807 2042 4859 ἀνοι-

358 4890 523 4960 γῆναι
550 4888 688 4961 πρὸς
705 4890 807 4961 τὴν
831 4890 940 4943 τῶν
968 4890 1267 4965 μελλόντων
1291 4889 1525 4961 θεωρίαν
1550 4889 1702 4959 ὄψεις
1726 4891 2045 4962 αὑτοῖς.τῆς

364 4971 453 5024 τοῦ
494 4971 632 5026 Θεοῦ
666 4972 852 5027 λοιπὸν
886 4972 1098 5042 ἐγίνετο
1147 4972 1390 5043 χάριτος.
1450 4973 1706 5037 Τοιοῦτος
1743 4974 2046 5035 Ἐλισσαῖος

360 5055 452 5131 ἦν,
499 5054 559 5119 ὃς
609 5056 798 5127 ἐπειδὴ
833 5056 1054 5110 πάντων
1097 5056 1309 5127 ἀπέστη
1348 5054 1455 5108 τῶν
1495 5054 1785 5125 βιωτικῶν,
1822 5057 2046 5126 καὶτῆς

364 5138 646 5209 βασιλείας
673 5139 931 5213 ήράσθηιι
962 5139 1062 5209 τῆς
1096 5140 1156 5194 ἐν
1190 5138 1268 5210 τῷ
1304 5138 1542 5211 οὐρανῷ,
1578 5140 1674 5193 καὶ
1703 5138 1772 5192 τὰ
1802 5139 2047 5210 παρόντα

363 5221 650 5278 διέπτυσεν
677 5222 895 5281 ἅπαντα
916 5264 931 5290 ,
960 5222 1235 5295 βασιλείαν
1282 5222 1377 5276 καὶ
1406 5220 1727 5275 δυναστείαν
1770 5222 1863 5275 καὶ
1889 5222 2047 5289 δόξαν

429 5333 456 5362 ⁸
479 5330 562 5381 Sic
577 5328 731 5408 Savil.
747 5335 802 5382 et
816 5330 951 5383 Colb.
980 5330 1140 5401 bene.~
1154 5329 1443 5404 Legepalur
1461 5330 1604 5438 λέγει.
1631 5330 1769 5380 Ευιτ.

429 5390 458 5431 ιδ
475 5394 613 5438 Colb.
638 5394 875 5438 ἐνεωηνεν·
903 5394 959 5438 οὐ
993 5409 1230 5438 τοσοῦτον
1265 5393 1434 5438 λεγων.
1459 5390 1512 5438 lu
1539 5406 1587 5438 ra
1618 5393 1750 5438 idem

405 5390 458 5506 ὲῖδ
475 5394 875 5506 Οριδὺένέφῃνεν·
903 5394 959 5443 οὑ
993 5390 1253 5442 τοσοῦτονή
1265 5393 1434 5453 λέγων.
1459 5390 1588 5442 Infra
1618 5393 1750 5442 idem
1774 5392 1970 5458 νεκρῶν·
2021 5395 2048 5441 ὁ

428 5474 452 5503 ν
471 5472 561 5506 γαο
609 5471 691 5505 ων.

428 5474 452 5503 ν
471 5457 561 5512 γὰρ
583 5456 691 5512 ζῶν.

368 5472 452 5520 μεν
501 5472 561 5520 αρ
584 5472 691 5512 ςων.

431 5523 453 5548 π
471 5472 611 5567 ἐοιδ.
635 5517 858 5567 διάθεσιν·
884 5518 963 5567 διὰ
981 5514 1126 5567 τοῦτο
1146 5516 1310 5565 εἰπών.

428 5579 453 5617 ά
478 5580 615 5629 Colb.
639 5581 761 5629 ἀλλὰ
782 5581 860 5630 διὰ
878 5587 980 5639 τῆς.

428 5644 447 5664 '
472 5644 623 5691 SaVil.
638 5642 837 5694 elColb.
858 5645 940 5692 καὶ
962 5640 1142 5697 πάντας
1163 5640 1273 5696 τοὺς
1294 5640 1448 5697 ὄντας.

433 5701 452 5767 ξ
477 5704 615 5767 Cnlb.
640 5705 695 5753 τὸ
714 5705 967 5761 πλάτοςβὶ
990 5701 1111 5753 infra
1134 5703 1190 5750 τὸ
1208 5706 1342 5767 ὕψος.

432 5766 457 5830 β
480 5766 614 5830 cum.
641 5767 696 5813 τὸ
820 5768 926 5830 γάρτ

432 5824 612 5890 ξίλιιι).
639 5822 978 5887 τῆςπολιτὲίας
1002 5826 1202 5890 ἠράσθη.
1230 5826 1358 5877 Infra
1385 5825 1507 5886 λέγω
1531 5830 1642 5887 post
1675 5825 1808 5880 δόξαν
1839 5824 1979 5874 deest
2004 5822 2053 5872 in

372 5883 507 5935 Colb.

1148 250 1205 308 S.
1244 252 1536 310 JOANNIS
1571 252 2062 314 CHRYSOSTOMI
2098 261 2417 319 ARCHIEP.
2457 262 3009 326 CONSTANTINOP.

3709 267 3815 323 ιιι

2150 376 2313 447 λέγω,
2332 380 2428 433 καὶ
2447 380 2546 451 τὴν
2576 381 2726 452 παρὰ
2756 381 2975 436 πάντων
2995 379 3182 452 τιμὴν,
3208 375 3345 433 εἶδεν
3364 378 3399 432 ἃ
3426 378 3615 450 μηδεὶς
3631 379 3817 454 ἐτερος

2148 457 2256 514 εἶδέ
2284 479 2436 528 ποτε,
2466 463 2593 536 ὅρος
2620 465 2916 537 ὁλόκληρον
2948 466 3131 519 ῖππων
3160 465 3405 537 πυρίνων
3431 465 3526 518 καὶ
3552 464 3818 535 ἁρμάτων

2148 543 2240 597 καὶ
2292 545 2644 618 στρατιωτῶν
2675 548 2932 602 τοιούτων
2971 547 3277 619 παρατάξει
3316 546 3714 618 κρυπτόμενον.
3753 547 3817 599 '0

2149 628 2249 699 μὲν
2280 629 2390 702 γὰρ
2414 629 2484 684 τὰ
2503 631 2745 705 παρόντα
2770 631 3085 704 θαυμάζων,
3104 633 3205 685 οὑκ
3225 630 3289 684 ἂν
3313 628 3568 701 ἀξιωθείη
3591 630 3690 699 τῆς
3709 627 3819 682 τῶν

2149 710 2450 780 μελλόντων
2497 712 2732 786 θεωρίας
2765 715 2924 768 ποτέ·
2953 716 2981 768 6
3015 714 3074 767 δὲ
3114 713 3320 767 τούτων
3373 710 3681 783 ὑπερορῶν,
3721 713 3819 765 καὶ

2144 794 2295 850 οὐδὲν
2324 797 2545 868 ἄμεινον
2585 799 2746 863 σκιᾶς
2788 799 2883 852 καὶ
2909 798 3185 869 ὀνείρατος
3218 794 3359 849 αὑτά
3389 794 3695 849 διακεῖσθαι
3735 812 3820 848 νο-

2147 880 2341 949 μίζων,
2375 883 2587 953 ταχέως
2636 882 2980 950 ἐπιτεύξεται
3008 881 3116 935 τῶν
3152 880 3405 952 μεγάλων
3449 879 3676 932 ἐκείνων
3720 880 3820 932 καὶ

2146 967 2550 1035 πνευματικῶν.
2582 967 2736 1022 Ἐπεὶ
2770 968 2865 1021 καὶ
2893 969 3054 1038 ήμεῖς
3080 965 3203 1019 τότε
3223 964 3314 1018 τὸν
3341 962 3571 1016 πλοῦτον
3591 962 3682 1015 τὸν
3722 962 3821 1014 ἀν-

2144 1044 2300 1118 δράσι
2332 1051 2677 1123 προσήκοντα
2700 1054 2815 1115 τοῖς
2847 1050 3035 1103 παισὶν
3067 1047 3452 1117 ἐπιδείκνυμεν
3471 1048 3585 1109 τοῖς
3616 1044 3824 1116 ήμετέ-

2147 1147 2280 1201 ροις,
2329 1133 2459 1189 ὅταν
2506 1135 2703 1207 ἄνδρας
2736 1135 2933 1198 αὐτοὺς
2975 1132 3305 1205 γενομένους
3338 1131 3558 1202 ἴδωμεν,
3590 1130 3687 1182 καὶ
3709 1129 3824 1183 τῶν

2144 1216 2410 1271 παιδικῶν
2445 1219 2831 1292 ὑπερορῶντας
2861 1218 3147 1272 ἁπάντων·
3182 1216 3290 1280 ἕως
3317 1215 3361 1269 δ’
3388 1215 3455 1269 ἂν
3477 1216 3662 1268 ἐκεῖνα
3689 1212 3829 1266 θαυ-
3870 1212 3875 1219 ”

2147 1303 2412 1373 μάζωσιν,
2435 1306 2684 1371 ἀναξίους
2705 1306 2909 1360 τούτων
2938 1300 3404 1375 είναινομίζομεν.
3429 1300 3591 1372 Ψυχὴ
3610 1298 3723 1370 γὰρ
3745 1298 3822 1368 μὴ

2146 1387 2487 1459 μελετήσασα
2509 1389 2618 1443 τῶν
2660 1388 2873 1461 μικρῶν
2899 1388 2995 1443 καὶ
3025 1386 3297 1458 βιωτικῶν
3341 1387 3724 1456 καταφρονεῖν,
3759 1382 3822 1434 οὑ

2140 1470 2428 1543 δυνήσεται
2454 1472 2605 1547 [Mi]
2629 1473 2905 1545 θαυμάσαι
2945 1472 3015 1527 τὰ
3048 1473 3108 1524 ἐν
3152 1473 3270 1534 τοῖς
3307 1470 3591 1541 οὐρανοῖς·
3631 1466 3826 1536 ῶσπερ

2142 1556 2325 1610 ἐκεῖνα
2345 1557 2725 1629 θαυμάζουσα,
2750 1558 2813 1611 οὑ
2833 1557 3124 1627 δυνήσεται
3150 1554 3359 1608 τούτων
3384 1553 3458 1625 μὴ
3485 1551 3823 1620 καταγελᾷν.

2143 1639 2314 1694 Τοῦτο
2342 1641 2435 1696 καὶ
2467 1644 2496 1696 6
2524 1644 2795 1714 μακάριος
2834 1639 3048 1703 Παῦλος
3090 1638 3276 1708 ἐλεγεν
3295 1652 3310 1667 ·
3333 1639 3382 1690 εί
3429 1635 3541 1708 γὰρ
3563 1636 3659 1688 καὶ
3693 1634 3829 1704 περὶ

2140 1723 2425 1796 δογμάτων
2473 1727 2688 1797 εἴρηται
2724 1724 2786 1778 τὸ
2824 1722 3034 1793 λεχθὲν,
3075 1720 3188 1792 ἐχοι
3233 1719 3302 1774 ἂν
3341 1718 3531 1787 καιρὸν
3562 1717 3657 1771 καὶ¹
3694 1716 3829 1785 περὶ

2141 1810 2357 1880 τρόπων
2388 1808 2636 1880 εἰρῆσθαι
2666 1807 2760 1862 καὶ
2787 1805 3028 1877 δωρεῶν,
3061 1805 3143 1858 δτι
3182 1802 3244 1857 '0
3271 1802 3289 1843 ἱ
3317 1798 3578 1870 ψυχικὸς
3600 1798 3829 1865 ἄνθρωέ

2142 1910 2257 1960 πος
2290 1894 2362 1948 οὐ
2403 1892 2637 1963 δέχεται
2669 1892 2741 1945 τὰ
2770 1892 2875 1946 τοῦ
2899 1889 3249 1959 Πνεύματος
3271 1884 3378 1940 τοῦ
3405 1882 3576 1938 Θεοῦ.

2213 1984 2283 2046 γ’.
2318 1962 2503 2048 Ὅπερ
2531 1971 2625 2030 οὖν
2653 1974 2812 2046 ἐφην,
2854 1973 3090 2046 ἐρημίας
3134 1968 3506 2041 ἐπιζητῶμεν,
3534 1968 3609 2038 μὴ
3629 1962 3731 2027 τάς
3755 1964 3830 2015 ἐκ

2140 2061 2323 2115 τόπων
2390 2060 2570 2133 μόνον,
2623 2058 2761 2112 ἀλλά
2814 2057 2908 2112 καὶ
2958 2055 3059 2119 τὰς
3109 2054 3217 2109 ἀπὸ
3256 2053 3359 2123 τῆς
3410 2049 3829 2133 προαιρέσεως,

2142 2147 2238 2202 καὶ
2278 2132 2401 2219 1:96
2424 2145 2533 2199 τῶν
2581 2144 2756 2199 ἄλλων
2818 2142 3071 2200 ἁπάντων
3116 2138 3214 2211 τὴν
3270 2137 3451 2209 ψυχὴν
3490 2136 3592 2219 εἰς
3645 2132 3832 2199 αὑτὴν

2141 2218 2365 2304 ἄγωμεν
2406 2230 2502 2304 τὴν
2552 2229 2832 2301 ἀοίκητον.
2868 2224 3019 2280 Μετά
3059 2222 3170 2296 γάρ
3207 2222 3309 2293 τῆς
3349 2218 3835 2304 τοιαύτης-κατα-

2145 2298 2387 2380 στάσεως
2429 2298 2527 2368 καὶ
2558 2314 2587 2367 6
2631 2298 2901 2384 μακάριος
2926 2305 3092 2362 Δαυτδ
3124 2304 3281 2359 πόλιν
3318 2302 3509 2366 οίκῶν,
3544 2301 3641 2384 καὶ
3667 2298 3838 2369 βασι-

2141 2398 2292 2452 λείαν
2322 2383 2644 2468 οἰκονομῶν,
2678 2383 2797 2449 καί
2824 2391 3048 2465 μυρίαις
3094 2383 3600 2460 περιϐεϐλημένοςί
3654 2400 3835 2454 φρον-

2140 2482 2275 2545 τίσι,
2313 2481 2420 2534 τῶν
2455 2479 2551 2541 τάς
2594 2477 2831 2550 ἐρημίας
2856 2473 3271 2546 κατειληφότων
3312 2470 3645 2544 θερμότερον
3696 2482 3839 2550 συν-

2144 2563 2320 2634 είχετο
2367 2561 2447 2634 τῷ
2491 2560 2587 2615 τοῦ
2623 2548 2864 2632 Χριστοῦ
2897 2556 3067 2628 πόθῳ.
3101 2555 3184 2609 Τὰ
3227 2553 3337 2626 γὰρ
3369 2552 3580 2623 δάκρυα
3599 2548 3838 2634 καὶᾉτάς

2143 2632 2388 2716 οἰμωγὰς
2420 2632 2523 2698 καὶ
2560 2644 2688 2706 τοὺς
2724 2639 3068 2712 ὀλοφυρμοὺς
3096 2636 3358 2700 ἐκείνους,
3387 2635 3514 2698 τοὺς
3539 2636 3597 2687 ἐν
3616 2632 3837 2716 ἡμέρα,

2141 2714 2269 2795 τοὺς
2299 2714 2380 2785 ἐν
2435 2728 2612 2793 νυκτὶ,
2646 2726 2800 2797 μόλις
2853 2725 2951 2779 ἕνα
2994 2740 3098 2777 που
3133 2722 3231 2776 καὶ
3289 2718 3541 2791 δεύτερον
3578 2718 3689 2797 τῶν
3726 2714 3842 2770 νῦν

2143 2809 2576 2881 ἐσταυρωμένων
2628 2796 3074 2874 ἐπιδεικνύμενον
3129 2801 3228 2854 ίδοι
3272 2817 3359 2881 τις
3383 2798 3510 2881 -ἀν,
3545 2799 3598 2850 εἰ
3628 2796 3707 2881 γέ-
3739 2813 3841 2860 τις

2140 2891 2277 2953 ὂλως
2314 2875 2465 2943 ἐστί.
2512 2887 2607 2958 Μὴ
2640 2887 2750 2956 γάρ
2801 2886 2928 2947 τοὺς
2974 2882 3211 2955 θρήνους
3245 2877 3590 2949 ἐξετάσωμεν
3640 2875 3837 2947 μόνον,

2142 2973 2279 3027 ἀλλά
2308 2973 2401 3026 καὶ
2438 2970 2523 3036 τίς
2562 2969 2637 3023 ὢν
2671 2971 2905 3023 ἐποιεῖτο
2933 2966 3154 3028 τούτους
3202 2962 3404 3034 ἴδωμεν
3442 2958 3704 3032 ἀκριϐῶς.
3748 2960 3839 3012 Οὑ

2140 3060 2249 3132 γάρ
2288 3059 2433 3111 ἐστιν
2480 3056 2614 3118 ἴσον,
2658 3053 2714 3106 ἐν
2745 3048 3018 3121 ἀξιώματι
3065 3045 3304 3132 τοσούτῳ
3349 3045 3714 3132 τυγχάνοντα,
3730 3043 3842 3095 καὶ

2141 3127 2296 3216 ποι-ρά
2322 3142 2540 3195 πάντων
2562 3138 3015 3207 θεραπευόμενον,
3029 3132 3124 3187 καὶ
3146 3130 3351 3216 μηδένα
3377 3129 3470 3183 τὸν
3489 3127 3842 3216 ἐπιτιμῶντα

2141 3210 2335 3300 ἔχοντα
2357 3220 2742 3279 ταπεινοῦσθαι
2774 3219 2869 3272 καὶ
2892 3214 3240 3287 κάμπτεσθαι
3263 3214 3358 3300 καί.
3380 3210 3847 3300 κατεσθίειν-ἐαυξ

2140 3293 2251 3378 τίν,
2312 3310 2407 3365 καὶ
2466 3309 2684 3363 πάντων
2733 3304 2937 3358 τούτων
2995 3298 3437 3371 ἀπεστερημένον
3479 3296 3543 3349 τὸ
3584 3293 3718 3378 αὑτὸ
3765 3293 3844 3364 δὴ

2139 3377 2297 3450 τοῦτο
2332 3395 2524 3449 ποιεῖν.
2570 3392 2628 3444 ’0
2667 3389 2764 3458 μὲν
2801 3385 2911 3456 γὰρ
2935 3384 3189 3457 βασιλεὺς
3227 3382 3398 3435 πολλά
3435 3380 3548 3450 ἔχει
3580 3377 3650 3430 τά
3690 3378 3846 3447 πρὸς

2139 3479 2385 3551 διάχυσιν
2411 3464 2592 3531 ἀὑτὸν
2634 3473 2926 3540 ἐξάγοντα,
2961 3467 3055 3523 καὶ
3094 3466 3368 3520 συστεῖλαι
3405 3462 3696 3551 κωλύοντα
3727 3460 3849 3534 τὴν

2138 3549 2339 3636 ψυχήν.
2372 3563 2480 3615 Καὶ
2511 3561 2618 3632 γάρ
2648 3559 2753 3613 ὑπὸ
2784 3558 2887 3628 τῆς
2908 3554 3284 3625 καθημερινῆς
3311 3552 3523 3624 τρυφῆς
3551 3549 3847 3605 διαλύεται

2140 3650 2234 3703 καὶ
2269 3647 2463 3720 χαῦνος
2499 3646 2731 3715 γίνεται,
2767 3644 2860 3695 καὶ
2896 3640 3001 3693 ὑπὸ
3032 3640 3132 3709 τῆς
3165 3638 3416 3703 ἐξουσίας
3459 3637 3711 3720 φυσᾶται
3739 3636 3850 3691 καὶ

2141 3719 2276 3805 1:96;
2305 3730 2561 3785 ἀπόνοιαν
2586 3730 2800 3799 αἴρεται
2820 3741 2832 3754 ·
2863 3724 3075 3778 ἐκκαίει
3104 3723 3160 3776 δὲ
3193 3722 3289 3805 καὶ
3312 3723 3342 3774 ό
3368 3720 3467 3787 τῆς
3493 3719 3650 3790 δόξης
3690 3719 3847 3790 ἔρως

2141 3800 2324 3882 αὑτὸν,
2361 3815 2455 3868 καὶ
2501 3816 2531 3867 6
2579 3812 2687 3864 τῶν
2745 3809 3015 3880 σωμάτιον
3056 3807 3153 3877 οὑχ
3192 3800 3383 3877 ἧττον,
3430 3804 3536 3857 ὑπὸ
3590 3804 3688 3873 μὲν
3731 3804 3844 3872 τῆς

2140 3899 2386 3967 ἐξουσίας
2405 3895 2741 3966 τικτόμενος,
2764 3891 3097 3963 τρεφόμενος
3117 3889 3175 3941 δέ
3197 3887 3301 3941 ὑπὸ
3320 3886 3420 3956 τῆς
3439 3884 3662 3956 τρυφῆς.
3686 3884 3847 3955 Πρὸς

2140 3983 2348 4047 τούτοις
2380 3984 2435 4036 αἱ
2468 3980 2577 4034 τῶν
2616 3977 2914 4048 φροντίδων
2944 3974 3162 4043 νιφάδες
3199 3971 3461 4027 πάντοθεν
3504 3970 3668 4023 αὑτὸν
3702 3969 3838 4038 βάλ-

2139 4068 2328 4123 λουσαι
2361 4066 2471 4122 τῶν
2507 4064 2697 4120 παθῶν
2730 4062 2955 4115 ἐκείνων
2976 4058 3077 4112 οὑκ
3114 4056 3335 4111 ἔλαττον
3374 4053 3698 4127 θορυϐοῦσιν
3737 4053 3850 4105 αὑ-

2138 4153 2233 4206 τοῦ
2262 4153 2360 4225 τὴν
2388 4152 2598 4223 ψυχήν·
2633 4147 2755 4204 ὅθεν
2792 4144 2912 4200 οὑδέ
2943 4141 3146 4214 μικρὰν
3175 4139 3529 4225 παρείσδυσιν
3656 4136 3843 4191 κατά-

2142 4237 2287 4304 νυξις
2313 4221 2497 4309 εὑρεῖν
2510 4221 2814 4306 δυνήσεται,
2837 4228 3110 4290 τοσούτοις
3135 4223 3431 4309 εἰργομένη
3462 4221 3842 4309 τειχίσμασιν·

2141 4303 2423 4392 ἀγαπητόν
2452 4318 2558 4391 γὰρ
2592 4303 2687 4371 καὶ
2729 4315 2948 4368 πάντων
2980 4310 3185 4364 τούτων
3219 4305 3656 4392 ἀπηλλαγμένην
3672 4303 3845 4392 δονη-

2142 4386 2399 4475 θῆναιέν
2432 4386 2571 4472 αὐτῇ
2604 4398 2762 4452 τοῦτο
2805 4394 3068 4465 φυτεῦσαι
3106 4393 3167 4445 τὸ
3198 4391 3379 4445 καλόν.
3426 4390 3487 4475 :0
3617 4386 3844 4475 ἰδιῶτης

2143 4467 2323 4558 πάσης
2355 4467 2571 4556 ταύτης⁷
2606 4482 2711 4549 ἔξω
2741 4483 2836 4553 τῆς
2865 4477 3114 4551 ταραχῆς
3141 4473 3495 4558 ἕστηκεννκᾶν
3528 4471 3765 4558 Pin“?

2142 4555 2601 4641 διεστραμμένος·
2638 4565 2719 4619 διὸ
2758 4564 2852 4618 καὶ
2893 4563 3007 4635 μετ’
3060 4561 3341 4621 ἐλάττονος
3405 4555 3690 4641 δυσκολίας
3739 4556 3844 4641 ἐπ),

2142 4656 2203 4709 τὸ
2485 4651 2771 4723 δυνήσεται
2789 4647 2993 4701 ἐλθεῖν·
3018 4644 3132 4699 ἀλλ’
3154 4644 3253 4714 οὑχ
3282 4643 3391 4727 όέν
3418 4637 3706 4727 δυναστεία
3742 4637 3844 4727 καὶ

2145 4722 2287 4813 ἀρχῇ
2343 4722 2439 4792 καὶ
2485 4735 2751 4808 θεραπείᾳ
2797 4731 3056 4801 τοσαύτῃ.
3085 4727 3218 4813 ῌΙίαὶ
3269 4725 3487 4813 ὥ-σπερῄ
3502 4722 3740 4813 χαλεπόν
3787 4722 3840 4790 ι,

2148 4800 2347 4895 μάλλον
2378 4822 2435 4875 δὲ
2470 4800 2731 4875 ἀδύνατον
2779 4814 3040 4886 ἀναμίξαι
3081 4810 3235 4865 ὕδατι
3258 4807 3391 4880 πῦρ,
3433 4805 3625 4870 οὑτως,
3658 4800 3839 4895 οἶμαι,

2144 4889 2355 4979 τρυφὴν
2405 4906 2501 4959 καὶ
2542 4900 2834 4966 κατάνυξιν
2878 4902 2959 4962 είς
3000 4896 3169 4951 ταυτδ
3214 4894 3574 4979 συναγαγείνῙ
3618 4889 3842 4979 ἐναντία

2145 4970 2479 5060 γάρταῦτα,
2523 4987 2619 5039 καὶ
2655 4983 2899 5054 ἀλλήλων
2937 4980 3085 5034 ἐστὶν
3119 4974 3462 5060 ἀναιρετικά.
3505 4973 3569 5047 ᾘ
3601 4970 3701 5060 μὲν
3730 4970 3843 5044 γὰρ

2145 5056 2396 5143 δακρύων
2417 5069 2534 5122 ἐστὶ
2559 5069 2742 5139 μήτηρ
2770 5066 2866 5119 καὶ
2892 5063 3128 5135 νήψεως,
3150 5062 3185 5131 ἡ
3203 5059 3260 5113 δέ
3280 5057 3519 5127 γέλωτος
3540 5056 3634 5143 καὶ
3661 5070 3842 5143 παρα-

2148 5137 2352 5228 φοράς·
2384 5154 2478 5208 καὶ
2513 5137 2679 5225 ήῖμέν
2694 5137 2914 5220 κούφην
2951 5147 3047 5202 καὶ
3077 5145 3383 5228 ὑπόπτερον
3421 5139 3715 5228 ἐργάζεται
3743 5137 3842 5228 τήν

2146 5220 2322 5311 ψυχὴν
2341 5280 2357 5304 ,
2402 5238 2435 5308 ἡ
2480 5220 2547 5290 δὲ’
2580 5220 2750 5307 αὑτὴν
2801 5232 3003 5295 παντὸς
3047 5227 3311 5302 μολύϐδου
3357 5223 3661 5311 βαρυτέραν
3682 5220 3844 5311 ,καθ-

2151 5304 2349 5395 ίστησι.
2380 5304 2491 5376 Καὶ
2522 5319 2676 5375 οὔπω
2707 5304 2772 5391 δὴ
2805 5318 2867 5372 τὸ
2897 5316 3116 5371 πάντων
3152 5312 3336 5385 μεῖζον
3363 5307 3537 5373 εἷπον,
3562 5309 3645 5362 ὅτι
3673 5307 3703 5359 ό
3742 5304 3843 5395 μὲν

2148 5411 2206 5464 ἐν
2233 5391 2445 5480 χρόνοις
2473 5404 2817 5460 ἐπολιτεύετο
2842 5403 2995 5457 οὐδὲν
3028 5399 3169 5472 μέγα
3206 5396 3531 5453 ἀπαιτοῦσιν
3573 5395 3655 5480 εἰς
3695 5391 3843 5444 πολι-

2149 5478 2300 5557 τείας
2319 5491 2604 5565 ἀκρίϐειαν
2619 5508 2634 5524 ο
2655 5492 2819 5561 ἡμεῖς
2839 5488 2899 5543 δὲ
2920 5487 3044 5541 τότε
3069 5487 3149 5549 είς
3175 5483 3265 5539 τὸν
3289 5480 3478 5552 ἀγῶνα
3499 5478 3843 5565 καθήκαμεν,

2151 5581 2240 5633 ὅτε
2268 5556 2330 5631 οὑ
2363 5556 2523 5649 μόνον
2551 5574 2622 5629 τὰ
2649 5556 2804 5639 ἀλλα,
2834 5570 2975 5626 ἀλλά
3016 5569 3111 5624 καὶ
3152 5568 3284 5623 αὑτὸ
3322 5566 3384 5619 τὸ
3432 5563 3596 5635 γελᾷν
3644 5556 3845 5628 πολλὴν

2165 5762 2174 5772 .
2224 5698 2238 5737 ί
2269 5697 2321 5771 ίη
2344 5698 2495 5747 Savil.
2518 5701 2572 5747 cl
2590 5695 2727 5747 Colb.
2755 5696 2783 5744 6
2808 5694 2970 5745 deest.
2993 5690 3124 5741 Infra
3147 5688 3285 5741 Colb.
3316 5681 3647 5748 ἐπιζητοῦμεν,
3673 5685 3739 5746 μή
3759 5680 3847 5737 τᾶς

2164 5780 2204 5809 ”
2230 5778 2409 5869 ἷῗῗξῗιὶ.
2439 5820 2800 5881 ἐμϐεϐλημένος.
2824 5816 2949 5881 Infra
2972 5815 3401 5881 idcmﬁepzxéﬁm‘!
3418 5808 3718 5881 “9°?€*“’°'

2228 5866 2251 5922 ίί
2442 5866 2602 5944 ῶσπερ
2738 5866 2964 5943 χαλεπόν,
2984 5879 3135 5929 Savil.
3166 5866 3217 5926 ὀί
3243 5866 3414 5924 Moi'cl.
3442 5866 3521 5919 καὶ
3545 5872 3708 5931 ὥσπερ
3727 5866 3839 5931 χαλ.
