4124 6144
427 347 532 400 ΗΞ

429 456 564 510 Mihi
591 457 808 511 mundus
833 458 1105 528 cruciﬁxus
1129 469 1200 514 est
1226 461 1247 530 (
1271 461 1442 517 Galat.
1470 462 1524 518 6.
1541 463 1658 536 ’14)
1683 506 1698 531 ,
1727 463 1864 519 hanc
1891 479 2003 520 me-

431 556 601 602 morat
626 548 1100 616 insensibilitatem,
1133 552 1242 607 imo
1268 555 1442 622 petius
1469 570 1574 610 non
1601 555 1736 611 hanc
1764 565 1964 612 tantum
1985 599 2000 626 ,

425 637 520 693 sed
540 639 696 693 aliam
723 640 902 706 talem,
930 652 988 695 ut
1011 641 1204 712 duplex
1226 645 1315 698 illa
1336 645 1512 700 fuerit.
1534 645 1649 702 Non
1669 647 1809 702 enim
1831 648 2002 702 solum

426 727 580 794 dixit,
602 729 732 783 Mihi
752 730 969 785 mundus
985 733 1257 802 cruciﬁxus
1278 744 1371 801 est,
1391 735 1463 790 ita
1485 743 1540 790 ut
1563 746 1744 806 postea
1761 740 1999 806 tacuerit,

424 820 519 874 sed
549 835 646 890 per
682 822 989 891 adjunctum
1028 824 1184 879 aliam
1225 827 1538 897 signiﬁcavit
1570 821 1885 897 dicens,iEt
1913 847 2003 902 ego

424 912 638 966 mundo.
665 912 853 983 Magna
879 922 1024 969 certe
1052 915 1386 986 philosophia
1412 926 1510 983 est,
1539 928 1724 988 putare
1749 919 2000 974 mundum

424 1015 546 1056 esse
572 1010 859 1070 mortuum,
893 1004 987 1059 sed
1018 1005 1173 1076 longe
1201 1006 1392 1075 major,
1421 1022 1546 1077 erga
1571 1008 1825 1062 mundum
1852 1009 2002 1080 quasi

423 1101 693 1147 mortuum
723 1093 970 1149 allectum
1000 1111 1140 1150 esse.
1172 1096 1322 1162 Quod
1351 1097 1528 1167 itaque
1549 1098 1747 1153 Paulus
1766 1099 2004 1154 declara-

423 1183 498 1238 vit
527 1183 829 1252 hujusmodi
855 1194 935 1241 est
959 1205 973 1242 :
997 1186 1124 1242 dicit
1148 1187 1290 1242 enim
1319 1203 1424 1243 non
1449 1203 1508 1244 se
1539 1199 1739 1244 tantum
1765 1191 1950 1246 abesse
1970 1207 2000 1246 a

424 1275 778 1343 prmsentibus
798 1315 814 1342 ,
843 1284 1097 1344 quantum
1130 1277 1364 1333 viventes
1389 1292 1419 1332 a
1443 1279 1686 1346 mortuis,
1717 1281 1811 1335 sed
1837 1295 2002 1350 quan-

424 1374 537 1420 tum
578 1365 773 1419 mortui
801 1379 831 1418 a
859 1367 1106 1422 mortuis.
1137 1366 1234 1434 Qui
1267 1369 1409 1422 enim
1433 1369 1595 1435 vivit,
1622 1370 1828 1425 etiamsi
1855 1387 2000 1427 mor-

422 1464 572 1512 tuum
596 1470 701 1510 non
726 1457 1084 1525 concupiscat,
1107 1467 1162 1512 at
1186 1459 1291 1513 alio
1316 1460 1474 1514 modo
1502 1461 1685 1528 sentit,
1712 1461 1824 1516 sive
1843 1463 2002 1518 mire-

422 1554 511 1600 tur
533 1549 781 1615 prostrati
809 1547 1280 1617 pulchritudinem,
1305 1550 1417 1605 sive
1443 1551 1614 1620 ipsum
1637 1553 1916 1608 miseretur
1937 1569 2000 1610 ac

421 1637 664 1707 deploret
695 1655 709 1692 :
739 1649 978 1694 mortuus
1002 1648 1178 1694 autent
1204 1656 1327 1711 erga
1363 1649 1631 1696 mortuum
1661 1658 1727 1698 ne
1757 1644 1844 1698 tali
1875 1645 1996 1714 qui-

421 1726 544 1781 dem
567 1726 758 1783 aﬂ'ectu
777 1736 878 1784 est.
896 1729 1009 1784 Hoc
1029 1729 1188 1801 igitur
1207 1730 1478 1788 declarare
1498 1747 1620 1788 cum
1643 1733 1820 1802 vellet,
1847 1744 1995 1804 post-

338 1803 346 1810 '
421 1832 580 1885 quant
606 1817 832 1885 dixerat,
861 1818 992 1873 Mihi
1016 1820 1232 1874 mundus
1258 1822 1528 1890 crucifixus
1557 1831 1656 1891 est,
1681 1803 1902 1894 addidit,
1929 1825 1997 1879 Et

422 1923 512 1977 ego
526 1908 733 1963 mundo.
752 1908 914 1966 Vides
935 1924 1091 1981 quam
1105 1912 1262 1981 longe
1282 1912 1467 1968 aberat
1482 1912 1548 1968 ab
1565 1915 1714 1982 orbe,
1733 1917 1999 1985 quomodo

378 2046 384 2050 .
427 1999 481 2052 in
511 2009 650 2054 terra
673 2000 922 2070 gradiens
943 2002 1010 2056 ad
1037 2003 1208 2073 ipsum
1233 2004 1550 2059 transilierat
1569 2005 1684 2060 caeli
1709 2006 1998 2062 verticem?

498 2093 655 2148 Pauli
683 2110 804 2166 erga
832 2094 1088 2151 Christum
1116 2113 1258 2150 amor
1289 2098 1437 2152 cwlos
1465 2114 1634 2153 omnes
1671 2101 1996 2155 transcendit.

421 2217 491 2229 ——
517 2187 594 2242 Ne
636 2187 766 2242 mihi
811 2203 1203 2244 commemores
1247 2191 1508 2244 montium
1552 2192 1848 2259 cacumina,
1891 2207 1997 2247 non

419 2280 605 2347 saltus,
650 2294 759 2334 non
796 2280 982 2346 valles,
1026 2296 1130 2335 non
1169 2281 1509 2336 solitudinem
1553 2281 1778 2349 inviam;
1826 2297 1998 2352 neque

420 2373 562 2429 enim
595 2373 708 2428 haec
749 2373 863 2428 sola
892 2374 1022 2428 satis
1055 2381 1177 2428 sunt
1214 2374 1278 2428 ad
1307 2375 1498 2429 animae
1537 2375 1820 2428 tumultum
1848 2375 1996 2430 aufe-

426 2465 670 2532 rendum,
702 2465 796 2521 sed
833 2465 919 2519 illa
951 2480 1087 2535 opus
1117 2473 1198 2520 est
1231 2465 1463 2532 ﬂannna,
1495 2482 1651 2537 quam
1678 2467 1918 2522 Christus
1945 2468 1996 2523 in

424 2556 574 2613 Pauli
604 2557 778 2612 anima
801 2558 1063 2622 incendit;
1101 2558 1286 2612 beatus
1314 2567 1490 2612 autem
1521 2558 1609 2614 ille
1637 2573 1734 2627 per
1753 2559 1998 2628 spiritua-

421 2646 526 2702 lem
562 2648 696 2702 hanc
721 2648 1096 2718 cogitationem
1124 2648 1290 2717 ipsam
1312 2648 1459 2714 fovit,
1479 2657 1532 2703 et
1547 2648 1614 2703 ad
1645 2657 1842 2702 tantam
1868 2649 1996 2704 sub-

420 2737 699 2793 limitatem
745 2739 969 2804 extulit,
1025 2747 1084 2794 ut
1124 2753 1255 2794 cum.
1290 2753 1321 2792 a
1370 2747 1510 2794 terra
1560 2738 1886 2808 incepisset,
1930 2738 1997 2793 ad

424 2829 598 2899 ipsum
621 2829 808 2885 caelum
838 2831 1132 2901 pertigerit,
1163 2831 1269 2886 imo
1309 2837 1364 2885 et
1399 2831 1464 2885 ad
1491 2831 1679 2886 caelum
1724 2832 1816 2886 illo
1841 2845 2000 2901 supe-

421 2923 554 2989 rius,
584 2931 638 2978 ct
667 2923 734 2977 ad
763 2923 904 2977 aliud
938 2923 1128 2977 iterum
1161 2940 1173 2976 :
1203 2923 1316 2992 ipse
1342 2937 1572 2992 namque
1601 2938 1768 2993 usque
1792 2922 1858 2976 ad
1889 2931 1998 2976 ter-

421 3014 552 3071 tium
587 3015 775 3070 caalum
818 3025 1001 3084 raptus
1037 3022 1119 3069 est
1154 3031 1167 3066 :
1199 3029 1353 3068 amor
1393 3023 1572 3068 autem
1611 3014 1730 3083 ejus
1773 3022 1829 3068 et
1871 3027 1999 3083 erga

421 3106 689 3162 Christum
730 3105 945 3160 dilectio
975 3121 1078 3158 non
1121 3112 1231 3159 tres
1267 3104 1462 3169 solum,
1495 3103 1587 3158 sed
1617 3118 1802 3158 omnes
1839 3104 1998 3158 etiam

419 3199 584 3253 ezelos
607 3196 952 3252 transcendit.
973 3195 1104 3250 Nam
1126 3209 1351 3265 corpore
1377 3194 1587 3264 quidem
1613 3195 1836 3264 pusillus
1859 3203 1996 3263 erat,

422 3290 660 3359 nihilque
685 3289 917 3360 amplius
953 3304 1112 3358 quam
1151 3302 1248 3342 nos
1277 3289 1328 3342 in
1368 3287 1466 3342 hac
1501 3302 1562 3341 re
1588 3287 1813 3341 habuit:
1846 3281 2001 3356 spiri-

421 3381 552 3437 tuali
593 3388 770 3435 autem
820 3377 1011 3434 aﬂ‘ectu
1064 3394 1251 3433 omnes
1300 3379 1390 3448 qui
1443 3378 1494 3431 in
1540 3387 1680 3431 terra
1722 3385 2002 3430 versantur

422 3471 668 3526 homines
698 3471 857 3542 longo
888 3470 1168 3525 intervallo
1198 3469 1485 3538 superavit.
1518 3469 1700 3539 Neque
1727 3469 1924 3524 errabit
1955 3469 1999 3523 si

421 3563 544 3633 quis
588 3569 829 3618 sanctum
861 3561 1008 3617 illum
1037 3562 1178 3616 circa
1217 3575 1327 3616 rem
1357 3559 1494 3614 hanc
1523 3561 1750 3631 imagine
1777 3561 1865 3615 tali
1905 3576 2001 3615 ex-

421 3654 622 3726 primat
663 3673 676 3710 :
717 3653 1162 3725 quemadmodum
1209 3653 1254 3707 si
1299 3651 1513 3706 ﬂamma
1552 3653 1796 3722 quaedam
1837 3660 2000 3708 totam

425 3755 582 3801 terra:
599 3745 931 3816 superﬁciem
958 3758 1244 3816 occupans,
1267 3751 1319 3799 et
1345 3744 1396 3798 in
1419 3744 1584 3797 altum
1607 3744 1744 3797 elata
1770 3742 2002 3812 undique

425 3837 695 3892 cmlestem
725 3836 963 3906 apsidem
1003 3843 1305 3906 praetereat,
1353 3844 1407 3890 et
1451 3849 1629 3890 aerem
1667 3849 1828 3904 supra
1858 3833 2001 3888 illam

426 3930 662 4000 positum
693 3928 1010 3998 pervadens,
1040 3928 1155 3983 sive
1181 3942 1276 3982 aer
1301 3926 1390 3981 ille
1416 3927 1514 3993 sit,
1546 3926 1658 3980 sive
1687 3925 1829 3980 aliud
1849 3925 2003 3995 quid-

425 4021 576 4087 libet,
635 4021 1005 4076 intermedium
1045 4019 1271 4076 duorum
1309 4019 1559 4072 czelorum
1601 4018 1724 4087 igne
1761 4015 1998 4086 repleat;

425 4129 598 4184 neque
622 4113 710 4168 hic
729 4127 943 4167 cursum
965 4112 1135 4174 sistat,
1160 4110 1252 4165 sed
1277 4109 1342 4164 ad
1370 4109 1580 4164 tertium
1603 4109 1762 4162 etiam
1783 4116 2002 4178 repente

426 4211 734 4268 transmeet,
768 4202 1050 4271 omniaque
1081 4216 1242 4254 unum
1273 4214 1463 4270 rogum
1497 4197 1712 4266 efﬁciat,
1743 4205 1900 4252 tantae
1927 4197 2003 4252 la-

425 4293 668 4349 titudinis
694 4301 944 4363 quantam
973 4291 1134 4346 habet
1161 4290 1408 4345 universa
1437 4298 1598 4354 terra,
1631 4297 1788 4342 tantae
1819 4287 2003 4342 altitu-

426 4386 588 4452 diuis,
619 4394 873 4456 quantum
903 4384 1058 4454 spatii
1083 4399 1114 4438 a
1140 4383 1296 4438 tertio
1325 4381 1459 4437 caelo
1487 4380 1552 4435 ad
1582 4394 1680 4435 nos
1702 4393 1869 4448 usque
1897 4386 2001 4433 est.

425 4476 503 4534 Ne
526 4480 603 4534 sic
625 4478 841 4549 quidem
872 4485 998 4548 puto
1022 4477 1109 4532 vel
1147 4484 1351 4546 partem
1390 4472 1769 4544 aliquantulam
1805 4471 2003 4526 amoris

426 4571 542 4641 ejus
581 4585 666 4626 me
704 4570 1055 4640 expressisse.
1085 4567 1235 4634 Quod
1262 4575 1440 4621 autem
1479 4565 1597 4620 haec
1635 4579 1740 4619 non
1767 4564 1876 4617 sint
1911 4577 2006 4632 per

428 4662 753 4734 hyperbolen
784 4662 946 4728 dicta,
978 4660 1162 4716 videre
1200 4659 1397 4729 poterit
1423 4659 1663 4728 quisquis
1698 4672 1758 4712 ea
1791 4657 2000 4727 legerit,

427 4771 544 4826 qum
587 4755 654 4810 ad
711 4755 1037 4810 Demetrium
1088 4753 1274 4808 eadem
1324 4751 1391 4807 de
1437 4766 1495 4806 re
1542 4751 1870 4820 scripsimus.
1918 4749 2007 4806 Sic

427 4856 639 4917 oportet
661 4845 932 4901 Christum
959 4858 1160 4908 amare,
1191 4844 1269 4900 sic
1296 4859 1327 4898 a
1353 4843 1512 4898 rebus
1538 4841 1887 4912 prmsentibus
1912 4842 2005 4896 ab-

427 4940 638 4994 sistere.
671 4937 826 4993 Tales
849 4945 1002 4992 erant
1029 4944 1334 4991 sanctorum
1362 4933 1744 5005 prephetarum
1770 4933 1966 4987 animae
1986 4972 2003 5000 ,

429 5031 654 5101 ideoque
673 5031 806 5086 alios
825 5038 1145 5100 acceperunt
1165 5028 1370 5084 oculos.
1394 5028 1534 5083 Sane
1554 5025 1694 5098 quod
1717 5025 1790 5080 illi
1815 5040 1845 5079 a
1867 5040 2006 5096 prae-

427 5121 668 5177 sentibus
706 5135 767 5177 se
799 5129 1160 5192 segregarem,
1201 5119 1254 5174 id
1295 5119 1502 5174 illorum
1546 5117 1833 5189 diligentiae
1872 5131 2006 5187 opus

427 5222 542 5268 erat
569 5230 584 5266 :
611 5212 754 5284 quod
779 5227 909 5268 vero
935 5219 1118 5282 postea
1141 5209 1232 5265 alii
1273 5209 1374 5265 sibi
1403 5209 1738 5278 aperirentur
1773 5206 1842 5261 ad
1869 5206 2010 5260 lutu-

428 5320 610 5361 rorum
654 5305 1156 5375 contemplationem
1191 5303 1358 5370 oculi,
1399 5300 1527 5356 illud
1563 5301 1775 5356 demum
1809 5298 2006 5354 divinas

431 5397 614 5468 gratiae
637 5404 774 5451 erat.
803 5395 946 5450 Talis
984 5402 1100 5450 erat
1126 5393 1372 5457 Eliszeu‘s,
1400 5391 1488 5466 qui
1520 5399 1797 5460 postquam
1827 5388 2006 5443 omnia

427 5489 707 5544 smeularia
740 5487 1003 5558 despexit,
1036 5485 1185 5556 regni
1223 5484 1451 5539 caelestis
1480 5497 1663 5537 amore
1688 5489 1870 5550 captus
1898 5489 2002 5548 est,

434 5580 824 5650 prmsentiaque
849 5578 1028 5634 omnia
1065 5576 1288 5646 respuit.
1321 5589 1545 5645 regnum
1570 5588 1781 5643 nempe,
1815 5580 2004 5641 poten-

431 5680 579 5738 tiam,
617 5671 841 5742 gloriam
887 5680 942 5726 et
982 5672 1240 5726 honorem
1283 5668 1350 5723 ab
1387 5665 1635 5722 omnibus
1673 5663 2000 5730 exhibitum;

429 5763 562 5820 vidit
591 5778 654 5822 ea
679 5779 797 5838 qua:
827 5763 1000 5820 nullus
1027 5775 1276 5834 umquam
1315 5759 1551 5829 viderat,
1593 5765 1829 5815 montem
1859 5765 2002 5812 Inte-

1311 350 1398 406 DE
1436 351 1978 424 COMPUNCTIONE,
2019 355 2109 411 AD
2146 355 2598 414 STELECHIUSI.
2638 357 2764 413 LIB.
2805 355 2869 412 ll.

3577 359 3678 414 414

2109 479 2286 534 grum,
2316 481 2569 536 equorum
2601 468 2900 537 igneorum,
2929 481 3179 522 curruum
3203 509 3218 533 ,
3249 468 3576 539 militumque
3603 472 3678 525 si-

2106 554 2309 611 milium
2332 557 2567 612 exercitu
2592 567 2856 626 opertum.
2879 557 3010 612 Nam
3033 559 3121 628 qui
3148 560 3429 627 prmsentia
3449 559 3674 614 admira-

2107 654 2226 714 tur,
2282 647 2578 702 futurorum
2632 649 3080 718 contemplatione
3140 665 3428 718 numquam
3487 651 3677 720 dignus

2107 737 2386 792 habebitur
2414 756 2428 792 :
2461 739 2549 808 qui
2581 747 2755 794 autem
2787 741 2872 794 illa
2903 740 3149 810 deSpicit,
3180 749 3234 795 et
3262 741 3428 796 nihilo
3453 743 3674 797 meliora

2107 837 2257 897 putat
2294 828 2478 883 umbra
2522 838 2576 883 et
2613 831 2846 896 somnio,
2881 831 2989 885 cito
3027 845 3216 901 magna
3260 832 3348 885 illa
3386 833 3676 900 spiritualia

2106 929 2478 990 consequetur.
2501 920 2936 992 Quandoquidem
2963 932 3015 978 et
3039 937 3137 977 nos
3161 923 3370 977 divitias
3395 925 3522 980 viris
3547 940 3675 980 eon-

2104 1018 2351 1079 gruentes
2372 1010 2490 1066 ﬁliis
2506 1012 2702 1066 nostris
2727 1011 3058 1079 exhibemus,
3082 1028 3202 1068 cum
3222 1013 3339 1069 illos
3368 1015 3512 1069 viros
3532 1030 3673 1082 esse,

2105 1107 2159 1153 et
2183 1101 2404 1168 puerilia
2434 1101 2612 1155 omnia
2641 1100 2914 1170 despicere
2939 1101 3182 1157 videmus
3209 1120 3224 1157 :
3254 1103 3504 1172 quamdiu
3533 1106 3674 1160 enim

2106 1190 2194 1243 illa
2235 1191 2516 1257 mirantur,
2561 1191 2642 1246 his
2683 1192 2802 1246 illos
2837 1193 3080 1263 indignos
3117 1192 3455 1248 arbitramur.
3485 1195 3673 1248 Anima

2104 1279 2298 1349 quippe
2327 1295 2444 1349 quae
2473 1295 2632 1349 parva
2655 1289 2709 1336 et
2737 1282 3011 1336 smcularia
3036 1281 3311 1351 despicere
3336 1296 3442 1335 non
3468 1280 3668 1346 didicit,

2103 1370 2337 1425 caelestia
2381 1371 2561 1424 mirari
2609 1386 2716 1425 non
2763 1372 2987 1442 poterit;
3037 1373 3258 1442 parique
3296 1371 3454 1427 modo
3498 1373 3543 1426 si
3584 1372 3674 1426 illa

2103 1462 2346 1528 miretur,
2375 1476 2480 1515 non
2505 1462 2695 1532 poterit
2723 1461 2838 1517 haec
2865 1478 2970 1517 non
3001 1463 3242 1518 irridere.
3275 1463 3386 1518 lloc
3412 1471 3466 1519 ct
3491 1463 3672 1519 beatus

2103 1554 2300 1608 Paulus
2337 1553 2548 1608 dicebat
2596 1573 2610 1608 :
2645 1569 2963 1624 quamquam
3006 1555 3149 1609 enim
3194 1554 3390 1609 dictum
3435 1556 3564 1610 illud
3607 1556 3674 1611 de

2103 1643 2441 1712 dogmatibus
2484 1643 2744 1712 prolatum
2775 1654 2878 1712 est,
2917 1653 3214 1713 opportune
3252 1655 3426 1700 tamen
3462 1646 3528 1700 de
3555 1661 3673 1700 mo-

2103 1733 2250 1787 ribus
2277 1742 2329 1788 et
2350 1733 2416 1788 de
2442 1733 2596 1788 donis
2617 1734 2823 1788 dicatur
2852 1751 2866 1787 ε
2890 1734 3136 1788 Animalis
3165 1735 3313 1788 homo
3339 1751 3439 1789 non
3467 1738 3676 1805 percipit

2101 1841 2162 1878 ea
2181 1840 2292 1892 qua:
2317 1832 2430 1878 sunt
2452 1823 2674 1894 Spiritus
2697 1824 2792 1879 Dei
2814 1825 2887 1897 (1.
2919 1825 3036 1880 Cor.
3067 1825 3122 1879 2.
3154 1825 3264 1895 l4).

2173 1917 2225 1971 ’5.
2256 1913 2424 1969 David
2466 1916 2719 1972 Christum
2761 1918 2992 1971 ardenter
3032 1918 3250 1971 amabat.
3277 1949 3348 1958 —
3379 1918 3448 1974 Ut
3493 1921 3668 1988 itaque

2102 2005 2363 2074 dicebam,
2409 2007 2819 2062 sollicitudinem
2860 2009 3229 2078 requiramus,
3278 2023 3384 2063 non
3433 2009 3670 2063 locorum

2103 2107 2328 2164 tantum,
2359 2098 2454 2153 sed
2492 2100 2651 2154 etiam
2680 2099 2935 2170 propositi
2968 2117 2980 2151 :
3013 2107 3170 2169 atque
3198 2108 3321 2154 ante
3347 2101 3523 2154 omnia
3554 2101 3673 2154 ani-

2101 2203 2243 2242 mam
2269 2186 2524 2243 ducamus
2551 2188 2603 2242 in
2635 2188 2804 2259 ipsam
2835 2203 2939 2244 non
2965 2188 3258 2244 habitatam
3290 2198 3507 2244 terram.
3539 2193 3672 2247 Cum

2101 2279 2192 2332 tali
2215 2293 2443 2348 namque
2472 2279 2633 2334 animi
2662 2279 2854 2335 aﬂectu
2880 2280 3065 2336 beatus
3092 2281 3277 2348 David,
3307 2282 3491 2336 urbem
3526 2282 3672 2336 inco-

2101 2367 2217 2422 lens
2239 2377 2294 2422 et
2320 2383 2541 2438 regnum
2568 2369 2942 2424 administrans
2971 2371 3295 2441 inﬁnitisque
3319 2371 3674 2427 circumdatus

2101 2460 2264 2527 curis,
2289 2460 2559 2514 ardentius
2579 2476 2736 2530 quam
2759 2461 2814 2527 ii,
2844 2463 2932 2532 qui
2959 2463 3296 2517 solitudinem
3323 2472 3671 2532 occuparunt,

2101 2551 2271 2605 amori
2301 2551 2498 2605 Christi
2537 2552 2860 2607 adhaerebat.
2906 2553 3195 2627 Lacrymas
3223 2556 3366 2612 enim
3395 2555 3546 2622 illas,
3575 2571 3672 2626 ge-

2101 2641 2299 2706 mitus,
2359 2651 2410 2696 et
2461 2640 2616 2696 ﬂetus
2668 2643 2756 2699 die
2803 2653 3066 2714 nocteque
3114 2647 3331 2715 eﬂ'usos,
3379 2647 3469 2702 vix
3507 2663 3670 2703 unum

2101 2731 2302 2786 duosve
2328 2747 2536 2799 eorum,
2567 2733 2658 2802 qui
2688 2748 2827 2788 nunc
2850 2734 3089 2790 cruciﬁxi
3119 2745 3274 2804 sunt,
3304 2735 3560 2792 exhibere
3587 2737 3672 2792 vi-

2101 2821 2340 2888 deamus,
2370 2824 2416 2878 si
2458 2834 2632 2880 tamen
2663 2826 2922 2895 quispiam
2965 2829 3277 2897 reperiatur.
3309 2829 3491 2899 Neque
3531 2831 3670 2886 enim

2101 2913 2261 2970 ﬂetus
2288 2924 2489 2970 tantum
2519 2918 2892 2974 considerandi
2920 2929 3062 2984 sunt,
3096 2921 3188 2975 sed
3219 2923 3336 2991 quis
3363 2923 3484 2978 illos
3510 2924 3672 2980 cmit-

2102 3013 2238 3061 teret
2261 3005 2543 3076 diligenter
2580 3009 2984 3078 perspiciamus.
3016 3009 3130 3065 Non
3165 3011 3302 3066 idem
3334 3022 3414 3068 est
3443 3015 3494 3068 in
3527 3024 3671 3073 tanta

2102 3093 2356 3166 dignitate
2379 3097 2632 3165 positum,
2655 3099 2722 3154 ab
2747 3099 2992 3154 omnibus
3019 3099 3204 3155 honori
3236 3103 3490 3170 habitum,
3515 3121 3672 3174 quem

2102 3201 2262 3242 nemo
2303 3187 2578 3256 increpare
2619 3198 2819 3258 posset,
2868 3189 3156 3255 humiliari,
3205 3193 3474 3248 incurvari
3512 3209 3676 3265 seque

2103 3280 2276 3350 ipsum
2305 3294 2598 3346 macerare,
2626 3288 2784 3350 atque
2821 3279 2924 3335 hoc
2964 3281 3137 3349 ipsum
3178 3281 3355 3338 facere
3393 3284 3560 3348 illum,
3588 3284 3674 3340 cui

2102 3372 2234 3427 nihil
2273 3372 2462 3426 horum
2504 3381 2789 3442 competat.
2831 3371 3104 3443 Siquidem
3149 3374 3314 3428 multa
3353 3390 3448 3428 rex
3493 3374 3673 3439 habet,

2102 3481 2220 3535 qua:
2252 3465 2424 3533 ipsum
2460 3465 2527 3519 ad
2569 3480 2687 3520 sese
2722 3464 3096 3522 eﬂ'undendum
3137 3467 3420 3535 adducant,
3450 3484 3674 3539 qumque

2101 3554 2398 3624 impediant
2423 3556 2708 3625 quominus
2749 3557 2978 3610 animam
3017 3557 3229 3626 colligat
3257 3572 3427 3611 suam.
3463 3558 3676 3612 Diurnis

2104 3660 2334 3716 namque
2360 3646 2565 3700 deliciis
2594 3653 2648 3700 et
2676 3647 2934 3701 conviviis
2956 3647 3291 3715 dissolvitur,
3315 3663 3378 3702 ac
3402 3649 3580 3704 mollis
3604 3648 3675 3703 εἰ·
3758 3689 3766 3698 .

2105 3734 2300 3801 ﬁcitur,
2334 3736 2549 3791 inﬂatur
2574 3739 2810 3807 potentia
2840 3752 2936 3792 sua
2969 3747 3024 3793 et
3051 3739 3102 3792 in
3131 3731 3489 3809 arrogantiam
3517 3739 3675 3795 eﬂer-

2105 3833 2192 3880 tur
2220 3843 2233 3879 :
2266 3826 2412 3880 illum
2435 3827 2620 3897 glorize
2648 3843 2798 3882 amor
2825 3829 2950 3894 urit,
2996 3843 3097 3884 nec
3144 3830 3320 3884 minus
3365 3845 3670 3900 corporum,

2105 3917 2340 3987 potentia
2384 3919 2615 3988 genitus,
2643 3927 2696 3973 et
2723 3919 2952 3973 nutritus
2988 3919 3213 3974 deliciis.
3246 3920 3327 3974 Ad
3359 3920 3473 3975 hmc
3517 3930 3673 3975 cura-

2105 4024 2221 4064 rum
2246 4009 2491 4065 turbines
2529 4011 2701 4080 ipsum
2732 4010 2962 4081 undique
2998 4010 3310 4066 invadentes
3347 4027 3451 4064 non
3479 4011 3676 4076 minus,-

2105 4115 2263 4170 quam
2307 4101 2384 4155 illi
2425 4101 2516 4155 alii
2556 4100 2798 4166 aﬂ‘ectus,
2844 4103 3008 4172 ipsius
3048 4103 3282 4157 animum
3324 4103 3675 4172 perturbant:

2105 4206 2270 4260 quare
2295 4206 2364 4246 ne
2392 4192 2670 4246 minimum
2695 4192 2908 4261 quidem
2936 4195 3273 4265 compunctio
3302 4195 3500 4250 aditum
3527 4195 3677 4250 inve-

2106 4282 2224 4338 nire
2249 4283 2445 4352 poterit
2471 4291 2548 4338 tot
2576 4284 2958 4340 munitionibus
2986 4284 3199 4355 repulsa
3224 4301 3238 4338 :
3270 4300 3414 4355 a‘gre
3451 4301 3680 4355 namque

2105 4374 2188 4429 vel
2228 4373 2282 4428 in
2320 4373 2497 4428 anima
2531 4373 2615 4430 his
2653 4374 2892 4429 obicibus
2936 4374 3101 4429 libera
3143 4375 3246 4429 hoc
3280 4375 3475 4430 bonum
3519 4375 3680 4429 inseri

2107 4474 2304 4536 potest.
2337 4451 2596 4520 'Privatus
2641 4473 2820 4520 autem
2862 4464 3024 4519 homo
3073 4464 3373 4532 hujusmodi
3423 4464 3689 4526 tumultus,

2109 4569 2300 4626 expers
2338 4555 2557 4611 omnino
2603 4563 2706 4620 est,
2757 4555 2862 4610 nisi
2911 4553 2981 4608 sit
3027 4553 3312 4607 admodum
3363 4565 3675 4622 perversus;

2107 4648 2453 4721 quamobrem
2480 4661 2600 4702 cum
2626 4646 2818 4702 minori
2845 4644 3155 4700 difﬁcultate
3182 4634 3376 4714 poterit
3402 4645 3535 4698 hanc
3566 4659 3677 4698 rem

2109 4743 2284 4810 adire,
2319 4756 2478 4812 quam
2510 4741 2555 4796 is
2584 4741 2674 4810 qui
2705 4739 2758 4794 in
2801 4740 3058 4810 potentia,
3088 4738 3313 4807 imperio
3335 4745 3386 4791 et
3415 4735 3561 4791 cultu
3590 4732 3680 4790 tali

2107 4834 2273 4905 degit.
2305 4834 2384 4888 Ac
2408 4829 2852 4902 quemadmodum
2882 4829 3119 4894 difﬁcile,
3151 4828 3258 4882 imo
3279 4826 3457 4898 potius
3482 4827 3680 4896 impos-

2109 4927 2264 4982 sibile
2292 4934 2373 4981 est
2401 4926 2576 4996 ignem
2599 4937 2721 4978 cum
2749 4937 2884 4993 aqua
2919 4921 3166 4985 miscere,
3199 4920 3270 4974 ita
3299 4934 3405 4974 non
3433 4927 3560 4988 puto
3589 4917 3682 4974 de-

2108 5019 2259 5076 licias
2284 5025 2339 5072 et
2362 5015 2826 5087 compunct‘lonem
2854 5013 3011 5068 simul
3037 5027 3155 5066 esse
3185 5024 3343 5081 posse
3371 5028 3384 5064 :
3415 5021 3537 5064 nam
3565 5009 3681 5065 haec

2111 5111 2376 5168 contraria
2418 5117 2563 5176 sunt,
2605 5117 2659 5163 et
2705 5122 2866 5161 unum
2908 5106 2977 5160 ab
3021 5103 3189 5161 altero
3230 5102 3544 5158 destruitur.
3586 5101 3681 5156 llla

2109 5205 2252 5259 enim
2297 5212 2468 5256 mater
2515 5208 2598 5256 est
2636 5199 2986 5269 lacrymarum
3041 5203 3095 5250 et
3138 5193 3526 5265 temperantiae,
3567 5191 3684 5247 haec

2109 5297 2249 5351 risus
2275 5304 2329 5350 et
2366 5293 2626 5349 insanire:
2660 5292 2745 5346 illa
2768 5291 2938 5345 levem
2967 5298 3021 5344 et
3046 5288 3146 5342 alis
3174 5288 3484 5342 instructam
3521 5283 3685 5339 efﬁcit

2109 5389 2363 5454 animam,
2392 5386 2474 5441 hae
2499 5399 2628 5440 vero
2661 5383 2882 5455 plumbo
2911 5380 3210 5450 graviorem
3235 5379 3582 5434 constituunt.
3613 5376 3683 5429 At

2109 5478 2346 5534 nondum
2374 5477 2426 5531 id
2452 5475 2592 5546 quod
2616 5474 2791 5544 majus
2817 5481 2900 5527 est
2926 5471 3054 5536 dixi,
3087 5469 3337 5524 Davidem
3362 5467 3563 5524 scilicet
3585 5465 3678 5519 illo

2111 5579 2350 5640 tempore
2379 5567 2595 5632 vixisse.
2625 5579 2731 5636 quo
2757 5579 2863 5619 non
2888 5571 3030 5617 tanta
3057 5561 3425 5631 postulabatur
3448 5557 3568 5610 vita:
3592 5554 3678 5608 di-

2110 5659 2362 5732 ligentia;
2393 5674 2492 5714 nos
2525 5665 2700 5712 autem
2731 5670 2872 5710 nunc
2911 5653 2963 5709 in
2991 5661 3262 5710 certamen
3287 5645 3680 5710 descendimus,

2115 5769 2235 5812 cum
2275 5769 2383 5811 non
2427 5751 2529 5807 alia
2572 5747 2732 5806 modo
2757 5746 2969 5815 delicta,
3011 5744 3105 5801 sed
3149 5745 3261 5813 ipse
3303 5741 3442 5797 risus
3479 5737 3684 5806 magnis
