4124 6144
448 333 547 388 415

446 443 712 497 obnoxius
759 449 840 495 est
880 438 1080 508 poenis,
1125 436 1218 490 sed
1258 437 1434 491 luctus
1466 442 1521 490 et
1554 431 1768 488 afllictio
1811 430 2008 499 ubique

446 531 708 587 laudatur.
749 530 996 584 Attamen
1045 527 1230 581 beatus
1275 526 1365 580 ille
1409 525 1490 578 his
1537 521 1784 578 omnibus
1827 520 2009 575 fractis

445 620 704 682 obicibus,
735 618 810 670 sic
836 617 976 670 illam
1006 614 1212 670 fortiter
1239 615 1488 684 suscepit,
1517 613 1670 683 quasi
1697 627 1832 666 unus
1861 619 2010 666 esset

445 727 509 763 ex
533 707 898 770 multitudine,
934 721 996 759 ac
1023 720 1090 759 ne
1130 720 1223 775 per
1249 704 1514 760 somnium
1545 702 1756 773 quidem
1787 715 2009 771 regnum

446 800 708 868 regiamve
763 797 1208 865 magnificentiam
1260 797 1479 850 vidisset
1530 812 1544 848 :
1596 803 1904 862 tantamque
1954 791 2008 845 in

446 903 704 958 purpura,
734 887 787 940 in
817 886 1112 941 diademate
1141 895 1194 940 et
1229 886 1281 939 in
1311 885 1455 954 regio
1477 884 1612 938 solio
1635 881 2007 951 compunctio-

447 995 565 1031 nent
597 977 863 1042 exhibuit,
893 985 1142 1046 quantam
1172 977 1215 1028 is
1243 977 1332 1044 qui
1360 975 1412 1028 in
1438 987 1614 1038 sacco,
1647 972 1700 1025 in
1729 971 1927 1036 cinere,
1957 979 2013 1025 et

447 1069 496 1119 in
530 1066 814 1119 solitudine
852 1064 1020 1119 sedet.
1062 1065 1129 1116 At
1150 1065 1296 1120 enim
1318 1063 1404 1132 iis,
1437 1061 1628 1130 quibus
1668 1059 1772 1115 hoc
1812 1059 2010 1113 bonum

445 1175 574 1213 vere
613 1158 1000 1228 supervenerit,
1035 1164 1235 1210 tantum
1281 1155 1444 1209 robur
1481 1153 1724 1217 exhibet,
1755 1159 2008 1221 quantum

445 1250 580 1318 ignis
626 1249 677 1302 in
721 1249 908 1316 spinis.
964 1248 1075 1301 lloc
1117 1247 1358 1316 quamvis
1406 1243 1674 1299 hominem
1720 1242 2011 1297 innumeris

447 1339 784 1408 prmfucatum
827 1338 981 1392 malis
1009 1338 1258 1407 reperiat,
1284 1337 1524 1406 quamvis
1555 1334 1737 1389 multis
1766 1341 2008 1404 peccato-

449 1448 565 1484 ium
624 1431 870 1484 funiculis
921 1430 1300 1492 constrictum,
1354 1427 1596 1497 quamvis
1641 1427 2011 1481 vehementem

445 1521 679 1576 offendat
705 1521 1252 1590 concupiscentiarum
1279 1518 1566 1585 flammam,
1595 1519 1834 1588 quamvis
1871 1517 2010 1571 mul-

447 1624 556 1668 tum
579 1614 1006 1668 circumstantem
1027 1613 1356 1668 saecularium
1377 1627 1552 1666 rerum
1578 1610 1878 1673 tumultum:
1900 1609 2012 1664 inec

446 1703 624 1756 omnia
651 1702 824 1756 subito
853 1716 950 1756 ceu
975 1701 1203 1770 quodam
1237 1700 1446 1769 ﬂagello
1473 1699 1708 1770 depellit,
1749 1708 1802 1752 et
1827 1698 2012 1768 procul

446 1793 607 1862 abigit
635 1793 701 1847 ab
729 1793 923 1845 anima.
952 1792 1030 1846 Ac
1057 1790 1498 1860 quemadmodum
1520 1799 1703 1843 contra
1731 1790 1837 1844 vim
1868 1788 2011 1843 venti

447 1882 772 1936 vehementis
801 1897 1084 1950 numquam
1108 1881 1280 1935 tenuis
1305 1881 1474 1950 pulvis
1495 1880 1720 1947 steterit,
1747 1881 1817 1933 ita
1839 1894 2012 1948 neque

446 1972 991 2042 concupiscentiarum
1014 1970 1296 2026 multitudo
1321 1970 1742 2039 compunctionis
1763 1969 2012 2039 ingruen-

447 2071 552 2116 tem
580 2064 682 2116 vim
709 2063 970 2117 sustincre
998 2062 1212 2131 poterit,
1241 2061 1334 2117 sed
1363 2063 1448 2116 illa
1479 2061 1788 2128 destruitur,
1818 2061 2012 2132 pulve-

447 2169 611 2222 rcque
647 2168 710 2207 ac
752 2152 897 2207 fumo
937 2151 1093 2207 citius
1136 2153 1440 2222 dissipatur.
1473 2152 1604 2206 Nam
1646 2153 1692 2208 si
1729 2167 2013 2223 corporum

445 2259 598 2298 amor
642 2245 872 2298 animam
917 2245 988 2298 ita
1031 2246 1292 2313 captivam
1336 2244 1518 2307 efficit,
1563 2253 1622 2300 ut
1660 2245 1727 2299 ab
1767 2245 2014 2300 omnibus

447 2333 588 2387 illam
620 2333 865 2400 abducat,
884 2334 1078 2404 unique
1105 2335 1287 2388 amicae
1308 2335 1569 2406 tyrannidi
1598 2333 1864 2403 subjiciat,
1887 2333 2014 2404 quid

446 2437 552 2476 non
584 2422 782 2477 efficiat
804 2438 953 2478 amor
984 2423 1202 2488 Christi,
1231 2433 1508 2495 metusque
1533 2439 1600 2480 ne
1629 2425 1718 2480 ille
1743 2425 1956 2480 secedat
1981 2440 2013 2480 a

447 2512 642 2567 nobis?
667 2512 818 2580 Quod
846 2522 1130 2583 utrumque
1165 2515 1236 2569 ita
1271 2515 1546 2584 pr0pheta:
1575 2516 1810 2569 animum
1843 2517 2012 2585 agita—

449 2603 555 2667 bat,
600 2613 657 2656 ut
694 2604 978 2673 aliquando
1015 2605 1216 2660 diceret
1247 2624 1259 2658 :
1294 2604 1727 2671 Quemadmodum
1763 2605 2014 2659 desiderat

448 2711 618 2747 cervus
643 2694 710 2747 ad
746 2698 907 2764 fontes
932 2711 1201 2764 aquarum,
1228 2696 1298 2747 ita
1325 2695 1578 2748 desiderat
1607 2695 1776 2748 anima
1815 2712 1922 2749 mea
1946 2697 2014 2750 ad

449 2797 515 2854 te,
561 2787 694 2842 Deus
721 2787 888 2857 (Psal.
915 2789 1004 2842 41.
1049 2789 1140 2859 1);
1184 2803 1247 2842 ac
1287 2803 1491 2854 rursus,
1523 2788 1706 2842 Anima
1740 2805 1852 2842 mea
1885 2790 2014 2842 sicut

449 2887 580 2931 terra
605 2878 710 2930 sine
747 2893 876 2948 aqua
904 2878 1028 2944 tibi;
1057 2887 1130 2944 et,
1174 2879 1400 2932 Adhazsit
1437 2879 1606 2931 anima
1632 2894 1742 2933 mea
1779 2887 1889 2948 post
1930 2889 2013 2944 te;

448 2969 730 3039 aliquando
753 2979 950 3036 autem,
981 2970 1216 3038 Domine,
1243 2987 1304 3024 ne
1334 2972 1385 3024 in
1407 2975 1577 3042 furore
1603 2981 1688 3025 tuo
1709 2988 1892 3043 arguas
1913 2987 2010 3036 me,

448 3077 604 3130 neque
642 3061 696 3114 in
724 3061 800 3114 ira
840 3071 926 3115 tua
960 3063 1204 3132 corripias
1229 3078 1309 3115 me
1337 3061 1504 3132 (Psat.
1538 3061 1660 3117 M2.
1688 3062 1740 3116 6.
1772 3071 1816 3116 et
1841 3061 1928 3118 62.
1956 3061 2010 3117 9.

450 3163 496 3206 et
517 3153 570 3208 6.
598 3152 676 3224 2).

520 3264 573 3317 4.
614 3261 885 3332 Inscriptio
913 3265 1108 3335 psalmi,
1139 3265 1242 3321 Pro
1269 3276 1474 3332 octava,
1505 3268 1624 3338 quid
1647 3267 1915 3337 significat.
1943 3295 2016 3308 —

450 3353 559 3408 Nec
575 3353 703 3410 mihi
733 3356 992 3425 quispiam
1023 3356 1163 3412 dicat
1180 3358 1348 3427 ipsum
1369 3400 1383 3425 ,
1409 3368 1466 3412 ut
1492 3368 1764 3430 peccatum
1808 3359 2014 3428 lugeret

446 3459 598 3497 suum
619 3485 632 3510 ,
659 3444 796 3499 hunc
819 3445 1095 3516 scripsisse
1115 3448 1394 3516 psalmum:
1414 3466 1583 3519 neque
1601 3451 1741 3504 enim
1766 3451 1894 3505 illud
1921 3465 2014 3506 ve-

447 3547 562 3587 rum
581 3543 680 3597 est,
713 3549 882 3603 neque
901 3536 950 3588 id
979 3538 1231 3605 suspicari
1263 3539 1669 3607 permittuntea,
1700 3554 1819 3608 quae
1847 3540 1898 3593 in
1926 3540 2010 3594 in-

445 3624 730 3692 scriptione
749 3633 1030 3693 ponuntur.
1048 3626 1156 3680 Nisi
1184 3629 1322 3682 enim
1341 3639 1519 3698 posset
1546 3641 1909 3699 argumentum
1933 3631 2012 3684 in-

445 3714 700 3783 scriptum
717 3715 942 3779 ostendi,
968 3715 1105 3770 hunc
1122 3719 1378 3786 psalmum
1399 3721 1582 3775 liceret
1609 3722 1682 3774 illi
1707 3722 1785 3774 rei
1808 3723 2010 3777 adscri-

446 3803 571 3858 bere
600 3804 714 3858 :sin
735 3820 860 3858 vero
888 3805 936 3860 is
951 3806 1039 3874 qui
1071 3821 1164 3874 pro
1192 3816 1410 3876 peccato
1435 3808 1608 3865 dictus
1634 3817 1736 3877 est,
1766 3813 2011 3868 omnibus

444 3903 526 3950 est
552 3895 880 3959 manifestus,
901 3895 984 3951 hic
1003 3906 1177 3951 autem
1197 3898 1354 3951 aliam
1379 3897 1540 3952 habet
1556 3899 1869 3970 hypothesin
1890 3920 1903 3956 :
1921 3919 2007 3970 ne,

443 3998 641 4054 quaeso,
658 3999 726 4039 ne
745 3985 919 4040 divina
936 3985 1340 4054 confundamus,
1357 4003 1490 4043 neve
1502 3989 1868 4059 dogmatibusa
1891 3993 2011 4062 Spi-

441 4074 542 4128 ritu
561 4075 778 4143 prolatis
791 4076 1261 4130 accommodatiora
1280 4091 1399 4132 esse
1414 4086 1592 4132 nostra
1609 4080 1880 4136 ratiocinia
1897 4098 2010 4151 pro-

442 4166 761 4219 nuntiemus.
787 4166 1037 4230 Quaenam
1064 4166 1222 4237 igitur
1245 4177 1328 4223 est
1351 4169 1661 4241 inscriptio?
1683 4171 1789 4226 Pro
1833 4184 2008 4228 octava

442 4255 609 4319 (.Psal.
633 4257 686 4312 6.
709 4256 782 4328 1).
799 4258 1050 4324 Quaenam
1066 4275 1193 4314 vero
1213 4269 1294 4314 est
1310 4271 1514 4328 octava,
1533 4263 1632 4317 nisi
1653 4264 1766 4320 dies
1789 4266 1874 4320 illa
1902 4267 2008 4324 Do-

442 4348 567 4400 mini
585 4363 771 4419 magna
787 4358 840 4404 et
869 4351 1170 4421 conspicua,
1202 4361 1262 4407 ut
1285 4353 1524 4410 clibanus
1538 4356 1748 4420 ardens,
1766 4375 1883 4428 quae
1912 4377 2005 4415 su-

437 4452 630 4508 pernas
648 4439 877 4496 Virtutes
901 4450 1126 4497 tremere
1146 4444 1266 4499 facit
1286 4443 1550 4515 (Virtutes,
1566 4447 1752 4517 inquit,
1769 4449 2006 4504 caelorum

439 4533 760 4586 movebuntur
806 4531 1016 4605 [ΜαιιΙι.
1052 4536 1141 4590 24.
1186 4535 1280 4609 29]
1299 4535 1342 4608 ),
1389 4554 1508 4608 quae
1562 4541 1735 4609 ignem
1789 4542 2003 4597 exhibet

436 4623 563 4692 Rtgi
599 4633 723 4679 tunc
754 4625 827 4680 illi
848 4630 1295 4694 prascurrentem?
1319 4628 1568 4684 Octavam
1597 4641 1770 4685 autem
1799 4635 2005 4688 vocavit

436 4713 575 4766 illam
595 4756 608 4779 ,
637 4723 804 4771 status
833 4718 1172 4772 mutationem
1217 4718 1523 4784 declarans,
1558 4735 1763 4776 necnon
1808 4721 2002 4777 futura:

436 4806 554 4858 vita:
579 4807 993 4861 renovatiouem.
1017 4809 1256 4864 Prtnsens
1281 4824 1507 4880 namque
1539 4813 1640 4865 vita
1689 4812 1817 4866 nihil
1859 4813 2001 4868 aliud

437 4905 518 4949 est
538 4936 552 4960 ,
583 4910 738 4963 quam
783 4896 1073 4952 hebdomas
1115 4915 1216 4953 una
1237 4939 1251 4965 ,
1280 4916 1397 4969 quas
1427 4902 1532 4956 vita
1563 4903 1744 4972 incipit
1771 4918 1801 4956 a
1833 4904 1999 4973 prima

433 4983 553 5050 die,
582 4984 772 5038 desinit
817 4986 870 5040 in
917 4989 1231 5056 septimam:
1262 5004 1326 5042 ac
1364 5007 1571 5046 rursum
1619 4993 1806 5049 iisdem
1833 4997 1997 5049 inter-

433 5074 585 5130 vallis
633 5077 912 5154 circumit,
942 5088 996 5134 et
1019 5080 1087 5134 ad
1111 5081 1251 5135 idem
1299 5081 1612 5152 principium
1651 5088 1912 5154 recurrit,
1943 5097 1998 5143 et

431 5167 482 5219 in
531 5167 689 5222 finem
729 5168 1020 5224 descendit.
1045 5173 1219 5236 Quare
1247 5182 1484 5228 octavam
1505 5175 1650 5230 diem
1670 5193 1827 5232 nemo
1851 5178 1998 5233 dixe-

429 5263 498 5316 rit
523 5277 642 5318 esse
669 5263 1012 5331 Dominicam,
1039 5265 1135 5321 sed
1181 5268 1424 5336 primam.
1457 5269 1636 5340 Neque
1673 5271 1814 5325 enim
1862 5273 1995 5328 heb-

432 5351 674 5408 domadis
714 5353 942 5410 circulus
974 5356 1026 5410 in
1069 5367 1311 5413 octavum
1350 5375 1629 5416 numerum
1669 5361 1992 5419 extenditur.

427 5443 565 5500 Cum
590 5453 766 5500 autem
794 5446 907 5503 hac
933 5449 1112 5504 omnia
1140 5449 1464 5506 cessaverint
1497 5462 1551 5507 et
1578 5453 1832 5509 dissoluta
1873 5454 1992 5511 fue-

429 5539 556 5607 rint,
603 5549 729 5596 tunc
767 5539 1020 5612 ogdoadis
1070 5557 1258 5599 cursus
1304 5545 1355 5599 in
1397 5545 1629 5602 medium
1679 5547 1989 5604 adducitur:

428 5645 600 5702 neque
634 5633 777 5688 enim
830 5649 1038 5690 rursum
1105 5637 1172 5692 ad
1224 5639 1539 5708 principium
1594 5642 1855 5708 recurrit,
1899 5643 1994 5697 sed

428 5724 773 5791 sequentibus
797 5727 1088 5784 intervallis
1110 5727 1294 5787 haeret.
1324 5730 1582 5803 Propheta
1607 5732 1762 5804 igitur
1775 5733 1991 5793 sicam-

1173 324 1229 380 S.
1268 322 1545 380 JOANNIS
1585 314 2048 376 CllRYSOSTOMl
2087 313 2403 372 ARCHIEP.
2441 314 2970 371 CONSTANTINOP.
3020 340 3022 344 ·

3576 313 3678 368 416

2116 430 2414 500 punctionis
2441 432 2744 500 inscriptam
2769 447 2978 500 semper
3015 431 3197 501 judicii
3241 432 3549 486 memoriam
3582 433 3678 486 ha—

2114 519 2228 574 buit
2248 561 2263 586 ,
2289 520 2534 590 diemque
2559 522 2703 576 illam
2729 522 2779 576 in
2808 531 2954 576 tanto
2982 521 3128 576 cultu
3153 563 3168 589 ,
3199 523 3249 575 in
3280 524 3440 577 tantis
3478 523 3678 578 divitiis

2113 608 2322 663 assidue
2349 610 2528 664 animo
2553 611 2830 679 versabat,
2861 627 3017 682 quam
3045 627 3141 667 nos
3187 613 3271 666 vel
3324 613 3376 666 in
3427 613 3684 668 aarumnis

2113 700 2386 755 constituti
2429 701 2514 755 vix
2545 701 2596 755 in
2645 703 2955 757 memoriam
2998 717 3307 758 revocamus
3344 719 3452 760 :ac
3486 705 3684 774 judicia

2113 789 2228 858 ejus
2265 789 2569 860 frequenter
2616 792 2892 846 revolvens
2936 792 3078 848 hunc
3129 793 3344 862 scripsit
3386 795 3676 864 psalmum.

2113 879 2312 950 Ecquid
2338 879 2505 934 dicit?
2533 879 2776 947 Domine,
2803 899 2865 936 ne
2901 883 2955 936 in
2999 883 3171 952 furore
3211 895 3295 938 tuo
3339 901 3523 954 arguas
3567 902 3680 951 me,

2114 985 2271 1042 neque
2314 972 2367 1024 in
2421 971 2498 1025 ira
2551 981 2636 1026 tua
2684 974 2928 1044 corripias
2982 991 3094 1041 me,
3152 975 3383 1030 furorem
3436 986 3490 1032 et
3542 979 3678 1032 iram

2114 1061 2382 1129 appellans
2402 1062 2643 1132 supplicii
2675 1062 3095 1120 vehementiam:
3121 1078 3340 1122 noverat
3377 1069 3519 1122 enim
3568 1085 3673 1124 nu-

2114 1166 2234 1206 men
2264 1166 2483 1220 prorsus
2502 1169 2621 1209 esse
2643 1155 2862 1210 aﬂ‘ectus
2885 1171 3116 1226 expers;
3149 1175 3466 1231 quamquam
3504 1171 3681 1218 tamen

2115 1243 2213 1298 sibi
2238 1243 2482 1299 conscius
2513 1254 2627 1300 erat
2649 1286 2662 1311 ,
2689 1260 2793 1300 non
2823 1260 3034 1316 plenam
3061 1257 3113 1302 et
3139 1249 3450 1320 supplicium
3499 1252 3684 1308 deberi

2113 1333 2214 1389 sibi
2234 1374 2250 1399 ,
2281 1335 2376 1390 sed
2406 1334 2663 1392 honorem
2689 1346 2742 1392 et
2784 1354 3028 1394 coronas.
3053 1341 3324 1410 Siquidem
3372 1345 3502 1400 fides
3522 1386 3536 1410 ,
3588 1363 3686 1416 per

2113 1443 2270 1496 quam
2303 1428 2716 1499 alienigenarum
2738 1432 2926 1486 turrim
2967 1432 3258 1500 destruxit,
3287 1444 3341 1490 et
3383 1438 3683 1492 universam

2113 1518 2413 1575 Judmorum
2439 1530 2651 1591 gentem
2682 1539 2746 1577 ex
2766 1524 2893 1593 ipsis
2920 1526 3084 1593 portis
3104 1528 3290 1582 mortis
3328 1530 3553 1598 eripuit,
3583 1529 3682 1585 be-

2113 1611 2358 1668 neﬁcium
2387 1615 2600 1669 inimico
2629 1631 2726 1670 suo
2755 1617 2938 1680 semel,
2971 1618 3052 1672 bis
3071 1627 3124 1672 et
3152 1619 3346 1688 pluries
3363 1622 3680 1689 praestitum,

2113 1717 2176 1756 ac
2196 1719 2304 1772 prae
2331 1705 2576 1759 omnibus
2593 1705 2768 1760 divina
2797 1706 2863 1762 de
2887 1709 3002 1776 ipso
3039 1709 3237 1778 prolata
3288 1713 3576 1777 sententia,
3603 1723 3686 1767 to-

2115 1800 2221 1845 tam
2249 1793 2349 1847 viri
2369 1795 2617 1850 virtutem
2647 1797 2776 1851 satis
2811 1798 3146 1866 declarabat,
3178 1801 3441 1872 etiamque
3479 1805 3647 1874 magis
3667 1845 3682 1868 ,

2113 1899 2270 1954 quam
2297 1885 2409 1955 ipsa
2440 1887 2690 1955 praeclare
2711 1897 2879 1958 gesta.
2901 1889 3074 1960 Opera
3103 1891 3296 1962 quippe
3346 1897 3686 1963 quantumvis

2114 1990 2303 2045 magna
2333 1986 2388 2031 et
2409 1977 2715 2033 admiranda
2743 1979 2795 2033 in
2819 1982 2943 2036 mali
2971 1984 3323 2052 suSpicionem
3353 1987 3532 2040 vocari
3560 2001 3682 2055 pos-

2114 2075 2269 2133 sunt,
2293 2067 2392 2121 etsi
2421 2077 2476 2122 ut
2498 2069 2782 2138 plurimum
2804 2073 2946 2126 omni
2989 2075 3288 2142 suspicione
3307 2075 3472 2130 libera
3503 2086 3686 2132 essent

2111 2155 2241 2225 justi
2263 2156 2403 2213 illius
2431 2174 2629 2228 opera:
2661 2176 2779 2216 eum
2823 2172 2998 2218 autem
3023 2164 3165 2219 Deus
3207 2166 3320 2236 ipse
3370 2167 3517 2221 testis
3565 2177 3686 2233 est,

2116 2259 2244 2304 tunc
2285 2251 2460 2306 nullus
2507 2261 2589 2308 est
2616 2253 2901 2325 suspicioni
2942 2256 3089 2312 locus
3121 2274 3134 2311 :
3161 2259 3260 2313 nisi
3299 2259 3439 2313 enim
3470 2274 3687 2314 accura-

2125 2343 2390 2400 tissimam
2427 2344 2645 2403 virtutis
2684 2349 3060 2420 probationem
3133 2348 3493 2415 exhibuisset,
3525 2367 3682 2404 num-

2115 2446 2274 2499 quam
2323 2442 2465 2488 esset
2506 2435 2718 2490 caeleste
2755 2438 3077 2506 praeconium
3133 2451 3510 2508 consequutus.
3545 2442 3682 2509 Quid

2116 2521 2274 2591 igitur
2298 2522 2366 2578 de
2407 2525 2496 2580 illo
2531 2525 2660 2581 dicit
2686 2526 3058 2581 Deuanveni
3099 2529 3265 2584 David
3308 2531 3681 2598 ﬁliumlessae,

2115 2615 2278 2668 virum
2321 2616 2593 2670 secundum
2617 2634 2704 2672 cor
2747 2636 2910 2673 meum
2928 2620 3000 2693 (1.
3022 2619 3150 2692 Reg.
3175 2621 3262 2676 I3.
3295 2623 3406 2692 14).
3437 2625 3684 2678 Attamen

2115 2715 2236 2774 post
2263 2707 2369 2762 tale
2387 2707 2641 2776 judicium
2660 2751 2674 2775 ,
2703 2719 2823 2780 post
2865 2719 3007 2764 tanta
3039 2712 3291 2782 pmclare
3318 2725 3464 2783 gesta
3485 2755 3498 2776 .
3531 2715 3684 2768 dam-

2116 2805 2358 2852 natorum
2385 2809 2440 2853 et
2468 2799 2662 2856 nullam
2704 2816 2827 2871 erga
2871 2803 3037 2857 Deum
3084 2803 3327 2859 fiduciam
3377 2806 3686 2860 habentium

2114 2887 2278 2942 verba
2306 2887 2556 2957 protulit,
2583 2899 2640 2944 ut
2664 2893 3024 2962 evangelicum
3061 2893 3188 2950 illud
3234 2896 3509 2965 impleret:
3560 2897 3688 2951 Cum

2115 2980 2283 3032 omnia
2315 2979 2557 3048 feceritis,
2599 2981 2748 3036 dicite
2767 3022 2786 3050 ,
2817 2983 2964 3038 Servi
2987 2985 3189 3040 inutiles
3225 3003 3396 3040 sumus
3425 2985 3572 3060 (Luc.
3595 2989 3681 3041 17.

2117 3069 2228 3142 10).
2274 3071 2411 3139 Quid
2451 3072 2677 3142 amplius
2726 3073 2860 3143 dixit
2905 3074 3216 3144 publicanus
3253 3076 3343 3132 ille
3395 3078 3684 3133 innumeris

2114 3161 2269 3216 malis
2320 3172 2563 3230 onustus,
2613 3166 2702 3233 qui
2729 3179 2796 3218 ne
2835 3165 2887 3218 in
2933 3167 3118 3220 ctelum
3164 3165 3378 3236 quidem
3419 3169 3686 3237 respicere

2115 3253 2375 3321 audebat,
2431 3270 2603 3324 neque
2651 3255 2860 3325 longum
2907 3265 3087 3312 texere
3128 3271 3462 3323 sermonem,
3515 3273 3686 3328 neque

2115 3358 2279 3414 prope
2304 3344 2628 3399 Pharisteum
2663 3345 2838 3400 stare?
2861 3345 2954 3401 Ille
2976 3347 3233 3416 siquidem
3253 3348 3607 3417 exprobrabat
3631 3350 3684 3403 ei

2115 3439 2332 3492 dicens:
2361 3437 2482 3492 Non
2503 3455 2611 3492 sum
2639 3439 2765 3492 sicut
2793 3440 2958 3493 cwteri
2996 3441 3256 3494 hominum
3281 3483 3296 3506 ,
3335 3451 3580 3510 raptores,
3607 3443 3684 3493 in.

2106 3529 2264 3597 justi,
2289 3528 2506 3582 adulteri
2529 3569 2541 3591 ,
2575 3539 2662 3581 aut
2697 3529 2823 3582 sicut
2850 3529 2931 3582 hic
2955 3531 3250 3600 publicanus
3277 3531 3428 3600 (Luc.
3456 3532 3646 3602 18.11)
3669 3549 3683 3585 :

2115 3619 2200 3673 hic
2226 3634 2351 3674 vero
2380 3634 2441 3672 ac
2466 3619 2510 3672 si
2541 3619 2668 3675 nihil
2707 3620 2896 3676 durum
2924 3623 3190 3687 audisset,
3214 3623 3412 3676 dictum
3442 3624 3681 3703 excepit,

2114 3725 2176 3764 ac
2206 3726 2308 3765 non
2341 3711 2499 3764 modo
2539 3711 2841 3782 indignatus
2876 3728 2980 3767 non
3025 3723 3140 3778 est,
3185 3714 3280 3769 sed
3329 3715 3486 3769 etiam
3535 3714 3683 3767 illum

2113 3802 2212 3857 sibi
2235 3803 2676 3858 contumeliosum
2707 3813 2758 3858 et
2779 3814 3113 3873 armgantem
3136 3847 3151 3872 ,
3179 3814 3326 3860 tanto
3363 3805 3540 3860 affecit
3587 3805 3684 3860 ho-

2112 3907 2276 3957 nore,
2307 3902 2366 3946 ut
2403 3908 2469 3947 ne
2505 3901 2644 3948 terra
2690 3894 2932 3964 quidem,
2979 3912 3136 3965 quam
3183 3897 3270 3952 ille
3322 3897 3592 3964 calcabat,
3620 3913 3682 3951 sc

2111 3982 2327 4053 dignum
2359 3984 2721 4040 existimaret:
2745 4000 2808 4040 ac
2836 3987 3055 4042 verbum
3088 3986 3298 4055 quidem
3327 3987 3526 4040 nullum
3559 4002 3679 4057 pro-

2112 4074 2386 4139 tulit,nisi
2409 4084 2464 4130 ut
2483 4077 2829 4132 confiteretur
2855 4086 3070 4146 peccata
3114 4092 3206 4131 sua
3231 4093 3247 4144 ;
3277 4086 3460 4147 pectus
3500 4089 3678 4131 autem

2110 4165 2417 4236 frequenter
2474 4170 2805 4238 percutiens,
2861 4171 2940 4226 sic
2986 4171 3202 4240 rogabat
3251 4171 3349 4225 sibi
3394 4171 3676 4240 pr0pitium

2109 4273 2225 4313 esse
2248 4260 2434 4314 Deum.
2459 4259 2563 4314 Sed
2591 4261 2728 4330 quod
2757 4262 2868 4314 hzec
2897 4271 3109 4331 ageret,
3139 4262 3269 4315 nihil
3300 4263 3520 4315 mirum:
3553 4277 3675 4316 nam

2108 4358 2443 4418 peccatorum
2465 4348 2745 4403 multitudo
2770 4349 2920 4404 illum
2941 4391 2957 4415 ,
2995 4352 3155 4406 vellet
3174 4350 3371 4417 nollet,
3402 4350 3547 4404 humi
3587 4367 3676 4406 re-

2108 4439 2315 4508 Spicere
2339 4439 2560 4509 cogebat
2582 4458 2594 4494 :
2615 4439 2754 4509 quod
2770 4450 2947 4496 autem
2967 4442 3140 4511 justus
3160 4451 3212 4496 et
3235 4443 3498 4496 nullorum
3524 4442 3676 4496 simi-

2107 4531 2235 4584 lium
2278 4531 2377 4585 sibi
2403 4531 2676 4596 conscius,
2705 4547 2824 4586 cum
2871 4532 3054 4587 eadem
3093 4548 3196 4602 qua
3242 4532 3547 4602 publicanus
3591 4532 3673 4586 sui

2106 4620 2493 4688 improbatione
2535 4621 2783 4689 accedat,
2824 4622 2950 4676 illud
2988 4637 3116 4677 sane
3167 4621 3410 4678 mirabile
3460 4631 3577 4688 est,
3622 4631 3674 4678 et

2106 4717 2266 4769 animi
2293 4732 2416 4770 vere
2443 4717 2656 4770 contriti
2681 4716 2910 4786 signum.
2951 4716 3033 4770 Ab
3064 4714 3153 4768 illo
3205 4715 3346 4770 enim
3368 4756 3382 4781 ,
3410 4715 3669 4784 PrOpitius

2105 4815 2208 4860 esto
2241 4809 2373 4864 mihi
2424 4808 2686 4879 peccatori
2723 4804 3034 4880 (Ibid.l3),
3058 4806 3112 4860 in
3139 4822 3243 4876 quo
3284 4806 3459 4862 differt
3501 4806 3662 4872 illud,

2105 4897 2338 4961 Domine,
2364 4903 2685 4968 neinjurore
2720 4907 2804 4952 tuo
2829 4915 3016 4968 arguas
3057 4915 3163 4966 me,
3211 4915 3367 4968 neque
3392 4900 3442 4951 in
3486 4899 3564 4951 ira
3588 4910 3674 4952 tua

2103 4989 2348 5058 corripias
2374 5005 2451 5041 me
2473 4988 2638 5059 (Psal.
2669 4989 2723 5044 6.
2754 4989 2849 5060 2)?
2879 4989 2989 5044 lmo
3019 4991 3190 5059 potius
3216 4991 3318 5045 hoc
3346 5006 3501 5060 quam
3542 4991 3672 5044 illud

2103 5079 2258 5150 longe
2276 5080 2448 5146 majus
2473 5089 2572 5134 est.
2592 5080 2723 5136 Nam
2747 5081 3055 5149 publicanus
3071 5096 3137 5135 ne
3161 5081 3227 5135 ad
3249 5081 3438 5136 cmlum
3459 5082 3671 5150 quidem

2101 5171 2364 5239 respicere
2387 5169 2648 5234 audebat;
2673 5171 2848 5241 justus
2878 5183 3056 5226 autem
3089 5173 3261 5240 majus
3290 5172 3562 5242 quidpiam
3590 5174 3671 5226 fa-

2103 5260 2296 5314 ciebat.
2333 5260 2424 5315 llle
2444 5261 2674 5326 dicebat,
2707 5259 2970 5331 Propitius
2995 5273 3095 5315 esto
3120 5262 3276 5326 mihi;
3306 5261 3393 5316 hic
3435 5278 3503 5316 ne
3541 5261 3671 5316 illud

2101 5354 2310 5421 quidem
2362 5353 2544 5410 dicere
2592 5353 2838 5408 audebat.
2895 5353 3076 5424 Neque
3117 5354 3258 5408 enim
3305 5354 3545 5420 dicebat,
3588 5353 3670 5410 Ne

2099 5460 2282 5516 arguas
2327 5460 2404 5498 me
2425 5443 2465 5511 ί,
2495 5443 2611 5510 sed,
2651 5442 2733 5498 Ne
2760 5444 2813 5498 in
2857 5449 3028 5514 furore
3057 5455 3178 5509 tuo;
3206 5459 3377 5512 neque
3397 5484 3413 5509 ,
3441 5443 3522 5497 Ne
3559 5459 3672 5497 cor-

2097 5534 2255 5606 ripias
2284 5551 2379 5600 me,
2403 5533 2497 5590 sed
2518 5575 2533 5601 ,
2567 5532 2648 5588 Ne
2675 5533 2726 5588 in
2747 5534 2824 5588 ira
2851 5544 2976 5588 tua:
2998 5550 3100 5588 non
3131 5548 3315 5602 pmnas
3362 5550 3466 5586 non
3521 5533 3668 5589 luere

2105 5625 2375 5696 postulans
2394 5666 2409 5689 ,
2437 5623 2534 5680 sed
2579 5639 2687 5680 non
2717 5633 2823 5680 tam
2847 5624 3217 5680 vehementes:
3248 5625 3316 5677 ita
3348 5631 3406 5678 ut
3435 5623 3668 5693 undique

2163 5740 2179 5772 ⁸
2211 5740 2283 5792 Sic
2311 5739 2442 5792 coll).
2468 5737 2673 5793 etsavil.
2703 5746 2752 5792 tn
2772 5737 2934 5792 storel.
2957 5739 3178 5802 quantum
3198 5736 3418 5790 deerant.
