4124 6144
274 276 384 331 Hii

272 389 390 461 ἔχει
426 391 525 462 τὴν
555 390 796 457 κόλασιν,
822 391 1125 449 ἐπαινεῖται
1148 396 1206 450 δὲ
1233 395 1510 467 πανταχοῦ
1535 396 1597 450 τὸ
1628 398 1846 451 πενθεῖν
1877 398 1970 452 καὶ

272 479 340 533 τὸ
361 478 658 532 θλίϐεσθαι.
692 479 830 532 Ἀλλ’
855 481 1003 551 ὅμως
1027 485 1055 536 6
1080 484 1349 557 μακάριος
1370 485 1575 547 ἐκεῖνος
1599 484 1777 538 πάντα
1796 483 1970 539 ταῦτα

271 568 538 639 διακόψας
583 569 654 624 τά
704 568 1023 637 κωλύματα,
1074 571 1248 635 οὕτως
1289 572 1462 642 αὐτῆς
1508 571 1807 626 ἐπελάϐετο
1850 589 1971 642 σφο-

272 656 440 728 δρῶς,
468 657 545 720 ὡς
573 656 684 711 τῶν
717 657 926 712 πολλῶν
956 654 1035 722 εἷς
1075 658 1172 727 ὢν,
1195 659 1290 713 καὶ⁹
1320 659 1453 729 μηδὲ
1485 658 1619 732 ὅναρ
1654 659 1784 713 ποτέ
1826 659 1972 729 βασι-

271 742 445 807 λείαν,
480 743 616 815 μηδὲ
658 745 758 816 τὴν
795 746 853 798 ἑν
887 744 1177 816 βασιλείοις
1217 745 1566 800 πολυτέλειαν
1610 746 1967 818 θεασάμενος,

272 833 371 885 καὶ
399 831 669 903 τοσαύτην
689 834 746 887 ἐν
775 833 1050 905 ἁλουργίδι
1076 836 1172 887 καὶ
1198 833 1488 905 διαδήματι
1507 833 1602 887 καὶ
1625 833 1800 905 θρόνῳ
1824 833 1973 905 βασι-

270 919 411 990 λικῷ
426 921 524 993 τὴν
547 921 836 990 κατάνυξιν
856 922 1005 995 [145]
1029 922 1356 990 ἐπεδείξατο,
1375 923 1506 995 ὅσην
1524 924 1553 976 6
1577 923 1636 976 ἐν
1660 922 1849 994 σάκκῳ
1875 924 1970 977 καὶ

273 1008 456 1080 σποδῷ
498 1010 593 1063 καὶ
636 1010 693 1063 ἑν
740 1009 947 1082 ἐρημίᾳ
977 1011 1305 1081 καθήμενος.
1338 1010 1449 1063 Καὶ
1489 1008 1597 1080 γὰρ
1627 1007 1708 1074 οἷς
1739 1010 1805 1064 ἂν
1833 1027 1968 1082 γνη-

273 1097 408 1160 σίως
438 1096 595 1150 τοῦτο
634 1097 1010 1169 παραγένηται
1037 1097 1098 1150 τὸ
1134 1097 1318 1160 καλὸν,
1354 1096 1623 1167 τοσαύτην
1661 1096 1968 1152 ἐπιδείκνυ-

269 1201 367 1238 ται
399 1183 496 1256 τὴν
525 1185 699 1256 ἰσχὺν,
717 1186 848 1257 ὅσην
871 1186 929 1239 ἐν
954 1186 1074 1248 ταῖς
1102 1184 1366 1248 ἀκάνθαις
1394 1184 1455 1238 τὸ
1470 1183 1603 1256 πῦρ.
1623 1183 1794 1238 Τοῦτο
1814 1196 1841 1226 α
1865 1184 1969 1239 κᾶν

270 1271 380 1323 ὑπὸ
410 1270 619 1341 μυρίων
643 1271 945 1343 ἀγχόμενον
982 1270 1119 1343 εὕρῃ
1159 1270 1366 1337 κακῶν,
1398 1270 1500 1325 κᾶν
1534 1270 1705 1324 πολλὰ
1729 1270 1800 1324 τά
1830 1288 1971 1342 σχοι-

271 1359 364 1413 νία
400 1357 508 1410 τῶν
551 1358 966 1430 ἁμαρτημάτων
1000 1359 1411 1429 περικείμενον,
1454 1356 1557 1411 κᾶν
1599 1357 1834 1430 σφοδράν
1860 1358 1970 1412 τῶν

272 1445 581 1517 ἐπιθυμιῶν
611 1446 710 1518 τὴν
744 1446 916 1515 φλόγα
941 1446 1224 1511 καίουσαν,
1248 1445 1352 1500 κᾶν
1374 1446 1543 1499 πολὺν
1568 1445 1677 1499 τῶν
1701 1445 1968 1516 βιωτικῶν

272 1534 617 1605 πραγμάτων
659 1533 998 1605 περιεστῶτα
1038 1532 1288 1605 θόρυϐον,
1322 1533 1501 1588 πάντα
1539 1534 1722 1587 ἐκεῖνα
1766 1532 1969 1597 εὐθέως

273 1623 480 1695 σφοδρᾷ
509 1639 612 1703 τινι
637 1623 861 1694 μάστιγι
893 1621 1013 1678 κατ’
1036 1621 1209 1693 ἄκρας
1233 1621 1264 1663 Β
1291 1621 1589 1677 ἐλαύνουσα
1622 1622 1811 1695 πόρρω
1833 1621 1969 1677 καθ-

275 1711 460 1782 ίστησι
499 1712 597 1782 τῆς
642 1710 843 1782 ψυχῆς.
872 1711 984 1766 Καὶ
1026 1711 1278 1784 καθάπερ
1306 1712 1443 1783 πρὸς
1472 1711 1674 1782 ἀνέμου
1709 1711 1830 1781 βίαν
1867 1714 1967 1782 ῥα-

270 1798 465 1868 γδαίου
517 1801 615 1854 οὐκ
658 1800 725 1854 ἄν
770 1816 900 1853 ποτε
930 1800 1090 1871 σταίη
1140 1801 1289 1864 κόνις
1316 1799 1509 1871 λεπτὴ,
1547 1798 1719 1863 οὕτως
1758 1799 1969 1853 οὐδὲτὸ

269 1887 383 1939 τῶν
423 1886 726 1958 ἐπιθυμιῶν
766 1887 971 1959 πλῆθος
1008 1885 1353 1952 κατανύξεως
1393 1887 1574 1959 ῥύμην
1620 1887 1968 1958 ἐμπεσοῦσαν

268 1974 562 2047 δυνήσεται
605 1976 872 2044 ἐνεγκεῖν,
896 1974 1011 2029 ἀλλ’
1057 1974 1379 2045 ἀφανίζεται
1430 1975 1527 2031 καὶ
1570 1975 1836 2046 διαχεῖται
1875 1974 1970 2029 καὶ

271 2062 478 2127 κόνεως
505 2063 598 2118 καὶ
626 2063 837 2118 καπνοῦ
872 2063 1065 2119 θᾶττον
1097 2064 1319 2127 παντός.
1353 2064 1418 2117 Εἰ
1443 2063 1552 2135 γὰρ
1584 2064 1614 2117 6
1638 2063 1748 2117 τῶν
1783 2063 1969 2134 σωμά-

270 2165 385 2202 των
417 2149 555 2221 ἔρως
578 2149 720 2204 οὑτω
747 2149 1032 2204 δουλοῦται
1058 2150 1160 2222 τὴν
1197 2148 1399 2221 ψυχὴν,
1437 2149 1515 2213 ὡς
1546 2149 1763 2204 πάντων
1801 2148 1969 2221 αὑτὴν

271 2237 607 2307 ἀπαγαγεῖν,
631 2237 727 2292 καὶ
760 2240 829 2310 τῇ
855 2237 957 2310 τῆς
991 2237 1275 2310 ἐρωμένης
1309 2237 1658 2310 προσηλῶσαι
1697 2237 1969 2310 τυραννίδι

275 2324 439 2398 μόνῃ.
464 2324 516 2378 τί
548 2325 648 2379 οὐκ
683 2327 750 2380 ἂν
783 2327 813 2380 ό
847 2325 941 2379 τοῦ
976 2324 1215 2396 Χριστοῦ
1251 2324 1416 2390 πόθος
1440 2326 1758 2399 ἐργάσαιτο,
1793 2328 1889 2380 καὶ
1908 2326 1970 2379 τὺ

269 2413 394 2477 δέος
415 2413 514 2484 τῆς
537 2412 746 2467 ἐκείνου
778 2413 1187 2485 ἀλλοτριώσεως
1207 2424 1228 2453 ε
1254 2414 1469 2486 ς”Απερ
1496 2416 1781 2488 ἀμφότερα
1798 2416 1968 2470 ταῦτα

269 2499 450 2565 οὕτως
484 2500 712 2573 ἔστρεφε
750 2501 845 2555 τοῦ
901 2504 1177 2574 προφήτου
1215 2503 1312 2574 τὴν
1348 2501 1546 2574 ψυχὴν,
1577 2502 1652 2567 ώς
1696 2492 1847 2557 ποτὲ
1873 2504 1969 2575 μὲν

270 2588 453 2658 λέγειν
477 2606 493 2621 ο
519 2591 630 2645 Ὃν
663 2592 890 2660 τρόπον
925 2589 1204 2647 ἐπιποθεῖ
1236 2591 1276 2659 ἠ
1317 2589 1545 2660 ἔλαφος
1585 2591 1683 2645 ἐπὶ
1718 2591 1823 2659 τὰς
1859 2608 1972 2661 πη-

271 2678 389 2749 Tag
418 2676 538 2732 τῶν
566 2676 820 2746 ὑδάτων,
855 2677 1045 2745 οὕτως
1073 2677 1349 2732 ἐπιποθεῖ
1379 2679 1419 2746 ἠ
1459 2677 1629 2749 ψυχή
1664 2696 1784 2748 μου
1821 2678 1970 2748 πρὸς

273 2766 373 2831 σὲ,
404 2768 438 2821 δ
471 2765 643 2833 Θεός’
687 2766 782 2821 καὶ
812 2765 993 2834 πάλιν,
1028 2764 1091 2827 Ἠ
1124 2764 1296 2834 ψυχή
1321 2783 1442 2835 μου
1482 2765 1563 2832 ὡς
1602 2763 1681 2837 γῆ
1713 2765 1972 2835 ἄνυδρός

272 2869 406 2909 σοι·
436 2854 551 2919 καὶ,
599 2854 943 2923 Ἐκολλήθη
982 2854 1022 2924 ἡ
1070 2852 1242 2923 ψυχή
1284 2871 1403 2923 μου
1432 2853 1626 2907 ὀπίσω
1657 2867 1806 2909 a'ov'
1841 2854 1972 2907 ποτὲ

271 2939 353 3004 δὲ,
379 2941 578 3010 Κύριε,
596 2941 684 3011 μὴ
708 2937 788 3010 τῷ
813 2939 978 3012 θυμῷ
999 2957 1116 2997 σου
1139 2940 1397 3012 ἐλέγξῃς
1421 2958 1519 3011 με,
1539 2942 1696 3011 μηδὲ
1725 2939 1799 3011 τῇ
1826 2940 1972 3011 ὀργῇ

275 3042 401 3083 σου
423 3028 762 3099 παιδεύσῃς
776 3046 875 3100 με.

348 3114 414 3171 δ’.
448 3114 560 3168 Καὶ
593 3116 668 3188 μή
707 3133 799 3187 μοι
838 3115 1046 3186 λεγέτω
1082 3133 1188 3181 τις,
1222 3118 1305 3172 ὅτι
1348 3117 1448 3188 τὴν
1491 3115 1768 3188 ἁμαρτίαν
1807 3115 1971 3169 αὑτοῦ

275 3202 496 3257 πενθῶν
520 3203 708 3259 τοῦτον
735 3203 943 3276 ἔγραψε
968 3204 1058 3258 τὸν
1082 3204 1316 3276 ψαλμόν·
1355 3206 1416 3259 οὑ
1437 3205 1544 3278 γὰρ
1571 3204 1768 3275 ἀληθὲς
1791 3202 1970 3267 τοῦτο,

274 3289 406 3345 οὐδὲ
450 3290 726 3362 ἀφίησινά
753 3290 1096 3347 ὑποπτεῦσαί
1145 3310 1198 3346 τι
1235 3293 1474 3347 τοιοῦτον
1522 3293 1592 3346 τά
1639 3294 1978 3362 ἐπιγεγραμ-
2040 3318 2043 3319 ν

281 3378 423 3451 μένα
443 3380 648 3435 ἀνωθεν
671 3380 993 3454 γράμματα.
1017 3381 1080 3435 Εί
1104 3382 1201 3452 μὲν
1222 3381 1331 3455 γὰρ
1363 3382 1549 3454 μηδεὶς
1575 3376 1688 3453 εἶχε
1710 3381 1809 3452 τὴν
1843 3379 1978 3433 ὑπό-

279 3471 431 3525 θεσιν
464 3471 636 3539 δεῖξαι
669 3471 1202 3546 προγεγραμμένην,
1228 3473 1355 3544 ἐνῆν
1393 3471 1473 3544 τῷ
1514 3471 1824 3543 βουλομένῳ
1853 3467 1978 3523 τοῦ-

279 3579 375 3616 τον
403 3561 634 3626 ἐκείνοις
669 3562 910 3635 ἁρμόσαι
943 3564 1054 3627 τοῖς
1084 3564 1378 3634 πράγμασι
1419 3562 1512 3616 τὸν
1552 3561 1798 3633 ψαλμόν·
1840 3562 1888 3612 εί
1918 3559 1978 3614 δὲ

279 3651 310 3704 ό
335 3651 422 3704 ἐπ’
445 3651 676 3715 ἐκείνοις
699 3650 910 3721 λεχθεὶς
937 3662 960 3691 ε
982 3650 1139 3722 δῆλός
1175 3652 1347 3718 ἐστιν,
1385 3642 1539 3715 οὗτος
1559 3651 1616 3704 δέ
1643 3650 1835 3721 ἑτέραν
1866 3649 1979 3719 ἔχει

279 3736 384 3807 τὴν
424 3736 698 3804 ὑπόθεσιν,
726 3737 823 3809 μὴ,
873 3737 1196 3808 παρακαλῶ,
1242 3736 1316 3810 μὴ
1357 3737 1679 3809 συγχέωμεν
1729 3736 1800 3790 τά
1836 3735 1976 3801 θεῖα,

286 3824 426 3896 μηδὲ
466 3824 573 3878 τῶν
617 3824 722 3878 ὑπὸ
752 3823 1071 3896 Πνεύματος
1103 3825 1409 3898 εἰρημένων
1441 3825 1727 3897 δογμάτων
1773 3840 1978 3895 κυριω-

280 3912 479 3983 τέρους
528 3907 668 3967 εἶναι
722 3912 848 3977 τοὺς
893 3912 1200 3984 ἡμετέρους
1243 3912 1611 3984 ψηφιζώμεθα
1664 3911 1976 3982 λογισμούς.

282 4001 385 4064 Τίς
410 3996 503 4055 οὖν
531 4001 731 4071 ἐστινὴ
757 4002 1037 4073 ἐπιγραφή
1067 4018 1082 4067 ;
1116 4001 1287 4070 Ὑπὲρ
1309 4001 1415 4069 τῆς
1437 4000 1675 4071 ὀγδόης,
1704 4000 1860 4070 φησί.
1884 3999 1982 4064 Τίς

283 4088 344 4142 δέ
370 4090 517 4142 ἐστιν
556 4091 589 4160 ἡ
628 4088 811 4160 ὀγδόη,
838 4088 953 4141 ἀλλ’
978 4089 1011 4157 ἢ
1042 4089 1076 4159 ἡ
1125 4089 1308 4160 ἡμέρα
1342 4088 1434 4141 τοῦ
1469 4089 1674 4159 Κυρίου
1706 4089 1736 4158 ἡ
1773 4087 1981 4159 μεγάλη

284 4174 385 4229 καὶ
417 4175 707 4247 ἐπιφανὴς,
741 4176 775 4246 ἡ
814 4174 889 4239 ὼς
917 4172 1171 4238 κλίϐανος
1208 4174 1497 4246 καιομένη,
1546 4175 1580 4245 ἡ
1618 4174 1714 4227 καὶ
1744 4176 1842 4238 τάς
1864 4161 1983 4227 ἀνω

285 4262 548 4333 δυνάμεις
582 4263 806 4334 τρέμειν
836 4261 1329 4334 παρασκευάζουσα
1361 4261 1823 4333 (Σεισθήσονται
1850 4261 1979 4333 γὰρ,

287 4353 447 4422 φησὶ,
479 4350 576 4404 καὶ
611 4349 896 4420 δυνάμεις
924 4348 946 4388 ί
977 4349 1096 4404 τῶν
1130 4348 1446 4421 οὐρανῶν),
1472 4351 1506 4420 ἡ
1530 4347 1642 4421 πῦρ
1666 4347 1983 4424 δεικνύουσα

285 4436 591 4509 προτρέχον
625 4435 716 4490 τοῦ
752 4435 1016 4507 βασιλέως
1048 4436 1169 4491 τότε
1189 4435 1436 4504 ἑκείνου;
1477 4436 1701 4508 Ὀγδόην
1730 4435 1787 4489 δὲ
1814 4435 1985 4507 αὐτὴν

285 4527 537 4592 ἐκάλεσε,
577 4525 639 4581 τὸ
673 4526 775 4597 τῆς
819 4528 1205 4601 καταστάσεως
1238 4526 1641 4598 ἑνηλλαγμένον
1675 4526 1980 4598 ἐμφαίνων,

286 4616 386 4669 καὶ
437 4615 537 4686 τῆς
581 4614 880 4688 μελλούσης
929 4614 1075 4684 ζωῆς
1114 4615 1214 4687 τὴν
1254 4615 1571 4669 ἀνανέωσιν.
1610 4616 1668 4668 '0
1724 4616 1824 4686 μὲν
1874 4615 1984 4689 γάρ

288 4702 482 4774 παρὼν
522 4703 635 4775 βίος
678 4703 838 4757 ὀὐδὲν
885 4702 1070 4776 ἕτερόν
1113 4703 1289 4767 ἐστιν,
1331 4702 1447 4756 ἀλλ’
1498 4702 1532 4773 ἢ
1575 4701 1809 4772 ἑϐδομὰς
1861 4702 1981 4772 μία,

287 4787 594 4857 ἀρχόμενος
644 4787 743 4859 μὲν
787 4787 897 4841 ἀπὸ
933 4787 1033 4858 τῆς
1085 4786 1310 4859 πρώτης
1350 4786 1583 4860 ἡμέρας,
1621 4786 1887 4841 τελευτῶν
1927 4787 1985 4842 δέ

287 4868 372 4931 είς
399 4868 496 4939 τήν
525 4869 784 4942 ἑϐδόμην,
813 4870 909 4924 καὶ⁸
941 4869 1104 4924 πάλιν
1146 4872 1260 4935 τοῖς
1293 4870 1476 4935 αὐτοῖς
1511 4871 1985 4943 ἀνακυκλούμενος

288 4950 642 5024 διαστήμασι,
677 4954 773 5007 καὶ
809 4956 889 5018 είς
917 4953 1015 5026 τὴν
1044 4953 1215 5026 αὐτὴν
1257 4953 1422 5008 ἀνιὼν
1461 4953 1655 5027 ἀρχὴν,
1688 4955 1780 5009 καὶ
1810 4972 1984 5009 κατα-

291 5033 497 5090 ϐαίνων
542 5038 622 5102 είς
655 5037 756 5108 τὴν
783 5037 1058 5106 τελευτήν.
1091 5038 1291 5110 Διόπερ
1322 5037 1514 5111 ὀγδόην
1554 5037 1769 5111 ἡμέραν
1797 5038 1898 5092 οὐκ
1918 5038 1984 5093 ἄν

288 5134 377 5181 τις
412 5119 554 5172 εἴποι
584 5120 716 5173 ποτὲ
761 5119 859 5192 τὴν
894 5120 920 5161 ε
947 5120 1253 5191 Κυριακὴν,
1302 5120 1437 5175 ἀλλὰ
1486 5120 1739 5192 πρώτηνο
1766 5121 1826 5175 οὐ
1875 5120 1982 5195 γὰρ

291 5200 593 5256 ἐκτείνεται
635 5204 715 5267 είς
756 5202 941 5271 ὄγδοον
978 5203 1211 5275 ἀριθμὸν
1252 5205 1279 5258 6
1316 5205 1416 5276 τῆς
1438 5203 1731 5275 ἑϐδομάδος
1761 5203 1981 5270 κύκλος.

357 5305 387 5375 ξ
411 5304 569 5375 Τοῦτο
588 5305 803 5375 ἀεθειμίιι
822 5307 962 5375 βου).
985 5307 1101 5359 Mox
1128 5308 1263 5359 idem
1289 5307 1568 5373 ἀγχόμενος,
1591 5315 1645 5358 ει
1660 5308 1981 5375 περικείμενα.

292 5364 676 5434 Ῑιιζῐιι-ξάθωῴτὸν
696 5370 909 5434 θόρυϐον.

355 5428 786 5518 ἱεὲρζερηιξρί-ει
810 5429 962 5482 Savil.
988 5431 1352 5494 rescupsimus,
1373 5428 1550 5481 Morel.
1571 5435 1626 5482 et
1643 5444 1706 5482 ex
1729 5444 1792 5483 eo
1810 5431 1980 5484 Montf.

291 5493 403 5543 κατ’
423 5493 589 5558 ἄκραν.
613 5493 747 5543 Enrr.
1149 5493 1162 5494 ί

359 5558 383 5620 ξ
414 5553 555 5620 (_Io_l_b.
567 5561 652 5620 τῇς
665 5555 845 5620 ,ἐκεῖθεν
862 5554 1238 5620 ἀλλοτριώσεως.
1254 5552 1311 5603 In
1323 5553 1502 5604 eodem
1523 5566 1639 5605 mox
1659 5553 1811 5605 ταῦτα
1819 5555 1981 5607 deest.

358 5613 384 5655 δ
410 5616 548 5682 ροξζλ
574 5617 684 5682 οὐξξ
703 5618 794 5682 γὰρ
809 5613 1031 5682 ,ἀφέηεινῑ

362 5691 388 5721 e
414 5677 554 5742 Qolb.
581 5679 623 5726 εἰ
645 5679 697 5726 δὲ
715 5676 746 5727 6
770 5676 1037 5742 μέν’ἑκεῖνα
1055 5677 1251 5742 λεχθείςἶ
1271 5676 1423 5742 Paulo
1440 5682 1551 5742 pos:
1565 5676 1701 5742 ﬁdem
1721 5677 1984 5742 πνεύματος

297 5739 553 5815 δογμάτων
596 5738 910 5805 κυριωτέρους
953 5739 1068 5788 εἶναι
1099 5738 1209 5796 τοὺς
1229 5738 1486 5802 ἡμετέρους
1529 5738 1811 5803 ἀξιώσωμεν
1842 5738 1982 5803 ’λογι-

304 5816 474 5865 σμους.

364 5862 391 5937 ξ
413 5862 555 5937 99η).
569 5862 730 5937 φησὶγ,
754 5863 1055 5937 αξῄδυνᾷμεις.

364 5926 391 5969 ε
412 5926 497 5983 Εἰς
516 5923 752 5984 τελευτήν.
786 5923 983 5990 meum
1010 5927 1183 5992 ἡμέραν
1210 5925 1297 5976 οὐκ
1317 5926 1373 5975 ἂν
1395 5924 1644 5992 προσείποι
1667 5923 1914 5985 τήν.(101ϋ.

1209 279 1298 335 DE
1331 278 1896 349 COMPUNCTIONE,
1938 283 2029 338 AD
2069 283 2539 342 STELECHIUM.
2584 285 2715 342 LIB.
2756 288 2818 344 ll.

3662 296 3763 353 “6

2083 399 2255 454 Ὅταν
2294 400 2350 453 δὲ
2390 400 2562 454 ταῦτα
2604 401 2782 456 πάντα
2814 402 3091 474 παύσηται
3132 402 3228 459 καὶ
3269 405 3564 480 καταλυθῇ,
3592 409 3713 464 τότε
3741 415 3770 466 6

2075 483 2181 553 τῆς
2208 483 2458 553 ὀγδοάδος
2486 486 2686 558 δρόμος
2725 489 2805 548 είς
2837 486 2999 558 μέσον
3040 487 3264 556 ἄγεταιο
3301 490 3363 543 οὑ
3385 490 3494 561 γὰρ
3541 493 3771 565 ἀνατρέ-

2077 581 2164 633 χει
2192 565 2356 621 πάλιν
2385 569 2478 621 ἐπὶ
2509 569 2610 639 τὴν
2638 569 2831 640 ἀρχὴν,
2864 568 3000 623 ἀλλὰ
3030 568 3138 623 τῶν
3174 570 3303 641 ἑξῆς
3332 571 3513 643 ἔχεται
3542 575 3768 648 διαστη-

2081 648 2287 718 μάτων.
2323 650 2381 704 Ὁ
2408 653 2586 706 τοίνυν
2627 654 2913 724 προφήτης
2937 653 3044 706 ὑπὸ
3081 653 3280 724 πολλῆς
3310 657 3653 723 κατανύξεως
3677 662 3770 729 έγ-

2076 733 2471 804 γεγραμμένην
2485 735 2584 805 τῆς
2603 736 2838 805 κρίσεως
2863 736 2962 804 τὴν
2990 738 3208 808 μνήμην
3238 737 3386 811 [146]
3408 735 3521 811 εἶχε
3542 742 3772 796 διαπαν-

2075 815 2190 879 τὸς,
2220 816 2316 869 καὶ
2351 815 2451 886 τὴν
2495 817 2711 888 ἡμέραν
2751 819 2969 895 ἐκείνην
3001 821 3061 872 ἑν
3095 822 3332 894 τοσαύτῃ
3372 822 3639 895 θεραπείᾳ
3673 825 3766 880 καὶ

2076 901 2256 970 τρυφῇ
2284 898 2545 969 διηνεκῶς
2571 901 2601 940 h
2624 900 2853 972 ἔστρεφε
2880 902 3009 973 παρ’
3034 904 3232 976 ἑαυτῷ,
3253 907 3319 977 ἢν
3342 908 3400 959 ἐν
3418 909 3537 971 ταῖς
3557 907 3767 978 θλίψεσι

2082 981 2235 1052 μόλις
2259 983 2419 1054 ἡμεῖς
2438 985 2517 1047 είς
2543 984 2764 1055 μνήμην
2783 984 3134 1056 λαμϐάνομεν
3151 1004 3166 1019 ο
3200 992 3295 1042 καὶ
3321 991 3391 1043 τά
3418 990 3659 1061 κρίματα
3681 992 3770 1046 αὑ·

2046 1064 2173 1119 ¹τοῦ
2207 1066 2447 1137 συνεχῶς
2484 1067 2936 1139 ἀναλογιζόμενος
2972 1069 3158 1124 τοῦτον
3190 1071 3397 1142 ἔγραψε
3420 1073 3511 1126 τὸν
3530 1073 3766 1145 ψαλμὸν.

2077 1149 2188 1203 Καὶ
2228 1151 2282 1202 τί
2315 1167 2481 1221 φησι;
2523 1151 2721 1217 Κύριε,
2766 1150 2854 1219 μὴ
2896 1150 2975 1217 τῷ
3021 1151 3185 1221 θυμῷ
3226 1169 3344 1208 σου
3383 1155 3638 1224 ἐλέγξῃς
3667 1172 3766 1225 με,

2072 1231 2230 1300 μηδὲ
2261 1231 2339 1299 τῇ
2378 1231 2527 1300 ὀργῇ
2572 1249 2688 1286 σου
2727 1233 3059 1303 παιδεύσῃς
3092 1253 3203 1305 με’
3249 1236 3420 1307 θυμὸν
3470 1238 3563 1291 καλ⁸
3600 1239 3769 1311 όργὴν

2077 1314 2250 1383 λέγων
2281 1315 2378 1387 τήν
2409 1316 2659 1369 ἐπίτασιν
2696 1317 2794 1388 τῆς
2833 1319 3103 1389 τιμωρίας
3131 1315 3257 1391 (οἶδε
3283 1320 3391 1393 γὰρ
3438 1322 3633 1386 παντὸς
3665 1323 3771 1376 πά-

2079 1398 2203 1464 θους
2227 1399 2289 1452 τὸ
2317 1399 2472 1452 Θεῖον
2502 1399 2940 1471 ἀπηλλαγμένον)
2961 1441 2976 1466 ,
3018 1402 3194 1456 καίτοι
3220 1421 3284 1470 γε
3306 1403 3483 1475 ἑαυτῷ
3517 1404 3771 1469 συνειδὼς

2077 1482 2136 1535 οὑ
2168 1482 2443 1546 κολάσεως
2466 1482 2586 1535 οὑδὲ
2617 1484 2911 1556 τιμωρίας,
2943 1484 3081 1538 ἀλλὰ
3107 1487 3274 1557 τιμῆς
3296 1486 3420 1552 ἄξια
3451 1488 3545 1541 καὶ
3573 1489 3773 1557 στεφά-

2076 1582 2203 1622 νων.
2229 1567 2303 1619 Ἤ
2327 1583 2384 1619 τε
2427 1567 2535 1639 γάρ
2570 1566 2774 1632 πίστις,
2816 1567 2882 1621 δι’
2909 1561 2978 1640 ἦς
3014 1572 3319 1642 κατήνεγκε
3362 1570 3453 1625 τὸν
3484 1570 3593 1624 τῶν
3623 1570 3774 1625 ἀλλο·

2079 1647 2261 1716 φύλων
2291 1649 2524 1720 πύργον,
2560 1649 2655 1703 καὶ
2697 1649 2760 1703 τὸ
2794 1651 2905 1704 πᾶν
2936 1651 3047 1704 τῶν
3092 1653 3361 1708 Ἰουδαίων
3404 1653 3557 1718 έθνος
3587 1653 3646 1718 ἑξ
3673 1655 3774 1707 αὑ-

2076 1732 2186 1785 τῶν
2213 1732 2433 1804 ἥρπασε
2464 1732 2574 1787 τῶν
2622 1732 2718 1786 τοῦ
2754 1732 2985 1787 θανάτου
3021 1735 3227 1802 πυλῶν,
3268 1738 3304 1808 ἥ
3345 1754 3406 1790 τε
3436 1738 3518 1802 είς
3546 1736 3638 1790 τὸν
3661 1737 3775 1807 ἡδι-

2078 1816 2287 1887 κηκότα
2320 1815 2609 1888 εὐεργεσία
2639 1817 2905 1888 γενομένη
2940 1819 3033 1873 καὶ
3077 1819 3229 1885 ama
3267 1821 3361 1874 καὶ
3397 1820 3479 1884 δὶς
3513 1821 3608 1874 καὶ
3643 1818 3775 1872 πολ-

2077 1899 2254 1963 λάκις,
2285 1899 2381 1953 καὶ
2426 1899 2532 1971 πρὸ
2570 1899 2777 1954 τούτων
2833 1901 2867 1971 ἡ
2912 1900 3007 1954 τοῦ
3042 1899 3178 1954 Θεοῦ
3217 1902 3349 1973 περὶ
3389 1902 3556 1956 αὑτοῦ
3593 1901 3775 1973 ψῆφος

2077 1981 2439 2053 ἐξενεχθεῖσα,
2467 1985 2649 2037 πᾶσαν
2683 1983 2841 2055 ἱκανὴ
2869 1982 3039 2048 δεῖξαι
3069 1983 3163 2038 τοῦ
3193 1985 3384 2057 ἀνδρὸς
3414 1984 3512 2056 τὴν
3546 1983 3770 2055 ἀρετὴν,

2078 2066 2173 2120 καὶ
2206 2066 2315 2121 τῶν
2359 2065 2802 2138 κατορθωμάτων
2830 2067 3031 2137 μᾶλλον
3065 2067 3268 2123 αὑτῶν.
3303 2067 3385 2121 Τά
3427 2068 3524 2139 μὲν
3552 2066 3663 2140 γὰρ
3690 2066 3776 2141 ἑρ-

2077 2169 2172 2221 γα,
2193 2152 2298 2206 κᾶν
2392 2152 2605 2224 μεγάλα
2634 2152 2730 2206 καὶ
2763 2150 3071 2223 θαυμαστὰ,
3087 2152 3236 2223 ὅμως
3265 2151 3476 2225 πονηρά
3504 2152 3776 2207 ὑποπτευ-

2079 2235 2239 2305 θῆναι
2265 2235 2468 2290 δύναιτ’
2498 2235 2586 2301 ἂν,
2616 2236 2665 2289 εί
2709 2236 2802 2289 καὶ
2832 2235 2901 2289 τὰ
2930 2235 3168 2306 μάλιστα
3197 2234 3379 2307 πάσης
3407 2235 3643 2304 ὑποψίας
3666 2235 3775 2287 ἀπ-

2078 2318 2314 2390 ήλλακτο
2355 2319 2451 2373 τοῦ
2502 2318 2717 2373 δικαίου
2763 2318 2832 2372 τά
2868 2319 3300 2391 κατορθώματαο
3332 2320 3460 2372 ὅταν
3485 2318 3543 2371 δὲ
3573 2321 3602 2372 6
3638 2314 3776 2380 Θεὸς

2077 2404 2106 2457 ὁ
2136 2403 2428 2475 μαρτυρῶν
2449 2401 2509 2476 ᾖ,
2537 2403 2719 2474 πάσης
2748 2404 2764 2444 ί
2798 2403 2955 2467 ἐκτὸς
2985 2403 3221 2467 ὑποψίας
3246 2404 3279 2474 ἡ
3309 2402 3488 2473 ψῆφός
3516 2402 3774 2457 ἐστινεού

2077 2487 2206 2558 γὰρ,
2243 2488 2292 2539 εί
2337 2488 2411 2559 μὴ
2443 2487 2541 2560 τὴν
2583 2487 2985 2560 ἀκριϐεστάτην
3027 2486 3262 2557 βάσανον
3293 2486 3394 2557 τῆς
3436 2484 3640 2558 ἀρετῆς
3670 2486 3773 2538 ἑπ-

2078 2569 2338 2635 εδείξατο,
2374 2573 2474 2643 τῆς
2513 2573 2570 2624 ἑν
2597 2574 2710 2634 τοῖς
2736 2571 2984 2642 οὐρανοῖς
3017 2569 3402 2641 ἀνακηρύξεως
3432 2569 3642 2639 ἑτυχεν
3686 2567 3773 2622 ἀνι

2036 2689 2043 2695 υ
2078 2654 2147 2707 Τί
2175 2649 2269 2707 οῦν
2313 2655 2343 2707 ό
2381 2654 2515 2719 Θεός
2539 2671 2672 2726 φησι
2710 2655 2839 2725 περὶ
2866 2654 3064 2721 αὑτοῦς
3105 2650 3302 2723 Εὗρον
3325 2651 3507 2708 Δαυῒδ
3526 2653 3634 2706 τὸν
3666 2652 3775 2707 τοῦ

2092 2736 2333 2804 Ἰεσσαὶ,
2368 2737 2561 2808 ἄνδρα
2603 2737 2756 2794 κατὰ
2792 2738 2910 2806 τὴν
2951 2737 3206 2805 καρδίαν
3248 2754 3391 2808 μου.
3442 2736 3580 2790 Ἀλλ’
3628 2738 3778 2808 ὅμως

2084 2822 2221 2893 μετὰ
2242 2822 2342 2894 τὴν
2362 2822 2619 2894 τοιαύτην
2642 2823 2823 2895 κρίσιν
2845 2823 2938 2876 καὶ
2964 2820 3063 2885 τὰς
3086 2821 3354 2886 τοσαύτας
3384 2819 3775 2893 ἀνδραγαθίας,

2080 2905 2149 2959 τὰ
2202 2905 2313 2960 τῶν
2368 2907 2836 2978 κατεγνωσμένων
2876 2905 3174 2977 ἐφθέγγετο
3208 2907 3448 2977 ῥήματα,
3489 2905 3583 2959 καὶ
3633 2903 3780 2958 οὐδε-

2086 2990 2216 3060 μίαν
2250 2989 2485 3060 ἑχόντων
2522 2990 2834 3062 παρρησίαν
2863 2991 2998 3062 πρὸς
3034 2989 3126 3043 τὸν
3169 2989 3320 3054 Θεὸν,
3353 2988 3576 3060 πληρῶν
3602 2989 3779 3041 ἐκεῖνο

2081 3071 2144 3125 τὸ
2189 3072 2579 3142 εὐαγγελικὸν,
2628 3073 2708 3139 τὸ,
2747 3074 2927 3126 Ὅταν
2965 3072 3163 3126 πάντα
3188 3070 3518 3140 ποιήσητε,
3564 3071 3774 3140 λέγετε,

2082 3156 2164 3209 ὅτι
2231 3155 2475 3226 Ἆχρεῒοι
2503 3154 2714 3211 δοῦλοί
2749 3157 2957 3228 ἐσμεν.
2996 3156 3061 3210 Τί
3103 3154 3304 3209 τούτων
3338 3166 3352 3205 1
3386 3154 3548 3209 πλέον
3578 3152 3778 3223 ἑφθέγ-

2087 3237 2214 3305 ξατο
2245 3240 2273 3293 6
2297 3239 2467 3304 ὅντως
2496 3240 2704 3311 μυρίων
2729 3240 2914 3311 γέμων
2948 3237 3135 3293 κακῶν
3162 3238 3191 3291 6
3216 3235 3454 3310 τελώνης
3483 3239 3710 3303 ἐκεῖνος,
3748 3239 3778 3292 6

2089 3321 2223 3394 μηδὲ
2249 3321 2548 3393 ἀναϐλέψαι
2576 3323 2657 3386 είς
2684 3324 2775 3376 τὸν
2810 3321 3037 3393 οὐρανὸν
3066 3320 3374 3391 ὑπομένων,
3408 3319 3541 3391 μηδὲ
3565 3320 3778 3391 μακρὸν

2085 3406 2400 3461 κατατεῖναι
2451 3406 2629 3475 λόγον,
2670 3405 2803 3478 μηδὲ
2851 3403 3079 3475 πλησίον
3124 3403 3316 3473 στῆναι
3358 3402 3451 3457 τοῦ
3484 3402 3775 3472 Φαρισαίου

2084 3488 2336 3560 τολμῶν;
2375 3489 2435 3542 'U
2482 3489 2580 3561 μὲν
2620 3489 2727 3559 γὰρ
2777 3487 3049 3551 ὠνείδιζεν
3095 3486 3256 3541 αὑτὸν
3296 3485 3488 3556 λέγων,
3524 3487 3605 3539 ὅτι
3655 3489 3778 3542 Οὐκ

2084 3571 2203 3641 εἰμί
2238 3572 2319 3638 ὠς
2357 3574 2411 3626 οί
2454 3571 2657 3626 λοιποὶ
2696 3570 2816 3641 τῷν
2852 3569 3200 3641 ἀνθρώπων,
3243 3569 3527 3641 ἅρπαγες,
3562 3570 3773 3635 ἄδικοι,

2081 3639 2304 3712 μοιχοί,
2346 3641 2386 3712 ἢ
2433 3641 2532 3697 καὶ
2569 3643 2652 3709 ὡς
2699 3639 2878 3709 οὗτος
2921 3639 3280 3711 δ’τελάγνηςο
3317 3643 3345 3695 6
3389 3639 3446 3695 δέ
3490 3641 3567 3705 ώς
3610 3641 3776 3714 μηδὲν

2087 3726 2326 3791 ἀκούσας
2351 3726 2610 3798 δυσχερὲς
2642 3727 2737 3782 καὶ
2765 3724 3089 3791 κατεδέξατο
3124 3726 3187 3779 τὸ
3222 3724 3433 3796 λεχθὲν,
3460 3724 3556 3779 καὶ
3588 3725 3649 3778 οὑ
3682 3724 3778 3796 μό-

2088 3826 2178 3863 νον
2197 3811 2297 3865 οὑκ
2319 3810 2724 3882 ἠγανάκτησεν,
2758 3809 2894 3864 ἀλλά
2917 3810 3012 3863 καὶ
3040 3809 3131 3863 τὸν
3157 3808 3419 3881 ὑϐριστὴν
3441 3810 3645 3863 ἐκεῖνον
3682 3807 3777 3862 καὶ

2090 3897 2325 3967 ἀλαζόνα
2351 3897 2589 3970 τοσαύτῃ
2616 3897 2879 3970 τετίμηκε
2905 3899 3061 3969 τιμῇ,
3100 3896 3177 3958 ὼς
3204 3896 3338 3967 μηδὲ
3368 3899 3470 3967 τῆς
3503 3896 3778 3966 πατουμέι

2089 4000 2184 4052 νης
2213 3983 2304 4035 ὑπ’
2346 3981 2555 4036 ἐκείνου
2599 3984 2702 4054 γῆς
2749 3982 2897 4049 ἀξιον
2953 3977 3090 4035 εἶναι
3134 3980 3380 4051 νομίζειν
3423 3979 3648 4033 ἑαυτόν·
3683 3979 3778 4033 καὶ

2090 4066 2245 4186 (ﬁgo
2288 4065 2388 4136 μὲν
2429 4061 2583 4119 εἶπεν
2632 4066 2804 4147 οὑόἑν,
2848 4064 2987 4136 πλὴν
3026 4065 3149 4117 ὅσον
3189 4063 3601 4148 τάςοὰμαρτίας
3646 4065 3778 4146 ὁμο-

2123 4152 2319 4186 ογτισαι
2366 4135 2463 4186 τὰς
2504 4137 2701 4186 ἑαυτου
2727 4151 2741 4165 ·
2791 4134 2861 4186 τὰ
2898 4136 2954 4186 δὲ
3007 4134 3203 4186 στέρνα
3248 4150 3466 4186 τυπτων
3509 4133 3775 4186 σφοδοως.

2123 4133 2319 4206 ογῆσαι
2366 4135 2701 4206 τάςίὲαυτοῦ
2727 4151 2741 4165 ·
2791 4134 2861 4189 τὰ
2898 4133 2971 4206 δέ
3007 4133 3775 4206 στέρνα-τύπτων-σφοδρῶς,

2090 4194 2233 4259 οῦτώ
2258 4194 2559 4276 παρεκάλει
2597 4205 2753 4259 ϊλεων
2790 4205 3043 4275 γενέσθαι
3083 4194 3174 4259 τὸν
3207 4204 3361 4260 Θεόν.
3394 4194 3658 4258 Ἀλλὰίτδ
3680 4194 3779 4275 μὲν

2090 4290 2298 4343 ἐκεῖνον
2350 4287 2521 4343 ταῦτα
2578 4292 2753 4345 ποιεῖν
2799 4289 2952 4343 οὐδὲν
3011 4287 3358 4358 θαυμαστόνο
3400 4288 3462 4341 τὸ
3514 4287 3622 4357 γὰρ
3669 4285 3780 4340 τῶν

2090 4371 2508 4444 ἁμαρτημάτων
2558 4372 2761 4443 πλῆθος
2780 4372 2876 4426 καὶ
2944 4372 3138 4425 ἑκόντα
3198 4372 3359 4425 αὑτὸν
3417 4372 3511 4425 καὶ
3577 4371 3780 4424 ἄκοντα

2090 4454 2243 4510 κάτω
2278 4454 2506 4509 κύπτειν
2552 4455 2830 4525 ἠνάγκαζε
2850 4471 2864 4485 ο
2910 4455 2972 4508 τὸ
3021 4455 3079 4507 δὲ
3116 4452 3207 4507 τὸν
3250 4453 3457 4507 δίκαιον
3494 4453 3588 4505 καὶ
3616 4452 3780 4523 μηδὲν

2091 4537 2269 4610 ἑαυτῷ
2306 4537 2583 4592 συνειδότα
2634 4537 2874 4592 τοιοῦτον
2924 4536 3061 4607 μετά
3106 4537 3208 4607 τῆς
3246 4536 3417 4607 αὐτῆς
3452 4535 3532 4605 τῷ
3572 4535 3778 4607 τελώνῃ

2092 4623 2373 4695 προσιέναι
2407 4622 2435 4662 ll
2466 4620 2880 4691 καταγνώσεως,
2908 4619 3069 4674 τοῦτό
3091 4623 3206 4674 ἐστι
3241 4618 3304 4673 τὸ
3332 4618 3655 4688 παράδοξον,
3687 4622 3780 4674 καὶ

2090 4705 2270 4778 ψυχῆς
2328 4704 2498 4769 ὅντως
2546 4704 3014 4775 συντετριμμένης
3051 4706 3295 4775 σημεῖον.
3331 4701 3438 4755 Τοῦ
3468 4700 3599 4773 γὰρ,
3636 4702 3781 4757 Ἰλά-

2091 4787 2271 4857 σθητί
2293 4805 2393 4857 μοι
2440 4784 2520 4853 τῷ
2560 4786 2904 4857 ἁμαρτωλῷ,
2939 4787 2994 4841 τί
3032 4787 3304 4858 διενήνοχε
3344 4785 3429 4852 τὸ,
3469 4783 3667 4854 Κύριε,
3690 4786 3777 4856 μὴ

2092 4870 2172 4936 τῷ
2200 4869 2365 4940 θυμῷ
2396 4885 2513 4925 σου
2541 4870 2797 4941 ἐλέγξῃς
2814 4889 2912 4941 με,
2938 4870 3096 4942 μηδὲ
3121 4869 3197 4940 τῇ
3223 4868 3372 4940 ὀργῆ
3400 4882 3518 4923 σου
3546 4868 3781 4924 παιδεύ-

2091 4966 2215 5022 σῃς
2252 4969 2376 5024 ys;
2426 4953 2640 5010 Μᾶλλον
2697 4954 2756 5007 δὲ
2799 4955 2959 5008 τοῦτο
3003 4956 3213 5009 ἐκείνου
3263 4955 3360 5008 καὶ
3398 4952 3579 5025 πολλῷ
3619 4952 3779 5009 πλέον

2092 5035 2261 5093 ἐστίν.
2307 5037 2365 5091 Ὅ
2399 5038 2497 5108 μὲν
2529 5038 2638 5109 γὰρ
2677 5038 2914 5111 τελώνης
2954 5039 3075 5094 οὐδὲ
3103 5037 3403 5108 ἀναϐλέψαι
3441 5038 3523 5100 είς
3560 5036 3652 5112 τὸν
3686 5037 3779 5090 οὐ-

2096 5120 2254 5192 ρανὸν
2292 5121 2394 5175 οὑκ
2423 5122 2743 5194 ἐτόλμησεν,
2774 5124 2803 5175 6
2831 5123 2888 5176 δὲ
2910 5123 3118 5187 δίκαιος
3151 5122 3340 5176 τούτου
3382 5118 3567 5193 μεῖζον
3592 5118 3778 5189 ἐποίη-

2092 5219 2206 5258 σεν.
2239 5204 2473 5267 Ἐκεῖνος
2513 5204 2614 5274 μὲν
2647 5204 2757 5277 γὰρ
2795 5204 3001 5273 ἔλεγεν,
3038 5204 3339 5273 Ἱλάσθητί
3365 5220 3489 5274 μοι,
3528 5196 3684 5267 οὗτος
3720 5203 3777 5256 δὲ

2090 5286 2213 5341 οὐδὲ
2246 5286 2409 5339 τοῦτο
2435 5286 2741 5360 ἐθάρρησεν
2768 5290 2943 5341 εἰπεῖν
2962 5304 2975 5318 ·
3005 5287 3067 5341 οὐ
3095 5288 3203 5360 γὰρ
3232 5282 3377 5355 εἷπε,
3398 5285 3496 5354 Μὴ
3521 5283 3776 5357 ἐλέγξῃς

2085 5387 2186 5442 με,
2213 5367 2233 5409 Ῑ
2260 5370 2417 5433 ἀλλά,
2440 5370 2539 5439 Μὴ
2578 5370 2658 5436 τῷ
2684 5368 2836 5443 [147]
2858 5370 3024 5442 θυμῷ
3065 5387 3201 5433 σου,
3223 5370 3363 5435 οὐδὲ,
3394 5368 3493 5437 Μὴ
3535 5367 3776 5420 παιδεύ-

2091 5467 2211 5522 σῃς
2225 5471 2323 5524 με,
2345 5453 2500 5519 ἀλλὰ,
2530 5454 2627 5523 Μὴ
2657 5454 2735 5524 τῇ
2772 5454 2920 5526 ὀργῇ
2956 5472 3093 5523 σου,
3125 5456 3188 5509 οὐ
3225 5454 3286 5509 τὸ
3318 5453 3393 5525 μὴ
3422 5450 3771 5521 κολασθῆναι,

2091 5537 2230 5594 ἀλλά
2254 5537 2315 5592 τὸ
2345 5536 2421 5609 μὴ
2453 5539 2657 5611 σφόδρα
2683 5538 2840 5593 τοῦτο
2874 5537 3065 5594 παθεῖν
3097 5537 3283 5594 αίτῶν.
3314 5537 3476 5590 ’Ὥστε
3508 5532 3774 5587 πάντοθεν

2155 5672 2182 5712 h
2209 5672 2345 5724 COIb.
2377 5673 2645 5729 διαπαντός.

2155 5735 2177 5800 i_
2203 5734 2338 5800 (ἔοι-ζ).
2361 5735 2474 5800 ὅταν
2500 5735 2552 5800 δὲ
2571 5737 2690 5792 Θεὸς
2711 5738 2738 5784 ὁ
2761 5737 3027 5800 μαρτυρῶν,
3046 5736 3221 5796 «donec

2164 5798 2178 5848 1
2211 5796 2346 5846 Colb.
2370 5795 2415 5842 τί
2436 5795 2622 5844 τούτου.

2157 5862 2182 5918 Β
2204 5857 2342 5907 Colb.
2363 5856 2625 5918 προσεῖναι.

2160 5917 2177 5960 ι
2201 5920 2282 5970 Sic
2302 5917 2436 5967 Colb.
2464 5924 2515 5967 el
2538 5918 2686 5970 Savil.
2712 5918 2768 5968 In
2791 5919 2963 5971 Morel.
2988 5918 3209 5982 quadam
3229 5917 3458 5980 deerant.
