4124 6144
345 302 448 363 417

341 417 506 472 animi
530 417 648 488 ejus
670 419 939 476 humilitas
965 419 1334 494 appareat,'et
1362 430 1502 500 quod
1525 446 1583 487 se
1613 441 1759 489 tanto
1785 449 1911 504 sup-

340 512 502 580 plicio
553 511 773 582 dignum
827 526 1070 584 putaret,
1103 527 1159 572 et
1180 520 1319 589 quod
1352 538 1457 577 non
1491 525 1714 580 auderet
1763 535 1926 582 totam

338 604 550 658 veniam
581 618 610 658 a
637 605 745 660 Deo
768 608 1067 675 postulare;
1101 610 1258 682 idque
1286 628 1416 669 sane
1437 631 1624 672 eorum
1649 628 1733 673 est
1752 620 1840 689 qui
1869 635 1928 676 se

340 692 630 748 admodum
645 696 976 754 damnandos
993 711 1235 767 censent,
1257 712 1311 758 et
1328 720 1635 774 persuasum
1655 707 1850 765 habent
1870 725 1928 766 se

335 785 574 840 omnium
627 786 904 844 hominum
955 792 1311 862 nequissimos
1364 811 1505 854 esse.
1551 798 1704 866 Quod
1748 811 1935 857 autem

335 876 506 943 majus
521 885 624 942 est,
645 877 745 932 hoc
766 879 936 942 ipsum
959 896 1064 936 non
1089 883 1452 941 vehementius
1471 883 1665 957 puniri,
1679 904 1743 945 ex
1765 891 1927 946 mise-

332 964 561 1019 ricordia
579 974 634 1021 et
651 967 784 1022 clem
794 970 932 1024 entia
951 969 1064 1036 Dei,
1085 980 1268 1042 utpote
1293 973 1556 1043 inﬁrmus,
1582 977 1682 1033 sibi
1703 980 1924 1036 concedi

331 1056 586 1124 rogabat:
619 1055 861 1112 Miserere
889 1061 1010 1126 mei,
1042 1061 1248 1132 inquit,
1274 1065 1515 1132 quoniam
1536 1067 1772 1136 inﬁrmus
1806 1087 1918 1125 sum

331 1143 502 1213 (Psnl.
527 1145 582 1201 6.
599 1147 676 1218 5).
695 1148 830 1216 Quid
859 1151 1084 1222 hoc?qui
1109 1154 1198 1208 tali
1221 1156 1521 1212 testimonio
1545 1159 1791 1230 dignatus
1817 1171 1920 1230 est,

329 1246 382 1291 et
392 1237 588 1307 judicia
609 1239 701 1295 Dei
725 1257 831 1296 non
856 1242 1054 1299 oblitus
1078 1247 1349 1319 erat(nam
1371 1249 1465 1318 ait,
1488 1249 1694 1306 Iudicia
1711 1262 1798 1308 tua
1819 1271 1918 1312 non
1972 1324 1975 1326 ἓ

327 1344 442 1381 sum
485 1330 670 1384 oblitus
698 1331 873 1404 [PsaL
907 1334 1032 1391 118.
1066 1335 1204 1409 30]),
1235 1339 1324 1408 qui
1356 1339 1471 1410 ipso
1524 1341 1638 1398 sole
1681 1344 1918 1414 splendi-

326 1419 448 1475 dius
474 1421 646 1488 lucet,
673 1423 759 1479 hic
781 1425 904 1481 talia
934 1426 1133 1497 profert
1158 1430 1353 1486 verba?
1378 1432 1573 1488 Etiam.
1618 1434 1730 1490 Hoc
1774 1439 1916 1492 enim

327 1512 571 1569 mirabile
595 1523 711 1581 est,
755 1517 896 1586 quod
938 1526 1044 1572 tam
1094 1534 1282 1591 magna
1323 1532 1601 1592 operatus,
1636 1525 1768 1580 nihil
1797 1543 1916 1582 um-

324 1617 485 1673 quam
513 1607 686 1676 magni
707 1605 775 1661 de
799 1621 858 1662 se
885 1608 964 1664 vel
989 1609 1185 1665 dixerit
1204 1611 1286 1666 vel
1316 1615 1574 1680 senserit,
1604 1617 1698 1672 sed
1717 1632 1776 1672 se
1800 1633 1915 1673 om-

321 1696 472 1750 nium
499 1697 846 1755 novissimum
875 1711 1182 1771 reputaret,
1214 1713 1270 1760 et
1287 1710 1354 1761 ’ex
1382 1707 1496 1761 sola
1521 1709 1612 1762 Dei
1631 1709 1912 1766 clementia

322 1788 550 1843 salutem
583 1791 838 1862 consequi
864 1802 1112 1863 rogaret,
1141 1811 1204 1850 ac
1233 1797 1279 1852 si
1311 1796 1546 1854 diceret:
1577 1800 1775 1872 Dignus
1798 1804 1914 1874 qni-

328 1877 451 1933 dem
473 1894 591 1935 sum
608 1882 869 1951 supplicio
891 1883 1270 1956 indeprecabili
1286 1899 1368 1955 ,et
1389 1889 1770 1948 immortalibus
1797 1911 1912 1964 pce-

320 1973 432 2037 nis;
462 1982 516 2026 at
541 1974 680 2044 quod
703 1975 756 2030 id
781 1992 886 2032 non
915 1979 1145 2050 amplius
1175 1981 1315 2038 ferre
1341 1986 1540 2053 possim
1558 2027 1572 2049 ,
1606 2003 1736 2058 rogo
1762 1991 1913 2044 solu-

322 2065 520 2118 tionem
538 2080 567 2119 a
586 2070 939 2136 pratsentibus
959 2073 1110 2128 malis
1132 2092 1145 2128 :
1165 2078 1610 2146 quemadmodum
1641 2082 1820 2138 famuli
1837 2085 1911 2140 tui

318 2155 407 2222 qui
431 2154 708 2213 innumera
734 2161 938 2216 scelera
965 2173 1367 2234 perpetrarunt,
1403 2185 1690 2241 numquam
1721 2172 1904 2230 dicere

319 2254 544 2314 possunt
567 2262 626 2302 se
653 2263 756 2303 non
781 2265 1037 2320 peccasse
1062 2273 1076 2322 ;
1103 2257 1225 2326 quia
1253 2267 1429 2314 autem
1460 2259 1788 2331 flagellorum
1817 2264 1913 2320 do-

323 2337 410 2392 lor
439 2340 784 2398 intolerabilis
824 2354 932 2410 est,
967 2358 1156 2417 rogant
1197 2350 1408 2406 demum
1450 2354 1678 2425 mitigari
1710 2357 1907 2427 plagas.

318 2427 435 2500 Ego
475 2439 650 2487 autem
695 2444 822 2504 puto
876 2437 1024 2492 illum
1067 2434 1224 2495 alia'm
1277 2458 1488 2514 quoque
1545 2446 1908 2505 inﬁrmitatem

317 2521 676 2580 subindicare.
709 2525 876 2594 Quam
917 2544 1044 2584 vero
1072 2530 1258 2586 illam?
1304 2549 1420 2589 eam
1473 2551 1591 2604 quin
1629 2537 1697 2591 ab
1745 2539 1907 2594 animi

317 2629 551 2669 mcerore
570 2625 624 2671 et
648 2631 677 2670 a
703 2619 985 2687 gemitibus
1006 2623 1344 2691 procedebat.
1369 2625 1518 2683 Solet
1539 2629 1682 2683 enim
1707 2629 1908 2686 doloris

314 2717 592 2772 excessus,
613 2722 734 2762 cum
759 2709 1040 2768 violentior
1061 2713 1243 2780 instat,
1273 2725 1438 2774 totam
1456 2719 1647 2775 animae
1661 2723 1766 2776 vim
1785 2738 1907 2778 cor-

314 2797 529 2854 rodere.
555 2799 716 2870 quue
739 2811 864 2871 puto
904 2814 1147 2863 sanctum
1178 2809 1348 2864 virum
1379 2825 1498 2867 esse
1531 2828 1745 2881 passum
1765 2816 1906 2886 quod

313 2903 434 2945 sese
455 2890 738 2948 admodum
761 2894 1057 2964 damnaret,
1076 2911 1131 2954 et
1149 2901 1290 2971 quod
1312 2919 1598 2974 numquam
1620 2922 1745 2976 spes
1767 2909 1902 2964 bona

313 2992 650 3053 suppeteret,
692 2987 786 3043 sed
812 2989 1035 3046 adversa
1059 3008 1271 3063 semper
1294 2998 1637 3064 exspectatio.
1683 2999 1749 3053 Et
1803 2999 1906 3056 hoc

313 3089 379 3129 cx
406 3079 745 3146 sequentibus
771 3081 944 3150 palam
967 3081 1090 3138 facit
1123 3101 1136 3138 :
1162 3101 1282 3140 nam
1299 3086 1538 3142 Miserere
1557 3091 1671 3157 mei,
1700 3091 1902 3161 adjicit,

313 3167 550 3234 quoniam
591 3169 826 3239 inﬁrmus
859 3189 969 3226 sum
994 3191 1014 3229 :
1052 3193 1178 3229 sana
1222 3195 1333 3243 me,
1366 3179 1620 3249 ,Domine,
1664 3186 1904 3253 quoniam

314 3259 615 3314 conturbata
647 3273 765 3316 sunt
795 3280 910 3319 ossa
958 3283 1100 3333 mea,
1133 3279 1179 3322 et
1219 3271 1390 3324 anima
1438 3289 1550 3326 mea
1589 3274 1783 3329 turbata
1830 3287 1904 3332 est

311 3348 464 3404 ualde
484 3366 503 3404 :
530 3368 648 3406 cum
681 3355 826 3423 prius
852 3356 1103 3421 dixisset,
1131 3359 1369 3427 Domine,
1400 3379 1462 3416 ne
1491 3367 1544 3418 in
1591 3367 1764 3436 furore
1818 3376 1902 3422 tuo

310 3456 501 3509 arguas
523 3459 599 3494 me
629 3442 796 3514 (Psal.
824 3445 878 3500 6.
911 3447 986 3517 5).
1017 3448 1166 3516 Quod
1189 3449 1234 3504 si
1266 3451 1355 3506 ille
1392 3454 1481 3522 qui
1520 3456 1900 3512 conscientiam

312 3529 384 3582 ita
411 3545 595 3598 puram
620 3533 880 3604 habebat,
914 3548 1065 3609 rogat
1093 3555 1160 3594 ne
1189 3557 1409 3611 operum
1437 3559 1660 3601 examen
1683 3562 1901 3603 accura-

311 3624 426 3674 tum
457 3623 547 3677 ﬁat
581 3643 593 3677 :
629 3627 754 3694 quid
802 3643 899 3683 nos
952 3629 1205 3686 faciemus
1247 3634 1338 3703 qui
1377 3643 1454 3690 tot
1483 3637 1636 3692 malis
1683 3639 1901 3694 involuti

311 3726 529 3779 sumus,
561 3725 609 3770 et
636 3725 837 3771 tantum
867 3719 933 3774 ab
962 3719 1081 3790 ejus
1121 3723 1312 3777 fiducia
1365 3725 1520 3796 longe
1565 3743 1784 3795 sumus,
1835 3745 1898 3786 ac

314 3821 419 3861 nec
479 3809 1017 3881 quantulamcumque
1057 3814 1173 3881 ejus
1201 3815 1550 3872 confessionis
1580 3829 1780 3888 partem
1809 3837 1901 3876 ex-

312 3897 625 3952 hibuimus?
649 3899 822 3966 Quare
844 3902 1001 3972 igitur
1029 3904 1217 3961 beatus
1247 3907 1335 3962 ille
1385 3909 1462 3963 sic
1504 3911 1898 3967 conﬁtebatur?

313 3985 579 4042 Didicerat
609 3989 812 4043 scilicet
836 3991 1100 4046 neminem
1123 3993 1402 4063 justiﬁcari
1435 4010 1618 4052 coram
1671 4001 1780 4056 Deo
1800 4044 1815 4068 ,
1842 4013 1898 4058 et

305 4078 505 4146 justum
528 4080 609 4133 vix
628 4077 848 4136 salutem
871 4085 1510 4154 consequi.Quamobrem
1533 4107 1670 4146 nunc
1686 4093 1896 4162 quidem

307 4171 683 4240 rt-gatdicens,
721 4172 841 4226 Non
867 4174 1020 4228 intres
1058 4176 1112 4230 in
1140 4177 1392 4246 judicium
1438 4196 1554 4233 cum
1583 4198 1724 4236 servo
1766 4193 1852 4238 tuo
1880 4187 1895 4216 ¹

309 4261 482 4327 (Psal.
517 4263 636 4317 142.
663 4264 744 4330 2);
770 4281 912 4320 nunc
933 4281 1082 4333 vero,
1112 4267 1351 4324 Miserere
1371 4272 1484 4337 mei,
1518 4271 1752 4340 Domine,
1771 4293 1896 4345 quo-

308 4354 447 4405 niam
479 4354 710 4420 inﬁrmus
729 4373 857 4409 sum.

381 4443 436 4498 5.
469 4445 578 4499 Hoc
608 4448 748 4499 enim
780 4460 875 4516 par
903 4457 988 4504 est
1015 4449 1208 4519 ubique
1233 4453 1597 4514 (considerare.
1626 4459 1896 4526 quomodo

308 4550 571 4606 nusquam
616 4540 867 4607 prmclara
917 4553 1066 4610 gesta
1111 4558 1206 4596 sua
1247 4556 1533 4613 memoret,
1577 4547 1670 4602 sed
1720 4550 1772 4603 in
1804 4551 1896 4606 Dei

310 4628 744 4684 misericordiam
794 4632 1020 4686 salutem
1066 4647 1215 4687 suam
1261 4636 1528 4703 conjiciat.
1577 4637 1707 4693 Illud
1751 4644 1894 4696 enim

308 4720 526 4773 enutriti
555 4727 639 4775 est
689 4722 889 4786 animi,
919 4722 1047 4777 illud
1097 4723 1356 4778 humiliati
1403 4729 1648 4794 spiritus,
1683 4730 1809 4785 illud
1842 4733 1894 4787 in

306 4823 468 4865 causa
519 4821 632 4866 erat
659 4814 798 4883 quod
844 4825 1313 4884 magnaeperatus
1363 4819 1480 4886 plus
1509 4835 1666 4889 quam
1709 4835 1894 4891 pecca-

303 4910 453 4956 tores
480 4903 690 4958 timeret
729 4918 792 4958 ac
827 4911 1101 4961 tremeret.
1132 4906 1282 4974 Quod
1310 4917 1487 4963 autem
1534 4919 1787 4966 tremeret
1829 4929 1891 4968 ac

306 5002 571 5048 metueret
600 4994 721 5048 audi
752 4995 923 5064 ipsum
955 4995 1222 5051 dicentem
1255 5016 1267 5052 :
1313 4999 1374 5054 Si
1396 4999 1685 5067 iniquitates
1726 5002 1894 5056 obser-

303 5084 518 5145 vaveris,
535 5083 1023 5152 Domine;Damiue,
1039 5089 1149 5155 quis
1168 5089 1430 5144 sustinebit
1452 5089 1624 5162 (Psal.
1652 5093 1774 5148 129.
1795 5095 1892 5163 5)?

304 5176 540 5230 Noverat
567 5178 732 5243 enim,
761 5185 816 5231 et
843 5179 986 5235 clare
1015 5193 1252 5246 noverat,
1283 5198 1382 5237 nos
1403 5198 1525 5239 esse
1566 5185 1679 5240 Deo
1709 5186 1890 5240 multis

302 5266 500 5320 debitis
521 5265 782 5322 obnoxios
803 5309 818 5334 ,
850 5278 904 5324 et
936 5270 1152 5324 minima
1176 5282 1388 5339 peccata
1421 5288 1667 5341 magnam
1697 5276 1888 5330 mereri

305 5367 542 5425 patriam.
575 5357 805 5412 Noverat
851 5358 939 5413 diu
968 5370 1094 5414 ante
1137 5361 1412 5429 praescius,
1446 5375 1578 5430 quas
1624 5362 1768 5432 leges
1794 5379 1890 5434 po-

301 5446 501 5502 siturus
525 5457 669 5503 esset
691 5447 938 5504 Christus
965 5460 1220 5505 venturus
1246 5468 1260 5502 :
1305 5467 1411 5504 non
1451 5452 1675 5506 caedium
1705 5456 1886 5521 modo,

297 5539 393 5593 scd
425 5540 586 5593 etiam
612 5540 1076 5606 contumeliarum,
1095 5543 1479 5608 conviciorum,
1509 5545 1768 5598 malarum
1797 5561 1888 5600 co-

300 5632 616 5701 gitationum
636 5673 648 5695 ,
678 5632 837 5697 risus,
888 5634 1043 5686 otiosi
1089 5635 1384 5699 sermonis,
1413 5635 1756 5690 scurrilitatis
1777 5679 1791 5702 ,
1821 5653 1884 5692 ac

414 5722 486 5770 sic
520 5723 681 5784 pergit
700 5722 850 5795 mlo,
885 5736 1103 5795 apprime
1123 5723 1299 5795 sciebat
1338 5727 1466 5795 quod
1479 5725 1640 5785 justus
1681 5724 1780 5790 ipse
1803 5726 1886 5778 vix

296 5782 508 5834 miratur
527 5782 549 5831 ':
575 5782 861 5845 qttapmptcr
887 5782 1089 5843 dicebat,
1113 5785 1336 5835 Miserere
1353 5782 1469 5838 'ntei.

649 5874 914 5937 ΡΑτιιοι..
966 5875 1078 5936 Gn.
1129 5875 1376 5939 XLVII.

1233 314 1317 372 DE
1345 314 1892 391 COMPUNCTIONE,
1935 325 2023 380 AD
2061 327 2511 395 S'I'ELECHIUM.
2554 340 2680 398 LIB.
2723 346 2787 400 ll.
2864 289 2879 302 ο

3514 365 3614 423 418

2038 442 2300 501 minorum
2347 449 2506 506 etiam
2558 469 2731 512 rerum
2783 474 2997 530 gravem
3040 465 3154 525 fore
3194 473 3446 531 ultionem
3500 491 3616 532 cre-

2033 530 2214 634 debat.
2241 536 2576 613 Quapropter
2603 546 2798 604 Paulus
2816 593 2831 618 ,
2863 555 2963 610 etsi
2992 559 3187 616 nullius
3213 563 3314 618 sibi
3340 569 3612 634 conscius,

2032 620 2246 724 dic‘ebat
2267 669 2282 691 ,
2316 628 2464 686 Nihil
2492 635 2617 690 mihi
2643 643 2872 696 conscius
2907 662 3018 700 sum
3039 689 3052 708 ,
3085 651 3175 704 sed
3198 669 3297 708 non
3323 657 3375 710 in
3403 620 3498 712 hoc
3524 620 3615 724 in:

2031 715 2406 814 “ﬂammeum
2429 723 2503 797 (1.
2535 725 2653 782 Cor.
2672 731 2726 786 4.
2746 733 2825 803 4).
2852 735 2958 792 Cur
2984 746 3200 798 autem?
3219 746 3374 814 Quia,
3402 715 3610 810 etiamsi

2031 806 2160 862 nihil
2188 812 2310 866 mali
2337 813 2585 886 fecisset,
2621 837 2793 894 neque
2821 829 2965 885 enim
3005 832 3226 906 fecerat,
3255 841 3469 898 modum
3514 845 3609 900 ho-

2031 900 2178 955 noris
2234 902 2345 958 Deo
2392 907 2656 967 referendi
2728 915 3031 988 implevisse
3079 940 3139 981 se
3210 944 3314 986 non
3367 935 3606 1002 putabat.

2029 987 2253 1048 Etiamsi
2283 997 2425 1052 enim
2463 1006 2764 1062 sexcenties
2792 1013 3113 1082 moriamur,
3145 1019 3350 1078 etiamsi
3393 1039 3604 1083 onmem

2027 1081 2375 1175 exhibeamus
2405 1091 2652 1150 virtutem
2673 1135 2688 1163 ,
2718 1099 2850 1155 nihil
2891 1097 3107 1175 dignum
3134 1109 3407 1170 reddimus
3433 1081 3606 1174 bono;

2027 1171 2196 1239 ribus,
2223 1178 2415 1246 quibus
2439 1198 2470 1238 a
2498 1185 2608 1242 Deo
2627 1188 2803 1246 allecti
2827 1171 3032 1252 sumus.

2095 1266 2195 1374 D'ei
2231 1275 2545 1338 prouidentia
2567 1298 2684 1353 erga
2717 1285 2985 1345 hominem.
3009 1321 3080 1333 —
3101 1293 3233 1351 Vide
3275 1299 3419 1354 enim
3467 1319 3602 1374 quo-

2024 1357 2206 1427 modo,
2238 1377 2358 1418 cum
2390 1369 2536 1424 nullo
2561 1387 2625 1426 ex
2652 1379 2850 1434 nostris
2870 1392 3072 1452 egeret,
3104 1386 3199 1441 sed
3227 1388 3324 1444 sibi
3355 1391 3467 1462 ipse
3486 1357 3603 1448 Isnf-

2025 1449 2228 1519 ﬁceret,
2266 1471 2372 1512 non
2415 1461 2704 1520 existentes
2751 1484 2849 1526 nos
2891 1473 3120 1532 existere
3169 1477 3324 1544 fecit,
3370 1449 3599 1540 animant

2022 1539 2300 1612 inspiravit
2325 1549 2536 1618 qualem
2567 1556 2700 1612 nulli
2727 1574 2794 1613 ex
2823 1565 3051 1619 terrenis
3076 1567 3413 1640 animalibus,
3445 1591 3601 1645 para-

2020 1631 2194 1736 disum
2222 1639 2500 1711 plantavit,
2529 1648 2718 1705 caelum
2758 1656 3012 1724 extendit,
3045 1669 3240 1716 terram
3284 1631 3597 1736 substiavit,

2021 1723 2302 1784 luminaria
2331 1735 2575 1791 accendit
2617 1741 2916 1811 splendida,
2947 1723 3143 1805 terram
3187 1756 3408 1825 stagnis,
3437 1723 3597 1814 fonti:

2021 1815 2139 1880 bus,
2186 1818 2514 1892 fluminibus,
2560 1829 2783 1888 ﬁoribus
2822 1845 2876 1891 ct
2923 1839 3115 1907 plantis
3152 1815 3598 1913 Ol'IIIIVil,’C$illm

2018 1910 2164 1965 vario
2204 1923 2469 1971 astrorum
2524 1919 2690 1978 choro
2718 1924 2997 1998 distinxit,
3031 1943 3240 1990 noctem
3287 1955 3393 1994 non
3423 1943 3599 2000 minus

2017 2014 2175 2069 quam
2205 2003 2345 2059 diem
2394 2008 2577 2064 utilem
2628 2011 2751 2068 fecit
2796 2020 3012 2088 prepter
3036 2024 3269 2092 quietem
3317 2037 3372 2084 et
3396 2032 3538 2088 vires
3567 2051 3595 2088 a

2017 2103 2206 2146 somno
2235 2109 2524 2165 reparatas.
2558 2103 2686 2158 Nam
2715 2120 2934 2164 somnus
2962 2127 3066 2168 non
3099 2116 3274 2172 minus
3298 2135 3454 2190 quam
3485 2123 3591 2178 cibi

2015 2195 2240 2252 corpora
2270 2198 2449 2243 nostra
2473 2194 2585 2259 alit,
2613 2198 2768 2251 utvel
2799 2199 2922 2255 inde
2949 2203 3120 2272 palam
3147 2215 3248 2274 est,
3275 2211 3414 2279 quod
3444 2211 3598 2267 famis

2016 2277 2229 2345 quidem
2283 2283 2475 2338 multas
2501 2300 2642 2355 sa'pe
2671 2287 2788 2344 dies
2814 2291 3028 2349 tolerari
3078 2277 3352 2356 videamus
3397 2303 3598 2375 absque

2015 2379 2204 2422 somno
2227 2380 2401 2426 autem
2440 2375 2524 2429 vix
2567 2391 2781 2446 paucas.
2815 2382 2908 2438 llle
2937 2389 3126 2457 estqui
3153 2389 3254 2446 diei
3284 2391 3550 2450 flammam
3576 2439 3592 2463 ,

2015 2459 2126 2515 sive
2154 2475 2218 2516 ex
2273 2465 2422 2519 radio
2466 2469 2647 2537 solari,
2679 2475 2792 2530 sive
2818 2491 2885 2531 ex
2917 2477 3121 2534 diurnis
3159 2482 3430 2540 laboribus
3468 2503 3593 2556 pro-

2015 2554 2212 2617 veniat,
2237 2557 2518 2629 refrigerat
2542 2575 2596 2617 et
2623 2565 2899 2635 dissolvit,
2927 2571 3110 2642 sicque
3137 2590 3235 2630 nos
3265 2589 3479 2648 vegetos
3509 2596 3596 2637 re-

2015 2645 2188 2701 stituit
2216 2658 2268 2703 ct
2291 2651 2552 2708 adt-undis
2593 2657 2782 2712 iterum
2827 2661 3097 2719 laboribus
3125 2679 3283 2735 pares
3311 2645 3589 2742 {bybcrna

1918 2803 1922 2808 λ
2012 2755 2141 2796 vero
2169 2752 2482 2814 tempestate
2510 2764 2608 2803 nox
2636 2751 2874 2823 longiore
2894 2767 3052 2812 eursu
3075 2758 3192 2828 plus
3218 2761 3371 2818 nobis
3390 2763 3596 2820 confert

2013 2830 2213 2900 requiei
2243 2842 2295 2889 et
2322 2835 2521 2904 solatii,
2569 2839 2696 2895 dum
2728 2857 2824 2898 nos
2869 2845 2969 2900 sub
2996 2855 3135 2903 teeto
3172 2866 3387 2908 manere
3429 2851 3590 2926 cogit.

2011 2919 2270 2978 Tenebrre
2297 2937 2470 2981 autem
2513 2945 2616 2984 non
2648 2931 2838 2987 frustra
2867 2950 2964 2991 nec
2987 2947 3187 2995 temere
3216 2939 3340 2998 huic
3371 2950 3590 3016 tempori

2010 3009 2276 3080 deputata:
2297 3025 2422 3070 sunt
2445 3019 2558 3083 ,sed
2582 3037 2676 3090 pro
2701 3025 2887 3093 majori
2910 3028 3110 3096 quiete.
3134 3009 3589 3096 Quemadmodum

2011 3103 2154 3157 enim
2183 3114 2379 3162 matres
2405 3110 2569 3177 prolis
2596 3125 2837 3170 amantes
2857 3158 2871 3183 ,
2908 3130 3029 3173 cum
3066 3123 3338 3192 vagientes
3365 3126 3591 3184 infantes

2009 3192 2075 3246 ad
2115 3195 2347 3264 quietem
2397 3212 2706 3268 provocant,
2744 3206 2884 3262 ulnis
2929 3211 3258 3280 complexos,
3308 3217 3590 3286 tunicaque

2009 3284 2194 3339 oculos
2246 3299 2430 3343 eorum
2479 3294 2781 3362 operientes
2836 3296 3074 3355 dormire
3127 3303 3377 3358 faciunt:
3434 3284 3588 3363 sic—ct

2012 3377 2152 3432 Deus
2190 3389 2457 3451 tamquam
2497 3387 2738 3442 velamen
2768 3391 3034 3460 Quoddam
3083 3394 3329 3451 tenebras
3381 3415 3474 3468 per
3501 3416 3588 3454 or-

2011 3467 2131 3523 bem
2159 3474 2489 3541 expand‘ens,
2520 3476 2763 3535 homines
2786 3496 2816 3536 a
2845 3481 3119 3541 laboribus
3141 3467 3416 3556 quiescere
3442 3487 3585 3548 facit.

2008 3560 2117 3616 Nisi
2146 3565 2289 3619 enim
2321 3566 2392 3620 ita
2419 3575 2596 3636 esset,
2627 3570 2808 3628 nimiis
2835 3575 3061 3645 negotiis
3101 3578 3186 3632 vel
3233 3581 3468 3647 pecunia:
3496 3599 3586 3637 co-

2007 3653 2193 3722 gendae
2215 3657 2506 3725 cupiditate
2536 3674 2721 3717 omnes
2748 3661 3170 3723 distralteremur
3193 3688 3205 3722 :
3239 3681 3380 3727 ntinc
3407 3683 3584 3728 autem

2007 3760 2105 3800 nos
2152 3748 2237 3802 vel
2270 3749 2464 3806 invitos
2501 3754 2776 3811 remittere
2819 3757 3042 3814 sudores
3087 3760 3246 3827 facit;
3280 3775 3378 3819 nec
3421 3763 3582 3819 modo

2005 3839 2353 3908 corporibus,
2384 3843 2478 3898 sed
2508 3841 2668 3900 etiam
2695 3848 2909 3914 animis,
2938 3864 3042 3905 non
3085 3854 3259 3908 minus
3280 3864 3438 3926 quam
3467 3872 3585 3912 cor-

2004 3931 2249 4000 poribus,
2298 3935 2533 4006 quietem
2585 3938 2670 3993 bic
2716 3956 2896 3995 rerum
2947 3943 3080 3999 ordo
3129 3956 3400 4014 procurat.
3447 3948 3581 4015 Quid

2005 4025 2146 4078 enim
2169 4026 2380 4081 dicatur
2395 4027 2460 4083 de
2486 4031 2739 4100 temporis
2763 4024 2918 4102 hujus
2935 4035 3112 4104 quiete
3128 4047 3179 4091 et
3202 4039 3583 4108 tranquillitate

2005 4125 2060 4170 et
2104 4121 2372 4187 quomodo
2402 4124 2579 4175 Omnia
2624 4124 2836 4180 silentio
2886 4122 3039 4196 plena
3067 4135 3120 4182 et
3164 4129 3388 4185 tumultu
3420 4149 3582 4186 vacua

2005 4208 2129 4272 sint,
2161 4209 2467 4280 nulliusque
2494 4231 2592 4268 vox
2621 4217 2867 4272 audiatur
2890 4219 3032 4275 velut
3061 4222 3113 4275 in
3146 4219 3253 4288 die,
3285 4224 3369 4278 ubi
3398 4227 3482 4279 alii
3517 4226 3583 4280 de

2005 4308 2742 4373 paupertateconquieruntur,
2771 4309 2858 4362 alii
2886 4311 3136 4367 damnum
3169 4314 3267 4369 sibi
3306 4318 3578 4386 importari

2005 4392 2255 4457 clamant,
2287 4393 2374 4448 alii
2408 4395 2622 4451 morbos
2649 4400 2944 4470 nmtllaque
2969 4417 3192 4472 corpora
3224 4405 3424 4475 lugent,
3458 4423 3580 4477 pars

2005 4478 2421 4552 propinquorum
2453 4495 2710 4554 mortem,
2743 4504 2866 4558 pars
2907 4483 3167 4559 iacturam
3211 4497 3576 4563 pecuniarum,

2002 4573 2090 4626 alii
2115 4572 2374 4629 humanas
2395 4576 2526 4632 alias
2550 4593 2834 4643 terumnas,
2862 4597 2978 4650 quae
3004 4596 3130 4636 sane
3156 4580 3397 4652 plurimm
3423 4601 3577 4641 sunt:

2002 4680 2067 4718 ex
2091 4660 2281 4733 quibus
2308 4667 2554 4722 oumibus
2571 4668 2730 4722 veluti
2756 4663 2999 4739 procellis
3016 4673 3268 4742 eripiens,
3294 4675 3580 4732 humanum

2001 4769 2164 4822 genus
2188 4755 2254 4810 ad
2281 4767 2488 4824 portum
2518 4773 2669 4812 suum
2691 4775 2790 4813 nox
2823 4762 3029 4832 recipit.
3056 4763 3180 4819 llaec
3203 4767 3356 4821 nobis
3375 4782 3402 4820 a
3427 4779 3582 4824 nocte

2001 4845 2137 4899 bona
2190 4847 2567 4914 conferuntur,
2617 4867 2646 4905 a
2695 4849 2784 4906 die
2839 4865 3016 4908 autem
3069 4855 3190 4923 illa,
3221 4873 3339 4928 qua:
3382 4860 3582 4916 scimus

2000 4937 2255 4991 universi.
2287 4939 2421 5006 Quid
2449 4957 2576 4996 vero
2603 4941 2812 4997 dicatur
2850 4937 2917 4999 de
2942 4950 3251 5002 commercii
3296 4948 3582 5008 facultate?

1999 5028 2206 5082 Etenim
2239 5046 2303 5083 ne
2328 5031 2572 5086 itinerum
2604 5032 2880 5104 longitudo
2908 5051 3006 5089 nos
3035 5052 3063 5089 a
3096 5049 3281 5094 mutuo
3305 5045 3581 5099 consortio

1996 5129 2282 5184 averteret,
2315 5122 2612 5178 breviorem
2637 5121 2787 5180 nobis
2809 5129 2948 5182 viam
2982 5146 3127 5186 mare
3153 5132 3356 5188 scilicet
3387 5135 3581 5206 ubique

1996 5227 2093 5281 per
2120 5213 2304 5268 orbem
2326 5215 2464 5270 Deus
2483 5215 2708 5282 diiiudit,
2737 5227 2795 5272 ut
2820 5219 2870 5273 in
2894 5221 3022 5276 orbe
3046 5230 3157 5277 toto
3174 5226 3322 5295 quasi
3351 5227 3400 5280 in
3418 5227 3578 5281 domo

1995 5319 2099 5357 una
2143 5303 2476 5373 habitantes,
2523 5307 2600 5361 sic
2642 5306 2950 5378 frequenter
2992 5315 3257 5381 possimus
3309 5316 3398 5370 alii
3446 5319 3573 5372 alios

1995 5397 2164 5461 adire,
2200 5409 2260 5452 ut
2287 5413 2379 5453 sua
2411 5401 2607 5470 quique
2633 5404 2912 5458 commoda
2955 5408 3212 5474 proximis
3241 5411 3352 5466 suis
3383 5411 3574 5481 Sillgllil

1997 5487 2286 5556 tradentes,
2309 5490 2478 5544 aliena
2526 5501 2712 5546 mutuo
2755 5495 3034 5562 recipiant,
3065 5506 3118 5550 ct
3163 5514 3376 5566 parvam
3421 5511 3574 5554 terra:

1996 5579 2292 5647 portionem
2323 5593 2670 5652 occupantes,
2704 5586 2952 5640 omnibus
2980 5588 3173 5657 ubique
3203 5592 3392 5659 positis
3423 5593 3572 5645 bonis

1992 5674 2142 5740 quasi
2187 5675 2386 5729 domini
2444 5677 2716 5744 potiantur
2762 5697 2776 5732 :
2831 5684 3277 5748 quemadmodum
3329 5686 3380 5737 in
3435 5685 3568 5738 lauta

1995 5779 2174 5820 mensa
2204 5767 2420 5836 singulis
2450 5772 2704 5836 convivis,
2731 5787 2846 5841 qua:
2873 5763 2992 5827 ante
3024 5791 3080 5828 se
3114 5779 3278 5843 posita
3307 5785 3430 5829 sunt
3459 5777 3570 5830 aliis

3157 5877 3234 5936 2's
