4124 6144
568 320 672 380 41‘.)
723 321 781 378 S.
823 323 1012 381 JOAN.
1047 325 1432 380 CHRYSOST.
1474 322 1656 378 ARCll
1687 321 1790 376 EP.
1823 319 2366 377 CONSTANTINOP.
2399 321 2485 377 DE
2508 313 2923 377 CUMPUNCT.”
2940 319 3026 374 AD
3061 317 3389 376 STELECII.
3419 318 3547 376 LIB.
3589 319 3652 374 ll.
3705 319 3816 374 5‘20

577 445 731 514 longe
756 444 974 500 remotis
993 445 1142 510 dare,
1171 453 1222 498 et
1251 443 1318 498 ab
1347 443 1471 508 illis,
1501 456 1619 512 quae
1646 457 1808 512 penes
1835 455 1892 496 se
1919 440 2134 503 habent,

576 544 792 588 extensa
818 534 986 586 solum
1015 548 1174 586 manu
1200 533 1442 601 accipere
1466 532 1606 585 licet.
1641 530 1792 596 Quod
1819 532 1862 584 si
1892 529 2009 599 quis
2037 529 2140 584 alia

576 637 822 676 sermone
843 621 1087 690 persequi
1112 622 1411 684 tentaverit,
1444 621 1496 674 in
1513 619 1890 690 longitudinem
1918 619 2143 674 immen-

575 725 686 763 sam
735 709 947 772 incidet,
984 724 1082 764 nec
1107 710 1190 764 vel
1239 710 1480 779 exiguam
1521 719 1724 778 partem
1755 709 2011 778 attingere
2049 722 2141 778 po-

577 801 699 854 terit
723 819 737 854 :
764 800 1030 868 quomodo
1066 800 1210 855 enim
1231 841 1246 865 ,
1279 801 1437 854 homo
1463 815 1583 854 cum
1631 801 1734 868 sit,
1763 801 2020 854 inﬁnitam
2049 797 2141 854 Dei

576 889 886 956 sapientiam
913 890 1086 943 metiri
1125 889 1497 959 aggrediatur?
1520 890 1700 959 Cogita
1742 890 1951 944 interim
1995 889 2144 958 plan-

578 987 749 1032 tarum
800 980 1144 1044 varietatem,
1191 979 1605 1045 fructiferarum,
1659 980 2140 1045 iufructuosarum,

577 1084 760 1122 earum
786 1084 904 1139 qua:
935 1070 985 1123 in
1015 1070 1244 1124 desertis
1263 1113 1278 1137 ,
1308 1085 1425 1140 qua:
1456 1071 1507 1125 in
1531 1072 1674 1140 agris
1702 1071 1876 1134 cultis,
1914 1071 1967 1125 in
1992 1085 2144 1125 mon-

585 1159 746 1223 tibus,
781 1159 832 1212 in
853 1159 1070 1227 planitie
1099 1177 1113 1213 :
1145 1161 1419 1215 considera
1450 1161 1810 1216 diversitatem
1847 1162 1899 1215 in
1927 1161 2144 1216 semini-

582 1247 701 1312 bus,
735 1248 784 1301 iu
815 1249 1065 1313 oleribus,
1098 1249 1150 1303 in
1177 1248 1394 1305 ﬂoribus
1414 1293 1428 1316 ,
1454 1251 1504 1304 itt
1539 1252 1855 1307 animalibus
1881 1253 2146 1307 terrestri-

581 1340 711 1406 bus,
742 1339 791 1392 in
815 1339 1095 1408 amphibiis
1119 1383 1134 1404 ,
1169 1342 1219 1395 in
1247 1343 1553 1398 natatilibus
1581 1361 1594 1396 :
1621 1345 1886 1413 perpende
1913 1344 2136 1400 visibilia

581 1431 756 1484 omnia
788 1442 1001 1500 propter
1043 1449 1140 1487 nos
1168 1432 1302 1488 facta
1325 1475 1339 1499 ,
1366 1435 1573 1499 caelum,
1605 1444 1800 1490 terram
1821 1477 1835 1502 ,
1875 1451 2041 1500 mare,
2089 1445 2146 1492 et

583 1524 759 1576 omnia
790 1539 908 1592 qua:
955 1524 1005 1578 in
1031 1526 1108 1578 eis
1133 1535 1273 1579 sunt.
1301 1526 1750 1592 Quemadmodum
1778 1528 1919 1581 enim
1947 1527 1991 1580 si
2025 1529 2144 1597 quis

580 1613 779 1682 regiam
824 1613 1152 1682 splendidam
1205 1617 1594 1678 construxerit,
1641 1617 1806 1670 multo
1857 1615 2142 1687 fulgentem

580 1717 746 1768 auro,
775 1707 940 1758 multo
961 1721 1287 1774 gemmarum
1331 1707 1502 1762 nitore
1533 1725 1546 1760 :
1581 1708 1650 1761 ita
1690 1708 1941 1762 mundum
1981 1707 2143 1763 fabri-

579 1801 728 1846 catus
759 1793 919 1855 Deus,
961 1795 1226 1849 hominem
1273 1796 1578 1861 introduxit,
1606 1805 1664 1850 ut
1708 1798 1759 1852 in
1809 1797 1922 1852 haec
1966 1798 2142 1852 omnia

582 1898 798 1952 regnum
824 1885 1104 1941 obtineret.
1138 1887 1392 1957 Quodque
1433 1889 1586 1958 longe
1621 1891 1912 1945 mirabilius
1948 1893 1999 1945 in
2046 1891 2144 1947 hac

580 1972 740 2027 domo
767 1984 867 2039 est,
890 1990 994 2029 non
1020 1993 1088 2030 ex
1127 1977 1391 2047 lapidibus
1429 1988 1623 2034 tectum
1655 1982 2014 2047 concinnavit,
2047 1981 2144 2036 sed

582 2077 650 2115 ex
683 2063 785 2116 alia
816 2065 1130 2132 pretiosiore
1156 2070 1375 2123 materia
1412 2071 1668 2138 condidit,
1696 2087 1866 2142 neque
1889 2073 2142 2128 candela-

582 2149 665 2203 bri
702 2153 847 2207 aurei
873 2153 1140 2211 ﬂammam
1174 2159 1415 2214 accendit
1437 2202 1452 2227 ,
1481 2161 1572 2214 sed
1616 2176 1845 2232 superne
1873 2163 2145 2233 lampadas

579 2252 806 2308 ponens,
835 2256 926 2296 eas
952 2260 1044 2313 per
1087 2245 1276 2302 domus
1301 2257 1494 2303 tectum
1522 2251 1822 2306 discurrere
1843 2252 2022 2321 jussit,
2072 2254 2144 2308 ita

581 2341 638 2384 ut
662 2331 713 2384 id
745 2347 848 2386 non
878 2335 1005 2389 utile
1031 2336 1189 2391 modo
1215 2347 1379 2406 esset,
1407 2340 1500 2394 sed
1532 2356 1772 2410 magnam
1801 2344 1961 2396 etiam
1992 2344 2144 2400 nobis

584 2432 794 2488 pareret
821 2424 1166 2494 voluptatem,
1217 2430 1571 2497 pavimentum
1612 2439 1788 2486 autent
1835 2434 2000 2487 instar
2029 2434 2142 2503 opi-

581 2523 724 2577 parat
755 2527 952 2566 mensae
979 2515 1260 2570 adornavit
1285 2536 1297 2570 :
1328 2527 1381 2571 et
1404 2518 1519 2573 haec
1544 2520 1767 2589 praebuit
1797 2523 1867 2588 ei,
1893 2523 1982 2592 qui
2012 2521 2143 2577 nihil

578 2598 752 2652 adhuc
772 2601 896 2654 boni
922 2603 1252 2658 exhibuerat.
1272 2605 1645 2663 Verumtamen
1673 2619 1792 2679 post
1817 2619 1961 2666 tanta
1981 2612 2140 2680 dona,

581 2701 700 2740 cum
727 2704 850 2759 erga
890 2690 1182 2746 beneficum
1207 2695 1366 2749 homo
1407 2711 1464 2751 se
1492 2699 1753 2768 ingratum
1799 2703 2139 2770 prmbuisset,

581 2791 686 2828 non
715 2777 833 2832 ideo
872 2779 1019 2834 illum
1061 2781 1264 2838 honore
1305 2787 1557 2854 privavit,
1589 2789 1682 2843 sed
1712 2793 1911 2861 expulit
1937 2803 2139 2850 tantum

579 2881 644 2920 ex
671 2869 932 2938 paradiso,
959 2881 1116 2942 atque
1138 2875 1214 2928 sic
1239 2877 1531 2946 castigavit,
1552 2890 1608 2934 ut
1629 2881 1888 2951 ingratum
1907 2885 2142 2940 animum

583 2962 719 3014 ultra
743 2964 1028 3030 procedere
1054 2966 1345 3032 cohiberet,
1373 2979 1426 3024 et
1450 2971 1516 3025 ad
1545 2973 1724 3042 pejora
1751 2975 2018 3032 declinare
2039 2978 2141 3032 im-

582 3049 805 3117 pedirct.
839 3051 962 3107 [lare
1001 3069 1157 3123 porro
1183 3058 1358 3110 omnia
1381 3099 1396 3124 ,
1426 3059 1611 3130 hisque
1640 3063 1820 3132 plura,
1849 3080 2028 3120 secum
2056 3083 2141 3123 re-

576 3147 772 3206 putans
807 3143 1097 3212 apostolus,
1126 3153 1308 3216 utpote
1337 3148 1518 3204 divino
1559 3162 1734 3208 motus
1763 3154 1992 3224 Spiritu,
2024 3173 2142 3227 quae

575 3228 645 3280 ab
694 3228 864 3296 initio,
917 3247 1036 3302 qua:
1078 3236 1336 3304 quotidie,
1366 3253 1486 3308 quae
1527 3241 1580 3294 in
1623 3243 1878 3312 singulos,
1925 3261 2044 3316 quae
2087 3247 2140 3301 in

572 3333 765 3372 omnes
805 3319 979 3387 simul,
1024 3337 1141 3393 quas
1187 3326 1383 3396 palam,
1431 3345 1549 3398 quas
1595 3331 1926 3402 clanculum,
1975 3337 2142 3391 multo

579 3408 727 3475 plura
759 3409 839 3474 iis,
871 3427 988 3481 qum
1029 3416 1303 3472 manifesta
1335 3429 1490 3487 sunt;
1519 3421 1645 3476 item
1691 3440 1809 3494 quae
1846 3427 2162 3483 secundum

581 3502 933 3556 oeconomiam
966 3505 1216 3576 unigenili
1241 3508 1360 3564 Filii
1390 3512 1503 3579 Dei,
1534 3514 1707 3570 futura
1738 3533 1948 3590 quoque
1977 3521 2138 3588 bona,

576 3599 630 3641 et
654 3591 830 3644 omnia
855 3591 1064 3648 demum
1087 3597 1537 3670 circumspiciens,
1561 3615 1719 3676 atque
1737 3609 2139 3666 inenarrabilem

581 3679 672 3733 Dei
699 3695 933 3737 amorem
983 3687 1212 3758 undique
1237 3693 1491 3762 colligens
1521 3705 1574 3750 et
1615 3699 1881 3766 cogitans,
1909 3704 2058 3771 quasi
2086 3703 2138 3756 in

580 3771 896 3829 inuncnsum
940 3777 1155 3848 pelagus
1202 3781 1482 3853 delapsus,
1536 3788 1613 3841 sic
1657 3790 1872 3847 edidicit
1922 3802 2048 3862 quot
2087 3804 2141 3852 et

579 3865 788 3931 quantis
817 3876 957 3922 esset
985 3871 1276 3926 rationibus
1301 3874 1583 3932 reddendis
1608 3879 1886 3946 obnoxius,
1915 3899 2137 3954 quarum

578 3968 647 4006 ne
689 3955 960 4011 minimam
1011 3971 1211 4028 partem
1260 3965 1511 4022 exhibere
1540 3977 1764 4036 poterat.
1807 3973 2141 4044 Quapropter

581 4046 702 4098 talia
726 4047 1056 4116 loquebatur,
1091 4062 1143 4106 et
1169 4055 1386 4110 minima
1431 4059 1642 4127 quidem
1688 4074 1900 4131 peccata
1950 4082 2139 4137 magna

577 4149 696 4188 cum
740 4138 1012 4208 diligentia
1040 4146 1392 4212 scrutabatur,
1426 4163 1569 4207 rccte
1611 4153 1745 4210 facta
1788 4167 1961 4212 autem
2007 4162 2141 4218 obli-

577 4225 717 4316 vioni
748 4229 1046 4284 mandabat.
1080 4232 1182 4289 Sed
1212 4251 1316 4290 non
1342 4241 1557 4308 perinde
1575 4260 1690 4309 nos,
1712 4249 1799 4316 qui
1827 4249 2140 4308 delictorum

578 4314 811 4383 quidem,
860 4319 982 4376 licet
1026 4326 1186 4380 multa
1237 4345 1529 4402 magnaque
1569 4336 1690 4401 sint,
1731 4314 1834 4393 nec
1877 4343 2136 4399 rationem

580 4403 857 4476 habemus,
891 4427 987 4466 nec
1002 4417 1326 4473 mentionem
1355 4420 1574 4478 facimus
1599 4443 1612 4478 :
1639 4427 1682 4480 si
1706 4429 1830 4498 quid
1857 4441 2031 4486 autem
2055 4435 2137 4489 vel

578 4499 852 4554 minimum
879 4501 1002 4559 boni
1027 4505 1327 4577 fecerimus,
1351 4512 1402 4567 id
1430 4513 1566 4568 ultro
1595 4517 1832 4588 citroque
1853 4523 2134 4591 jactamus,

573 4607 672 4647 ucc
709 4595 852 4663 prius
877 4595 1110 4666 jactandi
1140 4611 1194 4656 et
1220 4604 1482 4672 gloriandi
1523 4607 1679 4663 linem
1708 4609 1948 4680 facimus,
1982 4630 2139 4685 quam

575 4699 796 4752 parvum
842 4689 966 4745 illud
997 4707 1090 4762 per
1135 4699 1490 4766 arrogantiam
1529 4699 1819 4758 deleamus.
1851 4705 1975 4761 Haec
2013 4709 2137 4764 item

584 4778 914 4848 perpendens
953 4781 1114 4835 David
1145 4784 1161 4814 ¹
1205 4784 1452 4842 diccbat:
1499 4789 1635 4856 Quid
1675 4803 1746 4846 est
1793 4795 1962 4862 homo,
2006 4801 2140 4868 quod

578 4880 766 4919 menter
790 4884 840 4920 et
863 4870 972 4937 ejus
1004 4869 1170 4941 (Ptol.
1197 4875 1248 4929 8.
1269 4877 1344 4944 5).
1372 4877 1554 4947 Neque
1581 4881 1629 4935 id
1662 4886 1856 4953 solum,
1886 4889 1978 4942 sed
2006 4891 2026 4920 ⁹
2054 4892 2136 4944 itt-

574 4966 780 5020 gratnm
831 4959 1063 5014 animum
1107 4964 1222 5031 ejus
1261 4965 1508 5023 incusans
1552 4971 1805 5029 dicebat:
1842 4978 2007 5033 llamo
2029 4999 2140 5035 cum

576 5044 626 5094 in
650 5045 840 5099 honore
866 5059 1008 5116 esset,
1037 5068 1136 5105 non
1157 5055 1398 5110 intellexit
1423 5075 1442 5110 :
1468 5075 1784 5131 comparatus
1806 5079 1878 5120 est
1896 5071 2141 5138 jumetttis

574 5133 920 5233 insipientibus
938 5180 952 5204 ,
984 5151 1030 5233 et
1055 5143 1231 5233 similis
1259 5149 1418 5217 factus
1448 5160 1517 5204 est
1542 5153 1612 5206 eis
1635 5153 1804 5223 (Psal.
1834 5133 1922 5213 48'.
1959 5163 2068 5233 15).

645 5224 696 5276 6.
728 5224 856 5280 illud
884 5231 1015 5296 grati
1057 5231 1236 5288 famuli
1265 5245 1346 5290 est
1369 5279 1382 5304 ,
1406 5238 1656 5295 beneficia
1704 5247 1947 5303 omnibus
1986 5224 2142 5306 simul

573 5312 763 5366 collata
785 5357 799 5382 ,
831 5318 928 5370 sibi
961 5323 1168 5389 propria
1197 5326 1500 5383 existimare
1525 5370 1537 5394 ,
1568 5341 1725 5402 atque
1752 5335 1818 5387 ita
1862 5339 2139 5394 sollicitum

573 5417 690 5457 esse
714 5420 776 5459 ac
805 5407 849 5461 si
883 5412 1116 5466 omnium
1147 5414 1353 5472 debitor
1373 5429 1533 5475 esset.
1574 5422 1724 5490 Quod
1751 5428 1907 5481 etiam
1950 5429 2142 5486 Paulus

636 5629 656 5710 ξ
686 5632 1192 5710 ξεςξιηοεςξερῑθεινίιη
1218 5639 1304 5688 sed
1335 5640 1485 5704 colb.,
1511 5641 1614 5694 nec
1630 5645 1928 5708 perpendens
1940 5648 2116 5710 justus.

635 5698 656 5731 ³
691 5697 815 5748 oolb.
839 5698 982 5758 addit,
1006 5697 1197 5750 iterum.

2244 439 2469 495 faciebat
2496 442 2514 511 (
2541 457 2571 497 e
2595 457 2654 496 re
2681 456 2907 512 namque
2928 441 3082 497 fuerit
3109 441 3254 497 illum
3281 441 3456 496 denuo
3477 455 3815 496 commemo-

2241 531 2402 599 rare),
2427 545 2546 584 cnm
2564 530 2980 586 dicitDominum
3002 548 3096 601 pro
3115 547 3174 587 se
3195 541 3456 586 mortuum
3478 546 3597 586 esse
3624 550 3636 585 :
3664 533 3817 596 Quod

2240 629 2427 683 autem,
2452 620 2638 690 inquit,
2661 637 2792 674 nunc
2812 622 2920 674 vivo
2939 621 2992 674 in
3017 637 3183 687 carne,
3213 621 3267 674 in
3292 621 3394 689 ﬁde
3418 622 3524 674 vitta
3550 620 3673 674 Filii
3694 620 3814 683 Dei,

2241 713 2329 778 qui
2344 713 2516 766 dilexit
2532 728 2626 773 me,
2648 722 2696 765 et
2707 711 2913 765 tradidit
2926 713 3236 780 semetipsum
3254 728 3344 782 pro
3360 728 3436 766 me
3453 709 3596 782 (Gal.
3621 711 3676 764 2.
3691 711 3812 780 ‘20).

2245 799 2370 856 Hmc
2408 815 2564 870 porro
2592 801 2801 856 dicebat
2828 815 2932 855 nou
2963 811 3020 855 ut
3045 799 3244 856 Christi
3280 801 3477 855 donum
3516 802 3813 857 contrahe-

2243 901 2344 957 ret,
2371 892 2463 946 sed
2493 901 2548 946 ut
2570 891 2743 961 quoad
2765 899 2952 958 totum,
2981 906 3039 946 se
3059 891 3344 946 obnoxium
3365 892 3733 957 constitueret,
3756 902 3816 946 et

2244 982 2466 1052 singulis
2495 982 2650 1036 utsic
2677 981 2850 1040 affecti
2887 990 3068 1037 essent
3097 981 3456 1050 persuaderet.
3483 981 3616 1036 Nam
3638 983 3685 1036 si
3716 997 3817 1051 pro

2243 1087 2351 1126 uno
2379 1081 2579 1126 tantum
2609 1071 2820 1127 homine
2849 1072 3077 1128 venisset
3111 1071 3354 1127 Christus
3375 1111 3392 1136 ,
3423 1085 3528 1125 non
3569 1071 3688 1125 ideo
3713 1073 3814 1124 mi-

2244 1170 2493 1216 nueretur
2515 1161 2733 1227 donum,
2757 1162 2849 1218 sed
2874 1162 3044 1232 majus
3062 1175 3178 1217 esse
3196 1160 3648 1232 comprobaretur.
3671 1161 3816 1227 Quo-

2244 1252 2437 1307 modo?
2455 1252 2586 1319 Quia
2621 1267 2718 1321 pro
2750 1267 2855 1306 uno
2881 1260 3081 1306 tantam
3107 1249 3520 1306 sollicitudinem
3563 1251 3815 1306 habuisse

2244 1341 2527 1406 videretur,
2548 1349 2795 1410 quantam
2821 1341 2930 1407 ille,
2951 1340 3041 1410 qui
3062 1355 3217 1394 unam
3235 1354 3390 1394 ovem
3411 1354 3672 1410 quaerens,
3693 1339 3818 1395 idco

2245 1431 2553 1485 turbabatur
2586 1438 2640 1486 et
2677 1430 2857 1485 ﬂebat.
2889 1431 2944 1485 Si
2972 1430 3112 1483 enim
3138 1431 3202 1497 ii,
3231 1429 3318 1499 qui
3352 1430 3600 1500 pecunias
3629 1441 3817 1483 mutuo

2243 1531 2596 1592 acceperunt,
2628 1536 2727 1576 nec
2751 1520 3004 1576 solvendo
3025 1535 3180 1590 pares
3221 1529 3344 1574 sunt
3370 1561 3386 1588 ,
3414 1521 3505 1578 sed
3539 1521 3592 1574 in
3622 1536 3817 1588 magno

2243 1616 2363 1669 atris
2411 1615 2571 1670 alieni
2616 1613 2878 1683 profundo
2919 1613 3182 1677 demersi,
3225 1628 3328 1668 nec
3359 1613 3682 1677 comedunt,
3715 1629 3818 1670 nec

2243 1705 2532 1771 dormiunt,
2561 1705 2912 1760 sollicitudine
2935 1705 3220 1760 excruciati
3249 1723 3262 1758 :
3282 1705 3456 1774 justus
3477 1706 3564 1774 qui
3591 1705 3736 1760 videt
3757 1721 3817 1762 se

2243 1812 2348 1852 non
2378 1811 2472 1867 pro
2494 1796 2749 1866 pecuniis,
2773 1795 2866 1850 sed
2895 1811 2991 1864 pro
3013 1794 3336 1851 facinoribus
3353 1811 3472 1851 esse
3490 1796 3812 1862 debitorem,

2243 1887 2370 1958 quid
2395 1903 2498 1943 non
2522 1887 2781 1957 patiatur?
2805 1886 2910 1942 Sed
2932 1900 3030 1940 nos
3048 1901 3152 1942 non
3171 1887 3262 1953 ita;
3285 1901 3407 1942 nam
3431 1887 3475 1942 si
3496 1902 3681 1956 parum
3705 1891 3818 1943 sol-

2243 1994 2430 2034 vamus
2456 2020 2471 2045 ,
2503 1980 2573 2032 ita
2600 1977 2776 2034 ali‘ecti
2815 1993 3001 2033 sumus
3023 2018 3040 2046 ,
3070 1993 3133 2033 ac
3157 1979 3199 2034 si
3232 1987 3397 2033 totum
3425 1979 3769 2035 solvissemus
3797 1996 3812 2044 ;

2243 2071 2386 2139 imo,
2413 2071 2552 2142 quod
2580 2072 2735 2142 longe
2759 2070 2992 2126 deterius
3013 2079 3124 2134 est,
3154 2085 3221 2126 ne
3257 2086 3474 2140 parvum
3503 2071 3718 2142 quidem
3746 2073 3816 2127 il-

2243 2163 2332 2218 lud
2359 2178 2479 2218 eum
2504 2177 2565 2218 ea
2593 2163 2885 2230 alacritate,
2904 2178 3021 2233 qua:
3050 2163 3242 2218 liberos
3261 2164 3430 2228 decet,
3455 2162 3694 2226 faciams,
3717 2165 3814 2220 sed

2244 2255 2388 2326 prius
2434 2255 2778 2325 inquirimus,
2805 2256 2850 2310 si
2900 2255 3201 2312 mercedem
3243 2254 3464 2319 habeat,
3505 2256 3553 2310 si
3590 2258 3815 2312 multant

2244 2349 2466 2418 habeat,
2488 2351 2533 2405 si
2556 2350 2606 2404 id
2635 2350 2786 2405 nobis
2812 2357 3084 2419 reputetur
3102 2391 3117 2414 ,
3149 2363 3212 2404 ac
3239 2350 3578 2404 illiberaliqu
3603 2365 3814 2405 merce-

2243 2439 2616 2509 nariorumque
2640 2439 2799 2494 verba
2831 2439 3164 2510 proferimus.
3192 2438 3326 2505 Quid
3354 2439 3452 2504 ais,
3475 2455 3508 2494 o
3529 2439 3689 2494 homo
3718 2454 3814 2508 pu-

2244 2531 2523 2586 sillanimis
2569 2541 2624 2586 et
2671 2529 2886 2586 infelix?
2926 2545 3014 2586 res
3072 2531 3179 2584 Deo
3225 2531 3412 2599 placita
3469 2529 3668 2600 agenda
3717 2530 3813 2585 tibi

2244 2622 2586 2690 proponitur,
2616 2631 2670 2675 et
2715 2632 2767 2676 tu
2807 2621 2874 2677 de
2913 2622 3160 2676 mercede
3187 2622 3442 2676 sollicitus
3470 2623 3565 2677 cs?
3592 2623 3648 2676 Si
3693 2629 3816 2691 post

2241 2721 2509 2780 peractam
2556 2727 2669 2766 rem
2695 2711 2749 2766 in
2789 2712 3084 2780 gehennam
3132 2711 3496 2781 conjiciendus
3521 2727 3668 2766 esses
3690 2753 3708 2779 ,
3745 2728 3814 2768 an

2243 2802 2643 2858 detrectandum
2685 2803 2865 2858 esset?
2893 2818 3069 2858 nonne
3097 2812 3220 2858 tunc
3245 2804 3404 2858 etiam
3453 2818 3640 2872 magna
3687 2818 3813 2858 cum

2241 2893 2513 2949 alacritate
2534 2908 2746 2947 manum
2773 2895 2927 2948 bonis
2947 2893 3197 2963 operibus
3217 2892 3501 2948 admovere
3523 2908 3620 2961 par
3638 2893 3814 2946 esset?

2245 2983 2378 3039 Rem
2410 2983 2518 3038 Deo
2545 2993 2812 3053 acceptam
2839 2983 2968 3038 facis
2990 3026 3005 3050 ,
3032 2992 3086 3038 et
3113 2985 3269 3038 aliam
3306 2983 3602 3038 mercedem
3634 2983 3814 3052 requi-

2243 3075 2354 3131 ris?
2381 3075 2520 3132 Vere
2546 3076 2756 3146 ignoras
2777 3086 3026 3145 quantum
3057 3074 3484 3144 bonisitplacere
3512 3075 3619 3128 Deo
3648 3077 3728 3130 :si
3761 3075 3811 3129 id

2243 3183 2470 3239 namque
2498 3169 2682 3234 scires,
2714 3169 2916 3222 nullum
2947 3167 3086 3223 aliud
3116 3167 3238 3222 huic
3263 3183 3358 3238 par
3388 3168 3659 3236 prannium
3691 3181 3813 3221 esse

2244 3269 2478 3331 putares.
2511 3260 2692 3316 Nescis
2719 3260 2811 3314 tibi
2849 3259 3146 3315 mercedem
3173 3300 3187 3323 ,
3217 3259 3433 3328 augeri,
3459 3257 3671 3327 quando
3703 3272 3812 3311 non

2243 3366 2339 3420 spe
2385 3350 2649 3406 mercedis
2675 3365 2794 3420 qua:
2819 3349 3011 3404 decent
3047 3349 3319 3418 operaria?
3343 3348 3626 3417 Ignorasne
3667 3349 3813 3418 apud

2243 3441 2487 3498 homines
2515 3456 2608 3497 eos
2645 3441 2874 3495 maxime
2901 3441 2950 3494 in
2981 3440 3182 3495 honore
3208 3440 3274 3494 ab
3302 3439 3546 3493 omnibus
3583 3437 3765 3491 haberi
3791 3479 3811 3501 ,

2241 3532 2330 3602 qui
2357 3541 2479 3587 ante
2505 3530 2805 3586 mercedem
2829 3530 2894 3584 ad
2923 3531 3006 3584 sui
3037 3529 3284 3599 placitum
3316 3529 3638 3598 respiciunt,
3665 3527 3817 3582 etde

2241 3625 2429 3680 eodem
2461 3625 2652 3693 placito
2679 3623 2848 3692 magis
2872 3621 3079 3676 solliciti
3107 3631 3252 3683 sunt,
3273 3636 3430 3690 quam
3455 3620 3521 3674 de
3547 3619 3766 3690 prannio
3787 3619 3819 3672 Ῥ

2241 3713 2387 3770 Itane
2411 3714 2654 3768 homines
2685 3729 2808 3781 erga
2836 3725 3126 3768 conservos
3154 3725 3279 3765 suos
3309 3719 3416 3764 tam
3445 3725 3705 3779 generose
3733 3709 3815 3762 af-

2241 3805 2365 3862 fecti
2395 3815 2546 3871 suut;
2573 3816 2626 3859 tu
2658 3820 2782 3860 vero
2814 3813 2889 3859 tot
2915 3804 3188 3859 beneficiis
3221 3819 3251 3858 a
3295 3803 3517 3857 Domino
3551 3812 3768 3856 ornatus
3791 3844 3811 3866 ,

2241 3904 2423 3965 totque
2445 3903 2758 3965 exspectans
2786 3893 2852 3948 ab
2883 3894 2970 3948 illo
2999 3894 3134 3948 bona
3153 3934 3168 3960 ,
3191 3908 3310 3948 cum
3336 3891 3535 3963 aliquid
3573 3891 3638 3945 ad
3668 3893 3817 3945 salu-

2241 3995 2346 4040 tem
2377 3986 2651 4055 pertinens
2678 3994 2820 4040 tuam
2851 3983 3110 4053 agendum
3137 3991 3238 4046 est,
3270 3991 3549 4052 antequam
3579 3996 3711 4052 Opus
3731 3989 3816 4034 at-

2242 4078 2430 4147 tingas,
2453 4077 2520 4132 de
2546 4078 2789 4132 mercede
2812 4078 3019 4131 curiose
3041 4075 3298 4146 inquiris?
3317 4075 3442 4129 Ideo
3463 4088 3647 4129 sumus
3663 4087 3813 4128 sem-

2241 4185 2336 4239 per
2380 4169 2552 4238 frigidi
2577 4210 2592 4234 ,
2619 4169 2948 4228 miserabiles
2971 4208 2986 4233 ,
3017 4182 3116 4228 nec
3142 4167 3206 4222 ad
3251 4165 3521 4236 quidpiam
3562 4166 3813 4235 generosi

2241 4259 2500 4328 agendqu
2552 4259 2719 4327 parati
2755 4277 2768 4312 :
2799 4257 2917 4312 ideo
2964 4258 3015 4311 in
3067 4256 3476 4324 compunctione
3519 4270 3814 4324 numquam

2241 4347 2432 4418 degere
2454 4389 2468 4413 ,
2500 4363 2670 4418 neque
2705 4347 2934 4400 animam
2964 4357 3197 4402 nostram
3225 4347 3305 4400 vel
3346 4347 3620 4400 minimum
3657 4346 3816 4399 colli-

2238 4455 2365 4509 gere
2395 4455 2694 4509 possumus.
2723 4438 2934 4494 Etenim
2962 4447 3172 4508 peccata
3201 4445 3378 4492 nostra
3407 4451 3511 4490 non
3532 4436 3814 4504 diligenter

2240 4530 2640 4584 consideramus
2662 4571 2676 4594 ,
2704 4529 2795 4584 Dei
2825 4529 3077 4591 beneficia
3107 4543 3210 4582 non
3240 4535 3557 4589 scrutamur,
3580 4524 3647 4579 ad
3669 4526 3816 4579 viros

2243 4621 2493 4690 prteclara
2539 4635 2699 4690 opera
2730 4621 2948 4676 edentes
2974 4635 3079 4673 non
3124 4619 3455 4687 respicimus.
3483 4615 3683 4672 Idcirco
3726 4615 3817 4670 bo-

2243 4727 2428 4767 norum
2461 4727 2681 4781 onerum
2705 4712 3095 4777 obliviscimur,
3117 4710 3240 4779 quia
3269 4723 3548 4778 proSperos
3587 4716 3816 4761 eventus

2241 4816 2346 4855 non
2390 4801 2658 4857 moderate
2695 4801 2912 4856 ferimus
2934 4840 2951 4867 ,
2972 4815 3144 4869 neque
3167 4840 3183 4865 ,
3209 4807 3267 4852 ut
3321 4797 3622 4866 frequenter
3658 4795 3770 4848 dixi
3795 4834 3814 4858 ,

2241 4892 2453 4957 quando
2475 4908 2570 4947 nos
2603 4901 2908 4963 peccatores
2937 4907 3216 4956 vocamus,
3244 4905 3366 4944 cum
3391 4889 3614 4943 veritate
3642 4887 3817 4956 loqui-

2243 4999 2377 5036 mur.
2409 4983 2463 5036 ld
2487 4983 2608 5036 inde
2639 4983 2838 5052 liquet,
2862 4982 3002 5052 quod
3028 4996 3146 5036 cum
3177 4981 3401 5050 idipsutn
3428 4979 3495 5034 ab
3520 4979 3636 5032 aliis
3663 4978 3816 5031 audi-

2244 5089 2382 5134 mus,
2405 5073 2862 5139 excandes‘cintus,
2887 5071 3190 5138 efferamur,
3215 5069 3590 5125 contumeliam
3622 5068 3672 5121 id
3694 5081 3817 5122 esse

2242 5164 2486 5218 dicimus.
2511 5164 2586 5217 Ita
2606 5165 2742 5233 apud
2763 5178 2861 5219 nos
2883 5164 3058 5217 omnia
3081 5163 3344 5236 hypocrisi
3378 5161 3528 5232 plena
3551 5168 3699 5224 sunt,
3717 5173 3816 5212 nec

2245 5261 2511 5315 imitamur
2550 5261 2883 5330 publicanum
2908 5301 2923 5325 ,
2951 5260 3040 5330 qui
3069 5259 3292 5320 alterius
3330 5257 3429 5311 sibi
3475 5263 3816 5324 peccatorum

2245 5351 3027 5420 multitudinemexprobrantis
3054 5348 3429 5404 contumeliam
3452 5345 3683 5399 libenter
3707 5356 3816 5397 sus-

2244 5442 2446 5510 cipiens
2471 5483 2487 5506 ,
2521 5458 2613 5510 per
2650 5457 2812 5510 opera
2861 5441 3064 5495 lucrum
3111 5435 3622 5496 retulitzdescendit
3673 5433 3814 5487 enim

2241 5534 2558 5603 justilicatus
2605 5532 2778 5602 potius
2818 5547 2976 5601 quam
3021 5531 3334 5586 l’harisscus.
3378 5526 3487 5583 Nos
3526 5535 3706 5579 autem
3750 5537 3817 5574 ne

2247 5624 2442 5679 scimus
2461 5621 2670 5692 quidem
2687 5622 2808 5692 quid
2831 5623 2899 5676 sit
2917 5622 3178 5676 confessio
3193 5620 3344 5691 (Luc.
3368 5620 3452 5674 18.
3475 5619 3582 5686 ii),
3606 5616 3815 5673 etiamsi

2249 5713 2466 5770 inﬁnitis
2491 5715 2642 5768 malis
2667 5714 2852 5784 repleti
2871 5714 3034 5769 simus
3054 5731 3066 5766 :
3085 5729 3205 5769 cum
3232 5719 3501 5782 oporteret
3516 5724 3622 5764 non
3641 5708 3814 5762 solum
