4124 6144
335 313 436 370 ιει

341 419 626 475 persuasos
653 421 774 464 esse
811 409 1088 468 innumera
1126 428 1224 470 nos
1259 417 1396 470 mala
1426 427 1791 490 perpetrasse,
1819 419 1913 477 sed

339 497 499 550 etiam
524 507 735 566 peccata
753 511 933 556 nostra
949 505 1123 558 omnia
1150 515 1258 559 tum
1283 522 1461 576 parva,
1486 518 1594 562 tum
1621 525 1826 579 magna,
1857 510 1911 564 in

342 587 502 642 corde
524 602 621 643 ceu
639 589 690 643 in
709 590 847 645 libro
872 592 1138 662 descripta
1157 595 1371 661 habere,
1389 606 1462 661 et,
1482 614 1544 653 ac
1569 599 1612 654 si
1641 616 1809 670 nuper
1821 601 1917 655 ad-

341 676 501 730 missa
525 685 723 742 essent,
753 681 949 750 lugere.
969 681 1040 736 ita
1063 684 1204 738 enim
1220 686 1380 740 animi
1399 689 1750 758 arrogantiam
1769 689 1916 744 cohi-

339 770 611 838 beremus,
630 772 674 826 si
693 771 994 843 frequenter
1007 775 1078 828 illi
1098 777 1306 846 propria
1326 779 1461 832 mala
1474 794 1917 836 commemorare-

340 876 480 915 mus.
508 860 735 917 Tantum
765 871 850 918 est
890 864 1084 918 bonum
1124 877 1460 935 peccatorum
1491 869 1790 925 recordatio
1810 910 1828 938 ,
1860 880 1918 926 ut

340 950 527 1006 beatus
554 951 748 1007 Paulus
769 953 878 1023 jam
909 954 1080 1009 deleta
1109 955 1330 1010 crimina
1363 956 1669 1028 frequenter
1706 959 1758 1013 in
1799 975 1915 1015 me-

341 1040 487 1095 dium
516 1041 824 1098 adduceret.
851 1044 990 1112 Quia.
1009 1047 1149 1118 enim
1188 1048 1364 1116 priora
1405 1049 1582 1102 omnia
1608 1065 1702 1119 per
1742 1049 1915 1118 bapti-

341 1147 516 1186 smum
543 1134 804 1201 abluerat,
834 1143 888 1190 et
919 1146 1099 1206 postea
1136 1152 1265 1207 pure
1294 1139 1518 1206 vixerat,
1542 1141 1612 1193 ita
1641 1149 1696 1194 ut
1720 1141 1916 1196 nullius

339 1222 443 1276 sibi
482 1223 728 1279 conscius
751 1235 892 1280 esset
909 1267 924 1291 ,
953 1241 1052 1281 nec
1081 1228 1310 1296 peccatis
1333 1237 1476 1284 esset
1507 1230 1792 1286 obstrictus
1820 1248 1916 1301 pro

337 1315 534 1384 quibus
563 1315 932 1385 ingemisceret
951 1360 967 1386 ,
998 1333 1061 1373 ea
1085 1335 1203 1388 qua:
1233 1329 1357 1375 ante
1381 1319 1699 1390 baptismum
1742 1323 1916 1378 admi-

340 1415 518 1472 serat,
555 1407 666 1476 jam
711 1407 884 1463 deleta
930 1411 1380 1467 commemorabat
1427 1413 1614 1469 dicens
1645 1431 1658 1468 :
1689 1412 1916 1470 Christus

339 1498 490 1552 Jesus
514 1500 645 1553 venit
673 1501 725 1554 in
753 1501 993 1556 mundum
1017 1513 1299 1574 peccatores
1324 1505 1548 1572 salvere,
1573 1522 1784 1572 quorum
1809 1507 1917 1577 pri-

340 1603 454 1640 mus
481 1605 570 1658 ego
597 1605 708 1642 sum
733 1591 810 1661 (1.
836 1589 970 1644 Tim.
999 1593 1053 1647 1.
1078 1589 1187 1663 15);
1218 1607 1281 1648 ac
1307 1609 1540 1660 rursum,
1573 1593 1802 1649 Fidelem
1837 1611 1918 1650 me

339 1679 660 1744 existimavit,
690 1698 879 1752 ponens
904 1684 957 1736 in
984 1683 1258 1737 ministerio
1283 1685 1402 1755 :gui
1431 1686 1570 1754 prius
1598 1684 1917 1754 blasphemus

342 1772 438 1840 fui,
470 1780 516 1825 et
543 1782 826 1840 persecutor
852 1774 1235 1829 contumeliosus
1265 1774 1341 1848 (1.
1373 1775 1510 1830 Tim.
1559 1778 1609 1831 1.
1658 1777 1748 1832 12.
1784 1778 1867 1846 l5)
1898 1795 1912 1830 :

335 1877 496 1930 supra
521 1863 726 1916 modum
750 1865 880 1916 enim
906 1864 1232 1934 persequebar
1259 1864 1540 1920 Ecclesium
1569 1866 1678 1932 Dei,
1709 1877 1754 1920 et
1775 1867 1919 1921 deva-

333 1952 531 2004 stabam
559 1969 667 2006 eam
688 1952 839 2014 (Gal.
870 1954 921 2008 1.
956 1951 1053 2025 15)
1078 1971 1093 2019 ;
1121 1964 1176 2010 et
1201 1954 1420 2024 iterum,
1452 1955 1570 2011 Non
1596 1973 1704 2011 sum
1736 1958 1917 2028 dignus

339 2043 506 2095 vocari
533 2043 792 2110 apostolus
816 2043 894 2112 (l.
921 2042 1037 2097 Cor.
1063 2046 1149 2099 15.
1171 2045 1247 2117 9).
1275 2045 1422 2102 Licet
1442 2048 1584 2102 enim
1613 2063 1710 2104 nos
1735 2064 1764 2102 a
1794 2065 1918 2118 pec-

337 2132 472 2188 catis
499 2133 601 2187 illis
628 2132 900 2188 absolutos
923 2133 1190 2202 dimittat,
1220 2146 1443 2213 possunt
1474 2146 1652 2192 tamen
1680 2139 1768 2192 illa
1797 2142 1915 2194 ani-

337 2240 482 2279 mam
524 2224 590 2279 ad
634 2225 1002 2280 verecundiam
1032 2241 1322 2296 provocare
1349 2237 1404 2283 et
1440 2228 1508 2283 ad
1536 2229 1628 2283 Dei
1676 2243 1912 2284 amorem

335 2315 680 2370 vehementer
708 2315 976 2372 inducere.
1005 2317 1213 2373 Etenim
1260 2318 1613 2390 interrogatus
1653 2320 1838 2376 Simon
1884 2335 1916 2376 a

338 2408 599 2475 Domino,
638 2411 756 2478 quis
798 2424 866 2464 ex
910 2409 1116 2466 duobus
1167 2411 1492 2467 debitoribus
1539 2411 1912 2468 fmneratorem

335 2499 458 2567 plus
485 2498 744 2570 diligeret,
771 2514 892 2554 cum
921 2501 1299 2570 respondisset,
1325 2501 1575 2557 Existimo
1618 2503 1635 2535 ¹
1665 2506 1785 2573 quia
1831 2503 1874 2558 is
1893 2543 1909 2570 ,

334 2591 418 2644 cui
463 2590 575 2659 plus
619 2590 822 2644 donavit
849 2631 866 2660 ,
893 2591 1128 2659 audivit,
1167 2591 1319 2648 Recte
1348 2594 1598 2664 judicasti
1657 2593 1808 2666 (Luc.
1857 2595 1910 2650 7.

334 2682 408 2736 45
431 2681 472 2752 ).

413 2773 466 2826 7.
495 2771 626 2826 Cum
655 2773 796 2827 enim
826 2773 1234 2846 reeogitabimus
1263 2775 1484 2846 pristina
1511 2784 1762 2846 peccata,
1786 2783 1914 2833 tunc

334 2877 720 2932 cognoscemus
747 2863 936 2920 divina:
964 2866 1147 2936 gratiae
1175 2867 1532 2937 praestantiam
1554 2908 1570 2934 ,
1601 2876 1727 2923 tunc
1764 2868 1912 2923 humi

335 2954 682 3023 respiciemus
704 2995 720 3022 ,
748 2964 873 3011 tunc
918 2971 1015 3012 nos
1051 2957 1117 3011 ad
1155 2958 1428 3013 meliorem
1466 2958 1668 3028 frugem
1693 2959 1916 3028 recipie-

335 3057 479 3099 mus.
504 3046 710 3110 Quanto
733 3046 872 3100 enim
900 3047 1188 3116 majoribus
1212 3047 1424 3102 obnoxii
1452 3049 1650 3103 erimus
1678 3050 1914 3104 crimini-

337 3135 439 3189 bus
461 3174 478 3201 ,
507 3144 652 3191 tanto
689 3138 875 3206 majori
923 3139 1124 3206 pudore
1169 3138 1480 3195 afficientur.
1503 3139 1698 3196 Paulus
1735 3142 1912 3213 itaque

334 3233 499 3282 etiam
526 3229 867 3298 pristinorum
894 3229 1103 3284 illorttm
1127 3229 1537 3297 recordabatur;
1569 3245 1666 3287 nos
1696 3246 1764 3288 ne
1789 3233 1912 3288 illo-

335 3337 458 3376 rum
486 3322 695 3391 quidem
715 3363 732 3389 ,
758 3337 877 3390 qua:
918 3330 1037 3391 post
1085 3323 1402 3392 baptismum
1449 3323 1791 3390 admisimus,
1822 3339 1912 3379 re-

335 3412 544 3468 cordari
559 3414 820 3480 volumus,
841 3429 961 3484 qua:
980 3414 1131 3469 nobis
1148 3413 1435 3484 periculum
1451 3423 1650 3479 creant,
1673 3430 1790 3484 qua:
1813 3429 1911 3470 nos

334 3507 565 3563 examini
594 3507 849 3562 obnoxios
877 3507 1240 3572 constituunt;
1266 3505 1360 3561 sed
1389 3507 1593 3562 etiamsi
1619 3507 1911 3577 cujuspiam

333 3599 570 3669 ipsorum
596 3598 843 3668 cogitatio
868 3598 1020 3653 nobis
1041 3597 1299 3664 inciderit,
1317 3596 1594 3652 confestim
1621 3597 1904 3663 resilimus,

334 3704 403 3743 ne
450 3687 595 3743 brevi
641 3687 851 3758 quidem
893 3697 1130 3756 tempore
1170 3687 1399 3741 animam
1443 3702 1504 3741 ea
1547 3687 1912 3742 recordatione

333 3795 570 3835 maerore
615 3780 828 3834 afficere
875 3779 1139 3834 volentes.
1181 3779 1340 3849 Atqui
1379 3779 1654 3834 innumera
1697 3795 1760 3836 ex
1813 3781 1913 3836 hac

333 3872 510 3929 inutili
538 3873 702 3943 gratia
733 3872 884 3928 nobis
910 3873 1047 3926 mala
1086 3871 1378 3941 pariuntur.
1407 3871 1516 3926 Hac
1541 3873 1681 3927 enim
1710 3871 1912 3928 doloris

334 3964 599 4018 vacuitate
639 3977 700 4017 ac
745 3963 965 4018 mollitie
1007 3963 1282 4028 illSll‘llCli,
1314 3963 1534 4032 pristina
1580 3971 1794 4032 peccata
1843 3978 1912 4017 ne

332 4055 573 4110 confiteri
601 4054 813 4124 quidem
842 4068 1122 4124 possumus
1141 4071 1153 4108 :
1172 4053 1436 4124 quomodo
1466 4067 1761 4122 possemus,
1791 4067 1912 4108 cum

334 4160 402 4200 ne
449 4145 758 4201 memoriam
805 4143 1019 4214 quidem
1063 4158 1249 4198 eorum
1289 4142 1568 4198 admittere
1610 4142 1912 4198 soleamus?

335 4235 528 4304 Sicque
559 4243 737 4304 postea
766 4234 816 4287 in
843 4240 1058 4303 peccata
1085 4231 1286 4287 facilius
1306 4232 1548 4287 labimur.
1574 4230 1704 4286 Nam
1731 4232 1776 4286 si
1797 4232 1912 4286 illo-

335 4340 452 4380 rum
483 4324 734 4379 memoria
756 4323 894 4393 apud
921 4337 1018 4378 nos
1047 4337 1258 4393 semper
1282 4323 1472 4393 vigeat,
1506 4331 1650 4376 metu
1677 4321 1910 4376 animam

336 4416 633 4486 exagitante
655 4457 671 4482 ,
701 4416 752 4469 in
801 4423 1046 4484 promptu
1071 4423 1154 4469 est
1203 4414 1317 4483 ejus
1343 4413 1618 4468 mollitiem
1667 4422 1721 4468 et
1761 4413 1910 4467 incu-

333 4507 467 4560 riam
494 4513 758 4561 excutere.
780 4503 931 4572 Quod
957 4504 1002 4559 si
1026 4503 1128 4562 hoc
1143 4503 1362 4558 fraanum
1384 4502 1614 4569 auferas,
1630 4503 1745 4573 quis
1767 4503 1912 4558 illam

336 4608 518 4668 postea
547 4597 850 4664 cohibebit,
875 4601 997 4650 cum‘
1039 4595 1194 4665 pulso
1231 4604 1374 4649 metu
1416 4609 1475 4649 se
1520 4594 1573 4649 in
1620 4594 1912 4664 prtecipitia

335 4690 601 4760 conjiciet,
630 4698 684 4744 et
709 4689 762 4743 in
793 4687 1042 4758 perniciei
1071 4686 1320 4742 barathro
1345 4685 1642 4742 delabetur.
1674 4685 1797 4741 Ideo
1819 4686 1909 4755 ju-

335 4788 450 4836 stus
489 4781 576 4835 ille
610 4781 840 4836 futurum
881 4779 982 4834 sibi
1028 4777 1345 4850 supplicium
1388 4776 1706 4848 depingebat
1733 4816 1751 4842 ,
1791 4777 1910 4832 ideo

336 4871 499 4926 flebat
524 4879 580 4926 et
605 4870 886 4941 gemebat:
914 4877 1071 4939 atque
1098 4869 1175 4924 sic
1193 4883 1259 4924 ex
1276 4867 1561 4924 abundanti
1585 4884 1644 4925 se
1670 4869 1904 4940 gerebat.

343 4961 504 5018 Vobis
548 4975 679 5016 sane
717 4960 921 5030 magnis
960 4960 1090 5015 viris
1115 4958 1184 5015 ad
1220 4960 1681 5030 compunctiouem
1717 4959 1909 5016 sufﬁcit

404 5093 420 5126 ί
456 5091 627 5153 verba,
653 5089 870 5144 existimo
891 5104 1020 5155 quia,
1042 5091 1167 5155 apud
1187 5092 1317 5145 colb.
1339 5091 1534 5145 desunt.

685 307 1068 370 ΑωιοΝιτιο
1103 307 1174 368 ΙΝ
1211 310 1457 370 LIBROS
1493 313 1584 368 AD
1626 315 2006 376 S'I'AGIRIUM
2043 320 2366 379 ASCETAM
2398 325 2441 379 Δ
2483 325 2791 385 ΠΑΞΜΟΝΕ
2823 328 3209 389 OBSESSUM.

3479 336 3585 394 49.2

2018 427 2286 483 recordari
2325 431 2696 491 beneﬁciorum
2727 437 2838 507 Dei,
2862 451 3004 500 recte
3031 447 3283 501 factorum
3309 447 3541 504 oblivisci
3565 491 3582 514 ,

2019 528 2264 594 accurate
2290 525 2512 579 scrutari
2542 541 2608 581 ne
2635 529 2760 597 quid
2789 533 2870 586 vel
2897 534 3170 590 minimum
3196 535 3372 592 delicti
3411 538 3584 594 admi«

2019 608 2194 700 seritis
2216 651 2231 675 ,
2262 627 2479 682 magnos
2505 618 2648 673 viros
2673 621 2762 689 qtti
2799 622 3083 680 admodum
3114 628 3224 683 Deo
3249 630 3492 700 placuere
3517 634 3593 689 ob-

2018 699 2201 754 oculos
2229 700 2422 776 habere
2452 723 2464 758 :
2495 718 2612 776 post
2638 708 2755 766 hare
2775 715 2950 769 omnia
2974 699 3309 775 considerare
3335 722 3586 780 incertam

2019 786 2180 844 futuri
2209 794 2567 853 conditionem
2591 839 2606 864 ,
2636 803 2870 859 animum
2895 805 2962 861 ad
2995 807 3198 878 lapsum
3226 820 3279 867 et
3305 813 3370 868 ad
3404 829 3589 883 pecca-

2018 887 2129 934 tum
2148 884 2462 951 proclivem:
2481 891 2620 959 quod
2637 894 2896 958 et'Paulus
2918 901 3204 968 metuebat,
3219 917 3338 958 cum
3355 905 3552 962 diceret
3571 926 3585 964 :

2021 968 2188 1066 Timeo
2213 991 2275 1028 ne
2298 977 2411 1031 aliis
2433 981 2732 1052 praedicans,
2761 986 2870 1054 ipse
2891 990 3129 1060 reprobus
3157 993 3338 1064 eﬂ’iciar
3363 993 3437 1066 (ι.
3467 997 3586 1050 Cor.

2018 1061 2077 1156 ε).
2101 1063 2223 1156 27);
2247 1075 2333 1132 ct,
2363 1068 2463 1135 Qui
2498 1071 2692 1126 videtur
2727 1083 2876 1142 stare,
2899 1079 3061 1134 uideat
3089 1098 3151 1135 ne
3182 1061 3330 1136 cadat
3368 1061 3443 1156 (1.
3471 1085 3586 1139 Cor.

2018 1152 2104 1207 10.
2132 1152 2238 1226 12).
2254 1156 2340 1212 Sic
2363 1167 2416 1212 et
2435 1161 2598 1216 David
2617 1163 2732 1221 hmc
2746 1168 2921 1224 omnia
2939 1183 3116 1225 secum
3137 1152 3405 1228 volvebat:
3426 1174 3591 1229 bene-

2018 1245 2134 1300 ficia
2163 1248 2355 1317 quippe
2375 1250 2466 1306 Dei
2482 1253 2734 1322 cogitans,
2757 1256 2997 1314 dicebat:
3019 1259 3154 1324 Quid
3175 1271 3247 1316 est
3267 1263 3434 1328 homo,
3458 1266 3590 1334 quod

2018 1353 2207 1392 memor
2225 1356 2278 1394 es
2294 1345 2420 1412 ejus,
2443 1353 2529 1397 aut
2556 1346 2694 1414 [ilius
2721 1348 2957 1418 hominis,
2985 1354 3222 1422 quoniam
3246 1355 3414 1409 uisitas
3439 1358 3592 1411 eum?

2019 1427 2250 1483 liinuisti
2275 1447 2391 1485 eum
2420 1435 2573 1503 paulo
2608 1437 2772 1491 minus
2797 1439 2859 1493 ab
2891 1440 3086 1512 angelis
3107 1459 3125 1498 :
3146 1442 3309 1514 gloria
3333 1447 3592 1501 et‘honore

2017 1524 2266 1575 coronain
2317 1539 2431 1578 eum
2480 1524 2673 1598 (Psal.
2711 1529 2766 1585 8.
2812 1531 2866 1585 5.
2893 1531 2989 1604 6).
3020 1533 3096 1588 Ita
3148 1549 3274 1590 vero
3317 1547 3460 1592 recte
3506 1539 3584 1594 fa-

2018 1625 2220 1671 ctorum
2249 1619 2442 1673 oblitus
2469 1629 2611 1687 erat,
2640 1632 2699 1676 ut
2729 1633 3003 1694 postquam
3039 1627 3320 1683 innumera
3358 1629 3591 1698 philoso-

2018 1707 2158 1778 phiae
2177 1711 2417 1779 exempla
2443 1711 2682 1781 dederat,
2705 1715 2904 1771 diceret
2931 1731 2944 1770 :
2970 1717 3096 1782 Quis
3115 1736 3227 1774 sum
3241 1737 3352 1790 ego,
3378 1719 3592 1774 Domine

2018 1802 2107 1867 mi,
2134 1799 2366 1870 Domine,
2394 1813 2440 1858 et
2462 1821 2575 1874 qua:
2600 1806 2776 1860 domus
2801 1809 2957 1878 patris
2981 1811 3096 1878 mei,
3123 1812 3240 1880 quia
3268 1812 3488 1866 dilexisti
3513 1829 3592 1867 me

2019 1911 2076 1950 eo
2103 1897 2298 1966 usque?
2324 1907 2370 1950 et
2395 1914 2550 1967 parva
2576 1901 2683 1953 uisa
2700 1909 2816 1955 sunt
2843 1902 2949 1955 lucc
2976 1902 3030 1956 in
3052 1912 3318 1972 conspectu
3347 1911 3450 1969 tuo,
3480 1903 3590 1959 Do-

2017 1987 2150 2039 mine
2169 1988 2238 2040 mi
2255 2002 2274 2042 :
2291 1995 2336 2041 et
2356 1987 2550 2043 locutus
2569 2005 2620 2043 es
2641 2005 2731 2059 pro
2749 1990 2899 2046 domo
2920 1993 3048 2047 serui
3068 1993 3142 2046 tui
3163 1992 3217 2047 in
3241 1994 3586 2064 longinquum.

2018 2074 2146 2128 Haec
2173 2085 2245 2130 est
2272 2078 2404 2131 enim
2428 2079 2510 2133 lea:
2535 2081 2770 2146 honsinis,
2797 2080 3013 2136 Domine
3031 2083 3120 2150 mi,
3142 2081 3357 2138 Domine
3380 2125 3396 2150 ,
3427 2084 3495 2137 ad
3519 2095 3586 2138 te.

2017 2164 2087 2219 Et
2104 2166 2226 2236 quid
2243 2167 2390 2221 addet
2410 2167 2574 2248 Dauid
2587 2171 2751 2225 adhuc
2768 2170 2903 2242 loqui
2929 2173 2995 2226 ad
3010 2181 3058 2226 te
3070 2172 3146 2244 (2.
3161 2171 3289 2242 Reg.
3307 2175 3360 2227 7.
3380 2173 3589 2242 18-20)?

2018 2255 2229 2313 Etcum
2253 2259 2511 2330 majorum
2528 2275 2743 2317 suorum
2766 2262 3012 2319 virtutem
3037 2264 3316 2332 recoleret,
3341 2280 3459 2320 sese
3485 2265 3590 2320 illis

2015 2364 2350 2421 comparans,
2368 2353 2498 2408 nihil
2524 2353 2799 2424 reputabat
2822 2369 2959 2412 esse.
2983 2355 3114 2410 Nam
3141 2365 3414 2428 postquam
3437 2357 3582 2412 dixe:

2016 2451 2136 2510 rat,
2166 2441 2234 2498 In
2260 2455 2306 2498 te
2332 2455 2654 2516 speraverunt
2691 2455 2856 2516 patres
2895 2448 3053 2501 nostri
3079 2445 3252 2518 (Psal.
3282 2447 3372 2502 2i.
3401 2449 3491 2520 6),
3520 2447 3588 2503 de

2016 2536 2193 2607 seipse
2221 2536 2442 2608 loquens
2477 2538 2653 2593 intulit
2681 2556 2695 2592 :
2728 2537 2839 2610 Ego
2864 2548 3031 2593 autem
3055 2555 3165 2593 sum
3205 2541 3383 2593 vermis
3411 2549 3456 2593 et
3485 2556 3586 2592 non

2017 2628 2186 2682 homo.
2213 2627 2472 2684 Incertam
2501 2645 2628 2684 vero
2655 2630 2813 2685 futuri
2843 2629 3198 2686 conditionem
3226 2631 3296 2686 ita
3321 2647 3432 2701 pra:
3455 2645 3588 2684 ocu-

2015 2719 2082 2774 lis
2107 2719 2285 2776 habuit
2311 2761 2326 2784 ,
2357 2727 2418 2775 ut
2452 2720 2651 2776 diceret
2683 2737 2698 2776 :
2728 2719 2972 2776 Illumina
2999 2721 3172 2775 oculos
3197 2737 3353 2787 meos,
3381 2737 3444 2774 ne
3479 2736 3565 2773 unt

2014 2825 2166 2879 quam
2203 2809 2516 2864 obdormiam
2555 2811 2610 2864 in
2650 2819 2808 2865 morte
2835 2809 3006 2882 (Psal.
3055 2810 3141 2867 l2.
3181 2811 3263 2881 4).
3291 2811 3462 2881 Seque
3513 2818 3588 2866 tot

2016 2911 2350 2973 peccatorum
2393 2919 2543 2958 reum
2586 2903 2940 2960 arbitrabatur
2961 2943 2978 2970 ,
3021 2911 3080 2958 ut
3120 2903 3200 2958 sic
3236 2903 3540 2972 loqueretur
3571 2920 3586 2956 :

2013 2991 2274 3064 PrOpitius
2298 3003 2401 3047 esto
2432 3003 2632 3059 peccato
2661 3010 2790 3061 meo,
2814 2993 3030 3047 multum
3048 3002 3119 3048 est
3137 2995 3265 3047 enim
3289 2992 3460 3064 (Psal.
3494 2991 3586 3048 24.

2017 3083 2078 3139 11
2104 3082 2145 3153 ).
2178 3083 2341 3139 Vobis
2380 3084 2555 3154 itaque
2593 3084 2798 3154 magnis
2827 3085 2942 3138 haec
2966 3084 3095 3138 satis
3123 3094 3244 3138 sunt
3272 3100 3285 3136 :
3316 3084 3466 3138 nobis
3491 3097 3588 3134 an-

2015 3180 2122 3228 tem
2150 3188 2269 3228 cum
2301 3182 2377 3228 tot
2404 3172 2650 3228 remediis
2675 3175 2961 3228 necessitas
2989 3184 3233 3242 superest
3255 3170 3448 3237 valida,
3469 3186 3588 3240 qu:e

2015 3266 2183 3336 possit
2219 3265 2518 3336 superbiam
2560 3275 2614 3320 et
2655 3263 3008 3335 arrogantiam
3049 3277 3260 3320 omnem
3301 3261 3368 3316 de
3412 3261 3588 3316 medio

2016 3356 2221 3411 tollere.
2253 3357 2428 3426 Ecqua
2471 3355 2561 3410 illa
2598 3355 2717 3410 est?
2743 3355 3088 3410 Peccatorum
3114 3351 3394 3408 multitudo
3413 3393 3428 3419 ,
3455 3367 3588 3406 con-

2015 3450 2232 3503 scientia
2281 3449 2416 3501 mala
2441 3487 2456 3514 ,
2480 3463 2598 3518 quas
2630 3456 2906 3516 postquam
2936 3460 3034 3500 nos
3071 3445 3379 3515 occupavit,
3405 3459 3471 3499 ne
3497 3457 3588 3498 vo-

2015 3541 2187 3596 lentes
2207 3540 2418 3610 quidem
2445 3539 2566 3594 sinit
2605 3538 2670 3593 ad
2695 3537 2938 3592 sublimia
2974 3535 3123 3606 erigi.
3155 3535 3330 3602 Quare
3365 3535 3587 3590 obsecro

2015 3638 2072 3686 et
2095 3645 2223 3702 rogo
2248 3645 2342 3700 per
2373 3629 2616 3684 fiduciam
2647 3627 2788 3682 illam
2812 3667 2828 3694 ,
2854 3642 3014 3698 quam
3043 3641 3110 3682 ex
3145 3626 3298 3682 bonis
3337 3624 3586 3696 operibus

2014 3723 2156 3794 apud
2185 3723 2346 3777 Deum
2375 3720 2719 3792 acquisivisti,
2744 3719 2898 3776 nobis
2923 3717 3226 3790 frequenter
3250 3716 3587 3788 precantibus

2015 3829 2228 3870 manum
2272 3812 2510 3885 porrigas
2534 3854 2548 3880 ,
2577 3827 2683 3882 quo
2720 3810 2986 3883 possimus
3014 3816 3278 3863 tantorum
3326 3807 3584 3861 malorum

2015 3906 2274 3961 sarcinam
2315 3919 2412 3974 pro
2440 3905 2629 3959 merito
2652 3902 2933 3972 deplorare
2953 3941 2968 3966 ,
2999 3907 3054 3955 et
3077 3906 3201 3969 post
3224 3898 3420 3950 luctum
3447 3895 3586 3950 viam

2015 3995 2298 4067 quamdam
2340 3995 2562 4049 amicam
2589 4004 2642 4048 et
2669 3992 2958 4048 adcmlum
2989 4005 3086 4045 nos
3118 3988 3398 4043 ducentem
3441 3997 3587 4039 asse-

2015 4087 2104 4156 qui
2128 4127 2143 4152 ,
2167 4101 2234 4140 ne
2272 4085 2323 4139 in
2361 4085 2624 4140 infernum
2661 4082 2895 4149 deducti,
2923 4079 3194 4136 ubi'nemo
3220 4075 3460 4133 conﬁteri
3489 4089 3585 4145 po-

2016 4183 2139 4239 test,
2167 4189 2230 4228 ea
2257 4173 2538 4242 patiamur,
2561 4187 2682 4242 qua:
2709 4173 2977 4241 patiuntur
2999 4166 3231 4239 reprobi,
3253 4166 3465 4223 nemine
3485 4179 3582 4220 nos

2014 4265 2267 4333 deinceps
2290 4264 2546 4333 eripiente
2570 4261 2740 4333 (Psal.
2763 4258 2850 4314 49.
2870 4257 2983 4328 22.)
3006 4254 3182 4312 Donec
3206 4259 3348 4313 enim
3372 4257 3461 4313 hic
3479 4255 3584 4310 eri-

2015 4371 2133 4410 mus
2155 4397 2170 4422 ,
2198 4363 2251 4410 et
2275 4369 2373 4408 nos
2402 4369 2433 4408 a
2459 4352 2610 4408 vobis
2651 4365 2896 4420 magnum
2934 4349 3208 4420 percipere
3233 4346 3457 4402 fructum
3486 4359 3583 4414 po-

2015 4445 2235 4500 terimus
2262 4485 2280 4512 ,
2309 4452 2364 4499 et
2410 4458 2507 4498 vos
2545 4441 2698 4496 nobis
2739 4439 2996 4495 beneﬁcia
3050 4436 3298 4493 conferre
3351 4435 3581 4490 maxima

2013 4535 2278 4591 valebitis.
2328 4534 2462 4588 Cum
2511 4539 2688 4586 autem
2733 4529 2825 4585 illo
2873 4527 3242 4582 advenerimns
3271 4566 3287 4592 ,
3341 4524 3430 4578 ubi
3484 4537 3584 4577 nec

2011 4629 2238 4695 amicus,
2264 4642 2362 4682 nec
2387 4625 2570 4691 frater,
2595 4636 2693 4677 nec
2720 4628 2868 4691 pater
2884 4620 3075 4690 juvare
3097 4623 3380 4687 poterunt,
3410 4628 3583 4684 neque

2013 4722 2166 4778 nobis
2191 4734 2376 4792 poenas
2420 4717 2664 4773 dantibus
2713 4712 2920 4777 adesse,
2966 4722 3185 4766 necesse
3234 4707 3446 4761 demum
3482 4705 3584 4759 erit

2012 4814 2066 4868 in
2109 4813 2373 4867 anxietate
2409 4817 2463 4864 et
2501 4806 2682 4862 densis
2705 4803 2972 4868 tenebris,
2997 4799 3170 4856 omnis
3210 4795 3585 4854 consolat'onis

2011 4910 2272 4972 expertes.
2302 4897 2601 4954 immortale
2638 4894 2951 4965 supplicium
2996 4892 3144 4948 luere
3165 4928 3183 4956 ,
3213 4887 3387 4944 omnia
3417 4886 3583 4940 devo-

2011 4994 2177 5049 rantis
2205 4991 2429 5046 llammte
2465 5002 2639 5045 escam
2681 4999 2962 5059 numquam
3006 4979 3414 5038 consumendam
3455 4975 3584 5032 elle-

2017 5095 2151 5140 citis.
