4124 6144
572 365 676 421 ξρξῦ

1288 353 1346 408 S.
1384 347 1664 408 JOANNIS
1704 341 2186 402 CHRYSOSTOMI
2228 338 2545 395 ARCIIIEP.
2587 331 3133 393 CONSTANTINOP.
3189 301 3196 308 .

3703 330 3817 389 lii

1209 1073 1289 1132 IN
1323 1067 1605 1130 LIBROS
1639 1065 1748 1127 AD
1791 1060 2230 1126 STAGIRIUM
2262 1063 2312 1123 A
2356 1050 2719 1120 DEMONE
2757 1049 3160 1118 VEXATUM

647 1436 823 1492 Hosce
843 1433 1010 1489 libros
1039 1430 1513 1501 Chrysostomum,
1541 1436 1668 1478 cum
1697 1420 1964 1476 diaconus
1982 1427 2150 1481 esset,

576 1543 815 1603 edidisse
864 1541 1118 1594 Socrates
1161 1536 1256 1599 ait,
1290 1533 1385 1588 lib.
1416 1549 1494 1597 vr,
1533 1549 1582 1588 c.
1611 1530 1646 1583 ’ὁ
1667 1571 1681 1597 ,
1711 1525 1962 1581 videlicet
2005 1530 2155 1592 post-

577 1666 742 1722 quam
765 1647 993 1702 adversa
1024 1641 1331 1698 Valetudine
1352 1638 1628 1701 labdrans,
1659 1652 1726 1691 ex
1759 1647 1975 1689 secessu
2000 1644 2156 1682 mon-

582 1759 719 1813 tium
775 1755 831 1809 in
887 1752 1076 1806 urbem
1123 1747 1299 1802 redire
1342 1754 1564 1800 coactus
1601 1751 1704 1808 est,
1759 1738 1904 1810 quod
1962 1733 2159 1789 accidit

582 1878 730 1920 anno
757 1858 884 1923 380,
922 1867 981 1912 ut
1013 1855 1264 1926 pluribus
1296 1853 1351 1906 in
1393 1850 1513 1905 Vita
1541 1849 1712 1905 sancti
1757 1844 1998 1901 doctoris
2027 1855 2156 1894 nar-

582 1978 757 2021 ratur.
792 1963 891 2018 Hic
941 1969 1122 2015 autem
1165 1958 1339 2013 obiter
1389 1968 1698 2016 monemus,
1742 1951 1982 2009 titulum,
2015 1946 2158 2018 Πρὸς

581 2065 917 2135 Σταγείρων,
950 2068 1230 2132 perperam
1275 2057 1410 2113 verti
1437 2057 1505 2110 ab
1547 2056 1608 2109 ll.
1645 2054 1878 2115 V’alesio,
1917 2051 2160 2106 Socratis

583 2173 896 2240 interprete,
927 2159 1190 2220 Adversus
1236 2163 1551 2233 Stagirium.
1589 2159 1702 2213 Etsi
1743 2172 1876 2212 vero
1909 2153 2160 2240 Socrates

585 2279 641 2330 in
694 2275 761 2330 iis
809 2272 1046 2328 niaxime
1096 2284 1218 2340 quae
1262 2269 1328 2322 ad
1377 2265 1824 2336 Chrysostomum
1867 2230 2188 2331 pertinent,‘

583 2381 902 2450 frequenter
945 2377 1213 2432 calculum
1271 2375 1409 2428 male
1467 2381 1653 2442 ponat,
1717 2369 1804 2423 hic
1843 2376 2046 2429 tamen,
2104 2363 2158 2418 in

583 2489 705 2558 ipso
742 2487 866 2540 libri
903 2484 1110 2549 limine,
1161 2481 1374 2536 videtur
1415 2478 1493 2532 illi
1537 2476 1963 2547 Chrysostomus
2027 2470 2157 2526 asti-

584 2594 761 2664 pulari
789 2611 805 2646 :
839 2591 1180 2660 Oportuerat,
1211 2587 1408 2655 inquit,
1437 2601 1530 2638 nos
1557 2583 1649 2636 tibi
1683 2597 1820 2635 nunc
1857 2579 2057 2640 adesse,
2087 2584 2165 2628 at-

581 2713 682 2766 que
710 2699 765 2749 in
805 2703 1162 2748 terumnarum
1202 2701 1415 2742 tuarum
1459 2686 1780 2739 consortium
1819 2682 2063 2746 transire,
2097 2695 2161 2733 ac

583 2801 750 2855 verbis
782 2796 1131 2862 exhortando,
1170 2809 1321 2864 opere
1345 2790 1601 2862 juvando,
1637 2797 1928 2851 cunctaque
1955 2784 2162 2855 reliqua

583 2925 679 2978 pro
720 2904 862 2960 virili
911 2912 1091 2957 nostra
1137 2909 1286 2971 parte
1320 2897 1592 2967 inferendo
1641 2895 1908 2964 obsequia,
1956 2899 2160 2960 partem

587 3013 824 3082 aliquam
873 3009 1035 3062 lenire
1074 3005 1310 3059 mceror-is
1336 3019 1354 3056 :
1379 3003 1627 3073 quoniam
1677 3015 1792 3054 vero
1832 3006 1882 3051 et
1919 2997 2160 3067 corporis

585 3117 726 3172 mala
755 3113 1016 3178 valetudo,
1061 3120 1111 3165 et
1155 3112 1384 3164 invectus
1430 3111 1486 3161 in
1534 3119 1688 3175 caput
1728 3116 1968 3158 nostrum
1989 3101 2160 3168 dolor,

584 3222 728 3275 domi
767 3235 859 3274 nos
883 3217 1091 3271 manere
1122 3215 1659 3285 compulerunt,olxor
1685 3212 1866 3281 μένειν
1893 3208 2165 3279 κατηνάγ-

586 3341 784 3388 κασαν,
816 3321 1067 3392 nobisque
1092 3318 1229 3373 tanti
1253 3317 1391 3370 lucri
1419 3315 1768 3369 ministerium
1797 3311 2164 3374 abstulerunt;

580 3433 699 3502 jam
736 3429 873 3501 quod
905 3427 1163 3498 reliquum
1195 3433 1273 3478 est
1313 3438 1408 3492 pro
1434 3419 1793 3474 consolatione
1834 3425 1948 3476 tua,
1984 3423 2034 3468 et
2067 3429 2164 3485 pro

587 3535 820 3587 utilitate
851 3541 1053 3593 nostra,
1087 3512 1204 3594 hoc,
1247 3536 1303 3580 ut
1336 3524 1564 3596 facultas
1599 3534 1781 3577 nostra
1826 3521 1975 3591 feret,
1999 3519 2160 3574 indu-

587 3653 703 3692 cere
731 3653 835 3690 non
858 3634 1198 3705 negligemus.
1246 3629 1343 3686 His
1389 3629 1685 3698 alloquitur
1727 3626 2021 3695 Stagirium
2050 3625 2162 3676 An-

591 3740 807 3796 tiochiae
842 3749 972 3791 tunc
1014 3737 1296 3806 degentem
1329 3732 1608 3800 :dumquc
1652 3731 1728 3783 ait
1772 3744 1830 3783 se
1870 3727 2017 3782 domi
2047 3741 2164 3780 ma-

587 3860 720 3899 nere
764 3850 1010 3898 coactum
1058 3840 1126 3894 ab
1170 3836 1486 3892 inﬁrmitate
1543 3833 1805 3903 corporis,
1863 3846 1964 3885 nec
2003 3843 2164 3900 posse

593 3947 892 4016 Stagirium
925 3945 1095 4010 adire,
1120 3941 1430 3999 subindicat
1471 3955 1530 3995 se
1559 3939 1744 3994 eadem
1773 3937 1825 3989 in
1852 3935 1987 3990 urbe
2005 3951 2155 3989 com-

589 4053 830 4119 morari;
866 4066 991 4105 nam
1021 4050 1068 4106 si
1105 4058 1233 4104 tunc
1260 4049 1313 4102 iu
1356 4048 1572 4102 deserto
1613 4052 1667 4099 et
1703 4043 1753 4096 in
1780 4041 2043 4096 montium
2075 4055 2161 4096 re-

592 4157 843 4213 cessibus
866 4155 1125 4226 degisset,
1168 4155 1269 4211 hoc
1305 4155 1504 4224 ipsum,
1555 4160 1612 4206 ut
1644 4149 1886 4216 .videtur,
1912 4147 2160 4202 dicturus

2257 1432 2364 1471 non
2388 1423 2523 1471 erat.
2552 1415 2608 1470 Si
2633 1415 2776 1470 banc
2802 1414 3063 1484 temporis
3092 1423 3280 1470 notam
3306 1429 3624 1487 sequamur,
3653 1420 3829 1478 libros

2255 1522 2325 1575 ad
2375 1519 2670 1590 Stagirium
2717 1522 2996 1591 scripserit
3048 1537 3190 1577 anno
3227 1521 3333 1578 580
3377 1523 3461 1579 vel
3501 1523 3627 1589 381,
3678 1540 3830 1596 post-

2256 1640 2420 1694 quam
2449 1640 2515 1679 ex
2546 1623 2808 1694 asperiori
2850 1626 2974 1680 vitae
3013 1641 3227 1697 genere,
3254 1627 3402 1697 quod
3430 1628 3643 1685 duobus
3668 1633 3832 1688 annis

2257 1733 2312 1786 in
2345 1734 2598 1802 spelunca
2626 1741 2887 1803 gesserat,
2921 1732 2974 1786 in
3007 1734 3254 1803 corporis
3279 1734 3650 1793 inﬁrmitatem
3683 1738 3832 1794 dela-

2259 1851 2411 1908 psus,
2439 1837 2493 1891 in
2509 1838 2694 1892 urbem
2717 1837 2893 1892 redire
2909 1848 3132 1892 coaetus
3147 1845 3232 1893 est
3255 1837 3358 1892 sub
3372 1839 3532 1893 linem
3554 1841 3683 1893 anni
3701 1840 3830 1906 580,

2261 1941 2353 1994 ubi
2410 1942 2623 1996 tantillo
2665 1941 2854 2011 elapso
2883 1951 3126 2011 tempore
3169 1942 3438 2000 diaconus
3476 1945 3762 2002 ordinatur
3801 1965 3832 2002 a

2260 2046 2490 2100 Meletio.

2332 2149 2608 2203 Ubnititur
2643 2148 3042 2213 Tlllemonti‘us,
3073 2157 3125 2205 et
3159 2162 3224 2206 ex
3248 2150 3623 2222 Chrysostomi
3657 2153 3834 2208 verbis

2261 2252 2426 2308 infert
2478 2254 2674 2323 ipsum,
2745 2252 3060 2324 priusquam
3104 2269 3171 2309 ex
3216 2256 3492 2311 montibus
3542 2249 3596 2309 in
3641 2257 3834 2311 urbem

2261 2359 2480 2422 rediret,
2541 2358 2639 2412 hos
2684 2359 2968 2428 scripsisse
3015 2359 3204 2414 libros.
3260 2358 3418 2426 Nam,
3475 2361 3671 2431 inquit,
3721 2363 3837 2416 haec

2262 2463 2632 2537 Chrysostomi
2683 2467 2881 2522 verba:
2915 2463 3084 2518 Tanta
3117 2466 3258 2519 enim
3303 2465 3467 2518 audio
3518 2467 3613 2518 tibi
3655 2482 3838 2520 acces-

2261 2572 2394 2626 sisse
2422 2573 2636 2641 pietatis
2663 2573 3019 2635 incrementa;
3058 2569 3212 2642 [154]
3245 2571 3374 2626 item
3402 2571 3533 2626 illud
3562 2588 3578 2625 :
3610 2571 3838 2643 καὶγὰρ

2263 2675 2374 2728 τῶν
2415 2677 2620 2729 ἐκεῖθεν
2647 2677 2956 2747 ἐρχομένων
3005 2677 3190 2730 ἀκούω
3229 2676 3597 2749 διηγουμένων
3625 2678 3707 2732 ὅτι
3755 2694 3838 2732 σοι

2265 2783 2374 2844 πᾶς
2393 2784 2421 2835 ὁ
2449 2783 2638 2852 καιρὸς
2661 2783 2741 2845 εἰς
2769 2782 2935 2852 εὐχὰς
2967 2781 3062 2835 καὶ
3085 2782 3296 2853 δάκρυα
3323 2782 3672 2837 ἀναλίσκεται
3697 2796 3713 2835 ':
3749 2801 3834 2837 ωι-

2265 2887 2354 2940 dio
2381 2903 2445 2940 ex
2471 2888 2536 2939 iis
2561 2888 2650 2957 qui
2677 2889 2870 2942 isthinc
2904 2888 3208 2949 adveniunt,
3249 2888 3344 2940 tibi
3372 2904 3523 2942 omne
3550 2897 3755 2958 tempus
3781 2889 3838 2944 in

2264 2989 2515 3060 lacrymis
2539 2993 2901 3063 perpetuisque
2923 2992 3250 3046 orationibus
3281 2993 3560 3059 consumi;
3607 2995 3837 3048 iterum-

2262 3111 2390 3165 que,
2411 3097 2768 3167 plurimosque
2810 3096 2914 3162 hic,
2951 3098 3078 3151 dum
3125 3107 3219 3151 tua
3259 3107 3537 3152 narrarent
3566 3098 3836 3162 instituta,

2262 3210 2719 3270 comparuerant;
2741 3201 2877 3263 haec,
2909 3202 3086 3271 inquit
3128 3201 3239 3267 ille,
3275 3216 3382 3256 non
3406 3210 3534 3256 sunt
3560 3201 3705 3256 dicta
3741 3202 3839 3256 ho-

2263 3304 2428 3360 minis
2479 3304 2669 3359 eadem
2714 3304 2770 3358 in
2810 3305 2946 3359 urbe
2991 3304 3403 3362 commerentis.
3455 3303 3609 3360 Unde
3673 3304 3840 3362 infert

2263 3408 2562 3480 Stagirium
2589 3409 2808 3478 quidem
2839 3409 3140 3463 Antiochiae
3160 3408 3353 3472 fuisse,
3386 3407 3842 3480 Cbrysostomum

2262 3529 2393 3570 vero
2415 3515 2468 3569 in
2499 3515 2764 3569 montium
2795 3515 3186 3579 secessu,unde
3210 3514 3372 3583 paulo
3400 3522 3545 3583 post,
3581 3529 3843 3583 premen-

2267 3620 2410 3675 tibus
2437 3620 2715 3690 corporeis
2737 3619 3166 3688 inﬁrmitatibus,
3201 3620 3257 3674 in
3281 3619 3469 3676 urbem
3493 3619 3672 3676 redire
3693 3635 3843 3676 com-

2263 3724 2454 3794 pulsus
2487 3732 2590 3779 est.

2335 3827 2459 3884 "ac
2487 3843 2650 3899 porro
2672 3837 2991 3898 argumenta
3012 3843 3122 3884 non
3156 3829 3290 3882 tanti
3318 3829 3577 3883 momenti
3598 3844 3724 3884 esse
3749 3830 3821 3884 vi-

2263 3933 2480 4000 dentur,
2519 3942 2578 3987 ut
2612 3948 2711 3988 nos
2749 3949 2781 3987 a
2822 3934 3003 4003 priore
3037 3933 3308 3990 sententia
3356 3933 3666 3988 abducant:
3708 3948 3839 3987 nam

2263 4052 2385 4108 quae
2417 4035 2670 4106 superius
2707 4052 2771 4091 ex
2815 4035 3210 4106 Chrysostomo
3250 4036 3575 4102 aﬂ‘eruntur,
3633 4037 3842 4106 optime

2263 4154 2494 4214 possunt
2514 4145 2784 4215 quadrare
2815 4145 2882 4200 ad
2928 4144 3204 4200 hominem
3250 4143 3305 4197 in
3329 4143 3519 4199 eadem
3550 4142 3838 4212 degentem

584 4489 3813 4537 ω

938 4819 1572 4942 EJUSDEM
1688 4815 2231 4932 ORATIO
2334 4815 3463 4931 ADHORTATORIA

1343 5065 1433 5119 AD
1472 5063 1847 5122 STAGIRIUM
1888 5062 2211 5122 ASCETAM
2253 5063 2298 5116 Α
2339 5061 2672 5119 ΒᾸΕΜΟΝΙΟ
2705 5063 3068 5122 νΕΧΑΤυΜ.

1717 5243 2073 5330 LIBER
2163 5244 2611 5330 PRIMUS
2642 5225 2702 5329 ί.

659 5415 710 5470 Ι.
728 5412 1306 5488 Oportueratquidem,
1325 5417 1655 5472 ot-arissime
1669 5416 1912 5471 omnium
1935 5414 2157 5485 Stagiri,

590 5521 690 5565 ths
719 5506 814 5560 tibi
843 5521 990 5562 nunc
1016 5506 1236 5572 adesse,
1268 5517 1429 5576 atque
1463 5509 1516 5561 in
1547 5521 1915 5560 aerumnarum
1939 5516 2154 5559 tuarum

649 5637 664 5665 ¹
693 5635 888 5685 Titulus
904 5633 974 5684 sic
995 5635 1143 5687 habet
1169 5635 1216 5686 in
1248 5638 1419 5697 Savil',
1447 5638 1771 5699 Chrysostomi
1795 5639 1859 5688 ad
1884 5636 2152 5699 Stagirium

587 5709 617 5746 α
658 5700 873 5749 αἀθηιοηε
910 5707 1151 5761 vexatum,
1195 5699 1541 5752 consolatorius
1585 5703 1760 5753 Sermo
1800 5701 1837 5751 l.
1880 5702 1930 5753 In
1958 5699 2150 5762 Μυῖα,

2266 5417 2601 5471 consortium
2621 5416 2874 5480 transire,
2898 5422 2952 5470 et
2969 5413 3406 5485 operejuvando,
3424 5413 3606 5468 verbis
3636 5410 3828 5466 exhor-

2267 5505 2448 5569 tando,
2479 5513 2784 5574 cunctaque
2818 5505 3026 5574 reliqua
3052 5519 3151 5573 pro
3184 5502 3323 5556 virili
3359 5511 3543 5557 nostra
3567 5507 3724 5568 parte
3753 5499 3826 5548 in-

2266 5637 2495 5749 Ejusdem
2519 5636 2880 5749 grtlmrtaltorius
2909 5640 2972 5689 ad
3008 5635 3276 5704 Slagirium
3300 5643 3507 5689 ascetam
3545 5647 3574 5682 tt
3602 5633 3826 5684 damnans

2266 5713 2384 5749 vexa
2408 5714 2487 5749 um
2517 5713 2687 5749 sermo
2740 5740 2746 5748 .

2265 5713 2487 5750 vexatum
2517 5713 2687 5750 sermo
2715 5713 2746 5749 Ι.
