4124 6144
312 5745 610 5805 δαιμονῶντα
649 5742 784 5805 λόγος
823 5738 1204 5805 παρᾳμιέθητικρς
1243 5737 1321 5805 α’.
1354 5737 1368 5784 Ι

350 311 460 365 «625

1221 305 1311 362 AD
1353 302 1728 361 STAGIRIUM
1764 302 1810 357 A
1847 298 2156 357 DEMONE
2193 295 2528 356 VEXATUM
2569 296 2697 354 LIB.
2738 297 2780 352 1.

3497 292 3610 347 424

1743 1019 2233 1084 ΑΒΜΟΝΙΤΙΟ.

365 1372 523 1436 urbe,
567 1366 868 1440 praesertim
918 1373 1081 1420 tantae
1113 1363 1528 1434 amplitudimis,
1565 1372 1782 1438 quantae
1820 1373 1947 1420 erat

366 1473 655 1532 Antiochia
678 1486 802 1527 cum
847 1469 1145 1527 suburbiis.
1183 1467 1265 1524 Ad
1311 1469 1426 1526 haec
1465 1469 1624 1525 annis
1647 1469 1942 1538 postremis

365 1579 584 1634 duobus
608 1589 858 1632 secessus
907 1573 1016 1638 sui,
1069 1571 1322 1628 videlicet
1364 1573 1472 1629 379
1511 1583 1566 1629 et
1589 1573 1716 1640 580,
1740 1575 1943 1645 quibus

365 1675 672 1734 secundum
692 1671 1019 1728 Tillemontii
1065 1670 1336 1726 calculum
1377 1672 1475 1729 hos
1522 1672 1694 1728 libros
1723 1672 1945 1744 scripsit

364 1783 818 1852 Clirysostomus,
847 1778 903 1832 in
929 1777 1190 1846 spelunca
1225 1775 1316 1831 ille
1353 1776 1502 1833 solus
1542 1776 1792 1847 degebat,
1824 1776 1946 1848 τρὶς

364 1887 510 1943 ὀκτὼ
533 1888 728 1958 μῆνας,
757 1893 835 1939 ter
866 1893 982 1938 octo
1023 1883 1310 1946 mensibus,
1359 1889 1417 1937 ut
1440 1883 1517 1937 ait
1547 1880 1848 1947 Palladius,
1890 1882 1946 1938 id

368 2002 475 2058 est,
501 1990 718 2046 duobus
751 1989 933 2052 annis,
981 2002 1048 2042 ex
1095 2001 1200 2057 qua
1238 1986 1494 2056 spelunca
1542 1986 1612 2041 ob
1661 1987 1944 2042 adversam

368 2097 617 2169 corporis
644 2093 1005 2149 valetudinem
1028 2091 1081 2145 in
1107 2090 1296 2144 urbem
1319 2089 1494 2144 redire
1517 2090 1832 2159 compulsus
1866 2097 1950 2145 est

371 2208 478 2265 sub
509 2205 672 2260 ﬁnem
708 2199 834 2255 anni
863 2196 988 2254 380.
1021 2196 1104 2250 An
1140 2210 1267 2249 vero
1302 2195 1355 2247 in
1387 2195 1644 2264 spelunca
1668 2195 1814 2250 solus
1840 2195 1950 2250 de-

375 2324 507 2379 gens
529 2306 732 2361 diceret
752 2317 811 2357 se
836 2298 1085 2369 corporis
1125 2295 1442 2351 inﬁrmitate
1474 2295 1646 2361 domi,
1668 2298 1827 2364 οῐκοι,
1858 2298 1954 2353 de-

376 2421 587 2468 tentum
615 2422 726 2462 non
768 2419 928 2476 posse
967 2400 1262 2471 Stagirium
1300 2400 1487 2455 adire?
1525 2400 1629 2466 An,
1673 2400 1865 2456 eadem
1896 2402 1952 2456 in

378 2515 637 2586 spelunca
657 2510 1128 2572 inclusus,tantam
1162 2504 1569 2558 adventantium
1590 2503 1952 2575 frequentiam

376 2617 673 2687 exciperet,
699 2621 961 2683 quautam
991 2609 1234 2664 iudicant
1269 2608 1389 2662 loca
1439 2609 1556 2678 ipsa
1601 2625 1632 2664 a
1663 2607 1955 2664 Tillemon-

381 2726 458 2778 tio
485 2719 684 2777 allata?
711 2716 836 2772 Hazc
860 2715 1161 2787 praesertim
1205 2729 1292 2768 me
1341 2723 1559 2769 movent
1589 2723 1648 2768 ut
1672 2713 1953 2770 Socratem

380 2840 602 2895 sequar,
634 2831 688 2878 et
715 2822 880 2876 hosce
914 2819 1081 2873 libros
1111 2815 1340 2871 referant
1371 2816 1426 2870 in
1461 2832 1664 2871 annum
1689 2817 1816 2882 581,
1847 2831 1958 2886 quo

384 2935 629 2995 ineunte,
663 2937 721 2983 ut
741 2935 1018 2997 putamus,
1065 2939 1096 2978 a
1140 2922 1355 2978 Meletio
1388 2921 1651 2977 diaconus
1677 2922 1960 2977 ordinatus

385 3041 469 3088 est
495 3032 940 3102 Chrysostomus.
984 3023 1111 3078 Haec
1149 3023 1216 3078 de
1265 3031 1510 3091 tempore
1540 3037 1556 3075 :
1581 3031 1963 3094 argumentum

389 3143 570 3191 autem
602 3129 913 3201 huiusmodi
933 3135 1036 3181 est.

461 3237 752 3308 Stagirius,
789 3213 960 3287 nobili
996 3230 1116 3284 loco
1157 3239 1343 3292 natus,
1390 3240 1422 3282 a
1465 3224 1666 3281 teneris
1712 3225 1766 3280 in
1813 3225 1968 3282 Chri-

390 3343 570 3397 stiana
588 3339 690 3393 [ide
705 3337 990 3398 educatus,
1008 3331 1278 3402 principio
1302 3328 1520 3400 quidem
1542 3330 1775 3384 terrenis
1802 3330 1963 3386 rebus

404 3445 654 3500 addictus
679 3448 830 3508 erat;
866 3438 958 3493 sed
994 3435 1142 3490 brevi
1175 3442 1361 3504 postea
1396 3432 1663 3487 abdicatis
1690 3431 1969 3488 facultati-

395 3549 501 3605 bus
553 3545 850 3615 mundique
897 3540 1128 3606 deliciis,
1178 3539 1344 3593 vitam
1393 3536 1774 3604 monasticam,
1801 3537 1971 3591 invito

394 3655 522 3710 licet
546 3653 953 3720 reluctanteque
975 3657 1146 3719 patre,
1171 3645 1568 3716 amplexusest.
1598 3642 1757 3699 Initio
1790 3653 1970 3698 tamen

400 3776 509 3815 non
542 3759 616 3812 ita
658 3757 965 3827 diligenter,
1019 3761 1082 3808 ut
1126 3766 1225 3822 par
1268 3759 1408 3814 erat,
1453 3748 1549 3804 sed
1595 3748 1891 3803 oscitanter
1920 3756 1974 3802 et

402 3862 773 3936 perfunctorie
794 3876 884 3916 res
927 3857 1190 3914 asceticas
1222 3854 1493 3910 tractabat
1520 3892 1534 3915 ,
1558 3854 1881 3924 generisque
1912 3851 1976 3906 li-

399 3968 561 4024 ducia
592 3966 780 4032 lretus,
817 3969 1098 4017 monentes
1124 3974 1182 4014 se
1211 3970 1353 4028 aegre
1404 3953 1743 4008 admittebat.
1770 3950 1972 4006 Verum

409 4071 773 4143 prospiciente
797 4066 1054 4130 Numine,
1111 4079 1179 4118 ne
1221 4069 1342 4130 post
1383 4066 1660 4128 peractum
1702 4064 1974 4110 tantarum

403 4191 571 4246 opum
603 4173 934 4231 sac'jlicium
967 4169 1141 4224 levius
1186 4163 1469 4236 praemium
1512 4159 1781 4232 Stagirius
1802 4159 1976 4214 reler-

2045 1376 2148 1434 ret,
2175 1382 2206 1422 a
2229 1367 2476 1423 daemone
2500 1367 2790 1436 corripitur
2826 1375 2881 1422 et
2912 1366 3239 1438 exagitetur,
3270 1381 3335 1422 ac
3363 1369 3620 1439 repetitis

2045 1472 2361 1544 frequenter
2388 1471 2600 1527 vicibus
2622 1486 2792 1540 usque
2813 1472 2948 1526 adeo
2983 1481 3232 1538 vexatur,
3257 1471 3394 1528 utin
3422 1473 3618 1544 despe-

2049 1586 2196 1635 ratas
2229 1579 2335 1634 sibi
2370 1587 2602 1634 mortem
2645 1574 3018 1633 consciscendi
3071 1577 3427 1646 cogitationes
3450 1579 3621 1636 inter-

2053 1683 2184 1740 dum
2207 1683 2434 1738 veniret.
2475 1681 2614 1737 llinc
2660 1696 2868 1736 maeror
2905 1690 2959 1737 et
3007 1681 3230 1736 tristitia
3261 1682 3452 1753 ingens
3481 1702 3495 1739 :
3528 1686 3626 1740 viae

2051 1801 2243 1842 omnes
2303 1785 2561 1856 placandi»
2606 1785 2701 1840 Dei
2752 1792 3071 1853 tentantur,
3148 1787 3298 1841 nulla
3359 1789 3624 1857 prolicit:

2051 1898 2370 1946 sanctorum
2418 1903 2610 1959 preces
2655 1887 3000 1954 adhibentur,
3050 1903 3150 1945 nec
3199 1891 3508 1949 vexationis
3566 1893 3630 1948 ti-

2053 2011 2179 2050 nem
2216 1995 2526 2064 impetrant.
2561 1993 2660 2048 Hic
2703 2002 2884 2048 tamen
2917 2009 2983 2047 ex
3024 2009 3266 2049 aerumna
3315 1995 3631 2067 hujusmodi

2054 2098 2266 2154 fructus
2294 2098 2562 2169 provenit,
2599 2109 2665 2154 ut
2700 2100 2794 2168 qui
2842 2098 2972 2152 olim
3024 2099 3352 2156 oscitantius
3387 2115 3446 2157 se
3475 2117 3634 2173 gere-

2055 2203 2169 2268 bat,
2197 2202 2309 2274 jam
2352 2202 2654 2258 ferventius
2691 2203 2781 2273 pia
2824 2203 3083 2259 exercitia
3122 2204 3316 2260 adiret.
3360 2203 3635 2262 Evocatur

2058 2309 2124 2364 ad
2157 2308 2665 2364 tantae-calamitatis
2685 2308 2936 2365 solatium
2949 2308 3375 2382 Chrysostomus
3398 2314 3640 2381 amicus,

2058 2415 2173 2485 qui,
2209 2429 2332 2470 cum
2362 2415 2552 2469 morbo
2595 2416 2847 2470 detentus
2875 2414 3039 2470 domo
3064 2416 3325 2472 excedere
3354 2432 3464 2474 non
3491 2419 3640 2475 vale~

2060 2531 2163 2588 ret,
2200 2531 2310 2577 tres
2337 2523 2503 2576 hosce
2541 2519 2714 2575 libros
2757 2519 2905 2575 misit
2937 2520 3192 2575 leuiendo
3227 2517 3405 2576 dolori
3439 2536 3637 2593 oppor-

2064 2633 2246 2690 tunos,
2275 2625 2367 2680 ubi
2395 2623 2646 2695 exemplo
2669 2632 2984 2679 sanctorum
3000 2625 3286 2695 utriusque
3303 2623 3637 2682 Tesrament't

2063 2731 2260 2801 probat
2283 2728 2451 2784 Deum
2473 2729 2556 2783 vel
2575 2729 2916 2784 cbarissimis
2938 2729 3042 2784 sibi
3071 2729 3205 2785 viris
3233 2730 3502 2787 atrociora
3519 2733 3642 2788 ideo

2067 2835 2364 2890 immisisse
2396 2834 2559 2900 mala,
2603 2843 2662 2887 ut
2707 2834 2920 2904 majora
2961 2835 3184 2904 praemia
3221 2836 3644 2905 splendidiores-

2065 2953 2173 3008 que
2219 2954 2453 2994 coronas
2497 2937 2783 2992 tribueret.
2828 2938 3086 2992 Animum
3123 2938 3199 2992 ait
3239 2941 3656 2998 calamitatibus-

2067 3044 2342 3107 aﬂ'ectum,
2380 3041 2682 3095 ferventius
2718 3039 2829 3094 Deo
2863 3039 3174 3109 divinisque
3207 3041 3372 3096 rebus
3413 3042 3649 3110 haerere,

2067 3147 2314 3202 maculas
2345 3159 2538 3200 omnes
2563 3151 2618 3199 et
2647 3143 2781 3198 vitia
2819 3143 2923 3198 hac
2941 3144 3151 3198 ratione
3171 3145 3334 3200 citius
3365 3146 3601 3218 abstergi
3624 3165 3639 3214 ;

2069 3265 2128 3307 ut
2151 3250 2322 3321 ipsius
2354 3247 2577 3318 Stagirii
2614 3246 2864 3317 exemplo
2905 3247 3252 3316 comprobari
3276 3258 3511 3319 poterat,
3545 3253 3642 3322 qui

2070 3353 2380 3416 oscitantia,
2428 3362 2666 3422 torpore,
2710 3357 2927 3406 tumore
2971 3351 3290 3420 eliminatis,
3335 3353 3450 3424 jam
3502 3355 3646 3412 inter

2073 3459 2428 3516 ferventiores
2464 3456 2670 3514 Christi
2715 3457 2950 3512 athletas
2995 3456 3206 3526 primas
3242 3466 3475 3515 teneret.
3521 3458 3649 3517 Haec

2072 3564 2163 3620 ille
2195 3565 2309 3618 fuse
2333 3571 2387 3617 et
2413 3560 2729 3632 παθητικῶς
2760 3575 2859 3630 pro
2884 3575 3037 3616 more
3063 3576 3166 3617 suo
3189 3564 3559 3633 prosequitur,
3585 3579 3651 3620 ac

2071 3667 2296 3724 cuilibet
2333 3665 2586 3722 leniendo
2623 3664 2850 3720 metrori
2895 3665 3200 3732 remedium
3229 3665 3393 3722 offert
3425 3668 3644 3739 legenti.

2147 3771 2652 3843 lnterpretationem
2723 3785 2853 3826 vero
2914 3770 3108 3827 incerti
3168 3747 3456 3842 cujusdam
3511 3775 3648 3838 viri,

2075 3893 2196 3948 quae
2217 3877 2271 3930 in
2302 3875 2624 3931 Morelliana
2675 3874 2915 3930 editione
2962 3876 3138 3945 posita
3169 3876 3366 3944 fuerat,
3399 3878 3653 3934 innume-

2078 3981 2155 4035 ris
2185 3981 2237 4034 in
2264 3979 2402 4036 locis
2424 3978 2771 4036 emendatam
2817 3992 2847 4035 e
2879 3979 3101 4050 regione
3138 3979 3312 4037 Graeci
3343 3991 3524 4038 textus
3553 3997 3653 4054 po-

2077 4098 2308 4139 sntmus.

413 4427 3629 4470 ww

632 4875 780 4953 "5‘1
803 4885 1102 5004 ΤΟΥ
1155 4884 1642 5004 ΑΥΤΟΥ
1697 4880 2226 5068 ΛΟΓΟΣ
2281 4887 3425 5006 ΠΑΡΑΙΝΕΤΙΚΟΣ

1272 5148 1452 5203 ΠΡΟΣ
1491 5147 1896 5202 ΣΤΑΓΕΙΡῙΟΝ
1937 5146 2276 5221 ΑΣΚΗΤΙΙΝ
2314 5146 2778 5202 ΔΛΙΜΟΝΩΝΤΑ.

1521 5271 1882 5422 ΑοΓὸΣ
1940 5335 2378 5422 ΠΡΩΤΟΣ
2427 5338 2484 5418 ·.

383 5464 451 5514 α’.
481 5457 626 5512 Ἔδει
649 5457 749 5528 μὲν
767 5457 936 5527 ἡμᾶς,
959 5448 1004 5508 ὧ
1034 5454 1256 5523 φίλτατε
1279 5451 1495 5506 πάντων
1520 5454 1642 5522 ἐμοὶ
1671 5453 1976 5522 Σταγείριε,

313 5541 409 5594 καὶ
437 5536 691 5608 παρεῖναί
718 5554 800 5591 σοι
825 5535 920 5589 νῦν
939 5534 1033 5588 καὶ
1055 5531 1733 5602 συνδιαταλαιπωρεῖσϐαι,
1765 5531 1862 5584 καὶ
1892 5531 1979 5584 λό-

375 5682 400 5710 “
416 5681 618 5730 Titulus
640 5679 711 5728 sic
734 5679 884 5728 habet
908 5679 956 5727 in
989 5675 1144 5724 Savil.
1168 5689 1179 5722 :
1210 5675 1552 5782 Χρυσοστὸξιου
1573 5674 1686 5737 φικὸς
1706 5672 1972 5742 Στσαγείριο]

375 5745 610 5782 ιίωνῶντα
649 5742 784 5782 )a’voc
823 5738 1204 5782 παοαιιυΘ-ητικὸι
1243 5753 1271 5782 α
1287 5737 1298 5754 ’
1354 5737 1405 5782 In
1431 5736 1458 5782 ἢ
1478 5737 1602 5782 orel.
1628 5751 1638 5782 :
1684 5739 1722 5782 Τ
1725 5751 1782 5781 ου
1824 5735 1970 5781 αὐτου

1377 5750 1405 5782 n
1431 5735 1638 5782 Moreh:
1684 5735 1782 5782 Τοῦ
1824 5735 1970 5781 αὐτοῦ

316 5795 448 5865 ὶὸίος
489 5795 812 5867 παραινετὶκὸς
855 5795 969 5862 uber,
996 5798 1260 5860 Σταγείρων
1303 5797 1512 5854 ἆσκητήν
1555 5799 1848 5857 δαιμονῶντα
1888 5795 1969 5842 λό-

2097 5472 2166 5522 γῳ
2198 5451 2636 5525 παρακαλοῦντα,
2699 5451 2795 5504 καὶ
2854 5451 3001 5522 ἔργῳ
3054 5449 3492 5521 διακονούμενον,
3517 5446 3614 5500 καὶ
3668 5447 3736 5500 τὰ

2083 5531 2219 5585 ἄλλα
2271 5532 2446 5586 πάντα
2497 5530 2964 5600 συλλαμϐάνοντα,
3031 5529 3194 5600 μέρος
3245 5546 3297 5582 τι
3352 5531 3448 5600 τῆς
3501 5525 3736 5596 ἀθυμίας

2078 5749 2156 5794 vo;
2174 5732 2246 5787 α’.
2265 5759 2332 5794 _—
2355 5731 2492 5779 Notae
2517 5738 2568 5778 et
2597 5733 2739 5794 variae
2762 5727 3078 5794 lectionesﬂin
3107 5734 3206 5778 tres
3232 5727 3378 5776 libros
3397 5725 3455 5775 ad
3475 5723 3738 5788 Slagirium

2078 5790 2139 5841 ex
2167 5791 2314 5841 Savil.
2341 5800 2386 5842 et
2416 5805 2477 5841 ex
2506 5805 2602 5840 uno
2625 5790 2908 5840 Colbertino
2929 5790 3096 5840 codice
3122 5797 3375 5852 petuntur.
