4124 6144
418 250 526 308 425

417 369 826 438 ἐπικουφίζειν.
864 371 988 426 ὅσον
1018 374 1150 444 ἡμῖν
1190 375 1416 430 δυνατὸν
1458 375 1555 450 ἦν·
1597 383 1787 453 ἐπειδὴ
1820 384 1877 438 δὲ
1912 387 1945 456 ἡ
1994 387 2089 440 τοῦ

418 455 670 526 σώματος
701 458 985 522 ἀσθένεια,
1008 461 1180 514 καὶτὸ
1212 466 1573 536 κατασκῆψαν
1595 471 1661 540 τῇ
1692 472 1901 545 κεφαλῇ
1924 455 2093 528 κακὸν

416 543 555 597 οῖκοι
595 543 779 614 μένειν
806 550 1253 617 καταναγκάσαν,
1284 550 1561 611 διακονίαν
1584 556 1839 615 τοσοῦτον
1860 543 2091 631 ἔχουσαν

415 628 604 700 κέρδος
641 631 789 700 ἡμᾶς
833 631 1103 701 ἀφείλετο,
1138 635 1274 707 ὅπερ
1311 638 1458 692 ἐστὶν
1491 639 1641 713 [155]
1678 628 1969 700 ὑπόλοιπον
1996 649 2090 702 καὶ

413 716 550 788 πρὸς
570 716 923 788 παραμυθίαν
944 719 1043 791 τὴν
1069 720 1189 792 σὴν,
1207 723 1302 777 καὶ
1326 725 1463 796 πρὸς
1479 726 1746 795 ὠφέλειαν
1768 731 1867 802 τὴν
1889 735 2091 805 ἡμετέ-

413 820 534 874 ραν,
569 803 727 856 τοῦτο
782 805 925 863 κατὰ
951 806 1184 879 δύναμιν
1217 813 1549 881 εἰσενεγκεῖν
1578 816 1680 870 οὐκ
1705 803 2009 891 ὀκνήσομεν
2035 832 2083 876 ι.

412 892 573 955 Ἴσως
606 891 706 961 μὲν
731 890 841 963 γὰρ
870 892 1024 949 ἔσται
1050 913 1103 952 τι
1135 896 1317 962 πλέον,
1355 900 1494 972 πρὸς
1516 901 1577 955 τὸ
1615 904 1684 958 τὰ
1734 890 1980 977 παρόντα
2024 926 2086 963 σε

406 978 594 1049 φέρειν
615 979 876 1048 γενναίως
897 994 913 1014 ο
944 981 1011 1042 ἂν
1038 982 1095 1036 δὲ
1115 983 1225 1056 ἄρα
1244 986 1408 1057 μηδέν
1440 1006 1493 1042 τι
1515 990 1756 1046 τοιοῦτον
1773 994 2081 1067 ἀνύσωμεν,

404 1066 467 1120 τὸ
494 1066 624 1136 γοῦν
644 1067 754 1120 τῶν
774 1070 855 1132 εἰς
884 1072 1034 1141 ἡμᾶς
1074 1073 1317 1143 ἡκόντων
1347 1075 1693 1150 ἐλλειφθῆναι
1723 1082 1910 1152 μηδὲν,
1953 1066 2084 1157 ῥᾷον

405 1155 551 1226 ἡμᾶς
611 1155 918 1211 διακεῖσθαι
965 1160 1181 1231 ποιήσει
1223 1160 1317 1215 τοῦ
1356 1163 1567 1221 λοιποῦ.
1620 1168 1679 1221 '0
1722 1171 1832 1243 γὰρ
1863 1155 2079 1228 ἅπαντα

403 1242 840 1314 ἀναπληρώσας,
893 1245 1105 1317 ὅσαπερ
1137 1247 1203 1301 ἂν
1235 1249 1415 1321 οἴηται
1448 1252 1477 1292 δ
1515 1255 1651 1326 πρὸς
1689 1242 1843 1311 λύσιν
1891 1260 2078 1332 φέρειν

399 1330 511 1385 τῶν
549 1333 888 1402 κατεχόντων
923 1335 1184 1406 ἀνιαρῶν,
1211 1337 1314 1392 κᾶν
1349 1341 1519 1412 μηδὲν
1556 1344 1789 1419 περάνῃ,
1821 1347 1922 1418 τῆς
1948 1330 2079 1418 γοῦν

399 1420 510 1473 ἀπὸ
532 1420 640 1473 τῶν
661 1419 937 1492 λογισμῶν
966 1423 1147 1486 αἰτίας
1171 1425 1411 1494 ἀφεῖται,
1440 1429 1535 1487 καὶ
1559 1430 1621 1490 τὸ
1665 1432 1775 1487 τῶν
1799 1434 2079 1507 ἐγκλημά-

399 1523 507 1559 των
538 1506 701 1585 ἄχθος
729 1507 1087 1584 ἀποθέμενος,
1102 1510 1164 1562 τὸ
1178 1511 1281 1581 τῆς
1310 1514 1550 1586 ἀθυμίας
1569 1506 2076 1591 φέρεινάναγκάζε-

396 1610 487 1653 ται
507 1594 688 1665 μόνον.
720 1595 783 1648 Εἰ
807 1595 905 1666 μὲν
931 1591 1025 1650 οὖν
1045 1596 1154 1651 τῶν
1179 1599 1611 1672 εὐδοκιμούντων
1641 1608 1792 1678 παρά
1826 1608 1946 1681 Θεῷ
1978 1611 2076 1666 καὶ

399 1682 611 1753 μεγάλα
642 1682 957 1753 δυναμένων
971 1684 1266 1756 ἐτύγχανον
1283 1687 1379 1753 ὢν,
1398 1691 1499 1745 οὑκ
1527 1691 1594 1746 ἂν
1631 1692 1871 1750 διέλιπον
1887 1690 2075 1770 δεόμεέ-

393 1788 481 1834 νος
513 1771 607 1824 καὶ
643 1772 899 1826 ἱκετεύων
924 1774 1062 1845 ὑπὲρ
1092 1775 1193 1846 τῆς
1212 1777 1399 1849 τιμίας
1427 1781 1551 1850 ἐμοὶ
1572 1784 1818 1855 κεφαλῆς
1837 1802 1852 1816 ο
1881 1787 2070 1861 ἐπειδὴ

391 1858 447 1912 δέ
489 1877 557 1930 με
613 1859 714 1930 τὴν
760 1861 1072 1932 παρρησίαν
1106 1864 1323 1936 ἐκείνην
1357 1867 1453 1920 καὶ
1503 1869 1601 1942 τὴν
1641 1873 1794 1943 ίσχὺν
1854 1875 1912 1929 τὸ
1961 1858 2071 1933 τῶν

391 1945 805 2018 ἁμαρτημάτων
833 1948 1036 2018 πλῆθος
1073 1949 1413 2024 παρῄρηται,
1435 1955 1535 2027 τὴν
1555 1957 1643 2012 διὰ
1674 1959 1935 2031 ῥημάτων
1966 1982 2073 2020 πα-

393 2033 664 2112 ράκλησιν
713 2034 1050 2112 πειράσομαί
1094 2054 1177 2100 σοι
1236 2045 1627 2111 προσαγαγεῖν.
1671 2047 1781 2099 Kal
1834 2049 1944 2123 γὰρ
1975 2052 2070 2106 ἐπὶ

387 2120 498 2181 τῶν
535 2122 605 2176 τά
629 2120 855 2197 σώματα
892 2124 1230 2205 καμνόντων,
1287 2130 1486 2211 ἰατρῶν
1522 2132 1620 2201 μὲν
1670 2120 1931 2204 ἀφανίσαι
1968 2140 2068 2206 τάς

387 2209 684 2282 ἀλγηδόνας
729 2212 822 2265 καὶ
855 2211 1061 2266 παῦσαι
1089 2213 1188 2285 τὴν
1208 2209 1387 2280 νόσον,
1409 2217 1471 2271 τὸ
1494 2219 1552 2272 δὲ
1584 2224 1922 2293 παρακαλεῖν
1945 2228 2067 2283 οὐδὲ

386 2298 498 2353 τῶν
531 2297 757 2385 οίκετῶν
794 2300 844 2351 oi
879 2299 1008 2370 περὶ
1048 2301 1148 2371 τὴν
1192 2301 1490 2374 θεραπείαν
1528 2306 1680 2373 ὄντες
1712 2311 2018 2385 ἀφῄρηνται
2046 2356 2061 2382 ,

385 2386 501 2440 ἀλλ’
527 2379 672 2440 οὗτοι
706 2386 942 2457 μάλιστά
981 2389 1116 2441 εἰσιν
1163 2391 1213 2444 οἱ
1264 2393 1391 2456 τοὺς
1424 2393 1652 2461 πολλοὺς
1690 2379 2063 2471 ὑπέρτούτων

384 2473 769 2538 ἀναλίσκοντες
824 2472 1035 2541 λόγους,
1100 2475 1231 2539 ὅταν
1288 2477 1435 2541 εὐνοι
1475 2492 1498 2523 ο
1554 2486 1670 2547 τοῖς
1704 2488 2062 2559 κεκτημένοις

384 2561 583 2625 αὐτοὺς
613 2562 851 2632 τύχωσιν
888 2561 1060 2626 ὄντες.
1096 2564 1193 2617 Ἂν
1225 2566 1324 2637 μὲν
1361 2569 1469 2638 γάρ
1495 2586 1547 2623 τι
1572 2570 1735 2644 λεχθῇ
1756 2577 2061 2648 παρ’ήμῶν

304 2712 307 2716 _
381 2647 444 2701 τὸ
471 2648 770 2718 δυνάμενον
806 2648 995 2702 σϐέσαι
1018 2649 1117 2731 τῆν
1148 2651 1386 2725 ἄμετρον
1414 2656 1617 2727 ταύτην
1662 2659 1887 2732 ὀδύνην,
1914 2647 2060 2738 ἀπερ

381 2735 655 2806 εὐχόμεθα
689 2737 928 2804 γέγονεν’
949 2735 1015 2790 ἂν
1039 2738 1097 2790 δὲ
1123 2734 1291 2810 μηδὲν
1321 2740 1572 2814 εὕρωμεν
1587 2746 1922 2816 φθέγξασθαι
1943 2734 2055 2805 τοιλ

379 2824 506 2905 οῦτο
531 2823 580 2889 ἀ,
613 2825 715 2894 τῆς
740 2824 870 2892 γοῦν
896 2825 1209 2896 προθυμίας
1244 2830 1393 2900 ἡμᾶς
1423 2831 1741 2900 ἀποδέξεται
1781 2838 1996 2905 πάντως
2027 2842 2057 2894 6

379 2898 640 2976 κελεύσας
662 2911 749 2965 διὰ
770 2911 863 2965 τοῦ
892 2915 1160 2984 μακαρίου
1192 2898 1404 2971 Παύλου
1437 2898 1647 2977 κλαίειν
1675 2925 1817 2994 μετὰ
1850 2898 2057 2983 κλαιόν-

375 3016 490 3053 των
518 3000 611 3062 καὶ
639 2999 1050 3068 συναπάγεσθαι
1084 3003 1197 3066 τοῖς
1221 3009 1515 3071 ταπεινοῖς.

446 3105 610 3158 Δοκεῖ
636 3102 734 3174 μὲν
763 3100 857 3157 οὖν
886 3103 987 3174 μία
1032 3121 1114 3159 σοι
1137 3106 1236 3178 τῆς
1257 3107 1496 3181 ἀθυμίας
1510 3112 1768 3179 ὑπόθεσις
1798 3112 1938 3173 εἶναι
1957 3120 2051 3174 τοῦ

374 3190 610 3272 ⁴πονηροῦ
633 3190 822 3244 τούτου
838 3191 1090 3264 δαίμονος
1118 3195 1152 3266 ή
1195 3197 1360 3270 μανία
1377 3215 1390 3228 ·
1424 3199 1596 3259 πολλά
1615 3202 1672 3255 δὲ
1692 3202 1758 3257 ἂν
1789 3205 1939 3278 εὕροι
1965 3225 2051 3272 τις

373 3277 573 3349 ἑφεξῆς
590 3278 659 3332 τά
682 3279 790 3332 ἀπὸ
815 3279 915 3358 τῆς
952 3281 1107 3354 ῥίζης
1130 3282 1333 3356 ταύτης
1350 3288 1646 3360 τικτόμενα
1678 3277 1916 3364 λυπηρά.
1940 3296 2052 3349 Kal

370 3367 541 3421 ταῦτα
573 3368 673 3421 οὑκ
706 3368 800 3421 ἀπ’
835 3368 1075 3438 ἐμαυτοῦ
1108 3369 1252 3439 λέγω
1273 3371 1389 3438 νῦν,
1422 3374 1540 3427 ἀλλ’
1577 3375 1636 3444 ἐξ
1679 3371 1755 3432 ῶν
1791 3380 2052 3453 ἀποδυρο-

375 3454 540 3527 μένου
570 3470 665 3506 σου
693 3453 954 3517 πολλάκις
981 3456 1192 3526 ἥκουσα
1220 3458 1361 3530 πρὸς
1392 3461 1425 3530 ή
1436 3462 1564 3530 μᾶς,
1590 3462 1758 3534 ἡνίκα
1782 3466 1881 3519 σὺν
1913 3468 2047 3539 ἡμῖν

368 3537 512 3614 ἦσθα
532 3559 545 3572 ·
567 3542 661 3594 καὶ
686 3541 904 3612 πρῶτον
932 3542 1030 3611 μὲν
1046 3542 1110 3595 τὸ
1126 3543 1523 3618 βιωτικώτερον
1537 3547 1716 3613 ζῶντα
1730 3552 1822 3607 τὸν
1837 3537 2046 3625 ἔμπρο-

371 3629 495 3693 σθεν
516 3629 706 3699 χρόνον
730 3628 894 3700 μηδὲν
911 3628 1123 3684 τοιοῦτο
1139 3631 1354 3699 παθεῖν,
1371 3634 1486 3689 ἀλλ’
1510 3636 1671 3708 ἡνίκα
1693 3640 2046 3712 ὲσταύρωσας

367 3716 445 3787 τῷ
492 3716 684 3787 κόσμῳ
713 3716 930 3779 σαυτὸν,
959 3719 1262 3790 τηνικαῦτα
1317 3720 1571 3795 αἴσθησιν
1618 3725 1712 3796 τῆς
1751 3727 1908 3781 νόσου
1944 3728 2044 3787 λα-

367 3805 503 3881 ϐεῖν,
552 3806 733 3859 ἱκανὸν
761 3805 1060 3883 θορυϐῆσαι
1095 3818 1119 3847 ε
1156 3808 1250 3861 καὶ
1274 3811 1356 3873 είς
1387 3810 1698 3889 ἀμηχανίαν
1749 3815 2039 3893 ἐμϐαλεῖν·

363 3892 616 3968 δεύτερον
638 3893 695 3946 δὲ
718 3894 779 3947 τὸ
805 3893 1033 3959 πολλοὺς
1069 3894 1167 3967 μὲν
1200 3897 1294 3950 καὶ
1312 3897 1637 3970 τρυφῶντας
1661 3901 1770 3965 τῶν
1788 3892 1868 3957 7τά
1901 3904 2042 3959 αὐτά

366 3980 450 4033 σοὶ
478 3981 865 4051 νενοσηκότων,
888 3983 1082 4053 μικρὸν
1117 3985 1568 4057 καρτερήσαντας
1614 3990 1807 4062 χρόνον
1830 4032 1847 4059 ,
1902 3994 2038 4048 ταύ-

360 4085 461 4137 της
485 4068 866 4140 άπαλλαγῆναι
888 4071 987 4140 τῆς
1012 4071 1343 4141 ἀρρωστίας,
1397 4074 1489 4127 καὶ
1521 4074 1695 4141 οὑτως
1721 4079 1802 4143 εἰς
1823 4079 2038 4136 τελείαν

362 4156 573 4225 ὑγίειαν
601 4155 940 4218 ἐπανελθεῖν,
962 4157 1039 4219 ὡς
1064 4158 1159 4210 καὶ
1188 4158 1449 4231 ὁμιλῆσαι
1481 4162 1701 4234 γάμοις,
1742 4167 1838 4221 καὶ
1868 4170 2037 4223 πατέ-

361 4260 464 4315 ρας
480 4242 731 4312 γενέσθαι
769 4243 973 4298 παίδων
1006 4244 1236 4312 πολλῶν,
1270 4249 1501 4304 καὶτῶν
1541 4252 1717 4323 ἡδέων
1760 4256 1854 4308 τοῦ
1889 4275 2034 4332 παρ-

358 4329 512 4404 όντος
550 4329 859 4385 ἀπολαῦσαι
899 4331 1048 4412 βίου,
1090 4335 1185 4387 καὶ
1219 4336 1386 4415 μηδὲν
1406 4337 1616 4393 τοιοῦτο
1639 4341 1802 4397 πάλιν
1817 4329 2029 4400 παθεῖν·

360 4418 418 4478 σὲ
437 4418 493 4480 δὲ
512 4418 763 4472 τοσοῦτον
783 4408 1008 4475 ἕλκοντα
1024 4420 1215 4493 χρόνον
1228 4408 1293 4477 ὲν
1315 4426 1595 4495 νηστείαις
1622 4429 1717 4482 καὶ
1739 4433 2030 4505 παννυχίσι

355 4507 449 4560 καὶ
481 4509 544 4578 τῇ
581 4505 739 4578 λοιπῇ
785 4506 1203 4581 σκληραγωγία,
1254 4511 1527 4584 μηδεμίαν
1573 4515 1728 4570 λύσιν
1773 4519 2030 4588 εὑρέσθαι

353 4601 463 4663 τῶν
518 4604 856 4676 κατεχόντων
910 4604 1130 4659 δεινῶν⁹
1183 4608 1365 4677 τρίτον
1420 4611 1559 4682 πρὸς
1603 4612 1835 4679 τούτοις,
1850 4615 1912 4668 τὸ
1938 4617 2028 4671 τὸν

354 4704 509 4773 ᾆγιον
522 4707 726 4763 ἐκεῖνον
743 4705 1011 4777 τοσαύτην
1038 4709 1093 4760 ὲν
1111 4708 1293 4772 ἀλλοις
1321 4710 1547 4779 ἀνδράσι
1575 4710 1805 4784 δύναμιν
1831 4716 2028 4769 ἐπιδει-

353 4796 608 4869 ξάμενον,
645 4800 812 4881 μηδὲν
843 4801 934 4853 ἐπὶ
969 4801 1069 4883 τῆς
1094 4802 1195 4883 σῆς
1223 4805 1440 4879 ἀγάπης
1469 4805 1761 4887 δυνηθῆναι
1819 4811 2024 4885 πρᾶξαι

348 4895 588 4961 τοιοῦτο,
627 4898 764 4973 μήτε
808 4899 1036 4962 ἐκεῖνον,
1096 4902 1235 4977 μήτε
1285 4900 1412 4962 τούς
1453 4902 1571 4968 μετ’
1604 4903 1814 4966 ἐκείνου
1841 4904 1900 4969 ί,
1929 4906 2024 4962 καὶ

351 4990 523 5051 ταῦτα
563 4991 967 5063 δυνατωτέρους
1004 4992 1161 5056 ὄντας
1190 4994 1374 5056 αὐτοῦ,
1427 4995 1563 5048 ἀλλά
1811 5001 2019 5068 πάντας

346 5088 549 5159 ὁμοίως
587 5085 1015 5157 ὲρυθριάσαντας
1050 5087 1328 5141 ἀπελθεῖν.
1375 5088 1532 5153 Μετά
1569 5091 1625 5143 δὲ
1673 5091 1879 5155 τούτων
1925 5097 2021 5151 καὶ

345 5180 927 5263 ἑτέρωςσφόδραεφης
965 5182 1173 5260 ἀλγεῖν,
1204 5184 1287 5237 δτι
1319 5182 1461 5243 οὕτω
1494 5200 1588 5245 σου
1626 5185 1725 5258 τῆς
1753 5186 1930 5261 ψυχῆς
1977 5194 2008 5264 ή

406 5364 431 5392 ³³
457 5363 606 5412 Savil.
632 5366 771 5411 nnlnl
788 5362 839 5409 in
861 5375 1012 5423 marg.
1038 5361 1125 5409 οὐκ
1142 5360 1438 5422 ὁκνήσωμεν.

403 5423 434 5468 b
454 5426 587 5491 Cpit).
616 5424 847 5491 el_Sa\il:
884 5426 1052 5491 οἴοιτο,
1076 5423 1248 5491 Μοιᾭι.
1275 5424 1449 5491 οἴηται.

408 5492 427 5556 ιζ
454 5487 626 5556 Mergi.
651 5487 793 5556 εὖνοι,
819 5487 968 5556 Sayil.
993 5487 1161 5556 εὐγοοι,
1188 5484 1408 5556 ὶιςιηειμθ
1431 5483 1567 5556 Coll).
1595 5490 1765 5547 codex,

401 5548 429 5589 ἀ
450 5551 578 5596 μαι-ιι
624 5546 860 5607 τοιοῦτον,
882 5546 960 5595 hic
973 5557 1025 5595 et
1045 5548 1183 5595 infra.
1209 5546 1378 5594 Morel.
1413 5546 1621 5598 τοιοῦτο.

400 5613 419 5672 ἢ
443 5610 525 5659 Sic
550 5614 699 5660 Savil.
721 5620 877 5659 recte.
906 5609 1077 5658 Morel.
1101 5609 1414 5672 θορυϐεῖσθαι.

402 5671 426 5708 τ
454 5673 626 5722 Morel.
648 5677 698 5722 in
722 5678 861 5722 textu
888 5679 939 5734 et
960 5674 1107 5734 sam.
1146 5671 1192 5718 in
1234 5684 1386 5734 mqrg.
1427 5672 1527 5734 μετ’
1551 5672 1747 5723 ἐκείνου.
1774 5675 1925 5724 Savil.
1954 5677 2000 5724 ir.

341 5739 477 5782 textu
496 5736 598 5797 per}
623 5736 814 5784 ἐκεῖνον.
840 5732 963 5785 Infra
996 5733 1167 5781 Morel.
1194 5741 1250 5797 el_
1279 5732 1437 5797 Sa_’v_il.‘
1457 5736 1676 5797 ip_marg.
1709 5738 2000 5797 περιεγένετο

338 5793 539 5854 δύναμις.
571 5795 719 5844 Savil.
740 5798 788 5845 in
817 5803 953 5844 lexlu
992 5812 1043 5841 π.
1069 5793 1292 5856 τυραννίς.
1339 5793 1446 5842 Mm:
1477 5793 1657 5847 Μιψριῖ
1674 5793 1900 5853 πολλάκις
1925 5798 1999 5845 ἐπὶ

336 5854 505 5915 βεθλον
539 5857 698 5906 ἐλθεῖν.
727 5856 960 5908 Saxilium
982 5854 1248 5918 sequimur.

1180 260 1239 317 S.
1278 261 1566 323 JOANNIS
1602 265 2091 329 CHRYSOSTOMI
2132 272 2458 337 ARCHIEP.
2498 279 3053 345 CONSTANTUNOP.

3666 308 3879 368 1626

2196 389 2298 461 τῆς
2324 390 2562 464 ἀθυμίας
2585 400 2935 470 περιεγένετο
2957 403 3210 477 δύναμις,
3255 409 3331 475 ὡς
3376 418 3578 488 μικροῦ
3605 422 3877 495 πολλάκις

2193 486 2288 538 καὶ
2306 486 2399 542 ἐπὶ
2426 489 2620 563 βρόχον
2642 495 2885 568 ὁρμῆσαι
2911 499 3106 567 ἐλθεῖν,
3131 505 3225 558 καὶ
3261 508 3354 562 ἐπὶ
3384 486 3635 587 ποταμὸν
3651 521 3746 575 καὶ
3776 486 3876 581 ἐπί

2191 584 2456 653 κρημνόν.
2478 587 2637 643 Ἔστι
2662 590 2721 645 δέ
2759 608 2811 646 τι
2834 595 2930 648 καὶ
2968 597 3218 668 πέμπτον
3246 601 3341 656 ἐπὶ
3378 584 3616 675 τούτοις,
3650 615 3712 668 τδ
3737 619 3876 685 τοὺς

2193 678 2292 748 μὲν
2329 680 2602 752 ὁμήλικας
2633 686 2730 740 καὶ⁸
2763 688 2904 758 μετά
2941 690 3037 745 σοῦ
3076 693 3282 768 ταύτης
3312 698 3624 773 ἡργμένους
3646 710 3748 781 τῆς
3772 678 3877 769 no;

2187 773 2415 843 λιτείας,
2447 780 2582 851 όρᾷν
2607 783 2666 836 ὲν
2691 784 2930 858 εὐθυμία
2965 787 3272 861 διάγοντας,
3308 799 3506 854 σαυτὸν
3537 802 3598 856 δὲ
3626 807 3686 861 ὲν
3702 773 3877 881 χαλε-

2187 872 2425 945 πωτάτῳ
2439 875 2671 932 κλύδωνι
2685 886 2713 927 ε
2731 882 2983 953 κείμενον
2997 884 3079 941 ἔτι
3100 890 3194 944 καὶ
3213 889 3591 969 δεσμωτήριον
3611 872 3876 964 οἰκοῦντα

2183 968 2247 1022 τὸ
2284 968 2505 1024 πάντων
2544 971 2928 1050 ἐλεεινότερον.
2969 981 3045 1036 Οὑ
3072 984 3182 1057 γὰρ
3216 987 3358 1043 οὑτω
3390 968 3517 1058 τούς
3542 995 3873 1070 δεδεμένους

2186 1063 2391 1138 σιδήρῳ
2417 1067 2677 1142 δακρύειν
2698 1070 2836 1145 ἔφης
2853 1073 2987 1141 δεῖν,
3031 1078 3109 1143 ὡς
3145 1081 3275 1147 τοὺς
3310 1084 3519 1159 ταύτην
3545 1063 3873 1168 περίκειμέξ

2183 1176 2305 1226 νους
2355 1163 2455 1236 τὴν
2483 1165 2694 1222 ἅλυσιν.
2738 1170 2965 1241 Ἐλεγες
3004 1173 3062 1229 δέ
3093 1180 3300 1248 μοικαὶ
3322 1180 3511 1256 ἕτερον
3553 1163 3694 1245 εἶναι
3725 1163 3873 1267 πρὸς

2180 1259 2394 1325 τούτοις
2417 1260 2480 1315 τό
2501 1262 2741 1334 μάλιστά
2766 1284 2826 1321 σε
2850 1268 3151 1341 θορυϐοῦψΔ
3173 1275 3474 1335 δεδοικέναι
3515 1283 3625 1357 γάρ
3655 1259 3800 1362 ὑπὲρ
3832 1259 3869 1334 ί

2178 1354 2271 1408 τοῦ
2306 1358 2515 1428 πατρὸς
2545 1361 2642 1416 καὶ
2690 1363 2937 1435 τρέμειν,
2993 1368 3206 1441 μήποτε
3247 1354 3604 1448 αἰσθόμενος,
3645 1354 3869 1455 μεγάλα

2175 1452 2306 1555 τοὺς
2353 1454 2790 1530 ὑποδεξαμένους
2848 1478 2908 1516 σε
2945 1463 3045 1536 τὴν
3089 1466 3265 1540 ἀρχὴν
3314 1471 3503 1542 ἀγίους
3555 1452 3866 1555 ἐργάσηται

2176 1545 2345 1602 δεινά·
2372 1552 2440 1621 τῇ
2463 1568 2525 1605 τε
2551 1551 2662 1625 γάρ
2684 1553 2911 1628 δυνάμει
2929 1558 3026 1614 καὶ
3059 1561 3140 1634 τῷ
3162 1562 3381 1638 πλούτῳ
3399 1545 3729 1645 θαρροῦντα,
3752 1545 3866 1635 ’καὶ

2176 1645 2282 1701 ὑπὸ
2321 1645 2424 1718 τῆς
2467 1646 2708 1721 ἀθυμίας
2748 1653 3122 1726 κρατούμενον
3150 1699 3166 1725 ,
3224 1663 3407 1720 πάντα
3437 1667 3735 1742 τολμήσειν
3777 1678 3864 1742 εἰς

2174 1742 2396 1810 αὐτοὺς,
2430 1746 2528 1800 καὶ
2554 1747 2773 1814 οὐδενὸς
2798 1751 3100 1822 ἀφέξεσθαι
3126 1756 3240 1813 τῶν
3262 1758 3650 1831 ἐμπιπτόντων
3681 1771 3860 1845 αὐτῷ.

2172 1838 2285 1893 Καὶ
2324 1838 2490 1912 μέχρι
2517 1842 2618 1914 μὲν
2644 1842 2740 1898 τοῦ
2766 1845 3037 1918 παρόντος
3073 1847 3368 1924 δυνηθῆναι
3392 1856 3494 1928 τὴν
3516 1861 3734 1933 μητέρα
3760 1838 3862 1921 καὶ

2173 1935 2518 2007 συγκαλύψαι
2578 1937 2641 1992 τὸ
2690 1941 2937 2011 γεγονὸς,
2993 1943 3090 2000 καὶ
3134 1947 3501 2021 ἐπιζητοῦντα
3546 1972 3609 2009 σε
3672 1976 3862 2033 παρα-

2170 2030 2508 2104 κρούσασθαι
2555 2034 2821 2101 πολλάκις
2860 2038 3023 2094 αὐτόν
3055 2055 3071 2071 ·
3111 2044 3163 2097 εί
3207 2043 3267 2099 δὲ
3320 2047 3513 2118 χρόνος
3558 2030 3858 2129 ἐγγένηται

2170 2129 2394 2196 πλείων,
2436 2132 2863 2206 φωραθήσεσθαι
2895 2139 2997 2209 τῆς
3022 2140 3232 2213 μητρὸς
3256 2142 3356 2216 τὴν
3387 2146 3701 2222 ὑπόκρισιν,
3753 2160 3861 2214 καὶ

2167 2226 2442 2299 ἀφόρητον
2468 2227 2632 2284 αὑτὸν
2660 2230 2846 2304 ἐκείνῃ
2870 2250 2929 2286 τε
2956 2233 3178 2291 ἔσεσθαι
3205 2237 3301 2291 καὶ
3328 2241 3443 2305 τοῖς
3473 2249 3752 2315 μοναχοῖς.
3788 2249 3859 2306 '0

2165 2320 2225 2376 δὲ
2268 2322 2382 2378 τῶν
2414 2324 2599 2379 κακῶν
2627 2324 2872 2399 κολοφὼν
2906 2329 2968 2384 τὸ
3023 2333 3162 2405 μηδὲ
3198 2334 3341 2409 ὑπὲρ
3386 2339 3499 2394 τῶν
3537 2341 3856 2412 μελλόντων

2166 2417 2310 2490 ἔχειν
2341 2420 2584 2494 θαρρεῖν,
2619 2425 2753 2497 μηδὲ
2776 2425 2977 2481 εἰδέναι
3020 2430 3229 2499 σαφῶς,
3256 2432 3312 2486 εἴ
3354 2451 3487 2489 ποτε
3519 2435 3670 2491 ἔσται
3691 2438 3857 2506 λύσις

2164 2518 2263 2587 τῆς
2296 2516 2454 2572 νόσου
2492 2520 2695 2592 ταύτης
2713 2522 2807 2575 καὶ
2838 2522 3149 2598 ἀπαλλαγὴ,
3177 2525 3267 2581 διὰ
3290 2528 3351 2582 τὸ
3377 2530 3640 2597 πολλάκις
3684 2534 3855 2591 τοῦτο

2164 2616 2615 2688 προσδοκήσαντα
2668 2618 2831 2675 πάλιν
2877 2622 2992 2685 τοῖς
3035 2621 3224 2686 αὐτοῖς
3254 2631 3594 2697 περιπεσεῖν.
3657 2630 3852 2688 Ἱκανά

2162 2710 2295 2781 γοῦν
2330 2713 2507 2768 ταῦτα
2568 2716 2872 2789 θορυϐῆσαι
2899 2719 3100 2791 ψυχὴν,
3149 2723 3245 2776 καὶ
3297 2724 3502 2798 πολλῆς
3555 2729 3849 2801 ἐμπλῆσαι

2160 2808 2429 2881 ταραχῆς,
2475 2810 2609 2866 ἀλλά
2639 2811 2819 2884 ψυχὴν
2845 2813 2944 2886 τὴν
2987 2817 3331 2889 παρειμένην
3385 2822 3478 2874 καὶ
3513 2824 3847 2883 ἀπαίδευτον

2159 2906 2255 2959 καὶ
2283 2905 2499 2977 νωθράν
2518 2925 2532 2940 ·
2567 2909 2731 2979 ἡμεῖς
2758 2909 2817 2963 δὲ
2835 2911 2905 2980 ἢν
2926 2911 3275 2987 ὲθελήσωμεν
3305 2917 3592 2989 διαϐλέψαι
3615 2922 3844 2994 μικρὸν,

2157 3001 2252 3055 καὶ
2283 3001 2582 3073 λογισμοὺς
2631 3003 2962 3076 ἀνακινῆσαι
3017 3009 3146 3072 τοὺς
3193 3010 3462 3077 εὐσεϐεῖς,
3488 3011 3679 3085 ὥσπερ
3709 3015 3846 3070 τινὰ

2156 3098 2304 3153 κόνιν
2323 3098 2528 3171 λεπτὴν
2548 3138 2563 3164 ,
2609 3098 2815 3165 ταύτας
2840 3103 3284 3176 ἀποτιναξόμεθα
3308 3105 3413 3177 τῆς
3450 3107 3696 3179 ἀθυμίας
3732 3109 3844 3175 τὰς

2155 3197 2463 3262 ὑποθέσεις.
2478 3198 2673 3259 Καίτοι
2692 3199 2767 3271 μή
2798 3217 2865 3271 με
2898 3201 3129 3273 νομίσῃς
3159 3202 3250 3256 διά
3284 3204 3346 3257 τὸ
3377 3204 3482 3270 ἔξω
3523 3204 3619 3260 τοῦ
3662 3207 3840 3263 πόνου

2154 3296 2248 3348 καὶ
2283 3295 2383 3365 τῆς
2408 3293 2581 3364 ζάλης
2623 3293 2828 3375 ταύτης
2868 3296 3128 3360 ἑστάναι,
3173 3297 3346 3352 ταῦτα
3392 3298 3843 3372 ὲπαγγέλλεᾶθαε

2153 3396 2236 3433 σοι
2284 3379 2402 3451 μετ’
2446 3377 2701 3442 εὐκολίας
2747 3378 2864 3440 νῦν.
2891 3379 2956 3443 Εἰ
2985 3379 3096 3457 γὰρ
3133 3382 3226 3435 καὶ
3261 3382 3466 3437 ἄπιστα
3485 3386 3618 3453 δόξω
3643 3388 3839 3458 λέγειν

2148 3475 2311 3542 τισὶν,
2339 3474 2453 3528 ἀλλ’
2481 3474 2631 3547 ὅμως
2652 3474 2763 3548 ἐρῶ
2794 3493 2807 3505 ·
2846 3476 2907 3529 οὐ
2942 3475 3052 3548 γάρ
3084 3476 3150 3555 δη
3178 3477 3319 3554 μετά
3366 3479 3477 3536 τῶν
3512 3481 3685 3541 ἄλλων
3729 3487 3838 3542 καὶ

2148 3574 2311 3638 αὐτὸς
2348 3574 2672 3647 ἀπιστήσεις
2718 3576 2870 3647 ἡμῖν.

2229 3786 2446 3859 Ἐπειδὴ
2473 3787 2582 3860 γὰρ
2619 3788 2935 3862 ὲπεπήδησέ
2972 3808 3064 3846 σου
3087 3795 3152 3865 τῇ
3177 3793 3320 3867 ψυχῇ
3348 3797 3502 3868 παρά
3527 3798 3624 3870 τὴν
3643 3800 3831 3879 ἀρχὴν

2142 3883 2171 3936 6
2199 3881 2395 3961 μιαρὸς
2408 3882 2618 3954 δαίμων
2644 3885 2875 3950 ἐκεῖνος,
2906 3888 2999 3940 καὶ
3032 3889 3238 3958 μεταξὺ
3270 3892 3490 3946 πάντων
3523 3894 3830 3967 εὐχόμενον

2141 3977 2464 4043 κατέϐαλεν,
2477 3979 2578 4033 οὐκ
2593 3978 2784 4051 ἔτυχον
2804 3980 2903 4053 μὲν
2916 3983 3108 4054 παρὼν
3143 3985 3261 4056 (καὶ
3281 3986 3441 4058 χάριν
3457 3988 3566 4060 ἔχω
3593 3992 3673 4064 τῷ
3694 3993 3829 4061 φιλ.

2139 4071 2413 4145 ἀνθρώπῳ
2469 4074 2641 4147 Θεῷ),
2681 4076 2884 4149 ἔμαθον
2934 4078 2993 4131 δὲ
3047 4078 3265 4137 ἅπαντα
3306 4083 3447 4153 μετά
3503 4086 3820 4158 ἀκριϐείας,

2134 4166 2445 4241 ὡσπερανεὶ
2469 4171 2680 4243 παρών.
2726 4173 2786 4226 '0
2818 4173 2929 4247 γὰρ
2952 4174 3085 4247 ἐμὸς
3114 4176 3266 4246 φίλος
3299 4179 3392 4232 καὶ
3426 4179 3518 4245 σὸς
3542 4180 3822 4251 »Θεόφιλος

2134 4264 2164 4315 6
2199 4264 2445 4334 Ἐφέσιος
2494 4265 2686 4332 ἐλθὼν,
2717 4267 2935 4324 ἅπαντά
2969 4287 3062 4341 μοι
3121 4273 3307 4341 σαφῶς
3349 4273 3668 4345 διηγήσατο,
3713 4276 3819 4350 τὴν

2137 4361 2467 4435 στρέϐλωσιν
2488 4361 2599 4417 τῶν
2629 4364 2851 4436 χειρῶν,
2867 4366 2969 4437 τὴν
2992 4366 3325 4441 διαστροφὴν
3348 4369 3459 4447 τῶν
3488 4370 3815 4444 ὀφθαλμῶν,

2131 4457 2224 4510 τὸν
2277 4456 2386 4510 ἀπὸ
2445 4458 2542 4512 τοῦ
2596 4457 2866 4530 στόματος
2907 4463 3112 4536 ἀφρὸν,
3157 4465 3257 4537 τὴν
3293 4466 3668 4538 ἀποτρόπαιον
3718 4470 3817 4525 καὶ

2131 4550 2344 4622 ἄσημον
2397 4553 2614 4625 ἐκείνην
2650 4556 2836 4628 φωνὴν
2857 4596 2874 4623 ,
2918 4558 3011 4613 τὸν
3035 4559 3130 4613 τοῦ
3174 4560 3430 4633 σώματος
3449 4563 3674 4635 τρόμον,
3708 4566 3813 4640 τὴν

2130 4646 2490 4720 ἀναισθησίαν
2506 4652 2607 4722 τὴν
2639 4652 2735 4706 ἐπὶ
2773 4643 2929 4721 πολὺ,
2963 4656 3025 4709 τὸ
3057 4656 3189 4730 ὄναρ
3221 4658 3282 4711 τὸ
3336 4660 3478 4712 κατὰ
3510 4660 3610 4731 τὴν
3636 4661 3811 4716 νύκτα

2127 4742 2346 4815 ἐκείνην
2378 4748 2574 4816 φανέν’
2609 4748 2802 4822 ἄγριον
2821 4751 2930 4823 γάρ
2959 4768 3083 4806 τινα
3102 4746 3167 4807 ὗν
3194 4753 3439 4828 βορϐόρῳ
3473 4756 3806 4828 μολυνθέντα

2126 4843 2310 4915 πολλῷ
2352 4845 2592 4917 συνεχῶς
2643 4848 2914 4920 ὲπιπηδᾷν
2958 4866 3040 4904 σοι
3083 4852 3178 4905 καὶ
3221 4851 3619 4924 προσπαλαίειν
3663 4855 3801 4926 ἔφη·

2124 4934 2246 4994 εἷτα
2279 4940 2373 4994 τὸν
2418 4943 2900 5016 παρακαθεύδοντα
2944 4946 3051 5000 ὑπὸ
3084 4947 3187 5018 τῆς
3223 4947 3399 5019 ὅψεως
3431 4953 3800 5022 ταραχθέντα,

2122 5034 2468 5108 διεγερθῆναί
2512 5055 2595 5104 τε,
2637 5041 2730 5094 καὶ
2754 5041 2916 5095 πάλιν
2952 5060 3011 5095 σε
3042 5043 3360 5115 κινούμενον
3394 5045 3501 5100 ὑπὸ
3550 5049 3647 5103 τοῦ
3681 5050 3801 5105 δαί-

2127 5149 2288 5203 μονος
2325 5135 2528 5208 εὑρεῖν.

2196 5227 2261 5299 β’.
2312 5230 2529 5305 Ἐπειδὴ
2561 5228 2655 5288 οὖν
2696 5226 2869 5291 ταῦτα
2896 5236 3231 5309 ἀπήγγειλεν
3262 5241 3496 5305 ἐκεῖνος,
3520 5243 3797 5313 τοσαύτην

2119 5327 2252 5395 ἡμῖν
2294 5328 2522 5400 κατέχεε
2560 5330 2660 5401 τὴν
2690 5332 2881 5402 ἀχλὺν,
2919 5335 3052 5407 ὅσην
3077 5337 3106 5390 6
3136 5335 3346 5407 δαίμων
3370 5329 3528 5402 οὗτος
3542 5342 3609 5411 τῇ
3643 5338 3794 5413 [157]

2115 5423 2305 5497 ἀγάπῃ
2325 5428 2390 5497 τῇ
2416 5429 2500 5498 σῇ.
2545 5427 2631 5491 Ὧς
2645 5428 2701 5482 δὲ
2723 5431 2867 5500 μετά
2901 5431 3069 5486 πολὺν
3101 5432 3375 5504 ἀνήνεγκα
3404 5436 3618 5506 χρόνον,
3638 5435 3793 5490 οὐδὲν

2112 5518 2235 5587 ἐμοὶ
2260 5519 2447 5575 λοιπὸν
2473 5522 2582 5576 τῶν
2612 5526 2671 5575 ὲν
2702 5525 2781 5596 τῷ
2809 5528 2999 5598 κόσμῳ
3026 5529 3203 5600 τούτῳ
3224 5530 3414 5584 δεινῶν
3442 5533 3623 5587 ἐδόκει
3648 5528 3791 5587 εἶναι

2110 5766 2135 5835 6.
2169 5728 2193 5766 8
2219 5726 2301 5837 Sig
2336 5731 2677 5793 rescripsimus
2716 5747 2745 5782 e
2790 5736 2970 5797 Savil.;
3019 5736 3186 5789 Monlf.
3232 5741 3278 5788 ἐν
3321 5740 3518 5806 λαλεπῷ
3559 5740 3629 5807 τῷ
3668 5741 3784 5794 κλύε

2139 5805 2237 5834 tow.
2305 5804 2398 5837 mr.

2139 5805 2237 5834 ωνι.
2264 5804 2398 5838 non.

2174 5848 2205 5887 ³³
2231 5849 2364 5901 Colb.
2391 5859 2439 5902 et
2464 5853 2612 5904 Sav‘il.
2651 5859 2784 5924 ὑπέρ,
2809 5858 2981 5910 Morel.
3011 5875 3126 5919 \‘QI’O
3145 5864 3254 5912 ὑπὸ.
