4124 6144
275 327 383 386 ως

273 443 502 501 ferendo
529 443 785 515 obsequia
809 483 825 513 ,
852 451 1060 516 partem
1087 446 1317 518 aliquam
1355 448 1526 503 lenire
1567 450 1814 506 maeroris
1845 467 1858 505 :

273 535 532 606 quoniam
554 550 683 589 vero
706 542 762 590 et
786 536 1028 606 corporis
1053 537 1193 592 mala
1220 539 1468 594 valetudo
1494 580 1509 603 ,
1542 548 1593 593 et
1620 541 1866 594 invectus

273 625 327 680 in
358 635 516 696 caput
547 636 787 682 nostrum
815 626 971 682 dolor
993 668 1008 693 ,
1055 627 1198 683 domi
1226 645 1324 684 nos
1347 645 1564 686 manere
1589 631 1863 701 compule-

274 728 400 773 runt
426 760 442 782 ,
470 717 733 787 nobisque
758 718 886 772 tanti
931 718 1066 776 lucri
1105 720 1458 776 ministerium
1490 722 1862 791 abstulerunt,

267 809 381 880 jam
409 808 554 879 quod
582 809 844 878 reliquum
887 820 970 864 est
998 825 1095 879 pro
1123 811 1492 866 consolatione
1521 821 1608 867 tua
1633 854 1647 878 ,
1681 822 1733 868 et
1767 829 1864 882 pro

271 900 508 955 utilitate
539 909 720 954 nostra
745 941 760 965 ,
795 900 896 954 hoc
923 909 980 955 ut
1015 900 1238 957 facultas
1273 901 1446 968 feret,
1477 903 1727 959 inducere
1757 919 1862 959 non

271 991 626 1061 negligemus.
659 989 926 1046 Profuerit
953 991 1094 1046 enim
1123 992 1176 1047 id
1208 993 1301 1046 tibi
1345 993 1575 1049 fortasse
1602 995 1768 1064 magis
1796 995 1863 1050 ad

272 1093 573 1153 prmsentes
611 1081 867 1138 adversos
906 1097 1062 1138 casus
1110 1082 1399 1140 fortissime
1448 1085 1712 1140 ferendos.
1767 1085 1862 1141 Sin

270 1189 402 1228 vero
433 1173 560 1227 nihil
595 1173 701 1227 tale
729 1173 1108 1243 perfecerimus
1136 1216 1152 1241 ,
1183 1186 1329 1229 certe
1361 1175 1444 1230 vel
1477 1175 1531 1229 itt
1572 1176 1721 1230 nullo
1763 1190 1862 1232 nos

268 1265 507 1320 officium
567 1265 914 1333 deseruisse,
967 1266 1206 1336 nihilque
1267 1267 1518 1322 omisisse
1571 1267 1862 1337 diligentice

269 1373 371 1413 nos
397 1358 766 1414 consolabitur
790 1402 806 1426 ,
837 1359 1154 1428 meliorique
1179 1360 1360 1414 animo
1384 1374 1502 1414 esse
1525 1361 1576 1414 in
1601 1361 1859 1429 reliquum

267 1449 449 1504 faciet.
479 1449 530 1504 ls
557 1448 701 1504 enim
729 1491 743 1514 ,
767 1449 857 1518 qui
883 1458 1072 1503 cuncta
1096 1449 1392 1520 impleverit
1416 1493 1430 1517 ,
1454 1466 1572 1520 quae
1593 1450 1658 1506 ad
1683 1451 1862 1505 levan-

266 1541 368 1596 dos
389 1539 605 1595 dolores
624 1541 853 1595 maxime
868 1541 1115 1597 conferre
1131 1542 1417 1597 arbitratus
1439 1541 1627 1608 fuerit,
1649 1545 1859 1599 etiamsi

267 1632 402 1687 nihil
453 1631 595 1686 aliud
640 1642 900 1702 peragat,
948 1633 1033 1687 vel
1077 1634 1414 1703 cogitationis
1463 1635 1652 1690 saltem
1700 1645 1860 1706 atque

264 1724 615 1778 conscientia)
689 1725 1028 1779 accusatione
1102 1725 1398 1791 liberatur,
1471 1727 1860 1798 criminumque

265 1829 434 1870 onere
464 1814 707 1885 deposito
732 1856 748 1881 ,
794 1817 964 1869 solam
1003 1817 1272 1872 maestitiae
1311 1816 1576 1872 sarcinam
1619 1815 1858 1886 perferre

264 1908 492 1978 cogitur.
526 1907 580 1962 Si
609 1908 769 1977 igitur
795 1924 860 1964 ex
889 1908 1099 1962 illorum
1129 1923 1303 1964 essem
1331 1925 1555 1964 numero
1582 1952 1596 1976 ,
1627 1911 1714 1980 qui
1744 1910 1858 1967 Deo

266 2000 586 2055 familiarius
615 2000 884 2069 conjuncti
918 2001 1203 2070 plurimum
1232 2000 1370 2071 apud
1403 2001 1551 2056 illum
1593 2011 1855 2071 possunt,

264 2107 560 2163 numquam
591 2091 833 2162 profecto
862 2107 1016 2148 orare
1036 2101 1091 2148 et
1111 2093 1395 2148 obsecrare
1423 2105 1518 2164 pro
1541 2093 1671 2148 mihi
1692 2095 1857 2150 caris-

262 2185 404 2240 simo
428 2187 601 2255 capite
643 2186 958 2241 desisterem
991 2204 1004 2239 :
1046 2187 1296 2256 quoniam
1334 2197 1514 2244 autem
1552 2188 1856 2258 hujusmodi

261 2279 410 2334 vires
436 2287 594 2352 atque
614 2277 991 2334 confidentiam
1013 2278 1144 2334 mihi
1165 2279 1427 2334 scelerum
1455 2296 1693 2336 meorum
1721 2281 1860 2336 mul-

262 2369 440 2426 titudo
465 2369 720 2436 abstulit,
753 2370 1036 2425 verborum
1063 2371 1484 2426 consolationem
1528 2372 1623 2427 tibi
1665 2371 1858 2428 afferre

263 2461 527 2516 conabor.
555 2459 686 2515 Nam
721 2471 776 2516 et
803 2461 854 2515 in
887 2461 951 2515 iis
978 2462 1070 2532 qui
1100 2476 1356 2532 corporea
1383 2462 1521 2518 mala
1550 2462 1858 2520 valetudine

262 2554 515 2609 laborant
540 2595 556 2621 ,
585 2569 707 2609 cum
737 2553 1065 2610 medicorum
1105 2555 1174 2610 sit
1210 2554 1393 2626 fugare
1419 2555 1633 2612 dolores
1656 2599 1672 2624 ,
1705 2555 1855 2610 infiro

262 2646 616 2715 unitatemque
655 2660 1036 2718 compescere,
1083 2662 1188 2700 non
1233 2657 1410 2701 tamen
1455 2645 1667 2701 famulis
1693 2687 1710 2714 ,
1765 2647 1854 2718 qtti

262 2745 391 2796 sunt
421 2737 475 2793 in
497 2736 792 2790 ministerio
812 2776 828 2802 ,
854 2736 1190 2791 interdicitur
1212 2737 1495 2792 verborum
1517 2737 1814 2793 consolatio
1836 2754 1852 2804 ;

264 2827 379 2881 imo
405 2842 535 2881 vero
557 2825 609 2880 hi
633 2827 865 2882 maxime
891 2835 1017 2882 sunt
1041 2869 1056 2894 ,
1080 2829 1168 2898 qui
1191 2827 1434 2898 plurimis
1456 2829 1506 2882 in
1528 2828 1856 2885 consolando

263 2918 446 2973 verbis
471 2927 692 2972 utuntur
713 2959 729 2985 ,
758 2933 878 2972 cum
910 2934 1036 2989 erga
1064 2919 1311 2974 dominos
1337 2918 1475 2974 bene
1503 2919 1676 2974 affecti
1703 2929 1851 2974 sunt.

265 3011 324 3066 Si
357 3011 484 3081 quid
515 3011 693 3079 itaque
718 3010 919 3066 dictum
945 3010 1104 3067 fuerit
1130 3027 1162 3066 a
1189 3012 1346 3068 nobis
1369 3053 1384 3077 ,
1415 3012 1558 3082 quod
1584 3012 1728 3067 hunc
1758 3012 1856 3067 im-

265 3120 514 3163 mensum
553 3103 795 3160 dolorem
841 3113 988 3159 tuum
1029 3106 1199 3175 possit
1239 3106 1617 3176 exstinguere,
1658 3106 1854 3162 factum

263 3199 371 3252 erit
397 3208 454 3252 ut
482 3208 768 3267 optamus:
798 3197 881 3252 sin
920 3211 1051 3251 vero
1089 3195 1394 3266 hujusmodi
1437 3196 1567 3253 nihil
1614 3197 1856 3254 invenire

265 3297 362 3341 aut
391 3288 535 3357 loqui
561 3288 899 3357 potuerimus
922 3327 938 3353 ,
970 3287 1298 3342 voluntatem
1348 3297 1523 3342 tamen
1567 3297 1806 3344 nostram
1834 3330 1852 3357 ,

266 3394 330 3432 ac
363 3379 689 3448 propositum
721 3379 809 3434 ille
837 3379 1154 3448 approbabit
1175 3418 1192 3445 ,
1234 3379 1322 3448 qui
1354 3395 1450 3449 per
1477 3379 1690 3434 beatum
1722 3380 1856 3434 Pau-

268 3469 380 3524 lum
429 3469 562 3526 ﬂere
609 3486 730 3525 cum
780 3469 1068 3536 flentibus,
1120 3469 1515 3542 humilibusque
1567 3471 1856 3530 condolere

263 3560 469 3631 jnSsit(
498 3559 650 3614 Rom.
685 3561 773 3614 12.
806 3558 934 3633 15).

344 3652 601 3724 Stagirius
625 3669 655 3705 a
686 3653 914 3707 dwmone
942 3663 1170 3708 vexatur.
1204 3684 1271 3694 —
1293 3654 1514 3710 Videtur
1545 3655 1723 3726 itaque
1751 3671 1856 3710 una

269 3758 393 3798 esse
445 3757 606 3798 causa
650 3744 898 3800 maeroris
943 3745 1060 3812 tui,
1101 3746 1412 3816 nequissimi
1452 3747 1660 3802 scilicet
1700 3746 1857 3818 hujus

269 3835 535 3890 daemonis
556 3835 760 3890 insania
784 3852 799 3901 ;
827 3852 1010 3892 verum
1035 3836 1102 3890 ab
1126 3837 1225 3892 hac
1248 3838 1409 3892 veluti
1429 3837 1608 3893 radice
1627 3838 1857 3908 plurima

271 3927 444 3982 tristia
468 3927 596 3981 oriri
621 3967 636 3993 ,
661 3926 704 3981 si
728 3927 848 3996 quis
870 3937 1016 3983 recte
1038 3929 1408 3998 perspexerit,
1431 3930 1854 3986 animadvertet:

269 4017 415 4088 quod
447 4033 552 4072 non
576 4033 643 4073 ex
670 4019 876 4088 meipso
897 4019 1056 4074 modo
1079 4021 1300 4090 colligo,
1323 4021 1417 4075 sed
1440 4037 1508 4075 ex
1538 4022 1644 4076 illis
1661 4062 1677 4086 ,
1700 4037 1820 4092 quae
1835 4063 1852 4089 ,

271 4107 399 4166 dum
425 4107 645 4164 adesses
669 4123 850 4163 coram
874 4149 890 4174 ,
922 4119 974 4163 te
999 4109 1195 4180 saepius
1216 4120 1631 4181 conquerentem
1653 4110 1851 4168 audivi.

271 4201 456 4257 Primo
480 4208 535 4256 te
555 4216 726 4271 nuper
745 4216 867 4255 cum
891 4200 1134 4271 stecnlari
1156 4216 1305 4257 more
1325 4203 1533 4258 viveres
1554 4243 1570 4268 ,
1598 4201 1730 4256 nihil
1755 4203 1860 4259 tale

273 4308 491 4364 passum
517 4307 675 4359 esse;
707 4293 802 4349 sed
834 4309 956 4348 cum
996 4293 1223 4364 tcipsum
1267 4293 1470 4350 mundo
1509 4293 1816 4350 crueifixisti
1841 4334 1858 4360 ,

277 4397 403 4442 tunc
429 4387 484 4440 in
510 4387 681 4440 morbi
711 4401 928 4442 sensum
955 4387 1167 4442 venisse
1188 4427 1207 4455 ,
1234 4403 1354 4458 qua:
1395 4403 1524 4444 sane
1567 4403 1654 4444 res
1694 4387 1862 4457 possit

277 4478 330 4534 in
382 4477 839 4548 perturbationem
891 4478 1050 4548 inque
1098 4478 1525 4549 desperationem
1570 4480 1860 4550 conjicere.

273 4567 521 4623 Secundo
541 4607 557 4634 ,
580 4567 720 4637 quod
743 4582 901 4638 quam
926 4568 1183 4638 plurimos
1207 4569 1420 4624 noveris
1443 4611 1459 4637 ,
1485 4571 1613 4626 dum
1636 4571 1863 4627 delicate

272 4663 554 4725 viverent,
587 4659 686 4715 hac
713 4670 863 4731 peste
889 4671 1162 4732 correptos
1186 4704 1202 4728 ,
1228 4678 1321 4720 eos
1345 4673 1520 4719 tamen
1547 4679 1709 4734 parvo
1735 4673 1853 4733 post

274 4764 517 4822 tempore
543 4754 616 4808 ita
638 4767 702 4809 ea
731 4753 1039 4811 infirmitate
1065 4755 1338 4824 liberatos,
1363 4765 1422 4812 ut
1446 4755 1694 4828 perfectae
1721 4757 1861 4811 inte-

275 4844 453 4916 gritati
483 4844 713 4900 restituti
740 4853 796 4900 et
819 4860 1014 4902 uxores
1041 4845 1338 4913 ducerent,
1374 4855 1431 4902 et
1459 4847 1712 4917 plurimos
1740 4863 1864 4918 pro-

273 4943 529 4992 crearent
555 4934 752 4991 liberos
776 4977 790 5002 ,
819 4937 1172 5006 omnibusque
1192 4937 1312 4992 vitae
1333 4939 1608 5007 praesentis
1626 4953 1864 4994 commo-

273 5028 358 5082 dis
387 5028 696 5083 fruereutur
715 5071 729 5094 ,
755 5027 992 5099 nihilque
1019 5029 1354 5099 postmodum
1381 5031 1484 5086 tale
1510 5040 1816 5100 paterentur
1845 5049 1858 5086 :

273 5129 459 5174 contra
488 5163 502 5186 ,
548 5129 601 5174 tu
628 5137 752 5177 cum
785 5130 986 5176 tantum
1020 5131 1230 5192 tempus
1260 5122 1312 5178 in
1338 5123 1556 5193 jejuniis
1583 5139 1644 5179 ac
1674 5141 1864 5194 perno-

273 5212 598 5267 ctationibus
621 5253 636 5278 ,
664 5222 720 5268 et
760 5215 962 5284 reliqua
994 5215 1117 5268 vita:
1152 5215 1463 5270 austeritate
1505 5216 1820 5270 contriveris
1845 5258 1858 5280 ,
1896 5259 1904 5265 .

275 5302 481 5357 nullam
523 5320 883 5359 terumnarum
932 5315 1142 5360 tuarum
1194 5305 1560 5360 liberationem
1609 5305 1863 5360 hactenus

279 5395 572 5450 inveneris.
604 5395 789 5450 Tertio
811 5438 826 5463 ,
853 5395 995 5466 quod
1035 5412 1156 5452 cum
1197 5405 1412 5452 sanctus
1443 5396 1531 5451 ille
1561 5397 1641 5452 vir
1665 5406 1862 5452 tantam

277 5488 332 5543 in
364 5489 587 5558 reliquis
613 5489 740 5544 viris
767 5490 1055 5560 potentiattt
1083 5489 1376 5545 os:enderit
1397 5531 1411 5555 ,
1446 5489 1571 5542 nihil
1601 5488 1862 5557 ejusmodi

275 5581 513 5651 potuerit
534 5575 592 5634 in
621 5591 706 5634 tua
738 5581 1020 5636 dilectione
1051 5581 1310 5650 perlicere
1330 5621 1345 5646 ,
1377 5595 1547 5649 neque
1576 5579 1688 5649 ipse
1714 5619 1727 5643 ,
1767 5595 1862 5633 ne-

273 5691 377 5742 que
407 5675 441 5728 ii
471 5691 561 5744 qut
587 5691 710 5730 cum
739 5676 830 5729 illo
854 5685 1005 5730 erant
1029 5716 1044 5742 ,
1091 5676 1180 5732 illo
1223 5675 1386 5732 etiam
1435 5676 1484 5730 in
1530 5674 1630 5729 hoc
1667 5689 1863 5745 genere

273 5770 644 5840 potentiores,
707 5785 890 5826 verum
934 5785 1116 5826 omnes
1163 5785 1220 5828 re
1268 5771 1458 5826 infecta
1507 5769 1598 5826 abs
1642 5778 1692 5826 te
1735 5781 1856 5824 cum

1131 329 1224 387 AD
1260 330 1629 392 STAGIRIUM
1669 335 1715 391 A
1755 333 2058 393 ΒᾹΞΜΟΝΕ
2098 335 2454 396 VEXAI‘UM.
2493 340 2620 398 LIB.
2662 342 2705 398 Ι.

3453 349 3559 407 ωδ

1972 449 2168 506 rubore
2195 451 2556 509 discesserint.
2587 455 2668 510 Ad
2703 455 2818 512 haec
2846 456 2948 511 alia
2973 472 3036 514 ex
3077 467 3228 530 parte
3256 441 3476 518 nimium
3502 474 3556 520 te

1972 542 2092 610 angi
2131 541 2345 598 dicebas
2369 585 2384 610 ,
2431 546 2572 616 quod
2613 547 2685 602 ita
2725 548 2960 603 animum
3003 559 3148 606 tuum
3187 551 3268 607 vis
3309 557 3558 610 mceroris

1972 635 2347 703 occupaverit,
2372 647 2426 690 ut
2453 639 2647 707 saepius
2670 655 2852 708 parum
2877 641 3017 696 absit
3042 642 3168 711 quin
3192 643 3257 697 ad
3285 643 3556 714 laqueum,

1972 724 2189 780 fluvium
2243 730 2693 806 egpnecipitium
2742 748 3012 789 accurras.
3061 736 3260 803 Quinto
3305 737 3559 809 deinceps

1972 815 2091 869 loco
2116 856 2132 881 ,
2162 816 2305 886 quod
2334 819 2565 888 aequales
2588 829 2706 875 tuos
2725 830 2780 876 et
2799 823 3208 880 contubernales
3230 866 3246 890 ,
3267 826 3358 896 qui
3381 839 3556 885 tecum

1970 905 2133 959 vitam
2165 904 2302 961 hanc
2327 909 2599 977 inierunt,
2646 911 2931 982 tranquille
2974 924 3192 984 agentes
3235 916 3471 986 aspicis:
3505 925 3559 973 te

1971 1011 2100 1052 vero
2121 999 2427 1055 saevissima:
2450 1002 2697 1071 procellae
2711 1003 2882 1058 adhuc
2903 1008 3202 1075 expositum
3225 1047 3240 1073 ,
3255 1015 3310 1062 et
3327 1009 3552 1076 carceri,

1971 1087 2062 1154 qui
2117 1090 2356 1145 omnium
2409 1094 2650 1156 profecto
2695 1095 3032 1151 miserrimus
3081 1105 3207 1162 est,
3263 1097 3556 1153 addictum.

1970 1175 2153 1246 Neque
2181 1179 2321 1234 enim
2352 1181 2434 1237 his
2465 1185 2554 1256 qui
2581 1183 2725 1240 ferro
2752 1185 2912 1240 vincti
2951 1195 3112 1251 sunt,
3151 1186 3222 1242 ita
3258 1187 3561 1259 laeryman-

1970 1268 2096 1324 dum
2125 1271 2403 1327 asserebas
2431 1317 2445 1340 ,
2474 1283 2533 1329 ut
2559 1276 2624 1331 iis
2651 1318 2666 1343 ,
2701 1277 2791 1351 qui
2830 1277 3136 1346 hujusmodi
3174 1286 3360 1334 catena
3400 1279 3558 1334 colli-

1969 1363 2075 1432 gati
2121 1365 2337 1420 fuerint.
2385 1366 2581 1422 Aiebas
2625 1376 2679 1425 et
2724 1368 2866 1422 aliud
2909 1384 3028 1424 esse
3067 1377 3327 1439 praeterea
3355 1413 3370 1437 ,
3413 1371 3556 1441 quod

1963 1457 2205 1515 maxime
2233 1468 2285 1514 te
2311 1459 2551 1514 turbaret
2577 1477 2590 1513 :
2625 1460 2797 1514 vereri
2827 1459 2968 1514 enim
2999 1475 3063 1516 ac
3093 1469 3323 1516 tremere
3347 1503 3361 1525 ,
3403 1476 3470 1516 ne
3509 1462 3555 1518 si

1963 1553 2068 1607 ista
2095 1561 2246 1623 pater
2275 1551 2470 1606 sentiat
2495 1593 2508 1616 ,
2537 1551 2782 1610 maximis
2811 1551 3019 1620 injuriis
3054 1547 3212 1622 atque
3249 1553 3546 1608 incommo—

1968 1643 2050 1699 dis
2074 1643 2270 1698 afficiat
2295 1652 2508 1697 sanctos
2538 1642 2656 1696 ilios
2680 1682 2695 1706 ,
2727 1643 2815 1712 qui
2847 1651 2898 1697 te
2939 1657 2969 1695 a
3007 1642 3266 1712 principio
3306 1657 3556 1712 suscepe-

1967 1746 2133 1793 runt:
2167 1739 2360 1806 quippe
2388 1735 2610 1790 summis
2656 1735 2856 1789 viribus
2895 1744 3053 1806 atquo
3095 1736 3284 1806 Opibus
3326 1735 3513 1790 fretntn
3536 1777 3552 1803 ,

1966 1839 2126 1899 atque
2154 1828 2514 1898 indignatione
2541 1827 2861 1883 concitatum
2887 1867 2902 1894 ,
2946 1834 3136 1881 cuncta
3171 1826 3427 1881 adversus
3460 1841 3554 1881 eos

1965 1937 2241 1990 ausurum,
2269 1933 2324 1977 et
2371 1921 2500 1976 nulli
2552 1921 2876 1992 parciturum
2919 1919 3182 1986 vindiciis,
3214 1935 3280 1974 ex
3331 1919 3434 1973 illis
3463 1920 3553 1988 qui

1966 2013 2068 2068 sibi
2113 2013 2429 2068 occurrerit.
2469 2011 2538 2066 Et
2584 2011 2839 2092 hactenus
2891 2010 3106 2080 quidem
3157 2009 3393 2080 potuisse
3444 2025 3556 2064 tua-

1968 2113 2102 2160 trem
2148 2120 2262 2161 rem
2304 2113 2504 2175 gestam
2551 2103 2751 2157 notitiae
2790 2104 2957 2173 patris
3010 2101 3305 2156 subducere
3331 2142 3347 2166 ,
3393 2117 3555 2170 repn-

1965 2197 2199 2266 lisseque
2238 2195 2386 2250 illum
2423 2209 2568 2265 szepe
2592 2237 2607 2262 ,
2635 2210 2755 2249 cum
2785 2194 2852 2248 de
2877 2203 2930 2248 te
2960 2194 3250 2264 inquireret
3278 2209 3292 2246 :
3326 2194 3438 2247 fore
3459 2208 3556 2246 an-

1963 2297 2075 2362 tem
2113 2298 2173 2342 ut
2219 2302 2471 2358 processu
2515 2287 2768 2356 temporis
2801 2284 3227 2355 deprehendatur
3255 2294 3406 2339 canta
3438 2283 3554 2338 lure

1967 2379 2154 2434 mauis
2197 2378 2504 2444 simulatio,
2537 2377 2754 2448 jamque
2798 2377 2888 2431 ille
2928 2384 2982 2430 et
3023 2375 3124 2446 ipsi
3175 2386 3229 2430 et
3279 2373 3555 2430 monachis

1965 2468 2228 2524 acerrime
2275 2469 2568 2523 immineat.
2621 2468 2898 2522 Postremo
2942 2466 3084 2537 quod
3148 2467 3384 2521 omnium
3441 2481 3554 2518 ma-
3611 2540 3618 2550 _

1969 2561 2143 2617 lorum
2205 2577 2512 2631 supremum
2553 2561 2763 2615 culmen
2808 2569 2925 2625 est,
2979 2559 3173 2614 nullam
3219 2558 3310 2614 tibi
3354 2567 3553 2612 certant

1968 2667 2090 2708 esse
2140 2651 2438 2707 futurorum
2483 2651 2857 2706 confidentiam
2901 2650 3152 2714 dicebas,
3184 2665 3353 2718 neque
3397 2664 3554 2717 aper-

1966 2745 2070 2800 tius
2117 2744 2297 2810 scire,
2341 2743 2385 2796 si
2428 2741 2642 2812 quando
2686 2739 2860 2794 futura
2902 2741 2970 2793 sit
3023 2737 3194 2793 morbi
3254 2739 3411 2808 hujus
3457 2739 3550 2792 ab-

1965 2835 2160 2889 solutio
2185 2841 2344 2903 atque
2373 2833 2615 2888 liberatio
2640 2874 2654 2898 ,
2683 2847 2802 2886 cum
2827 2872 2844 2897 ,
2891 2831 3085 2902 swpius
3135 2831 3233 2885 hac
3275 2838 3554 2899 exSpecta-

1967 2926 2110 2980 tione
2139 2925 2316 2979 habita
2341 2965 2356 2990 ,
2387 2939 2570 2979 rursus
2600 2925 2652 2978 in
2683 2924 2930 2987 eamdem
2972 2923 3238 2978 miseriam
3280 2923 3550 2978 incideris.

1967 3015 2114 3070 Talia
2143 3025 2268 3070 sunt
2300 3014 2536 3085 profecto
2567 3014 2664 3069 ista
2692 3056 2707 3082 ,
2739 3031 2856 3084 qum
2885 3015 3119 3068 animum
3162 3015 3392 3067 maxime
3432 3029 3552 3083 per-

1966 3107 2183 3164 turbare
2235 3107 2478 3177 possint,
2523 3107 2828 3177 ingentique
2867 3107 3086 3175 implere
3145 3105 3405 3170 tumultu,
3455 3103 3549 3158 sed

1963 3197 2200 3252 animum
2233 3197 2512 3251 remissum
2539 3237 2554 3263 ,
2587 3195 2890 3265 imperitum
2931 3210 2993 3250 ac
3031 3194 3288 3250 desidem.
3319 3196 3395 3248 AL
3425 3205 3549 3248 vere

1965 3304 2064 3344 nos
2093 3289 2137 3343 si
2165 3289 2466 3360 perspicere
2493 3289 2764 3359 paululum
2796 3288 3119 3342 voluerimus
3139 3330 3151 3353 ,
3175 3288 3550 3358 Cogitaliones-

1965 3397 2068 3452 que
2097 3381 2210 3451 pias
2237 3380 2544 3446 admovere,
2589 3379 2686 3434 has
2730 3382 2917 3434 omnes
2947 3379 3192 3448 mmroris
3221 3393 3407 3432 causas
3438 3375 3550 3431 vel-

1964 3472 2042 3527 uti
2088 3473 2453 3528 tenuissimum
2482 3471 2755 3541 pulverem
2795 3471 3143 3527 excutiemus.
3193 3469 3334 3524 Cave
3373 3477 3550 3522 autem

1967 3572 2120 3634 putes
2149 3578 2236 3618 me
2276 3563 2436 3620 modo
2467 3564 2566 3617 ista
2597 3563 2796 3618 ideirco
2827 3572 2967 3618 tanta
2995 3560 3244 3615 f..cilitate
3270 3559 3507 3631 polliceri
3533 3599 3548 3622 ,

1965 3655 2108 3726 quod
2134 3665 2284 3710 extra
2313 3655 2554 3709 dolorem
2589 3657 2730 3710 hunc
2773 3654 3164 3723 procellamque
3205 3667 3404 3706 verser.
3442 3651 3552 3706 Etsi

1966 3747 2107 3802 enim
2133 3747 2448 3818 quibusdam
2480 3746 2721 3801 fortassis
2750 3743 3073 3800 incredibilia
3102 3744 3282 3798 dicere
3307 3743 3548 3807 videbor,

1966 3838 2140 3894 dicam
2173 3847 2349 3896 tamen
2381 3854 2392 3888 :
2428 3852 2600 3907 neque
2625 3836 2766 3891 enim
2787 3851 2908 3890 cum
2935 3835 3151 3906 reliquis
3183 3843 3236 3888 tu
3263 3833 3390 3887 mihi
3419 3847 3552 3903 quo-

1966 3947 2071 4003 que
2099 3931 2257 3986 fidem
2287 3945 2394 3986 non
2427 3929 2665 3986 habebis.

2038 4021 2252 4076 Damon
2279 4023 2383 4076 suis
2408 4025 2627 4094 formam
2665 4020 2866 4090 accipit.
2893 4049 2965 4060 —
2988 4016 3119 4072 Cum
3146 4018 3213 4073 ab
3244 4017 3395 4071 initio
3423 4031 3544 4071 sce-

1967 4112 2134 4168 lestus
2171 4113 2259 4167 ille
2288 4112 2499 4166 daemon
2525 4113 2762 4166 animam
2796 4111 2991 4165 invasit
3022 4120 3187 4174 tuam,
3233 4119 3393 4178 atque
3430 4123 3551 4162 cum

1969 4204 2179 4258 exteris
2205 4203 2490 4272 prostravit
2515 4212 2781 4267 orantem,
2829 4218 2933 4257 non
2965 4201 3213 4272 equidem
3245 4210 3370 4255 tunc
3411 4215 3551 4269 prte-

1970 4308 2098 4350 sens
2147 4294 2386 4359 aderam,
2438 4294 2743 4364 gratiasque
2789 4308 2889 4362 ago
2931 4293 3350 4348 clementissimo
3396 4290 3550 4356 Deo;

1957 4383 2132 4448 didici
2175 4393 2352 4439 tamen
2378 4385 2557 4437 omnia
2587 4383 3010 4452 diligentissime,
3059 4400 3163 4438 non
3208 4398 3363 4437 secus
3405 4397 3468 4435 ac
3507 4381 3551 4434 si

1969 4476 2086 4546 ipse
2128 4473 2417 4529 affuissem.
2446 4473 2579 4528 Nam
2610 4472 2937 4542 TheOphilus
2965 4473 3246 4541 Ephesius,
3280 4472 3552 4538 utriusque

1971 4577 2214 4622 nostrum
2257 4566 2485 4633 anticus,
2518 4563 2787 4635 profectus
2815 4563 2881 4618 ad
2922 4578 3029 4626 me,
3071 4573 3275 4618 cuncta
3297 4562 3425 4616 mihi
3459 4577 3552 4630 per

1971 4661 2218 4716 ordinem
2244 4661 2448 4724 retulit,
2473 4659 2726 4714 distortus
2753 4673 2960 4722 manus,
2998 4666 3178 4711 torvos
3204 4655 3409 4720 oeulos,
3442 4655 3554 4708 oris

1969 4769 2237 4824 spumam,
2266 4753 2590 4807 horrendam
2621 4751 2762 4805 illam
2795 4761 2846 4805 et
2867 4749 3144 4804 confusam
3181 4764 3385 4813 vocent,
3424 4763 3547 4802 cor-

1971 4847 2118 4918 poris
2157 4856 2466 4911 tremorem,
2497 4845 2800 4899 diuturnam
2842 4857 3030 4899 sensus
3057 4841 3427 4912 privationem,
3468 4841 3550 4894 vi-

1970 4951 2197 5005 sumque
2226 4933 2460 4990 terribile
2485 4934 2626 5004 quod
2670 4949 2730 4988 ea
2759 4944 2914 4988 nocte
2942 4945 3215 4988 ostensum
3250 4942 3350 4986 est.
3385 4931 3547 4985 Suent

1972 5026 2117 5080 enim
2145 5025 2425 5096 quemdam
2467 5024 2850 5080 ferocissimum
2894 5024 3122 5080 maxima
3164 5022 3211 5075 vi
3244 5021 3337 5076 luti
3370 5021 3547 5092 inqui—

1973 5129 2153 5173 natum
2197 5120 2247 5173 in
2282 5128 2332 5174 te
2361 5119 2564 5173 insilire
2584 5117 2800 5187 jugitcr,
2833 5127 2992 5186 atque
3038 5127 3209 5170 tecum
3237 5126 3548 5169 concertare

1971 5211 2181 5266 aiebat:
2209 5227 2436 5282 cumque
2464 5212 2507 5266 is
2529 5211 2615 5281 qui
2642 5212 2789 5279 juxta
2821 5209 3211 5274 obdortniebal,
3252 5224 3314 5261 ea
3348 5208 3550 5261 visione

1971 5306 2234 5372 turbatus,
2278 5313 2626 5376 experrectus
2665 5312 2828 5370 esset,
2872 5303 3139 5358 invenisse
3185 5309 3237 5356 te
3267 5315 3476 5354 rursnnt
3521 5315 3550 5354 a

1969 5399 2214 5453 dannone
2245 5399 2443 5452 vexari.

2039 5491 2096 5543 2.
2137 5491 2267 5544 Cum
2292 5491 2448 5560 igitur
2473 5489 2586 5544 haec
2607 5489 2695 5544 ille
2721 5488 3077 5554 denuntiaret,
3103 5496 3322 5550 tantam,
3355 5492 3547 5548 Fateor,

1971 5583 2218 5638 maeroris
2246 5583 2489 5638 nebulam
2526 5581 2654 5635 milti
2679 5579 2886 5645 offudit,
2909 5588 3158 5650 quantam
3200 5577 3286 5630 hic
3312 5577 3423 5644 ipse
3443 5575 3544 5626 du-
3607 5621 3612 5626 .

1970 5675 2216 5728 rissintus
2243 5674 2451 5728 dattnon
2478 5676 2687 5728 caritati
2728 5682 2850 5727 tum.
2891 5671 3082 5727 Postea
3122 5684 3250 5724 vero
3273 5681 3428 5736 quam
3457 5678 3543 5719 me

1972 5780 2039 5824 ex
2067 5765 2258 5824 acerbo
2288 5781 2347 5822 ac
2393 5765 2598 5820 diutino
2642 5763 2823 5820 dolore
2868 5761 3075 5830 collegi,
3110 5758 3236 5812 nihil
3268 5755 3394 5809 mihi
3433 5754 3546 5820 jam
