4124 6144
572 372 573 375 η
603 315 699 371 ιὲἹ

598 434 651 486 in
681 424 880 485 mundo
900 439 1079 497 grave,
1104 422 1237 479 nihil
1266 421 1418 476 dulce
1443 418 1754 474 videbatur:
1777 414 1869 471 sed
1895 429 2014 468 cum
2036 412 2165 467 olim

598 523 884 577 vanitatem
912 516 1094 573 saeculi
1118 511 1440 582 contemptui
1467 509 1829 572 habuerim,ac
1856 504 2147 575 reprehen-

598 612 726 665 dere
759 607 945 663 solitus
974 605 1095 671 sim,
1128 612 1251 659 tunc
1283 601 1509 655 maxime
1536 599 1588 653 id
1618 612 1802 666 passus
1844 610 1982 661 sum,
2028 608 2144 647 ma-

594 704 784 769 jorque
811 697 1036 751 allectus
1063 693 1129 748 ad
1169 691 1490 747 desiderium
1519 687 1680 744 subiit
1702 684 2000 740 dilectionis
2029 690 2165 746 tute;

597 790 793 859 quippe
817 803 876 841 ea
906 794 989 840 est
1015 799 1231 839 casuum
1256 781 1481 837 tristium
1510 788 1718 843 natura,
1744 775 1862 848 qda:
1882 775 2169 830 amicitiam

600 893 889 951 peraugere
912 875 1215 932 consuevit:
1244 874 1402 943 idque
1425 887 1490 927 ex
1514 885 1580 926 eo
1605 870 1793 939 liquet,
1823 866 1963 938 quod
1992 864 2170 919 inimi-

598 972 751 1024 citias
775 983 981 1038 quoque
1008 966 1160 1021 facile
1189 979 1441 1020 revocare
1470 963 1524 1017 in
1549 961 1774 1033 gratiam
1821 958 2009 1030 possit.
2036 956 2170 1010 Nul-

600 1061 684 1115 lus
708 1061 853 1114 enim
887 1058 994 1112 fere
1024 1067 1130 1112 tam
1162 1054 1428 1120 immanis,
1452 1064 1668 1122 tamque
1696 1051 1912 1105 insanus
1941 1056 2043 1114 est,
2083 1045 2172 1116 qui

599 1150 646 1205 si
676 1149 849 1204 videat
889 1149 1033 1218 gravi
1075 1147 1251 1216 aliquo
1276 1159 1402 1200 casu
1428 1144 1549 1213 angi
1590 1141 1884 1206 inimicum,
1918 1138 2173 1193 adversus

602 1240 747 1294 illum
769 1253 983 1293 servare
1002 1236 1180 1291 odium
1209 1235 1395 1305 possit.
1421 1232 1570 1300 Quod
1599 1231 1647 1287 si
1676 1230 2009 1285 inimicorum
2036 1242 2172 1297 quo-

601 1345 705 1400 que
750 1330 1085 1390 miseremur,
1127 1339 1328 1395 eosque
1375 1323 1672 1378 amicorum
1717 1319 1977 1375 habemus
2027 1318 2168 1384 loco,

601 1435 724 1474 cum
748 1433 907 1487 grave
934 1415 1131 1487 aliquid
1160 1423 1320 1484 atque
1343 1413 1672 1482 insperatum
1710 1409 1829 1464 illos
1855 1407 2060 1479 perpeti
2088 1408 2171 1460 vi-

601 1508 824 1563 demus:
854 1506 1154 1570 considera,
1194 1518 1396 1574 quasso,
1445 1502 1725 1571 diligenter
1752 1499 1879 1570 quid
1922 1513 2010 1553 me
2037 1498 2169 1567 pati,

604 1612 773 1668 quove
801 1612 920 1653 esse
944 1597 1121 1652 animo
1148 1608 1371 1649 necesse
1396 1592 1574 1658 fuerit,
1605 1588 1733 1645 dum
1758 1604 1901 1656 eum,
1928 1602 2085 1660 quem
2107 1601 2174 1642 ex

603 1689 850 1743 omnibus
892 1688 1122 1742 maxime
1160 1685 1341 1755 diligo,
1375 1697 1636 1753 quemque
1675 1696 1783 1736 non
1812 1681 1988 1734 minus
2015 1693 2173 1749 quam

604 1792 691 1832 me
718 1792 899 1831 carum
941 1776 1132 1841 habeo,
1159 1774 1343 1829 vexari
1383 1773 1661 1840 acerrime,
1692 1786 1756 1826 ac
1786 1782 2015 1825 maerore
2043 1768 2177 1825 deﬁ-

605 1882 728 1921 cere
754 1864 1014 1921 audirem.
1045 1864 1164 1919 Noli
1202 1865 1378 1934 itaque
1406 1873 1592 1933 putare
1628 1877 1727 1917 nos
1751 1859 2046 1916 vexationis
2071 1867 2177 1914 tuze

605 1956 890 2021 immunes,
932 1955 1165 2009 fomenta
1191 1953 1288 2009 tibi
1323 1951 1703 2008 consolationis
1729 1951 2032 2005 admovere.
2063 1948 2174 2004 Etsi

604 2047 747 2102 enim
764 2062 794 2100 a
813 2045 1208 2116 perturbatione
1228 2042 1403 2111 illa,ac
1421 2042 1716 2112 dejectione
1733 2040 1926 2095 diaboli
1943 2054 2060 2094 sum
2081 2036 2179 2092 Dei

604 2137 773 2208 gratia
800 2137 955 2201 liber,
993 2135 1152 2205 hujus
1178 2142 1355 2191 tamen
1381 2134 1645 2189 muastitite
1672 2148 1733 2187 ac
1762 2131 1961 2187 doloris
1998 2142 2177 2199 aequas

606 2236 784 2297 partes
804 2226 932 2281 mihi
950 2232 1124 2281 tecum
1145 2224 1355 2280 vindico
1386 2242 1400 2279 :
1425 2232 1585 2294 atque
1604 2224 1656 2278 in
1679 2222 1782 2278 hoe
1801 2220 1930 2276 mihi
1956 2219 2178 2275 credent

607 2317 698 2387 qui
726 2317 795 2372 ita
815 2326 870 2371 ut
886 2325 1096 2387 oportet
1123 2315 1343 2386 diligere
1364 2318 1644 2371 noverunt.
1666 2315 1776 2385 Age
1794 2326 1919 2383 ergo
1935 2309 2175 2366 excutia-

606 2424 726 2463 mus
747 2407 890 2463 hunc
916 2409 1185 2479 pulverem
1211 2425 1223 2460 :
1250 2407 1320 2461 ita
1349 2407 1491 2461 enim
1517 2406 1620 2461 erit
1643 2403 1936 2460 tolerabilis
1956 2417 2019 2457 ac
2045 2399 2178 2456 levis

610 2496 829 2567 hujusce
870 2497 950 2551 vis
980 2496 1243 2562 maeroris,
1275 2496 1320 2551 si
1345 2496 1670 2550 uoluerimus
1699 2492 1936 2550 cedendo
1965 2490 2181 2561 aegritu-

606 2585 715 2640 dini
743 2586 878 2640 trahi
904 2586 971 2640 ad
995 2586 1305 2655 praecipitia,
1336 2585 1431 2640 sed
1462 2585 1677 2655 vigilare
1717 2584 1914 2654 potius,
1969 2589 2024 2636 et
2050 2579 2178 2651 quid

606 2678 746 2733 facto
773 2694 905 2747 opus
933 2680 1002 2733 sit
1028 2679 1284 2747 cogitare.
1314 2676 1548 2732 Plurima
1574 2676 1714 2733 enim
1759 2692 1825 2731 ex
1854 2676 1919 2729 iis
1949 2690 2068 2745 qua:
2094 2675 2177 2726 vi-

606 2769 800 2823 dentur
827 2769 1191 2833 acerbissima,
1224 2769 1528 2839 priusquam
1549 2768 1926 2824 examinentur
1953 2767 2177 2835 diligen-

608 2861 736 2925 tius,
766 2860 942 2929 gravia
970 2868 1228 2930 putantur
1251 2870 1305 2913 et
1346 2857 1733 2932 intolqabilia:
1762 2857 1810 2912 si
1851 2856 1970 2927 quis
1998 2865 2176 2910 tamen

604 2966 668 3006 ea
698 2952 903 3005 ratione
927 2950 1193 3017 discutiat,
1224 2950 1458 3004 inveniet
1494 2963 1613 3004 esse
1641 2949 1796 3018 longe
1825 2948 2073 3019 Opinione
2096 2947 2177 3002 le-

605 3043 775 3107 viora,
803 3041 945 3112 quod
990 3041 1151 3096 modo
1179 3056 1389 3111 quoque
1414 3040 1646 3095 futurum
1692 3056 1794 3095 non
1816 3041 2061 3110 despero.
2094 3039 2176 3093 Tu

607 3144 808 3189 tantum
838 3135 1060 3204 teipsum
1082 3135 1422 3205 erigc,neque
1449 3149 1599 3189 vana:
1616 3142 1678 3188 ac
1696 3133 1870 3189 stultas
1889 3133 2028 3202 vulgi
2057 3132 2176 3201 opi-

607 3228 753 3281 nioni
797 3228 1169 3297 acquiescens,
1217 3226 1495 3282 fortiorem
1536 3234 1720 3281 contra
1767 3240 1866 3280 nos
1905 3226 2176 3279 inimicum

606 3330 826 3372 statuas.
868 3318 1028 3389 Igitur
1048 3320 1090 3372 si
1116 3318 1330 3389 quidem
1371 3317 1436 3373 ad
1464 3317 1695 3387 aliquem
1722 3315 2014 3370 inﬁdelium
2043 3313 2176 3370 mihi

607 3430 783 3469 sermo
826 3420 989 3477 esset,
1014 3412 1099 3468 vel
1127 3423 1313 3466 eorum
1338 3406 1428 3477 qui
1457 3419 1583 3460 casu
1622 3401 1748 3458 ferri
1772 3401 1951 3454 omnia
2001 3399 2185 3455 existi-

610 3511 777 3567 mant,
806 3502 892 3557 vel
937 3515 1124 3557 eorum
1167 3500 1257 3570 qui
1300 3493 1639 3566 aequissimis
1679 3489 1958 3545 daemoniis
2003 3487 2187 3542 mundi

611 3593 996 3663 providentiam
1040 3589 1332 3661 assignant,
1359 3586 1479 3657 plus
1506 3583 1637 3640 mihi
1681 3583 1885 3654 negotii
1915 3578 2189 3635 incumbe-

614 3692 715 3751 ret,
739 3681 1145 3753 repellendaque
1165 3681 1316 3752 prius
1340 3688 1563 3733 erronea
1592 3673 1777 3744 Opinio
1803 3673 2009 3737 fuisset,
2030 3678 2188 3739 atque

611 3774 833 3829 veritate
859 3771 1201 3843 providentia:
1228 3778 1462 3831 ostensa,
1495 3773 1608 3819 tum
1650 3766 1864 3821 demum
1894 3758 2188 3817 consolatio

613 3862 985 3925 subinferenda
1014 3867 1156 3917 esset
1188 3876 1201 3913 :
1239 3858 1491 3930 quoniam
1516 3868 1649 3911 vero
1674 3854 1872 3910 Christi
1902 3852 2069 3922 gratia
2102 3850 2189 3904 in-

612 3972 845 4019 structus
873 3955 939 4015 ab
967 3953 1186 4013 infantia
1206 3964 1384 4007 sacras
1403 3947 1637 4007 didicisti
1662 3946 1861 4009 literas,
1882 3956 2115 4011 veraque
2133 3949 2190 3996 et

613 4053 863 4107 salutaria
876 4049 1121 4117 dogmata
1138 4061 1204 4101 ex
1221 4042 1483 4113 majorum
1499 4046 1710 4092 tuorum
1727 4032 2064 4090 successione
2080 4045 2190 4086 sus-

613 4142 822 4211 cepisti,
873 4137 1047 4193 credis
1072 4136 1272 4205 absque
1316 4131 1422 4187 ulla
1465 4126 1802 4184 hmsitatione
1851 4124 1966 4180 Deo
2006 4136 2189 4177 curam

614 4210 734 4287 esse
764 4231 831 4285 de
873 4226 1141 4291 omnibus,
1188 4233 1244 4279 et
1290 4222 1359 4278 de
1397 4220 1480 4276 his
1520 4216 1754 4275 maxime
1800 4212 1892 4285 qui
1933 4213 2036 4268 sibi
2081 4210 2188 4268 ﬁde

612 4323 781 4393 juncti
809 4328 964 4385 sunt;
996 4319 1194 4374 omissa
1219 4314 1321 4370 hac
1348 4320 1520 4384 parte,
1550 4307 1766 4364 aliunde
1795 4317 2069 4364 sumamus
2109 4304 2190 4358 in-

615 4415 787 4469 itium.
812 4411 1081 4481 Principio
1108 4424 1228 4465 cum
1251 4406 1468 4477 angelos
1493 4409 1701 4459 crearet
1720 4400 1864 4456 Deus
1888 4416 1905 4466 ;
1930 4398 2038 4451 imo
2054 4408 2191 4451 .vero

616 4517 676 4564 ut
698 4509 858 4564 altius
883 4505 1106 4561 ducatur
1134 4500 1341 4558 oratio:
1372 4505 1660 4567 antequam
1687 4492 1906 4564 angelos
1932 4489 2190 4546 conderet

614 4602 963 4667 cmlestesque
1004 4594 1238 4663 reliquas
1261 4590 1522 4654 Virtutes,
1572 4584 1715 4640 Deus
1759 4589 1875 4639 erat
1921 4579 2037 4636 sine
2080 4579 2191 4634 ullo

617 4705 869 4763 umquam
915 4684 1204 4743 exsistendi
1233 4681 1514 4752 principio.
1544 4675 1677 4733 Cum
1716 4689 1848 4731 vero
1875 4673 2072 4729 nullius
2113 4672 2194 4727 rei

618 4762 782 4856 egens
824 4793 1037 4849 semper
1077 4783 1239 4840 esset,
1270 4773 1326 4828 id
1364 4771 1565 4842 quippe
1588 4767 1863 4839 proprium
1903 4762 2192 4856 divinitatis

620 4855 721 4938 est,
750 4869 951 4927 creavit
977 4865 1217 4935 angelos,
1248 4859 1618 4931 archangelos,
1642 4871 1933 4927 omnesque
1960 4855 2192 4924 reliquas

620 4962 963 5030 incorporeas
992 4953 1333 5011 substantias.
1377 4950 1591 5006 Creavit
1615 4963 1744 5003 vero
1772 4948 1841 5002 ob
1865 4946 2007 5001 aliud
2039 4944 2189 5011 nihil,

623 5053 723 5108 nisi
748 5052 859 5106 sola
883 5047 1134 5104 bonitatis
1158 5059 1269 5101 sua:
1295 5057 1473 5098 causa.
1498 5041 1735 5109 Quorum
1766 5040 1910 5095 enim
1940 5038 2194 5107 obsequio

624 5161 731 5199 non
755 5141 1042 5214 indigebat,
1072 5152 1357 5209 numquam
1385 5149 1477 5190 eos
1499 5132 1738 5203 profecto
1757 5131 2065 5197 creavisset,
2090 5130 2191 5184 nisi

623 5250 872 5305 supreme
898 5236 1069 5289 bonus
1097 5240 1264 5287 esset.
1307 5228 1437 5284 Post
1462 5226 1674 5281 illorum
1710 5236 1840 5277 vero
1865 5222 2193 5276 creationem

624 5327 751 5381 fecit
776 5325 1050 5381 hominem
1074 5323 1191 5392 ipsa
1220 5319 1421 5374 scilicet
1442 5327 1600 5386 atque
1625 5310 1810 5370 eadem
1834 5325 2015 5376 causa,
2042 5327 2196 5367 mun-

623 5419 859 5486 dumque
888 5415 1027 5470 hunc
1053 5426 1291 5469 omnem.
1332 5423 1490 5479 quem
1531 5420 1653 5461 cum
1699 5401 1993 5457 innumeris
2040 5400 2195 5456 bonis

626 5508 972 5578 insigniisset,
1000 5518 1219 5575 parvum
1250 5499 1396 5556 illum
1425 5505 1479 5553 et
1503 5495 1813 5551 vilissimum
1842 5492 1925 5547 his
1951 5490 2197 5546 omnibus

626 5601 879 5673 prmfecit,
922 5599 1023 5653 hoc
1071 5597 1217 5651 illum
1260 5595 1311 5649 in
1348 5600 1491 5646 terra
1521 5587 1867 5649 constituens,
1914 5582 2053 5654 quod
2084 5581 2197 5651 ipse

627 5701 767 5750 esset
796 5691 847 5748 in
876 5690 1025 5747 caelo.
1054 5683 1205 5755 Quod
1236 5685 1380 5742 enim
1405 5683 1508 5739 ait:
1544 5678 1812 5735 Faciamus
1841 5676 2089 5730 hominem
2130 5673 2198 5727 ad

1331 306 1388 363 8.
1428 301 1703 360 JOANNIS
1736 295 2209 356 CHRYSOSTOMI
2252 294 2572 351 ARClllEP.
2612 292 3140 352 CONSTANTINOP.

3740 291 3860 348 423

2276 409 2544 478 imaginem
2571 418 2615 462 et
2643 408 3018 462 similitudinem
3043 416 3265 460 nostram
3290 402 3441 476 (Gen.
3479 404 3531 459 ί.
3558 403 3675 473 26),
3713 406 3863 460 nihil

2277 498 2419 552 aliud
2456 496 2715 566 profecto,
2752 512 2908 566 quam
2937 496 3037 550 sub
3061 495 3262 549 ditione
3293 493 3411 562 ejus
3435 493 3603 561 posita
3632 502 3861 549 terrena

2277 598 2465 644 cuncta
2486 588 2760 658 signiﬁcat.
2782 586 2911 641 Cum
2934 588 3091 657 igitur
3116 586 3184 638 ita
3208 584 3352 637 illum
3376 582 3643 638 conditum
3668 584 3722 638 in
3742 594 3863 637 tan-

2277 687 2332 732 to
2370 678 2572 733 honore
2596 677 2843 744 locasset,
2869 675 3031 732 veluti
3057 675 3167 745 regi
3196 674 3394 743 regiam
3420 673 3721 742 paradisum
3748 674 3861 743 ipsi

2278 776 2612 823 terrenorum
2634 768 2869 822 omnium
2898 765 3307 837 pulcherrimam
3330 763 3513 819 sedem
3534 764 3859 834 assignavit.

2277 858 2476 913 Volens
2503 867 2759 930 praeterea
2790 857 2891 926 ipsi
2920 858 3022 911 alia
3043 870 3251 925 quoque
3270 868 3336 908 ex
3364 864 3515 925 parte
3540 855 3859 921 ostendere,

2280 958 2533 1018 quantum
2562 948 2860 1001 animantes
2900 947 3132 1016 reliquas
3176 946 3380 1000 honore
3427 945 3859 1013 transcenderet,

2275 1036 2493 1092 adducit
2518 1037 2587 1092 ad
2614 1037 2761 1091 illum
2809 1051 3016 1101 omnes,
3049 1050 3110 1091 ac
3150 1037 3367 1090 nomina
3409 1036 3631 1107 singulis
3674 1036 3860 1106 impo-

2277 1142 2405 1181 nere
2426 1127 2604 1196 jubet;
2636 1127 2948 1196 nullumque
2977 1142 3047 1181 ex
3074 1125 3158 1180 his
3198 1126 3251 1180 in
3281 1125 3599 1195 adjutorium
3626 1126 3718 1180 dat
3753 1127 3859 1192 illi,

2278 1233 2596 1289 causamque
2634 1219 2875 1288 protinus
2903 1218 3193 1287 adjiciens:
3231 1216 3352 1270 Non
3376 1218 3527 1280 enim,
3555 1219 3746 1287 inquit,
3774 1219 3860 1272 iu-

2278 1317 2452 1363 ventus
2471 1317 2544 1362 est
2561 1308 2765 1378 adjutor
2790 1308 2967 1361 similis
2986 1308 3032 1361 ei
3054 1307 3205 1378 (Gen.
3227 1307 3283 1361 2.
3308 1306 3423 1378 20).
3446 1307 3577 1361 Cum
3602 1323 3732 1362 vero
3761 1324 3859 1378 per

2279 1399 2394 1455 haec
2419 1399 2597 1455 omnia
2621 1398 2857 1454 medium
2882 1400 3157 1469 utriusque
3198 1407 3402 1454 naturae
3431 1414 3554 1454 eum
3599 1415 3720 1454 esse
3758 1400 3857 1455 do-

2278 1492 2493 1557 cuisset,
2532 1490 2781 1561 quodque
2808 1490 3054 1546 omnibus
3084 1499 3224 1546 esset
3265 1493 3379 1562 ipse
3423 1492 3732 1547 honoratior
3771 1494 3857 1546 ni-

2280 1579 2459 1649 hilque
2485 1590 2629 1636 esset
2654 1581 2728 1635 illi
2757 1582 2950 1645 simile,
2981 1590 3107 1636 tunc
3133 1590 3188 1635 et
3218 1582 3493 1636 mulierem
3523 1590 3689 1647 creat,
3720 1592 3776 1636 et.
3802 1584 3858 1638 in

2280 1671 2383 1727 hoc
2424 1673 2571 1727 illum
2600 1687 2784 1728 rursus
2833 1672 3102 1727 honorans
3146 1673 3591 1743 manifestumque
3632 1674 3859 1740 faciens,

2280 1761 2421 1830 quod
2464 1762 2605 1817 illam
2652 1778 2863 1833 quoque
2907 1763 3073 1832 ipsius
3117 1763 3282 1832 gratia
3318 1772 3571 1827 creasset,
3614 1765 3753 1818 sicut
3803 1776 3861 1820 et

2280 1850 2477 1907 Paulus
2503 1853 2577 1906 ait
2609 1870 2623 1905 :
2656 1852 2798 1920 Non,
2830 1853 3019 1923 inquit,
3051 1863 3244 1906 creatus
3281 1862 3352 1906 est
3393 1854 3468 1906 vir
3508 1864 3713 1923 prapter
3739 1872 3858 1907 mu-

2280 1942 2468 2008 lierem,
2498 1943 2587 1997 sed
2610 1944 2790 1997 mulier
2814 1951 3019 2014 propter
3053 1944 3215 1996 virum
3243 1940 3318 2015 (l.
3343 1943 3460 1996 Cor.
3502 1944 3589 1998 11.
3625 1941 3702 2013 9).
3739 1943 3860 1999 Non

2281 2046 2457 2092 autem
2485 2037 2568 2094 his
2598 2045 2802 2093 tantum
2831 2038 2977 2092 illum
3017 2036 3321 2102 honoravit,
3351 2052 3535 2092 verum
3566 2046 3621 2091 et
3646 2051 3861 2092 sermo.

2282 2143 2404 2182 nem
2427 2127 2499 2181 illi
2526 2128 2615 2183 uni
2645 2144 2711 2183 ex
2738 2128 2984 2183 omnibus
3004 2126 3223 2195 largitus
3251 2135 3351 2190 est,
3378 2127 3564 2196 suique
3592 2127 3740 2180 illum
3766 2142 3865 2181 no-

2283 2219 2427 2273 tione
2456 2218 2698 2289 dignatus
2724 2227 2825 2287 est,
2853 2233 2915 2274 ac
2942 2233 3039 2273 suo
3068 2217 3213 2273 dedit
3244 2216 3345 2271 frui
3365 2218 3654 2283 consortio,
3690 2231 3865 2287 quan-

2281 2316 2394 2363 tum
2435 2308 2537 2364 frui
2565 2309 2723 2365 homo
2761 2316 2988 2379 poterat.
3023 2307 3423 2361 [inmortalitate
3461 2317 3719 2376 przeterea
3759 2306 3867 2360 do—

2281 2398 2513 2453 nandum
2544 2398 2807 2467 promisit,
2834 2412 3146 2468 summaque
3168 2396 3410 2466 implevit
3433 2397 3711 2466 sapientia,
3751 2398 3867 2466 Spi-

2281 2490 2524 2545 ritualem
2551 2489 2625 2545 illi
2641 2490 2863 2560 gratiam
2888 2489 3166 2557 adjiciens,
3187 2488 3322 2542 adeo
3341 2497 3399 2542 ut
3421 2488 3670 2542 nonnulla
3697 2490 3868 2545 etiam

2282 2579 2612 2647 praediceret.
2654 2578 2883 2648 Haecque
2910 2578 2986 2632 illi
3028 2578 3205 2632 omnia
3234 2576 3451 2648 largitus
3479 2587 3579 2644 est,
3626 2594 3748 2633 cum
3776 2590 3863 2632 ta-

2281 2683 2402 2722 men
2429 2668 2496 2722 ab
2531 2684 2596 2723 eo
2623 2668 2764 2724 nulla
2802 2678 2925 2724 ante
2961 2677 3106 2725 recte
3144 2667 3279 2722 facta
3319 2669 3695 2723 manavissent.
3720 2670 3864 2736 Quid

2280 2757 2440 2825 igitur
2482 2757 2571 2812 ille
2596 2759 2612 2790 ¹
2644 2766 2765 2830 post
2811 2765 2953 2811 tanta
3001 2767 3215 2827 tamque
3249 2759 3534 2828 singularia
3561 2758 3868 2813 beneﬁcia?

2280 2840 2526 2902 Beneﬁco
2550 2861 2646 2902 suo
2673 2848 2774 2903 ﬁde
2802 2848 3096 2918 digniorem
3131 2848 3401 2902 inimicum
3433 2850 3720 2904 arbitratus
3748 2863 3861 2915 est,

2279 2945 2564 3006 spretoque
2590 2937 2835 2991 mandato
2852 2937 3140 2992 conditoris
3167 2935 3424 2991 fallaciam
3443 2937 3580 2991 illius
3604 2940 3863 3008 praetulit,

2280 3025 2369 3094 qui
2385 3040 2443 3080 se
2460 3026 2681 3096 perdere
2701 3027 2918 3082 omnino
2933 3027 3190 3096 bonisque
3210 3026 3455 3081 omnibus
3470 3027 3661 3096 ejicere
3677 3030 3869 3098 cupie-

2280 3116 2630 3173 bat.Pr:etulit
2652 3128 2976 3185 autem,cum
2998 3128 3173 3173 tamen
3196 3119 3400 3173 nullum
3418 3134 3585 3187 neque
3608 3135 3867 3189 magnum

2280 3224 2451 3279 neque
2464 3223 2683 3279 parvum
2701 3211 3013 3266 beneﬁcium
3029 3212 3095 3266 ab
3110 3226 3174 3266 eo
3191 3219 3332 3265 esset
3349 3221 3704 3281 consequutus
3721 3212 3870 3267 sola-

2279 3301 2615 3370 queverbum
2638 3302 2755 3372 ejus
2789 3316 2915 3356 aure
2944 3301 3285 3371 percepisset.
3306 3300 3442 3355 Num
3468 3315 3595 3354 vero
3614 3301 3813 3355 delevit
3840 3305 3868 3336 ³

2290 3387 2435 3443 illum
2465 3387 2625 3454 Deus,
2655 3394 2801 3441 tanta
2826 3384 3018 3455 ingrati
3046 3383 3210 3438 animi
3234 3383 3387 3452 signa
3412 3379 3479 3435 ab
3508 3380 3661 3434 initio
3682 3378 3873 3434 statim

2288 3488 2446 3547 atque
2471 3479 2537 3532 ab
2561 3479 2707 3547 ipsis,
2740 3485 2799 3531 ut
2837 3476 2908 3531 ita
2941 3475 3185 3539 dixerim,
3232 3472 3388 3528 stadii
3415 3470 3713 3527 carceribus
3754 3484 3876 3540 pra:

2290 3584 2349 3624 se
2375 3568 2668 3623 ferentem?
2697 3567 2809 3622 Hoc
2837 3566 2979 3621 enim
3005 3565 3222 3634 justitiaa
3264 3563 3401 3617 ratio
3443 3561 3762 3631 postulabat,
3808 3570 3873 3614 ut

2290 3658 2357 3724 is,
2386 3659 2478 3728 qui
2510 3657 2804 3713 innumeris
2840 3666 2996 3711 antea
3018 3654 3235 3710 aﬁ‘ectus
3262 3652 3532 3709 beneﬁciis
3560 3653 3629 3707 ab
3675 3651 3871 3706 inobe-

2288 3748 2488 3803 dientia
2510 3749 2688 3802 statim
2713 3755 2871 3817 atque
2900 3745 3277 3815 ingratitudine
3301 3744 3422 3797 vitae
3443 3743 3588 3797 initia
3613 3742 3870 3812 cepisset,

2287 3840 2561 3895 deleretur
2586 3848 2746 3909 atque
2770 3837 2836 3893 de
2862 3837 3041 3893 medio
3079 3836 3399 3891 auferretur.
3428 3834 3567 3889 Deus
3595 3848 3727 3888 vero
3762 3848 3873 3887 non

2291 3930 2467 3985 minus
2487 3942 2643 3999 quam
2664 3936 2818 3983 antea
2839 3928 2974 3983 bene
3000 3926 3074 3981 illi
3100 3926 3274 3979 facere
3296 3923 3545 3993 perstitit,
3570 3920 3867 3977 ostendens

2292 4032 2390 4090 per
2436 4018 2557 4087 hoc,
2600 4018 2741 4089 quod
2768 4032 2868 4073 nos
2906 4017 3006 4073 etsi
3052 4016 3246 4071 millies
3286 4026 3567 4085 peccemus
3612 4013 3872 4081 illumque

2292 4124 2620 4177 aversemur,
2647 4109 2762 4179 ipse
2782 4118 2959 4163 tamen
2980 4106 3136 4161 saluti
3162 4113 3355 4160 nostra:
3379 4103 3692 4173 prospicere
3721 4118 3868 4156 num-

2291 4217 2451 4272 quam
2472 4201 2699 4267 desistit,
2744 4209 2801 4255 ut
2827 4202 2872 4256 si
2912 4198 3127 4270 quidem
3155 4197 3403 4253 conversi
3430 4196 3709 4261 fuerimus,
3756 4209 3873 4249 ser-

2294 4310 2513 4349 vemur:
2543 4294 2626 4349 sin
2664 4301 2840 4347 autem
2888 4293 2943 4347 in
2988 4290 3133 4346 vitiis
3172 4288 3711 4360 perseveraverimus,
3757 4286 3872 4355 ipse

2292 4394 2473 4439 tamen
2501 4382 2644 4453 quod
2669 4397 2822 4438 suum
2848 4390 2964 4437 erat
3000 4381 3191 4436 fecisse
3217 4379 3543 4435 advertatur.
3584 4377 3768 4447 Itaque
3790 4377 3872 4430 vi-

2290 4474 2489 4529 dentur
2513 4473 2726 4545 quidem
2747 4473 2939 4543 ejectio
2960 4472 3047 4527 illa
3076 4486 3109 4527 e
3135 4469 3401 4542 paradiso,
3434 4468 3667 4538 [ignique
3696 4467 3872 4532 vitalis

2295 4566 2560 4632 inhibitio,
2583 4566 2874 4635 mortisque
2899 4562 3193 4628 mulctatio,
3235 4560 3523 4616 cruciantis
3552 4574 3673 4614 esse
3715 4568 3873 4628 atque

2298 4656 2611 4727 punientis:
2658 4664 2781 4710 sunt
2821 4662 2998 4709 autem
3050 4651 3437 4722 providentiam
3481 4649 3719 4719 gerentis
3765 4662 3870 4701 non

2294 4749 2473 4804 minus
2492 4761 2651 4818 quam
2674 4747 2873 4816 priora.
2902 4744 3017 4799 Etsi
3046 4744 3189 4799 enim
3212 4741 3454 4797 mirabile
3479 4741 3536 4795 id
3572 4739 3718 4810 quod
3739 4738 3873 4793 dici-

2298 4855 2418 4895 mus
2443 4839 2673 4904 videtur,
2699 4838 3036 4894 verissimum
3072 4843 3157 4891 est
3179 4844 3356 4890 tamen
3391 4851 3406 4889 :
3436 4847 3499 4888 ea
3533 4832 3733 4902 quippe
3757 4844 3874 4901 quze

2302 4930 2517 4995 ﬁebant,
2544 4944 2666 4985 cum
2693 4929 2958 4984 contraria
3004 4926 3333 4991 viderentur,
3380 4937 3487 4979 uno
3522 4931 3703 4977 tamen
3745 4936 3876 4975 eon-

2298 5023 2555 5093 cordique
2596 5021 2701 5077 ﬁne
2744 5021 2845 5076 sibi
2888 5019 3117 5074 invicem
3162 5017 3587 5073 consentiebant.
3629 5013 3874 5081 Exempli

2298 5128 2459 5170 causa
2500 5131 2513 5168 :
2541 5113 2684 5183 quod
2722 5113 2869 5167 illum
2903 5111 3128 5166 exclusit
3156 5124 3187 5163 a
3218 5107 3481 5179 paradiso,
3510 5104 3655 5176 quod
3690 5113 3874 5159 contra

2302 5205 2606 5277 paradisum
2648 5205 2945 5270 collocavit,
2996 5212 3051 5258 et
3098 5201 3266 5256 vetuit
3310 5199 3509 5271 lignum
3541 5198 3688 5261 vitta,
3738 5193 3877 5265 quod

2304 5297 2587 5352 mortalem
2625 5295 2769 5363 fecit,
2810 5293 2952 5365 quod
2995 5293 3207 5347 interim
3237 5304 3300 5345 ea
3341 5289 3605 5347 sententia
3634 5296 3881 5353 superior

2302 5391 2449 5445 visus
2476 5398 2557 5444 est
2584 5405 2599 5442 :
2639 5388 2773 5454 haec,
2805 5386 3038 5456 inquam,
3071 5382 3270 5449 omnia,
3302 5394 3508 5435 necnon
3550 5391 3671 5448 quae
3697 5391 3767 5431 ex
3798 5373 3880 5428 his

2303 5487 2720 5551 consequuntur,
2746 5493 2843 5549 pro
2893 5477 3009 5546 ejus
3034 5475 3204 5531 salute
3249 5483 3302 5529 ct
3329 5471 3532 5528 honore
3560 5478 3710 5540 gesta
3737 5474 3878 5522 sunt.

2371 5620 2385 5650 ί
2423 5623 2470 5663 In
2496 5613 2658 5670 Morel.
2687 5613 2845 5668 deest,
2870 5609 2966 5665 itm.

2372 5681 2391 5710 ²
2424 5677 2559 5727 savii.
2587 5675 2731 5736 addit,
2755 5673 2833 5724 dic
2857 5670 2990 5723 mihi.
