4124 6144
425 315 538 374 629

429 448 538 503 ρων
575 434 726 488 οὐδὲν
765 433 832 488 ἂν
858 433 1068 504 εἴποιμι
1099 441 1125 470 ⁸
1157 432 1358 501 (παντὶ
1395 430 1504 504 γὰρ
1537 429 1692 500 δῆλόν
1727 428 1888 499 ἐστι),
1933 427 2096 482 δεῖδὲ

423 520 516 575 τὸν
551 522 692 593 ὑπὲρ
718 521 827 574 τῶν
860 521 998 592 μετά
1045 520 1218 575 ταῦτα
1250 519 1432 573 δοῦναι
1458 519 1636 588 λόγον.

496 610 569 680 γ’.
616 613 740 674 Πῶς
777 607 869 664 οὖν
893 611 1151 682 εἰσόμεθα
1180 614 1260 666 ὅτι
1308 613 1403 666 καὶ
1437 611 1505 664 τὰ
1551 611 1777 682 δεύτερα
1811 610 1949 680 ὑπὲρ
1989 609 2097 663 τῶν

425 699 619 771 ἐκείνῳ
672 699 1059 770 συμφερόντων
1102 697 1205 771 ἦν;
1259 702 1355 754 Ἂν
1401 702 1744 772 ἐννοήσωμεν
1794 703 1848 753 τί
1892 698 2099 752 τούτων

428 786 504 857 μὴ
551 786 858 857 γενομένων
903 786 1104 840 ἔπαθεν
1147 787 1229 842 ἄν.
1268 788 1334 840 Τί
1379 783 1470 842 οῦν
1507 788 1572 842 ἂν
1608 788 1844 853 έπαθεν;
1877 787 1962 846 El.
2001 785 2094 838 τοῦ

423 868 669 923 διαϐόλου
709 870 848 940 μετά
887 870 985 941 τὴν
1029 870 1344 942 παράϐασιν
1387 871 1860 942 ἐπαγγειλαμένου
1903 866 2096 932 δείξειν

423 954 619 1018 αὐτοὺς
667 953 926 1018 ἰσοθέους,
955 954 1047 1007 ἐπὶ
1073 957 1174 1026 τῆς
1203 955 1374 1025 αὐτῆς
1407 956 1590 1026 ἐμεινε
1630 957 1659 995 b
1693 955 1879 1026 τιμῆς,
1918 952 2095 1024 τρισὶν

422 1037 491 1090 ἂν
539 1040 834 1109 περιέπεσε
865 1043 980 1102 τοῖς
1023 1040 1274 1110 ἐσχάτοις
1324 1043 1531 1102 κακοῖς.
1581 1037 1805 1110 Πρῶτον
1850 1039 1949 1108 μὲν
1983 1036 2094 1106 γάρ

421 1126 512 1179 τὸν
557 1126 690 1179 Θεὸν
732 1126 798 1180 ἂν
833 1127 1080 1198 ἐνόμισεν
1125 1125 1264 1179 εἶναι
1300 1125 1590 1196 βάσκανον,
1639 1126 1732 1179 καὶ
1777 1124 2092 1189 ἀπατεῶνα,

422 1215 520 1266 καὶ
566 1213 808 1284 ψεύστην
830 1233 842 1245 ·
875 1213 1127 1286 δεύτερον
1175 1214 1234 1267 δέ
1267 1214 1360 1268 τὸν
1402 1213 1618 1284 ἀληθῶς
1657 1213 1970 1277 ἀπατεῶνα,
1999 1212 2095 1266 καὶ

419 1302 515 1355 τοῦ
547 1303 778 1372 ψεύδους
801 1304 896 1356 καὶ
926 1302 1027 1373 τῆς
1061 1301 1361 1373 βασκανίας
1395 1302 1630 1374 πατέρα,
1652 1301 1747 1355 καὶ
1797 1298 2094 1370 εὐεργέτην

421 1392 517 1443 καὶ
550 1390 736 1460 φίλον·
790 1391 886 1444 καὶ
942 1390 1076 1462 πρὸς
1124 1387 1335 1458 τούτοις
1385 1389 1628 1444 ἀθάνατα
1679 1389 1746 1442 ἂν
1795 1387 2095 1441 διετέλεσεν

420 1481 751 1551 ἁμαρτάνων
772 1479 864 1533 τοῦ
891 1479 1098 1533 λοιποῦ.
1127 1477 1344 1532 Τούτων
1363 1477 1418 1531 δὲ
1452 1479 1611 1532 αὑτὸν
1639 1478 1894 1532 ἀπάντων
1919 1475 2096 1547 ἀπήλ-

417 1567 599 1634 λαξεν,
648 1567 892 1621 ἐκϐαλὼν
942 1565 1037 1620 τοῦ
1085 1566 1414 1639 παραδείσου
1456 1565 1599 1619 τότε.
1642 1565 1799 1620 Οὕτω
1851 1582 1955 1617 που
1999 1564 2094 1618 καὶ

422 1655 625 1726 ἰατρὸς,
664 1655 821 1722 ἀφεὶς
857 1653 955 1724 μὲν
984 1653 1043 1707 τὸ
1077 1653 1233 1716 ἕλκος
1279 1653 1500 1724 μείζονα
1547 1652 1645 1723 τὴν
1699 1651 1966 1722 σηπεδόνα
1987 1653 2094 1723 ἐρ-

417 1743 668 1812 γάζεται,
705 1742 988 1795 ἐκκόπτων
1018 1741 1075 1793 δὲ
1107 1740 1304 1794 κωλύει
1348 1742 1659 1812 περαιτέρω
1693 1739 1975 1810 προελθεῖν
1998 1738 2091 1792 τοῦ

415 1830 733 1901 τραύματος
775 1829 874 1899 τὴν
921 1827 1140 1882 κακίαν.
1177 1828 1243 1880 Τί
1273 1822 1402 1892 οὕν;
1451 1827 1636 1898 φησίν.
1679 1826 1952 1896 Οὐκ-ἔστη
1991 1826 2092 1897 μέ-

415 1935 508 1989 χρι
540 1917 764 1982 τούτων,
800 1915 937 1970 ἀλλά
970 1917 1066 1970 καὶ
1113 1914 1346 1987 ἱδρῶτας
1375 1915 1470 1971 καὶ
1504 1915 1700 1978 πόνους
1729 1913 2089 1986 προσέθηκεν,

413 2009 499 2060 ὅτι
527 2007 678 2060 οὐδὲν
715 2005 858 2059 οὕτω
891 2005 1028 2077 πρὸς
1056 2005 1240 2060 ἄνεσιν
1267 2005 1542 2076 ἄχρηστον
1572 2004 1648 2068 ὼς
1674 2006 1707 2074 ἡ
1751 2002 1859 2058 τῶν
1883 2001 2096 2072 ἀνθρὼ-

415 2113 534 2149 πων
575 2095 736 2164 φύσις
780 2093 945 2149 ἐστίν.
997 2094 1061 2147 El
1106 2093 1216 2165 γὰρ
1250 2094 1344 2147 καὶ¹
1384 2092 1593 2146 τούτων
1622 2090 1988 2162 ἐπικειμένων
2029 2090 2091 2144 ού

411 2183 846 2254 διαλιμπάνομεν
894 2183 1323 2253 ἁμαρτάνοντες,
1361 2181 1413 2236 τί
1457 2183 1558 2235 οὐκ
1589 2180 1655 2235 ἂν
1689 2180 2090 2252 ἐτολμήσαμεν,

412 2275 463 2326 εί
499 2272 636 2344 πρὸς
655 2270 865 2342 τρυφὴν
883 2271 977 2324 καὶ
1005 2268 1204 2342 ἀργίαν
1220 2269 1422 2340 ἀνῆκεν
1449 2271 1598 2340 ήμᾶς
1624 2272 1652 2322 6
1677 2268 1844 2335 Θεός;
1876 2266 2094 2323 Πᾶσαν

412 2359 522 2432 γὰρ
551 2360 788 2423 κακίαν,
814 2359 1003 2429 φησὶν,
1021 2356 1300 2422 ἐδίδαξεν
1316 2358 1354 2426 ἠ
1373 2357 1568 2427 ἀργία.
1590 2357 1701 2411 Καὶ
1720 2358 1990 2428 μαρτυρεῖ
2013 2354 2092 2425 τῷ

411 2448 559 2519 λόγῳ
589 2446 659 2501 τά
693 2445 814 2501 καθ’
833 2445 1046 2517 ἡμέραν
1084 2445 1369 2516 γινόμενα,
1401 2446 1498 2499 καὶ
1527 2445 1598 2498 τὰ
1630 2445 1725 2499 ἐπὶ
1751 2445 1862 2498 τῶν
1890 2444 2095 2516 προγό-

411 2554 519 2590 νων
539 2535 596 2589 δὲ
621 2533 904 2606 συμϐάντα
933 2533 1042 2586 τῶν
1066 2533 1372 2604 ἡμετέρων.
1413 2531 1692 2587 Ἐκάθισε
1714 2532 1822 2604 γάρ
1856 2535 1890 2587 ὁ
1916 2532 2088 2598 λαός,

412 2627 569 2696 φησὶ,
598 2625 810 2695 φαγεῖν
837 2623 938 2678 καὶ
965 2622 1144 2689 πιεῖν,
1176 2621 1277 2675 καὶ
1321 2621 1676 2688 ἀνέστησαν
1707 2620 1966 2682 παίζειν·
1996 2621 2092 2674 καὶ¹

412 2707 577 2769 πάλιν
597 2730 612 2746 ·
658 2713 1002 2778 Ἐλιπάνθη,
1029 2711 1363 2778 ἐπαχύνθη,
1397 2709 1763 2776 ἐπλατύνθη,
1829 2709 1928 2762 καὶ
1979 2709 2090 2763 ἀπο

411 2801 736 2858 ελὰκτισεν
762 2803 793 2854 ό
818 2798 1223 2870 ἡγαπημένος.
1249 2796 1468 2868 Συνῳδὰ
1494 2797 1551 2850 δὲ
1574 2796 1782 2860 τούτοις
1793 2797 1888 2850 καὶ
1918 2800 1946 2851 6
1982 2815 2090 2868 μα-

412 2890 604 2962 κάριος
662 2886 826 2940 Δαυῒδ
879 2886 1176 2955 φθέγγεται
1239 2884 1450 2953 λέγων·
1505 2884 1691 2938 Ὅταν
1738 2884 2092 2940 ἀπέκτεινεν

412 2977 658 3042 αὐτοὺς,
685 2977 817 3029 τότε
844 2973 1163 3040 ἐξεζήτουν
1184 2973 1391 3039 αὐτὸν,
1427 2973 1525 3027 καί
1569 2972 1945 3043 ἐπέστρεφον
1986 2973 2087 3028 καί

411 3064 690 3135 ὠρθριζον
721 3063 872 3132 πρὸς
899 3064 1008 3116 τὸν
1036 3062 1202 3115 Θεόν.
1245 3062 1354 3115 Καὶ
1381 3061 1447 3132 τῇ
1488 3060 1846 3133 Ἰερουσαλὴμ
1879 3059 1968 3115 διὰ
1993 3059 2086 3114 τοῦ

420 3152 687 3226 Ἰερεμίου
723 3151 887 3222 φησιν
919 3151 947 3203 6
977 3149 1141 3212 Θεός·
1183 3149 1285 3203 Διά
1317 3148 1544 3213 παντὸς
1570 3148 1939 3216 παιδεύθητι,
1983 3148 2090 3204 Ἰε-

404 3240 755 3313 ρουσαλὴμ,
801 3239 961 3303 ὅπως
1015 3237 1090 3291 ἂν
1128 3235 1214 3306 μὴ
1245 3235 1489 3304 ἀποστῇ
1530 3237 1568 3304 ἡ
1619 3237 1790 3307 ψυχή
1820 3254 1940 3307 μου
1969 3237 2089 3292 ἀπὸ

410 3324 551 3387 σοῦ.
603 3325 726 3377 Ὅτι
762 3323 818 3376 δέ
853 3323 913 3374 οὐ
957 3323 1070 3384 τοῖς
1105 3320 1400 3392 μοχθηροῖς
1447 3320 1629 3390 μόνον,
1666 3321 1802 3374 ἀλλά
1847 3321 1944 3375 καὶ
1976 3323 2089 3386 τοῖς

411 3414 691 3484 χρηστοῖς,
729 3410 825 3464 καὶ
865 3406 1252 3462 ταπεινοῦσθαι
1299 3408 1393 3462 καὶ
1423 3407 1776 3478 κάμπτεσθαι
1809 3407 1947 3481 πρὸς
1986 3427 2090 3463 σω-

409 3499 601 3571 τηρίαν
648 3498 786 3561 ἐστὶ,
837 3496 998 3549 πάλιν
1043 3497 1071 3548 6
1104 3497 1388 3567 προφήτης
1430 3495 1626 3566 φησίν·
1688 3495 1938 3566 Ἀγιιθόν
1962 3515 2085 3566 μοι,

409 3589 611 3655 Κύριε,
641 3585 730 3639 ὅτι
763 3582 1172 3648 ἑταπείνωσάς
1195 3600 1291 3651 με.
1313 3584 1472 3649 ὅπως
1491 3583 1567 3637 ἂν
1585 3581 1753 3652 μάθω
1775 3583 2090 3638 τὰδικαιώ-

404 3674 565 3749 μιιτά
596 3688 732 3727 σου.
762 3672 874 3726 Καὶ
911 3669 1049 3742 μετά
1081 3667 1267 3725 τοῦτον
1295 3669 1354 3722 δέ
1379 3671 1408 3723 6
1459 3671 1731 3744 Ἱερεμίας
1758 3671 1826 3726 τὰ
1863 3671 2000 3725 αὺτά
2023 3671 2087 3744 δὴ

409 3762 584 3817 ταῦτα
625 3760 795 3832 ἐκϐοᾷ
833 3761 883 3812 εί
927 3760 1021 3813 καὶ
1053 3759 1128 3831 μὴ
1169 3760 1380 3830 ῥήμασι
1423 3761 1538 3823 τοῖς
1569 3761 1784 3824 αὐτοῖς·
1835 3761 2088 3830 Ἀγαθὸν

407 3849 582 3918 ἀνδρὶ
625 3847 770 3902 ὅταν
809 3845 930 3916 ἄρῃ
968 3845 1148 3916 ζυγὸν
1186 3845 1389 3915 ,βαρὺν
1419 3845 1490 3900 ἐκ
1534 3849 1818 3915 νεότητος
1854 3849 2044 3901 αὐτοῦ
2072 3865 2084 3878 ·

409 3937 716 3990 καθίσεται
764 3933 915 3988 κατὰ
962 3933 1177 4003 μόνας,
1225 3933 1322 3986 καὶ
1371 3931 1760 3998 σιωπήσεται.
1809 3935 1919 3986 Καὶ
1958 3935 2087 4004 περὶ

411 4021 605 4078 ἑαυτοῦ
638 4022 695 4075 δέ
710 4021 803 4075 τοῦ
839 4021 974 4074 Θεοῦ
1003 4020 1172 4072 δεῖται
1205 4018 1377 4088 λέγων
1400 4036 1415 4051 ·
1445 4019 1542 4087 Μὴ
1565 4018 1706 4090 γένῃ
1733 4021 2086 4089 φειδόμενός

402 4129 524 4182 μου
555 4113 643 4176 είς
683 4109 1086 4175 ἀλλοτρίωσιν
1110 4107 1179 4158 ἐν
1203 4106 1394 4175 ἡμέρᾳ.
1423 4105 1676 4176 πονηρᾷ.
1720 4109 1831 4162 Καὶ
1851 4110 1879 4161 6
1905 4110 2086 4180 μακά-

412 4217 525 4272 ριος
574 4198 631 4250 δέ
681 4195 892 4256 Παῦλος
931 4196 959 4247 6
1011 4193 1264 4248 τοσοῦτον
1311 4196 1368 4248 ἐν
1418 4197 1484 4265 τῇ
1537 4195 1719 4268 χάριτι
1753 4196 2082 4268 διαλάμψας,

407 4285 504 4339 καὶ
539 4282 639 4353 τὴν
668 4281 1017 4353 ἀνθρωπίνην
1069 4281 1230 4350 φύσιν
1262 4281 1528 4354 ὑπερϐάς,
1579 4283 1728 4354 ὅμως
1776 4284 1871 4337 καὶ
1921 4284 2084 4352 αὐτὸς

331 4399 340 4407 ·
408 4371 581 4425 ἐδεῖτο
606 4370 707 4440 τῆς
738 4367 1008 4438 ὠφελείας
1043 4367 1236 4421 τούτου
1264 4369 1358 4422 τοῦ
1393 4369 1562 4423 καλοῦ
1584 4387 1598 4402 ·
1629 4369 1712 4423 6:6
1739 4372 1834 4425 καὶ
1867 4371 2081 4442 ἔλεγεν·

419 4457 633 4525 Ἐδόθη
657 4474 760 4526 μοι
786 4456 1032 4525 σκόλοψ
1056 4455 1132 4524 τῇ
1152 4455 1329 4524 σαρκὶ
1351 4456 1608 4526 ἅγγελος
1635 4457 1854 4522 Σατᾶν,
1889 4460 1990 4514 ἵνα
2007 4477 2087 4529 με

407 4545 721 4616 κολαφίζῃ,
756 4546 858 4600 ἵνα
894 4545 981 4616 μὴ
1022 4545 1447 4616 ὑπεραίρωμαι.
1485 4546 1665 4618 Ὑπὲρ
1700 4549 1918 4604 τούτου
1957 4551 2084 4618 τρίς

406 4637 514 4690 τὸν
537 4637 755 4704 Κύριον
795 4633 1200 4703 παρεκάλεσα,
1241 4633 1338 4688 καὶ
1362 4629 1494 4690 εἶπέ
1511 4652 1647 4705 μοι·
1701 4636 1901 4706 Ἀρκεῖ
1932 4635 2081 4712 [160]

405 4740 507 4779 σοι
532 4725 572 4793 ἠ
618 4723 790 4794 χάρις
819 4741 939 4792 μου
960 4738 975 4753 ·
1010 4725 1049 4791 ἠ
1082 4722 1192 4792 γὰρ
1222 4722 1478 4793 δύναμίς
1518 4742 1640 4795 μου
1682 4726 1754 4780 ἐν
1799 4728 2086 4798 ἀσθενείᾳ

407 4813 756 4868 τελειοῦται.
813 4810 1004 4864 Καίτοι
1052 4828 1118 4878 γε
1166 4811 1294 4882 ἐνῆν
1339 4811 1434 4866 καὶ
1470 4815 1641 4885 χωρὶς
1674 4815 1931 4888 διωγμῶν
1987 4819 2084 4872 καὶ

408 4900 640 4969 θλίψεων
674 4898 768 4951 καὶ
801 4898 978 4951 πόνων
1009 4897 1104 4950 καὶ
1142 4897 1382 4967 ἱδρώτων
1421 4901 1834 4973 κατορθωθῆναι
1870 4904 1933 4958 τὸ
1979 4907 2082 4978 κή-

409 5005 618 5064 ρυγμα,
662 4987 778 5040 ἀλλ’
823 4987 974 5058 ὅμως
1025 4987 1124 5039 οὐκ
1173 4985 1437 5058 ἠθέλησεν
1474 4991 1502 5041 6
1545 4990 1780 5060 Χριστὸς
1824 4992 1933 5047 τῶν
1978 5010 2080 5065 κη-

410 5075 712 5149 ρυττόντων
763 5074 1098 5144 φειδόμενος.
1157 5073 1258 5127 Διά
1309 5074 1469 5128 τοῦτό
1511 5095 1675 5148 φησιν
1714 5080 1929 5145 αὐτοῖς·
1980 5085 2082 5139 Ἐν

407 5162 488 5231 τῷ
525 5161 730 5232 κόσμῳ
769 5161 980 5229 θλῐψιν
1008 5160 1195 5225 ἕξετε.
1242 5163 1354 5216 Καὶ
1385 5163 1497 5227 τοῖς
1532 5164 1874 5236 βουλομένοις
1901 5168 1958 5223 δέ
2001 5172 2082 5236 είς

406 5253 505 5323 τὴν
540 5248 816 5320 βασιλείαν
845 5247 1100 5317 βαδίζειν,
1131 5249 1221 5302 διὰ
1253 5249 1353 5320 τῆς
1381 5251 1718 5323 ἐστενοχωρη
1729 5253 1896 5325 μένης
1921 5255 2080 5312 τοῦτο

405 5337 619 5394 κελεύει
649 5338 822 5389 ποιεῖν
843 5333 986 5402 ὁδοῦ,
1015 5335 1091 5398 ὼς
1110 5335 1212 5389 οὐκ
1241 5336 1360 5389 ἐνὸν
1389 5337 1656 5408 ἑτέρωθεν
1681 5340 1859 5393 ἐκεῖσε
1878 5341 2074 5400 ἐλθεῖν.

407 5425 596 5488 Οὕτως
638 5424 693 5476 αί
720 5422 925 5494 θλίψεις
948 5423 1042 5476 καὶ
1066 5422 1116 5476 οί
1155 5424 1452 5495 πειρασμοὶ
1483 5425 1577 5478 καὶ
1608 5427 1676 5480 τά
1712 5429 2076 5499 συμϐαίνοντα

407 5515 538 5585 ήμῖν
583 5512 783 5582 ἀνιαρά
824 5510 932 5564 τῶν
965 5509 1216 5581 χρηστῶν
1265 5511 1362 5582 οὐχ
1414 5506 1578 5586 ἦττον
1610 5513 1708 5587 τὴν
1751 5517 2076 5587 κηδεμονίαν

404 5601 500 5657 τοῦ
542 5597 678 5654 Θεοῦ
706 5599 836 5671 ἡμῖν
879 5598 1264 5654 ἐνδείκνυνται.
1313 5601 1422 5655 Καὶ
1464 5602 1515 5656 τί
1559 5603 1699 5675 λέγω
1739 5605 1834 5672 τὰς
1869 5605 2077 5678 θλίψεις

468 5737 493 5797 ξ
520 5736 668 5786 Savil.
697 5735 795 5784 οὐδ’
814 5737 869 5782 ἂν
889 5736 1085 5797 εἴποιμι.

465 5794 496 5840 δ
523 5800 604 5849 Sic
623 5799 771 5848 Sam.
794 5794 1074 5860 Legebamr
1094 5797 1271 5862 ἔμενον.
1298 5798 1428 5850 Enn.

1209 316 1268 373 S.
1308 311 1592 371 JOANNIS
1627 309 2119 369 CHRYSOSTOMI
2156 312 2476 373 ARCIIIEP.
2517 313 3068 376 CONSTANTINOP.

3772 311 3880 368 450

2199 429 2300 494 τάς
2338 432 2560 498 ἐνθάδε;
2604 435 2704 506 τῆς
2733 436 2840 506 γὰρ
2871 433 3147 506 βασιλείας
3178 431 3289 485 τῶν
3313 429 3558 502 οὐρανῶν
3587 429 3688 481 οὒκ
3713 427 3883 480 ἔλατ-

2199 534 2289 570 τον
2323 519 2477 589 ήτῆς
2505 521 2729 594 γεέννης
2770 523 2966 593 ἀπειλὴ
3007 522 3302 594 παρίστησι
3328 517 3427 588 τὴν
3464 515 3882 588 φιλανθρωπίαν

2199 605 2362 658 αὑτοῦ
2389 618 2435 660 ε.
2464 609 2528 660 Et
2562 609 2670 681 γὰρ
2701 610 2775 680 μὴ
2806 611 2998 678 γέεννα
3023 609 3304 679 ήπείλητο,
3327 607 3428 658 οὑκ
3456 605 3522 658 ἄν
3554 621 3639 666 τις
3663 602 3882 672 ταχέως

2198 692 2430 764 ἐπέτυχε
2469 695 2578 748 τῶν
2606 698 2664 749 ἐν
2691 700 2805 761 τοῖς
2841 699 3089 769 οὐρανοῖς
3114 694 3358 764 ἀγαθῶν.
3396 692 3532 746 Οὐδὲ
3574 690 3684 761 γὰρ
3709 689 3882 760 ἀρκεῖ

2201 781 2338 852 μόνη
2381 785 2414 855 ἡ
2457 785 2566 838 τῶν
2597 786 2848 857 χρηστῶν
2893 784 3197 854 ἐπαγγελία
3243 780 3544 854 προτρέψαι
3575 779 3711 859 πρὸς
3743 779 3880 848 ἀρε-

2197 870 2317 940 τὴν,
2349 872 2423 942 μὴ
2454 875 2548 926 καὶ
2567 875 2660 926 τοῦ
2690 874 2856 944 φόϐου
2890 873 2998 926 τῶν
3029 873 3216 926 δεινῶν
3245 869 3511 932 ὠθοῦντος
3537 869 3666 930 τοὺς
3708 867 3877 937 ῥᾳθυ-

2201 959 2427 1030 μότερον
2457 961 2598 1033 πρὸς
2635 963 2850 1033 ἐκείνην
2881 961 3281 1030 διακειμένους.
3328 957 3427 1010 Διά
3458 955 3616 1009 τοῦτο
3651 955 3744 1006 καὶ
3779 952 3878 1006 τοῦ

2198 1047 2526 1118 παραδείσου
2557 1048 2655 1120 τὴν
2701 1050 2878 1121 ἀρχὴν
2910 1047 3137 1113 ἐξέϐαλε
3180 1045 3271 1099 τὸν
3311 1043 3755 1116 πρωτόπλαστον,
3790 1040 3881 1092 ὅτι

2198 1141 2232 1211 ή
2277 1141 2684 1210 παρασχεθεῖσα
2714 1140 2862 1211 αὐτῷ
2899 1139 3034 1211 τιμὴ
3064 1139 3281 1210 χείρονα
3313 1136 3474 1189 αὑτὸν
3506 1130 3882 1202 ἀπειργάζετο

2200 1226 2290 1290 ἂν,
2317 1229 2474 1301 εἴπερ
2506 1229 2698 1300 ἐμενεν
2737 1229 3034 1291 ἀσάλευτος
3058 1229 3152 1281 καὶ
3205 1225 3398 1296 βεϐαία
3430 1222 3611 1292 ἐκείνη
3645 1221 3747 1290 τῆς
3788 1221 3882 1271 ἐν·

2196 1315 2359 1385 τολῆς
2399 1316 2734 1388 κινηθείσης.
2770 1317 2878 1370 Καὶ
2903 1316 2956 1368 τί
2987 1315 3132 1385 λέγω
3159 1314 3251 1368 τὸν
3294 1311 3499 1382 Ἀδάμ;
3537 1311 3602 1362 Τί
3634 1308 3742 1380 γάρ
3773 1308 3882 1362 οὐκ

2200 1403 2267 1458 ἂν
2312 1405 2566 1476 ἐποίησεν
2611 1407 2639 1458 6
2678 1405 2820 1459 Κάῖν
2864 1406 2923 1458 ἐν
2973 1403 3286 1476 παραδείσῳ
3336 1399 3726 1472 στρεφόμενος,
3778 1398 3883 1450 καὶ

2190 1491 2411 1562 ’τρυφῆς
2441 1491 2732 1546 ἀπολαύων
2764 1491 3051 1563 τοσαύτης,
3077 1491 3210 1544 ὃπου
3245 1505 3310 1558 γε
3347 1489 3443 1541 καὶ
3476 1485 3680 1539 τούτων
3719 1487 3874 1537 ἐστε-

2199 1579 2455 1650 ρημένος,
2495 1581 2590 1634 καὶ
2625 1579 2721 1633 τοῦ
2775 1580 2985 1652 πατρὸς
3030 1578 3128 1650 τὴν
3174 1576 3448 1648 τιμωρίαν
3501 1572 3654 1644 παρά
3704 1571 3882 1634 πόδας

2195 1665 2360 1736 ὁρῶν,
2388 1668 2498 1720 οὐδ’
2517 1666 2688 1731 οὕτως
2717 1664 3135 1739 ἐσωφρονίζετο,
3160 1665 3274 1719 ἀλλ’
3306 1666 3386 1728 είς
3423 1662 3647 1734 μείζονα
3669 1659 3880 1713 κακίαν

2196 1752 2456 1819 ὲξ¹έἠιιπτε
2483 1755 2534 1822 ά,
2576 1756 2736 1825 φόνον
2779 1755 2998 1827 πρῶτος
3033 1754 3196 1818 αὐτὸς
3245 1753 3340 1807 καὶ
3378 1751 3556 1823 εὑρὼν
3607 1751 3702 1802 καὶ
3756 1748 3882 1800 τολ-

2199 1843 2400 1914 μήσας,
2433 1845 2530 1898 καὶ
2573 1845 2734 1910 φόνον
2777 1843 2871 1897 τὸν
2931 1843 3150 1897 πάντων
3179 1841 3566 1909 ἐναγέστερον;
3591 1835 3728 1889 Οὐδὲ
3765 1834 3881 1904 γάρ

2195 1932 2336 1985 κατὰ
2367 1931 2580 2003 μικρὸν,
2609 1931 2716 1985 οὐδ’
2741 1933 2799 1985 ἐν
2835 1930 3015 2004 χρόνῳ
3054 1928 3234 2000 πολλῷ
3273 1925 3547 1998 προσῆλθε
3584 1922 3661 1993 τῷ
3696 1921 3879 1991 καινῷ

2192 2019 2366 2091 τούτῳ
2403 2021 2692 2091 μιάσματι,
2727 2020 2843 2074 ἀλλ’
2872 2018 3084 2091 ἁθρόως
3114 2018 3210 2072 καὶ
3244 2016 3504 2085 ἐξαίφνης
3540 2012 3674 2085 πρὸς
3701 2010 3879 2080 αὐτὴν

2192 2106 2394 2170 εὐθέως
2420 2108 2729 2180 ἀνεπήδησε
2765 2107 2864 2179 τὴν
2898 2105 3165 2178 κορυφὴν,
3193 2104 3282 2159 τὸν
3314 2102 3722 2172 κοινωνήσαντα
3747 2095 3880 2161 ,τῶν

2193 2195 2374 2251 αὐτῶν
2404 2195 2610 2250 ὠδίνων
2645 2197 2816 2266 αὐτῷ,
2856 2195 2948 2250 τὸν
2981 2194 3283 2266 ἠδικηκότα
3321 2191 3499 2256 οὐδὲν,
3550 2191 3688 2261 πλὴν
3723 2190 3773 2242 εί
3811 2187 3879 2239 τὸ

2191 2283 2426 2354 τιμῆσαι
2466 2283 2560 2337 τὸν
2601 2283 2738 2338 Θεὸν
2786 2283 3032 2354 ἀδίκημα
3075 2281 3231 2353 ᾤετο,
3274 2278 3464 2333 τοῦτον
3505 2277 3741 2348 λοχήσας
3778 2275 3881 2328 καὶ

2192 2371 2418 2425 ἀνελών.
2457 2371 2529 2425 Σὺ
2554 2371 2612 2425 δέ
2640 2388 2732 2442 μοι
2759 2369 3042 2425 κάνταῦθα
3072 2369 3233 2424 πάλιν
3269 2366 3364 2422 τοῦ
3391 2366 3527 2420 Θεοῦ
3553 2364 3652 2436 τὴν
3680 2363 3882 2432 φιλαν-

2193 2458 2442 2530 θρωπίαν
2492 2457 2812 2530 κατάμαθε·
2867 2458 2957 2512 ὅτε
3019 2457 3116 2529 μὲν
3161 2456 3273 2527 γὰρ
3320 2457 3400 2517 είς
3445 2452 3607 2506 αὑτὸν
3653 2449 3879 2521 ὕϐρισε,

2190 2544 2280 2598 διὰ
2323 2545 2433 2600 τῶν
2471 2545 2648 2614 λόγων
2681 2546 2844 2599 αὐτὸν
2883 2546 3163 2610 νουθετεῖ,
3199 2544 3295 2597 καὶ⁸
3331 2541 3739 2613 παραμυθεῖται
3780 2539 3882 2591 λυ-

2193 2632 2495 2704 πούμενον·
2544 2635 2633 2687 ὅτε
2677 2634 2734 2688 δέ
2765 2635 2940 2705 ἐμάνη
2991 2633 3132 2688 κατὰ
3180 2632 3276 2687 τοῦ
3330 2630 3588 2699 ἀδελφοῦ,
3635 2629 3761 2682 τότε
3804 2627 3880 2700 δὴ

2190 2721 2566 2794 ἐπεξέρχεται,
2613 2722 2709 2775 καὶ
2739 2723 2838 2795 τὴν
2866 2722 3136 2796 τιμωρίαν
3173 2721 3394 2791 ἐπάγει.
3443 2719 3634 2774 Καίτοι
3675 2719 3772 2771 καὶ
3800 2715 3878 2769 τὰ

2191 2810 2433 2881 πρότερα
2469 2811 2570 2881 τῆς
2597 2810 2768 2881 αὐτῆς
2799 2809 3098 2874 κολάσεως,
3149 2809 3349 2881 μᾶλλον
3378 2808 3436 2862 δέ
3475 2807 3572 2861 καὶ
3622 2806 3880 2877 χαλεπωο

2189 2896 2358 2968 τέρας
2409 2895 2535 2962 ἄξια
2575 2892 2666 2969 ἦν.
2715 2898 2779 2951 Εἰ
2810 2897 2919 2969 γὰρ
2960 2898 3048 2952 ἐπ’
3095 2897 3421 2969 ἀνθρώπων,
3465 2897 3594 2950 ὅταν
3635 2913 3718 2957 τις
3760 2893 3878 2946 τῶν

2189 2985 2419 3040 οίκετῶν
2443 2985 2513 3040 τὰ
2538 2987 2636 3058 μὲν
2661 2987 2870 3059 ἀμείνω
2898 2987 3141 3059 φυλάττῃ
3166 2987 3362 3058 ἐαυτῷ,
3389 2987 3459 3040 τά
3481 2986 3537 3040 δέ
3565 2984 3882 3056 φαυλότερα

2183 3073 2268 3145 -τῷ
2293 3075 2526 3147 δεσπότῃ
2557 3076 2833 3149 προσάγῃ,
2863 3077 3036 3130 δεινὸν
3065 3076 3127 3128 τὸ
3151 3077 3383 3146 πρᾶγμα
3419 3074 3513 3128 καὶ
3540 3073 3696 3144 ὕϐρις
3728 3069 3884 3126 εἶναι

2189 3161 2357 3227 δοκεῖ,
2410 3161 2566 3234 πόσῳ
2620 3162 2822 3234 μᾶλλον
2877 3164 2969 3217 ἐπὶ
3012 3161 3185 3229 Θεοῦ;
3231 3163 3292 3216 Ὀ
3332 3163 3389 3215 δὲ
3429 3162 3567 3214 Κάῖν
3600 3161 3661 3213 οὐ
3709 3159 3882 3212 τοῦτο

2193 3249 2354 3319 μόνον
2382 3250 2652 3322 ἥμαρτεν,
2693 3251 2828 3306 ἀλλά
2857 3251 2951 3306 καὶ
2992 3252 3177 3324 ἕτερον
3210 3251 3309 3321 οὐχ
3350 3245 3533 3322 ἦττον,
3580 3249 3642 3301 τὸ
3675 3248 3885 3318 δυσχες

2192 3339 2351 3409 ρᾶναι
2389 3341 2455 3410 τῇ
2486 3342 2620 3412 τιμῇ
2651 3339 2746 3393 τοῦ
2789 3339 3042 3409 ἀδελφοῦ.
3088 3341 3151 3394 Εί
3205 3339 3304 3410 μὲν
3342 3339 3452 3409 γάρ
3496 3337 3572 3401 ὡς
3603 3335 3881 3408 ἁμαρτὼν

2193 3425 2615 3495 μετεγίνωσκεν,
2647 3427 2948 3491 ἀποδεκτὸς
2974 3427 3074 3500 τῆς
3113 3426 3407 3496 καλλίστης
3449 3425 3652 3494 ταύτης
3701 3441 3884 3494 μετα-

2191 3512 2350 3584 ϐολῆς
2398 3509 2499 3585 ἦν·
2554 3514 2651 3572 νῦν
2696 3515 2755 3569 δὲ
2796 3517 2857 3570 οὕ
2908 3516 3222 3588 μετανοίας,
3275 3514 3414 3570 ἀλλά
3445 3515 3538 3568 καὶ
3572 3515 3736 3584 ζήλου
3773 3515 3881 3566 καὶ

2191 3599 2489 3670 βασκανίας
2519 3604 2552 3675 ἡ
2588 3604 2849 3676 σύγχυσις
2876 3600 2965 3677 ἦν,
2997 3606 3092 3660 καὶ
3121 3605 3182 3658 τὸ
3206 3603 3358 3668 τέλος
3387 3603 3659 3669 ἀπέδειξε.
3689 3603 3880 3655 Μόνον

2189 3687 2298 3759 γὰρ
2341 3689 2441 3742 οὑκ
2483 3691 2750 3762 ὠργίζετο
2799 3693 2878 3765 τῷ
2927 3692 3068 3764 Θεῷ,
3122 3695 3206 3748 ὅτι
3267 3692 3339 3764 μὴ
3385 3692 3646 3762 ἐτίμησεν
3701 3691 3879 3744 αὑτὸν

2189 3775 2488 3847 ὑϐρισθεὶς,
2518 3781 2613 3832 καὶ
2641 3779 2920 3853 προύθηκε
2959 3782 3052 3835 τὸν
3093 3781 3391 3836 ἀκόλαστον
3419 3780 3513 3833 τοῦ
3551 3779 3834 3842 ἐπιεικοῦς
3859 3797 3874 3809 ·

2187 3864 2303 3919 ἀλλ’
2329 3866 2480 3936 ὅμως
2499 3868 2594 3920 καὶ
2624 3867 2766 3923 οὕτω
2812 3870 3052 3943 σφοδρὰν
3085 3871 3192 3924 τῶν
3238 3871 3656 3942 ἁμαρτημάτων
3702 3869 3880 3921 ἀπαι-

2187 3950 2426 4008 τούντων
2454 3953 2554 4026 τὴν
2606 3957 2880 4030 τιμωρίαν
2904 3958 3124 4012 ἔλαττον
3149 3957 3328 4029 πολλῷ
3351 3958 3450 4028 τῆς
3478 3956 3635 4023 ἀξίας
3667 3956 3879 4026 κέκρη-

2186 4057 2278 4094 ται
2325 4041 2406 4114 τῷ
2466 4045 2993 4119 πεπλημμεληκότι,
3047 4047 3142 4101 καὶ
3207 4045 3646 4118 φλεγμαίνουσαν
3700 4044 3875 4096 αὐτοῦ

2189 4131 2578 4186 καταστέλλειν
2624 4135 2879 4206 πειρᾶται
2907 4135 3009 4208 τὴν
3046 4134 3245 4206 ψυχήν.
3304 4133 3436 4187 Ἀπὸ
3461 4134 3568 4204 γὰρ
3609 4130 3782 4201 θυμοῦ
3837 4134 3874 4201 ἠ

2189 4217 2396 4289 ἀθυμία
2417 4219 2600 4292 ἐκείνη
2618 4215 2688 4291 ἦν
2703 4236 2718 4250 ·
2743 4221 2824 4275 διὸ
2847 4222 2942 4276 καί
2968 4238 3101 4294 φησι
3120 4221 3273 4295 [161]
3292 4222 3429 4294 πρὸς
3447 4221 3608 4276 αὐτόν
3627 4235 3642 4248 ·
3687 4219 3876 4272 ἠσύ-

2187 4320 2407 4377 χασον.
2461 4307 2647 4362 Ταῦτα
2699 4309 2756 4363 δέ
2805 4310 3012 4381 ἔλεγεν,
3073 4309 3230 4375 εἰδὼς
3283 4311 3384 4382 μὲν
3437 4303 3495 4364 οῖ
3531 4308 3875 4377 προϐήσεται

2188 4393 2360 4448 κακοῦ
2395 4406 2444 4459 ο,
2473 4394 2795 4468 βουλόμενος
2829 4397 2886 4450 δέ
2925 4400 3107 4454 πᾶσαν
3135 4401 3249 4463 τοῖς
3274 4396 3680 4469 ἀγνωμονοῦσιν
3708 4397 3878 4448 ἐκκό-

2185 4483 2287 4554 ψαι
2315 4483 2611 4553 πρόφασιν.
2644 4486 2708 4539 El
2733 4485 2842 4558 γὰρ
2862 4485 3129 4559 ἐκολάσθη
3165 4486 3319 4559 παρὰ
3350 4486 3449 4558 τὴν
3473 4485 3666 4556 ἀρχὴν,
3695 4483 3876 4537 πολλὰ

2189 4571 2256 4626 ἂν
2303 4566 2456 4625 εἷπον
2500 4572 2727 4627 τοιαῦτα
2765 4573 2986 4628 πολλοί·
3038 4575 3100 4627 οὐ
3155 4575 3264 4646 γὰρ
3307 4575 3435 4645 ἐνῆν
3480 4572 3874 4644 παρακαλέσαι

2186 4660 2351 4733 λόγῳ,
2381 4661 2475 4716 καὶ
2497 4661 2835 4734 νουθετῆσαι,
2862 4662 2958 4716 καὶ
2981 4662 3276 4733 ἐπιπλῆξαι
3304 4667 3591 4734 πρότερον,
3629 4662 3725 4714 καὶ
3745 4662 3873 4714 τότε

2185 4750 2300 4813 τοῖς
2345 4749 2529 4814 αὐτοῖς
2563 4749 2892 4822 ἐπιμένοντα
2935 4750 3213 4820 μετελθεῖν
3255 4750 3274 4790 ί
3301 4767 3314 4816 ;
3354 4751 3561 4824 Πολλῆς
3583 4749 3876 4819 ὠμότητος
3901 4757 3914 4772 ⁸

2185 4837 2282 4890 καὶ
2327 4837 2597 4908 ἁπηνείας
2640 4837 2778 4909 αὕτη
2813 4839 2848 4910 ἡ
2892 4839 3129 4905 κόλασις.
3169 4838 3272 4894 Διά
3313 4839 3473 4893 τοῦτο
3523 4837 3875 4911 μακροθυμεῖ

2176 4925 2303 4988 ’ταῖς
2343 4925 2425 4988 είς
2463 4925 2629 4979 αὑτὸν
2673 4925 2895 4995 ὕϐρεσιν
2935 4929 2964 4981 ό
3011 4927 3163 4992 Θεὸς,
3201 4927 3318 4998 ἃμα
3350 4928 3452 4998 μὲν
3497 4926 3874 4996 ἐπιστομίζων

2186 5014 2448 5079 ἐκείνους,
2484 5015 2602 5088 ἅμα
2630 5017 2688 5071 δὲ
2737 5019 2830 5073 καὶ
2867 5019 3084 5085 δεικνὺς
3120 5021 3202 5074 ὅτι
3240 5021 3336 5075 καὶ
3383 5021 3473 5075 τὸν
3517 5021 3732 5091 πατέρα
3771 5018 3870 5072 τοῦ

2184 5105 2320 5160 Κάῖν
2345 5107 2412 5160 δι’
2457 5107 2774 5181 ἀγαθότητα
2815 5111 3124 5176 ἐπαίδευσε,
3164 5113 3302 5184 πρὸς
3337 5113 3396 5167 δέ
3430 5114 3526 5167 καὶ
3563 5115 3644 5176 εἰς
3692 5109 3871 5182 μετά-

2183 5211 2332 5249 νοιαν
2369 5194 2518 5263 ἄγων
2554 5198 2681 5260 τοὺς
2715 5199 2855 5268 μετὰ
2881 5199 3054 5253 ταῦτα
3081 5200 3168 5254 διὰ
3209 5201 3308 5271 τῆς
3351 5201 3606 5272 τοιαύτης
3635 5200 3878 5271 χρηστό-

2182 5301 2343 5355 τητος
2371 5283 2558 5363 αύτοῦ.
2599 5285 2818 5357 Ἐπειδὴ
2858 5287 2916 5340 δέ
2960 5289 3104 5342 κατὰ
3143 5289 3242 5360 τὴν
3274 5289 3621 5361 σκληρότητα
3665 5287 3873 5351 αὑτοῦ,

2188 5500 2201 5516 ’
2247 5438 2267 5466 ⁸
2294 5435 2404 5514 ξαν.
2448 5437 2795 5500 φιλανθρωπίαν
2843 5438 2929 5488 τοῦ
2973 5438 3118 5490 Θεοῦ.
3165 5442 3292 5494 Infra
3336 5444 3465 5494 idem
3500 5447 3763 5508 προτρέψαι
3811 5453 3876 5504 εἰς

2180 5514 2367 5560 αρετην.

2243 5561 2269 5601 ἀ
2293 5561 2569 5622 Scripseral
2592 5559 2760 5610 Monlf.
2787 5563 3018 5612 ἐνέπιπτε.
3048 5566 3264 5620 ἐξέπιπτε
3292 5567 3436 5617 nobis
3452 5567 3760 5619 dedilSavil.
3779 5571 3872 5622 Eo.

2247 5626 2269 5691 ξ
2297 5621 2460 5691 ξενίη.
2483 5623 2773 5691 προϐήσεται
2796 5623 2971 5691 κακοῦ..
3000 5626 3170 5676 Morel.
3195 5645 3272 5691 πρ.
3299 5631 3353 5678 τὸ
3382 5631 3548 5678 κακὰν.

2249 5682 2375 5757 ῐ-ξίο
2419 5682 2573 5757 βιινὶιζ
2616 5692 2773 5757 τςςιθ.
2813 5686 2992 5757 lMorel.
3036 5702 3160 5757 νοιζο
3205 5682 3482 5757 ἐπιμένοντα
3512 5693 3753 5757 ἐπελθεῖν.
3789 5695 3876 5744 ln-

2181 5746 2249 5793 fra
2281 5745 2451 5793 Morel.
2487 5746 2608 5818 ’προς
2745 5748 2928 5818 τούτοις
2967 5752 3158 5818 καὶηείς
3210 5745 3461 5814 μετάνοιαν
3501 5754 3632 5816 ἄγων
3665 5755 3745 5805 διὰ
3788 5764 3875 5818 τῆς

2185 5823 2375 5872 χρηστ.,
2401 5808 2593 5859 omissis
2621 5807 2926 5870 quibusdam.
2963 5807 3493 5877 Savilium'scquimur.
