4124 6144
349 260 450 316 129

343 388 420 441 Ac
446 384 514 439 de
545 385 812 457 prioribus
835 384 1048 455 quidem
1080 384 1208 438 nihil
1237 382 1485 446 dixerim,
1516 395 1636 434 cum
1667 378 1718 434 id
1747 379 1914 433 cuivis

343 477 520 548 palam
549 477 650 529 sit:
674 476 743 528 de
765 473 1149 542 posterioribus
1173 472 1344 526 solum
1371 473 1506 524 ratio
1527 467 1794 524 reddenda
1811 474 1911 522 est.

411 569 464 623 5.
495 567 659 620 Homo
681 566 839 619 labori
865 564 1430 629 addictus.—Quouam
1448 576 1574 633 ecgo
1596 560 1754 614 modo
1776 559 1915 613 scire

342 657 634 724 poterimus
656 664 942 724 posteriora
964 667 1174 724 quoque
1197 652 1294 721 ipsi
1311 652 1453 706 utilia
1473 650 1658 706 fuisse?
1675 649 1730 705 Si
1743 649 1916 704 consi-

339 748 589 800 dcremus
610 745 733 812 quid
763 760 950 813 passus
977 753 1141 809 esset,
1168 741 1271 796 nisi
1297 742 1410 797 haec
1433 744 1502 796 ita
1524 740 1866 810 contigissent
1896 755 1910 792 :

340 855 462 893 nam
491 839 533 890 si
553 837 835 906 pollicente
855 833 1066 888 diabolo
1087 833 1316 901 aequales
1332 832 1448 885 illos
1478 831 1586 884 Deo
1601 845 1660 884 se
1675 837 1914 884 ostensu-

338 946 456 984 rum
476 938 592 998 post
610 925 1061 996 praevaricationis
1073 933 1275 978 reatum
1297 923 1348 977 in
1366 922 1552 978 eodem
1574 923 1774 977 honore
1797 937 1914 991 per-

339 1021 620 1084 stitisscnt,
644 1019 694 1072 in
716 1019 812 1072 tria
838 1016 1072 1086 profecto
1106 1030 1352 1085 suprema
1387 1015 1526 1068 mala
1574 1015 1910 1069 incurrisset.

340 1111 520 1165 Primo
552 1110 693 1164 enim
722 1108 878 1162 Deum
899 1106 1213 1161 malevolum
1235 1104 1673 1172 seductoremque
1687 1113 1739 1158 et
1761 1119 1913 1157 men-

337 1203 524 1256 dacem
573 1197 1212 1253 existimasset:sccundo
1252 1196 1396 1249 illum
1419 1211 1545 1250 vere
1579 1195 1910 1249 seductorem

345 1291 840 1360 malevolentimque
859 1301 907 1343 et
927 1287 1187 1342 mendacii
1205 1296 1258 1341 et
1274 1286 1482 1340 invidia:
1506 1295 1798 1355 parentem,
1818 1285 1911 1339 be-

339 1383 564 1435 neficum
584 1389 742 1448 atque
764 1381 989 1432 amicum
1009 1377 1298 1446 putavisset
1325 1393 1338 1429 :
1372 1384 1640 1444 postremo
1660 1374 1911 1444 peccandi

337 1473 588 1540 deinceps
610 1485 894 1540 numquam
919 1469 1074 1522 linem
1103 1468 1330 1522 iecisset.
1353 1467 1445 1520 His
1468 1476 1642 1521 autem
1667 1465 1912 1519 omnibus

339 1574 464 1617 tunc
491 1563 756 1620 hominem
795 1560 1055 1624 liberavit,
1089 1573 1210 1613 cum
1255 1573 1320 1613 ex
1354 1557 1598 1628 paradiso
1632 1556 1806 1626 ejecit.
1839 1555 1910 1610 Ita

337 1655 448 1708 lere
477 1665 530 1709 et
556 1655 811 1720 medicus,
842 1655 885 1708 si
917 1653 1102 1706 vulnus
1141 1651 1366 1721 negligat
1395 1665 1458 1705 ac
1490 1650 1724 1715 deserat,
1753 1663 1912 1718 puru-

336 1746 537 1801 lentum
581 1747 807 1814 amplius
850 1745 1024 1800 reddit
1069 1761 1083 1797 :
1133 1744 1215 1798 sin
1244 1758 1370 1797 vero
1409 1741 1663 1797 incisione
1709 1749 1908 1804 utatur,

337 1838 558 1890 ulterius
588 1837 832 1906 progredi
870 1836 1070 1890 saniem
1105 1849 1167 1889 ac
1205 1833 1377 1888 morbi
1416 1833 1562 1888 virus
1589 1840 1752 1887 vetat.
1774 1829 1911 1899 Quid

337 1926 530 1994 igitur?
558 1926 669 1978 Non
712 1926 791 1979 his
826 1934 1105 1979 contentus
1147 1924 1270 1988 fuit;
1316 1924 1424 1978 imo
1467 1932 1523 1977 et
1567 1921 1790 1976 sudores
1837 1921 1912 1975 illi

337 2016 532 2084 adjecit
556 2025 610 2069 et
637 2015 842 2068 labores
871 2031 882 2066 :
910 2014 1041 2068 nihil
1061 2014 1203 2068 enim
1226 2013 1400 2066 minus
1426 2011 1535 2066 otio
1556 2019 1610 2064 et
1628 2009 1789 2079 quieti
1819 2025 1910 2062 ua-

339 2115 449 2160 tum
488 2113 569 2158 est
597 2119 754 2173 quam
797 2103 1023 2157 hominis
1067 2111 1272 2156 natura.
1315 2099 1369 2156 Si
1396 2099 1538 2155 enim
1581 2100 1665 2155 his
1692 2099 1908 2166 addicti,

338 2212 406 2252 ne
429 2196 506 2251 sic
531 2196 744 2265 quidem
790 2210 1009 2265 peccare
1037 2194 1358 2260 desistimus,
1384 2207 1491 2263 quo
1515 2192 1774 2247 scelerum
1799 2206 1913 2260 pro-

337 2304 520 2359 gressa
565 2304 669 2343 non
716 2296 860 2343 esset
895 2287 1114 2340 audacia
1143 2294 1345 2350 nostra,
1389 2285 1434 2340 si
1479 2292 1672 2354 praeter
1697 2282 1913 2338 delicias

336 2380 504 2432 otium
534 2378 686 2432 nobis
709 2378 1058 2432 concessisset
1103 2375 1276 2430 Deus?
1323 2372 1508 2428 Omnia
1535 2373 1698 2438 enim,
1722 2373 1916 2442 inquit,

337 2470 473 2523 mala
511 2469 737 2522 otiositas
775 2467 943 2521 docuit
965 2466 1149 2536 (Eccli.
1179 2464 1264 2521 55.
1291 2464 1406 2535 29).
1455 2463 1785 2518 Atteslautur
1821 2475 1915 2516 au-

337 2572 446 2616 tem
475 2569 670 2614 nostra:
701 2559 822 2613 huic
845 2558 1035 2612 rationi
1059 2567 1112 2612 et
1135 2571 1254 2628 quas
1279 2555 1515 2627 quotidie
1543 2553 1694 2618 ﬁunt.
1722 2561 1774 2607 et
1793 2566 1913 2622 qua:

337 2651 629 2720 majoribus
654 2651 852 2704 nostris
887 2649 1244 2720 contigerunt.
1275 2645 1442 2711 Sedit,
1481 2644 1669 2714 inquit,
1698 2643 1914 2714 papulas

338 2743 646 2796 manducare
670 2751 716 2796 et
753 2741 934 2807 bibere,
967 2750 1012 2794 et
1053 2747 1378 2794 surrexerunt
1405 2738 1576 2792 ludere
1600 2735 1792 2809 (Exod.
1821 2733 1906 2791 52.

337 2836 414 2905 6).
445 2837 519 2890 Ac
546 2850 756 2890 rursum
789 2853 802 2887 :
831 2832 1147 2887 Inerassatus
1172 2841 1246 2885 est
1289 2838 1337 2885 et
1373 2829 1735 2900 impinguatus,
1763 2837 1810 2882 et
1833 2843 1916 2882 re-

336 2925 845 2979 calcitravit'dilectus
876 2923 1049 2993 (Deut.
1082 2921 1169 2976 52.
1196 2921 1306 2989 15).
1325 2918 1570 2974 Consona
1601 2917 1684 2972 his
1703 2912 1914 2986 quoque

338 3019 526 3072 beatus
573 3016 735 3070 David
779 3015 1030 3084 loquitur,
1074 3012 1258 3066 dicens
1295 3027 1310 3065 :
1355 3009 1482 3064 Cum
1523 3007 1765 3061 occideret
1809 3021 1912 3067 eos,

338 3120 458 3163 tunc
490 3109 810 3179 exquirebant
839 3123 972 3171 eum,
1009 3114 1055 3157 et
1079 3100 1468 3167 revertebantur,
1493 3107 1542 3153 et
1569 3097 1792 3153 diluculo
1827 3112 1916 3151 ve-

337 3204 536 3256 niebant
565 3201 632 3254 ad
656 3216 766 3254 eum
789 3196 960 3267 (Psal.
996 3197 1086 3251 77.
1116 3195 1233 3266 54).
1263 3192 1346 3248 Ad
1373 3190 1667 3248 Jerusalem
1704 3205 1916 3262 quoque

340 3311 436 3364 per
463 3293 749 3348 Jercmiam
779 3291 1009 3360 loquitur
1035 3289 1174 3344 Deus
1202 3305 1217 3344 :
1258 3285 1362 3340 Per
1388 3284 1557 3338 omnia
1581 3282 1798 3348 erudire,
1824 3280 1919 3334 Je-

337 3387 578 3450 rusalem,
605 3402 666 3436 ne
689 3383 888 3437 recedat
923 3381 1092 3434 anima
1121 3395 1231 3432 mea
1258 3394 1290 3431 a
1314 3385 1359 3430 te
1387 3372 1522 3446 (Jer.
1553 3373 1608 3429 6.
1647 3372 1726 3443 8).
1765 3371 1917 3438 Quod

337 3485 519 3530 autem
561 3490 664 3528 non
704 3474 872 3528 solum
918 3471 1090 3535 malis,
1131 3483 1315 3523 verum
1363 3475 1418 3521 et
1454 3463 1610 3520 bonis
1653 3461 1917 3517 humiliari

336 3579 501 3638 atque
542 3565 804 3620 incurvari
843 3564 1073 3618 salutare
1104 3561 1193 3627 sit,
1237 3572 1447 3613 rursum
1491 3554 1754 3626 signiﬁcat
1791 3567 1917 3622 pro-

341 3663 528 3730 pheta,
559 3675 676 3714 cum
701 3657 828 3712 dicit
859 3675 872 3711 :
904 3655 1098 3708 Bonum
1141 3653 1284 3719 mihi,
1326 3649 1560 3713 Domine,
1605 3647 1722 3718 quia
1747 3645 1918 3699 humi-

339 3751 478 3806 liasti
507 3766 602 3816 me,
626 3760 677 3802 ut
705 3748 895 3801 discam
910 3744 1298 3816 jnsti/icationcs
1321 3750 1430 3795 tuas
1453 3735 1623 3812 (Psal.
1655 3737 1776 3793 118.
1803 3735 1916 3806 71).

342 3845 474 3900 Post
499 3843 637 3895 hunc
661 3849 717 3895 et
752 3837 1014 3894 Jeremias
1043 3836 1158 3889 haec
1185 3833 1393 3898 eadem,
1435 3830 1528 3886 sed
1570 3845 1676 3884 non
1717 3827 1920 3882 eisdem

344 3935 523 3989 verbis
541 3931 838 3987 exclamat:
871 3926 1090 3991 Bonum,
1133 3924 1396 3994 inquiens,
1435 3927 1562 3985 utro,
1608 3935 1723 3971 cum
1751 3926 1923 3988 porta-

343 4028 466 4080 verit
486 4027 669 4096 jugum
695 4037 843 4093 grave
867 4037 898 4072 a
915 4021 1176 4090 juventute
1193 4032 1286 4070 sua
1312 4031 1331 4068 :
1360 4013 1544 4067 sedebit
1567 4011 1844 4076 solitarius,
1875 4017 1922 4061 et

344 4117 523 4171 tacebit
553 4114 762 4186 (Thren.
793 4113 844 4166 5.
889 4110 1014 4179 27);
1046 4116 1100 4162 et
1132 4106 1198 4160 de
1241 4119 1300 4160 se
1341 4103 1456 4172 ipso
1486 4101 1650 4155 Deum
1679 4099 1925 4154 obsecrat

347 4211 532 4264 dicens
567 4227 578 4262 :
605 4205 725 4260 Non
757 4205 824 4258 sis
847 4211 900 4254 tu
925 4199 1048 4254 mihi
1077 4213 1288 4269 parcens
1311 4197 1363 4249 in
1388 4193 1739 4246 alienationem
1766 4190 1819 4243 in
1842 4189 1924 4242 die

349 4301 484 4354 mala
514 4297 646 4368 (Jer.
673 4297 758 4351 17.
785 4293 892 4365 17).
917 4292 1109 4346 Beatus
1133 4289 1257 4343 item
1284 4286 1494 4350 Paulus,
1524 4283 1613 4353 qui
1639 4289 1785 4336 tanto
1804 4295 1925 4334 mu-

350 4407 479 4467 nere
505 4389 687 4460 gratia:
725 4386 919 4440 ellulsit
947 4393 1251 4450 tantumque
1292 4388 1533 4432 naturam
1565 4373 1798 4430 excessit
1822 4371 1926 4425 hu-

351 4465 585 4545 manam,
617 4478 740 4533 boui
769 4486 942 4530 tamen
987 4473 1143 4542 hujus
1181 4469 1404 4524 utilitate
1443 4465 1749 4536 indigebat:
1789 4476 1926 4532 quo-

350 4581 490 4628 circa
520 4571 728 4626 diccbat
763 4585 776 4622 :
825 4566 988 4620 Datus
1031 4573 1103 4618 est
1143 4561 1266 4614 mihi
1307 4557 1540 4613 stimulus
1575 4556 1740 4610 carnis
1781 4568 1924 4618 mete,

353 4666 560 4737 angelus
602 4674 792 4716 satana:
815 4703 831 4727 ,
875 4660 961 4729 qui
993 4673 1071 4710 me
1103 4653 1412 4724 colaphizet,
1455 4658 1507 4702 ut
1555 4664 1654 4702 non
1692 4646 1924 4700 extollar.

359 4735 575 4826 Prbpter
600 4755 734 4824 quod
764 4764 836 4807 ter
860 4749 1133 4804 Dominum
1153 4744 1346 4815 rogavi,
1379 4750 1424 4795 et
1451 4740 1577 4794 dixit
1601 4738 1723 4791 mihi
1755 4752 1774 4790 :
1799 4735 1929 4804 Suf-

355 4853 458 4920 [irit
486 4851 571 4902 tibi
593 4847 756 4918 gratia
782 4859 933 4906 mea;
958 4857 1076 4894 nam
1108 4839 1264 4893 uirtus
1289 4851 1398 4889 mea
1425 4835 1478 4887 in
1502 4829 1791 4900 inﬁrmitate
1819 4843 1931 4895 ρει-ο
1976 4903 1982 4911 ν

356 4943 524 5009 [icitur
551 4937 625 5007 (‘2.
654 4936 769 4992 Cor.
795 4932 882 4988 12.
909 4930 1052 5000 7-9).
1074 4929 1287 4983 Poterat
1309 4931 1455 4979 certe
1494 4922 1611 4977 sine
1641 4932 1932 5009 persequu-

359 5007 592 5090 tionibus
641 5040 696 5086 et
749 5029 1012 5098 pressuris
1043 5064 1059 5091 ,
1107 5019 1480 5086 laboribusque
1539 5022 1594 5067 ct
1653 5007 1935 5065 sudoribus

362 5122 666 5194 prmdicatio
685 5118 888 5190 perlici,
912 5114 1004 5170 sed
1026 5123 1201 5167 tamen
1244 5109 1294 5164 id
1318 5106 1485 5163 uoluit
1508 5103 1770 5194 Christus,
1796 5113 1935 5194 pra:-

360 5191 659 5272 dicantibus
687 5223 928 5281 parcens.
959 5204 1214 5273 Quocirca
1241 5199 1449 5255 dicebat
1477 5195 1580 5249 illis
1607 5211 1621 5245 :
1649 5191 1714 5245 In
1751 5191 1936 5242 mundo

365 5321 653 5378 pressuram
702 5299 941 5355 habebitis
971 5294 1150 5367 (Joan.
1191 5291 1280 5346 16.
1328 5289 1442 5357 55).
1485 5281 1938 5378 Cupientibusque

364 5369 580 5456 ca‘leste
603 5408 824 5466 regnum
863 5387 1088 5459 ingredi,
1118 5391 1393 5452 angustam
1419 5379 1557 5432 viam
1585 5369 1936 5442 arripiendam

367 5492 534 5558 iubet,
564 5461 713 5560 quasi
740 5501 844 5541 non
885 5481 1040 5536 aliter
1079 5478 1276 5532 intrare
1304 5473 1460 5526 liceat
1483 5466 1692 5537 (Matth.
1826 5461 1936 5560 15).

370 5553 494 5639 ideo
520 5553 781 5650 pressurae
801 5585 854 5630 et
881 5571 1193 5630 teutatioues
1219 5575 1273 5621 et
1301 5572 1644 5634 quaecumquae
1668 5554 1818 5610 nobis
1846 5553 1942 5606 tri-

373 5675 469 5732 stia
493 5645 824 5742 contingunt,
843 5682 946 5722 non
971 5664 1142 5718 minus
1169 5659 1257 5714 Dei
1279 5650 1660 5729 providentiam
1681 5645 1939 5712 indicant,

1187 263 1278 318 AD
1317 259 1683 318 STAGIRIUII
1722 261 1765 318 Δ
1807 260 2109 318 ὒᾸ-ΖΜΟΝΕ
2149 261 2478 322 VEXATUM
2528 265 2656 320 LIB.
2697 266 2741 320 Ι.

3488 269 3592 324 650

2021 394 2177 449 quam
2207 380 2320 434 lzeta
2352 391 2406 434 et
2441 380 2692 450 jucunda.
2737 382 2872 450 Quid
2915 391 3089 440 autem
3117 385 3288 442 dicam
3315 401 3590 456 pressura:

2020 469 2177 538 hujus
2205 471 2475 538 temporis,
2498 487 2617 526 eum
2648 487 2750 528 non
2777 475 2951 528 minus
2977 475 3086 544 ipsa
3107 492 3314 546 quoque
3330 477 3588 549 gehenna

2019 561 2359 617 comminatio
2387 578 2542 632 quam
2585 565 2868 633 promissio
2896 567 3043 636 regni
3071 569 3388 625 ineffabilem
3423 573 3587 642 ipsius

2018 651 2350 706 clementiam
2379 654 2397 686 ί
2421 655 2789 710 commendet?
2837 657 2944 711 Nisi
2973 658 3115 714 enim
3158 661 3248 715 ille
3289 662 3585 732 gehennam

2019 743 2246 796 minatus
2271 752 2430 808 esset,
2473 760 2578 798 non
2619 744 2773 799 facile
2814 747 3070 817 quispiam
3096 750 3395 807 caelestibus
3434 753 3586 808 bouis

2017 833 2294 902 potiretur.
2319 833 2499 901 Neque
2524 835 2664 888 enim
2703 837 2896 892 sullicit
2920 839 3030 892 sola
3057 840 3364 909 gaudiorum
3405 859 3588 912 repro-

2020 923 2201 977 missio
2226 924 2292 978 ad
2321 924 2631 978 excitandos
2655 926 2719 980 ad
2747 927 2990 982 virtutem
3031 931 3265 996 animos,
3298 931 3401 986 nisi
3427 933 3586 987 etiam

2016 1029 2110 1068 eos
2137 1028 2411 1082 ptenarum
2437 1015 2592 1068 timor
2626 1017 2882 1086 impellat,
2914 1019 3002 1088 qui
3046 1019 3393 1090 negligentius
3415 1022 3587 1078 allecti

2015 1101 2080 1156 ad
2117 1103 2256 1156 illam
2292 1113 2434 1157 sunt.
2462 1104 2715 1170 Quocirca
2762 1107 2986 1175 primum
3021 1108 3286 1165 hominem
3316 1127 3526 1183 quoque
3557 1129 3585 1166 a

2016 1194 2273 1262 principio
2297 1209 2326 1248 e
2357 1196 2600 1262 paradiso
2624 1197 2843 1266 expulit,
2866 1199 2986 1268 quia
3012 1215 3076 1254 ex
3107 1201 3306 1257 honore
3327 1203 3424 1256 sibi
3455 1219 3586 1270 [me-

1985 1284 2140 1353 gstito
2166 1283 2396 1338 deterior
2442 1285 2662 1341 eﬂ'ectus
2685 1297 2847 1353 esset,
2892 1289 2936 1342 si
2984 1299 3104 1359 post
3151 1299 3383 1360 spretum
3419 1293 3584 1347 viola-

2016 1381 2231 1443 tumque
2257 1375 2560 1429 mandatum
2598 1378 2846 1433 immotus
2872 1380 2957 1434 ille
2991 1382 3296 1451 stabilisque
3322 1383 3582 1439 durasset.

2015 1461 2131 1516 Jam
2159 1479 2285 1518 vero
2314 1473 2368 1518 ut
2398 1465 2566 1520 Adam
2589 1467 2913 1533 omittamus,
2944 1471 3067 1538 quid
3097 1487 3198 1526 non
3223 1472 3434 1528 fecisset
3454 1475 3583 1529 Cain

1983 1605 1988 1610 _
2015 1553 2069 1607 in
2100 1554 2342 1622 paradiso
2370 1553 2589 1624 degens,
2620 1559 2883 1627 tantisque
2911 1558 3116 1615 deliciis
3148 1561 3346 1626 fruens,
3376 1565 3586 1633 quando

2015 1642 2099 1698 his
2119 1645 2362 1700 omnibus
2392 1647 2643 1714 privatus,
2673 1650 2941 1720 patrisque
2961 1653 3275 1719 supplicium
3303 1662 3428 1708 ante
3452 1670 3584 1708 ocu-

2016 1734 2098 1789 los
2124 1735 2342 1803 habens,
2382 1752 2450 1792 ne
2487 1739 2565 1792 sic
2589 1740 2799 1808 quidem
2830 1743 3140 1798 emendatus
3175 1753 3274 1809 est,
3322 1746 3375 1799 in
3420 1748 3586 1814 majo-

2014 1843 2233 1898 remque
2261 1830 2548 1899 nequitiam
2577 1833 2833 1901 prorupit,
2867 1843 2923 1887 ut
2947 1833 3286 1889 homicidium
3328 1837 3440 1904 ipse
3476 1838 3586 1906 pri-

2015 1933 2135 1974 mus
2179 1919 2456 1986 invenerit,
2495 1935 2731 1991 ausoque
2767 1923 2968 1977 nefario
3011 1925 3327 1994 impleverit,
3360 1926 3584 1980 homici-

2015 2009 2182 2070 dium,
2211 2010 2444 2079 inquam,
2463 2011 2698 2066 omnium
2722 2012 3224 2068 sceleratissimum?
3247 2015 3425 2085 Neque
3443 2016 3585 2070 enim

2015 2099 2286 2168 paulatim,
2320 2101 2402 2156 vel
2428 2111 2543 2171 post
2569 2102 2874 2159 diuturnum
2901 2113 3126 2174 tempus,
3157 2122 3351 2161 novum
3383 2107 3484 2163 hoc
3506 2109 3586 2162 la-

2015 2194 2167 2248 cinus
2194 2209 2474 2264 aggressus
2510 2203 2610 2260 est,
2650 2197 2744 2252 sed
2783 2207 3001 2266 repente
3042 2212 3105 2251 ac
3131 2198 3306 2252 subito
3332 2200 3586 2254 verticem

2015 2293 2070 2338 et
2093 2283 2301 2338 culmen
2326 2285 2612 2354 iniquitatis
2633 2286 2930 2355 occupavit,
2958 2303 3183 2356 eumque
3202 2288 3290 2357 qui
3309 2303 3372 2344 ex
3399 2289 3586 2344 eodem

2015 2383 2168 2430 utero
2191 2387 2542 2446 processerat,
2573 2379 2661 2447 qui
2710 2378 2762 2432 in
2816 2378 2961 2433 nullo
3003 2379 3172 2448 ipsum
3212 2379 3440 2446 lmscrat,
3485 2381 3586 2436 nisi

2016 2466 2280 2521 honorare
2315 2467 2476 2522 Deum
2508 2467 2558 2522 id
2589 2467 2657 2522 sit
2685 2467 2900 2534 laedere,
2929 2470 3149 2538 appetiit
3175 2469 3378 2525 insidiis
3401 2485 3465 2526 ac
3488 2485 3586 2526 ne-

2015 2559 2179 2613 cavit.
2211 2559 2381 2614 Velim
2429 2559 2516 2614 hic
2555 2573 2741 2616 rursus
2766 2561 3070 2616 consideres
3094 2561 3430 2617 clementiam
3471 2562 3586 2616 Dei.

2015 2648 2146 2705 Cum
2173 2650 2315 2706 enim
2351 2650 2451 2705 sibi
2491 2649 2736 2719 injuriam
2781 2651 3061 2716 intulisset,
3093 2651 3268 2707 verbis
3309 2653 3455 2706 illum
3490 2653 3586 2706 ad-

2016 2747 2218 2808 monet,
2246 2741 2555 2810 tristemque
2583 2742 2928 2797 consolatur:
2965 2751 3019 2795 at
3043 2740 3130 2796 ubi
3178 2742 3379 2796 insania
3425 2741 3592 2797 fertur

2017 2835 2071 2890 in
2108 2834 2346 2900 fratrem,
2387 2842 2512 2888 tunc
2551 2834 2662 2903 jam
2705 2833 2942 2889 severius
2976 2833 3265 2900 ulciscitur,
3304 2824 3592 2904 pinnasque

2017 2925 2196 2983 infert.
2228 2926 2296 2982 Et
2319 2935 2465 2982 certe
2511 2927 2687 2995 priora
2735 2925 2821 2980 illa
2862 2925 3051 2981 eodem
3090 2926 3245 2996 digna
3282 2935 3435 2981 erant
3470 2942 3593 2980 crn-

2019 3017 2180 3082 ciatu,
2208 3016 2316 3070 imo
2342 3031 2470 3070 vero
2499 3015 2654 3086 longe
2676 3015 2939 3084 graviore.
2967 3015 3023 3070 Si
3050 3016 3190 3070 enim
3217 3015 3269 3070 in
3289 3016 3592 3072 hominibus

2018 3120 2306 3164 conservus
2333 3105 2522 3175 aliquis
2550 3105 2768 3160 meliora
2797 3120 3020 3175 qumque
3055 3105 3155 3160 sibi
3197 3115 3390 3172 servet,
3415 3122 3476 3161 ac
3497 3107 3596 3160 do-

2019 3200 2164 3254 mino
2189 3212 2288 3254 suo
2323 3196 2587 3253 deteriora
2623 3195 2828 3261 oll‘erat,
2874 3211 2986 3251 rem
3035 3196 3449 3265 indignissimam
3479 3199 3592 3266 ple-

2021 3306 2248 3361 namque
2269 3287 2608 3344 coutumeliaa
2649 3284 2826 3342 facere
2871 3287 3110 3357 arguitur
3139 3304 3153 3342 :
3177 3296 3374 3358 quanto
3402 3288 3454 3343 id
3484 3305 3596 3342 ma-

2020 3382 2100 3452 gis
2127 3381 2180 3435 in
2212 3379 2360 3435 Deo?
2386 3378 2514 3434 Cain
2541 3393 2669 3434 vero
2707 3393 2812 3433 non
2856 3379 2908 3433 in
2950 3379 3052 3434 hoc
3093 3379 3286 3444 solum,
3325 3395 3506 3434 verum
3541 3381 3592 3433 in

2021 3472 2126 3526 alio
2150 3486 2359 3541 quoque
2375 3485 2479 3524 non
2496 3469 2671 3524 minus
2695 3469 2934 3539 deliquit,
2963 3469 3103 3538 quod
3132 3469 3310 3524 fratris
3339 3469 3592 3524 honorem

2022 3579 2164 3633 aegre
2191 3571 2246 3618 et
2275 3562 2489 3632 indigne
2519 3561 2714 3616 tulerit.
2742 3559 2874 3615 Nam
2903 3562 2948 3614 si
2976 3569 3158 3629 utpote
3185 3561 3275 3630 qui
3302 3571 3592 3630 peccasset,

2022 3653 2385 3725 pmnitentiam
2411 3652 2623 3722 egisset,
2654 3660 2870 3720 accepta
2915 3649 3149 3719 profecto
3187 3649 3372 3706 fuisset
3395 3650 3508 3705 hmo
3531 3653 3594 3706 il-

2024 3745 2127 3799 lius
2155 3743 2353 3813 optima
2381 3742 2602 3796 mutatio
2626 3758 2639 3794 :
2669 3755 2810 3796 nunc
2835 3755 2963 3796 vero
2989 3755 3094 3795 non
3123 3741 3448 3810 paenitentia:
3481 3751 3596 3795 erat

2024 3835 2112 3891 illa
2131 3833 2391 3897 conlusio,
2440 3831 2534 3887 sed
2575 3829 2785 3886 invidia:
2817 3845 2881 3885 ac
2906 3830 3108 3896 livoris,
3142 3830 3282 3900 quod
3325 3830 3404 3886 rei
3427 3831 3598 3885 exitus

2025 3926 2199 3981 docet.
2231 3923 2364 3979 Nam
2408 3922 2521 3979 Deo
2557 3920 2948 3993 quodammodo
2986 3920 3328 3985 irascebatur,
3351 3921 3492 3990 quod
3520 3923 3598 3975 in-

2021 4015 2177 4085 juriis
2215 4013 2436 4070 allectus
2463 4027 2570 4067 non
2613 4026 2673 4067 se
2715 4009 3023 4074 honoraret,
3051 4008 3191 4078 quod
3221 4008 3494 4064 moderato
3521 4011 3600 4064 iu-

2027 4115 2409 4175 temperantem
2447 4119 2552 4159 non
2595 4101 2889 4173 praeferret.
2924 4100 3122 4155 Verum
3165 4111 3284 4152 cum
3322 4097 3435 4153 haec
3461 4099 3602 4153 illius

2027 4198 2230 4254 scelera
2287 4195 2756 4252 vehementissima
2819 4193 3276 4249 animadversione
3338 4191 3601 4261 punienda

2029 4296 2225 4352 essent,
2262 4287 2414 4356 longe
2441 4285 2752 4341 clementius
2779 4298 2935 4354 quam
2966 4284 3267 4338 merebatur
3289 4281 3601 4351 delinquen-

2031 4388 2137 4434 tem
2182 4385 2391 4440 tractat,
2437 4382 2808 4442 tumentesque
2836 4374 3041 4428 animos
3083 4373 3225 4425 illius
3253 4367 3605 4440 comprimere

2031 4470 2235 4526 nititur.
2269 4468 2395 4522 Erat
2423 4465 2785 4533 indignatione
2816 4463 2965 4531 plena
3001 4462 3088 4515 illa
3110 4461 3374 4529 dejectio:
3408 4461 3607 4514 idcirco

2032 4561 2266 4631 loquitur
2291 4557 2356 4611 ad
2397 4556 2546 4610 illum
2583 4571 2596 4608 :
2636 4552 2842 4618 Quiesce
2886 4550 3037 4618 (Gen.
3069 4551 3120 4604 4.
3161 4551 3237 4618 7).
3282 4549 3394 4602 Hoc
3429 4557 3604 4602 autem

2033 4666 2153 4707 cum
2180 4649 2398 4713 diceret,
2435 4643 2636 4700 sciebat
2675 4641 2886 4712 quidem
2913 4655 3018 4710 quo
3043 4653 3442 4710 progressurum
3467 4645 3610 4692 esset

2035 4744 2256 4806 malum,
2287 4748 2536 4794 cancrum
2580 4734 2800 4805 ingratis
2822 4733 3154 4786 occasionem
3180 4745 3390 4785 omnem
3420 4745 3608 4798 ampu-

2039 4844 2152 4889 tare
2178 4830 2387 4886 volebat
2415 4847 2428 4884 :
2460 4827 2502 4882 si
2531 4827 2670 4880 enim
2702 4824 2770 4879 ab
2791 4824 2938 4878 initio
2966 4824 3055 4878 ille
3083 4823 3291 4890 punitus
3319 4831 3481 4887 esset,
3513 4821 3612 4875 hu-

2033 4923 2264 4996 jusmodi
2315 4919 2466 4975 multi
2507 4918 2731 4988 plurima
2771 4915 3072 4970 dixissent:
3119 4912 3232 4967 Non
3273 4919 3480 4981 poterat
3519 4910 3616 4965 ad-

2037 5031 2262 5076 monere
2299 5013 2476 5069 verbis
2514 5020 2569 5066 et
2599 5010 2888 5078 corripere,
2919 5021 2982 5062 ac
3024 5017 3224 5062 terrere
3261 5004 3426 5074 prius,
3456 5014 3616 5074 atque

1999 5135 2005 5139 -
2041 5119 2167 5164 tunc
2201 5107 2436 5170 demum,
2477 5103 2522 5157 si
2559 5106 2952 5172 perseverasset
2996 5097 3047 5151 in
3093 5096 3266 5161 malis,
3299 5093 3616 5164 supplicium

2042 5199 2276 5258 inferre?
2299 5196 2528 5267 lugentis
2547 5191 2877 5249 crudelitatis
2895 5199 2976 5246 est
2993 5190 3091 5245 iste
3109 5188 3394 5243 cruciatus.
3414 5187 3620 5242 Idcirco

2043 5309 2166 5350 suas
2190 5289 2558 5362 aquanimiter
2601 5283 2821 5354 injurias
2847 5281 3056 5346 tolerat,
3087 5287 3147 5334 ut
3171 5293 3272 5333 una
3313 5285 3369 5332 et
3407 5277 3618 5332 illorum

2045 5389 2285 5444 obstruat
2309 5397 2392 5447 os,
2412 5391 2468 5435 et
2492 5378 2656 5448 ipsius
2670 5376 2796 5431 Cain
2813 5381 3083 5444 parentem
3103 5385 3314 5440 quoque
3341 5369 3454 5424 sola
3470 5367 3621 5422 boni-

2047 5486 2154 5533 tate
2177 5491 2237 5532 se
2260 5472 2580 5541 corripuisse
2600 5465 2865 5531 ostendat,
2892 5471 3252 5533 prmtereaque
3277 5468 3335 5516 ut
3358 5457 3618 5530 ejusmodi

2115 5649 2132 5677 ι
2166 5648 2290 5698 εει,
2319 5632 2404 5686 Dei
2421 5626 2736 5684 clementiam.
