4124 6144
529 259 627 314 ιδι

530 366 871 439 hetiguitatis
912 361 1158 432 exemplo
1196 365 1440 429 posteros
1463 357 1529 409 ad
1571 355 1938 426 pmnitentiam
1982 367 2107 423 pro-

529 471 704 514 vocet.
736 458 926 512 Postea
954 467 1083 506 vero
1113 463 1271 520 quam
1298 447 1588 503 secundum
1616 445 1860 502 duritiam
1889 457 2038 498 suam
2059 451 2114 496 et

531 568 627 606 cur
673 545 1016 617 impcenitens
1063 540 1437 596 thesaurizavit
1478 538 1579 593 sibi
1626 538 1778 602 iram,
1808 536 1954 590 illum
1989 545 2116 590 tunc

535 637 807 694 ulciscitur
835 654 849 689 :
877 635 961 690 sin
1003 647 1132 688 vero
1170 639 1291 702 post
1318 630 1494 685 scelus
1524 628 1793 684 homicidii
1833 627 2117 682 mansisset

535 729 848 798 impunitus,
893 725 1053 780 etiam
1095 722 1161 778 ad
1206 721 1348 777 aliud
1379 721 1655 792 majusque
1694 718 1946 789 ﬂagitium
1987 730 2114 785 pro-

535 835 752 893 gressus
774 826 937 875 esset.
965 816 1148 887 Neque
1171 815 1313 869 enim
1341 813 1522 868 dicere
1545 825 1823 882 possumus
1851 824 1944 880 per
1971 808 2118 878 igno-

535 913 762 968 rantiam
793 911 938 965 illum
967 907 1285 977 deliquisse;
1317 920 1439 959 nam
1477 903 1620 974 quod
1654 903 1832 972 junior
1858 900 2119 970 intellige-

539 1005 650 1070 bat,
675 1004 791 1073 ipse
827 1001 997 1071 major
1039 1005 1165 1055 natu
1193 997 1283 1067 qui
1312 998 1552 1066 ignorare
1586 994 1828 1064 poterat?
1856 993 1986 1047 Esto
2027 1006 2120 1045 au-

541 1106 670 1159 tem,
722 1109 816 1164 per
867 1090 1217 1163 ignorantiam
1269 1087 1566 1159 peccaverit
1608 1087 1798 1156 prius:
1841 1094 2120 1155 postquam

540 1185 762 1247 audivit,
794 1182 1024 1250 Quiesce,
1057 1187 1335 1250 postquam
1360 1177 1553 1249 prioris
1587 1176 1759 1247 culpa:
1789 1176 1942 1231 venia
1983 1175 2120 1244 poti-

543 1287 627 1331 tus
653 1284 757 1342 est,
799 1288 866 1329 ex
905 1287 1010 1343 qua
1039 1270 1336 1341 ignorantia
1379 1269 1446 1323 ad
1490 1267 1828 1337 parricidium
1860 1268 2119 1337 prorupit,

543 1375 846 1436 terramque
863 1363 1067 1431 infecit,
1090 1377 1153 1418 ac
1176 1362 1321 1432 leges
1349 1369 1552 1416 naturae
1572 1358 1869 1415 subvertit?
1892 1358 2125 1414 Videsne

531 1469 602 1516 .ut
624 1460 770 1529 prior
787 1457 947 1512 etiam
972 1455 1127 1526 culpa
1169 1469 1274 1510 non
1303 1455 1370 1510 de
1399 1453 1714 1524 ignorantia,
1743 1451 1838 1507 sed
1864 1451 1932 1506 de
1970 1451 2125 1505 mali-

544 1552 743 1623 gnitate
767 1558 818 1605 et
858 1549 1109 1618 nequitia,
1142 1561 1496 1618 supremaque
1537 1545 1754 1600 sceleris
1787 1543 2003 1599 audacia
2028 1557 2125 1599 ve-

547 1642 718 1698 nerit?
751 1641 1006 1708 Quanam
1044 1653 1173 1694 vero
1209 1637 1310 1693 fuit
1347 1636 1506 1707 hujus
1543 1635 1733 1706 paena?
1773 1634 1890 1689 Eris
1928 1650 2127 1705 gemens

523 1741 843 1787 actremens
874 1745 1024 1800 super
1052 1737 1238 1783 terram
1278 1726 1430 1798 (Gen.
1460 1727 1514 1781 4.
1555 1725 1669 1797 12).
1706 1724 1927 1780 Videtur
1951 1733 2126 1779 tamen

545 1836 666 1880 esse
687 1835 849 1891 grave
861 1817 1228 1888 ‘8upplicium;
1255 1816 1348 1873 sed
1386 1830 1494 1872 non
1527 1815 1638 1886 jam
1674 1817 1748 1871 ita
1773 1814 2054 1881 videbitur,
2081 1814 2129 1869 si

547 1918 824 1981 peccatum
852 1909 1270 1974 consideremus,
1307 1916 1360 1963 et
1385 1907 1552 1977 ipsam
1590 1919 1800 1976 poenam
1826 1904 2130 1976 d-ligentius

546 2001 867 2056 intueamur.
896 1998 1027 2053 Cum
1057 1998 1200 2053 enim
1225 1997 1316 2052 ille
1343 1998 1482 2053 male
1505 1997 1804 2065 obtulisset,
1829 2011 1968 2063 aegre
1990 1996 2125 2064 tulit,

545 2089 688 2161 quod
708 2097 829 2159 post
850 2088 1096 2159 injuriam
1127 2089 1236 2143 Deo
1263 2088 1464 2143 illatam
1500 2087 1791 2142 honoratus
1817 2087 1882 2142 ab
1909 2087 2000 2141 illo
2022 2102 2129 2142 non

547 2189 648 2246 est,
677 2179 1052 2250 corripientem
1081 2179 1300 2248 respuit,
1333 2177 1780 2248 parricidiumque
1798 2176 2003 2248 primus
2031 2191 2129 2246 pa-

550 2273 726 2338 travit,
757 2271 867 2326 imo
891 2284 1021 2326 vero
1060 2269 1262 2325 facinus
1289 2267 1572 2340 parricidio
1596 2267 1752 2338 longe
1784 2268 2126 2322 sceleratius:

552 2371 800 2434 parentes
840 2364 984 2419 enim
1036 2361 1329 2418 incredibili
1379 2361 1564 2416 dolore
1600 2359 1872 2427 confodit,
1917 2365 1980 2414 ac
2020 2360 2131 2414 Deo

549 2455 712 2509 etiam
755 2453 1004 2509 mentitus
1039 2461 1143 2508 est.
1177 2452 1444 2522 Numquid
1485 2451 1640 2517 enim,
1683 2451 1779 2518 ait,
1819 2459 1983 2504 custos
2019 2465 2132 2504 sum

531 2577 536 2582 -
555 2545 728 2616 fratris
751 2546 848 2600 mei
879 2543 1029 2617 (Gen.
1063 2545 1118 2599 4.
1155 2543 1254 2614 9)?
1295 2544 1364 2598 Et
1399 2558 1498 2613 pro
1530 2543 1612 2598 his
1652 2543 1898 2598 omnibus
1928 2542 2042 2597 solo
2067 2543 2131 2596 ti-

552 2650 702 2691 more
719 2650 783 2689 ac
804 2643 1035 2689 tremore
1055 2635 1338 2689 cruciatur.
1361 2635 1609 2687 Attamen
1631 2628 1728 2688 Dei
1751 2631 2131 2702 benignitatem

553 2744 660 2783 non
679 2743 754 2783 ex
781 2742 847 2782 eo
872 2726 1044 2782 solum
1072 2725 1395 2780 manifestari
1423 2725 1671 2791 dixerim,
1699 2724 1838 2793 quod
1864 2724 2131 2778 mitiorem

553 2831 765 2886 penam
788 2824 935 2872 tanto
966 2815 1155 2870 sceleri
1177 2813 1437 2878 adhibuit,
1467 2812 1560 2868 sed
1583 2812 1721 2882 quod
1757 2814 1812 2867 in
1839 2813 1952 2882 ipsa
1977 2827 2132 2882 poena

552 2910 759 2965 lucrum
779 2907 921 2962 haud
949 2905 1306 2976 spernendum
1326 2905 1501 2961 inesse
1530 2905 1786 2961 videatur.
1816 2905 1873 2960 ld
1897 2921 2023 2960 vero
2049 2906 2133 2960 lu-

552 3015 704 3055 crum
735 3006 869 3062 erat,
887 2998 1033 3070 quod
1054 3013 1118 3054 ex
1140 3012 1204 3052 ea
1229 2997 1394 3068 ipsius
1417 2998 1762 3066 castigatione
1783 2999 1956 3053 cuncti
1985 3007 2134 3068 post-

556 3091 772 3145 modum
808 3090 1065 3144 admoniti
1101 3097 1224 3144 sunt
1263 3087 1580 3158 resipiscere
1623 3103 1650 3140 a
1691 3089 1873 3155 malis,
1916 3089 2136 3160 fierique

557 3181 824 3236 meliores.
873 3179 1074 3236 Idcirco
1114 3192 1242 3248 ergo
1285 3193 1391 3233 non
1433 3177 1628 3233 occidit
1668 3179 1838 3246 illum,
1881 3180 2003 3250 quia
2039 3195 2136 3250 par

557 3272 754 3328 utilitas
783 3271 1020 3341 proiecto
1059 3285 1164 3323 non
1191 3267 1398 3333 fuisset,
1425 3268 1592 3323 audiri
1618 3269 1760 3339 quod
1786 3268 1942 3337 Cain,
1973 3269 2135 3325 fratre

558 3365 896 3434 interempto,
928 3373 1101 3417 morte
1129 3361 1413 3415 mulctatus
1438 3368 1598 3426 esset,
1621 3369 1670 3416 et
1704 3360 1882 3416 videre
1914 3363 2134 3430 parrici-

555 3457 677 3510 dam
726 3457 896 3526 ipsum
941 3467 1126 3523 pmnas
1175 3452 1560 3509 exsolventem.
1611 3451 1859 3508 Fortasse
1905 3453 2045 3506 enim
2081 3452 2134 3507 id

555 3548 794 3602 auditum
836 3547 908 3601 ob
945 3545 1326 3600 immanitatem
1364 3544 1586 3599 sceleris
1615 3543 1872 3600 creditum
1918 3545 2135 3600 minime

555 3640 744 3694 fuisset
775 3655 788 3690 :
821 3651 964 3691 nunc
987 3652 1116 3690 vero
1157 3635 1283 3690 dum
1325 3635 1553 3700 videtur,
1595 3634 1720 3690 dum
1751 3649 1932 3689 coram
1960 3635 2131 3700 adeat,

558 3732 814 3804 plurimos
857 3730 1119 3799 longoque
1164 3727 1482 3796 superstites
1524 3735 1763 3796 tempore
1807 3741 1981 3795 poena:
2024 3742 2135 3781 $th

556 3834 720 3879 tcSIes
744 3821 1026 3891 relinquit;
1050 3818 1386 3874 manifestum
1415 3825 1560 3872 certe
1584 3831 1646 3871 ac
1672 3816 1924 3871 credibile
1951 3827 2005 3872 et
2025 3832 2134 3871 sn;e

555 3914 726 3970 mtatis
750 3911 1072 3977 hominibus,
1100 3919 1155 3965 et
1180 3917 1360 3980 postea
1383 3905 1573 3961 futuris
1593 3906 1838 3960 omnibus
1860 3907 1908 3960 id
1931 3906 2135 3962 facinus

553 4004 850 4061 constituit.
881 4001 1018 4068 Quid
1054 4015 1204 4069 ergo,
1240 3998 1466 4067 inquies,
1498 3997 1600 4051 hoc
1632 3997 1707 4051 illi
1740 3998 1997 4052 contulit?
2022 3997 2134 4052 Ma-

557 4097 701 4149 xime
726 4092 941 4163 quidem
984 4091 1126 4144 illius
1155 4087 1710 4158 saluti-prospiciebat,
1753 4101 1872 4141 cum
1903 4087 2017 4158 ejus
2043 4103 2134 4142 ra-

557 4185 720 4250 biem,
767 4191 1022 4249 quantum
1065 4180 1118 4234 in
1155 4187 1216 4235 se
1257 4178 1436 4244 fuerit,
1477 4186 1751 4234 coerceret
1791 4179 2137 4249 castigatione

557 4273 862 4330 verborum.
886 4271 1086 4327 Verum
1115 4285 1182 4325 ne
1210 4273 1323 4340 ipsa
1348 4268 1564 4340 quidem
1597 4269 1740 4324 illata
1781 4270 1855 4324 illi
1881 4285 2056 4340 paena,
2090 4271 2135 4325 si

559 4366 680 4436 quis
703 4364 1007 4435 diligentius
1036 4362 1302 4432 inspiciat,
1336 4361 1565 4414 maxima
1594 4360 1759 4430 ipsius
1793 4361 2019 4415 utilitate
2040 4375 2134 4414 va-

558 4467 665 4513 cat.
692 4456 748 4512 Si
774 4455 914 4510 enim
941 4453 1120 4508 statim
1148 4453 1293 4505 illum
1335 4451 1633 4514 occidisset,
1663 4450 1864 4504 nullum
1894 4451 1993 4520 ipsi
2026 4465 2136 4520 poe-

560 4549 795 4606 nitentia:
824 4556 1054 4618 tempus,
1085 4560 1176 4615 per
1194 4559 1350 4614 quam
1369 4545 1557 4598 melior
1577 4542 1843 4605 evaderet,
1866 4541 2100 4597 dedisset
2121 4561 2134 4598 :

558 4657 702 4697 nunc
729 4655 856 4695 vero
880 4654 999 4695 cum
1037 4645 1184 4692 metu
1209 4650 1273 4691 ac
1300 4645 1531 4690 tremore
1576 4634 1738 4688 vitam
1781 4634 2002 4701 ducens,
2034 4635 2136 4688 nisi

565 4733 720 4789 nimis
747 4733 1069 4794 insensatus,
1101 4743 1163 4782 ac
1189 4727 1368 4783 bellua
1392 4727 1568 4796 potius
1595 4741 1753 4795 quam
1793 4725 1952 4781 homo
1972 4737 2134 4794 esset,

564 4839 628 4876 cx
654 4819 966 4891 hujusmodi
994 4819 1098 4872 vita
1127 4817 1277 4886 plura
1311 4831 1502 4885 capere
1543 4816 1713 4884 potuit
1757 4817 2134 4872 emolumenta.

562 4913 824 4966 Praeterea
863 4909 1098 4964 futurum
1136 4907 1452 4977 supplicium
1495 4907 1662 4961 levius
1704 4911 1981 4978 praesentis
2007 4918 2140 4964 tem-

565 5001 710 5070 poris
754 5014 912 5071 pana
953 4996 1267 5054 constituit:
1307 5009 1369 5050 ea
1413 4998 1553 5050 enim
1595 5012 1713 5067 quae
1761 5001 1913 5056 uobis
1956 5001 2008 5054 in
2041 5001 2140 5055 hac

567 5091 672 5144 vita
695 5091 995 5144 inferuntur
1021 5087 1308 5158 supplicia,
1334 5086 1584 5140 divinitus
1613 5088 1906 5143 futurorum
1931 5093 2138 5145 crucia-

568 5185 713 5228 tuum
743 5181 947 5243 partem
979 5171 1118 5226 haud
1144 5171 1384 5241 exiguam
1421 5170 1716 5225 succidunt.
1751 5173 1924 5242 Atque
1951 5175 2137 5230 harum

566 5281 744 5321 rerum
768 5265 1069 5321 testimonia
1107 5264 1174 5318 de
1211 5263 1498 5332 Seripturis
1535 5262 1727 5318 divinis
1767 5265 1959 5320 alferre
1988 5266 2140 5323 facile

568 5371 868 5432 possumus.
892 5355 1024 5413 Nam
1049 5355 1292 5412 Christus
1333 5356 1587 5409 Dominus
1611 5371 1731 5409 cum
1762 5356 2049 5427 discipulos
2073 5362 2141 5415 al-

569 5451 793 5519 loquens
818 5446 887 5503 de
921 5446 1122 5504 Lazaro
1148 5446 1453 5506 dissereret,
1499 5445 1764 5506 Abraham
1789 5449 1986 5509 retulit.
2018 5466 2136 5506 cum

573 5550 848 5610 rogaretur
875 5553 905 5593 a
931 5539 1115 5601 divite,
1144 5546 1203 5592 ut
1232 5537 1465 5592 mitteret
1493 5537 1769 5604 Lazarum,
1792 5541 1879 5609 qui
1898 5552 2138 5596 extrema

567 5633 716 5704 digiti
742 5641 890 5704 parte
911 5630 1182 5702 paululum
1207 5643 1358 5700 aqua:
1387 5629 1593 5685 ardenti
1621 5629 1809 5701 lingtue
1838 5632 2133 5700 instillaret,

1273 245 1332 301 S.
1369 241 1649 300 JOANNIS
1668 239 1752 296 CII
1766 235 2148 295 RYSOSTOMI
2171 235 2488 293 ARCHIEP.
2514 233 3046 295 CONSTANTINOP.

3687 243 3796 298 J32

2220 351 2418 406 dixisse
2445 353 2508 407 ad
2539 353 2721 408 illum:
2753 353 2876 418 Fili,
2904 353 3166 408 recordare
3190 354 3306 425 quia
3334 354 3560 422 recepisti
3588 365 3641 409 tu
3665 357 3797 410 bona

2215 442 2269 495 in
2293 443 2394 496 vita
2426 452 2533 506 tua,
2565 454 2610 498 et
2635 443 2864 498 Lazarus
2898 445 3032 497 mala
3056 462 3072 496 :
3098 461 3230 497 nunc
3259 454 3425 498 autem
3451 446 3531 499 hic
3559 450 3798 500 causata-

2218 543 2321 602 tur,
2366 544 2419 587 tu
2459 551 2571 590 vero
2587 534 3025 605 .cruciaris(Luc.
3068 535 3156 590 16.
3196 534 3314 604 25).
3348 535 3542 590 Paulus
3583 552 3800 606 quoque

2217 626 2463 697 (Paulum
2491 642 2617 682 vero
2659 629 2868 698 quoties
2911 627 3050 694 dico,
3091 643 3275 683 rursus
3309 626 3506 682 Christi
3535 639 3800 698 prmccpta

2217 717 2460 786 replico:
2489 717 2732 774 Christus
2772 718 2915 773 enim
2963 717 3221 788 profecto,
3265 733 3380 772 mea
3425 718 3638 788 quidem
3678 735 3807 774 sen-

2220 810 2404 875 tentia,
2442 810 2650 865 beatam
2682 811 2821 864 illius
2849 809 3095 864 movebat
3137 810 3415 877 animam),
3451 809 3575 864 dum
3609 811 3806 867 Corin-

2221 900 2347 955 thiis
2375 901 2631 956 scriberet
2657 901 2732 971 (t.
2754 900 2870 954 Cor.
2897 901 2949 956 5.
2979 900 3058 970 5),
3074 900 3356 970 aliquando
3371 900 3522 970 jubet
3544 917 3688 964 cum,
3709 901 3806 972 qui

2221 991 2538 1061 gravissime
2569 990 2856 1046 fornicatus
2882 991 3071 1056 fuerat,
3112 990 3246 1045 tradi
3285 1001 3483 1045 satana:
3534 992 3585 1046 in
3630 993 3805 1047 inter—

2223 1083 2352 1137 itum
2373 1083 2570 1147 carnis,
2592 1091 2646 1136 ut
2671 1084 2886 1154 spiritus
2908 1083 3087 1138 salvus
3107 1083 3176 1138 sit
3205 1083 3256 1137 in
3282 1083 3369 1138 die
3396 1084 3600 1138 Domini
3633 1085 3805 1139 nostri
3856 1097 3862 1102 '

2223 1170 2348 1226 Jesu
2379 1171 2594 1226 Christi.
2635 1171 2948 1241 Rursusque
2985 1187 3104 1226 cum
3143 1172 3360 1227 eosdem
3385 1173 3451 1227 de
3492 1172 3556 1227 iis
3592 1173 3684 1243 qui
3721 1175 3806 1227 in-
3857 1185 3865 1191 '

2225 1261 2384 1332 digne
2408 1276 2558 1316 sacra
2591 1263 2845 1334 mysteria
2886 1264 3248 1334 percipiebant
3288 1255 3597 1320 admoneret
3632 1285 3645 1320 :
3681 1265 3807 1319 Pro.

2227 1363 2414 1426 pterea,
2443 1357 2632 1426 inquit,
2672 1357 2804 1410 inter
2838 1373 2927 1411 uos
2953 1358 3096 1412 multi
3133 1359 3326 1428 inﬁrmi
3353 1369 3401 1414 et
3434 1360 3722 1424 imbecilles,
3759 1370 3808 1414 et

2228 1448 2482 1503 dormiunt
2505 1450 2667 1503 multi.
2693 1447 2832 1504 Nam
2851 1451 2898 1505 si
2924 1467 3014 1504 nos
3038 1452 3176 1519 ipsos
3193 1451 3562 1522 judicaremus,
3587 1469 3687 1506 non
3713 1453 3808 1506 tui-

2228 1554 2323 1605 que
2353 1540 2702 1609 judicaremur
2735 1556 2755 1595 :
2793 1556 2908 1594 cum
2941 1541 3238 1610 judicamur
3279 1551 3444 1596 autem
3485 1560 3518 1595 a
3567 1542 3807 1610 Domino,

2229 1631 2548 1698 corripimur,
2579 1640 2636 1684 ut
2662 1647 2764 1686 non
2788 1649 2901 1685 cum
2927 1633 3021 1686 hoc
3048 1633 3237 1687 mundo
3267 1634 3562 1688 damnamur
3586 1634 3664 1703 (Ι.
3685 1635 3808 1690 Cor.

2241 1721 2328 1776 Η.
2359 1722 2576 1790 50-32).
2594 1722 2854 1778 Vidistine
2876 1723 3191 1781 ineffabilem
3208 1726 3563 1791 clementiam,
3581 1727 3811 1783 immen-

2239 1826 2430 1881 sasque
2455 1812 2664 1867 divitias
2688 1813 3058 1884 benignitatis?
3090 1815 3265 1870 vidisti
3295 1825 3354 1872 ut
3376 1819 3552 1872 omnia
3580 1828 3702 1888 agat
3728 1829 3810 1872 at-

2232 1916 2334 1971 que
2354 1901 2600 1956 moliatur
2622 1903 2783 1970 Deus,
2814 1912 2871 1958 ut
2912 1913 3030 1974 post
3057 1916 3330 1976 peccatum
3359 1923 3570 1978 quoque
3597 1909 3812 1964 mitiore

2233 2006 2390 2062 quam
2431 1992 2729 2062 debuimus,
2759 1994 3051 2068 plectamur
3078 2011 3258 2066 poena,
3289 2006 3379 2052 aut
3405 1998 3565 2053 etiam
3594 2000 3815 2054 omnino

2232 2081 2556 2138 liberemur?

2302 2174 2358 2230 4.
2388 2173 2592 2229 Diaboti
2616 2176 2668 2230 in
2699 2192 2791 2232 nos
2813 2176 3045 2232 incursus
3070 2188 3186 2234 sunt
3213 2181 3378 2235 meriti
3419 2191 3772 2253 argumentum
3793 2226 3810 2249 ,

2233 2281 2533 2319 coronarum
2556 2267 2786 2320 materia.
2820 2297 2891 2308 —-
2925 2269 3092 2324 Porro
3129 2269 3173 2323 si
3211 2271 3330 2340 quis
3360 2270 3410 2325 id
3439 2271 3700 2326 curiosius
3729 2273 3817 2326 in-

2235 2357 2431 2426 quirat,
2455 2357 2608 2428 cujus
2631 2359 2710 2414 rei
2731 2360 2897 2430 gratia
2918 2369 3150 2416 veterem
3173 2362 3318 2417 illum
3347 2364 3680 2418 seductorem
3710 2383 3818 2420 nun

2228 2448 2490 2504 continuo
2513 2448 2790 2514 deleverit,
2814 2450 2866 2505 id
2888 2465 3098 2522 quoque
3122 2467 3218 2522 pro
3246 2469 3452 2508 summa
3480 2455 3531 2508 in
3563 2470 3662 2509 nos
3689 2470 3819 2510 cura

2236 2538 2430 2594 factum
2458 2543 2770 2612 comperiet.
2802 2542 2856 2598 Si
2885 2543 3027 2599 enim
3054 2545 3342 2600 sceleratus
3373 2546 3462 2600 ille
3492 2546 3542 2599 vi
3569 2546 3822 2602 domina-

2235 2642 2403 2701 retur,
2444 2644 2596 2689 esset.
2626 2635 2853 2691 fortasse
2891 2637 3219 2691 rationabilis
3249 2639 3344 2692 ista
3383 2639 3656 2709 inquisitio
3692 2657 3706 2693 :
3737 2641 3819 2695 sin

2237 2733 2410 2779 autem
2442 2725 2542 2780 hac
2565 2727 2796 2795 potentia
2826 2728 3061 2797 privatus
3087 2736 3286 2782 tantum
3315 2729 3640 2798 persuadere
3660 2738 3822 2801 atque

2237 2814 2450 2870 allicere
2477 2823 2672 2884 potest,
2694 2816 2836 2871 illius
2857 2832 2985 2872 vero
3009 2819 3270 2873 suasionis
3293 2819 3570 2874 illecebras
3595 2837 3823 2875 renuere

2238 2905 2290 2961 in
2322 2905 2474 2961 nobis
2499 2915 2617 2962 est:
2647 2923 2744 2962 cur
2771 2916 2823 2962 tu
2853 2907 3027 2963 meriti
3054 2920 3422 2980 argumentum
3455 2913 3597 2966 tollis
3617 2955 3632 2978 ,
3661 2929 3823 2967 coro-

2238 3012 2530 3067 narumque
2575 2981 2850 3053 materiam
2900 3000 3249 3070 prmscindis?
3287 3001 3367 3056 Ad
3415 3002 3528 3057 hmo
3579 3004 3623 3057 si
3672 3005 3824 3058 illum

2239 3089 2414 3142 sciens
2453 3089 2567 3145 fore
2615 3090 3058 3159 insuperabilem,
3101 3101 3423 3160 cunctosque
3449 3092 3819 3157 devicturum,

2237 3177 2309 3231 ita
2340 3178 2484 3232 illum
2519 3178 2808 3234 dimisisset
2849 3180 3018 3244 Deus,
3049 3195 3115 3235 ne
3145 3181 3219 3235 sic
3247 3182 3457 3251 quidem
3494 3183 3559 3236 de
3589 3183 3673 3238 his
3700 3200 3822 3237 mo-

2237 3270 2408 3324 venda
2450 3271 2671 3340 qumstio
2697 3280 2856 3324 esset.
2885 3269 3018 3324 Nam
3065 3280 3172 3325 tum
3201 3287 3409 3341 quoque
3432 3273 3570 3343 quod
3602 3275 3690 3327 ille
3717 3274 3822 3328 ob-

2239 3361 2467 3423 tineret,
2516 3359 2657 3432 quod
2686 3360 2920 3415 vinceret
2965 3377 3068 3415 non
3111 3362 3467 3428 reluctantes,
3505 3363 3597 3418 sed
3627 3375 3823 3434 sponte

2238 3453 2338 3507 sibi
2366 3452 2616 3507 cedentes
2653 3464 2811 3522 atque
2839 3454 3279 3521 succumbentes,
3323 3471 3350 3508 a
3399 3456 3550 3510 nobis
3580 3457 3823 3527 profecto

2240 3553 2546 3600 manasset:
2578 3554 2939 3600 verumtamen
2970 3547 3049 3601 his
3079 3548 3166 3617 qui
3212 3548 3414 3618 ingrate
3455 3565 3610 3619 agere
3636 3552 3826 3605 volunt

2239 3651 2305 3690 ne
2335 3638 2386 3690 id
2413 3638 2623 3706 quidem
2657 3639 2784 3694 satis
2814 3648 2972 3693 esset.
3005 3637 3154 3705 Quod
3185 3640 3228 3693 si
3269 3642 3476 3709 plurimi
3505 3641 3721 3710 quidem
3752 3643 3824 3695 il-

2238 3729 2340 3784 lius
2387 3729 2675 3798 potentiam
2724 3745 2786 3784 ac
2835 3729 2976 3786 vires
3024 3732 3294 3800 frangunt,
3341 3735 3638 3801 complures
3690 3735 3822 3790 item

2241 3819 2458 3888 posthac
2489 3818 2633 3873 illum
2665 3822 2960 3888 superaturi
2984 3830 3138 3886 sunt,
3167 3823 3291 3892 quid
3317 3832 3368 3876 tu
3395 3823 3597 3878 futuros
3623 3825 3824 3894 proba-

2239 3909 2473 3964 tissimos
2503 3911 2902 3981 clarissimaque
2930 3913 3147 3968 victoria
3191 3915 3422 3983 insignes
3453 3926 3598 3970 tanto
3642 3919 3823 3983 privas

2239 3998 2480 4055 honore?
2507 3999 2706 4056 Idcirco
2733 4005 2872 4056 enim
2903 4003 3048 4056 illum
3072 4003 3303 4067 dimisit,
3335 4015 3394 4059 ut
3422 4021 3542 4060 eum
3567 4007 3825 4076 dejiciaut

2240 4092 2327 4161 qui
2358 4091 2564 4146 fuerant
2591 4092 2658 4147 ab
2683 4107 2747 4147 eo
2774 4093 2919 4162 prius
2942 4097 3200 4162 superati,
3234 4097 3375 4165 quod
3415 4097 3488 4150 illi
3514 4099 3658 4152 omni
3689 4115 3822 4168 sup-

2239 4182 2399 4251 plicio
2427 4183 2635 4251 gravius
2662 4191 2762 4247 est,
2790 4182 3070 4253 ipsumque
3091 4184 3154 4239 ad
3176 4196 3466 4240 extremam
3489 4189 3822 4244 condemna-

2239 4275 2438 4328 tionem
2469 4273 2710 4328 deducet.
2741 4274 2809 4328 At
2829 4291 2932 4330 non
2955 4291 3159 4342 omnes,
3185 4279 3408 4348 inquies,
3431 4281 3576 4335 illum
3601 4296 3823 4352 supera-

2239 4366 2340 4420 turi
2368 4373 2508 4418 sunt.

2309 4455 2413 4509 Cur
2445 4455 2578 4510 Deus
2607 4472 2634 4510 e
2660 4456 2822 4510 medio
2861 4459 3116 4513 diabolum
3142 4477 3240 4514 non
3268 4463 3541 4517 sustulerit.
3576 4497 3644 4506 —-
3683 4467 3818 4534 Quid

2240 4544 2343 4600 hoc
2371 4545 2436 4598 ad
2465 4546 2618 4600 rem?
2645 4545 2888 4602 Profecto
2917 4551 3056 4604 enim
3099 4551 3264 4605 multo
3302 4555 3703 4610 convenientius
3740 4569 3821 4613 est

2237 4634 2394 4705 justis
2459 4637 2768 4693 occasiones
2819 4641 3181 4709 suppeditari,
3247 4645 3437 4712 quibus
3492 4648 3816 4702 voluntatem

2242 4729 2528 4784 ostendant
2553 4745 2722 4795 suam,
2751 4747 2843 4786 eos
2866 4748 2992 4788 vero
3018 4734 3104 4803 qui
3137 4751 3240 4788 non
3271 4746 3395 4790 sunt
3421 4737 3724 4807 hujusmodi
3757 4759 3818 4796 ex

2243 4821 2453 4890 propria
2485 4821 2658 4889 puniri
2704 4813 3017 4891 negligentia
3039 4867 3053 4892 ,
3085 4841 3241 4894 quam
3272 4826 3490 4882 ismrum
3519 4845 3678 4884 causa
3721 4833 3819 4886 illis

2245 4913 2402 4966 etiam
2429 4911 2680 4966 damnum
2707 4913 2902 4967 afferri.
2933 4914 3064 4968 Nam
3103 4916 3260 4970 modo
3299 4917 3342 4970 is
3367 4919 3457 4987 qui
3502 4921 3674 4974 malus
3704 4930 3818 4989 est,

2245 5000 2290 5054 si
2318 4999 2562 5064 ltedatur,
2595 5017 2698 5056 non
2722 5002 3006 5057 adversarii
3036 5005 3254 5068 viribus,
3280 5007 3372 5060 sed
3397 5023 3493 5062 suo
3518 5012 3695 5078 potius
3717 5021 3818 5066 tor.

2244 5107 2373 5161 pore
2401 5104 2680 5162 superatur
2721 5112 2736 5147 :
2784 5095 2923 5164 quod
2971 5096 3168 5150 indicat
3213 5098 3469 5152 victorum
3518 5104 3819 5156 multitudo.

2244 5183 2393 5237 Tunc
2421 5198 2548 5237 vero
2577 5183 2730 5252 probi
2773 5185 2967 5255 quique
3012 5187 3370 5255 improborum
3411 5205 3569 5243 causa
3619 5195 3821 5246 meritis

2245 5271 2534 5326 honoribus
2569 5271 2797 5326 fraudati
2836 5273 3089 5339 fuissent,
3137 5291 3241 5329 non
3283 5277 3566 5344 habentes,
3610 5281 3818 5335 illormu

2245 5364 2418 5432 culpa,
2448 5363 2537 5416 ubi
2568 5363 2706 5418 vires
2727 5377 3039 5419 exercerent
3063 5381 3218 5430 suas;
3247 5367 3407 5421 veluti
3430 5371 3473 5422 si
3501 5372 3821 5439 agonctheta

2245 5455 2362 5524 quis
2391 5454 2614 5507 athletas
2642 5453 2776 5507 duos
2802 5465 3007 5522 nactus,
3031 5457 3254 5511 alterum
3286 5459 3494 5528 quidem
3518 5463 3825 5518 adversario

2244 5544 2492 5614 congredi
2518 5553 2776 5612 paratum,
2804 5561 3123 5616 omnemque
3151 5549 3484 5603 tolerantiam
3514 5555 3822 5613 ostendere.

2249 5651 2602 5706 coronamque
2630 5653 2694 5692 ex
2721 5639 3008 5696 certamine
3030 5639 3230 5697 referre
3248 5682 3261 5709 ,
3291 5641 3518 5698 alterum
3549 5644 3721 5701 labori
3754 5648 3826 5702 illi
