4124 6144
386 221 493 278 453

381 339 542 394 Οὕτω
568 336 667 409 μὲν
694 335 804 409 γάρ
832 337 863 391 6
892 334 1178 398 σπουδαῖος
1205 334 1292 389 διὰ
1309 335 1399 388 τὸν
1420 335 1622 404 φαῦλον
1657 332 1972 407 ἐπηρεάσθη
1999 345 2049 396 ι,

382 428 587 490 ἐκεῖνος
617 425 675 479 δέ
700 424 882 478 οὐκέτι
907 423 996 477 διὰ
1041 422 1132 476 τὸν
1175 424 1422 492 γενναῖον
1448 423 1636 487 κακὸς,
1666 421 1801 477 ἀλλά
1829 421 1919 476 διά
1957 420 2055 492 τὴν

381 512 583 567 κακίαν
636 510 734 581 τὴν
775 508 963 565 αὑτοῦ.
1012 509 1124 563 Καὶ
1182 509 1273 563 νῦν
1314 509 1412 581 μὲν
1451 509 1599 563 δοκεῖ
1631 508 1691 563 τὸ
1727 508 2057 580 ζητούμενον

384 600 571 662 αὐτοῖς
598 594 740 652 εἶναι
767 595 1011 667 περὶτοῦ
1044 595 1294 650 διαϐόλου
1314 612 1327 626 ·
1355 596 1495 650 κατά
1521 596 1578 650 δέ
1606 596 1706 669 τὴν
1736 594 2057 651 ἀκολουθίαν

381 688 412 740 6
446 687 604 755 λόγος
641 677 798 748 οὗτος
838 683 1042 754 προῖὼν
1075 683 1175 757 τήν
1198 682 1362 739 αὐτοῦ
1390 684 1604 749 πολλοῖς
1628 684 1914 752 ἐγκαλέσει
1962 685 2059 737 καὶ

387 773 661 845 μέμψεται
704 771 804 844 τὴν
842 771 1119 842 πρόνοιαν,
1166 772 1262 826 καὶ
1297 770 1397 844 τήν
1438 772 1799 844 δημιουργίαν
1838 772 2058 829 ἃπασαν

383 855 629 910 διαϐαλεῖ
651 853 747 908 τοῦ
782 854 938 908 Θεοῦ.
968 855 1080 908 Καὶ
1113 853 1224 927 γὰρ
1252 856 1352 926 τῆς
1382 855 1478 911 τοῦ
1510 856 1774 927 στόματος
1821 855 1915 910 καὶ
1958 854 2061 926 τῆς

382 945 492 1000 τῶν
536 944 830 1016 ὀφθαλμῶν
868 944 1239 1017 κατηγορήσει
1300 944 1638 1010 διαπλάσεως
1657 962 1670 976 ·
1708 945 1798 999 διὰ
1852 943 2058 998 τούτων

387 1033 487 1105 μὲν
515 1033 625 1106 γὰρ
678 1032 1034 1103 ἐπιθυμοῦσιν
1069 1026 1145 1088 ὧν
1179 1033 1240 1086 οὐ
1268 1033 1368 1095 δεῖ.
1390 1033 1482 1089 καὶ
1502 1034 1582 1096 είς
1629 1033 1872 1105 μοιχείαν
1892 1034 2057 1104 ἐμπί-

384 1139 613 1176 πτουσιν
658 1123 707 1176 οἱ
727 1120 943 1175 πολλοί·
984 1120 1051 1175 δι’
1081 1119 1293 1176 ἐκείνου
1325 1121 1379 1175 δέ
1421 1121 1817 1193 βλασφημοῦσι,
1852 1123 1947 1176 καὶ
1988 1121 2058 1177 τὰ

382 1210 603 1282 ὀλέθρια
652 1208 761 1264 τῶν
810 1209 1095 1280 δογμάτων
1151 1209 1516 1281 προφέρουσιν
1565 1209 1763 1281 ἕτεροι.
1796 1205 1922 1281 'A9'
1964 1204 2057 1264 οῦν

382 1295 471 1350 διά
509 1296 665 1351 τοῦτο
697 1298 868 1367 χωρὶς
893 1294 1140 1367 γλώττης
1178 1298 1270 1349 καὶ
1306 1294 1600 1367 ὀφθαλμῶν
1634 1294 1887 1365 γενέσθαι
1932 1297 2059 1361 τοὺς

383 1384 704 1456 ἀνθρώπους
729 1385 934 1455 ἐχρῆν;
980 1384 1189 1438 Οὐκοῦν
1214 1384 1308 1439 καὶ
1359 1386 1486 1449 τοὺς
1520 1384 1688 1449 πόδας
1731 1384 2056 1454 ἐκκόψομεν,

384 1472 595 1538 καὶτὰς
623 1475 810 1545 χεῖρας
830 1472 1233 1544 άποτεμοῦμεν,
1261 1472 1449 1544 ἐπειδὴ
1481 1466 1642 1527 αὗται
1683 1472 1782 1543 μὲν
1810 1472 2059 1542 αἱμάτων

386 1562 619 1633 πλήρεις
654 1561 811 1625 εἰσὶν,
843 1561 1112 1614 ἐκεῖνοιδὲ
1139 1561 1216 1624 εἰς
1247 1560 1444 1614 κακίαν
1479 1560 1751 1632 τρέχουσι.
1771 1559 1909 1613 Ἀλλ’
1938 1560 2059 1614 οὐδὲ

384 1654 456 1706 τὰ
493 1645 609 1704 ὦτα
633 1650 732 1720 τὴν
764 1650 1032 1720 ἀπήνειαν
1045 1649 1140 1704 τοῦ
1171 1649 1330 1717 λόγου
1356 1648 1546 1703 τούτου
1579 1648 1866 1719 δυνήσεται
1898 1650 2061 1717 ἐκφυ-

386 1741 504 1808 γεῖν
529 1755 544 1771 ο
576 1739 669 1791 καὶ
694 1736 803 1808 γάρ
836 1736 1004 1809 ἀκοὴν
1037 1735 1270 1808 ματαίαν
1296 1737 1681 1808 παραδέχεται,
1697 1736 1793 1790 καὶ
1819 1736 1918 1807 τὴν
1950 1735 2061 1790 τῶν

385 1827 670 1899 δογμάτων
687 1827 892 1898 φθοράν
914 1826 1274 1898 παραπέμπει
1299 1828 1366 1897 τῇ
1392 1826 1537 1898 ψυχῇ
1561 1843 1575 1857 ·
1604 1824 1746 1879 ὥστε
1775 1823 2062 1879 καὶταῦτα

388 1915 790 1986 ἀφαιρήσομεν.
818 1913 883 1967 El
918 1912 974 1966 δέ
1009 1912 1190 1978 τοῦτο,
1235 1912 1331 1967 καὶ
1364 1914 1506 1979 σῖτα,
1532 1912 1629 1966 καὶ
1660 1911 1822 1979 ποτά,
1851 1911 1945 1965 καὶ
1970 1912 2063 1965 ού-

393 2000 575 2074 ρανὸν,
613 1999 704 2053 καὶ
725 2000 852 2070 γῆν,
896 1999 991 2052 καὶ
1030 1998 1318 2064 θάλατταν,
1347 1998 1443 2051 καὶ
1473 1996 1643 2068 ἥλιον,
1677 1996 1772 2051 καὶ
1799 1996 1935 2066 φῶς,
1969 1997 2064 2050 καὶ

391 2086 643 2157 σελήνην,
677 2086 771 2139 καὶ
817 2085 910 2138 τὸν
955 2084 1064 2138 τῶν
1104 2084 1319 2157 ἄστρων
1375 2084 1555 2155 χορὸν,
1596 2083 1694 2138 καὶ
1743 2083 1922 2137 πάντα
1953 2081 2064 2137 τῶν

389 2173 600 2244 ἀλόγων
621 2173 689 2227 τά
714 2172 845 2244 γένη
863 2189 878 2204 ⁶
914 2171 1017 2226 ποῦ
1047 2171 1156 2244 γάρ
1186 2171 1338 2225 ἔσται
1373 2172 1621 2242 χρήσιμα
1656 2171 1847 2235 ταῦτα,
1885 2169 1977 2224 τοῦ
1998 2169 2064 2223 δι’

390 2260 450 2314 ὃν
470 2260 691 2329 ἐγένετο
723 2259 901 2313 πάντα
953 2256 1354 2321 κατακοπέντος
1388 2255 1562 2319 οὕτως
1591 2255 1858 2321 ἐλεεινῶς;
1900 2255 2068 2329 Ὁρᾷς

390 2348 482 2402 τὸν
509 2347 718 2418 γέλωτα
746 2346 841 2401 καὶ
863 2347 961 2416 τὴν
977 2346 1204 2400 ἀτοπίαν
1229 2346 1310 2409 εἰς
1335 2344 1402 2416 ἠν
1425 2345 1454 2396 6
1485 2344 1642 2413 λόγος
1673 2344 2069 2415 καταστρέφειν

392 2430 794 2501 ἀναγκάζεταις
831 2430 889 2485 '0
918 2430 1026 2501 γάρ
1056 2428 1302 2493 διάϐολος
1340 2428 1517 2499 ἐαυτῷ
1561 2427 1752 2491 κακὸς,
1779 2427 1877 2498 οὐχ
1902 2429 2066 2499 ήμῖνο

394 2516 558 2585 ἡμεῖς
611 2513 719 2584 γὰρ
760 2515 808 2566 εἰ
847 2512 1173 2583 βουλοίμεθα
1213 2510 1308 2565 καὶ
1340 2510 1512 2565 πολλά
1546 2509 1954 2580 καρπωσόμεθα
1999 2510 2069 2563 δι’

395 2602 561 2657 αὐτοῦ
618 2598 782 2666 καλὰ,
850 2602 1073 2663 ἄκοντος
1121 2600 1221 2670 μὲν
1258 2601 1353 2652 καὶ
1399 2599 1473 2670 μὴ
1517 2597 1841 2668 βουλομένου
1867 2613 1881 2628 ·
1924 2597 1986 2650 τὸ
2013 2597 2072 2651 δέ

398 2688 582 2759 θαῦμα
640 2689 736 2741 καὶ
793 2688 851 2741 ἐν
890 2686 1066 2758 τούτῳ
1094 2685 1299 2755 μεῖζον,
1345 2684 1439 2738 καὶ
1461 2684 1561 2754 τῆς
1587 2683 1682 2737 τοῦ
1712 2682 1846 2736 Θεοῦ
1879 2683 2071 2754 φιλαν-

398 2773 643 2845 θρωπίας
670 2772 703 2843 ή
726 2768 1019 2842 ὑπερϐολή.
1053 2767 1127 2823 Τὸ
1152 2767 1261 2841 γὰρ
1288 2767 1527 2840 βελτίους
1543 2767 1786 2837 γίνεσθαι
1814 2768 1940 2832 τοὺς
1980 2768 2075 2821 άν-

399 2869 428 2923 θ
436 2869 652 2941 ρώπους
683 2867 867 2923 δάκνει
925 2867 1022 2939 μέν
1069 2865 1233 2922 αὑτὸν
1284 2865 1379 2920 καὶ
1422 2865 1557 2919 αὐτὸ
1602 2865 1725 2920 καθ’
1772 2863 1934 2919 ἐαυτὸ
1979 2863 2076 2918 καὶ

398 2958 592 3012 λυπεῖ·
610 2958 738 3011 ὅταν
754 2957 812 3010 δέ
838 2955 934 3009 καὶ
958 2955 1024 3010 δι’
1051 2954 1213 3009 αὐτοῦ
1234 2953 1392 3010 τοῦτο
1424 2953 1751 3025 προξενῆται
1780 2954 1932 3025 ἡμῖν,
1965 2951 2075 3006 066'

402 3048 647 3115 ἐνεγκεῖν
679 3045 966 3115 δυνήσεται
1003 3042 1103 3115 τήν
1136 3044 1419 3115 ἐπήρειαν.
1449 3041 1576 3106 Πῶς
1608 3036 1701 3096 οὖν
1738 3040 2078 3114 προξενεῖται

399 3133 467 3187 δι’
496 3132 697 3198 αὐτοῦς
729 3130 1037 3195 Δεδοικότες
1069 3129 1235 3184 αὑτοῦ
1275 3129 1373 3202 τὴν
1408 3129 1667 3201 ὠμότητα
1699 3129 1795 3184 καὶ
1823 3127 1924 3193 τὰς
1953 3145 2080 3183 συν-

402 3224 549 3292 εχεῖς
608 3219 921 3284 ἐπιϐουλάς,
984 3219 1079 3273 καὶ
1125 3217 1224 3283 τὰς
1270 3218 1608 3290 ἐπαλλήλους
1659 3216 1943 3290 μηχανὰς,
1985 3216 2079 3272 τὸν

402 3308 571 3362 πολὺν
617 3306 783 3362 ὕπνον
820 3305 1258 3380 ἀποκρουόμεθα,
1294 3308 1557 3378 νήφομεν,
1610 3306 1937 3378 μεμνήμεθα
1981 3304 2076 3358 τοῦ

402 3392 610 3468 Κυρίου
635 3392 946 3456 διαπαντός.
984 3392 1095 3447 Καὶ
1123 3394 1204 3449 ὅτι
1231 3394 1331 3448 οὐκ
1347 3394 1477 3465 ἐμὸς
1496 3384 1650 3459 οὗτος
1675 3395 1704 3448 6
1734 3390 1914 3462 λόγος,
1943 3392 2079 3446 ἀλλά

403 3481 498 3536 τοῦ
531 3481 798 3553 μακαρίου
833 3480 1066 3547 Παύλου,
1096 3480 1326 3535 ἄκουσον
1353 3481 1471 3545 πῶς
1493 3480 1583 3536 διὰ
1609 3478 1718 3535 τῶν
1743 3479 1921 3535 αὐτῶν
1956 3497 2081 3551 σχε-

402 3572 493 3626 δὸν
531 3571 789 3645 ῥημάτων
826 3569 1081 3641 διεγείρει
1119 3572 1244 3634 τοὺς
1288 3569 1646 3634 καθεύδοντας
1692 3569 1801 3624 τῶν
1848 3571 2090 3624 πιστῶν.“

404 3661 531 3723 Τοῖς
576 3659 683 3730 γὰρ
745 3658 1013 3727 Ἐφεσίοις
1051 3658 1377 3713 ἐπιστέλλων
1400 3657 1544 3712 οὕτω
1577 3657 1696 3723 πώς
1724 3674 1921 3730 φησιν·
1955 3660 2080 3714 Οὐκ

403 3748 576 3801 ἔστιν
628 3745 773 3816 ἡμῖν
811 3747 850 3815 ἡ
872 3745 1035 3814 πάλη
1058 3744 1208 3814 πρὸς
1222 3740 1363 3815 αἷμα
1385 3746 1484 3800 καὶ
1501 3744 1719 3815 σάρκα,
1744 3746 1907 3801 ἀλλὰ
1929 3745 2080 3815 πρὸς

403 3837 511 3904 τὰς
528 3835 738 3907 ἀρχὰς,
767 3834 918 3904 πρὸς
974 3836 1081 3901 τὰς
1118 3833 1425 3900 ἐξουσίας,
1467 3834 1620 3903 πρὸς
1665 3834 1808 3901 τοὺς
1852 3849 2077 3905 κοσμο-

402 3923 698 3994 κράτορας
722 3922 827 3978 τοῦ
865 3923 1125 3988 σκότους
1163 3922 1269 3977 τοῦ
1313 3919 1527 3989 αἰῶνος
1556 3923 1792 3989 τούτου,
1827 3927 1977 3991 πρὸς
2006 3925 2079 3980 τὰ

405 4016 777 4082 πνευματικὰ
795 4009 907 4079 τῆς
920 4010 1211 4078 πονηρίας
1237 4009 1306 4062 ἐν
1321 4008 1441 4075 τοῖς
1458 4008 1857 4079 ἐπουρανίοις.
1888 4011 2078 4067 Ταῦτα

403 4099 461 4153 δὲ
480 4098 684 4171 ἔλεγεν.
718 4098 779 4151 οὐ
809 4096 1137 4151 καταϐαλεῖν
1161 4095 1378 4159 αὐτοὺς,
1406 4095 1541 4149 ἀλλά
1571 4096 1925 4170 διαναστῆσαι
1952 4100 2076 4171 βου-

403 4187 650 4256 λόμενος.
704 4185 814 4238 Καὶ
857 4185 887 4236 6
926 4182 1131 4254 Πέτρος
1180 4183 1260 4249 δὲ,
1304 4183 1575 4253 Νήψατε,
1605 4185 1761 4258 φησὶ,
1787 4188 2078 4258 πρηγορή-

402 4290 571 4336 σατε.
607 4271 755 4346 [164]
784 4271 873 4326 ὅτι
898 4274 931 4326 ό
961 4270 1262 4338 ἀντίδικος
1293 4272 1461 4342 ὑμῶν
1497 4273 1777 4342 διάϐολος
1804 4267 1886 4341 ὥς
1919 4277 2076 4330 λέων

400 4363 738 4432 ὠρυόμενος
756 4360 1083 4430 περιπατεῖ,
1113 4359 1298 4429 ζητῶν
1323 4361 1460 4415 τίνα
1489 4363 1752 4432 καταπίῃ
1771 4379 1786 4394 ·
1821 4357 1870 4430 ᾧ
1908 4365 2074 4419 ἀντί-

400 4468 586 4520 στητε
636 4449 864 4522 στερεοὶ
902 4447 977 4517 τῇ
1013 4449 1234 4503 πίστει.
1290 4447 1460 4504 Τοῦτο
1491 4450 1548 4503 δὲ
1580 4446 1700 4505 εἶπε
1732 4451 1758 4490 b
1790 4451 2074 4524 σφοδροτέ-

405 4557 529 4612 ρους
565 4537 900 4609 ἐργάσασθαι
937 4535 1125 4594 θέλων.
1159 4534 1254 4591 καὶ
1293 4539 1480 4590 πεῖσαι
1528 4536 1750 4591 πλείονα
1797 4539 1933 4611 πρὸς
1981 4539 2072 4593 τὸν

401 4627 535 4681 Θεὸν
558 4626 656 4698 τὴν
674 4625 980 4696 οἰκειότητα
1007 4621 1169 4693 ἔχειν.
1216 4624 1275 4677 '0
1320 4623 1430 4696 γὰρ
1454 4624 1732 4698 ἐφεστῶτα
1765 4627 1857 4680 τὸν
1879 4626 2073 4698 ἐχθρὸν

400 4716 564 4787 ὁρῶν,
595 4696 793 4787 μᾶλλον
809 4710 1133 4784 προστρέχει
1156 4711 1250 4766 καὶ
1281 4696 1653 4783 συμπλέκεεῗᾶι
1675 4713 1754 4786 τῷ
1791 4696 2073 4787 δυναμένῳ

405 4805 638 4877 βοηθεῖν.
678 4802 836 4858 Οῦτω
876 4819 976 4857 που
1024 4802 1119 4854 καὶ
1149 4802 1223 4855 τὰ
1248 4803 1437 4856 παιδία
1462 4804 1530 4857 τά
1567 4805 1759 4876 μικρά,
1809 4805 1937 4859 ὅταν
1974 4805 2072 4876 μὲν

404 4894 488 4977 ἴδῃ
533 4911 585 4946 τι
622 4891 733 4944 τῶν
765 4887 1034 4960 φοϐερῶν,
1077 4891 1157 4977 είς
1183 4888 1274 4942 τὸν
1303 4890 1402 4977 τῆς
1429 4891 1634 4962 μητρὸς
1660 4893 2073 4962 καταφεύγοντα

401 4975 635 5045 κόλπον,
675 4980 771 5032 καὶ⁵
797 4975 1245 5048 ἐκκρεμασθέντα
1282 4975 1389 5029 τῶν
1424 4978 1652 5045 ἱματίων
1682 4979 1916 5050 ἐκείνης,
1952 4980 2073 5052 ἐχε-

400 5086 492 5123 ται
516 5065 698 5120 αὐτῶν
735 5062 1016 5133 ἀσφαλῶς,
1047 5061 1143 5116 καὶ
1168 5060 1378 5115 πολλῶν
1401 5062 1766 5119 ἀνθελκόντων
1790 5067 2071 5134 πολλάκις,

402 5158 506 5213 ούκ
535 5153 858 5225 ἀφίσταται·
890 5152 1020 5204 ὅταν
1055 5149 1112 5202 δέ
1145 5149 1309 5220 μηδὲν
1417 5148 1478 5202 τὸ
1511 5149 1793 5221 θορυϐοῦν,
1832 5154 1952 5207 ούδέ
1980 5171 2077 5207 κα-

403 5243 603 5316 λούσης
640 5240 856 5311 ἐκείνης
918 5236 1014 5292 καὶ
1065 5237 1434 5309 ἐφελκομένης
1472 5237 1745 5309 ἀνέχεται,
1799 5240 1935 5295 ἀλλά
1981 5242 2077 5296 καὶ

404 5330 679 5389 καλοῦσαν
715 5326 992 5389 διαπτύει,
1022 5325 1114 5380 καὶ
1144 5323 1317 5378 πολλὰ
1364 5325 1500 5396 πρὸς
1552 5325 1613 5379 τὸ
1670 5328 2076 5384 ἐπισπάσασθαι

407 5417 808 5497 μηχανωμένην
856 5414 1292 5487 ἀποστρέφεται,
1346 5413 1439 5467 καὶ
1493 5413 1775 5487 τραπέζης
1819 5418 2078 5491 κειμένης

469 5546 692 5616 ιΜοι-τιᾼ.
715 5543 1022 5616 emam?“
1066 5537 1217 5591 Savil.
1257 5540 1307 5589 in
1332 5543 1474 5590 textu
1521 5542 1880 5606 émqpedaﬂmin
1920 5558 2075 5608 marg.

408 5609 760 5673 ὴηρεᾲζεσθαις
809 5667 852 5673 --
920 5609 935 5652 ῖ

469 5662 607 5721 ιςέεε
622 5671 771 5720 Savil.
809 5667 980 5718 Morel.
1008 5677 1128 5715 vero
1150 5664 1314 5715 omisit
1334 5664 1456 5728 haec,
1475 5662 1617 5715 τοῦτο
1640 5667 1689 5715 δὲ
1713 5666 1832 5716 εἷπε.

1108 220 1168 275 S.
1208 217 1499 276 JOANNIS
1555 210 2047 275 CURYSOSTOMI
2083 208 2407 267 ARCHIEP.
2444 211 2998 271 CONSTANTINOP.

3725 216 3847 281 634

2159 331 2510 400 καταφρονεῖ.
2547 328 2647 383 Διά
2697 329 2857 384 τοῦτο
2895 331 3085 385 πολλαὶ
3126 330 3237 386 τῶν
3288 330 3540 405 μητέρων
3608 336 3845 393 ἐπειδὰν

2162 415 2329 486 μηδὲν
2366 414 2629 486 ἰσχύσωσι
2678 417 3126 488 παρακαλοῦσαι,
3167 419 3542 490 μορμολύκεια
3590 424 3688 477 καὶ
3735 424 3846 494 φόί

2158 503 2337 575 ϐητρα
2375 505 2899 570 κατασκευάζουσαι,
2936 504 3109 570 οὕτως
3152 506 3332 560 αὐτῶν
3378 508 3688 577 σοφίζονται
3732 515 3849 584 τὴν

2156 592 2448 655 ἐπάνοδον,
2510 592 2606 647 καὶ
2671 593 2917 647 πείθουσι
2976 593 3345 665 προσδραμεῖν
3413 596 3575 651 πάλιν
3618 600 3843 665 αὑταῖς.

2157 679 2330 733 Τοῦτο
2348 679 2407 733 δὲ
2432 680 2534 733 οὐκ
2552 681 2645 735 ἐπὶ
2671 680 2781 735 τῶν
2817 680 3049 736 παιδίων
3088 682 3298 751 γίνεται
3334 683 3517 754 μόνον,
3557 686 3696 742 ἀλλὰ
3742 690 3850 743 καὶ

2157 766 2242 836 ἐφ’
2274 768 2454 839 ήμῶν.
2474 770 2644 824 Ὅταν
2673 769 2784 841 γάρ
2809 771 2999 841 ήμάςὸ
3024 770 3268 841 Πονηρὸς
3290 772 3428 842 φοϐῇ
3452 767 3543 827 καὶ
3571 776 3847 849 ταράττῃ,

2158 855 2282 909 τότε
2319 854 2792 929 σωφρονιζόμεθα,
2820 859 2942 911 τότε
2966 857 3194 921 ἑαυτοὺς
3222 859 3681 931 ἐπιγινώσκομεν,
3717 862 3847 916 τότε

2162 944 2299 1015 μετά
2322 944 2522 1017 πολλῆς
2557 945 2657 1015 τῆς
2696 946 2929 1016 σπουδῆς
2960 945 3037 1016 τῷ
3077 945 3197 1016 Θεῷ
3236 946 3673 1017 προστρέχομενδ
3704 951 3756 1002 εί
3784 950 3851 1003 δέ

2159 1031 2435 1102 ἠφανίσθη
2492 1031 2645 1104 παρά
2674 1032 2776 1103 τὴν
2811 1032 2987 1104 ἀρχὴν
3006 1026 3163 1097 οὗτος
3191 1033 3287 1087 καὶ
3308 1034 3532 1102 γέγονεν
3567 1034 3845 1097 ἐκποδὼν,
3892 1044 3906 1102 ε

2158 1119 2300 1190 τάχα
2342 1119 2463 1173 ούδέ
2517 1120 2657 1192 ὑπὲρ
2704 1119 2815 1173 τῶν
2859 1120 3241 1194 παρελθόντων
3296 1121 3365 1175 ἂν
3413 1121 3744 1177 ἐπίστευσαν
3788 1126 3846 1176 οῖ
3898 1156 3912 1182 ι

2160 1207 2377 1261 πολλοί·
2407 1202 2518 1261 οἷον
2538 1208 2623 1263 ὅτι
2643 1208 2736 1263 τὸν
2762 1208 3048 1280 ἄνθρωπον
3072 1209 3345 1279 ήπάτησε,
3369 1209 3465 1263 καὶ
3493 1209 3601 1263 τῶν
3627 1211 3863 1265 πολλῶν.

2160 1295 2384 1349 ἐκείνων
2399 1295 2653 1360 ἐξέϐαλεν
2672 1296 2915 1366 ἀγαθῶν·
2931 1297 3067 1351 ἀλλά
3077 1296 3168 1351 τὸν
3181 1296 3313 1350 Θεὸν
3330 1296 3510 1369 φθόνῳ
3527 1300 3623 1352 καὶ
3638 1298 3844 1368 βασκαε

2159 1381 2250 1455 νίᾳ
2270 1382 2429 1437 τοῦτο
2454 1386 2814 1453 πεποιηκέναι
2836 1380 2992 1439 εἶπον
3017 1384 3103 1440 ἄν.
3129 1386 3304 1439 Ὅπου
3324 1385 3435 1458 γὰρ
3456 1387 3551 1440 καὶ
3579 1386 3675 1441 νῦν
3698 1391 3842 1443 εἰσιν

2161 1470 2211 1523 οῖ
2251 1472 2423 1525 ταῦτα
2460 1471 2768 1542 τολμῶντες
2803 1473 2941 1544 μετὰ
2979 1470 3078 1544 τὴν
3113 1471 3385 1543 τοσαύτην
3423 1473 3700 1539 ἀπόδειξιν
3739 1476 3844 1548 τῆς

2162 1556 2380 1628 ἀπάτης
2422 1557 2610 1621 αὐτοῦ,
2654 1560 2705 1611 εί
2750 1559 2886 1629 μηδέ
2921 1559 3061 1623 ὅλως
3123 1561 3320 1630 πεῖραν
3353 1559 3545 1615 ἔλαϐον
3588 1562 3691 1634 τῆς
3739 1578 3846 1617 κα-

2163 1645 2427 1715 κουργίας
2480 1645 2712 1708 ἐκείνου,
2769 1646 2823 1698 τί
2871 1647 2972 1700 οὐκ
3019 1646 3086 1701 ἂν
3123 1643 3297 1710 εἷπον,
3320 1647 3374 1700 τί
3397 1648 3499 1701 οὐκ
3533 1648 3601 1701 ἂν
3641 1649 3846 1718 ἐφθέγ-

2163 1731 2354 1799 ξαντο;
2387 1733 2566 1796 Ὅλως
2599 1732 2658 1786 δέ
2685 1735 2737 1787 εί
2762 1731 2870 1806 χρὴ
2899 1734 3037 1806 μετά
3069 1734 3353 1805 ἀκριϐείας
3380 1737 3495 1799 τοῖς
3526 1736 3847 1808 γενομένοις

2166 1819 2488 1890 προσέχειν,
2543 1820 2666 1874 ούδέ
2712 1823 2793 1885 είς
2848 1822 3064 1876 ἅπαντα
3110 1823 3259 1893 ἡμᾶς
3308 1823 3337 1875 ό
3402 1822 3648 1887 διάϐολος
3687 1825 3842 1888 ὠθεῖ,

2165 1907 2304 1961 ἀλλά
2327 1908 2495 1962 πολλά
2520 1909 2620 1979 μέν
2649 1910 2927 1974 καΡαύτὸς
2952 1909 3240 1983 ἐργάζεται
3255 1909 3425 1978 κακά,
3465 1910 3636 1965 πολλά
3661 1911 3719 1966 δέ
3749 1905 3846 1967 καὶ

2166 1996 2327 2066 ἡμεῖς
2391 1997 2602 2061 ἑαυτοῖς
2665 2007 2687 2036 ο
2745 1998 2989 2071 ῥᾳθυμίᾳ
3047 2000 3143 2054 καὶ
3195 2001 3604 2072 καταφρονήσει
3658 1999 3846 2070 μόνον.

2165 2083 2278 2138 Ποῦ
2299 2083 2429 2156 γὰρ,
2459 2085 2547 2140 ἶνα
2577 2085 2739 2140 πάλιν
2764 2087 2857 2140 ἐπὶ
2895 2088 2997 2159 τὴν
3024 2088 3198 2160 ἀρχὴν
3239 2088 3649 2158 ἐπανέλθωμεν,
3673 2106 3852 2158 προσ-ι

2166 2169 2430 2224 επέλασεν
2475 2172 2504 2224 6
2550 2171 2794 2236 διάϐολος
2838 2171 2917 2244 τῷ
2963 2175 3125 2238 Κάῖν,
3156 2176 3249 2229 καὶ
3291 2174 3385 2228 τὸν
3438 2174 3599 2243 φόνον
3638 2172 3850 2242 πρᾶξαι

2168 2259 2441 2331 παρῄνεσε
2468 2276 2483 2324 ;
2511 2260 2589 2332 Τῇ
2623 2262 2720 2331 μὲν
2746 2261 2855 2333 γάρ
2884 2261 3075 2314 τούτου
3120 2263 3286 2335 μητρὶ
3328 2261 3577 2331 φαίνεται
3607 2259 3855 2329 διαλεγό-

2173 2364 2333 2418 μενος
2367 2347 2462 2402 καὶ
2482 2349 2583 2418 τήν
2608 2349 2824 2419 ἀπάτην
2867 2349 3291 2414 κατασκευάζων
3310 2366 3324 2380 ·
3358 2347 3591 2402 ἐνταῦθα
3621 2348 3679 2402 δὲ
3718 2349 3854 2402 οὐκ·

2170 2433 2271 2499 έτι,
2303 2434 2442 2506 πλὴν
2473 2435 2634 2501 εἴτις
2663 2437 2825 2490 αὐτὸν
2851 2437 2978 2501 τοὺς
3010 2438 3278 2509 πονηροὺς
3319 2437 3613 2507 λογισμοὺς
3644 2434 3853 2489 ὑποϐε-

2172 2520 2434 2594 ϐληκέναι
2483 2525 2639 2597 φαίη,
2690 2524 2785 2579 καὶ
2818 2524 2978 2578 τοῦτο
3004 2524 3061 2579 δὲ
3097 2523 3247 2596 παρά
3285 2524 3378 2578 τὸν
3404 2523 3855 2593 καταδεξάμενον

2172 2609 2268 2663 καὶ
2292 2609 2584 2665 πεισθέντα
2618 2613 2714 2665 καὶ
2771 2611 2870 2682 τὴν
2915 2610 3088 2684 ἀρχὴν
3126 2611 3273 2682 αύτῷ
3326 2611 3721 2682 παρεσχηκότα
3747 2612 3855 2680 τῆς

2174 2696 2388 2766 ἐφόδου.
2441 2698 2584 2751 Ἀλλ’
2606 2699 2757 2770 ὅμως
2811 2699 2934 2752 ούδέ
2983 2698 3154 2762 οὕτως
3206 2698 3370 2752 αὐτὸν
3406 2700 3592 2753 εῖασεν
3631 2700 3661 2752 6
3692 2697 3852 2761 Θεὸς,

2175 2783 2290 2838 ἀλλ’
2330 2784 2566 2856 ἐπέμενε
2609 2786 2881 2841 παιδεύων
2910 2787 3005 2842 καὶ⁹
3030 2786 3316 2852 νουθετῶν,
3346 2787 3415 2841 δι’
3442 2778 3520 2841 ὧν
3545 2786 3720 2841 ἐδόκει
3750 2801 3857 2839 κο·

2173 2871 2359 2938 λάζειν
2394 2874 2578 2928 αὐτόν.
3708 2899 3723 2915 ·

2246 2961 2359 3014 Καὶ
2388 2960 2442 3015 τί
2491 2962 2635 3031 λέγω
2678 2961 2773 3017 τοῦ
2819 2962 2961 3017 Κάῖν
2988 2961 3088 3034 τὴν
3130 2961 3420 3034 τιμωρίαν,
3455 2960 3651 3034 ἀνδρὸς
3705 2959 3855 3024 ἐνὸς,

2176 3045 2310 3100 ὅπου
2356 3064 2421 3116 γε
2474 3049 2569 3102 καὶ
2611 3050 2640 3103 6
2693 3047 3098 3118 κατακλυσμὸς,
3151 3047 3279 3101 ἔνθα
3320 3046 3587 3102 τοσούτων
3637 3045 3858 3115 ἀνδρῶν

2178 3133 2428 3189 ἀπώλεια
2471 3136 2672 3190 δύναιτ’
2697 3136 2764 3190 ἂν
2797 3138 2932 3206 ἡμῖν
2962 3135 3202 3206 ἐμφῆναι
3247 3134 3348 3205 τὴν
3386 3132 3707 3205 κηδεμονίαν
3750 3130 3857 3184 τοῦ

2177 3222 2347 3289 Θεοῦ;
2377 3222 2602 3295 Πρῶτον
2649 3224 2748 3295 μέν
2769 3223 2877 3293 γάρ
2923 3223 3022 3293 οὐχ
3062 3221 3249 3286 ἁπλῶς
3273 3221 3397 3276 ούδέ
3427 3221 3860 3292 ἀπροσδοκήτως

2179 3313 2461 3385 ἐπήγαγεν
2474 3313 2658 3367 ἐκεῖνα
2680 3312 2749 3366 τὰ
2763 3314 2933 3380 δεινὰ,
2957 3312 3094 3367 ἀλλά
3116 3313 3209 3366 καὶ
3230 3314 3460 3383 προεῖπε
3477 3308 3529 3374 ἀ,
3547 3310 3642 3363 καὶ
3658 3310 3721 3363 οὐ
3743 3309 3862 3380 πρὸ

2179 3401 2374 3472 χρόνου
2424 3400 2676 3473 βραχέος,
2708 3400 2847 3455 ἀλλὰ
2880 3401 2973 3455 καὶ
3000 3401 3107 3472 πρὸ
3141 3400 3312 3454 εἴκοσι
3343 3399 3480 3452 ἐτῶν
3505 3398 3600 3452 καὶ
3634 3395 3858 3451 ἑκατόν,

2184 3493 2436 3556 Ἔπειτα,
2468 3493 2556 3545 ἵνα
2578 3492 2653 3564 μὴ
2681 3492 2769 3546 διὰ
2810 3491 2872 3544 τὸ
2897 3491 3070 3563 μῆκος
3093 3487 3196 3558 τῆς
3210 3489 3558 3563 προρρήσεως
3590 3485 3744 3559 [I65]
3770 3487 3864 3550 είς

2178 3577 2348 3651 λήθην
2377 3579 2659 3651 ἐμπέσωσι
2671 3579 2767 3633 καὶ
2790 3579 3083 3651 ῥᾳθυμίαν,
3104 3576 3484 3648 παρεσκεύασε
3506 3575 3605 3646 τὴν
3622 3573 3864 3628 κιϐωτὸν

2178 3666 2555 3721 τεκταίνεσθαι
2603 3667 2723 3720 κατ’
2773 3664 3087 3736 ὀφθαλμοὺς
3133 3664 3356 3717 ἐκείνων
3401 3662 3581 3716 αὐτῶν
3604 3702 3621 3725 ,
3670 3662 3862 3731 πάσης

2180 3756 2366 3826 φωνῆς
2408 3754 2787 3826 λαμπρότερον
2836 3753 3050 3825 βοῶσαν
3077 3751 3173 3806 τοῦ
3203 3751 3338 3804 Θεοῦ
3366 3749 3463 3821 τὴν
3495 3749 3749 3821 ἀπειλήν.
3798 3750 3862 3804 '0

2147 3900 2155 3908 _
2181 3843 2281 3914 μὲν
2302 3843 2411 3914 γὰρ
2441 3843 2583 3898 Κάῖν
2602 3841 2858 3907 ἐξέπεσεν
2884 3842 2986 3914 ήδη
3017 3841 3116 3912 τῆς
3135 3839 3244 3894 τῶν
3269 3836 3573 3910 ἀνθρώπων
3594 3835 3856 3902 διανοίας,

2179 3931 2359 4003 ἐκείνη
2386 3930 2443 3985 δὲ
2482 3931 2590 4003 πρὸ
2620 3931 2730 3984 τῶν
2757 3929 2932 4000 ὄψεων
2970 3929 3151 3985 αὐτῶν
3189 3927 3437 3997 κειμένη,
3477 3925 3717 3994 συνεχῶς
3745 3924 3860 3977 τῶν

2177 4019 2580 4092 ἀπειληθέντων
2604 4020 2703 4091 τὴν
2755 4021 2972 4090 μνήμην
3004 4017 3296 4090 διήγειρεν.
3344 4014 3481 4068 Ἀλλ’
3532 4013 3653 4066 οὐδὲ
3679 4012 3855 4077 οὕτως

2177 4107 2677 4179 ἐσωφρονίσθησαν,
2703 4106 2817 4160 ἀλλ’
2859 4106 3126 4177 ἐπέμενον
3173 4101 3607 4176 προκαλούμενοι
3641 4102 3739 4154 καὶ
3770 4101 3858 4153 ἐλ⁴

2177 4211 2367 4260 κοντες
2413 4195 2536 4249 καθ’
2573 4194 2785 4248 ἐαυτῶν
2827 4193 2899 4248 τὰ
2925 4194 3092 4249 κακά.
3138 4195 3197 4247 '0
3226 4192 3337 4265 γάρ
3363 4192 3495 4255 Θεὸς
3530 4187 3654 4244 οὔτε
3694 4191 3856 4243 ἀπει-

2175 4282 2336 4352 λῆσαι
2381 4282 2764 4353 κατακλυσμὸν
2810 4281 2936 4335 οὔτε
2989 4284 3293 4350 ἐπαγαγεῖν
3334 4268 3620 4352 ἠθέλησεν,
3663 4280 3857 4350 ῶσπερ

2176 4369 2300 4425 ούδέ
2322 4370 2423 4441 τὴν
2443 4370 2668 4439 γέενναν
2700 4370 2891 4441 αὐτὴν,
2927 4370 3065 4424 ἀλλά
3094 4369 3311 4423 πάντων
3342 4372 3505 4440 ἡμεῖς
3537 4368 3702 4422 αῖτιοι
3733 4365 3856 4420 τού-

2174 4474 2313 4512 των’
2349 4460 2489 4528 ὅπερ
2549 4458 2646 4512 καὶ
2675 4456 2985 4526 σοφώτατός
3020 4473 3105 4521 τις
3152 4456 3379 4511 συνιδὼν
3430 4456 3617 4525 ἔλεγεν
3644 4456 3749 4514 ὅτι,
3793 4456 3854 4507 '0

2177 4545 2319 4611 Θεὸς
2338 4544 2596 4599 θάνατοι⁸
2624 4546 2736 4599 οὐκ
2767 4544 3077 4612 ἐποίησεν,
3107 4543 3252 4598 οὐδὲ
3283 4545 3555 4613 τέρπεται
3582 4542 3679 4595 ἐπ’
3697 4542 3855 4595 ἀπω-

2172 4634 2310 4703 λείᾳ
2334 4633 2579 4695 ζῶντων.
2594 4633 2705 4688 Καὶ
2737 4632 2898 4696 αὐτὸς
2917 4632 2974 4685 δέ
2996 4632 3085 4686 διὰ
3107 4630 3202 4684 τοῦ
3221 4633 3500 4702 προφήτου
3535 4629 3681 4683 οὕτω
3697 4628 3850 4700 φησί·

2174 4716 2271 4786 Μὴ
2304 4721 2417 4788 γὰρ
2452 4718 2695 4786 θελήσω
2731 4729 2755 4757 ε
2792 4717 2900 4771 τὸν
2922 4716 3183 4771 θάνατον
3211 4715 3319 4770 τοῦ
3370 4713 3752 4784 ἀμαρτωλεῦ,
3778 4713 3854 4777 ὡς

2174 4804 2241 4858 τὸ
2276 4806 2636 4874 ἐπιστρέψαι
2655 4804 2753 4858 καὶ
2783 4804 2894 4873 ζῇν
2934 4805 3140 4858 αὐτόν.
3180 4803 3350 4856 Ὅταν
3385 4802 3442 4855 δέ
3474 4801 3549 4872 μὴ
3596 4803 3855 4873 ἐπιστρα-

2175 4892 2384 4963 φῶμεν,
2425 4894 2523 4963 τὴν
2552 4893 2830 4946 ἀπώλειαν
2853 4893 2945 4946 καὶ
2964 4892 3055 4944 τὸν
3072 4891 3301 4944 θάνατον
3323 4891 3485 4959 ἡμεῖς
3508 4889 3634 4941 καθ’
3649 4888 3855 4941 ἑαυτῶν

2174 4979 2474 5049 ἐπάγομεν,
2507 4980 2605 5050 οὐχ
2630 4981 2659 5032 6
2686 4979 2760 5048 μὴ
2807 4978 3124 5049 βουλόμενος
3157 4978 3305 5047 ἡμᾶς
3354 4973 3654 5027 ἀπολέσθαι
3699 4974 3852 5036 Θεὸς,

2174 5068 2270 5120 καὶ
2305 5068 2406 5137 τὴν
2438 5068 2534 5121 τοῦ
2584 5067 2830 5121 διαϐόλου
2886 5069 3078 5136 φυγεῖν
3110 5065 3130 5104 ί
3174 5064 3292 5118 ὁδὸν
3340 5062 3685 5126 ύποδεικνύς.
3729 5056 3853 5133 Ἆρ’

2243 5236 2267 5265 ε
2293 5232 2445 5283 Savil.
2471 5235 2676 5291 ἑαυτοῖς.
2700 5234 2876 5284 Morel.
2901 5233 3114 5289 ἑαυτούς.

2239 5294 2268 5370 ξι
2291 5296 2539 5373 MIOEeLfl
2559 5297 2712 5373 gavjl.
2736 5295 2785 5345 in
2810 5308 2964 5373 pars.
3007 5293 3223 5373 προεῖπε,
3265 5291 3414 5367 ςενίξ.
3441 5292 3506 5373 ὶξιΔ
3533 5295 3671 5373 [CXIIII]
3695 5306 3857 5373 προειῖ

2177 5359 2296 5405 πῶν.
2328 5358 2453 5407 Infra
2474 5359 2624 5407 Savil.
2647 5360 2696 5406 in
2722 5364 2863 5406 textu
2886 5352 2973 5414 τῆν
2993 5352 3199 5404 κιϐωτὸν
3235 5353 3577 5409 τεκταίνεσθαι,
3603 5352 3780 5401 Morel.
3804 5358 3857 5399 ει

2179 5420 2332 5495 Sa'vil.
2358 5418 2409 5468 in
2432 5432 2586 5483 marg.
2619 5419 2909 5483 ὑφαίνεσθαι.
2941 5419 3096 5468 Paulo
3121 5423 3231 5479 post
3280 5416 3400 5465 Κάίν
3422 5415 3616 5470 ἐξέπεσε
3647 5420 3734 5472 τῆς
3753 5414 3856 5462 δια-

2179 5496 2442 5605 Ῡοιξὲενίι.
2471 5543 2534 5605 μὴ
2560 5542 2745 5605 θελήσει
2763 5541 2901 5599 θέλω,
2927 5538 3063 5605 (ἱρῇ).
3080 5537 3158 5605 [ει
3355 5538 3418 5599 μή
3442 5536 3632 5594 θελήσει
3651 5535 3851 5595 θελήσω.

2183 5602 2308 5653 Infra
2333 5601 2481 5653 Savill
2510 5604 2787 5660 ἀπολέσθαι,
2811 5608 2949 5651 recte
2976 5601 3150 5650 Morel.
3176 5601 3424 5660 ἀπολέσαι.

2248 5661 2268 5702 ί
2306 5665 2387 5716 Sic
2407 5665 2746 5729 rescripsimus
2767 5658 2795 5714 Ε
2820 5660 3003 5714 Samio
3027 5675 3115 5725 pro
3138 5659 3225 5710 τοῦ
3247 5659 3499 5725 διαφυγεῖν.
3521 5658 3659 5709 Enn.
