4124 6144
347 308 454 366 655

341 434 396 478 et
424 435 676 476 aromate
701 421 871 477 otium
896 420 1217 490 deliciasque
1246 420 1638 490 praeferentem,
1673 420 1925 474 adversa-

342 516 421 570 rio
451 515 518 570 de
544 514 722 571 medio
762 516 971 570 sublato
989 558 1004 582 ,
1032 516 1218 571 ambos
1246 531 1305 570 re
1341 515 1531 570 infecta
1561 514 1812 571 dimittat.
1839 513 1928 570 Sic

339 605 482 659 enim
529 614 781 660 strenuus
825 606 914 660 ille
957 615 1172 675 propter
1214 605 1434 660 alterius
1476 605 1736 674 ignaviam
1781 603 1926 674 gravi

339 697 538 752 damno
576 698 797 753 affectus
822 708 999 765 esset;
1043 700 1263 769 ignavus
1303 709 1480 753 autem
1510 713 1615 752 non
1654 695 1926 752 fortissimi

337 791 469 843 socii
499 804 660 844 causa
690 791 862 846 malus
891 800 1063 856 esset,
1105 806 1288 846 verum
1327 792 1396 846 ob
1425 791 1719 846 socordiam
1751 805 1922 844 suam.

335 883 441 938 Sed
479 884 620 939 enim
660 883 774 938 haec
800 885 1018 938 istorum
1057 885 1299 954 quaestio,
1331 899 1450 938 cum
1476 883 1541 938 de
1569 883 1777 937 diabolo
1809 883 1923 952 agi-

339 975 440 1028 tari
472 975 734 1039 videatur,
765 976 806 1028 si
837 989 936 1028 suo
964 975 1150 1029 ordine
1179 974 1465 1044 procedat,
1495 974 1735 1043 plurimis
1762 974 1813 1026 in
1841 989 1926 1027 rc-

338 1067 438 1121 bus
467 1066 559 1120 Dei
601 1064 984 1134 providentiam
1029 1065 1334 1131 insimulat,
1379 1073 1730 1133 eunctamque
1768 1063 1924 1117 simul

337 1167 636 1213 creaturam
694 1157 941 1212 traducit.
991 1157 1232 1228 Namque
1282 1157 1390 1212 oris
1439 1169 1598 1227 atque
1647 1157 1923 1212 oculorum

336 1251 662 1304 creationem
700 1250 999 1304 incusabit:
1032 1250 1227 1320 quippe
1252 1264 1372 1303 cum
1417 1265 1511 1318 per
1549 1249 1660 1304 haec
1701 1263 1924 1318 quazque

338 1339 519 1394 illicita
549 1339 959 1408 concupiscant,
1011 1351 1168 1409 atque
1209 1339 1261 1394 in
1309 1339 1629 1394 adulterium
1674 1348 1925 1394 corruant

337 1431 583 1501 plurimi;
614 1447 708 1500 per
737 1433 837 1486 hoc
861 1441 1036 1487 autem
1065 1432 1436 1503 blasphement
1461 1432 1582 1496 alii,
1613 1441 1771 1501 atque
1799 1446 1921 1500 per-

335 1525 536 1578 niciosa
567 1525 812 1595 dogmata
845 1525 1136 1595 proferant.
1182 1525 1317 1579 Num
1347 1540 1476 1593 ergo
1519 1526 1632 1580 sine
1673 1525 1842 1580 oculis
1869 1532 1925 1578 ct

336 1619 512 1690 lingua
542 1619 661 1674 ideo
701 1619 996 1674 debuerunt
1037 1618 1282 1673 homines
1327 1618 1481 1673 ﬁeri?
1509 1617 1675 1673 Pedes
1713 1632 1922 1686 quoque

336 1711 670 1777 abscindere,
696 1719 749 1766 et
769 1720 1040 1780 amputare
1064 1726 1251 1764 manus
1275 1725 1492 1764 necesse
1518 1709 1640 1774 erit,
1665 1724 1783 1763 cum
1808 1709 1922 1762 ista:

337 1805 508 1874 plenae
535 1805 640 1860 sint
669 1803 942 1873 sanguine,
977 1803 1050 1856 illi
1078 1817 1203 1857 vero
1227 1801 1294 1855 ad
1325 1801 1519 1855 malum
1549 1808 1783 1855 currant.
1811 1799 1922 1855 Nec

335 1896 466 1964 ipsa:
496 1895 708 1965 quidem
737 1909 893 1948 aures
929 1893 1309 1948 immanitatem
1343 1892 1481 1946 hanc
1508 1891 1740 1960 effugere
1768 1897 1918 1961 pote-

335 1994 460 2040 runt
483 2003 496 2038 :
527 2001 645 2038 nam
675 1986 846 2039 inania
872 1984 1186 2054 percipiunt,
1211 1994 1264 2038 et
1288 1983 1681 2052 corruptionem
1704 1981 1921 2052 dogma-

337 2087 445 2132 tum
487 2077 551 2132 ad
596 2079 827 2132 animam
864 2079 1078 2131 mittunt
1109 2093 1123 2129 :
1157 2078 1334 2146 itaque
1374 2087 1429 2132 et
1473 2077 1588 2131 ista:
1617 2075 1920 2131 auferenda:

333 2179 510 2224 erunt.
543 2169 694 2237 Quod
721 2170 766 2223 si
800 2169 1073 2235 dabimus,
1103 2169 1250 2224 cibos
1278 2183 1489 2238 quoque
1514 2183 1576 2222 ac
1602 2179 1759 2238 potus
1778 2210 1792 2232 ,
1816 2182 1919 2222 cae-

332 2261 441 2315 lum
463 2303 477 2327 ,
511 2270 704 2316 terram
727 2301 740 2323 ,
785 2275 960 2324 mare,
1009 2259 1206 2324 solem,
1239 2259 1408 2313 lucem
1431 2299 1446 2325 ,
1493 2259 1669 2313 lunam
1691 2301 1704 2324 ,
1740 2258 1921 2313 stella-

332 2368 560 2422 rumque
598 2356 852 2416 chorum,
884 2361 1040 2420 atque
1069 2350 1306 2404 onmium
1347 2349 1693 2404 animantium
1724 2363 1916 2420 genera

333 2446 582 2499 tollamus
613 2459 833 2499 necesse
857 2443 978 2497 erit.
1011 2443 1091 2497 Ad
1122 2442 1246 2512 quid
1270 2443 1367 2496 ista
1395 2441 1536 2497 enim
1561 2441 1735 2497 omnia
1760 2450 1918 2496 erunt

332 2537 632 2591 necessaria
652 2577 667 2601 ,
694 2551 814 2589 cum
848 2534 893 2588 is
919 2534 1070 2604 cujus
1095 2549 1255 2588 causa
1283 2534 1417 2588 facta
1447 2541 1570 2588 sunt
1598 2533 1732 2587 adeo
1757 2533 1918 2586 mise-

331 2628 571 2682 rabiliter
602 2638 819 2682 truncus
841 2626 1048 2695 jaCeat?
1075 2625 1306 2680 Videsne
1330 2625 1420 2695 qui
1452 2626 1610 2689 risus,
1641 2638 1759 2694 qua:
1782 2622 1918 2677 deli-

327 2727 569 2772 ramenta
610 2719 871 2772 rationem
904 2717 1059 2771 istam
1107 2717 1408 2771 necessario
1435 2714 1762 2786 sequantur?
1789 2715 1912 2769 Dia-

327 2811 481 2865 bolus
510 2825 698 2879 nempe
727 2809 825 2864 sibi
854 2810 972 2878 ipsi,
1006 2824 1110 2863 non
1139 2809 1293 2863 nobis
1321 2818 1402 2863 est
1425 2808 1616 2863 malus.
1644 2807 1750 2862 Nos
1771 2806 1913 2860 enim

327 2901 371 2954 si
393 2901 640 2966 velimus,
671 2900 820 2969 plura
847 2900 1006 2954 etiam
1027 2899 1306 2954 commoda
1330 2914 1425 2969 per
1448 2899 1594 2953 illum
1622 2913 1914 2967 conseque-

327 3007 464 3055 mur,
496 2993 585 3046 illo
615 2993 773 3047 etiam
802 2991 965 3045 invito
989 3007 1051 3045 ac
1076 2998 1334 3046 renuente
1358 3007 1371 3042 :
1401 2989 1540 3059 quod
1566 2998 1648 3044 est
1673 2987 1913 3058 profecto

327 3085 568 3139 mirabile
589 3126 603 3150 ,
638 3092 692 3138 et
720 3085 770 3137 in
811 3083 912 3136 hoc
938 3082 1132 3137 divina:
1161 3081 1414 3136 bonitatis
1445 3079 1752 3150 magnitudo
1780 3094 1911 3134 con-

325 3175 563 3243 spicitur.
602 3173 735 3227 Nam
764 3175 806 3226 si
851 3187 972 3227 cum
1020 3173 1271 3227 meliores
1299 3171 1578 3233 efﬁcimur.
1609 3171 1816 3226 mordet
1859 3171 1911 3226 id

325 3265 539 3336 quidem
565 3281 626 3320 ac
653 3281 748 3335 per
777 3280 836 3320 se
862 3264 1036 3320 solum
1064 3264 1334 3320 excruciat
1359 3263 1626 3318 diabolum
1653 3283 1664 3317 ε
1698 3264 1910 3334 quando

326 3355 428 3411 hoc
468 3357 639 3426 ipsum
674 3371 770 3426 per
807 3370 930 3410 cum
976 3355 1129 3410 nobis
1174 3355 1560 3425 suppeditatur,
1603 3354 1705 3410 hoc
1742 3355 1909 3410 detri-

324 3457 562 3502 mentum
603 3447 743 3501 ferre
784 3461 889 3501 non
928 3454 1123 3517 potest.
1167 3445 1446 3512 Quomodo
1489 3455 1665 3500 autem
1709 3461 1775 3501 ex
1819 3446 1910 3501 illo

325 3537 672 3608 proﬁcimus?
716 3538 845 3592 Dum
897 3537 1037 3592 illius
1089 3537 1474 3592 immanitatem
1523 3547 1909 3608 perpetuasque

324 3631 543 3685 insidias
568 3646 632 3685 ac
660 3629 870 3685 fraudes
892 3630 1067 3685 varias
1087 3629 1298 3684 solliciti
1330 3630 1636 3696 metuimus,
1661 3645 1908 3685 somnum

324 3723 668 3778 immodicum
712 3723 1074 3791 exeludimus,
1099 3722 1411 3792 vigilamus,
1455 3737 1771 3793 semperque
1801 3722 1907 3777 Do-

323 3815 452 3869 mini
481 3815 894 3870 reminiscimur.
933 3813 1083 3882 Quod
1114 3822 1291 3868 autem
1323 3812 1435 3867 haec
1473 3828 1590 3866 mea
1621 3829 1724 3867 non
1768 3813 1902 3877 sint,

321 3909 416 3964 sed
448 3908 588 3963 beati
620 3908 798 3972 Pauli,
830 3909 1000 3976 ipsum
1027 3906 1171 3970 audi,
1204 3906 1405 3962 eisdem
1437 3906 1548 3961 fere
1568 3907 1746 3962 verbis
1773 3907 1904 3963 ﬁde-

321 4002 400 4056 les
417 4001 746 4057 dormientes
762 4001 1100 4055 excitantem.
1120 3999 1251 4054 Nam
1281 3999 1528 4069 Ephesiis
1554 4016 1674 4054 eum
1701 4001 1904 4054 scribe-

320 4103 423 4159 ret,
454 4093 530 4146 sic
559 4094 666 4146 ait:
701 4091 821 4145 Non
851 4101 922 4145 est
950 4091 1092 4145 nobis
1119 4091 1410 4145 colluctatio
1439 4092 1675 4145 adversus
1705 4107 1906 4144 carnem

321 4193 366 4237 et
406 4185 734 4254 sanguinem,
781 4184 870 4236 sed
912 4183 1151 4238 adversus
1195 4183 1507 4254 principatus
1531 4192 1579 4236 et
1606 4191 1902 4252 potestates,

321 4275 558 4330 adversus
587 4275 762 4328 mundi
785 4285 1001 4329 rectores
1031 4274 1342 4328 tenebrarum
1373 4274 1526 4344 hujus
1564 4273 1734 4328 διεσαιὶ
1755 4315 1769 4339 ,
1813 4273 1906 4326 ad-

322 4383 492 4422 versus
520 4368 808 4437 spiritualia
837 4367 1066 4437 nequitiae
1091 4367 1143 4420 in
1170 4367 1445 4420 cwlestibus
1473 4365 1687 4436 (Ephes.
1712 4365 1764 4420 6.
1790 4364 1900 4440 12).

323 4461 446 4516 Hinc
471 4471 646 4516 autem
677 4477 796 4514 cum
828 4461 1062 4525 diceret,
1097 4476 1201 4513 non
1223 4459 1453 4529 dejicere
1483 4460 1729 4514 studebat
1752 4459 1904 4513 audi-

325 4565 498 4607 tormn
537 4553 775 4617 animos,
806 4553 899 4607 sed
928 4553 1101 4621 potius
1129 4552 1354 4622 erigere.
1391 4552 1573 4606 Petrus
1597 4553 1719 4606 item
1751 4570 1762 4604 :
1799 4551 1903 4606 So-

319 4645 416 4698 ὺήὶ
460 4653 611 4698 estote
638 4654 682 4697 et
710 4644 938 4715 vigilate,
985 4644 1104 4713 quia
1133 4643 1448 4695 adversarius
1489 4652 1646 4695 vester
1675 4641 1904 4695 diabolus

320 4749 575 4808 tamquam
617 4737 693 4791 leo
723 4737 925 4807 rugiens
971 4736 1146 4789 circuit
1190 4752 1418 4806 quarens
1465 4753 1611 4807 quem
1661 4736 1903 4790 devoret:

320 4832 400 4883 cui
436 4830 648 4884 resistite
689 4834 842 4900 fortes
871 4830 923 4882 in
961 4829 1062 4889 ﬁde
1105 4829 1178 4897 (l.
1210 4826 1351 4882 Pctr.
1393 4828 1445 4882 5.
1478 4827 1557 4898 8).
1588 4827 1698 4881 Hoc
1727 4836 1904 4881 autem

319 4923 453 4976 dixit
480 4930 536 4975 ut
577 4937 674 4976 nos
714 4920 960 4976 fortiores
987 4918 1258 4986 efﬁceret,
1305 4929 1358 4973 et
1399 4919 1464 4974 ad
1497 4919 1751 4987 majorem
1784 4934 1902 4973 cum

323 5015 429 5068 Deo
455 5013 868 5070 familiaritatem
901 5012 1192 5067 induceret.
1216 5012 1314 5080 Qui
1341 5012 1481 5066 enim
1504 5011 1781 5066 imminere
1804 5011 1904 5065 sibi

319 5108 492 5161 cernit
521 5106 825 5172 inimicum,
859 5105 1047 5174 majori
1093 5105 1156 5158 ad
1189 5105 1337 5158 illum
1366 5105 1531 5159 currit
1560 5105 1846 5169 desiderio,
1875 5119 1904 5158 a

321 5214 426 5269 quo
451 5197 664 5255 defendi
693 5198 878 5267 possit.
915 5197 987 5251 Ita
1023 5196 1132 5251 fere
1162 5196 1388 5252 infantes
1417 5198 1600 5266 pueri,
1633 5212 1750 5251 cum
1779 5194 1906 5266 quid

323 5293 649 5348 horrendum
676 5292 940 5357 viderint,
987 5292 1052 5346 ad
1097 5302 1324 5346 matrum
1369 5293 1515 5346 sinus
1556 5293 1796 5362 protinus
1829 5293 1909 5346 fu-

321 5387 469 5455 giunt
491 5425 506 5451 ,
554 5385 872 5454 illarumque
902 5384 1194 5453 pendentes
1229 5384 1464 5439 vestibus
1489 5383 1568 5437 eis
1594 5398 1653 5437 se
1697 5393 1908 5438 tuentur

321 5496 384 5534 ac
411 5487 711 5549 protegunt,
741 5489 900 5548 atque
928 5478 996 5530 ita
1025 5485 1080 5532 ut
1106 5477 1302 5544 sepius
1328 5477 1718 5531 retrahentibus
1748 5475 1909 5544 pluri-

325 5573 426 5627 mis
468 5572 590 5626 inde
636 5572 790 5626 avelli
838 5588 942 5624 non
986 5569 1214 5638 possint.
1257 5569 1324 5622 At
1368 5583 1493 5621 vero
1522 5567 1732 5636 quando
1776 5566 1906 5620 nihil

322 5663 585 5736 ejusmodi
625 5664 930 5736 perturbat,
963 5677 1026 5714 ne
1052 5668 1304 5714 vocantes
1333 5658 1544 5728 quidem
1589 5657 1703 5711 illas
1741 5671 1908 5712 exau-

323 5756 511 5824 diunt,
554 5770 728 5826 neque
771 5753 905 5807 trahi
933 5751 1204 5819 patiuntur
1243 5767 1258 5804 :
1306 5753 1414 5806 imo
1455 5751 1782 5822 appellantes
1821 5766 1907 5808 re-

661 5863 922 5922 l‘nnoc.
969 5860 1085 5920 Gn.
1132 5858 1174 5916 Χ
1193 5857 1371 5918 [ΧΗ.

1233 305 1324 362 ΔΙ)
1359 303 1729 363 STAGIBIUM
1771 306 1810 359 Δ
1855 300 2153 359 ΒᾸΕΜΟΝΕ
2195 304 2547 364 VEXATUM.
2589 307 2717 365 LIB.
2750 311 2791 366 Ι.

3505 317 3612 373 454

2034 428 2250 488 spuunt,
2282 429 2337 476 et
2363 435 2484 477 cum
2528 421 2753 493 plurima
2779 424 2884 480 illze
2913 424 3216 494 moliantur,
3249 438 3305 483 ut
3345 428 3412 484 ad
3436 445 3496 486 se
3519 445 3612 485 eos

2032 510 2376 580 pertrahaut,
2434 529 2647 584 semper
2696 531 2786 571 eas
2834 526 3167 586 aversantur,
3213 521 3617 594 appositamque

2037 618 2275 658 mensam
2303 605 2622 676 despiciunt.
2651 607 2909 674 Quocirca
2939 620 3168 666 matrum
3199 613 3462 682 plurimae,
3492 630 3613 670 cum

2032 694 2160 748 nihil
2183 695 2512 752 obsecrando
2535 700 2792 769 proficere
2813 716 2872 755 se
2893 701 3141 770 viderint,
3167 703 3336 759 larvas
3356 709 3612 776 quasdam

2034 787 2375 859 horrorisque
2403 791 2650 861 ﬁgmenta
2682 803 2898 864 parant,
2941 804 3100 866 atque
3127 795 3244 853 illos
3285 798 3502 855 demum
3547 803 3613 856 ad

2033 879 2260 936 reditum
2306 882 2616 952 impellunt,
2656 886 3082 958 persuadentque
3104 889 3171 944 ad
3209 906 3270 946 se
3313 893 3504 947 iterum
3532 910 3591 949 re

2032 984 2268 1026 currere.
2298 972 2410 1027 lloc
2431 982 2608 1028 autem
2637 991 2743 1031 non
2773 977 2824 1030 in
2851 979 2980 1033 solis
3009 981 3188 1050 pueris
3215 983 3494 1054 contingit,
3521 985 3614 1039 sed

2029 1059 2190 1113 etiam
2229 1060 2283 1115 in
2309 1062 2482 1116 nobis.
2510 1063 2734 1129 Quando
2772 1067 2912 1120 enim
2953 1068 3216 1138 malignus
3240 1070 3327 1126 ille
3353 1080 3616 1140 perterret

2030 1162 2128 1202 nos
2140 1158 2298 1217 atque
2314 1153 2607 1221 perturbat,
2628 1163 2751 1209 tunc
2769 1155 2900 1226 frugi
2920 1157 3198 1225 efﬁcimur,
3219 1168 3342 1215 tunc
3361 1177 3458 1216 nos
3471 1163 3616 1232 ipsos

2032 1243 2368 1311 agnoscimus
2391 1286 2405 1310 ,
2441 1255 2565 1299 tunc
2595 1247 2661 1300 ad
2694 1247 2859 1303 Deum
2886 1250 3030 1303 omni
3059 1251 3235 1306 studio
3265 1253 3613 1308 recurrimus.

2028 1331 2180 1399 Quod
2191 1333 2235 1387 si
2252 1333 2462 1390 deletus
2475 1337 2542 1391 ab
2565 1338 2712 1392 initio
2729 1355 2954 1409 nequam
2972 1341 3057 1395 ille
3071 1340 3256 1397 fuisset
3273 1351 3432 1414 atque
3447 1345 3614 1400 subla-

2031 1433 2112 1478 tus
2124 1441 2154 1479 e
2168 1426 2361 1493 medio,
2380 1427 2603 1484 fortasse
2616 1446 2714 1485 nec
2728 1433 2992 1500 prmterita
3003 1434 3351 1490 credidissent
3367 1435 3608 1504 plurimi:

2030 1525 2155 1585 puta
2185 1517 2327 1587 quod
2357 1519 2624 1575 hominem
2652 1512 2954 1591 fefellisset,
2982 1524 3123 1594 quod
3152 1525 3304 1579 bouis
3330 1526 3434 1582 illis
3457 1527 3616 1581 innu.

2029 1611 2192 1664 meris
2223 1626 2345 1665 eum
2373 1612 2617 1682 cjccisset
2639 1657 2654 1681 ,
2704 1615 2976 1687 Deumque
3006 1618 3106 1673 hoc
3146 1618 3338 1673 invidia
3369 1629 3424 1674 et
3448 1620 3614 1674 livore

2027 1711 2352 1756 commotum
2405 1704 2592 1760 fecisse
2635 1706 3044 1762 arbitrarentur.
3096 1708 3320 1774 Quando
3361 1710 3502 1763 enim
3547 1725 3614 1762 ne

2028 1793 2189 1848 modo
2216 1794 2431 1864 quidem
2457 1795 2671 1862 desunt,
2697 1798 2786 1867 qui
2811 1808 2929 1868 post
2958 1809 3099 1852 tanta
3124 1799 3264 1855 illius
3288 1801 3612 1856 scductiouis

2029 1884 2221 1939 indicia
2270 1885 2323 1940 id
2371 1886 2570 1942 audent
2614 1887 2831 1944 dicere:
2865 1890 2909 1944 si
2944 1905 3046 1944 non
3094 1890 3236 1945 illius
3267 1892 3518 1962 nequitia:
3557 1901 3612 1946 et

2026 1987 2172 2031 astus
2218 1981 2585 2050 experimenta
2644 1983 2942 2051 cepissent,
2993 1983 3118 2053 quid
3171 2000 3275 2040 non
3316 1983 3608 2047 dixissent.

2027 2069 2156 2139 quid
2186 2085 2291 2125 non
2332 2072 2607 2143 obloquuti
2653 2073 2916 2130 fuissent?
2954 2074 3106 2143 Quod
3133 2075 3178 2130 si
3219 2076 3501 2147 diligenter
3529 2074 3613 2131 his

2025 2178 2144 2231 qua:
2169 2163 2302 2218 fiunt
2320 2165 2552 2220 animum
2583 2167 2859 2222 intendere
2882 2169 3128 2232 velimus,
3159 2168 3489 2224 inveniemus
3510 2168 3612 2222 mi-

2026 2253 2170 2310 nime
2213 2255 2279 2309 ad
2308 2257 2484 2310 omnia
2535 2272 2632 2311 nos
2671 2258 2940 2312 diabolum
2988 2259 3298 2328 impellere,
3350 2260 3444 2315 sed
3489 2275 3608 2314 cum

2026 2349 2372 2418 plurimorum
2423 2353 2510 2406 ille
2549 2353 2704 2408 nobis
2742 2354 2983 2424 lapsuum
3030 2355 3100 2409 sit
3143 2364 3346 2418 auctor.
3381 2355 3608 2424 plurima

2025 2440 2150 2496 item
2193 2445 2550 2512 nosmetipsos
2597 2460 2691 2514 per
2729 2458 2965 2500 noswam
2996 2446 3164 2500 solam
3210 2446 3506 2500 socordiam
3547 2461 3610 2501 ac

2024 2533 2398 2603 negligentiam
2445 2535 2572 2603 pati.
2602 2535 2701 2590 Ubi
2747 2536 2927 2601 enim,
2972 2544 3029 2590 ut
3071 2535 3137 2590 ad
3169 2536 3344 2605 priora
3373 2546 3609 2592 reverta-

2022 2639 2163 2688 mur,
2192 2623 2255 2678 ad
2284 2625 2409 2679 Cain
2438 2625 2706 2680 diabolum
2735 2627 3049 2693 accessisse,
3077 2626 3473 2698 fraternamque
3498 2641 3603 2681 ca:-

2021 2713 2144 2768 dem
2184 2716 2513 2785 suggessisse
2562 2715 2822 2786 legimus?
2849 2715 2982 2770 Nam
3022 2717 3179 2771 matri
3209 2716 3422 2786 quidem
3466 2716 3611 2772 illius

2023 2806 2167 2860 visus
2195 2815 2278 2861 est
2300 2806 2524 2877 loquens
2546 2806 2892 2877 fraudemque
2913 2807 3262 2874 concinnans,
3291 2807 3413 2862 huic
3433 2819 3607 2862 autem

2021 2899 2260 2962 minime,
2291 2899 2392 2952 nisi
2422 2900 2555 2954 forte
2580 2899 2842 2970 quispiam
2888 2899 3056 2954 malas
3086 2900 3232 2954 illum
3263 2901 3610 2970 cogitationes

2020 2992 2164 3047 dicat
2191 2993 2511 3055 immisisse;
2541 2993 2594 3047 id
2621 3003 2797 3047 tamen
2821 3001 2988 3047 totum
3017 2993 3160 3047 illius
3181 2994 3337 3062 culpa
3363 2992 3602 3065 contigit,

2018 3083 2108 3151 qui
2140 3091 2510 3152 suggerentem
2540 3082 2790 3147 admisit,
2833 3083 3012 3152 illique
3038 3083 3243 3152 paruit,
3273 3093 3432 3153 atque
3460 3084 3602 3153 prin-

2019 3175 2214 3241 cipiunt
2268 3175 2353 3230 sui
2409 3172 2692 3227 invadendi
2763 3174 3024 3243 praestitit.
3079 3174 3330 3230 Attamen
3384 3190 3482 3230 nec
3528 3175 3605 3230 sic

2019 3264 2166 3318 illum
2205 3264 2408 3318 dimisit
2445 3265 2617 3331 Deus,
2656 3280 2842 3320 verum
2883 3280 2948 3320 ex
2984 3265 3083 3333 iis,
3124 3281 3220 3336 per
3252 3281 3371 3337 qua:
3416 3269 3605 3336 punire

2017 3355 2314 3420 videbatur,
2333 3355 2622 3410 admonere
2649 3355 2822 3425 potius
2838 3365 2996 3426 atque
3017 3358 3288 3426 corripere
3303 3373 3407 3412 non
3422 3359 3600 3413 desiit.

2088 3446 2172 3500 Ea:
2192 3447 2402 3501 historia
2423 3448 2598 3500 diluvii
2621 3447 2983 3517 providentiam
3011 3446 3108 3503 Dei
3129 3450 3365 3507 ostendit.
3383 3481 3454 3491 —
3468 3450 3602 3520 Quid

2015 3547 2191 3593 autem
2214 3539 2344 3592 Cain
2371 3539 2466 3592 viri
2490 3539 2644 3592 unius
2670 3537 2985 3608 supplicium
3006 3538 3147 3607 dico,
3173 3541 3599 3611 quandoquidem

2016 3631 2175 3685 etiam
2199 3631 2478 3695 diluvium,
2505 3631 2554 3684 in
2579 3646 2682 3700 quo
2707 3639 2783 3684 tot
2809 3631 3021 3700 periere
3042 3632 3162 3697 viri,
3193 3633 3284 3687 Dei
3307 3633 3460 3689 nobis
3483 3648 3605 3703 pro-

2018 3723 2304 3778 videntiam
2333 3723 2671 3792 apertissime
2697 3731 2872 3794 potest
2891 3738 3132 3778 asserere
3151 3723 3174 3777 ?
3195 3723 3428 3778 Primum
3460 3726 3600 3780 enim

2017 3830 2121 3870 non
2153 3823 2354 3869 temere
2385 3830 2556 3885 neque
2577 3815 2845 3884 insperate
2871 3813 3172 3884 huiusmodi
3199 3815 3335 3870 mala
3365 3815 3596 3880 induxit,

2015 3907 2109 3962 sed
2138 3909 2250 3962 fore
2276 3906 2554 3976 praedixit:
2589 3906 2749 3976 idque
2776 3920 2880 3960 non
2903 3916 3026 3960 ante
3053 3905 3213 3961 breve
3244 3917 3471 3974 tempus.
3504 3907 3597 3960 sed

2013 4009 2138 4053 ante
2164 4009 2384 4054 centum
2413 4006 2467 4053 et
2495 3998 2676 4068 viginti
2708 4012 2896 4053 annos.
2943 3997 3076 4052 Tum
3105 4012 3252 4062 vero,
3294 4013 3362 4052 ne
3384 4013 3448 4052 ex
3481 3997 3596 4052 loo-

2011 4093 2248 4162 gitudine
2280 4091 2638 4160 praedictionis
2679 4091 2732 4145 in
2761 4091 3082 4146 oblivionem
3113 4105 3176 4146 ac
3222 4091 3595 4162 negligentiam

2013 4185 2311 4238 inciderent
2338 4223 2352 4245 ,
2397 4182 2646 4237 aediﬁcari
2676 4197 2856 4237 arcam
2889 4183 2940 4236 in
2971 4182 3139 4237 oculis
3177 4184 3414 4236 omnium
3461 4199 3596 4253 prir-

2011 4275 2185 4343 cepit,
2228 4287 2360 4327 voce
2391 4275 2534 4326 omni
2562 4273 2760 4328 clarius
2796 4274 3149 4340 clamantem,
3187 4275 3388 4344 Deique
3419 4275 3592 4330 minas

2011 4365 2260 4420 omnibus
2291 4364 2716 4418 annuntiantem.
2749 4364 2879 4419 Cain
2907 4365 3104 4434 quippe
3132 4365 3406 4420 hominum
3439 4382 3591 4421 men-

2015 4459 2153 4514 tibus
2180 4457 2492 4522 exciderat;
2525 4456 2612 4511 illa
2645 4471 2770 4511 vero
2789 4467 2912 4510 ante
2939 4458 3179 4510 omnium
3205 4457 3392 4513 oculos
3421 4459 3593 4528 posita

2009 4553 2206 4623 jugiter
2245 4551 2638 4606 imminentium
2665 4549 2764 4604 sibi
2797 4550 3056 4603 malorum
3081 4549 3202 4603 illos
3229 4549 3584 4605 admonebat:

2013 4661 2110 4702 nec
2139 4647 2215 4701 sic
2255 4655 2429 4700 tamen
2456 4644 2532 4698 illi
2561 4642 2828 4698 emendati
2868 4651 3009 4707 sunt,
3039 4642 3131 4696 sed
3157 4642 3209 4697 in
3236 4643 3377 4698 vitiis
3403 4659 3587 4712 perse-

2011 4749 2351 4803 veraverunt,
2390 4736 2647 4807 supplicia
2670 4735 2902 4804 sibiipsis
2923 4733 3319 4790 consciscentes
3339 4742 3498 4806 atque
3519 4746 3599 4791 at-

2015 4831 2307 4885 trahentes.
2342 4829 2480 4882 Deus
2515 4827 2655 4881 enim
2685 4826 2937 4880 diluvium
2967 4827 3136 4894 ipsum
3174 4840 3347 4896 neque
3375 4828 3600 4881 commi-

2013 4921 2126 4976 nari
2158 4963 2172 4986 ,
2205 4935 2374 4988 neque
2420 4917 2620 4997 inferre
2662 4917 2938 4983 voluisset,
2977 4917 3130 4971 sicuti
3174 4932 3271 4971 nec
3298 4917 3595 4988 gehennam

2012 5015 2206 5086 ipsam.
2237 5012 2434 5068 Verum
2465 5012 2702 5067 omnium
2752 5025 2850 5066 nos
2876 5011 2976 5080 ipsi
3017 5011 3171 5066 nobis
3197 5026 3356 5067 causa
3386 5028 3598 5070 sumus.-

2012 5104 2154 5176 quod
2194 5118 2314 5158 cum
2353 5103 2779 5172 sapientissimus
2821 5100 3036 5171 quidam
3077 5100 3319 5168 videret,
3351 5102 3598 5158 dicebat:

2015 5195 2152 5250 Deus
2181 5203 2390 5248 mortem
2416 5210 2515 5247 non
2546 5193 2684 5264 fecit,
2712 5209 2800 5246 nec
2826 5193 3024 5245 laztatur
3045 5192 3096 5244 in
3128 5194 3406 5263 perditione
3432 5195 3602 5249 viven-

2015 5289 2138 5340 tium
2181 5285 2351 5356 (Sap.
2384 5286 2434 5339 l.
2469 5284 2590 5354 l5).
2625 5285 2700 5338 Ac
2727 5284 2866 5337 Deus
2897 5283 3010 5352 ipsc
3037 5299 3132 5354 per
3163 5284 3472 5353 pr0phetam
3505 5286 3597 5338 ait:

2017 5377 2156 5432 Nolo
2197 5388 2406 5430 mortem
2452 5375 2728 5445 peccatoris
2753 5414 2767 5438 ,
2800 5375 2888 5428 sed
2929 5383 2984 5428 ut
3033 5384 3354 5428 convertatur
3380 5385 3426 5429 et
3472 5378 3599 5430 vivat

2017 5471 2256 5544 (Ezech.
2319 5469 2406 5524 18.
2456 5469 2582 5538 25).
2619 5469 2690 5522 At
2731 5482 2857 5521 vero
2904 5483 3003 5521 nos
3046 5467 3147 5520 nisi
3194 5479 3597 5528 convertat-nor.

2018 5563 2412 5619 damnationem
2459 5561 2616 5615 nobis
2658 5561 2786 5630 ipsis
2815 5559 2954 5613 ultro
2986 5568 3323 5630 mortemque
3359 5557 3602 5625 congeri-

2017 5671 2156 5721 mus,
2192 5669 2294 5709 non
2327 5654 2467 5707 Deus
2488 5652 2580 5721 qui
2616 5667 2712 5704 nos
2738 5650 2914 5718 perire
2941 5650 3203 5715 noluerat,
3237 5650 3431 5719 quippe
3462 5647 3600 5702 viam

2019 5746 2306 5818 effugiendi
2335 5744 2487 5799 nobis
2527 5740 2857 5798 ostenderat.
2902 5741 3112 5811 Ergone
3141 5741 3188 5794 id
3229 5740 3401 5794 solum
3436 5736 3600 5792 hahe.

3197 5834 3273 5893 ‘23
