4124 6144
530 318 600 373 35
1233 298 1291 356 5.
1328 294 1602 356 JOANNIS
1638 284 2112 347 CllliYSOSTOMl
2151 278 2470 337 ARClllEP.
2500 269 3034 332 CONSTANTINOP.

498 461 639 515 nuis,
667 442 805 515 quod
844 441 910 496 de
938 433 1140 493 diluvio
1178 430 1357 487 dicere
1387 426 1678 515 possimus,
1723 414 1972 515 nullaque
1998 431 2063 471 ex

497 555 564 595 eo
594 509 851 607 prodiisse
870 526 1226 585 emolumenta
1254 516 1533 575 dicemus?
1561 513 1670 569 Dici
1698 509 1935 585 profecto
1963 521 2068 562 non

500 600 675 698 potest
712 629 965 692 quantum
997 614 1235 670 utilitatis
1276 619 1332 667 et
1375 610 1440 664 iis
1464 607 1555 679 qui
1592 606 1684 660 illa
1729 600 2072 658 inundatione

501 689 744 788 periere,
765 723 819 766 et
844 707 1052 764 ezeteris
1077 704 1166 776 qui
1192 710 1373 773 postea
1393 701 1539 754 fuere
1558 737 1572 762 ,
1603 695 1725 751 inde
1749 689 2071 764 provenerit.

501 781 581 862 illi
627 804 769 860 enim
815 799 1035 856 ulterius
1072 796 1126 851 in
1147 794 1288 848 vitiis
1326 805 1390 846 ac
1422 787 1634 857 ï¬‚agitiis
1672 781 1917 854 progredi
1953 794 2075 849 per-

504 898 652 954 missi
681 910 786 950 non
811 893 1058 954 fuerunt;
1085 890 1173 959 qui
1203 899 1374 941 autem
1404 891 1521 954 post
1546 881 1666 934 illos
1694 875 1904 948 sequuti
1930 880 2072 937 sunt,

502 987 706 1058 majora
731 999 891 1055 quam
938 981 1013 1036 illi
1043 981 1188 1034 lucra
1213 975 1509 1032 retulerunt
1530 1012 1546 1040 ,
1595 970 1895 1032 fermento,
1926 974 1983 1020 ut
2004 965 2079 1018 ita

441 1121 447 1128 .
505 1057 752 1140 dixerim,
780 1072 1114 1140 materiaque
1145 1067 1404 1122 malorum
1432 1079 1465 1119 e
1519 1060 1697 1116 medio
1735 1057 1956 1113 sublatis
1979 1070 2075 1110 ex-

508 1167 823 1234 stinctisque
850 1159 1234 1233 peccatoribus.
1259 1155 1392 1211 Nam
1422 1153 1468 1208 si
1507 1152 1665 1206 etiam
1687 1148 1804 1204 sine
1827 1145 2081 1214 exemplis

495 1257 646 1312 mala
678 1233 924 1310 homines
962 1265 1060 1320 per
1100 1263 1160 1303 se
1192 1246 1350 1301 facile
1380 1243 1674 1305 inveniunt,
1711 1237 1836 1307 quid
1865 1251 1969 1290 non
1999 1233 2081 1287 fa-

494 1348 645 1402 cturi
690 1351 877 1407 erant,
925 1341 969 1396 si
1000 1339 1346 1411 plurimorum
1378 1331 1621 1401 exemplo
1646 1328 1711 1383 ad
1759 1326 2084 1397 perniciosos

508 1446 658 1492 actus
683 1433 887 1489 invitati
916 1429 1172 1486 fuissent?
1197 1425 1347 1494 Quod
1382 1424 1561 1495 utique
1587 1436 1655 1475 ne
1690 1421 1844 1472 lieret
1866 1458 1881 1481 ,
1914 1430 1980 1470 ne
2008 1423 2086 1469 tot

508 1527 770 1581 scelerum
798 1522 1079 1591 magistros
1103 1517 1178 1583 hi,
1208 1516 1295 1586 qui
1323 1522 1504 1583 postea
1525 1509 1686 1566 futuri
1717 1515 1889 1577 erant,
1919 1504 2086 1558 babe-

510 1624 653 1683 rent,
686 1629 780 1670 eos
806 1626 992 1668 omnes
1020 1625 1122 1665 una
1145 1606 1395 1680 perdidit.

580 1710 635 1764 5.
679 1707 870 1763 Verum
899 1705 1196 1767 enimvero,
1225 1711 1467 1768 quaenam
1494 1706 1577 1751 est
1607 1695 1817 1748 illorum
1845 1692 2084 1762 sapiens,

513 1799 621 1853 imo
643 1798 794 1867 plena
814 1794 1047 1851 stultitia:
1066 1791 1218 1854 ratio,
1250 1789 1339 1858 qui
1364 1802 1482 1841 cum
1515 1784 1645 1839 nihil
1670 1784 1793 1840 boni
1822 1796 1978 1853 agere
1999 1795 2093 1835 ve-

515 1891 631 1954 lint,
659 1888 837 1942 omnia
866 1883 1177 1955 perquirunt
1203 1889 1258 1937 et
1284 1880 1465 1934 dicunt
1486 1918 1502 1944 ,
1537 1884 1593 1931 ut
1620 1889 1837 1930 suorum
1862 1873 2089 1928 delicto-

517 1994 633 2033 rum
655 1992 872 2032 causam
893 1974 959 2029 ad
975 1977 1138 2029 Deum
1166 1972 1429 2026 referant?
1449 1968 1562 2023 Nisi
1580 1967 1911 2039 permisisset
1926 1965 2087 2031 Deus,

517 2071 690 2133 aiunt,
738 2080 1066 2137 nequaquam
1106 2062 1418 2117 accessisset
1472 2052 1760 2122 diabolus,
1805 2068 2090 2125 numquam

519 2162 819 2230 decepisset
863 2159 929 2213 ab
974 2157 1145 2212 initio.
1189 2153 1295 2208 Sed
1337 2166 1508 2220 neque
1549 2148 1883 2219 cognovisset
1924 2145 2091 2200 Adam

519 2261 775 2321 quantum
800 2249 925 2303 boni
949 2256 1071 2303 ante
1100 2243 1403 2306 habuisset,
1454 2254 1627 2309 neque
1652 2252 1802 2293 suam
1830 2235 1972 2290 illam
2004 2250 2091 2288 ar-

521 2341 814 2412 rogantiam
841 2352 1088 2408 umquam
1115 2333 1458 2389 deseruisset.
1482 2329 1583 2396 Qui
1616 2328 1757 2383 enim
1779 2326 2011 2396 seipsum
2039 2324 2094 2379 in

488 2440 725 2487 .tantum
768 2430 976 2485 culmen
1021 2425 1239 2481 honoris
1282 2429 1565 2486 erexerat,
1610 2428 1669 2473 ut
1707 2416 1823 2472 fieri
1851 2431 1909 2472 se
1936 2415 2093 2469 deum

528 2528 858 2592 expectaret,
890 2532 995 2589 quo
1024 2532 1128 2571 non
1151 2513 1481 2584 prorupisset
1505 2508 1759 2573 audaciai,
1786 2505 1886 2560 nisi
1915 2504 2099 2558 fuisset

528 2614 593 2666 ad
616 2626 798 2667 sanam
823 2616 1053 2664 mentem
1071 2603 1356 2660 reductus?
1374 2602 1659 2670 Fingamus
1680 2598 1810 2651 nihil
1829 2594 2097 2650 diabolum

525 2701 871 2763 consuluisse,
902 2697 1140 2765 nihilque
1166 2694 1376 2764 penitus
1401 2692 1523 2745 Evte
1554 2690 1621 2743 de
1653 2689 1794 2757 ligno
1821 2687 2097 2755 loquutum

528 2791 692 2846 fuisse
718 2807 732 2845 :
761 2805 885 2843 num
913 2789 1027 2842 sine
1066 2793 1282 2855 peccato
1308 2782 1699 2852 perstitissent,
1743 2778 1788 2832 si
1825 2776 1964 2832 istud
1993 2790 2097 2830 non

529 2885 602 2937 ita
643 2880 986 2951 contigisset?
1022 2878 1236 2932 Minime
1276 2889 1401 2930 vero
1431 2891 1444 2927 :
1479 2888 1599 2926 nam
1636 2871 1720 2925 cui
1766 2869 1955 2925 mulier
1995 2877 2099 2922 tam

529 2974 685 3029 facile
728 2971 869 3042 quod
900 2971 1112 3025 volebat
1157 2967 1461 3038 persuasit,
1504 2966 1659 3035 ipse,
1704 2964 1863 3018 etiam
1889 2959 2101 3016 diabolo

533 3081 641 3122 non
666 3066 958 3122 exsistente
975 3102 991 3131 ,
1018 3078 1083 3117 ex
1111 3062 1288 3130 seipse
1314 3057 1705 3129 quamprimum
1748 3055 1800 3109 in
1830 3061 2102 3123 peccatum

530 3159 841 3224 corruisset,
870 3170 976 3227 quo
1001 3154 1184 3224 majori
1206 3167 1418 3223 quoque
1440 3164 1594 3221 ptena
1618 3147 1861 3203 mulctari
1882 3145 2105 3200 meruis-

535 3261 638 3305 set.
671 3248 935 3303 Praeterea
961 3260 1027 3299 ne
1050 3259 1190 3299 nunc
1214 3242 1427 3313 quidem
1460 3239 1655 3295 diaboli
1679 3237 1844 3293 solius
1867 3235 1964 3290 fuit
1985 3249 2103 3289 om-

536 3342 619 3395 nis
638 3342 720 3395 illa
748 3339 1010 3403 seductio,
1038 3335 1135 3391 sed
1161 3349 1255 3388 sua
1277 3334 1437 3389 etiam
1463 3325 2108 3399 concupiscentiamulier

536 3441 781 3500 corrupta
810 3431 1006 3484 corruit
1027 3469 1043 3493 ,
1077 3435 1242 3495 atque
1268 3425 1368 3479 hoc
1396 3422 1670 3492 Scriptura
1695 3435 1846 3474 sacra
1876 3418 2104 3483 indicat,

536 3537 656 3591 qua:
683 3520 843 3574 dicit:
882 3516 1120 3584 Viditque
1142 3514 1321 3568 mulier
1361 3512 1495 3584 quod
1520 3511 1706 3565 bonum
1756 3517 1879 3563 esset
1918 3508 2111 3577 lignum

538 3612 607 3665 ad
646 3608 889 3665 edendum
907 3648 921 3673 ,
949 3616 1242 3677 gratumque
1283 3603 1441 3658 oculis
1465 3603 1532 3655 ad
1559 3599 1826 3654 uidendum
1852 3638 1866 3660 ,
1908 3613 1973 3650 ac
1998 3612 2111 3666 spe-

538 3705 728 3757 ciosum
753 3700 820 3753 ad
846 3696 1297 3753 considerandum:
1327 3702 1371 3749 et
1395 3693 1644 3763 accipiens
1671 3691 1733 3745 de
1763 3694 1930 3761 fructu
1971 3689 2113 3744 illius

540 3793 752 3849 comedit
798 3788 946 3861 (Gen.
990 3788 1044 3842 5.
1076 3786 1168 3858 6).
1212 3785 1391 3853 Neque
1431 3797 1557 3837 vero
1592 3796 1690 3850 ego
1719 3795 1859 3834 nunc
1892 3780 1988 3832 ista
2029 3778 2113 3832 Î¹Î¿Î‡
2164 3816 2168 3821 .

545 3900 682 3955 quor
706 3883 854 3952 quasi
879 3879 1146 3936 diabolum
1188 3875 1497 3931 insidiarum
1535 3871 1845 3926 criminibus
1889 3882 2115 3938 purgare

542 3973 780 4042 cupiens,
812 3969 904 4026 sed
932 3968 1165 4023 indicare
1190 3966 1372 4021 volens
1398 3977 1511 4027 eos,
1541 3960 1641 4014 nisi
1671 3965 1861 4029 sponte
1894 3956 2118 4012 cecidis-

547 4075 688 4132 sent,
715 4081 744 4118 a
773 4062 985 4118 nemine
1009 4072 1257 4128 umquam
1284 4055 1518 4126 potuisse
1536 4052 1713 4121 dejiei.
1736 4049 1867 4105 Nam
1893 4051 1981 4120 qui
2008 4060 2115 4102 tam

547 4157 702 4212 facile
731 4155 1064 4225 propinatam
1094 4149 1193 4204 sibi
1234 4148 1301 4202 ab
1330 4146 1499 4225 aLtero
1543 4143 1808 4198 fallaciam
1848 4140 2113 4210 suscepit,

548 4204 700 4212 á¼®---
732 4204 949 4225 Ï„Î·Ï„Î·Î·
2003 4204 2022 4210 _

548 4249 594 4302 is
631 4255 755 4302 ante
797 4243 1058 4299 fallaciam
1097 4204 1423 4309 negligentei
1449 4244 1505 4291 et
1523 4235 1743 4290 remisse
1769 4249 1829 4288 se
1870 4231 2119 4287 habuisse

548 4336 875 4399 ostenditur;
905 4347 1075 4403 neque
1118 4332 1260 4387 enim
1289 4336 1488 4383 tantum
1517 4326 1605 4380 ille
1636 4324 1921 4395 potuisset,
1951 4322 1997 4376 si
2034 4336 2118 4377 so-

549 4429 720 4484 brium
747 4426 1155 4497 vigilantemque
1179 4421 1413 4476 animum
1447 4418 1749 4487 alloquutus
1787 4420 1950 4469 esset.
1986 4410 2122 4469 Sunt

559 4530 734 4575 autem
765 4514 1013 4588 plurimi,
1041 4513 1130 4584 qui
1159 4513 1210 4566 in
1257 4511 1354 4565 hac
1397 4509 1548 4579 parteâ€œ
1589 4504 1845 4561 confutati
1864 4544 1880 4569 ,
1910 4500 2124 4557 diabolo

552 4613 747 4665 omisso
768 4647 782 4673 ,
809 4609 875 4661 ad
903 4604 1205 4660 mandatum
1233 4607 1544 4664 transeunt,
1577 4610 1631 4651 et
1660 4610 1781 4650 cum
1812 4609 1840 4646 a
1869 4598 2123 4662 peccante

552 4701 766 4754 homine
791 4697 1124 4759 abstineant,
1156 4693 1266 4746 Deo
1294 4691 1498 4745 crimen
1521 4686 1818 4756 impingunt
1845 4682 2081 4736 dicentes
2105 4696 2118 4732 :

552 4789 688 4858 Quid
718 4788 860 4842 enim
879 4784 958 4839 eis
985 4791 1300 4853 praeceptum
1329 4779 1507 4843 dabat,
1535 4790 1668 4847 quos
1693 4781 2000 4844 peccaturos
2025 4784 2127 4824 no-

560 4875 742 4932 verat?
770 4875 872 4929 Ista
894 4887 1081 4928 revera
1120 4878 1243 4926 sunt
1269 4866 1467 4923 diaboli
1490 4865 1672 4931 verba,
1700 4872 1754 4919 et
1778 4863 1956 4934 impia:
1976 4875 2125 4914 men-

557 4969 624 5021 tis
649 4967 882 5020 inventa.
904 4961 1035 5017 Nam
1062 4959 1200 5030 quod
1226 4964 1547 5028 praeceptum
1575 4955 1705 5009 dare
1731 4954 1887 5025 longe
1907 4949 2127 5021 majoris

559 5052 907 5125 providentiae
934 5052 1001 5105 sit
1020 5064 1179 5120 quam
1210 5063 1313 5103 non
1334 5046 1484 5114 dare,
1511 5044 1635 5099 hinc
1653 5044 1825 5114 palam
1848 5052 1948 5097 est.
1973 5040 2126 5108 Esto,
2166 5074 2169 5083 Î¹

559 5146 728 5204 Adam
756 5144 1028 5198 voluntate
1053 5149 1108 5196 et
1131 5141 1308 5194 animo
1337 5147 1441 5193 tam
1474 5134 1757 5206 negligenti
1779 5175 1793 5202 ,
1821 5148 1978 5204 quam
2009 5130 2127 5187 finis

564 5235 831 5301 ostendit,
862 5233 1063 5288 nullum
1093 5231 1344 5298 suscipiat
1369 5226 1673 5283 mandatum
1693 5264 1708 5287 ,
1736 5222 1828 5277 sed
1851 5223 1902 5276 in
1927 5220 2131 5276 deliciis

572 5326 820 5397 persistat
845 5341 858 5378 :
892 5337 1015 5377 num
1043 5320 1374 5376 imbecillitas
1401 5327 1557 5387 atque
1583 5313 1896 5384 negligentia
1934 5326 2001 5365 ex
2027 5309 2128 5363 hu-

563 5415 796 5488 jusmodi
821 5412 1031 5468 licentia
1057 5411 1121 5465 ad
1151 5409 1387 5472 meliora,
1418 5422 1482 5460 an
1513 5404 1579 5459 ad
1604 5403 1866 5459 deteriora
1896 5415 2134 5471 prorum-

568 5506 697 5579 pet?
724 5504 912 5574 Liquet
942 5502 1177 5573 profecto
1203 5500 1351 5554 illum
1377 5497 1441 5551 ad
1465 5510 1729 5550 summum
1765 5491 2027 5561 fastigium
2051 5490 2132 5542 vi-

571 5602 762 5655 tiorum
792 5609 1094 5659 evasurum,
1122 5592 1167 5646 si
1189 5591 1387 5661 absque
1416 5602 1541 5643 cura
1567 5587 1649 5641 sit.
1682 5584 1812 5640 Nam
1845 5582 1888 5637 si
1911 5580 2134 5639 necdum

572 5692 640 5747 de
691 5688 1084 5745 immortalitate
1143 5697 1399 5750 securus,
1457 5695 1679 5752 eamque
1722 5692 1868 5750 spem
1920 5674 2132 5731 dubiam

3636 262 3744 318 Â£36

2178 392 2408 465 pendere
2436 405 2541 446 non
2569 390 2818 458 ignorans
2843 427 2857 450 ,
2889 386 2942 440 in
2972 391 3167 439 tantam
3205 378 3562 451 arrogantiam
3585 385 3752 447 atque

2174 484 2462 541 amentiam
2489 481 2657 536 elatus
2685 489 2787 546 est,
2817 489 2873 534 ut
2896 478 3025 534 deus
3052 475 3169 531 fieri
3193 483 3437 545 speraret
3460 510 3478 537 ,
3503 469 3752 541 istudque

2175 592 2296 634 cum
2324 575 2376 631 id
2422 573 2816 645 promittentem
2843 569 2986 625 nulla
3028 585 3093 623 ex
3144 575 3293 637 parte
3320 563 3530 620 ï¬delem
3560 578 3755 619 cerne-

2177 675 2261 723 ret
2297 663 2387 721 :si
2433 678 2674 737 securam
2712 660 3156 716 immortalitatem
3200 663 3473 727 putasset,
3515 669 3621 723 quo
3646 667 3757 709 non

2179 770 2493 829 progressus
2543 762 2688 811 esset
2721 749 3077 822 arrogantiae?
3113 748 3239 819 quid
3277 761 3385 802 non
3434 744 3759 816 peccasset!

2179 849 2514 921 quandonam
2562 848 2674 903 Deo
2713 840 3171 913 obtemperasset?
3212 839 3292 894 Tu
3320 853 3450 893 vero
3492 837 3619 893 dum
3651 837 3755 892 ista

2182 940 2499 1003 criminaris,
2524 938 2662 992 idem
2688 935 2926 1006 profecto
2946 932 3072 988 facis
3090 972 3106 998 ,
3132 945 3197 986 ae
3231 928 3278 984 si
3305 928 3425 999 quis
3451 926 3761 983 fornicatioâ€”

2184 1046 2305 1086 nem
2333 1029 2700 1100 prohibentem
2729 1023 3178 1095 reprehenderet,
3212 1020 3334 1076 ideo
3360 1018 3501 1089 quod
3542 1017 3760 1087 plurimi

2186 1125 2284 1179 ista
2329 1123 2602 1178 audientes
2647 1117 2957 1175 fornicaturi
2996 1122 3196 1171 essent.
3246 1111 3435 1168 Nonne
3479 1118 3603 1166 sunt
3645 1109 3766 1164 lure

2185 1215 2346 1271 verba
2387 1224 2639 1268 extrema:
2684 1207 3003 1265 dementim?
3041 1206 3096 1261 Si
3144 1205 3287 1260 enim
3334 1201 3479 1256 nullo
3513 1199 3765 1255 mandato

2192 1313 2441 1373 suscepto
2467 1301 2711 1355 diabolus
2739 1297 2805 1352 ad
2834 1297 2979 1350 illum
3026 1292 3288 1349 accedens
3315 1289 3568 1346 recedere
3590 1304 3622 1342 a
3652 1288 3764 1342 Deo

2188 1393 2565 1455 consuluisset,
2594 1389 2647 1444 id
2675 1390 2748 1443 illi
2780 1387 2933 1442 facile
2957 1383 3333 1455 persuasisset.
3361 1380 3491 1435 Nam
3521 1379 3611 1449 qui
3643 1385 3766 1448 post

2188 1494 2461 1554 acceptum
2489 1481 2797 1538 mandatum
2820 1476 3211 1550 prmeipientem
3237 1475 3315 1528 sic
3341 1470 3659 1540 contempsit
3675 1510 3690 1531 ,
3718 1469 3767 1524 si

2194 1576 2327 1631 nihil
2371 1575 2438 1630 ab
2465 1575 2554 1629 illo
2581 1572 2799 1644 penitus
2827 1568 3098 1633 audisset,
3129 1565 3236 1621 cito
3264 1564 3422 1619 etiam
3447 1577 3507 1617 se
3547 1561 3647 1616 sub
3671 1560 3770 1613 do.

2194 1664 2340 1723 mino
2365 1680 2488 1721 esse
2519 1664 2831 1734 ignorasset.
2855 1659 3054 1713 Idcirco
3075 1663 3279 1711 mature
3301 1654 3440 1708 Deus
3462 1668 3529 1707 ex
3556 1651 3621 1706 iis
3648 1663 3770 1720 quas

2196 1756 2465 1827 praecipit,
2492 1752 2647 1807 docet
2668 1751 2864 1806 habere
2884 1749 3031 1803 illum
3055 1745 3351 1809 dominum,
3379 1743 3433 1797 in
3456 1741 3772 1810 cunctisque

2195 1851 2271 1906 illi
2293 1863 2481 1919 parere
2501 1853 2768 1916 oportere.
2800 1842 2868 1897 Et
2900 1840 3024 1912 quid
3053 1838 3279 1908 amplius
3312 1836 3437 1891 hinc
3462 1842 3770 1904 sequutum,

2194 1938 2480 2011 inquiunt?
2529 1936 2747 1992 Etiamsi
2791 1934 2922 1988 nihil
2962 1931 3103 1986 aliud
3145 1937 3424 2001 sequutum
3452 1935 3633 1991 esset,
3663 1939 3773 1980 non

2196 2033 2249 2088 id
2270 2030 2479 2087 docenti
2507 2029 2614 2084 Deo
2637 2036 2780 2082 esset
2807 2023 3166 2094 imputandum
3188 2062 3202 2086 ,
3231 2018 3324 2075 sed
3358 2017 3531 2088 potius
3571 2014 3775 2069 homini

2198 2139 2303 2179 non
2337 2119 2642 2190 suscipienti
2686 2116 2940 2186 optimam
2991 2113 3131 2167 hanc
3169 2109 3524 2181 disciplinam.
3573 2105 3776 2161 Verum

2200 2231 2268 2269 ne
2303 2215 2382 2268 sic
2422 2211 2636 2283 quidem
2680 2208 2880 2263 inutilis
2921 2206 3055 2272 fuit,
3107 2204 3266 2259 etiam
3310 2210 3432 2272 post
3459 2199 3777 2271 praevarica-

2201 2306 2436 2369 tionem,
2499 2299 2750 2372 prircepti
2794 2297 3068 2354 exbibitio.
3120 2294 3306 2350 Nonne
3365 2293 3469 2347 illa:
3516 2289 3774 2354 latebrte,

2203 2397 2290 2450 illa
2315 2393 2580 2450 confessio
2618 2391 2832 2457 delicti,
2881 2390 2970 2443 illa
3012 2387 3110 2441 viri
3136 2386 3200 2441 ad
3231 2385 3507 2440 mulierem
3535 2422 3550 2447 ,
3580 2381 3779 2436 mulie-

2203 2487 2382 2557 risque
2448 2484 2516 2539 ad
2582 2490 2881 2552 serpentem
2947 2478 3182 2534 studiosa
3235 2491 3411 2533 causa:
3477 2473 3773 2529 traductio:

2204 2579 2326 2643 illa,
2372 2576 2617 2647 inquam,
2660 2573 2839 2628 omnia
2884 2568 3229 2626 metuentium
3284 2574 3408 2622 sunt
3452 2574 3613 2636 atque
3663 2574 3781 2618 tre-

2208 2670 2485 2735 mentium,
2518 2668 2717 2737 Deique
2742 2664 3112 2720 auctoritatem
3136 2657 3579 2733 agnoscentium?
3611 2657 3783 2713 Porro

2205 2767 2459 2830 quantum
2486 2757 2619 2812 lucri
2651 2755 2807 2810 fuerit
2825 2770 2889 2810 ex
2914 2752 3172 2808 diabolica
3195 2751 3279 2805 illa
3297 2748 3694 2818 exspectatione
3721 2747 3777 2801 in

2209 2859 2407 2907 tantum
2437 2847 2639 2903 timoris
2666 2846 2785 2900 illos
2813 2844 2972 2899 fuisse
3003 2841 3287 2897 translatos
3307 2881 3322 2904 ,
3351 2838 3530 2893 nullus
3551 2838 3784 2906 ignorat.

2209 2941 2306 3009 Qui
2326 2939 2463 2993 enim
2480 2936 2833 3007 aequalitatem
2853 2949 2972 2988 cum
2992 2932 3101 2987 Deo
3120 2931 3266 3001 prius
3288 2929 3569 2984 meditatus
3589 2927 3784 2990 fuerat,

2211 3032 2326 3102 ipse
2349 3029 2459 3097 jam
2493 3029 2564 3082 ita
2590 3023 3004 3081 contrahebatur
3033 3020 3322 3085 humiliter,
3354 3027 3411 3072 ut
3434 3032 3644 3088 poenam
3665 3031 3790 3070 cru-

2210 3123 2513 3189 ciatumque
2538 3122 2821 3180 metueret,
2851 3128 2914 3168 ac
2941 3121 3211 3183 peccatum
3241 3108 3585 3164 confiteretur
3606 3120 3785 3160 suum.

2212 3215 2283 3267 At
2319 3225 2446 3266 vero
2475 3224 2580 3263 non
2601 3207 2804 3276 absque
2832 3219 2993 3259 sensu
3023 3216 3266 3272 peccare,
3295 3200 3652 3266 delictumque
3676 3195 3787 3249 cito

2212 3317 2503 3375 agnoscere
2525 3343 2541 3369 ,
2587 3314 2692 3354 non
2720 3312 2885 3368 parva
2911 3312 2997 3351 res
3022 3304 3103 3350 est
3127 3337 3142 3360 ,
3184 3294 3278 3349 sed
3307 3293 3390 3347 via
3436 3289 3675 3361 quaedam
3706 3297 3793 3344 est

2214 3405 2372 3465 atque
2393 3391 2706 3463 principium
2731 3388 2795 3443 ad
2818 3386 3240 3443 emendationem
3266 3393 3423 3451 atque
3444 3381 3791 3436 mutationem

2216 3487 2267 3541 in
2299 3485 2487 3539 melius
2525 3483 2742 3537 ducens.
2773 3479 2995 3533 Omnem
3024 3477 3200 3546 itaque
3225 3474 3277 3527 in
3305 3487 3406 3527 nos
3429 3471 3522 3525 Dei
3552 3469 3793 3540 benigni-

2218 3584 2379 3630 tatem
2422 3587 2593 3642 neque
2622 3570 2829 3624 discere
2855 3607 2869 3633 ,
2918 3581 3090 3635 neque
3120 3578 3338 3619 narrare
3383 3559 3638 3632 possibile
3668 3567 3791 3613 est:

2217 3679 2405 3721 eorum
2446 3673 2621 3717 tamen
2645 3675 2765 3730 quze
2788 3657 3031 3712 novimus
3051 3696 3064 3720 ,
3096 3668 3356 3708 summam
3384 3652 3623 3706 dicturus
3650 3665 3792 3704 sum.

2217 3758 2346 3812 Post
2369 3755 2525 3809 talem
2557 3754 2697 3808 enim
2726 3746 3136 3805 inobedicntiam
3159 3786 3173 3811 ,
3214 3753 3335 3815 post
3364 3750 3509 3796 tanta
3546 3739 3749 3794 scelera
3775 3778 3794 3803 ,

2217 3867 2337 3908 cum
2362 3850 2472 3920 jam
2512 3847 2658 3902 orbis
2685 3854 2826 3899 totus
2854 3839 3132 3914 tyrannide
3179 3836 3378 3909 peccati
3422 3841 3794 3904 premeretur,

2217 3958 2338 3998 cum
2367 3949 2604 3996 extrema
2625 3936 2736 4008 jam
2763 3933 2951 3989 luenda
2982 3946 3137 4002 ptena
3165 3936 3327 3994 esset,
3357 3942 3479 3982 cum
3507 3924 3797 3980 delendum

2219 4047 2378 4088 omne
2406 4029 2707 4086 mortalium
2733 4039 2900 4097 genus
2919 4065 2935 4090 ,
2984 4034 3282 4090 nomenque
3318 4018 3489 4089 ipsum
3521 4015 3796 4069 hominum

2222 4124 2411 4179 merito
2451 4118 2794 4176 exterminari
2827 4123 3038 4185 posset,
3072 4121 3182 4167 tum
3208 4108 3649 4165 veroamaximum
3675 4121 3797 4160 om-

2214 4215 2366 4256 nium
2411 4201 2734 4254 beneheIttm
2766 4195 2925 4250 nobis
2954 4192 3217 4258 ostendit,
3247 4190 3603 4263 Unigenitum
3634 4205 3802 4245 suum

2217 4307 2317 4363 pro
2346 4290 2608 4353 inimicis,
2636 4304 2737 4359 pro
2770 4286 3022 4342 alienatis
3059 4301 3192 4351 asc,
3224 4300 3325 4356 pro
3351 4302 3411 4340 se
3440 4284 3566 4339 odio
3593 4282 3800 4337 haben-

2215 4381 2362 4437 tibus
2386 4389 2550 4451 atque
2575 4380 2997 4435 adversantibus
3029 4378 3189 4432 morti
3220 4377 3461 4437 tradens,
3499 4375 3694 4445 sicque
3716 4389 3788 4429 re-

2214 4473 2652 4529 conciliationem
2702 4481 2946 4527 nostram
2999 4485 3257 4541 operans,
3306 4469 3679 4538 cmlornmqne
3717 4483 3797 4521 re-

2221 4581 2386 4640 gnum
2400 4572 2453 4620 et
2466 4572 2728 4620 aeternam
2744 4564 2936 4628 vitam,
2951 4563 3168 4631 aliaque
3180 4562 3320 4616 bona
3342 4562 3630 4614 innumera
3646 4558 3802 4614 nobis

2218 4676 2277 4716 se
2295 4660 2553 4715 daturum
2569 4656 2868 4727 spondens,
2890 4669 3010 4725 qua:
3029 4669 3129 4709 nec
3151 4653 3346 4708 oculus
3365 4652 3521 4715 vidit,
3542 4667 3646 4706 nec
3659 4650 3804 4705 auris

2217 4753 2450 4815 audivit,
2477 4765 2653 4821 neque
2672 4750 2724 4804 in
2744 4765 2842 4804 cor
2863 4748 3100 4805 hominis
3118 4744 3507 4801 ascenderunt.
3531 4742 3675 4809 Quid
3702 4741 3803 4811 igi-

2221 4854 2314 4901 tur
2342 4844 2472 4899 huic
2494 4841 2875 4906 providentiae,
2907 4840 3035 4894 huic
3061 4838 3383 4901 clementiae,
3415 4835 3543 4891 huic
3565 4831 3805 4891 bonitati

2230 4952 2524 5008 comparari
2550 4937 2749 5006 possit?
2766 4933 3050 5000 Propterea
3071 4935 3124 4981 et
3140 4926 3253 4996 ipse
3273 4921 3514 4977 dicebat:
3540 4918 3801 4985 Quantum

2232 5007 2384 5081 distat
2402 5026 2577 5080 ctelum
2598 5041 2629 5077 a
2651 5033 2801 5087 terra,
2826 5029 3016 5073 tantum
3037 5017 3188 5071 distat
3208 5014 3286 5069 via
3304 5027 3414 5066 mea
3432 5026 3463 5063 Î±
3484 5009 3583 5062 viis
3600 5007 3797 5070 vestris,

2235 5131 2280 5175 et
2325 5118 2556 5191 cogitatio
2598 5130 2710 5169 mea
2734 5130 2765 5166 a
2795 5107 3175 5182 cogitationibus
3212 5102 3383 5158 vestris
3411 5098 3581 5172 (Isai.
3608 5098 3699 5153 55.
3725 5096 3802 5163 9).

2237 5187 2401 5265 David
2446 5221 2656 5280 quoque
2696 5203 3036 5263 mitissimus,
3083 5211 3203 5251 cum
3243 5194 3311 5249 de
3353 5190 3633 5247 clementia
3669 5187 3807 5242 illius

2228 5273 3097 5365 loqunmluriaiehat:Secundum
3115 5276 3455 5333 altitudinem
3476 5273 3590 5326 (mli
3612 5288 3644 5324 a
3669 5281 3807 5324 terra

2233 5385 2587 5446 corroboravit
2598 5379 2853 5433 Dominus
2867 5371 3285 5429 misericordiam
3296 5380 3619 5434 suamsuper
3630 5365 3813 5417 limen.

2234 5493 2311 5538 tes
2325 5498 2379 5536 se
2404 5473 2842 5543 Quantumdistat
2855 5466 3077 5522 ortusab
3090 5460 3530 5529 occidente,longe
3541 5456 3811 5526 recitatio-

2236 5580 2312 5632 bis
2326 5573 2628 5644 iniquitates
2650 5575 2881 5619 nostras.
2895 5558 3173 5626 Quomodo
3194 5556 3471 5611 miseretur
3491 5560 3646 5619 pater
3665 5548 3809 5618 filios

2240 5687 2354 5725 rum
2393 5643 2725 5721 misce-tuaest
2741 5657 2997 5713 Dominus
3011 5646 3551 5708 timentibussellâ€™sal
3572 5643 3724 5699 Î—Î•]
3744 5643 3813 5709 Î¹).
