4124 6144
389 339 497 398 L35
1267 341 1361 397 AD
1396 341 1776 399 STAGIBIUM
1809 343 1856 398 Α
1892 341 2087 400 [LEM

2190 345 2203 399 Ξ
2240 343 2596 403 νΕχΑτυΜ.
2639 347 2768 402 LIB.
2812 347 2853 403 Ι.

389 452 484 512 οὖν
513 455 671 512 τοῦτο
717 458 875 527 μόνον
902 455 1098 528 ἔχομεν
1128 458 1301 513 εἰπεῖν
1341 458 1484 529 ὑπὲρ
1526 458 1621 512 τοῦ
1654 458 2063 530 κατακλυσμοῦ,

393 543 582 618 κέρδος
607 543 663 597 δέ
688 543 839 598 οὐδὲν
866 544 1174 615 εὑρήσομεν
1202 543 1260 610 ἐξ
1290 544 1454 597 αὐτοῦ
1486 544 1709 613 γεγονός
1734 562 1749 611 ;
1786 545 1925 599 Ἀλλ’
1946 544 2067 600 0666

391 634 541 687 ἐστιν
565 633 740 685 εἰπεῖν
769 631 891 685 ὅσον
916 632 1011 685 καὶ
1033 633 1147 696 τοῖς
1169 630 1611 703 τετελευτηκόσιν
1637 632 1819 697 αὐτοῖς
1835 632 1930 686 καὶ
1955 634 2069 695 τοῖς

395 720 515 793 μετ’
553 719 794 782 ἐκείνους
828 718 1215 790 γεγενημένοις
1262 719 1525 791 ὑπῆρξεν.
1568 721 1795 774 Ἐκεῖνοι
1836 721 1935 792 μὲν
1960 720 2070 792 γὰρ

392 807 705 881 περαιτέρω
749 806 1031 879 προελθεῖν
1077 808 1177 879 τῆς
1238 807 1436 871 κακίας
1489 806 1878 879 ἐκωλύθησαν·
1920 810 1967 861 οἰ
2012 807 2071 861 δὲ

396 897 515 967 μετ’
545 893 786 958 ἐκείνους
808 894 1033 948 ἐκείνων
1070 894 1332 966 μειζόνως
1372 894 1685 966 ἐκέρδανον,
1717 894 1817 965 τῆς
1866 894 2067 967 ζύμης,

392 984 471 1047 ὡς
492 983 559 1038 ἀν
592 1000 679 1047 τις
704 981 870 1049 είποι,
898 983 995 1036 καὶ
1019 982 1120 1054 τῆς
1144 980 1457 1047 ὑποθέσεως
1499 981 1608 1036 τῶν
1641 981 1828 1036 κακῶν
1876 983 2073 1051 ἀφανι-

395 1070 616 1139 σθείσης
648 1071 714 1123 ἐκ
743 1070 910 1141 μέσου
938 1069 1075 1140 μετά
1098 1069 1207 1123 τῶν
1227 1069 1614 1140 τολμησάντων
1637 1070 1837 1123 αὐτῶν.
1874 1072 1936 1124 Εἰ
1962 1071 2072 1142 γάρ

394 1156 489 1211 καὶ
535 1157 706 1227 χωρὶς
750 1156 1195 1229 παραδείγματος
1234 1157 1471 1220 εὐκόλως
1499 1155 1732 1210 δύναινττ
1772 1158 1840 1211 ἂν
1891 1159 2073 1229 εὑρεῖν

392 1246 445 1300 οἱ
491 1244 773 1313 ἄνθρωποι
795 1245 865 1299 τὰ
886 1245 1055 1308 κακὰ,
1080 1246 1133 1298 τί
1152 1245 1254 1299 οὐκ
1304 1244 1371 1299 ἂν
1404 1244 1645 1317 ἔπραξαν
1680 1245 1889 1300 πολλῶν
1903 1246 2072 1300 ὄντων

396 1332 502 1387 τῶν
543 1332 1006 1405 παρακαλούντων
1039 1333 1238 1409 αὐτοὺς
1268 1333 1363 1387 61:1
1405 1333 1504 1397 τὰς
1533 1333 1760 1404 πράξεις
1787 1334 1884 1400 τὰς
1908 1350 2072 1407 πονη-

397 1422 496 1494 ράς
516 1421 719 1491 ;Ὂπερ
736 1421 824 1475 ἵνα
841 1420 915 1492 μὴ
932 1420 1182 1492 γένηται.
1205 1420 1337 1492 μηδέ
1360 1420 1647 1485 τοσούτους
1657 1421 2007 1484 διδασκάλους
2022 1422 2072 1475 οἰ

400 1509 538 1581 μετά
557 1508 734 1563 ταῦτα
754 1509 1090 1580 φαυλότητος
1115 1509 1302 1581 ἔχωσι,
1319 1508 1526 1574 πάντας
1550 1509 1746 1574 αὐτοὺς
1766 1510 1937 1582 ἄρδην
1975 1511 2071 1564 ἀπ-

398 1596 503 1650 ώλε
511 1614 624 1649 σεν.

467 1686 526 1732 ε’.
578 1678 739 1733 Ἀλλά
761 1679 845 1744 τίς
875 1680 903 1733 6
928 1679 1088 1747 σοφὸς
1108 1679 1286 1748 λόγος.
1308 1679 1507 1751 μᾶλλον
1532 1679 1589 1734 δέ
1615 1682 1643 1735 6
1676 1681 1922 1752 ἀνόητος,
1966 1681 2073 1735 τῶν

398 1767 657 1837 πράττειν
692 1767 789 1837 μὲν
838 1766 993 1821 οὐδὲν
1048 1766 1390 1839 βουλομένων
1423 1767 1647 1835 ἀγαθὸν,
1690 1769 1870 1823 πάντα
1899 1767 1955 1820 δὲ
1976 1766 2076 1837 ζη-

396 1854 631 1908 τούντων
659 1856 753 1908 καὶ
792 1854 1079 1924 λεγόντων,
1133 1857 1217 1909 ίνα
1253 1856 1363 1909 τῶν
1411 1856 1627 1910 οἰκείων
1663 1856 2076 1927 ἁμαρτημάτων

397 1940 496 2012 τὴν
521 1942 699 1996 αἰτίαν
727 1944 820 1996 ἐπὶ
867 1942 959 1996 τὸν
992 1943 1125 1997 Θεὸν
1156 1944 1468 2012 άγάγιυσιν;
1505 1944 1569 1996 Εἰ
1606 1943 1680 2015 μὴ
1707 1943 2075 2015 συνεχώρησε,

399 2029 585 2096 φησὶν,
629 2032 658 2083 6
709 2029 864 2095 Θεὸς,
897 2031 1007 2084 οὐδ’
1040 2029 1106 2084 ἂν
1159 2030 1463 2102 προσῆλθεν
1494 2032 1525 2082 6
1562 2029 1828 2093 διάϐολος,
1868 2029 1977 2083 οὐδ’
2011 2029 2080 2083 ἂν

398 2116 648 2188 ὴπάτησε
673 2118 772 2187 τὴν
800 2118 997 2189 ἀρχήν.
1036 2116 1177 2171 Ἀλλ’
1224 2117 1333 2171 οὐδ’
1362 2117 1429 2171 ἂν
1461 2115 1663 2188 ἔμαθεν
1697 2118 1726 2171 6
1765 2116 1938 2188 Ἀδὰμ
1955 2116 2079 2170 ὅσον

401 2201 547 2278 εἶχεν
595 2206 821 2274 ἀγαθὸν,
852 2207 962 2260 οὐδ’
1004 2205 1070 2260 ἂν
1103 2208 1168 2260 ἐκ
1202 2206 1302 2277 τῆς
1338 2205 1597 2269 ἀπονοίας
1629 2204 1842 2276 ἐκείνης
1871 2203 2077 2277 κατέϐη

403 2293 550 2347 ποτέ.
593 2293 650 2346 Ὀ
681 2293 788 2367 γάρ
809 2293 1064 2348 τοσούτου
1096 2294 1290 2348 ἐαυτὸν
1318 2291 1613 2358 καταξιῶν,
1641 2292 1717 2356 ὡς
1742 2292 1836 2346 καὶ
1856 2291 1974 2355 θεὸς
1988 2308 2080 2361 γε·

403 2379 589 2433 νέσθαι
621 2381 945 2452 προσδοκᾷν,
976 2381 1146 2434 τίούκ
1168 2381 1235 2434 ἂν
1286 2380 1587 2453 ἐτόλμησεν
1633 2374 1807 2444 οὗτος,
1853 2378 1928 2451 μὴ
1978 2396 2082 2433 σω-

404 2468 746 2539 φρονισθείς;
798 2469 993 2541 Θῶμεν
1046 2470 1101 2524 δὲ
1157 2470 1296 2541 μήτε
1347 2469 1873 2540 συμϐεϐουλευκέναι
1904 2486 1957 2522 τι
1989 2467 2081 2522 τὸν

402 2556 666 2621 διάϐολον,
701 2558 835 2628 μήτε
867 2558 1003 2622 δλως
1033 2557 1325 2629 διειλέχθαι
1348 2560 1413 2628 τῇ
1450 2556 1565 2627 Εὕα
1612 2556 1742 2629 περὶ
1770 2555 1863 2609 τοῦ
1901 2556 2078 2621 ξύλου·

407 2639 515 2717 ἄρα
541 2642 607 2697 ἀν
632 2646 920 2699 άπταιστοι
948 2646 1254 2699 διετέλεσαν
1284 2645 1360 2717 μὴ
1387 2646 1680 2716 γενομένου
1708 2644 1929 2711 τούτου;
1969 2647 2083 2700 υύκ

407 2730 555 2785 ἐστιν
584 2734 775 2786 εἰπεῖν.
828 2733 885 2787 Ὀ
912 2733 1020 2806 γὰρ
1045 2733 1151 2787 ὑπὸ
1195 2734 1296 2805 τῆς
1337 2733 1595 2803 γυναικὸς
1640 2731 1813 2796 οὕτως
1846 2732 2085 2796 εὐκόλως

406 2821 778 2885 ἀναπεισθεὶς,
823 2814 976 2885 οὗτος
1012 2823 1107 2875 καὶ
1138 2821 1384 2876 διαϐόλου
1413 2823 1514 2874 οὐκ
1563 2821 1715 2884 ὄντος
1760 2821 1973 2891 ταχέως
2017 2820 2084 2875 ἂν

405 2906 501 2976 ἀφ’
548 2907 743 2962 ἐαυτοῦ
768 2909 901 2979 πρὸς
930 2908 1030 2980 τὴν
1053 2908 1327 2979 ἁμαρτίαν
1354 2906 1676 2961 κατέπεσεν·
1723 2906 1751 2960 6
1785 2907 1880 2959 καὶ
1916 2904 2086 2977 μείζω

407 2994 476 3048 ἂν
507 2995 656 3065 αὐτῷ
702 2996 804 3066 τὴν
849 2995 1119 3066 τιμωρίαν
1174 2995 1419 3065 ἐποίησε.
1443 2995 1628 3065 Χωρὶς
1657 2994 1713 3047 δὲ
1738 2993 1943 3048 τούτων
1966 2994 2087 3047 οὐδὲ

407 3083 504 3136 νῦν
524 3083 621 3151 τῆς
649 3081 741 3135 τοῦ
767 3081 1013 3135 διαϐόλου
1048 3083 1206 3152 μόνον
1238 3081 1452 3153 ἀπάτης
1494 3082 1556 3134 τὸ
1599 3082 1708 3135 πᾶν
1748 3083 1916 3148 ἐστιν,
1950 3081 2088 3136 ἀλλὰ

410 3171 505 3224 καὶ
538 3170 646 3223 61:6
673 3170 773 3240 τῆς
802 3170 1010 3233 οἰκείας
1028 3169 1320 3239 ἐπιθυμίας
1338 3168 1539 3222 άλοῦσα
1561 3170 1856 3222 κατέπεσεν
1870 3171 1904 3238 ή
1928 3171 2086 3240 γυνή.

411 3257 521 3310 K61
552 3256 767 3328 τοῦτοὴ
798 3256 988 3327 Γραφὴ
1018 3255 1401 3327 παρεδήλωσεν
1444 3254 1692 3309 εἰποῦσω
1722 3255 1830 3310 Καὶ
1852 3252 2013 3310 εἶδεν
2048 3258 2087 3326 ἡ

413 3344 569 3412 γυνὴ
604 3342 691 3397 ὅτι
712 3344 904 3397 καλὸν
925 3344 989 3397 τὸ
1009 3342 1045 3407 ξ
1050 3344 1200 3397 6.107-
1219 3344 1308 3409 εἰς
1322 3340 1576 3411 βρῶσιν,
1590 3343 1688 3396 καί
1725 3342 1813 3396 ὅτι
1830 3343 2091 3412 ἀρεστὸν

413 3430 540 3497 τοῖς
593 3430 924 3501 ὀφθαλμοῖς
960 3429 1126 3494 ἰδεῖν,
1162 3430 1262 3484 καί
1295 3429 1515 3498 ὡραῖον
1554 3429 1663 3485 τοῦ
1692 3431 2085 3501 κατανοῆσαν

415 3518 515 3573 καί
563 3519 840 3573 λαϐοῦσα
896 3518 1002 3573 τοῦ
1056 3519 1289 3587 καρποῦ
1319 3518 1506 3573 αὑτοῦ
1535 3519 1740 3589 ἔφαγε.
1772 3519 1884 3573 Καὶ
1916 3520 1977 3573 οὐ
2000 3520 2093 3574 τὸν

414 3606 659 3661 διάϐολον
713 3606 1070 3661 ἀπαλλάττων
1127 3607 1238 3660 τῶν
1264 3606 1367 3677 τῆς
1396 3606 1685 3679 ἐπιϐουλῆς
1734 3608 2094 3679 ἐγκλημάτων

416 3694 589 3749 ταῦτα
616 3694 760 3763 λέγω
787 3694 903 3772 νῦν,
925 3694 1060 3750 ἀλλά
1089 3695 1259 3760 δεῖξαι
1292 3694 1633 3766 βουλόμενος,
1657 3696 1739 3749 ὅτι
1758 3697 1806 3749 εἰ
1833 3695 1908 3767 μὴ
1943 3694 2091 3769 [166]

417 3786 637 3850 ἑκόντες
667 3786 992 3849 κατέπεσον,
1017 3786 1192 3849 οὐδεὶς
1218 3786 1287 3840 ἂν
1312 3786 1512 3850 αὐτοὺς
1544 3784 1862 3841 κατέϐαλεν.
1900 3786 1960 3840 '0
1987 3786 2096 3857 γὰρ

417 3873 519 3946 τὴν
570 3877 701 3946 παρ’
732 3875 922 3946 ἐτέρου
947 3873 1240 3945 δεξάμενος
1259 3874 1479 3945 ἀπάτην
1509 3872 1682 3937 οὕτως
1714 3873 1972 3937 εὐκόλως,
2002 3866 2096 3927 οὗ-

421 3978 514 4024 τος
548 3961 773 4033 1:611:96
803 3961 905 4031 τῆς
933 3962 1150 4031 ἀπάτης
1178 3961 1441 4032 ῥᾳθύμως
1467 3960 1565 4016 καὶ
1597 3959 1807 4032 χαύνως
1842 3959 2091 4014 διέκειτο·

418 4047 543 4101 οὐδὲ
564 4048 671 4119 γάρ
689 4046 753 4101 ἂν
770 4047 956 4118 ἴσχυσε
969 4047 1222 4101 τοσοῦτον
1242 4049 1467 4111 ἐκεῖνος,
1484 4049 1534 4101 εἰ
1548 4045 1793 4117 νηφούσῃ
1816 4044 1911 4098 καὶ
1929 4047 2097 4116 ἐγρη-

420 4134 617 4205 γορυίᾳ
646 4134 917 4203 διελέγετο
942 4133 1109 4205 ψυχῇ.
1138 4133 1276 4188 Ἀλλ’
1298 4132 1404 4187 εἰσί
1436 4150 1579 4197 τινες
1604 4120 1923 4196 οἳ,“ἐπειδὰν
1954 4132 2098 4186 κατὰ

421 4222 581 4277 τοῦτο
610 4222 957 4294 διελεγχθῶσι
995 4222 1055 4275 τὸ
1090 4221 1278 4294 μέρος,
1324 4222 1418 4276 τὸν
1462 4220 1707 4274 διάϐολον
1752 4219 1981 4290 ἀφέντες
2007 4220 2100 4273 ἐπὶ

422 4311 520 4382 τὴν
554 4309 773 4381 ἐντολὴν
836 4308 1248 4381 μεταϐαίνουσι,
1300 4310 1395 4363 1:61
1442 4308 1539 4362 τοῦ
1586 4309 1684 4380 μὲν
1719 4307 2099 4379 ἡμαρτηκότος

423 4398 739 4469 ἀπέχονται,
771 4397 1060 4465 ἐγκαλοῦσι
1097 4397 1152 4451 66
1194 4396 1269 4467 τῷ
1308 4396 1426 4467 Θεῷ
1454 4396 1725 4466 λέγοντες,
1751 4395 1816 4448 Τί
1850 4396 1962 4467 γὰρ
1989 4394 2099 4447 ἐδί-

422 4486 515 4541 δου
545 4485 896 4556 πρόσταγμα,
932 4485 1350 4556 ἁμαρτήσοντας
1365 4485 1561 4549 αὐτοὺς
1579 4485 1767 4551 εἰδὼς;
1799 4482 1906 4537 Καὶ
1930 4482 2102 4537 ταῦτα

424 4576 482 4630 δέ
532 4577 649 4629 ἐστι
694 4574 942 4628 διαϐόλου
978 4574 1046 4627 :6
1092 4575 1311 4646 ῥήματα
1363 4573 1458 4626 1:61
1487 4572 1715 4636 ἀσεϐοῦς
1740 4571 1945 4636 ἐννοίας
1972 4580 1992 4602 ⁸
2015 4572 2103 4625 εύ-

430 4664 496 4735 ρή
507 4679 675 4733 ματα,
713 4663 837 4716 Ὅτι
885 4661 993 4732 γὰρ
1024 4662 1120 4715 καὶ
1146 4659 1207 4714 τὸ
1247 4658 1430 4713 δοῦναι
1462 4660 1563 4730 τὴν
1612 4657 1828 4729 ἐντολὴν
1859 4656 2102 4729 μείζονος

427 4748 752 4820 κηδεμονίας
783 4749 1007 4821 ἐστὶν,ἦ
1041 4748 1100 4802 τὸ
1129 4748 1203 4820 μὴ
1226 4746 1427 4813 δοῦναι,
1451 4746 1608 4819 δῆλον
1635 4745 1864 4801 ἐκεῖθεν.
1924 4747 2104 4800 Ἔστω

429 4839 537 4911 γὰρ
587 4840 617 4892 6
659 4838 832 4908 Ἀδάμ
870 4837 969 4909 τὴν
1004 4837 1101 4908 μὲν
1150 4834 1469 4907 προαίρεσιν
1501 4834 1640 4905 έχων
1663 4833 1807 4888 οὓτω
1838 4832 2100 4907 ῥάθυμον,

428 4925 504 4989 ὡς
560 4925 621 4979 τὸ
665 4924 819 4989 τέλος
872 4922 1143 4987 ἀπέδειξε,
1182 4921 1421 4992 δεχέσθω
1462 4921 1519 4974 66
1565 4920 1834 4994 μηδεμίαν
1863 4921 2101 4993 ἐντολὴν,

429 5013 566 5068 ἀλλὰ
607 5013 815 5083 μενέτω
861 5012 1103 5085 τρυφῶνο
1134 5006 1244 5082 ἄρα
1292 5012 1326 5081 ἡ
1357 5009 1611 5064 ἀσθένεια
1661 5010 1818 5081 καὶὴ
1863 5008 2106 5081 ῥᾳθυμία

429 5102 538 5155 ἀπὸ
567 5103 665 5172 τῆς
684 5101 921 5165 ἀνέσεως
951 5099 1155 5170 ταύτης
1179 5100 1273 5152 ἐπὶ
1300 5098 1360 5151 τὸ
1388 5101 1568 5171 χεῖρον
1596 5098 1629 5169 ἢ
1660 5098 1751 5151 ἐπὶ
1776 5097 1837 5151 τὸ
1862 5098 2107 5170 κρεῖττον

430 5188 702 5243 ἐπέδωκεν
723 5189 823 5253 ἀν;
858 5187 1018 5243 Ἀλλά
1039 5187 1200 5241 παντί
1230 5203 1332 5240 που
1362 5186 1540 5258 δῆλον,
1594 5187 1675 5240 δτι
1710 5185 1847 5256 πρὸς
1874 5185 2108 5256 ἐσχάτην

428 5275 495 5331 ἂν
538 5276 808 5331 κατέπεσε
843 5274 1059 5338 κακίαν,
1087 5273 1343 5343 ἄφροντις
1365 5270 1464 5328 ῶν.
1491 5271 1550 5325 '0
1588 5272 1697 5342 γάρ
1732 5271 1958 5342 μηδέπω
1978 5270 2110 5342 6αρ-

432 5366 546 5435 ρεῖν
570 5362 713 5435 61:69
761 5362 859 5433 τῆς
891 5360 1190 5423 ἀθανασίας
1221 5359 1382 5430 ἔχων,
1416 5357 1532 5412 ἀλλ’
1569 5356 1650 5411 έτι
1702 5357 1977 5431 μετέωρον
2009 5356 2109 5429 τὴν

432 5451 623 5506 ἐλπίδα
678 5450 885 5521 ταύτην
913 5445 1078 5504 οὖσαν
1111 5447 1287 5511 εἰδὼς,
1336 5445 1434 5500 καὶ
1461 5444 1598 5517 πρὸς
1620 5443 1872 5499 τοσοῦτον
1910 5445 2109 5510 ἀλαζο-

432 5538 583 5602 νείας
608 5538 704 5592 καὶ
728 5537 913 5601 ἀνοίας
946 5534 1159 5608 ἀρθεὶς,
1191 5534 1267 5597 ὡς
1300 5533 1395 5587 καὶ
1418 5530 1639 5585 ἐλπίσαι
1681 5529 1936 5599 γενέσθαι
1965 5530 2107 5597 θεὸς,

438 5624 724 5681 καὶταῦτα
749 5624 1051 5693 οὐδαμόθεν
1083 5622 1174 5675 τὸν
1210 5618 1384 5674 ταῦτα
1415 5617 1888 5689 ἐπαγγειλάμενον
1922 5618 2111 5672 πιστὸν

433 5712 597 5787 ὀρῶν·
652 5714 700 5766 εἰ
763 5712 988 5782 βεϐαίαν
1029 5709 1153 5780 ἐσχε
1207 5710 1307 5778 τὴν
1356 5705 1676 5770 ἀθανασίαν,
1742 5705 1845 5760 ποῦ
1899 5706 2000 5761 οὐκ
2045 5707 2112 5762 ἂν

500 5811 527 5843 ³
553 5808 943 5868 Ποτειάσιϐοῦς
959 5809 1150 5864 ἐννοίας.
1176 5802 1307 5857 Saﬂl
1359 5804 1561 5863 ἀσεϐοῦς
1585 5805 1808 5863 διανοίας.

3737 348 3843 404 438

2172 459 2408 530 ἔφθασεν
2438 463 2727 527 ἀπονοίαςς
2762 462 2893 516 τίδὲ
2929 461 3029 515 οὐκ
3059 460 3128 516 ἃν
3169 462 3476 534 ἐξήμαρτε;
3508 464 3639 517 πότε
3692 463 3750 517 66
3779 466 3844 517 ἂν

2171 557 2451 628 ὑπήκουσε
2477 557 2575 611 τοῦ
2627 558 2802 625 Θεοῦ;
2838 558 2909 611 Σὺ
2939 557 2997 610 δὲ
3026 559 3327 631 παρόμοιον
3367 561 3540 622 ποιεῖς
3574 558 3841 627 ἐγκαλῶν,

2168 652 2358 726 ὥσπερ
2382 654 2451 709 ἂν
2475 654 2633 719 εἴτις
2665 656 2758 710 1:61
2790 655 2882 709 τὸν
2932 654 3215 726 πορνεύειν
3268 654 3678 727 ἀπαγορεύοντα
3706 655 3846 727 μέμ-

2171 772 2342 824 φοιτο,
2385 757 2569 829 ἐπειδὴ
2606 758 2657 810 οἱ
2696 757 2869 812 ταῦτα
2889 757 3244 829 ἀκουσόμενοι
3286 756 3568 828 πορνεύειν
3596 756 3840 828 ἔμελλον.

2170 853 2280 907 Καὶ
2313 853 2431 917 πῶς
2454 854 2553 908 οὐκ
2585 854 2821 927 ἐσχάτης
2847 855 3019 910 ταῦτα
3047 856 3244 927 μανίας
3268 854 3338 908 τά
3368 855 3621 926 ρήματα;
3649 855 3711 909 Εἰ
3735 854 3846 927 γὰρ

2174 951 2249 1023 μὴ
2278 950 2560 1023 δεξαμένῳ
2608 952 2708 1023 τὴν
2739 952 2959 1022 ἐντολὴν
3010 951 3324 1024 προσελθὼν
3363 954 3392 1006 6
3418 952 3663 1018 διάϐολος
3712 953 3848 1007 ἀπο·

2174 1050 2363 1121 στῆναι
2407 1049 2502 1104 τοῦ
2563 1049 2699 1104 Θεοῦ
2753 1049 3162 1116 συνεϐούλευσε,
3214 1052 3308 1104 καὶ
3336 1050 3495 1105 τοῦτο
3517 1051 3754 1115 εὐκόλως
3779 1050 3846 1105 ἂν

2173 1143 2410 1200 έπεισεψ
2441 1148 2470 1200 6
2494 1147 2605 1218 γὰρ
2640 1147 2778 1218 μετά
2800 1148 2899 1220 τὴν
2932 1147 3027 1201 τοῦ
3055 1149 3477 1220 προστάγματος
3504 1149 3650 1203 δόσιν
3674 1165 3847 1203 κατα-

2173 1244 2447 1313 φρονήσας
2489 1243 2586 1297 τοῦ
2634 1243 2926 1309 δεδωκότος
2979 1245 3133 1310 αὐτὸ,
3162 1246 3212 1298 εί
3268 1245 3433 1316 μηδὲν
3465 1246 3602 1310 ὅλως
3620 1246 3848 1317 ἠκηκόει

2174 1339 2306 1411 παρ’
2361 1338 2548 1404 αὐτοῦ,
2600 1340 2811 1410 ταχέως
2862 1339 2928 1394 ἂν
2965 1341 3048 1394 6::
3087 1343 3181 1395 καὶ
3236 1342 3339 1395 61:6
3381 1341 3648 1413 δεσπότην
3700 1342 3848 1395 ἐστὶν

2172 1435 2428 1507 ἠγνόησε.
2459 1435 2559 1489 Διὰ
2591 1434 2748 1489 τοῦτο
2773 1435 3059 1509 προλαϐὼν
3078 1439 3106 1491 6
3134 1437 3264 1502 Θεὸς
3290 1438 3355 1491 δι’
3380 1431 3455 1492 ὧν
3493 1438 3847 1509 προσέταξεν,

2174 1529 2412 1596 ἐδίδαξεν
2428 1532 2508 1586 ὅτι
2540 1532 2636 1585 καὶ
2674 1531 2861 1605 κύριον
2877 1531 3011 1604 ἔχει,
3038 1533 3131 1587 καὶ
3154 1535 3329 1589 πάντα
3355 1533 3651 1589 ὑπακούειν
3683 1534 3848 1587 αὐτοῦ

2175 1628 2274 1682 δεῖ.
2308 1628 2420 1683 Καὶ
2448 1630 2502 1682 τί
2548 1628 2709 1684 πλέον
2750 1630 2857 1684 ἀπὸ
2884 1630 3074 1684 τούτου
3112 1631 3337 1701 γέγονε;
3390 1632 3543 1702 φησί.
3600 1632 3852 1686 Μάλιστα

2181 1724 2301 1795 μὲν,
2350 1726 2399 1778 εἰ
2443 1726 2538 1779 καί
2574 1726 2741 1797 μηδὲν
2773 1728 3034 1796 ἐγεγόνει,
3075 1728 3227 1782 οὐδὲν
3264 1728 3423 1783 τοῦτο
3464 1728 3617 1799 παρά
3646 1728 3738 1783 τὸν
3780 1727 3854 1781 6:-

2177 1820 2411 1886 δάξαντα
2434 1822 2588 1887 Θεὸν,
2619 1822 2755 1877 ἀλλά
2786 1824 2938 1895 παρά
2971 1824 3061 1877 τὸν
3088 1825 3163 1897 μὴ
3200 1824 3505 1897 δεξάμενον
3532 1825 3632 1897 τὴν
3669 1823 3855 1878 καλλί-

2181 1935 2312 1990 στην
2346 1921 2544 1990 ταύτην
2573 1920 2873 1974 παίδευσιν·
2916 1920 3010 1975 νῦν
3031 1921 3088 1974 δὲ
3118 1896 3238 1976 οὐδὲ
3270 1896 3442 1987 οὕτως
3470 1896 3725 1993 ἀνόνητος
3761 1920 3857 1989 γέ-

2178 2031 2303 2083 γονε
2338 2017 2434 2070 καὶ
2457 2016 2597 2088 μετά
2623 2018 2721 2088 τὴν
2769 2017 3081 2091 παράϐασιν
3111 2021 3145 2091 ἡ
3169 2019 3314 2083 δόσις
3350 2021 3449 2091 τῆς
3479 2018 3717 2090 ἐντολῆς.
3745 2019 3855 2071 K61

2180 2113 2290 2185 γὰρ
2318 2113 2379 2167 τὸ
2409 2115 2699 2187 κρυϐῆναι,
2747 2116 2843 2170 καὶ
2895 2117 2957 2170 τὸ
3008 2117 3107 2188 τὴν
3166 2117 3443 2189 ἁμαρτίαν
3497 2116 3852 2188 ὁμολογῆσαι,

2181 2211 2277 2264 καὶ
2308 2210 2370 2263 τὸ
2390 2210 2711 2275 σπουδάζειν
2733 2212 2823 2265 τὸν
2859 2212 2957 2283 μὲν
2990 2213 3157 2284 ἄνδρα
3183 2214 3275 2266 61:1
3299 2213 3399 2285 τὴν
3428 2214 3683 2281 γυναῖκα,
3706 2210 3854 2264 ἐκεί-

2181 2322 2279 2376 νην
2303 2307 2360 2361 δέ
2393 2308 2486 2361 ἐπὶ
2499 2307 2591 2362 τὸν
2617 2308 2740 2379 διριν
2766 2309 2866 2381 τὴν
2887 2309 3067 2363 αἰτίαν
3087 2309 3195 2363 τῶν
3214 2310 3596 2381 γεγενημένων
3626 2324 3855 2380 μεταγα-

2181 2407 2321 2475 γεῖν,
2374 2405 2692 2460 δεδοικότων
2736 2407 2855 2460 ἐστὶ
2922 2408 3017 2461 1:61
3073 2407 3385 2478 τρεμόντων
3433 2407 3527 2460 καὶ
3582 2404 3642 2459 τὸ
3690 2403 3857 2478 κῦρος

2184 2502 2570 2572 ἐπεγνωκότων
2590 2502 2683 2556 τοῦ
2718 2502 2875 2559 Θεοῦ.
2914 2504 3077 2557 Ὅσον
3103 2503 3161 2557 δὲ
3200 2503 3388 2575 κέρδος
3407 2499 3474 2575 ἧν
3500 2503 3609 2557 ἀπὸ
3637 2504 3735 2574 τῆς
3762 2519 3860 2557 σα-

2182 2600 2407 2673 τανικῆς
2466 2601 2680 2672 ἐκείνης
2724 2601 3049 2672 προσδοκίας
3089 2602 3169 2665 εἰς
3217 2600 3468 2655 τοσοῦτον
3499 2600 3858 2673 μετατεθῆναι

2186 2698 2370 2768 φόϐον,
2398 2698 2570 2762 οὐδεὶς
2600 2698 2805 2767 ἀγνοεῖ.
2832 2699 2891 2752 ’0
2923 2699 3032 2770 γὰρ
3056 2698 3290 2753 ἰσοθεῖαν
3323 2699 3666 2768 φαντασθεὶς,
3696 2699 3860 2762 αὐτὸς

2186 2795 2359 2859 οὕτως
2404 2795 2758 2849 ἐταπεινοῦτο
2801 2790 2897 2847 1:61
2942 2793 3342 2858 συνεστέλλετο,
3374 2793 3449 2858 ὡς
3493 2795 3635 2866 ὑπὲρ
3684 2812 3858 2866 τιμω-

2189 2893 2310 2964 ρίας
2356 2892 2452 2947 καὶ
2504 2892 2777 2956 κολάσεως
2824 2893 3069 2964 τρέμειν,
3109 2894 3203 2946 καὶ
3250 2893 3348 2962 τὴν
3390 2893 3668 2964 ἁμαρτίαν
3703 2890 3861 2961 ἑξαγ-

2187 2988 2397 3058 γέλλειν
2429 2988 2528 3060 τὴν
2557 2989 2743 3044 αὐτοῦ.
2763 2990 2837 3044 Τὸ
2863 2990 2920 3043 δὲ
2957 2990 3037 3061 μὴ
3054 2988 3389 3061 ἁμαρτάνειν
3423 2988 3858 3060 ἀνεπαισθήτως.

2188 3086 2302 3140 ἀλλ’
2351 3085 2734 3154 ἐπιγινώσκειν
2757 3086 2968 3157 ταχέως
2990 3087 3084 3139 καί
3109 3087 3340 3157 συνορᾷν
3372 3085 3432 3139 τὸ
3453 3085 3557 3155 πλη
3566 3086 3860 3157 μμεληθέν,

2189 3182 2290 3235 οὐκ
2320 3180 2436 3235 εστι
2478 3180 2694 3253 μικρὸν,
2731 3180 2849 3236 ἀλλ’
2864 3181 2982 3245 ὁδός
3012 3198 3096 3245 τις
3121 3181 3216 3234 καὶ
3246 3180 3388 3253 ἀρχὴ
3414 3182 3548 3252 πρὸς
3580 3181 3863 3253 διόρθωσιν

2192 3276 2401 3345 ἄγουσα
2423 3277 2518 3330 καὶ
2539 3276 2638 3347 τὴν
2686 3277 2781 3331 ἐπὶ
2813 3277 2875 3330 τὸ
2907 3277 3152 3347 κρεῖττον
3184 3275 3507 3347 μεταϐολήν.
3545 3278 3731 3332 Πᾶσαν
3766 3278 3864 3349 μὲν

2191 3369 2285 3428 οὖν
2317 3372 2411 3427 τοῦ
2456 3373 2662 3446 Κυρίου
2700 3372 2798 3444 τὴν
2825 3372 2979 3446 [Ιϐτ]
3001 3375 3079 3437 εἰς
3103 3374 3249 3445 ἡμᾶς
3284 3372 3594 3445 ἀγαθότητα
3616 3371 3740 3426 οὐτε
3764 3391 3867 3445 μα-

2196 3471 2307 3526 θεῖν
2340 3470 2464 3525 οῦτε
2513 3471 2881 3543 διηγήσασθαι
2912 3471 3158 3526 δυνατόν·
3200 3464 3275 3527 ὧν
3312 3470 3371 3525 66
3413 3471 3571 3542 ῐσμεν
3610 3471 3671 3525 τὸ
3698 3472 3867 3540 κεφά-

2193 3565 2340 3618 λαιον
2381 3563 2513 3636 ἐρῶ.
2539 3564 2694 3619 Μετά
2716 3564 2824 3636 γὰρ
2842 3564 2941 3636 τὴν
2967 3566 3237 3635 τοσαύτην
3277 3565 3582 3636 παρακοὴν,
3614 3563 3751 3636 μετά
3780 3581 3869 3616 το-

2198 3662 2370 3717 σαῦτα
2393 3662 2787 3734 ἁμαρτήματα,
2828 3663 2917 3716 ὅτε
2961 3664 3139 3718 πᾶσαν
3160 3663 3391 3735 κατέσχε
3419 3663 3517 3736 τὴν
3544 3662 3868 3733 οἰκουμένην

2194 3764 2228 3832 η
2275 3762 2373 3833 τῆς
2403 3759 2678 3833 ἁμαρτίας
2718 3761 2993 3833 τυραννὶς,
3033 3761 3123 3817 ὅτε
3166 3762 3265 3832 τὴν
3295 3759 3529 3832 ἐσχάτην
3555 3758 3662 3813 ἔδει
3686 3758 3868 3814 δοῦναι

2195 3856 2350 3927 δίκην
2399 3855 2606 3921 λοιπὸν,
2642 3858 2738 3910 1:61
2775 3855 3070 3910 ἀπολέσθαι
3120 3854 3419 3919 παντελῶς,
3459 3854 3555 3909 καὶ
3587 3852 3870 3925 ἀνώνυμον

2196 3952 2258 4005 τὸ
2296 3951 2407 4006 τῶν
2457 3950 2761 4026 ἀνθρώπων
2805 3951 3058 4021 γενέσθαι
3094 3951 3268 4020 γένος,
3314 3950 3435 4005 τότε
3464 3950 3563 4021 τὴν
3610 3949 3870 4021 μεγίστην

2200 4049 2331 4120 περὶ
2354 4050 2502 4121 ἡμᾶς
2530 4048 2848 4120 εὐεργεσίαν
2880 4047 3209 4115 ἐπεδείξατο,
3242 4046 3384 4120 ὑπὲρ
3408 4046 3517 4101 τῶν
3549 4044 3758 4117 ἐχθρῶν
3779 4046 3872 4098 καὶ

2199 4147 2729 4219 ἀπηλλοτριωμένων
2755 4148 2850 4201 καὶ
2893 4145 3192 4218 μισούντων
3215 4146 3377 4200 αὐτὸν
3408 4145 3502 4200 καὶ¹
3530 4145 3872 4216 ἀποστρεφο-

2204 4246 2381 4317 μένων
2416 4244 2509 4298 τὸν
2543 4246 2821 4316 Μονογενῆ
2876 4242 3228 4313 κατασφάξας
3269 4244 3362 4298 τὸν
3410 4241 3625 4309 ἐαυτοῦ,
3660 4243 3754 4296 1:61
3787 4241 3875 4294 διὰ

2199 4342 2391 4396 τούτου
2421 4342 2521 4413 τὴν
2551 4341 2688 4413 πρὸς
2719 4340 2883 4393 αὐτὸν
2926 4338 3269 4411 καταλλαγὴν
3309 4339 3682 4410 ἐργασάμενος
3720 4339 3871 4409 ἡμῖν,

2202 4440 2297 4494 καὶ
2319 4438 2595 4511 βασιλείαν
2618 4436 2883 4509 οὐρανῶν,
2925 4439 3018 4490 καὶ
3042 4437 3185 4507 ζωὴν
3211 4436 3449 4500 αἰώνιον,
3488 4437 3583 4490 καὶ
3611 4437 3679 4489 :6
3704 4436 3876 4506 μυρία

2205 4535 2671 4606 ἐπαγγειλάμενος
2695 4531 2885 4587 δώσειν
2915 4532 3114 4602 ἀγαθὰ,
3147 4531 3183 4586 ἀ
3237 4533 3375 4603 μήτε
3429 4530 3706 4603 ὀφθαλμὸς
3744 4524 3874 4593 εἶδε,

2208 4634 2346 4705 μήτε
2373 4626 2465 4695 οὖς
2502 4630 2726 4703 ἤκουσε,
2775 4627 2913 4699 μήτε
2944 4626 3036 4681 ἐπὶ
3076 4626 3300 4700 καρδίαν
3346 4625 3637 4699 ἀνθρώπου
3684 4624 3875 4693 ἀνέϐη.

2206 4731 2272 4785 Τί
2304 4729 2509 4803 ταύτης
2536 4726 2603 4782 ἂν
2640 4726 2851 4796 γένοιτο
2897 4725 2994 4797 τῆς
3022 4724 3346 4797 κηδεμονίας
3382 4724 3517 4789 ἴσον,
3557 4722 3652 4793 τῆς
3692 4720 3879 4793 φιλαν-

2209 4826 2476 4899 θρωπίας,
2505 4825 2607 4896 τῆς
2648 4821 3014 4894 ἀγαθότητοςς
3044 4821 3142 4876 Διά
3181 4820 3354 4875 ταῦτα
3386 4820 3480 4874 καὶ
3535 4817 3697 4884 αὐτός
3725 4835 3878 4890 φησι-

2205 4923 2412 4991 Καθὼς
2459 4922 2671 4993 ἀπέχει
2703 4924 2736 4976 ὁ
2768 4919 3026 4989 οὐρανὸς
3054 4919 3172 4974 ἀπὸ
3204 4916 3316 4987 τῆς
3362 4917 3497 4988 γῆς,
3547 4915 3734 4982 οὕτως
3769 4916 3883 4970 ἀπ·
3973 4976 3983 4985 ο

2205 5022 2333 5094 ἐχει
2359 5024 2400 5091 ἠ
2456 5020 2598 5087 ὁδός
2624 5036 2745 5091 μου
2779 5016 2901 5073 ἀπὸ
2925 5014 3045 5071 τῶν
3071 5014 3226 5071 ὁδῶν
3269 5014 3459 5087 ὑμῶν,
3498 5014 3599 5070 καὶ
3641 5013 3716 5068 :6
3758 5011 3885 5065 διαν

2205 5115 2479 5189 νοήματά
2504 5132 2626 5186 μου
2660 5114 2780 5172 ἀπὸ
2814 5113 2924 5182 τῆς
2951 5114 3221 5180 διανοίας
3243 5112 3428 5183 ὑμῶν.
3454 5112 3564 5166 K61
3591 5112 3622 5164 6
3649 5109 3888 5183 1:966:6-

2207 5235 2303 5282 τος
2322 5216 2380 5272 66
2412 5214 2575 5271 Δαυῒδ
2606 5214 2737 5286 περὶ
2762 5213 2860 5285 τῆς
2890 5210 3296 5284 φιλανθρωπίας
3312 5208 3477 5265 αὐτοῦ
3507 5206 3887 5279 διαλεγόμενός

2211 5332 2365 5387 φησιν
2387 5314 2551 5369 Κατὰ
2583 5312 2650 5367 τὸ
2673 5311 2832 5382 ὕψος
2857 5309 2963 5365 τοῦ
3000 5308 3260 5378 οὐρανοῦ
3285 5306 3405 5363 ἀπὸ
3428 5305 3541 5377 τῆς
3578 5305 3690 5376 τῆς
3711 5304 3887 5371 ἐκρα-

2211 5413 2430 5468 ταίωσε
2454 5414 2671 5479 Κύριος
2702 5408 2770 5462 τὸ
2820 5407 2995 5474 ἕλεος
3030 5405 3218 5462 αὐτοῦ
3267 5405 3369 5459 έπί
3415 5403 3559 5469 τοὺς
3605 5399 3890 5472 φοϐουμέο

2211 5532 2359 5580 γους
2399 5512 2607 5568 αὐτόν’
2668 5507 2796 5563 καθ’
2844 5506 2998 5561 ὅσον
3058 5503 3395 5576 ἀπέχουσιν
3442 5499 3732 5558 ἀνατολαί
3768 5499 3889 5553 ἀπὸ

2213 5610 2484 5683 δυσμῶν,
2507 5608 2845 5680 ἐμὰκρυνεν
2869 5607 2970 5674 ἀφ’
3008 5600 3179 5676 ἡμῶν
3231 5603 3340 5670 τὰς
3399 5599 3653 5670 ἀνομίας
3696 5596 3884 5668 ἡμῶν·

2214 5712 2407 5779 καθὼς
2434 5709 2709 5777 οἰκτείροι
2732 5703 2928 5772 πατὴρ
2957 5704 3146 5772 υἱοὺς,
3169 5702 3494 5769 ᾠκτείρησε
3514 5699 3728 5767 Κύριος
3751 5695 3891 5762 τοὺς

2215 5807 2628 5881 φοϐουμένους
2656 5801 2861 5857 αὐτόν’
2899 5801 2998 5873 οὐχ
3030 5800 3110 5853 ὅτι
3141 5794 3393 5851 τοσοῦτον
3428 5794 3609 5867 μόνον,
3655 5791 3769 5846 ἀλλ’
3807 5790 3892 5846 ὅτι
