4124 6144
349 336 450 390 639

343 453 440 520 ipsi
471 450 744 520 proderunt
773 447 926 518 (Cen.
975 449 1062 503 37.
1106 446 1191 502 19.
1222 446 1338 514 20).
1386 447 1572 502 Postea
1602 460 1731 501 vero
1757 445 1809 510 ii,
1839 447 1927 516 qui

344 545 493 598 illum
536 552 795 607 emerant,
839 557 943 595 non
971 541 1159 596 Saltem
1203 541 1374 596 libero
1401 541 1621 606 homini,
1654 539 1746 596 sed
1774 555 1929 594 servo

343 635 494 688 illum
524 634 670 703 regio
699 632 934 686 vendunt
961 632 1172 685 iterum.
1215 631 1398 698 Neque
1421 630 1675 685 hactenus
1704 628 1927 684 adversa

343 733 625 789 steterunt,
655 723 747 778 sed
779 725 830 776 in
874 723 1102 778 domina:
1127 722 1444 777 calumniam
1471 721 1675 788 incidit,
1703 722 1927 775 damna-

346 823 535 884 tusque
567 829 832 869 carcerem
863 827 1032 868 annos
1059 813 1316 883 plurimos
1342 812 1562 877 habitat,
1589 821 1643 866 et
1671 811 1926 880 ell‘ugien-

345 907 483 961 tibus
511 905 739 972 caneris,
782 905 1041 976 ampliore
1083 903 1192 958 illic
1217 912 1457 974 tempore
1498 903 1612 972 ipse
1655 901 1923 972 perdurat.

345 998 589 1067 Cumque
629 1007 772 1050 tanta
816 1006 998 1051 essent
1025 1011 1142 1066 quae
1186 995 1324 1048 illius
1353 995 1587 1048 animum
1620 993 1927 1065 perturbare

345 1097 582 1158 possent,
611 1096 864 1142 constans
904 1095 1081 1140 tamen
1130 1095 1450 1155 perseverat.
1480 1084 1752 1154 Ejusmodi
1801 1100 1927 1138 vero

342 1179 500 1231 etiam
532 1187 711 1233 nostra
742 1184 885 1243 sunt,
917 1177 1020 1230 imo
1067 1191 1194 1231 vero
1225 1175 1380 1246 longe
1412 1175 1764 1246 perplexiora.
1799 1175 1926 1242 ριω

342 1268 484 1322 enim
511 1269 766 1338 promissa
815 1278 937 1323 sunt
965 1267 1138 1335 nobis,
1185 1283 1404 1338 regnum
1433 1269 1704 1333 caelorum,
1743 1275 1796 1321 et
1823 1267 1926 1320 vita

341 1371 560 1428 mterna,
609 1370 663 1417 et
709 1361 1055 1430 incorruptiu,
1102 1369 1157 1415 ct
1199 1361 1401 1414 infinita
1447 1369 1573 1413 sunt
1601 1361 1775 1425 bona;
1809 1376 1926 1429 quae

340 1464 515 1507 autem
546 1454 756 1506 interim
800 1452 1132 1521 contingunt,
1161 1450 1312 1506 valde
1339 1451 1406 1504 ab
1431 1449 1516 1504 his
1539 1457 1743 1504 remota
1768 1461 1931 1520 atque

339 1545 509 1599 aliena
535 1553 658 1599 sunt
683 1562 695 1597 :
725 1560 870 1600 mors
898 1544 1100 1598 scilicet
1128 1552 1181 1598 et
1206 1543 1496 1612 corruptio,
1529 1558 1684 1612 poma
1709 1554 1761 1597 et
1791 1557 1919 1612 snp-

340 1637 591 1705 plicium,
631 1645 686 1691 et
729 1635 1046 1690 tentationes
1089 1635 1252 1699 varia:
1293 1649 1356 1689 ac
1397 1633 1721 1703 frequentes.
1763 1633 1927 1699 Cujus

338 1741 466 1795 ergo
494 1728 568 1780 rei
595 1726 760 1796 gratia
804 1725 906 1780 hoc
937 1724 1058 1782 facit
1085 1726 1243 1787 Deus,
1277 1725 1638 1794 permittitque
1661 1725 1926 1780 contraria

340 1820 616 1889 promissis
644 1819 938 1874 advenire?
965 1819 1222 1872 Nimirum
1255 1827 1311 1871 ut
1338 1832 1402 1872 ex
1434 1817 1534 1871 hoc
1557 1817 1665 1871 duo
1697 1817 1926 1871 maxima

337 1911 474 1965 bona
517 1911 733 1966 eliciat:
764 1926 829 1965 ex
859 1909 1027 1964 altero
1064 1910 1417 1964 certissimum
1465 1909 1714 1978 potentia:
1761 1909 1926 1977 ipsius

335 2010 705 2070 argumentum
736 2001 996 2069 praebens,
1039 1998 1181 2069 quod
1225 1999 1426 2053 scilicet
1457 1998 1623 2068 possit
1664 1998 1921 2068 despera-

337 2095 541 2149 tissima
570 2095 828 2164 promissa
874 2108 969 2147 sua
996 2107 1090 2162 spe
1120 2101 1276 2162 atque
1304 2091 1556 2162 opinione
1583 2091 1773 2147 melius
1801 2107 1924 2160 per-

338 2188 518 2252 licere,
563 2199 626 2240 ex
673 2185 842 2239 altero
880 2177 1057 2239 autem
1096 2193 1307 2238 nostros
1333 2184 1538 2238 animos
1566 2182 1836 2246 erudiens,
1870 2191 1927 2236 ut

335 2279 390 2332 in
432 2278 641 2333 cunctis
683 2278 781 2347 ipsi
827 2277 1128 2344 credamus,
1162 2278 1260 2331 etsi
1294 2276 1450 2332 dictis
1497 2275 1629 2330 facta
1660 2277 1922 2330 contraria

333 2371 613 2426 videantur
638 2386 933 2441 emergere.
962 2370 1093 2426 Nam
1119 2370 1424 2440 Spei-virtus
1449 2369 1709 2440 ejusmodi
1735 2377 1838 2435 est,
1869 2358 1927 2423 iit

333 2479 453 2517 eum
497 2463 585 2532 qui
629 2464 837 2518 sincere
881 2461 957 2516 illi
1001 2461 1290 2524 adhaereat,
1339 2475 1625 2530 numquam
1671 2459 1923 2516 confundi

333 2555 621 2623 permittat.
671 2553 728 2609 Si
757 2555 898 2609 enim
946 2553 1001 2618 ii,
1047 2553 1140 2623 qui
1186 2552 1447 2622 promissa
1493 2553 1544 2606 in
1593 2551 1923 2628 hocoszeculo

332 2654 674 2712 acceperunt,
705 2644 774 2698 ita
806 2644 1082 2714 insigniter
1106 2643 1281 2698 affecti
1305 2653 1452 2708 sunt,
1479 2644 1648 2697 multo
1673 2643 1840 2712 magis
1869 2642 1919 2696 id

332 2753 429 2791 nos
461 2737 636 2792 facere
662 2751 882 2792 necesse
909 2745 1013 2800 est,
1041 2735 1130 2804 qui
1161 2751 1266 2789 non
1295 2735 1347 2788 in
1390 2733 1639 2804 praesenti
1667 2736 1794 2800 vita,
1827 2735 1920 2789 sed

331 2830 384 2881 in
414 2827 534 2881 aliis
560 2826 776 2880 saeculis
802 2826 1063 2880 bonorum
1089 2825 1288 2879 exitum
1315 2833 1702 2893 exspectamus.
1738 2823 1792 2877 ln
1823 2823 1923 2878 hoc

329 2920 471 2972 enim
514 2919 709 2973 sazculo
750 2933 1027 2987 pressuras
1056 2917 1207 2971 nobis
1254 2916 1628 2987 angustiasque
1657 2918 1916 2987 promisit.

329 3010 467 3078 Quid
495 3026 622 3081 ergo
647 3020 730 3065 est
757 3009 897 3079 quod
925 3019 976 3063 te
1023 3007 1336 3076 perturbet?
1363 3023 1465 3078 qua
1498 3008 1702 3063 ratione
1730 3023 1919 3079 suspe-

330 3113 415 3156 cta
449 3101 645 3156 habeas
691 3101 950 3170 promissa
997 3099 1131 3154 Dei?
1162 3099 1290 3152 Nam
1339 3114 1459 3152 cum
1507 3099 1640 3154 dicis
1680 3108 1732 3155 te
1761 3101 1826 3155 ab
1855 3116 1920 3155 eo

329 3192 543 3263 negligi,
586 3191 737 3262 cujus
780 3206 938 3246 causa
985 3189 1239 3244 mundum
1268 3204 1478 3244 omnem
1511 3190 1818 3260 despexisti,
1852 3191 1918 3244 li-

328 3283 492 3354 quido
514 3283 754 3339 ostendis
780 3289 833 3337 te
858 3282 934 3336 illi
961 3297 1064 3336 non
1093 3281 1333 3347 credere,
1361 3297 1586 3352 eumque
1613 3293 1916 3350 suspectum

328 3377 544 3441 habere,
593 3375 939 3444 fallacemque
983 3375 1387 3443 promissionem
1427 3374 1543 3443 ejus
1588 3375 1914 3429 existimare.

326 3470 383 3525 ld
413 3481 588 3525 autem
632 3484 760 3524 vere
803 3477 884 3523 est
924 3483 953 3520 a
997 3467 1241 3522 daemone
1287 3468 1504 3536 corripi,
1548 3481 1611 3521 ac
1657 3469 1916 3537 gehennae

326 3564 500 3631 ignem
531 3575 840 3631 provocare.
871 3558 975 3614 Sed
1002 3569 1123 3612 sunt
1153 3559 1242 3627 qui
1273 3558 1456 3613 saeculi
1499 3560 1725 3626 negotiis
1753 3558 1916 3612 dediti

325 3655 508 3723 quiete
554 3653 759 3704 vivunt.
804 3651 870 3704 Et
915 3649 1052 3703 istud
1094 3665 1306 3720 quoque
1353 3649 1602 3718 przedixit
1629 3649 1913 3703 Christus:

325 3746 504 3807 Amen,
535 3759 682 3797 ainen
725 3742 858 3807 dico,
891 3740 1080 3810 inquit,
1129 3741 1282 3803 vobis,
1317 3741 1433 3807 quia
1463 3738 1723 3808 plorabitis
1749 3749 1794 3792 et
1822 3740 1916 3808 ﬂe-

325 3836 440 3889 bitis
470 3851 575 3900 vos,
604 3832 822 3887 mundus
867 3842 1031 3884 autem
1059 3830 1292 3902 gaudebit
1333 3827 1513 3899 (Joan.
1548 3829 1634 3883 16.
1662 3829 1776 3897 20).
1809 3828 1911 3883 Sed

323 3931 457 3984 etin
487 3928 750 3998 prioribus
789 3925 1217 3997 generationibus
1259 3922 1532 3994 Babylonii
1579 3935 1698 3975 cum
1747 3923 1910 3976 Deum

327 4021 658 4089 ignorarent,
689 4017 898 4086 Opibus,
935 4015 1168 4085 potentia
1195 4024 1248 4068 et
1283 4013 1447 4082 gloria
1477 4013 1747 4081 pollebant
1774 4030 1788 4078 ;
1814 4012 1910 4067 Ju-

321 4112 422 4165 daei
454 4126 577 4166 vero
603 4109 929 4177 captivitate,
977 4108 1253 4171 servitute,
1285 4105 1642 4174 extremisque
1688 4105 1908 4159 calami-

323 4201 522 4255 tatibus
564 4199 961 4269 premebantur.
1005 4197 1070 4250 Et
1124 4194 1355 4249 Lazarus
1400 4193 1642 4267 ille(Luc.
1676 4193 1789 4267 16),
1821 4196 1910 4265 qui

324 4309 492 4365 regno
521 4292 720 4348 eazlcsti
747 4290 956 4360 dignus,
989 4288 1256 4343 ulceribus
1285 4288 1471 4359 plenus
1500 4304 1690 4343 canum
1719 4290 1910 4357 linguis

323 4397 440 4441 erat
463 4385 757 4456 expositus,
796 4392 956 4452 atque
986 4391 1242 4453 perpetuo
1285 4397 1406 4435 cum
1440 4379 1577 4435 fame
1608 4381 1906 4452 pugnabat:

322 4477 473 4532 dives
499 4491 626 4531 vero
653 4476 705 4529 in
748 4474 952 4529 honore
975 4488 1038 4527 ac
1063 4470 1326 4541 frequenti
1367 4471 1616 4526 satellitio
1644 4483 1700 4527 et
1728 4472 1910 4542 requie

321 4579 377 4624 et
405 4567 608 4623 deliciis
647 4567 808 4622 vitam
853 4564 1099 4620 ducebat.
1133 4555 1332 4618 Verum
1370 4571 1426 4617 ut
1457 4561 1580 4616 huic
1609 4564 1739 4618 nihil
1768 4563 1907 4633 apud

321 4661 524 4716 inferos
562 4660 648 4715 illa
694 4659 872 4714 omnia
919 4659 1208 4727 profuere:
1241 4656 1310 4709 ita
1355 4670 1455 4710 nec
1495 4654 1696 4709 Lazaro
1739 4653 1908 4710 fames

323 4762 414 4807 aut
440 4752 638 4816 ulcera,
667 4765 774 4822 quo
803 4750 977 4804 minus
1009 4747 1172 4818 probe
1200 4746 1423 4814 viveret,
1449 4745 1788 4813 obstiterunt,
1811 4749 1904 4804 sed

319 4843 484 4898 veluti
525 4842 740 4912 quidam
787 4839 983 4894 athleta
1027 4836 1176 4892 fortis
1224 4837 1277 4890 in
1321 4847 1456 4892 aestu
1501 4839 1816 4906 gravissimo
1853 4850 1907 4896 et

321 4935 502 5004 algore
527 4932 759 4998 luctans,
785 4940 838 4984 et
864 4930 989 4984 vicit
1012 4938 1066 4984 et
1091 4938 1379 4983 coronatus
1407 4935 1509 4984 est.
1541 4929 1798 4996 Quocirca
1824 4933 1905 4987 vir

319 5026 534 5097 quidem
577 5023 790 5094 sapiens
817 5023 989 5077 aiebat
1020 5037 1034 5075 :
1064 5019 1190 5085 Fili,
1221 5021 1264 5074 si
1292 5019 1503 5073 accedas
1531 5022 1598 5074 ad
1625 5024 1906 5078 servitutem

322 5116 553 5182 Domini,
585 5129 818 5184 praepara
855 5113 1077 5166 animant
1103 5120 1238 5165 tuam
1282 5111 1350 5165 ad
1377 5113 1714 5180 tentationem,
1747 5115 1908 5186 dirige

318 5225 407 5262 cor
433 5218 575 5261 tuum
613 5215 658 5260 et
688 5205 895 5269 sustine,
924 5212 970 5256 et
995 5219 1056 5256 ne
1099 5205 1300 5273 festines
1327 5204 1378 5256 in
1407 5211 1626 5273 tempore
1649 5206 1905 5286 inductio-

317 5304 400 5357 nis
431 5299 614 5374 (Eccli.
645 5298 700 5352 2.
731 5300 781 5352 ‘l.
812 5298 892 5368 2).
923 5296 991 5350 Et
1018 5308 1138 5366 post
1167 5311 1331 5365 pauca
1361 5314 1374 5350 :
1409 5296 1680 5364 Quoniam,
1713 5300 1900 5370 inquit,

318 5397 435 5466 igne
454 5391 694 5464 probatur
729 5406 926 5453 aurum,
958 5389 1182 5443 homines
1205 5404 1319 5442 vero
1344 5390 1674 5458 acceptabiles
1720 5392 1770 5445 in
1798 5395 1905 5464 for-

317 5501 443 5541 nace
483 5481 845 5538 Itwniliationis
885 5480 989 5554 (Ib.
1046 5498 1098 5539 υ.
1137 5480 1217 5552 2).
1265 5480 1604 5552 Rursumque
1653 5485 1759 5540 alio
1790 5487 1904 5543 loco

317 5577 570 5646 scriptum
616 5581 700 5630 est
727 5590 740 5627 :
769 5571 898 5640 Fili,
947 5570 1055 5626 noli"
1100 5573 1352 5644 negligere
1399 5573 1722 5644 disciplinam
1767 5576 1900 5646 Dei,

319 5685 481 5738 neque
514 5668 718 5737 deﬁcias
746 5683 860 5721 cum
886 5667 948 5720 ab
974 5681 1030 5719 eo
1059 5667 1326 5736 corriperis
1353 5665 1532 5739 (Prov.
1566 5670 1617 5726 5.
1650 5669 1758 5743 11).
1801 5671 1900 5740 Qui

319 5759 462 5814 enim
488 5772 674 5814 aurum
705 5757 757 5814 in
789 5757 1056 5814 fornacem
1085 5757 1268 5827 mittit,
1301 5760 1442 5814 novit
1486 5773 1745 5830 quatenus
1771 5764 1902 5822 illud

1090 333 1145 386 S.
1184 331 1458 387 JOANNIS
1495 329 1962 387 CllllYSOSTOMl
2002 330 2315 390 ARCUIEP.
2356 333 2885 392 CONSTANTINOP.

3525 337 3627 393 440

2044 446 2275 514 incendi,
2308 457 2362 504 et
2389 448 2602 520 quando
2626 466 2693 505 ex
2742 452 2860 522 igne
2889 458 3132 521 oporteat
3171 451 3348 508 educi.
3399 451 3629 524 Ideoque

2036 537 2122 594 hic
2157 540 2373 610 quidem
2420 543 2538 597 ait:
2572 540 2655 598 Nc
2692 544 2892 614 festines
2933 543 2984 596 in
3027 555 3247 610 tempore
3290 544 3630 600 inductionis:

2032 630 2284 686 Salomon
2312 643 2488 689 autem
2517 634 2618 688 hoc
2644 634 2814 704 ipsum
2838 634 3056 700 docens,
3091 634 3265 707 Neque
3290 636 3518 704 deﬁcias,
3546 636 3630 693 iu-

2033 726 2167 795 quit,
2192 742 2304 780 cum
2332 727 2395 780 ab
2423 744 2481 782 eo
2510 730 2800 799 corriperis.
2829 731 3074 802 Magnum
3118 732 3244 801 quid
3279 747 3486 798 revera,
3515 747 3631 787 ma-

2031 833 2216 889 gnum,
2265 821 2502 890 inquam,
2553 838 2799 891 pressura
2829 833 2913 879 est
2953 825 3019 879 ad
3067 827 3239 879 virum
3279 826 3625 896 spectabilem
3659 823 3666 833 ’

2033 909 2392 978 efficiendum,
2424 922 2583 983 atque
2632 913 2699 969 ad
2729 914 3026 971 docendum
3059 916 3324 986 patientiae
3355 919 3623 974 virtutem.

2033 1001 2168 1069 Quid
2211 1019 2357 1073 ergo,
2408 1004 2639 1075 inquies,
2669 1007 2714 1061 si
2763 1007 2903 1062 illius
2949 1023 3046 1063 nos
3090 1010 3396 1079 magnitudo
3424 1021 3626 1066 evertat

2032 1103 2192 1162 atque
2219 1095 2466 1165 dejiciat?
2495 1096 2689 1152 Fidelis
2717 1107 2790 1153 est
2830 1098 2986 1164 Deus,
3027 1100 3111 1170 qui
3156 1117 3258 1154 non
3286 1100 3508 1172 patietur
3532 1121 3624 1157 nos

2031 1186 2215 1238 tentari
2244 1202 2398 1254 supra
2427 1203 2579 1255 quant
2608 1205 2892 1257 possumus,
2920 1190 3009 1244 sed
3035 1191 3184 1262 faciet
3213 1207 3328 1245 cum
3355 1193 3627 1249 tentatione

2031 1276 2239 1342 exitum,
2267 1285 2320 1330 ut
2343 1280 2590 1347 possimus
2614 1282 2856 1336 sustinere
2896 1282 2970 1353 (Ι.
3000 1280 3118 1338 Cor.
3147 1283 3246 1338 10.‘
3276 1284 3390 1354 l5).
3419 1285 3549 1340 Nam
3579 1288 3623 1341 si

2031 1381 2099 1420 ex
2124 1368 2410 1423 dilectione
2451 1372 2740 1442 correptio,
2789 1388 2854 1429 ex
2894 1374 3018 1429 odio
3041 1391 3170 1430 vero
3199 1376 3476 1433 derelictio
3503 1391 3583 1434 est
3604 1421 3622 1446 ,

2033 1473 2206 1527 neque
2256 1460 2494 1528 ejusdem
2542 1473 2625 1517 est
2671 1465 2976 1534 quempiam
3027 1467 3185 1521 simul
3233 1477 3288 1522 et
3338 1485 3519 1525 amare
3568 1484 3624 1526 et

2032 1549 2230 1613 odisse,
2274 1566 2447 1620 neque
2492 1555 2762 1624 corripere
2801 1557 2958 1611 simul
2998 1566 3053 1613 et
3092 1559 3448 1629 dereliquere.
3479 1565 3626 1628 Quo-

2032 1642 2191 1695 modo
2218 1657 2365 1711 ergo,
2409 1645 2640 1713 inquies,
2689 1646 2840 1700 multi
2882 1649 3241 1702 corruerunt?
3284 1649 3499 1720 Seipsos
3547 1653 3621 1706 illi

2036 1730 2144 1786 Deo
2193 1733 2554 1800 privavcrunt.
2599 1751 2704 1789 non
2750 1748 2925 1790 autem
2953 1752 2980 1791 a
3016 1737 3124 1792 Deo
3179 1739 3421 1794 derelicti
3477 1752 3618 1796 sunt.

2033 1820 2166 1878 Ecce
2189 1826 2352 1889 enim,
2387 1828 2579 1896 mquit,
2609 1828 2694 1897 qui
2718 1827 2954 1898 clangunt
2982 1846 3035 1883 se
3061 1847 3092 1882 a
3119 1839 3166 1883 te
3193 1831 3421 1899 peribunt
3449 1832 3618 1903 (Psal.

2033 1913 2121 1967 η.
2165 1914 2282 1985 27).
2335 1915 2596 1986 Elongant
2640 1933 2700 1973 se
2729 1933 2858 1972 vero
2901 1935 2930 1972 a
2977 1920 3087 1974 Deo
3132 1922 3219 1991 qui
3261 1925 3619 1981 correctiones

2033 2006 2172 2061 illius
2205 2023 2306 2060 non
2355 2009 2636 2075 sustinent,
2670 2011 2762 2065 sed
2812 2012 3110 2066 irascuntur
3139 2022 3298 2083 atque
3343 2015 3620 2094 indignan-

2033 2107 2155 2165 tur;
2188 2115 2250 2154 ac
2295 2101 2453 2155 veluti
2503 2104 2737 2171 perversi
2788 2104 2898 2166 lilii,
2937 2120 3058 2158 cum
3085 2121 3116 2160 a
3156 2107 3393 2175 patribus
3444 2110 3618 2163 traditi

2032 2191 2316 2260 magistris,
2345 2193 2428 2248 vel
2459 2193 2793 2263 impatientes
2818 2197 3036 2262 laboris,
3080 2198 3167 2254 vel
3213 2197 3477 2269 fugientes
3503 2218 3618 2256 ver-

2031 2280 2179 2344 bera,
2205 2293 2480 2352 parentum
2510 2297 2757 2355 aspectus
2776 2287 3066 2360 declinant,
3093 2290 3224 2344 nihil
3252 2291 3375 2347 inde
3399 2293 3616 2347 lucran-

2031 2381 2134 2436 tur,
2165 2374 2258 2428 sed
2287 2377 2616 2445 gravioribus
2645 2380 2996 2436 incommodis
3040 2399 3098 2437 se
3127 2384 3420 2455 implicant,
3460 2397 3616 2456 atqne

2029 2462 2084 2518 in
2109 2465 2281 2522 aliena
2310 2469 2528 2536 regione
2554 2469 2708 2526 famis
2735 2482 2789 2526 et
2815 2475 3018 2529 erroris
3043 2491 3106 2530 ac
3133 2479 3437 2532 morborum
3470 2479 3617 2548 igno-

2029 2555 2312 2627 miniaeque
2337 2568 2390 2612 et
2415 2561 2686 2617 servitutis
2717 2578 2982 2618 aerumnas
3003 2566 3182 2622 subire
3210 2580 3470 2639 coguntur
3499 2588 3512 2623 ε
3547 2572 3614 2625 ita

2028 2654 2082 2699 et
2111 2648 2198 2715 qui
2231 2647 2321 2702 Dei
2347 2648 2681 2720 disciplinam
2713 2669 2818 2708 non
2861 2665 3010 2726 grato
3036 2658 3215 2713 animo
3244 2660 3491 2726 tolerant,
3527 2661 3616 2715 in-

2026 2736 2413 2810 dignanturque
2456 2753 2509 2796 et
2548 2746 2781 2813 graviter
2825 2746 3034 2815 ferunt,
3082 2759 3434 2821 praeterquam
3474 2755 3614 2822 quod

2027 2826 2156 2882 nihil
2185 2845 2250 2883 ex
2279 2845 2339 2884 ea
2369 2831 2661 2899 lucrantur,
2696 2838 2920 2892 summis
2963 2853 3022 2894 se
3065 2841 3454 2898 calamitatibus
3491 2844 3612 2898 afﬁ-

2023 2919 2190 2974 ciunt.
2220 2921 2480 2988 Quocirca
2511 2926 2746 2982 tolerare
2773 2929 3140 2997 admonemur,
3168 2943 3222 2986 et
3249 2933 3478 3004 dirigere
3521 2952 3613 2992 cur

2024 3025 2287 3068 nostrum.
2315 3017 2386 3071 At
2423 3019 2590 3072 multo
2615 3023 2860 3090 graviora
2893 3031 2944 3078 te
2973 3025 3175 3094 perpeti
3205 3026 3368 3082 dices.
3397 3029 3473 3083 Ne
3501 3046 3609 3098 pre-

2023 3104 2246 3161 dotribae
2273 3108 2485 3177 quidem
2511 3125 2696 3166 omnes
2735 3116 3010 3184 mqualiter
3034 3127 3192 3188 atque
3221 3121 3409 3175 eodem
3454 3123 3612 3177 modo

2021 3211 2291 3267 exercent,
2310 3203 2400 3256 sed
2421 3205 2852 3262 imbecillioribus
2871 3209 3180 3274 imbecilles,
3199 3212 3610 3285 fortioribusqne

2020 3293 2104 3345 sui
2146 3293 2344 3348 similes
2393 3295 2627 3350 tradunt.
2673 3297 2804 3352 Nam
2836 3301 2925 3369 qui
2972 3303 3083 3356 suis
3119 3304 3318 3358 viribus
3346 3306 3607 3362 minorem

2021 3383 2409 3452 ntagonistam
2442 3385 2601 3441 fuerit
2630 3398 2839 3451 nactus,
2869 3390 3077 3446 etiamsi
3122 3401 3228 3447 tota
3255 3394 3342 3449 die
3371 3397 3446 3449 illi
3476 3411 3607 3450 con-

2021 3473 2308 3541 grediatur,
2338 3477 2712 3532 inexercitatus
2744 3489 2915 3534 tamen
2962 3493 3256 3550 permanet.
3304 3485 3411 3539 Cur
3437 3501 3566 3556 ergo
3591 3530 3606 3552 ,

2021 3565 2248 3635 inquies,
2279 3570 2383 3621 nOn
2414 3583 2600 3624 omnes
2640 3571 2730 3640 qui
2759 3573 3004 3628 eamdem
3044 3575 3254 3646 elegere
3280 3579 3465 3645 vitam,
3498 3581 3609 3635 eis-

2020 3657 2140 3712 dem
2183 3660 2342 3714 etiam
2389 3661 2660 3718 laboribus
2705 3675 2912 3720 certare
2957 3667 3127 3722 facit?
3169 3669 3298 3743 Quia
3348 3687 3454 3727 non
3504 3689 3606 3729 una

2019 3752 2157 3821 apud
2203 3753 2364 3807 Deum
2390 3765 2474 3809 est
2516 3759 2910 3814 exercitationis
2948 3763 3176 3831 species,
3221 3780 3394 3834 neque
3420 3780 3608 3822 omnes

2019 3843 2219 3898 eisdem
2251 3861 2384 3914 opus
2413 3846 2630 3913 habent,
2676 3849 2886 3922 etiamsi
2934 3853 2984 3906 in
3029 3854 3217 3909 eodem
3260 3857 3381 3911 vitae
3409 3873 3608 3928 genere

2017 3935 2124 3990 sint
2153 3956 2166 3990 :
2194 3939 2387 4007 quippe
2429 3948 2482 3995 et
2521 3941 2731 4010 plurimi
2770 3957 2892 3998 eum
2925 3945 3124 4001 eisdem
3173 3949 3479 4003 morborum
3520 3951 3606 4005 in-

2016 4029 2312 4085 commodis
2351 4031 2618 4098 laborent,
2649 4051 2753 4088 non
2784 4036 2984 4092 eisdem
3017 4047 3193 4094 tamen
3223 4040 3461 4112 indigent
3489 4058 3607 4098 me-

2016 4117 2351 4189 dieamentis,
2380 4122 2474 4177 sed
2497 4124 2600 4178 alia
2643 4125 2856 4194 quidem
2881 4126 3014 4193 istis,
3051 4128 3152 4182 alia
3194 4129 3296 4184 illis
3321 4146 3604 4200 apponun-

2018 4217 2118 4263 tur.
2147 4212 2321 4281 Atque
2347 4214 2482 4269 adeo
2511 4224 2566 4269 ct
2592 4216 2918 4286 flagellorum
2949 4220 3090 4273 modi
3119 4221 3248 4275 varii
3295 4230 3419 4277 sunt
3444 4233 3604 4295 atque

2014 4301 2341 4370 differentes,
2369 4314 2423 4360 et
2443 4307 2578 4361 alius
2601 4309 2815 4378 quidem
2840 4313 3028 4368 morbo
3045 4313 3295 4369 diuturno
3323 4317 3598 4385 probatur,

2015 4395 2149 4448 alius
2174 4397 2483 4464 gravissima
2531 4399 2726 4470 inopia,
2755 4403 2804 4455 vi
2835 4413 2996 4478 atque
3040 4405 3228 4474 injuria
3256 4407 3388 4462 alius
3417 4425 3430 4460 :
3459 4409 3602 4465 hunc

2011 4487 2162 4557 jnges
2208 4497 2366 4557 atque
2413 4501 2680 4559 perpetua:
2740 4481 3028 4550 liberorum
3078 4499 3604 4571 propinquorumque

2014 4585 2328 4632 cat-terarum
2374 4589 2576 4636 mortes
2621 4584 2957 4649 excruciant,
3005 4585 3197 4656 hicque
3242 4590 3309 4644 ab
3353 4593 3601 4648 omnibus

2014 4665 2281 4735 abjicitur,
2311 4669 2612 4742 nulliusque
2641 4674 2717 4728 rei
2759 4674 2950 4745 dignus
2977 4679 3271 4734 testiinatur
3301 4699 3314 4733 :
3344 4682 3432 4737 ille
3458 4686 3600 4754 quod

2014 4757 2082 4813 de
2110 4759 2174 4812 iis
2199 4773 2495 4830 accusetur,
2527 4779 2751 4834 quorum
2791 4766 2924 4823 nihil
2961 4769 3029 4823 sit
3058 4771 3158 4825 sibi
3188 4775 3454 4838 conscius,
3487 4793 3602 4831 ma-

2017 4849 2188 4920 laeque
2211 4851 2366 4907 fama:
2392 4853 2600 4924 pondus
2621 4856 2754 4911 ferat
2780 4875 2793 4911 :
2819 4869 2976 4930 atque
2995 4862 3129 4915 alius
3149 4863 3305 4918 aliter
3322 4865 3594 4937 afﬂigitur.

2016 4941 2198 5011 Neque
2233 4946 2377 4998 enim
2423 4948 2674 5013 possibile
2716 4959 2798 5004 est
2840 4953 3017 5006 omnia
3064 4970 3203 5010 nunc
3230 4957 3296 5011 ad
3341 4961 3596 5015 amussim

2015 5048 2315 5088 numerare.
2340 5035 2601 5092 Videntur
2623 5049 2799 5094 autem
2829 5041 2922 5095 tibi
2949 5042 3135 5098 horum
3166 5046 3394 5117 singula,
3429 5050 3471 5103 si
3498 5051 3602 5106 tuis

2013 5128 2266 5179 aerumnis
2308 5127 2683 5195 conferantur,
2713 5130 2846 5185 levia
2874 5147 2936 5187 ac
2966 5135 3107 5190 nulla
3134 5151 3254 5191 esse
3287 5156 3301 5193 :
3330 5155 3515 5195 verum
3546 5151 3598 5196 tu

2012 5215 2058 5268 si
2089 5217 2204 5270 haec
2233 5229 2482 5286 expertus
2525 5235 2694 5287 esses,
2725 5223 3029 5281 addisceres
3071 5228 3314 5297 profecto
3344 5231 3415 5294 id,
3456 5235 3598 5302 quod

2012 5322 2151 5361 nunc
2183 5315 2233 5362 te
2261 5311 2425 5379 angit,
2458 5311 2542 5366 his
2571 5315 2818 5370 omnibus
2854 5317 3182 5373 tolerabilius
3229 5335 3366 5377 esse.
3410 5323 3516 5378 Sed
3547 5335 3602 5380 et

2011 5401 2054 5454 si
2081 5401 2170 5470 qui
2196 5412 2339 5470 sunt,
2362 5419 2585 5474 quorum
2613 5407 2684 5460 sit
2709 5409 2880 5463 levior
2895 5427 3054 5479 quam
3082 5424 3262 5467 nostra
3291 5419 3595 5486 castigatio,

2012 5507 2118 5546 non
2151 5493 2269 5547 ideo
2297 5495 2667 5564 perturbemur
2696 5515 2709 5552 :
2742 5515 2862 5553 nam
2889 5501 3117 5568 adjectio
3156 5504 3395 5559 laborum
3427 5509 3597 5563 incre-

2010 5595 2250 5640 mentum
2297 5589 2635 5658 praamiorum
2681 5602 2764 5647 est
2813 5609 2876 5649 ac
2921 5597 3281 5652 firmissimum
3323 5602 3596 5658 munimen

2012 5686 2274 5743 nostrum,
2303 5694 2408 5749 quo
2439 5679 2560 5735 freti
2587 5698 2874 5754 numquam
2900 5685 3013 5742 sive
3057 5698 3268 5758 sponte,
3299 5692 3410 5749 sive
3435 5695 3595 5749 etiam

2015 5769 2162 5825 inviti
2206 5784 2516 5827 corruamus
2546 5789 2815 5845 {namque
2848 5785 3111 5834 tumorem
3141 5783 3467 5852 comprimit,
3499 5801 3592 5841 ne-
