4124 6144
325 439 592 508 ὀψόμεθα
627 435 684 488 τί
724 431 895 488 ἔσται
936 433 1010 488 τὰ
1045 434 1299 487 ἐνύπνια
1332 435 1539 490 αὐτοῦ.
1561 437 1716 490 Μετὰ
1743 437 1799 489 δέ
1825 436 1998 491 ταῦτα

323 527 377 578 οἰ
416 526 713 596 πριάμενοι
745 522 865 575 οὐδὲ
897 520 1166 594 ἐλευθέρῳ
1191 522 1317 585 τινὶ,
1350 522 1484 575 ἀλλά
1521 522 1692 593 δούλῳ
1715 521 1875 576 πάλιν
1906 524 1995 576 αὐ-

323 614 417 665 τὸν
450 608 788 665 ἀποδίδονται
833 607 1267 681 βασιλικῷ.’Κα“ι
1294 609 1413 662 οὐδὲ
1448 610 1607 681 μέχρι
1634 609 1838 663 τούτων
1872 609 2002 680 ἔστη

325 700 396 753 τά
427 698 611 755 δεινά·
657 699 793 752 ἀλλά
839 697 1170 770 συκοφαντίᾳ
1212 698 1500 769 δεσποίνης
1551 696 1866 770 περιπεσὼν
1909 699 2003 751 καὶ

326 787 681 858 κατακριθεὶς
708 785 840 858 ᾤκει
875 787 936 841 τὸ
962 787 1334 858 δεσμωτήριον
1367 787 1462 857 ἐτη
1489 785 1798 852 πολλά,,καί
1819 786 2006 855 διαφυ-

326 878 535 946 γόντων
575 876 800 947 ἑτέρων,
836 876 998 939 αὐτὸς
1045 875 1264 928 πλείονα
1300 876 1492 946 χρόνον
1529 875 1678 946 μένει
1726 877 1861 927 ἐκεῖ,
1892 875 2003 929 Kal

327 964 598 1022 τοσούτων
632 964 800 1018 ὄντων
839 963 948 1017 τῶν
984 963 1296 1035 δυναμένων
1333 964 1430 1035 τὴν
1460 963 1670 1015 ἐκείνου
1703 961 2003 1033 θορυϐῆσαι

327 1054 528 1125 ψυχὴν,
559 1052 719 1123 ἔμενε
742 1051 955 1114 τούτοις
993 1051 1198 1105 ἅπασιν
1221 1051 1640 1122 ἀπερίτρεπτος.
1672 1048 1908 1103 Τοιαῦτα
1945 1049 2003 1102 δέ

330 1146 428 1196 καὶ
458 1141 526 1196 τά
549 1140 815 1211 ἡμέτερα,
851 1139 1050 1209 μᾶλλον
1082 1138 1140 1191 δὲ
1171 1138 1267 1192 καὶ
1292 1138 1470 1209 πολλῷ
1493 1137 1700 1190 τούτων
1721 1135 2003 1207 ἀπορώτε-

334 1231 504 1301 ρα.“Δ
528 1229 627 1299 μὲν
648 1230 757 1299 γάρ
777 1226 1160 1298 ἐπηγγείλατο,
1192 1225 1439 1297 βασιλεία
1469 1225 1735 1297 οὐρανῶν,
1757 1226 1849 1279 καὶ
1874 1223 2002 1278 αίῶ-

329 1335 444 1382 νιος
475 1316 610 1386 ζωὴ,
633 1315 726 1369 καὶ
753 1314 1054 1385 ἀφθαρσία,
1079 1314 1174 1367 καὶ
1197 1312 1266 1367 τά
1296 1312 1466 1385 μυρία
1492 1312 1676 1382 ἀγαθά
1694 1329 1707 1344 ·
1732 1311 1801 1366 τά
1828 1310 1885 1364 δέ
1914 1327 2002 1380 γι-

330 1405 532 1476 νόμενα
568 1402 707 1466 τέως
741 1402 836 1456 καὶ
874 1401 1235 1473 συμϐαίνοντα
1278 1400 1410 1454 πολύ
1453 1399 1659 1453 τούτων
1691 1398 1966 1470 ἀφέστηκε
1985 1414 1998 1429 ·

331 1496 560 1559 Θάνατος
598 1493 709 1564 γάρ
735 1494 850 1546 ἐστι
894 1492 989 1546 καὶ
1028 1489 1203 1560 φθορά
1235 1490 1331 1543 καί¹
1369 1490 1610 1559 τιμωρία
1650 1489 1744 1540 καὶ
1783 1487 2002 1551 κόλασις

329 1584 427 1637 καί⁵
458 1580 666 1652 θλίψεις
702 1580 948 1652 διάφοροι
989 1579 1083 1632 καὶ
1116 1578 1378 1648 συνεχεῖς.
1411 1576 1568 1640 Τίνος
1611 1570 1705 1629 οὖν
1748 1574 1933 1628 ἐνεκεν
1973 1574 2002 1627 ὁ

328 1671 463 1735 Θεὸς
488 1669 647 1724 τοῦτο
681 1670 845 1732 ποιεῖ,
873 1666 968 1720 καὶ
1004 1665 1074 1720 τὰ
1099 1663 1316 1719 ἐναντία
1361 1666 1477 1727 ταῖς
1525 1661 1877 1731 ἐπαγγελίαις
1909 1663 2002 1715 ἐκ-

329 1761 493 1831 ϐῆναι
527 1758 834 1830 συγχωρεῖς
882 1755 988 1809 Δύο
1030 1754 1100 1809 τά
1153 1753 1384 1824 μέγιστα
1429 1749 1732 1822 κατορθῶν,
1778 1749 1838 1802 ἐν
1881 1746 2001 1819 μὲν,

327 1848 431 1918 τῆς
472 1844 639 1899 αὐτοῦ
687 1843 971 1914 δυνάμεως
1010 1840 1310 1912 τεκμήριον
1348 1836 1832 1909 ἀναμφισϐήτητον
1865 1853 2006 1908 παρ-

329 1936 469 2005 έχων
517 1936 670 2005 ἡμῖν,
714 1934 797 1987 ὅτι
843 1930 940 1986 καὶ
999 1930 1059 1995 ἐξ
1109 1928 1548 1998 ἀπεγνωσμένων
1589 1925 1792 1980 δύναιτ’
1819 1924 1887 1979 ἂν
1924 1926 2005 1988 εἰς

328 2025 505 2094 πέρας
543 2021 643 2086 τάς
664 2019 1008 2091 οὐποσχέσεις
1033 2018 1262 2087 ἀγαγεῖν
1281 2033 1294 2049 ο
1331 2013 1516 2085 ἕτερον
1544 2013 1622 2078 δὲ,
1661 2013 1760 2083 τὴν
1802 2011 2000 2083 ἡμετέ-

332 2128 433 2181 ραν
460 2109 738 2166 ’παιδεύων
774 2107 951 2180 ψυχὴν
984 2105 1163 2161 πάντα
1213 2101 1488 2159 πιστεύειν
1518 2101 1690 2174 αὐτῷ,
1720 2099 1822 2154 κᾶν
1850 2100 2006 2153 ἐναν-

328 2200 423 2253 τία
448 2201 563 2262 τοῖς
596 2197 908 2271 εἰρημένοις
929 2195 998 2250 τά
1023 2194 1283 2264 γινόμενα
1316 2190 1594 2262 φαίνηται.
1631 2189 1863 2261 Τοιαύτη
1898 2186 2006 2259 γὰρ

330 2289 365 2358 ἠ
413 2287 515 2357 τῆς
558 2286 772 2349 ἐλπίδος
812 2283 983 2355 ἰσχύςο
1014 2283 1075 2336 οὐ
1128 2278 1476 2353 καταισχύνει
1510 2277 1603 2333 τὸν
1647 2276 2006 2348 ἀντεχόμενον

329 2375 504 2446 αὐτῆς
528 2372 855 2446 εἰλικρινῶς.
878 2373 942 2425 Et
974 2370 1085 2441 7&9
1113 2369 1162 2423 οί
1190 2368 1289 2432 τὰς
1310 2366 1631 2438 ὑποσχέσεις
1649 2364 1884 2419 ἐνταῦθα
1913 2364 2008 2418 λα-

330 2462 520 2526 ϐόντες
539 2461 682 2515 οὕτω
707 2459 1044 2530 διετέθησαν,
1068 2455 1247 2527 πολλῷ
1270 2454 1469 2526 μᾶλλον
1494 2454 1641 2524 ἡμᾶς
1658 2451 1817 2505 τοῦτο
1834 2453 2007 2505 ποιεῖν

332 2550 461 2622 χρὴ,
500 2551 626 2613 τούς
667 2549 728 2602 οὐ
766 2547 910 2602 κατά
942 2546 1034 2599 τὸν
1079 2543 1322 2616 παρόντα
1362 2542 1497 2614 βίον,
1534 2540 1747 2603 ἀλλἐίς
1789 2539 2007 2610 ἐτέρους

331 2637 538 2702 αἰῶνας
569 2636 978 2707 προσδοκῶντας
1006 2635 1104 2706 τὴν
1132 2632 1352 2687 ἑκϐασιν
1380 2628 1489 2684 τῶν
1519 2626 1870 2703 χρηστῶν.¹¹Α
1898 2625 2008 2697 7&9

332 2725 571 2781 ἐνταῦθα
619 2728 870 2798 προεῖπε,
906 2722 1084 2793 θλῖψίς
1126 2722 1242 2775 ἐστι
1287 2721 1381 2774 καὶ
1424 2717 1774 2789 στενοχωρία.
1806 2715 1871 2768 Τί
1913 2710 2007 2768 οὖν

333 2813 451 2868 ἐστί
502 2830 562 2867 σε
609 2812 671 2866 τὸ
708 2810 1003 2884 θορυϐοῦν;
1029 2810 1190 2864 πόθεν
1231 2809 1329 2879 τὴν
1369 2805 1662 2876 ὑπόσχεσιν
1708 2800 1857 2876 [170]
1900 2803 2006 2855 ὑπ-

329 2902 584 2966 οπτεύεις
619 2901 712 2956 τοῦ
745 2900 919 2965 Θεοῦς
948 2900 1022 2952 Τὸ
1045 2899 1154 2969 γάρ
1182 2894 1594 2965 καταφρονῆσαι
1629 2890 1725 2963 μὲν
1761 2891 1828 2944 δι’
1847 2889 2007 2944 αὐτὸν

329 2991 431 3047 τοῦ
472 2990 682 3062 κόσμου
736 2988 958 3052 παντὸς,
1004 2986 1183 3055 λέγειν
1224 2983 1281 3037 δὲ
1321 2980 1481 3035 πάλιν
1521 2978 1828 3050 ἠμελῆσθαι
1877 2979 2006 3048 παρ’

334 3078 522 3146 αὐτοῦ,
549 3078 704 3132 οὐδὲν
725 3075 913 3148 ἕτερόν
938 3077 1086 3128 ἐστιν
1112 3072 1147 3142 ἦ
1176 3068 1531 3131 ἀπιστοῦντος
1559 3066 1655 3120 καὶ
1675 3064 2009 3119 ὑποπτεύον-

333 3185 447 3232 τος,
479 3167 575 3221 καὶ
599 3166 815 3234 ἀπάτην
835 3163 932 3234 τὴν
962 3158 1291 3229 ἐπαγγελίαν
1318 3154 1533 3226 ἐκείνην
1571 3149 1711 3206 εἶναι
1746 3150 2009 3222 νομίζον-

332 3272 457 3318 τος·
508 3256 647 3325 ὅπερ
692 3249 906 3316 ἀληθῶς
954 3251 1072 3302 ἐστι
1111 3246 1391 3317 δαιμονᾷν,
1418 3244 1514 3297 καὶ
1554 3241 1615 3295 τὸ
1644 3240 1743 3311 τῆς
1786 3238 2009 3311 γεέννης

336 3341 728 3415 προκαλεῖσθαι
754 3338 886 3412 πῦρ.
905 3337 1045 3392 Ἀλλ’
1066 3336 1171 3389 εἰσί
1192 3350 1336 3397 τινες
1358 3333 1407 3386 οἳ
1431 3330 1701 3401 βιωτικοῖς
1722 3326 2012 3415 ἐνστρεφό-

339 3414 493 3507 μενοι
522 3431 830 3504 πράγμασι,
857 3430 915 3482 ὲν
962 3425 1144 3480 ἀνέσει
1175 3421 1420 3491 διάγουσι
1439 3437 1454 3451 ο
1488 3418 1581 3473 καὶ
1605 3418 1713 3489 γάρ
1738 3415 1832 3507 καῖ
1854 3414 2012 3468 τοῦτο

335 3504 598 3596 προεῖπεν
633 3521 662 3575 ὁ
686 3517 939 3590 Χριστός·
971 3512 1158 3584 Ἀμὴν
1184 3511 1316 3582 7&9,
1341 3508 1504 3580 ἀμὴν
1527 3507 1683 3576 λέγω
1707 3504 1871 3596 ὑμῖν,
1902 3521 2011 3596 φη-

337 3594 445 3678 σίν,
478 3611 567 3666 ὅτι
616 3610 915 3664 κλαύσετε
956 3604 1057 3658 καὶ
1098 3600 1431 3671 θρηνήσετε
1461 3596 1631 3668 ὑμεῖς
1653 3615 1669 3630 ο
1717 3599 1749 3651 ό
1792 3594 1861 3649 δὲ
1912 3595 2013 3648 κό-

336 3716 494 3770 σμος
527 3695 874 3769 χαρήσεται.
907 3692 1018 3747 Καὶ
1042 3692 1136 3744 ἐπὶ
1159 3687 1267 3743 τῶν
1295 3686 1577 3759 προτέρων
1601 3684 1658 3737 δὲ
1684 3682 1886 3752 γενεῶν
1906 3681 2013 3770 Ba-

337 3768 592 3844 συλώνιοι
630 3785 729 3857 μὲν
755 3785 806 3837 οἰ
850 3781 986 3854 μηδέ
1024 3780 1115 3833 τὸν
1134 3777 1267 3832 Θεὸν
1297 3774 1518 3837 εἰδότες,
1550 3775 1608 3826 ἐν
1647 3770 1863 3841 πλούτῳ
1918 3768 2013 3823 καὶ

335 3876 629 3949 δυναστείᾳ
670 3865 812 3946 ἦσαν
859 3873 953 3927 καὶ
994 3872 1151 3942 τιμῇ,
1200 3866 1445 3922 Ἰουδαῖοι
1487 3863 1546 3917 δὲ
1586 3864 1647 3918 ἐν
1669 3860 2014 3934 αἰχμαλωσίᾳ

338 3969 438 4026 καὶ
462 3965 675 4036 δουλείᾳ
695 3964 791 4019 καὶ
827 3965 939 4025 τοῖς
963 3959 1213 4031 ἐσχάτοις
1238 3958 1448 4018 κακοῖς.
1485 3954 1593 4007 Kal
1627 3951 1879 4023 Λάζαρος
1914 3950 2013 4020 μὲν

337 4062 368 4112 ὁ
395 4057 503 4111 τῶν
533 4053 778 4128 οὐρανῶν
806 4048 953 4117 ἄξιος
981 4050 1077 4101 καὶ
1105 4047 1206 4117 τῆς
1229 4041 1503 4115 βασιλείας
1527 4040 1631 4110 τῆς
1662 4041 1798 4128 ἐκεῖ,
1821 4038 2014 4128 εἱλκω-

343 4146 505 4218 μένος
527 4124 648 4206 ταῖς
682 4140 793 4195 τῶν
820 4136 998 4192 κυνῶν
1026 4133 1314 4205 προέκειτο
1340 4124 1807 4218 γλώττας-λιμῷ
1842 4124 2013 4218 μαχᾴ-

345 4214 507 4307 μενος
544 4232 785 4304 διηνεκεῖ
808 4246 822 4260 θ
857 4230 885 4283 ὀ
911 4227 969 4280 δὲ
999 4223 1254 4285 πλούσιος
1288 4221 1348 4273 ἐν
1391 4219 1526 4289 τιμῇ
1566 4216 1662 4307 καὶ
1713 4214 2014 4307 δορυφορία

342 4298 439 4378 καὶ
470 4298 654 4376 ἀνέσει
684 4318 776 4373 καὶ
800 4317 980 4387 τρυφῇ
1001 4330 1014 4344 ·
1048 4311 1164 4367 ἀλλ’
1187 4311 1336 4381 ὅμως
1356 4307 1508 4361 οὐδὲν
1532 4303 1655 4359 οὐτε
1684 4298 1837 4387 οὗτος
1856 4305 1926 4387 ἐν

341 4405 537 4476 γεέννῃ
581 4402 787 4457 τούτων
819 4384 1093 4461 ἀπώνατο,
1125 4392 1248 4449 οὐτε
1283 4392 1534 4460 Λάζαρος
1577 4389 1698 4476 ἀπὸΔ
1728 4385 1823 4441 τοῦ
1855 4384 2015 4476 λιμοῦ

341 4474 440 4549 καὶ
486 4474 597 4546 τῶν
647 4489 978 4563 τραυμάτων
1028 4486 1107 4546 εἰς
1150 4482 1251 4554 τὴν
1297 4479 1586 4550 ἀκρίϐειαν
1617 4474 2015 4563 τοῦῌπαρόντος

343 4573 662 4648 παρεϐλάϐη
683 4557 826 4644 τβίου
846 4587 860 4603 ⁶
903 4569 1016 4624 ἀλλ’
1047 4566 1234 4636 ῶσπερ
1264 4580 1346 4627 τις
1374 4562 1621 4631 γενναῖος
1667 4557 1927 4648 ἀθλητὴς,
1959 4558 2016 4648 ἐν

343 4644 542 4736 αὐχμῷ
568 4644 662 4717 καῖ
698 4661 880 4728 πνίγει
914 4655 1201 4728 βαρυτάτῳ
1245 4650 1510 4714 παλαίων,
1547 4648 1644 4701 καὶ
1679 4645 1898 4736 ἐνίκησε
1924 4644 2017 4698 καὶ

343 4734 718 4822 ἐστεφανώθη.
758 4746 860 4801 Διά
902 4744 1061 4799 τοῦτο
1092 4742 1185 4796 καί
1219 4756 1301 4803 τις
1332 4737 1493 4807 σοφός
1513 4747 1540 4776 α
1570 4751 1703 4805 φησι
1722 4751 1736 4764 ⁸
1774 4734 2014 4822 Τέκνον,

341 4844 395 4897 ει
415 4820 727 4910 προσέρχῃ*
753 4836 1067 4891 δουλεύειν
1086 4829 1304 4897 Κυρίῳ,
1323 4826 1647 4896 ἐτοίμασον
1672 4822 1788 4891 τὴν
1807 4820 2020 4891 ψυχήν

343 4946 462 4987 σου
512 4931 599 4996 είς
629 4925 997 4997 πειρασμόν·
1029 4920 1287 4975 εὔθυνον
1319 4914 1433 4983 τὴν
1465 4911 1717 4982 καρδίαν
1752 4926 1891 4975 σου,
1917 4910 2016 4964 καί

345 5017 742 5089 καρτέρησον,
780 5012 880 5068 καί
925 5009 1012 5082 μὴ
1058 5008 1339 5074 σπεύσῃς
1367 5004 1438 5057 ἐν
1462 5000 1645 5070 καιρῷ
1679 4998 2015 5070 ἐπαγωγῆς.

345 5108 458 5162 Kal
501 5104 618 5177 μετ’
668 5102 825 5171 ὀλίγα
869 5100 1034 5171 φησὶν
1064 5095 1280 5160 ὄτι,Ἐν
1309 5091 1451 5161 πυρὶ
1484 5088 1849 5177 δοκιμάζεται
1876 5105 2020 5157 χρυ-

342 5194 479 5261 σὸς,
503 5174 608 5247 καί
649 5192 947 5257 ἄνθρωποι
977 5184 1174 5239 δεκτοὶ
1218 5183 1288 5235 ἐν
1319 5180 1546 5250 καμίνῳ
1584 5174 2015 5241 ταπεινώσεως.

345 5283 456 5338 Kal
506 5281 668 5335 πάλιν
710 5276 944 5348 ἀλλαχοῦ
972 5274 1121 5343 λέγει
1146 5290 1158 5302 ο
1196 5270 1442 5336 Τέκνον,
1461 5266 1548 5339 μὴ
1584 5264 1851 5335 ὀλιγώρει
1883 5279 2019 5317 παι-

344 5368 511 5437 δείας
546 5370 792 5437 Κυρίου,
803 5364 958 5437 μηδὲ
992 5362 1214 5417 ἐκλύου
1246 5359 1349 5413 ὑπ’
1373 5354 1560 5411 αὐτοῦ
1596 5352 2014 5437 ἐλεγχόμενος.

358 5460 417 5513 Ὀ
445 5435 555 5530 γάρ
588 5435 651 5510 τδ
692 5435 914 5527 χρυσίον
944 5453 1025 5515 εἰς
1073 5449 1172 5519 τὴν
1209 5442 1439 5516 κάμινον
1476 5440 1761 5530 ἐμϐάλλων
1794 5435 1902 5493 οἶδε
1927 5441 2021 5530 καὶ

351 5527 693 5620 μέχριντίνος
725 5541 856 5597 αὐτὸ
886 5537 1205 5612 πυρωθῆναι
1221 5535 1251 5576 ιι
1277 5535 1377 5599 δεῖ,
1402 5531 1495 5586 καὶ
1518 5530 1649 5584 πότε
1676 5527 2023 5598 ἀνασπασθῆ-

409 5722 437 5752 ⁸
461 5719 594 5771 C0“).
623 5719 778 5770 codex
802 5714 941 5773 5036,
963 5718 1017 5761 et
1033 5712 1180 5761 Savil.
1209 5726 1277 5766 τις
1296 5708 1585 5773 σοφῴτατος.

406 5768 690 5835 δειῖοοιό.
722 5788 776 5831 el
795 5768 943 5830 Sam;
972 5774 1142 5826 Morel.
1167 5784 1284 5826 vero
1301 5768 1553 5833 προθεῖναι.

1335 318 1713 377 STAGIRIUM
1751 322 1794 375 Α
1834 320 2144 378 ῡᾹΞΜΟΝΕ
2191 322 2552 379 νΕχΑτυΜ.
2593 323 2725 379 LIB.
2761 323 2802 379 1.

3673 331 3785 386 ιιο»

2103 456 2211 492 ναι.
2236 441 2335 494 Διά
2371 438 2527 493 τοῦτο
2548 431 2700 504 οὗτος
2729 440 2828 512 μέν
2860 456 3022 511 φησι·
3059 441 3466 513 Μὴσπεύσῃς
3494 444 3564 498 ὲν
3591 445 3772 514 καιρῷ

2101 524 2432 596 ἐπαγωγῆς.
2449 527 2507 580 Ὀ
2533 524 2589 578 δὲ
2621 526 2872 598 Σολομὼν
2919 526 3052 581 αὐτὸ
3100 528 3257 584 τοῦτο
3281 531 3546 586 διδάσκων
3583 532 3769 600 ἐλεγεο

2101 613 2198 682 Μὴ
2231 614 2456 669 ἐκλύου
2488 613 2589 668 ὑπ’
2618 615 2805 669 αὐτοῦ
2834 615 3249 686 ἐλεγχόμενος.
3277 618 3435 687 Μέγα
3466 617 3573 690 γὰρ
3596 622 3628 690 ἡ
3663 620 3774 672 0).?-

2101 701 2216 772 ψις,
2253 701 2397 773 μέγα
2427 702 2564 774 πρὸς
2588 696 2649 755 τὸ
2682 702 2902 774 δόκιμον
2939 703 3275 775 ἐργάσασθαι
3309 704 3501 773 ἀνδρα,
3525 707 3618 760 καὶ
3642 723 3775 759 παι-

2103 787 2289 841 δεῦσαι
2343 789 2441 858 τῆς
2495 788 2773 859 ὑπομονῆς
2820 788 2918 859 τὴν
2953 791 3172 862 ἀρετήν.
3204 790 3269 843 Τί
3307 787 3416 857 οὖν,
3486 793 3668 863 φησιν,
3706 793 3772 847 ἂν

2104 874 2406 947 περιτρέψῃ
2426 886 2448 913 ο
2482 876 2575 929 καὶ
2601 875 2882 949 καταϐάλῃ
2911 876 2997 931 διά
3022 878 3120 948 τῆς
3143 878 3474 950 ὐπερϐολῆς;
3499 880 3720 947 Πιστὸς
3741 886 3776 935 ό

2105 962 2269 1027 Θεὸς,
2305 962 2374 1029 ὃς
2420 964 2532 1017 οὐκ
2579 963 2746 1018 ἐάσει
2783 962 2942 1034 ἡμᾶς
2984 966 3383 1034 πειρασθῆναι
3432 966 3588 1036 ὑπὲρ
3611 966 3644 1021 ὃ
3670 966 3780 1037 δυ*

2101 1050 2360 1119 νάμεθα,
2399 1052 2561 1106 ἀλλὰ
2597 1052 2719 1106 σὺν
2754 1050 2834 1118 τῷ
2879 1052 3186 1122 πειρασμῷ
3233 1055 3472 1120 ποιήσει
3516 1055 3616 1108 καὶ
3662 1055 3778 1122 τὴν

2102 1135 2355 1191 ἔκϐασιν
2385 1136 2491 1191 τοῦ
2532 1135 2825 1192 δύνασθαι
2867 1136 3026 1209 ἡμᾶς
3069 1140 3442 1211 ὑπενεγκεῖν.
3475 1141 3539 1194 Εἰ
3571 1140 3682 1212 7&9
3717 1141 3777 1208 ἐξ

2102 1225 2323 1295 ἀγάπης
2353 1225 2450 1294 μὲν
2497 1225 2530 1295 ἡ
2574 1225 2813 1291 παιδεία,
2843 1229 2876 1298 ἡ
2904 1227 2960 1280 δὲ
2990 1228 3374 1297 ἐγκατάλειψις
3415 1228 3522 1282 ἀπὸ
3564 1230 3774 1298 μίσους,

2103 1310 2204 1364 οὐκ
2244 1311 2359 1364 ἔστι
2409 1312 2502 1366 τοῦ
2549 1313 2715 1366 αὐτοῦ
2745 1313 2917 1382 φιλεῖν
2953 1312 3088 1385 ὁμοῦ
3123 1316 3216 1368 καὶ
3259 1318 3435 1386 μισεῖν
3468 1314 3560 1369 τὸν
3591 1314 3775 1378 αὐτὸν,

2104 1397 2224 1451 οὐδὲ
2256 1399 2529 1453 παιδεύειν
2555 1400 2689 1470 ὁμοῦ
2713 1400 2805 1454 καὶ
2826 1402 3344 1472 ἐγκαταλιμπάνειν.
3376 1401 3502 1465 Πῶς
3535 1397 3629 1455 οὖν
3657 1400 3782 1454 πολ-

2105 1484 2186 1539 λοὶ
2243 1487 2581 1555 κατέπεσον;
2643 1488 2826 1560 φησίν.
2867 1489 3122 1553 Ἑαυτοὺς
3168 1491 3641 1562 ἀποστερήσαντες
3682 1489 3778 1544 τοῦ

2106 1571 2264 1639 Θεοῦ,
2313 1575 2373 1627 οὐ
2428 1575 2878 1645 καταλειφθέντες
2925 1577 3017 1630 ὐπ’
3040 1576 3222 1631 αὐτοῦ.
3242 1577 3397 1632 Ἰδοὺ
3442 1577 3552 1648 γὰρ
3595 1579 3647 1632 οί
3667 1593 3782 1646 μα-

2107 1664 2432 1732 κρύνοντες
2482 1664 2736 1731 ἑαυτοὺς
2781 1664 2901 1720 ἀπὸ
2937 1666 3054 1720 σοῦ
3105 1665 3499 1720 ἀπολοῦνται.
3552 1664 3783 1737 Μακρύ·

2105 1767 2255 1804 νουσι
2291 1751 2349 1804 δέ
2380 1751 2454 1823 μὴ
2487 1750 2745 1823 φέροντες
2778 1751 2878 1816 τάς
2905 1750 2999 1805 τοῦ
3029 1751 3166 1805 Θεοῦ
3201 1751 3469 1818 παιδείας,
3492 1751 3606 1804 ἀλλ’
3629 1752 3784 1822 ὀργι-

2106 1839 2321 1910 ζόμενοι
2356 1839 2451 1893 καὶ
2481 1839 3035 1912 δυσανασχετοῦντες·
3073 1839 3167 1893 καὶ
3213 1839 3469 1910 καθάπερ
3500 1841 3549 1892 οί
3582 1838 3784 1910 μοχθη-

2108 1927 2193 1998 ροὶ
2222 1927 2329 1982 τῶν
2364 1927 2591 1993 παίδων,
2627 1927 2734 1981 τῶν
2762 1928 3012 2000 πατέρων
3034 1927 3233 1991 αὐτοὺς
3261 1927 3399 2000 πρὸς
3427 1925 3780 1988 διδασκάλους

2107 2016 2455 2088 πεμπόντων,
2472 2015 2539 2070 ἂν
2564 2017 2691 2080 τούς
2713 2016 2830 2069 ἐκεῖ
2860 2016 3055 2079 πόνους
3083 2016 3175 2069 καὶ
3201 2014 3299 2079 τάς
3320 2012 3547 2083 ὀλίγαςά
3583 2013 3783 2083 φυγόν-

2106 2122 2197 2169 τες
2244 2105 2460 2177 πληγάς
2502 2105 2601 2176 τῆς
2643 2104 2752 2159 τῶν
2775 2104 2977 2174 γονέων
3012 2103 3364 2174 ἀποπηδῶσιν
3394 2102 3591 2172 ὅψεως,
3623 2101 3779 2172 ἐκέρ-

2106 2194 2262 2248 δανόν
2301 2211 2362 2247 τε
2399 2194 2573 2259 οὐδὲν,
2610 2194 2704 2248 καὶ
2738 2194 2978 2266 χείροσιν
3026 2194 3254 2256 ἐαυτοὺς
3291 2191 3652 2263 περιέπειραν
3684 2208 3783 2244 κα-

2108 2283 2245 2347 κοῖς,
2285 2282 2342 2333 ἐν
2373 2280 2629 2354 ἀλλοτρία
2656 2280 2948 2352 λιμώττειν
2981 2281 3075 2334 καὶ
3101 2280 3333 2333 ἀλᾶσθαι
3367 2280 3460 2333 καὶ
3487 2281 3661 2331 νοσεῖν
3688 2277 3783 2330 καὶ

2107 2367 2471 2439 ἀτιμάζεσθαι
2499 2370 2592 2424 καὶ
2618 2369 2891 2423 δουλεύειν
2923 2367 3360 2440 ἀναγκαζόμενοι
3386 2385 3399 2398 ·
3431 2365 3574 2419 οὓτω
3606 2367 3700 2419 καὶ
3734 2367 3781 2418 οί

2105 2454 2204 2526 τῆν
2245 2454 2339 2508 τοῦ
2372 2454 2505 2508 Θεοῦ
2545 2454 2794 2509 παιδείαν
2837 2454 3173 2527 εὐχαρίστως
3219 2453 3295 2526 μὴ
3340 2453 3615 2523 φέροντες,
3647 2450 3783 2504 ἀλλά

2107 2540 2649 2613 δυσανασχετοῦντες,
2676 2542 2811 2612 πρὸς
2838 2541 2915 2612 τῷ
2959 2540 3125 2612 μηδὲν
3167 2540 3227 2608 ἐξ
3256 2539 3409 2613 [171]
3440 2539 3611 2608 αὐτῆς
3649 2553 3785 2608 κάρ-

2109 2628 2393 2684 πώσασθαι
2426 2630 2522 2684 καὶ
2549 2632 2672 2694 ταῖς
2704 2629 2960 2700 ἐσχάταις
2988 2629 3213 2691 ἑαυτοὺς
3236 2626 3620 2700 περιϐάλλουσι
3654 2641 3785 2695 συμ-

2109 2721 2322 2790 φοραῖς.
2360 2717 2461 2771 Διά
2507 2717 2665 2771 τοῦτο
2713 2721 3004 2791 καρτερεῖν
3057 2714 3507 2788 παρηγγέλμεθα,
3550 2713 3646 2767 καὶ
3684 2713 3785 2784 τὴν

2109 2805 2334 2877 καρδίαν
2365 2805 2610 2859 εὐθύνειν
2653 2804 2750 2876 τὴν
2777 2805 3006 2859 ἑαυτῶν.
3027 2804 3186 2860 Ἀλλά
3218 2802 3398 2875 πολλῷ
3429 2800 3786 2874 χαλεπώτερα

2110 2892 2405 2956 πέπονθας.
2455 2892 2592 2945 Οὐδὲ
2618 2891 2727 2963 γάρ
2756 2894 2806 2945 οί
2838 2893 3186 2965 παιδοτρίϐαι
3215 2892 3424 2954 πάντας
3461 2889 3660 2960 ὁμοίως
3691 2889 3786 2942 xal

2110 2978 2190 3032 ἐνὶ
2234 2977 2422 3049 τρόπῳ
2455 2976 2845 3048 γυμνάζουσιν,
2883 2977 3020 3032 ἀλλὰ
3067 2982 3181 3042 τοῖς
3235 2977 3333 3049 μὲν
3378 2975 3788 3045 ἀσθενεστέροις

2110 3066 2372 3129 ἀσθενεῖς,
2411 3068 2523 3128 τοῖς
2565 3065 2623 3118 δὲ
2664 3066 2930 3132 γενναίοις
2954 3065 3228 3128 τοιούτους
3253 3077 3276 3106 θ
3300 3063 3628 3134 παρέχουσιν
3660 3064 3787 3114 ἀντ⁴

2110 3152 2449 3220 ἀγωνιστάς·
2485 3153 2513 3204 ὀ
2554 3151 2662 3222 7&9
2696 3151 2905 3205 ἐλάττω
2952 3152 3049 3223 τῆς
3094 3153 3304 3217 οἰκείας
3352 3150 3635 3220 δυνάμεως
3693 3149 3788 3202 λα-

2111 3238 2221 3292 ϐὼν
2248 3238 2339 3291 τὸν
2369 3238 2798 3309 ἀνταγωνιστὴν,
2825 3238 2926 3293 κᾶν
2966 3239 3032 3292 δι’
3061 3240 3189 3310 ὅλης
3228 3238 3377 3310 αὐτῷ
3408 3237 3788 3309 συμπλέκηται

2109 3327 2207 3398 τῆς
2235 3325 2470 3397 ἡμέρας,
2501 3326 2710 3389 ἐκεῖνος
2739 3326 3087 3396 ἀγύμναστος
3129 3326 3349 3397 ἔμεινεχ
3374 3325 3498 3390 Πῶς
3535 3321 3648 3390 οὖν,
3685 3342 3791 3395 φη-

2114 3417 2186 3481 σὶ,
2231 3416 2359 3478 τοὺς
2388 3415 2478 3468 τὸν
2515 3415 2679 3468 αὐτὸν
2712 3414 3161 3486 ἐπανῃρημένους
3203 3415 3339 3485 βίον,
3371 3415 3435 3469 οὐ
3462 3417 3574 3479 τοῖς
3603 3415 3791 3479 αὐτοῖς

2111 3503 2295 3558 ἀθλεῖν
2320 3501 2544 3574 ἐποίησε
2577 3502 2793 3567 πόνοις;
2824 3502 2947 3554 Ὅτι
2995 3502 3056 3555 οὐ
3109 3501 3205 3572 μία
3252 3501 3405 3570 παρὰ
3435 3501 3553 3572 Θεῷ
3573 3518 3788 3571 γυμνα-

2115 3589 2236 3654 σίας
2272 3589 2403 3654 ἰδέα,
2432 3587 2554 3641 οὐδέ
2594 3588 2702 3641 τῶν
2741 3586 2921 3641 αὐτῶν
2943 3587 3182 3651 ἅπαντες
3201 3588 3430 3653 δέονται,
3462 3587 3565 3641 κᾶν
3595 3590 3651 3640 ἐν
3677 3592 3787 3651 τοῖς

2113 3678 2295 3741 αὐτοῖς
2315 3669 2417 3730 ῶσῖ
2438 3693 2450 3707 ·
2477 3675 2574 3729 καὶ
2607 3674 2715 3746 γὰρ
2733 3674 3013 3739 νοσοῦντες
3042 3675 3228 3728 πολλοὶ
3249 3677 3370 3739 ταῖς
3399 3675 3589 3738 αὐταῖς
3614 3674 3789 3737 νόσοις

2113 3764 2174 3816 οὐ
2216 3763 2327 3818 τῶν
2365 3761 2544 3816 αὐτῶν
2582 3760 2880 3841 ἐδεήθησαν
2925 3761 3257 3833 φαρμάκων,
3293 3760 3408 3816 ἀλλ’
3434 3760 3638 3831 ἐτέρων
3687 3760 3788 3830 μὲν

2114 3842 2281 3917 οῦτοι,
2310 3849 2512 3921 ἐτέρων
2546 3848 2605 3902 δέ
2632 3850 2850 3903 ἐκεῖνοι.
2893 3849 2992 3902 Διά
3023 3848 3182 3902 τοῦτο
3215 3847 3447 3902 ποικίλοι
3481 3848 3576 3901 καὶ
3603 3847 3792 3915 διάφε-

2118 3958 2202 4014 ροι
2229 3938 2339 3995 τῶν
2368 3938 2646 4012 μαστίγων
2668 3940 2718 3992 οἰ
2748 3938 2959 4009 τρόποι,
2991 3939 3086 3992 καὶ
3115 3940 3143 3991 ὁ
3171 3937 3271 4009 μὲν
3318 3937 3458 4006 νόσῳ
3501 3936 3788 4006 δοκιμάζε-

2113 4046 2204 4083 ται
2238 4030 2445 4101 μακρᾷ,
2478 4030 2509 4081 ὁ
2530 4028 2588 4081 δέ
2615 4026 2889 4099 βαρυτάτῃ
2924 4025 3103 4098 πενίᾳ,
3134 4025 3212 4097 τῷ
3243 4023 3524 4096 βιάζεσθαι
3559 4025 3653 4079 καὶ
3675 4025 3790 4078 ἀδι-

2116 4119 2328 4174 κεῖσθαι
2367 4119 2553 4191 ἕτερος
2576 4118 2621 4185 ί,
2672 4118 2829 4182 ἀλλος
2876 4117 2956 4188 τῷ
3003 4120 3247 4188 συνεχεῖς
3302 4118 3396 4171 καὶ
3442 4116 3788 4189 ἐπαλλήλους

2115 4207 2382 4270 θανάτους
2409 4207 2503 4260 καὶ
2531 4205 2735 4260 παίδων
2764 4207 2858 4259 καὶ
2891 4204 3001 4259 τῶν
3025 4206 3174 4276 αὐτῴ
3208 4204 3593 4277 προσηκόντων
3626 4204 3752 4259 ἰδεῖν
3770 4221 3785 4235 ⁵

2115 4294 2211 4346 καὶ
2239 4285 2394 4356 οὗτος
2430 4293 2528 4363 μὲν
2558 4292 2637 4363 τῷ
2665 4292 2816 4365 παρὰ
2836 4293 3052 4347 πάντων
3081 4291 3515 4364 ἀποῤῥίπτεσθαι
3543 4295 3639 4346 καὶ
3665 4292 3788 4363 μηδ’

2116 4380 2234 4445 ἐνὸς
2266 4377 2546 4443 ἀξιοῦσθαι
2596 4379 2778 4448 λόγου,
2810 4381 3017 4442 ἐκεῖνος
3062 4379 3118 4432 δέ
3166 4378 3245 4448 τῷ
3281 4379 3663 4433 διαϐάλλεσθαι
3702 4377 3792 4447 ἐφ’

2115 4464 2197 4535 οἷς
2222 4469 2374 4523 οὐδὲν
2399 4464 2578 4537 ἐαυτῷ
2608 4465 2839 4531 σύνοιδε,
2881 4467 2978 4521 καὶ
3010 4468 3254 4536 πονηράς
3293 4465 3454 4537 δόξης
3502 4466 3789 4536 ἀνέχεσθαι

2119 4558 2304 4630 βάρος,
2332 4558 2425 4610 καὶ
2453 4556 2610 4618 ἄλλος
2640 4554 2813 4617 ἄλλως
2831 4572 2843 4585 ·
2880 4554 3001 4607 οὐδὲ
3029 4554 3139 4625 γὰρ
3167 4553 3391 4606 δυνατὸν
3417 4553 3631 4608 ἅπαντα
3654 4555 3790 4624 μετά

2117 4645 2401 4717 ἀκριϐείας
2425 4641 2894 4716 ἐξαριθμήσασθαι
2925 4640 3039 4697 νῦν.
3065 4640 3280 4696 Τούτων
3305 4640 3364 4693 δὲ
3390 4640 3616 4694 ἕκαστον
3645 4640 3791 4695 δοκεῖ

2122 4735 2242 4806 μὲν,
2279 4733 2403 4787 ὅσον
2429 4732 2564 4803 πρὸς
2593 4732 2691 4802 τὴν
2711 4730 2819 4786 τῶν
2843 4730 2950 4785 σῶν
2982 4729 3284 4802 παράθεσιν
3319 4729 3639 4802 συμφορῶν,
3662 4730 3791 4783 κοῦ-

2120 4811 2218 4891 φόν
2251 4816 2389 4874 εἶναι
2433 4821 2526 4873 καὶ
2566 4818 2751 4872 οὐδέν·
2803 4820 2851 4871 εἰ
2893 4818 2952 4872 δὲ
3001 4820 3059 4872 ἐν
3109 4817 3277 4889 πείρα
3309 4818 3577 4889 κατέστης
3609 4818 3789 4872 αὐτῶν

2120 4908 2322 4979 ἔμαθες
2349 4905 2416 4962 ἂν
2453 4908 2535 4961 ὅτι
2559 4905 2717 4961 τοῦτο
2737 4907 2820 4976 ἐφ’
2845 4899 2890 4975 ᾧ
2919 4908 2983 4961 σύ
3011 4905 3106 4960 νῦν
3132 4905 3334 4969 ἀλύεις,
3358 4905 3582 4960 ἐκείνων
3612 4906 3791 4977 πολλῷ

2120 4996 2502 5069 φορητὸτερον.
2531 4994 2594 5048 Εἰ
2614 4995 2670 5048 δὲ
2692 4995 2786 5049 καὶ⁸
2804 4994 2910 5048 εἰσί
2938 5011 3081 5058 τινες
3110 4993 3328 5050 ἔλαττον
3358 4993 3517 5066 ἡμῶν
3537 4994 3789 5048 παιδευό-

2124 5103 2296 5158 μενοι,
2326 5083 2400 5155 μὴ
2430 5081 2913 5154 σκανδαλιξῶμεθα
2936 5083 3027 5136 ἐπὶ
3047 5081 3220 5153 τούτῳ
3238 5098 3252 5112 ⁸
3284 5083 3318 5153 ἡ
3342 5081 3451 5154 γὰρ
3471 5080 3578 5135 τῶν
3611 5082 3789 5133 πόνων

2120 5174 2373 5238 ἐπίτασις
2424 5172 2631 5244 μισθῶν
2673 5170 2923 5234 ἐπίτασίς
2958 5173 3074 5224 ἐστι
3128 5170 3223 5224 καὶ
3268 5169 3501 5242 ἔρεισμα
3548 5168 3789 5236 ἀσφαλὲς

2121 5264 2259 5337 πρὸς
2298 5263 2361 5317 τὸ
2406 5261 2604 5335 μηκέτι
2646 5261 2870 5323 ἑκόντας
2899 5258 2933 5329 ἢ
2976 5259 3206 5322 ἄκοντας
3244 5260 3497 5311 ἐκπεσεῖν
3519 5273 3532 5287 ο
3561 5255 3788 5325 καὶγὰρ

2120 5354 2289 5423 τῦφον
2326 5350 2700 5414 καταστέλλει,
2722 5349 2818 5402 καὶ
2851 5347 3122 5420 ῥᾳθυμίαν
3154 5347 3505 5417 ἀποστρέφει,
3533 5347 3627 5398 καὶ
3657 5361 3789 5416 φρο-

2186 5516 2207 5543 ο
2244 5513 2328 5562 Slc
2359 5511 2495 5564 Colla.
2523 5518 2577 5561 el
2594 5512 2740 5561 Sam.
2771 5510 2832 5558 Δι
2853 5507 3025 5557 Morel.
3051 5508 3329 5569 ἐπιστρέψῃ.

2180 5573 2207 5614 (1
2233 5576 2311 5624 Sic
2333 5573 2469 5626 Colb.
2499 5580 2551 5622 et
2571 5574 2720 5623 SaviL
2740 5570 2912 5620 Morel.
2935 5570 3117 5624 καὶτὰς
3139 5568 3329 5617 ἐκεῖθεν.

2189 5640 2212 5667 °
2234 5636 2407 5686 Morel.
2431 5636 2485 5683 οὐ
2504 5635 2759 5689 τοιούτους.
2786 5631 2914 5681 Infra
2937 5633 2986 5679 in
3020 5630 3197 5679 eodem
3219 5630 3326 5678 solo
3345 5632 3453 5690 post
3492 5626 3789 5689 ἐπανῃρημέ-

2121 5696 2575 5822 νοῖςὲίῖξΐέίῗΐπέξῗάῖ
2604 5759 2629 5807 ὁ
2654 5757 2703 5805 δὲ
2722 5756 2788 5819 τῷ
2817 5753 3053 5818 βιάζεσθαι
3074 5753 3153 5801 καὶ
3176 5752 3433 5801 διακεῖσθαι
3452 5749 3786 5813 ἱτιροςηηειίι.
