4124 6144
389 328 490 385 641

390 444 722 518 νιμωτέρους
765 447 935 512 ποιεῖ,
985 446 1080 501 καὶ
1124 448 1551 522 εὐλαϐεστέρους
1589 449 1899 524 ἐργάζεται.
1947 451 2059 505 Kal

389 531 528 596 ὅλως
567 535 616 586 εἰ
647 532 887 603 βούλοιτό
914 550 998 596 τις
1032 532 1346 607 ἐξαριθμεῖν
1386 538 1623 603 ἅπαντα,
1663 537 1835 592 πολλά
1874 538 1940 592 ἀν
1969 537 2062 590 εὖ-

394 631 518 686 ροιι
547 620 615 673 τά
644 620 808 691 κέρδη
833 620 942 675 τῶν
967 623 1312 693 πειρασμῶν,
1344 625 1439 679 καὶ
1466 625 1567 679 οὐκ
1596 624 1743 679 ἐστιν
1777 625 1953 688 οὐδεὶς
1988 617 2063 679 ὧν

392 705 559 771 πολὺς
590 707 739 778 παρὰ
776 707 855 780 τῷ
886 707 1005 779 Θεῷ
1034 708 1190 779 λόγος
1216 710 1447 782 θλίψεως
1478 712 1654 777 ἐκτὸς,
1692 711 1795 766 κᾶν
1824 714 1955 784 ἡμῖν
1988 712 2063 785 μὴ

390 791 532 846 οὓτω
563 794 842 865 φαίνηται.

460 883 526 946 ζ’.
568 882 633 937 Εἰ
670 883 779 955 γὰρ
823 885 853 937 ό
886 886 1155 957 μακάριος
1192 886 1405 950 Παῦλος
1428 888 1561 942 πολὺ
1583 887 1648 940 τὸ
1681 889 1914 958 πρᾶγμα
1958 887 2065 939 ὐπ-

389 970 628 1041 ἑμεινεν,
650 972 825 1038 οὐδεὶς
875 974 933 1028 δὲ
979 975 1189 1028 ἐκείνου
1220 975 1443 1045 μείζων,
1465 974 1721 1029 ἀλλὀὐδέ
1763 974 1876 1038 ῐσος
1923 973 2062 1039 ἐστὶ,

390 1059 508 1122 πῶς
571 1060 650 1114 ἔνι
710 1061 784 1133 μὴ
835 1061 1093 1134 δεηθῆναι
1130 1064 1229 1133 τῆς
1272 1063 1524 1135 βοηθείας
1576 1062 1783 1133 ταύτης
1831 1059 2064 1125 αὐτούς;

389 1147 453 1200 Εἰ
508 1147 567 1202 δέ
623 1166 769 1214 τινες
818 1150 940 1204 οὐδὲ
990 1153 1111 1214 ταῖς
1159 1150 1371 1220 θλίψεσι
1402 1149 1627 1214 ταύταις
1659 1146 2064 1221 ἐσωφρονίσθη-

390 1250 511 1299 σαν,
540 1236 723 1291 οὐκέτι
771 1237 930 1292 τοῦτο
981 1238 1133 1311 παρά
1177 1238 1275 1309 τὴν
1317 1237 1497 1293 αἰτίαν
1530 1236 1625 1292 τοῦ
1671 1238 1770 1309 τὴν
1818 1236 2067 1291 παιδείαν

389 1323 777 1391 ἐπαγαγόντος,
815 1322 952 1377 ἀλλά
992 1324 1141 1396 παρά
1176 1324 1277 1396 τὴν
1319 1324 1611 1395 ὀλιγωρίαν
1634 1324 1876 1378 ἐκείνων.
1909 1323 1972 1375 Εἰ
2010 1321 2066 1375 δέ

393 1407 467 1479 μὴ
515 1409 747 1481 ἐπετέθη
792 1409 854 1463 τὸ
904 1410 1219 1482 φάρμακον,
1247 1409 1397 1483 παρά
1443 1411 1503 1464 τὸ
1531 1409 1840 1482 ἠμελῆσθαι
1880 1407 2067 1474 ἔδοξαν

389 1493 456 1546 ἂν
504 1496 869 1551 ἀπολωλέναι*
938 1498 1033 1552 νῦν
1082 1498 1139 1552 δὲ
1184 1499 1244 1551 οὐ
1291 1498 1485 1570 μικρὸν
1518 1499 1745 1571 ῆνυσται
1786 1496 1848 1550 τὸ
1902 1495 2066 1567 μηδὲν

388 1585 663 1639 αἰτιᾶσθαι
713 1586 804 1639 τὸν
857 1587 1061 1658 ἰατρὸν,
1101 1587 1237 1641 ἀλλά
1282 1589 1407 1652 τοὺς
1460 1587 1772 1657 κάμνοντας
1820 1585 1916 1639 καὶ
1967 1583 2067 1655 τὴν

388 1673 720 1743 ἀπροσεξίαν
774 1674 974 1729 αὐτῶν.
1027 1676 1092 1728 Εἰ
1133 1675 1189 1728 δέ
1234 1691 1382 1738 τινες
1428 1676 1536 1746 πρὸ
1582 1673 1693 1727 τῶν
1743 1672 2066 1745 πειρασμῶν

389 1759 526 1830 ὀρθά
568 1760 874 1829 βαδίζοντες
930 1762 1067 1832 μετὰ
1104 1761 1202 1831 τήν
1243 1760 1449 1814 τούτων
1493 1758 1790 1830 ἐπαγωγὴν
1836 1758 2068 1812 κατέπε-

393 1863 503 1910 σον,
534 1848 629 1901 καὶ
671 1848 832 1902 πάλιν
874 1848 1049 1919 ἕτεροι
1096 1849 1276 1902 πᾶσαν
1318 1847 1682 1918 ἐπερχόμενοι
1720 1845 1941 1911 κακίαν,
1974 1846 2067 1899 οὐ-

387 1938 581 2009 δεμιᾶς
613 1936 845 2006 θλίψεως
886 1936 1275 2009 ἐπειράθησαν,
1317 1935 1468 1991 ἄλλοι
1497 1936 1552 1989 δὲ
1587 1937 1651 1988 ἐκ
1691 1934 1915 2007 πρώτης
1948 1934 2067 2006 ήλι-

392 2026 515 2087 κίας
564 2026 644 2087 εἰς
679 2024 916 2094 ἐσχάτας
966 2024 1243 2089 ἀναπνοὰς
1292 2023 1517 2095 μυρίαις
1564 2023 1888 2094 τρυχόμενοι
1931 2039 2068 2091 συμ-

392 2113 587 2182 φοραῖς
638 2112 965 2178 διετέλεσαν,
1016 2111 1205 2183 μηδενὶ
1254 2111 1461 2166 τούτων
1516 2109 1873 2182 θορυϐώμεθα
1916 2110 2066 2183 [172]

396 2199 527 2270 μηδὲ
582 2199 1034 2271 καταπίπτωμεν.
1091 2198 1155 2252 Εἰ
1203 2198 1303 2271 μὲν
1354 2199 1464 2272 γάρ
1513 2200 1733 2254 ἃπασαν
1778 2199 2069 2269 δυνάμενοι

392 2288 483 2341 καὶ
530 2286 833 2356 ὀφείλοντες
878 2287 978 2358 τῆς
1011 2287 1268 2359 προνοίας
1301 2287 1465 2343 αὐτοῦ
1497 2286 1596 2358 τὴν
1640 2285 1952 2359 οἰκονομίίιν
1994 2287 2071 2339 εἰ-

388 2350 585 2441 δέναιξ
611 2375 785 2429 ταῦτα
834 2350 1159 2448 ἠγνοοῦμεν,
1216 2378 1384 2449 ἐχρῆν
1428 2350 1661 2448 ἀθυμεῖν
1710 2350 1837 2431 καὶ·
1865 2350 2071 2449 ταράτ-

397 2464 608 2518 τεσθαι·
651 2466 700 2518 εἰ
734 2465 789 2517 δὲ
832 2465 927 2519 καὶ
956 2466 985 2518 ὁ
1014 2464 1286 2519 τοσούτων
1342 2466 1671 2538 ἀπορρήτων
1707 2468 2068 2538 κοινωνήσας,

394 2553 485 2607 xal
515 2555 595 2616 εἰς
640 2551 823 2624 τρίτον
864 2552 1104 2606 ἀνελθὼν
1152 2553 1398 2625 οὐρανὸν,
1453 2553 1722 2622 ἰλιγγίασε
1764 2554 1902 2626 πρὸς
1942 2555 2073 2608 ταύ-

391 2659 489 2713 την
537 2642 637 2713 τὴν
688 2640 943 2705 ἄϐυσσον,
996 2641 1091 2694 xal
1140 2640 1407 2711 διακύψας
1463 2640 1601 2712 πρὸς
1642 2640 1705 2693 τὸ
1761 2641 1924 2711 βάθος
1974 2643 2069 2696 τοῦ

392 2727 623 2781 πλούτου
684 2728 780 2781 καὶ
823 2729 923 2798 τῆς
974 2729 1164 2798 σοφίας
1208 2731 1302 2784 καὶ
1344 2728 1448 2799 τῆς
1488 2727 1746 2796 γνώσεως
1795 2730 1889 2784 τοῦ
1932 2730 2068 2784 Θεοῦ

392 2816 710 2886 κατεπλάγη
774 2817 954 2887 μόνον,
1010 2820 1105 2872 καὶ
1172 2819 1334 2882 εὐθὺς
1391 2818 1741 2891 ἀνεχώρησε,
1791 2820 1845 2873 τί
1894 2822 2071 2893 μάτην

393 2904 667 2975 κόπτομεν
701 2905 926 2970 ἑαυτοὺς
956 2906 1545 2979 πολυπραγμονοῦντες
1576 2909 1646 2963 τά
1671 2908 2073 2983 ἀνεξερεύνητα

394 2990 487 3045 καὶ
527 2991 814 3062 ζητοῦντες
857 2991 928 3047 τά
973 2992 1387 3063 ἀνεξιχνίαστας
1429 2994 1539 3047 Kal
1589 2992 1759 3067 ἰατρῷ
1812 2995 1911 3066 μὲν
1962 2999 2073 3062 τοῖς

394 3082 739 3152 φαινομένοις
781 3083 913 3154 ήμῖν
965 3082 1304 3154 συμφέρουσι
1347 3082 1607 3147 πολλάκις
1651 3084 1870 3138 ἐναντία
1898 3102 2072 3157 προσ-

392 3165 676 3231 τάττοντι,
741 3169 835 3221 καὶ
898 3167 958 3221 τὸ
1020 3166 1367 3237 καταψυχθὲν
1431 3166 1591 3237 μέλος
1651 3167 1932 3222 ὑποθεῖναι
1982 3186 2073 3222 κε-

395 3252 601 3308 λεύοντι
647 3255 884 3327 κρουνῷ,
919 3256 1014 3309 καὶ
1054 3254 1189 3310 ἄλλα
1232 3253 1402 3308 πολλά
1440 3253 1668 3311 τοιαῦτα
1721 3256 2074 3329 ἐργαζομένῳ

394 3339 671 3409 παράδοξα
732 3339 833 3392 οὐκ
902 3337 1271 3409 ἀντιλέξομεν,
1331 3338 1447 3391 ἀλλ’
1505 3338 1693 3411 ἐπειδὴ
1767 3338 2073 3408 φθάσαντες

395 3422 694 3493 ἐπείσαμεν
744 3423 972 3485 ἑαυτοὺς
1036 3421 1117 3474 ὅτι
1164 3420 1241 3491 τῷ
1303 3421 1403 3492 τῆς
1463 3421 1659 3491 τέχνης
1717 3421 1862 3492 λόγῳ
1914 3420 2074 3475 τοῦτο

397 3510 563 3569 ποιεῖ,
610 3506 747 3574 μετὰ
781 3506 1093 3576 προθυμίας
1133 3504 1369 3576 εἴξομεν,
1404 3505 1581 3559 καίτοι
1620 3521 1685 3574 γε
1718 3506 2074 3577 διαμαρτόντι

399 3587 695 3651 πολλάκις·
743 3588 836 3642 τὸν
882 3588 941 3641 δὲ
996 3587 1128 3640 Θεὸν
1187 3588 1279 3641 τὸν
1331 3588 1584 3643 τοσοῦτον
1621 3589 1779 3659 ήμῶν
1834 3591 2075 3661 ἀφεστη-

401 3672 533 3725 κότα
567 3673 626 3724 ἐν
670 3672 877 3737 ἀπασι,
925 3671 1016 3727 τὸν
1075 3671 1403 3740 αὐτοσοφίαν
1451 3672 1609 3738 ὅντα,
1670 3673 1762 3727 τὸν
1817 3674 2075 3727 οὐδέποτε

399 3760 860 3830 διαμαρτάνοντα,
907 3759 1546 3831 πολυπραγμονήσομενς
1591 3759 1702 3812 Kal
1734 3760 1792 3813 ὃν
1830 3761 1928 3831 μὲν
1968 3761 2074 3815 ἔδει

400 3848 696 3921 λογισμοὺς
741 3850 1013 3916 ἀπαιτεῖν,
1059 3849 1237 3919 τούτῳ
1281 3847 1642 3917 πιστεύσομεν
1692 3847 1899 3915 ἁπλῶς,
2020 3849 2077 3903 δὲ

401 3937 511 3991 ἔδει
569 3938 715 4009 μόνῳ
746 3938 1044 4002 πιστεύειν,
1096 3936 1287 3990 τοῦτον
1323 3934 1551 3998 εὐθύνας
1585 3934 1680 3989 κα)⁸
1727 3934 1920 4003 λόγους
1967 3934 2077 3991 τῶν

403 4027 799 4098 πραττομένων
854 4027 1253 4096 ἀπαιτήσομεν,
1322 4022 1416 4076 καὶ
1479 4021 1916 4093 δυσχερανοῦμεν
1980 4022 2077 4094 τὴν

403 4115 661 4181 ἅγνοιαν;
698 4114 810 4166 Kal
842 4112 945 4166 ποῦ
983 4112 1158 4165 ταῦτα
1189 4110 1367 4181 ψυχῆς
1397 4109 1689 4174 εὐσεϐοῦς;
1729 4109 1841 4181 Μὴ,
1888 4108 2078 4177 δέομαι

403 4203 500 4255 καὶ
527 4201 812 4267 ἀντιϐολῶ,
848 4201 922 4273 μὴ
963 4200 1100 4271 πρὸς
1127 4198 1381 4254 τοσοῦτον
1421 4199 1616 4269 μανίας
1665 4198 1928 4270 ἔλθωμεν,
1960 4199 2076 4253 ἀλλ’

405 4293 464 4343 ἐν
512 4289 715 4344 ἀπασιν
755 4284 838 4353 οἷς
874 4290 940 4344 ἂν
988 4288 1305 4361 ἀπορῶμεν,
1363 4289 1539 4343 ἐκεῖνο
1582 4286 1953 4358 ἐπιλέγωμεν·
2002 4288 2081 4342 Τὰ

404 4377 659 4447 κρίματιὲ
702 4392 818 4433 σου
875 4377 1149 4443 ἄϐυσσος
1203 4375 1421 4442 πολλήι
1468 4377 1576 4428 Kal
1619 4374 1729 4446 γὰρ
1775 4375 1870 4428 καὶ
1920 4374 2080 4428 τοῦτο

404 4468 537 4522 αὐτὸ
566 4468 665 4539 τῆς
698 4466 793 4522 τοῦ
836 4466 971 4522 Θεοῦ
1006 4466 1196 4537 σοφίας
1229 4466 1346 4520 ἐστὶ
1377 4464 1439 4518 τὸ
1487 4464 1561 4537 μὴ
1594 4464 1771 4517 πάντα
1817 4464 1966 4535 ἡμᾶς
1998 4465 2076 4517 εἰ-

405 4550 553 4605 δέναι
587 4551 793 4621 σαφῶς.

479 4636 543 4689 Εἰ
579 4637 678 4708 μὲν
729 4636 838 4706 γάρ
875 4634 1229 4705 ἐπιστάμενοι
1264 4630 1362 4695 τὰς
1408 4631 1587 4694 αἰτίας
1621 4629 1728 4682 τῶν
1774 4628 2078 4700 γινομένων

408 4721 580 4786 οὓτως
627 4721 961 4792 ἐπειθόμεθα
1016 4720 1096 4792 τῷ
1154 4718 1302 4790 Θεῷ,
1358 4719 1458 4772 οὐκ
1515 4714 1583 4789 ἦν
1649 4719 1780 4787 ἡμῖν
1839 4717 2009 4779 πολὺς
2050 4718 2079 4768 ὁ

412 4810 633 4880 μισθὸς,
673 4810 793 4863 οὐδὲ
846 4809 1084 4872 πίστεως
1126 4807 1188 4861 τὸ
1227 4808 1457 4878 πρᾶγμα
1504 4804 1746 4876 ὑπῆρξεν
1785 4793 2075 4881 ἐπίδειξιςο

406 4900 534 4951 ὅταν
585 4898 643 4950 δέ
710 4897 875 4968 μηδὲν
925 4895 1129 4949 τούτων
1185 4895 1385 4957 εἰδότες
1426 4894 1520 4946 καὶ
1568 4893 1711 4946 οὕτω
1756 4892 2079 4964 στέργωμεν

408 4987 579 5041 εἴκειν
617 4986 820 5040 ἅπασιν
867 4985 1034 5041 αὐτοῦ
1075 4987 1188 5049 τοῖς
1228 4984 1654 5054 προστάγμασι,
1703 4984 1798 5037 καὶ
1850 4985 1932 5047 εἰς
1974 4984 2080 5038 ὐπ-

408 5072 579 5139 ακοὴν
624 5070 854 5142 γνησίαν
896 5070 992 5123 καὶ
1029 5071 1108 5133 εἰς
1155 5068 1338 5121 πίστιν
1383 5066 1671 5138 εἰλικρινῆ,
1720 5069 1951 5137 μέγιστα
1982 5068 2082 5131 ra;

408 5154 681 5227 ἡμετέρας
734 5154 1047 5225 ώφελοῦμεν
1094 5153 1292 5224 ψυχάς.
1335 5152 1444 5205 Kal
1505 5152 1615 5222 γάρ
1669 5151 1727 5204 ἓν
1768 5153 1926 5219 μόνον
1982 5169 2082 5204 πε-

406 5243 627 5299 πεῖσθαι
665 5242 795 5315 χρὴ,
838 5243 920 5295 ὅτι
965 5242 1354 5314 συμφερόντως
1381 5242 1513 5312 ἡμῖν
1559 5239 1775 5293 ἅπαντα
1817 5240 2082 5309 ἐπάγεται

408 5332 561 5404 παρὰ
617 5332 711 5386 τοῦ
746 5330 915 5385 Θεοῦο
950 5331 1041 5386 τὸν
1095 5330 1154 5385 δὲ
1212 5330 1414 5402 τρόπον
1454 5328 1648 5400 μηκέτι
1686 5329 1889 5399 ζητεῖν,
1949 5330 2084 5401 μηδὲ

407 5422 737 5493 ἀγνοοῦντας
781 5420 1070 5491 ἀσχάλλειν
1118 5420 1151 5493 ἢ
1205 5418 1460 5490 ἀθυμεῖν.
1505 5417 1641 5473 Οὐτε
1698 5418 1808 5491 γὰρ
1857 5420 2084 5475 δυνατὸν

472 5573 499 5602 ⁸
522 5570 658 5635 συιδ.
685 5576 739 5621 οι
782 5569 928 5635 Savil.
957 5570 1269 5635 εὕρῃτΡειυΙο
1294 5574 1401 5631 post
1441 5568 1609 5635 Morel.
1636 5572 1745 5620 οὔτε
1763 5570 1897 5635 ἡμεῖς
1916 5570 2087 5635 πρότε-

409 5645 492 5691 ρον
514 5634 707 5697 ἑαυτοὺς
732 5634 994 5690 πείσαντες,
1015 5633 1159 5683 ίῖοΙί).
1205 5634 1313 5682 οὔτε
1347 5633 1485 5695 ἡμεῖς
1513 5634 1718 5697 λέγομεν
1734 5633 1964 5697 πρότερον
2000 5633 2087 5697 a61-

406 5710 519 5749 τους
537 5696 799 5754 πείσαντες,
830 5697 977 5745 Savil.
1007 5698 1116 5747 οὐτε
1150 5697 1285 5757 ἡμεῖς
1327 5697 1394 5755 (in
1436 5708 1586 5756 marg.
1614 5695 1810 5745 additur
1829 5695 1916 5742 κάν
1942 5695 2085 5757 ζητῶ)

409 5757 826 5865 ἱρότερρνλαύτοὺς
863 5758 1121 5815 πείσαντες.
1168 5755 1271 5808 Mox
1299 5759 1409 5808 Sav.
1458 5765 1505 5807 el
1547 5755 1683 5809 (ἴση).
1720 5759 1798 5805 καὶ
1827 5758 1887 5813 εἰς
1922 5755 2083 5806 τοῦτο.

440 5828 534 5865 'or.
569 5832 618 5864 αι
657 5820 669 5833 '
695 5821 756 5865 53.:
777 5818 935 5865 τοῦτο.

440 5818 534 5865 iur.
569 5818 669 5865 ἀλλ’
695 5821 756 5876 εἷς
777 5818 935 5869 τοῦτο.

1180 333 1236 388 S.
1279 304 2091 391 JOANNISﬁCllﬂYSSSTOMI
2135 334 2452 392 ARCIIIEP.
2491 335 3045 395 CONSTANTINOP.

3725 345 3833 393 M2

2167 455 2342 509 ταῦτα
2390 453 2608 519 εἰδέναι,
2642 453 2764 507 οὐτε
2800 454 3095 526 συμφέρον,
3142 453 3201 507 τὸ
3236 453 3334 525 μὲν
3377 451 3465 507 διὰ
3510 451 3571 506 τὸ
3604 451 3835 526 θνητοὺς

2165 552 2332 621 εῖναι,
2384 556 2445 609 τὸ
2488 556 2545 609 δέ
2594 555 2683 610 διά
2729 555 2790 609 rb
2845 556 3055 625 ταχέως
3109 557 3188 619 εἰς
3247 553 3509 608 ἀπόνοιαν
3559 552 3829 625 αἴρεσθαι.

2165 647 2346 702 Πολλά
2372 649 2534 719 ήμεῖς
2566 649 2882 720 πράττομεν
2913 648 3021 702 τῶν
3050 650 3164 712 τοῖς
3196 647 3355 702 παισὶ
3398 649 3511 711 τοῖς
3540 648 3835 719 ἡμετέροις

2164 737 2464 792 δοκούντων
2497 739 2596 810 μὲν
2626 734 2766 793 εἶναι
2800 738 3101 810 βλαϐερῶν,
3148 738 3535 809 συμφερόντων
3566 736 3625 790 δὲ
3651 737 3830 806 ὅμωςο

2168 832 2259 884 καὶ
2296 818 2648 885 οὐτεέκεῖνοι
2675 832 2773 902 τὴν
2810 831 2988 885 αἰτίαν
3021 830 3232 896 ἀξιοῦσι
3267 830 3483 901 μαθεῖν,
3515 827 3641 882 οὔτε
3670 830 3835 897 ἡμεῖς

2168 922 2433 997 πρότερον
2456 925 2682 988 ἑαυτοὺς
2713 924 3003 987 πείσαντες
3026 924 3110 978 ὅτι
3134 922 3401 994 συμφέρει
3428 921 3490 974 τὸ
3524 921 3834 991 γινόμενον,

2165 1012 2339 1078 οὕτως
2397 1016 2491 1068 ἐπὶ
2539 1016 2601 1069 τὸ
2657 1016 2920 1087 πράττειν
3013 1015 3321 1087 ἐρχόμεθα,
3373 1013 3486 1068 ἀλλ’
3546 1014 3626 1076 είς
3674 1012 3838 1065 τοῦτο

2171 1109 2331 1178 μόνον
2370 1111 2563 1176 αὐτοὺς
2602 1110 3059 1182 παιδαγωγοῦμεν
3102 1110 3274 1165 εῐκειν
3297 1108 3380 1175 οἷς
3409 1109 3473 1164 ἀν
3504 1107 3837 1174 ἐπιτάξωσιν

2166 1201 2217 1253 οἱ
2255 1203 2512 1273 πατέρες,
2552 1203 2648 1257 καὶ
2685 1203 2851 1275 μηδὲν
2883 1204 3195 1275 περαιτέρω
3248 1202 3453 1274 ζητεῖν.
3508 1197 3643 1255 Εἶτα
3697 1199 3837 1270 πρὸς

2171 1297 2271 1369 μὲν
2311 1298 2439 1362 τοὺς
2491 1302 2670 1369 γονεῖς
2723 1301 2951 1372 καὶτῆς
3002 1301 3173 1372 αὐτῆς
3236 1299 3453 1369 φύσεως
3511 1300 3643 1370 ήμῖν
3679 1296 3838 1354 ὄντας

2167 1390 2309 1446 οὕτω
2355 1394 2739 1467 διακεισόμεθα
2784 1397 2880 1451 καὶ
2921 1397 3021 1450 οὐκ
3074 1395 3552 1467 ἀγανακτήσομεν,
3602 1391 3741 1465 πρὸς
3779 1390 3839 1444 δὲ

2169 1489 2259 1542 τὸν
2296 1489 2448 1555 Θεὸν,
2481 1485 2542 1546 οὗ
2574 1492 2636 1545 τὸ
2674 1494 2839 1565 μέσον
2880 1492 3134 1547 τοσοῦτόν
3171 1495 3340 1558 ἐστιν,
3373 1492 3495 1545 ὅσον
3527 1488 3662 1543 Θεοῦ
3706 1488 3842 1558 πρὸς

2170 1584 2510 1655 ἀνθρώπους,
2540 1588 2999 1663 δυσχερανοῦμεν,
3028 1591 3110 1645 ὅτι
3147 1589 3223 1662 μὴ
3259 1592 3435 1645 πάντα
3483 1588 3683 1660 ῖσμενς
3733 1587 3843 1639 Kal

2168 1690 2221 1742 τί
2261 1689 2467 1761 ταύτης
2495 1691 2597 1761 τῆς
2632 1689 2886 1754 ἀσεϐείας
2914 1692 3071 1758 ῖσονς

2241 1788 2382 1859 Πρὸς
2420 1787 2528 1858 γὰρ
2559 1788 2686 1852 τοὺς
2717 1787 2991 1853 τοιούτους
3019 1789 3048 1841 ό
3078 1787 3349 1860 μακάριος
3386 1783 3595 1849 Παῦλος
3636 1784 3843 1852 ἀγανα-

2169 1883 2314 1938 κτῶν
2358 1882 2544 1953 ἔλεγε*
2594 1885 2833 1939 Μενοῦν
2879 1901 2967 1954 γε,
3009 1879 3058 1939 ὦ
3099 1883 3392 1953 ἄνθρωπε,
3427 1881 3510 1936 σὺ
3562 1881 3655 1945 τίς
3708 1875 3769 1932 εἴ
3814 1881 3846 1931 ό

2170 1978 2753 2049 ἀνταποκρινόμενος
2780 1980 2860 2044 τῷ
2890 1979 3047 2046 Θεῷ;
3082 1979 3178 2049 Μὴ
3220 1979 3342 2049 ἐρεῖ
3372 1977 3441 2033 τὸ
3480 1976 3741 2046 πλάσμα
3770 1973 3848 2041 τῷ

2170 2075 2508 2144 πλάσαντι,
2552 2079 2613 2132 Τί
2642 2095 2723 2147 με
2767 2076 2921 2150 [175]
2961 2080 3257 2147 ἐποίησας
3297 2078 3520 2143 οὔτωςς
3574 2076 3688 2130 Kal
3738 2074 3851 2144 ἐγὼ

2174 2176 2273 2247 μὲν
2300 2176 2362 2230 τὸ
2386 2176 2495 2231 τῶν
2527 2177 2731 2232 παίδων
2760 2178 3085 2252 ὑπόδειγμα,
3117 2181 3324 2243 ἐκεῖνος
3353 2178 3410 2232 δὲ
3438 2177 3633 2231 τούτου
3667 2174 3849 2244 πολλῷ

2175 2271 2357 2343 μεῖζον
2393 2272 2557 2344 ἔθηκε
2615 2273 2677 2327 τὸ
2718 2273 2812 2326 τοῦ
2856 2274 3181 2345 κεραμέως,
3231 2274 3327 2327 καὶ
3369 2271 3465 2326 τοῦ
3512 2270 3642 2342 παρ’
3681 2268 3854 2324 αὐτοῦ

2173 2368 2545 2439 πλαττομένου
2601 2370 2799 2441 πηλοῦ.
2832 2370 3101 2441 Καθάπερ
3140 2369 3250 2441 γὰρ
3294 2370 3323 2422 ὁ
3353 2367 3543 2441 πηλὸς,
3590 2361 3741 2441 ᾗπερ
3788 2365 3855 2419 ἂν

2172 2464 2378 2535 ἄγωσιν
2408 2469 2465 2520 αἰ
2501 2469 2683 2540 χεῖρες
2713 2466 2809 2521 τοῦ
2836 2465 3220 2529 διατυποῦντος
3251 2464 3435 2529 αὐτὸν,
3470 2463 3683 2528 ἕπεται,
3710 2460 3855 2515 οὓτω

2174 2563 2267 2616 καὶ
2307 2563 2398 2617 τὸν
2452 2563 2757 2634 ἄνθρωπον,
2815 2558 2961 2639 ᾗπερ
3019 2564 3086 2617 ἂν
3134 2563 3163 2616 ό
3202 2561 3335 2625 Θεὸς
3392 2559 3629 2631 κελεύῃ,
3676 2556 3856 2629 ταύτῃ

2172 2658 2421 2724 ἕπεσθαι,
2457 2660 2549 2712 καὶ
2591 2660 2736 2733 ἅπερ
2774 2659 2841 2713 ἂν
2878 2658 3083 2730 ἐπάγῃ,
3121 2656 3297 2711 ταῦτα
3336 2659 3455 2728 μετ’
3498 2656 3856 2727 εὐχαριστίας

2172 2753 2422 2825 δέχεσθαι
2471 2755 2607 2828 χρὴ,
2665 2756 2815 2810 οὐδὲν
2876 2757 3226 2825 ἀντιλέγοντα
3250 2795 3266 2821 ,
3313 2754 3435 2808 οὐδέ
3490 2752 3857 2825 περιεργαζό-

2176 2868 2336 2922 μενον
2384 2853 2523 2922 ὑπὲρ
2562 2852 2656 2906 τοῦ
2711 2853 2923 2925 μαθεῖν.
2970 2855 3104 2908 Οὐδὲ
3134 2854 3244 2924 γὰρ
3283 2855 3418 2925 ήμῖν
3460 2851 3633 2905 ταῦτα
3675 2851 3859 2921 μόνοις

2174 2953 2322 3006 ἐστὶν
2363 2952 2566 3025 ἄπορα,
2597 2954 2735 3008 ἀλλά
2768 2957 2861 3009 καὶ
2888 2958 3003 3019 τοῖς
3039 2956 3145 3027 πρὸ
3184 2955 3346 3027 ήμῶν
3380 2952 3557 3023 ἁγίοις
3596 2951 3861 3024 ἀνδράσιν

2177 3053 2406 3118 ἐκείνοις
2439 3055 2532 3108 καὶ
2571 3054 2925 3126 θαυμαστοῖς.
2964 3058 3022 3111 '0
3058 3057 3157 3128 μὲν
3190 3056 3299 3126 γὰρ
3336 3053 3459 3108 Ἰὼϐ
3494 3052 3722 3122 ἔλεγεν·
3756 3051 3862 3106 Διὰ

2177 3152 2235 3204 τί
2270 3152 2509 3219 ἀσεϐεῖς
2548 3152 2709 3220 ζῶσι,
2759 3155 3203 3209 πεπαλαίωνται
3242 3153 3309 3206 δὲ
3348 3152 3626 3216 πλούτῳς
3663 3150 3767 3203 καὶ
3793 3147 3862 3201 τὰ

2177 3244 2325 3315 ἑξῆς.
2362 3247 2418 3300 '0
2443 3247 2500 3300 δέ
2544 3248 2811 3321 μακάριος
2848 3248 3043 3301 Δαϐἰδ·
3081 3246 3223 3315 Παρ’
3251 3245 3460 3315 ὀλίγον
3483 3244 3751 3312 ἐξεχύθη
3790 3250 3863 3295 τὰ

2176 3340 2508 3412 διαϐήματά
2556 3362 2691 3417 μου,
2732 3345 2820 3399 ὅτι
2856 3342 3131 3412 ἐζὸᾕλωσα
3168 3343 3269 3397 ἐπὶ
3305 3341 3431 3409 τοῖς
3468 3342 3743 3410 ἀνόμοις,
3784 3343 3865 3394 εἰ-

2168 3439 2370 3509 ρήνην
2407 3441 2772 3511 ἁμαρτωλῶν
2819 3441 3080 3511 θεωρῶν’
3118 3441 3208 3495 ὅτι
3255 3442 3367 3495 οὐκ
3399 3439 3573 3494 ἐστιν
3607 3436 3865 3492 ἀνάνευ-

2178 3546 2278 3598 σις
2309 3533 2378 3587 ὲν
2405 3534 2487 3599 τῲ
2518 3534 2752 3602 θανάτῳ
2782 3533 3002 3600 αὐτῶν,
3051 3534 3148 3588 καὶ
3183 3532 3487 3602 στερέωμα
3523 3532 3594 3585 ἐν
3633 3529 3711 3599 τῇ
3751 3531 3866 3601 μά-

2178 3645 2337 3700 στιγι
2384 3629 2611 3685 αὐτῶν·
2661 3632 2733 3686 ἐν
2779 3633 2991 3697 κόποις
3033 3631 3357 3700 ἀνθρώπων
3404 3631 3516 3683 οὐκ
3560 3630 3709 3695 εἰσὶ,
3765 3631 3865 3684 καὶ

2172 3730 2326 3802 μετά
2402 3731 2728 3801 ἀνθρώπων
2781 3734 2854 3788 οὐ
2917 3731 3500 3803 μαστιτωθήσονται.
3553 3730 3666 3783 Kal
3722 3732 3866 3802 μετά

2179 3827 2367 3883 τοῦτον
2400 3828 2458 3881 δὲ
2493 3831 2522 3881 ό
2554 3829 2825 3899 Ἱερεμίας
2850 3828 3004 3899 ἐλεγε
3026 3845 3040 3859 ·
3076 3829 3311 3894 Δίκαιος
3346 3823 3418 3890 εἶ,
3455 3828 3658 3895 Κύριε,
3691 3828 3866 3895 πλὴν

2178 3922 2433 3991 κρᾲιατα
2460 3922 2716 3990 λαλήσω
2747 3922 2897 3989 πρὸς
2936 3920 3129 3975 σέρΤί
3156 3919 3247 3974 ὅτι
3288 3919 3430 3986 ὁδὸς
3474 3917 3718 3973 ἀσεϐῶν
3761 3919 3863 3972 εὐ-

2179 4016 2476 4083 θηνεῖταις
2516 4015 2785 4087 Ἦπόρουν
2833 4016 2933 4086 μὲν
2973 4010 3213 4069 οὖνκαὶ
3259 4008 3406 4068 οὗτοι
3451 4013 3549 4066 καὶ
3608 4013 3859 4084 ἐζήτουν,

2178 4107 2292 4160 ἀλλ’
2330 4109 2427 4161 οὐκ
2466 4108 2526 4175 ἐξ
2581 4109 2701 4180 ίσης
2735 4111 2849 4171 τοῖς
2895 4106 3170 4172 ἀσεϐέσιν,
3205 4107 3326 4160 οὐδὲ
3374 4105 3741 4175 ἐγκαλοῦντες
3786 4105 3864 4177 τῷ

2178 4194 2318 4265 Θεῷ,
2362 4195 2485 4249 οὐδὲ
2543 4195 3050 4264 καταγινώσκοντες
3078 4195 3293 4249 ἀδικίαν
3331 4197 3394 4249 ἐκ
3422 4194 3530 4248 τῶν
3555 4196 3861 4265 γινομένων

2180 4284 2367 4337 αὐτοῦ.
2404 4284 2464 4337 Ὁ
2495 4283 2594 4354 μὲν
2622 4285 2729 4355 γὰρ
2752 4283 2966 4351 ἐλεγενο
3008 4282 3070 4339 Ἠ
3105 4281 3460 4350 δικαιοσύνη
3489 4296 3609 4337 σου
3639 4284 3726 4349 ὡς
3755 4283 3859 4351 ὄρη

2182 4372 2361 4426 Θεοῦ’
2399 4370 2475 4424 τὰ
2518 4370 2772 4440 κρίματὰ
2807 4387 2926 4425 σου
2965 4370 3242 4437 ἄϐυσσος
3284 4371 3510 4441 πολλή.
3547 4372 3605 4424 Ὁ
3631 4371 3692 4424 δὲ
3735 4387 3859 4424 τοσ-

2181 4460 2320 4515 αῦτα
2346 4457 2555 4525 παθὼν,
2579 4459 2767 4530 φησὶν,
2795 4458 2939 4514 οὐδὲ
2969 4460 3194 4514 ἔδωκεν
3213 4460 3574 4528 ἀφροσύνην
3600 4458 3682 4524 τῷ
3707 4459 3857 4524 Θεῷ·

2182 4550 2275 4603 καὶ
2309 4547 2511 4618 μεταξὺ
2539 4546 2634 4602 τοῦ
2679 4548 2882 4620 βιϐλίου
2930 4549 3106 4619 ἔλεγε,
3154 4550 3216 4603 τὸ
3253 4548 3641 4619 ἀκατάληπτον
3696 4546 3858 4601 αὐτοῦ

2179 4638 2282 4707 τῆς
2336 4637 2531 4705 σοφίας
2559 4638 2655 4691 καὶ
2701 4638 3011 4709 οἰκονομίας
3050 4637 3445 4708 ἐξηγούμενος,
3487 4636 3678 4706 ἐπειδὴ
3734 4636 3860 4707 περὶ

2181 4727 2282 4796 τῆς
2328 4726 2688 4797 δημιουργίας
2744 4725 3020 4798 διελέχθη·
3062 4726 3207 4780 Ἰδοὺ
3271 4726 3457 4781 ταῦτα
3512 4724 3665 4795 μέρη
3715 4724 3859 4779 ὀδοῦ

2181 4814 2391 4878 αὐτοῦ,
2420 4814 2519 4868 καὶ
2546 4814 2644 4867 ἐπὶ
2679 4814 2895 4884 ἰκμάδα
2926 4816 3113 4885 λόγου
3141 4813 3523 4883 ἀκουσόμεθα
3561 4814 3633 4867 ἐν
3678 4811 3858 4878 αὐτῷ.

2196 4904 2253 4955 ὐ
2283 4903 2340 4955 δὲ
2391 4903 2661 4974 Ἱερεμίας
2700 4904 2831 4956 αὐτὸ
2867 4902 3023 4956 τοῦτο
3064 4901 3469 4974 προορώμενος,
3511 4903 3586 4973 μή
3629 4919 3716 4965 τις
3763 4902 3862 4954 ὐπ-

2183 4991 2423 5063 οπτεύσῃ
2470 4993 2631 5056 ποτὲ,
2689 4990 2978 5063 προτίθησι
3043 4991 3141 5061 τῆς
3205 4992 3526 5063 ἐρωτήσεως
3581 4990 3683 5061 τὴν
3732 4992 3860 5044 ἐαυ-

2184 5080 2278 5135 τοῦ
2334 5082 2516 5152 κρίσιν
2563 5081 2761 5136 εἰπώψ
2821 5084 3059 5148 Δίκαιος
3105 5077 3176 5148 εἷ,
3225 5083 3437 5151 Κύριε·
3489 5082 3638 5136 τοῦτ’
3693 5082 3857 5142 ἐστιν,

2185 5170 2302 5228 οἶδα
2338 5175 2435 5245 μὲν
2481 5176 2562 5229 ὅτι
2612 5175 2838 5239 δικαίως
2888 5175 3104 5230 ἅπαντα
3152 5176 3362 5246 γίνεται
3414 5176 3563 5250 παρά
3607 5177 3726 5241 σοῦ,
3770 5176 3860 5229 τὸν

2185 5262 2243 5316 δὲ
2290 5263 2491 5333 τρόπον
2534 5265 2635 5318 οὐκ
2688 5264 2988 5336 ἐπίσταμαι
3038 5264 3160 5319 καθ’
3213 5265 3273 5320 ὃν
3336 5265 3570 5334 γίνεται.
3625 5266 3692 5319 Τί
3745 5260 3858 5327 οὖν,

2186 5351 2392 5423 ἔμαθόν
2436 5371 2489 5406 τι
2541 5353 2701 5408 πλέον
2753 5355 2981 5421 ἐκεῖνοις
3019 5354 3160 5408 Ἀλλ’
3203 5355 3325 5409 οὐδὲ
3375 5355 3723 5427 ἀποκρίσεως
3762 5355 3859 5425 μὲν

2188 5436 2280 5494 οὖν
2332 5441 2471 5513 ὑπὲρ
2522 5442 2735 5496 τούτων
2786 5442 3014 5514 έτυχον’
3063 5444 3092 5496 ὃ
3138 5444 3229 5498 καὶ
3279 5443 3459 5515 δηλῶν
3512 5448 3541 5498 ό
3595 5445 3860 5515 μακάριος

2189 5531 2351 5586 Δαυῖδ
2390 5531 2576 5601 ἔλεγε*
2609 5533 2718 5587 Καὶ
2766 5534 3074 5589 ὑπέλαϐον
3123 5535 3230 5589 τοῦ
3273 5534 3514 5606 γνῶναι,
3553 5535 3640 5589 ὅτι
3691 5534 3860 5589 τοῦτο

2190 5623 2381 5689 κόπος
2420 5622 2595 5677 ἐστὶν
2633 5623 2913 5678 ἐναντίον
2949 5642 3090 5695 μου.
3140 5626 3253 5679 Οὐκ
3301 5625 3492 5697 ἔτυχον
3535 5625 3592 5678 δὲ
3633 5625 3860 5692 ἀποκρί-

2195 5729 2353 5777 σεως,
2396 5714 2483 5766 ἵνα
2524 5713 2649 5776 τοὺς
2693 5714 2830 5784 μετά
2872 5713 3046 5769 ταῦτα
3090 5713 3421 5769 παιδεύσωσι
3460 5715 3597 5784 μηδὲ
3632 5714 3855 5789 ἐρωτᾷν.

2194 5804 2303 5857 Kal
2338 5806 2527 5858 ἐκεῖνοι
2574 5805 2668 5874 μὲν
2703 5804 2758 5857 ἓν
2796 5807 2951 5876 μόνον
2991 5802 3234 5876 ἐζήτουν,
3274 5804 3357 5859 διὰ
3394 5803 3444 5856 τί
3474 5806 3522 5857 οἱ
3560 5805 3769 5869 aedili;
3804 5806 3859 5857 ἐν
