4124 6144
368 345 460 400 441

364 456 670 528 gligentiam
717 457 930 521 avertit,
977 455 1456 527 prudentioresque
1494 470 1558 511 ac
1596 454 1956 526 religiosiores

364 547 544 603 et'licit.
590 547 730 604 Sane
756 548 800 602 si
828 548 948 618 quis
986 548 1167 602 omnia
1194 562 1510 603 enumerare
1554 548 1698 611 velit,
1727 547 1952 617 plurima

363 641 713 695 tentationum
739 641 1094 695 emolumenta
1120 640 1374 709 reperiet,
1396 639 1675 709 nullusque
1701 654 1954 708 umquam

361 747 429 786 ex
456 731 540 799 iis,
571 732 661 801 qui
706 731 813 785 Deo
851 731 1204 800 acceptabiles
1247 729 1479 796 fuerunt,
1526 731 1644 786 sine
1688 729 1953 799 pressuris

361 823 514 896 vixit,
547 823 756 877 etiamsi
786 837 892 877 non
922 822 995 876 ita
1025 822 1180 876 nobis
1211 822 1470 876 videatur.

433 938 487 991 7.
521 937 824 1005 Exemplum
849 935 1004 990 Pauli
1033 937 1269 1007 apostoli.
1287 935 1505 1018 â€”Nam
1528 937 1571 990 si
1602 936 1788 991 beatus
1811 936 1950 990 Pau-

361 1028 444 1082 lus
471 1037 673 1082 tantum
703 1029 899 1097 negotii
933 1027 1205 1093 sustinuit,
1235 1029 1414 1082 nullus
1436 1042 1567 1082 vero
1588 1027 1752 1083 Paulo
1779 1027 1950 1098 major

361 1130 464 1185 est,
493 1128 584 1173 aut
619 1120 778 1174 etiam
819 1119 1075 1189 aequalis:
1109 1134 1210 1188 qua
1243 1119 1455 1173 tandem
1493 1119 1698 1173 ratione
1727 1119 1799 1173 illi
1829 1134 1941 1174 cre-

359 1210 553 1264 dantur
577 1209 886 1280 hujusmodi
916 1209 1112 1263 auxilio
1142 1224 1245 1263 non
1277 1209 1610 1278 indiguisse?
1639 1209 1736 1264 Sin
1761 1220 1939 1264 autem

358 1300 572 1370 quidam
602 1316 669 1355 ex
710 1301 826 1355 istis
863 1300 1297 1356 tribulationibus
1338 1301 1605 1355 emendati
1652 1317 1759 1355 non
1800 1310 1942 1368 sunt,

361 1408 464 1446 non
511 1391 618 1447 hoc
647 1393 720 1446 illi
750 1393 1116 1462 imputandum
1145 1402 1250 1460 est,
1279 1395 1369 1463 qui
1395 1395 1826 1450 emendationem
1867 1396 1948 1449 in-

361 1485 498 1551 tulit,
522 1485 616 1539 sed
645 1485 855 1538 illorum
887 1486 1064 1554 petitis
1093 1485 1446 1554 negligentiae.
1474 1484 1606 1540 Nam
1635 1486 1680 1540 si
1705 1487 1812 1540 illis
1839 1502 1942 1541 non

357 1574 545 1629 fuisset
583 1573 879 1628 adhibitum
914 1575 1364 1630 medicamentum
1389 1616 1404 1640 ,
1434 1591 1531 1646 per
1569 1577 1941 1646 negligentiam

356 1665 580 1735 periisse
600 1664 915 1720 viderentur
942 1684 956 1719 :
985 1681 1124 1720 nunc
1149 1681 1277 1721 vero
1302 1681 1406 1721 non
1430 1681 1614 1735 parum
1639 1675 1814 1721 actum
1838 1677 1939 1734 est,

355 1769 477 1807 cum
501 1769 659 1809 nemo
678 1753 946 1809 medicum
972 1769 1227 1810 accusare
1256 1756 1445 1825 possit,
1479 1757 1574 1810 sed
1597 1766 1827 1827 aegrotos
1849 1774 1941 1827 po-

356 1847 461 1900 tius
489 1847 833 1916 ipsorumque
853 1847 1132 1901 incuriam.
1163 1848 1219 1902 Si
1243 1848 1334 1917 qui
1355 1863 1485 1903 vero
1508 1857 1791 1919 antequam
1825 1859 1940 1904 ten-

356 1949 616 2008 tarentur,
657 1940 964 2011 gradientes
991 1951 1139 1996 recte
1159 1984 1174 2008 ,
1207 1951 1328 2011 post
1355 1943 1699 1998 tentationem
1725 1958 1943 1999 corrue-

353 2024 500 2098 runt,
531 2031 725 2102 aliique
748 2047 871 2086 cum
912 2033 1158 2087 omnibus
1196 2043 1376 2088 essent
1415 2034 1651 2103 peccatis
1680 2034 1936 2100 obnoxii,

357 2124 504 2178 nulla
531 2124 870 2180 tribulatione
891 2125 1067 2178 vexati
1085 2133 1224 2190 sunt,
1252 2126 1340 2178 alii
1359 2141 1486 2180 vero
1511 2141 1541 2180 a
1565 2127 1734 2196 prima
1760 2128 1937 2181 statim

353 2223 513 2270 aetate
562 2230 732 2285 usque
769 2215 836 2270 ad
889 2215 1133 2270 ultimum
1178 2217 1301 2270 vitae
1345 2216 1589 2285 spiritum
1644 2218 1939 2274 innumeris

351 2305 741 2362 calamitatibus
793 2307 1005 2361 contriti
1048 2315 1265 2374 sunt,a
1319 2308 1460 2362 nulla
1521 2308 1822 2378 hujusmodi
1877 2325 1937 2366 re

349 2396 661 2466 dejiciamur
725 2407 816 2451 aut
876 2397 1272 2468 perturbemur.
1343 2399 1555 2454 Etenim
1612 2401 1656 2454 si
1719 2417 1933 2456 omnem

352 2486 697 2555 providentiae
719 2488 860 2542 illius
881 2489 1332 2560 dispensationem
1353 2491 1492 2544 scire
1519 2491 1824 2546 valeremus
1844 2502 1934 2547 aut

349 2577 686 2644 deberemus,
708 2578 806 2634 ista
825 2579 1152 2649 ignorantes,
1173 2581 1418 2635 maeroris
1435 2595 1498 2635 ac
1524 2583 1934 2650 perturbationis

350 2684 455 2722 non
477 2669 744 2724 immerito
774 2684 989 2724 causam
1011 2670 1210 2726 habere
1236 2670 1538 2726 videremur
1566 2689 1579 2726 :
1607 2672 1689 2726 sin
1719 2688 1846 2726 vero
1867 2673 1928 2739 is,

346 2759 437 2827 qui
466 2765 731 2813 tantorum
760 2773 1074 2814 arcanorum
1100 2761 1386 2831 particeps,
1419 2762 1484 2816 ad
1515 2763 1725 2817 tertium
1743 2765 1931 2819 cadum

344 2856 532 2920 raptus
561 2849 749 2916 fuerat,
795 2850 863 2904 ad
905 2850 1045 2905 hanc
1077 2861 1253 2907 tamen
1293 2852 1541 2924 abyssum
1572 2854 1780 2909 hzerens
1807 2857 1936 2910 sub-

345 2940 502 3005 stitit,
531 2940 1012 3010 inspicieusque-in
1043 2941 1360 3011 profundum
1383 2943 1687 2997 divitiarum
1715 2945 1930 3014 sapien-

345 3032 432 3084 tia:
456 3045 520 3085 ac
543 3033 780 3085 scientiae
809 3033 924 3098 Dei,
953 3032 1224 3101 obstupuit
1251 3033 1446 3098 solum,
1477 3043 1636 3104 atque
1658 3035 1782 3089 inde
1803 3037 1931 3091 resi-

343 3121 458 3176 liit:
488 3121 614 3191 quid
645 3136 740 3176 nos
768 3123 909 3190 ipsos
935 3122 1132 3178 frustra
1155 3123 1500 3190 concidimus,
1533 3136 1930 3196 perscrutantes

343 3213 730 3281 inscrulabilia,
759 3223 919 3284 atque
937 3215 1320 3286 investigabilia
1338 3218 1547 3272 curiose
1563 3219 1929 3288 inquirentes?

345 3306 503 3362 Certe
522 3323 642 3363 cum
662 3307 903 3362 medicus
917 3308 1185 3362 contraria
1207 3308 1268 3362 iis
1284 3324 1402 3378 qua:
1423 3309 1576 3364 nobis
1596 3310 1826 3366 salubria
1852 3313 1929 3366 vi-

339 3398 533 3475 dentur
578 3398 853 3468 praecipit,
899 3399 1012 3453 sive
1054 3398 1240 3468 algens
1275 3400 1573 3454 membrum
1620 3399 1752 3454 fonti
1795 3403 1926 3456 sub-

336 3487 502 3558 jicere
543 3488 754 3556 iubeat,
802 3487 914 3543 sive
954 3489 1058 3544 alia
1091 3489 1392 3558 hujusmodi
1441 3491 1802 3560 inexspectata
1844 3493 1928 3547 fa-

336 3579 462 3644 ciat,
513 3595 802 3649 numquam
850 3580 1208 3646 reluctamur;
1265 3581 1360 3637 sed
1409 3597 1529 3637 cum
1578 3583 1732 3640 nobis
1770 3593 1923 3640 antea

336 3669 760 3739 persuaserimus
786 3669 916 3726 artis
943 3669 1090 3724 illum
1129 3671 1335 3726 ratione
1373 3671 1423 3726 id
1463 3672 1654 3738 facere,
1680 3685 1925 3744 prompte

335 3775 400 3814 ac
424 3759 655 3814 libenter
680 3760 938 3826 cedimus,
967 3776 1089 3815 cum
1122 3770 1300 3816 tamen
1333 3762 1421 3816 ille
1448 3763 1640 3833 smpius
1671 3764 1882 3820 fallatur
1906 3785 1920 3822 :

335 3851 502 3906 Deum
548 3866 695 3920 vero,
737 3853 825 3922 qui
867 3862 1070 3907 tantum
1100 3854 1151 3907 in
1183 3854 1432 3908 omnibus
1475 3870 1502 3907 a
1549 3855 1700 3910 nobis
1737 3856 1919 3925 distat,

334 3943 424 4012 qui
467 3951 551 3998 est
591 3943 706 4012 ipsa
769 3945 1025 4014 sapientia
1053 3987 1069 4012 ,
1119 3947 1206 4016 qui
1248 3962 1534 4017 numquam
1572 3948 1680 4002 falli
1725 3958 1918 4018 potest,

333 4050 523 4104 magna
544 4036 850 4091 curiositate
867 4039 1316 4106 perscrutabimur
1331 4039 1353 4092 ?
1370 4039 1609 4108 Cumque
1626 4040 1698 4093 illi
1716 4041 1921 4112 simplia

334 4127 466 4181 citer
495 4127 812 4193 credamus,
855 4143 883 4180 a
933 4144 1037 4198 quo
1082 4129 1206 4183 facti
1250 4132 1510 4186 rationem
1555 4134 1767 4202 exigere
1799 4134 1921 4204 jure

334 4231 635 4284 possemus,
669 4217 738 4271 ab
778 4218 888 4283 illo,
917 4219 1000 4274 cui
1029 4220 1201 4274 solum
1230 4221 1556 4276 credendum
1589 4232 1690 4288 est,
1732 4239 1918 4280 eorum

331 4323 452 4377 qua:
475 4308 702 4377 gesserit
737 4323 926 4363 causas
967 4325 1029 4364 ac
1072 4315 1308 4367 rationes
1351 4314 1720 4383 requiremus,
1760 4324 1919 4387 atque

333 4397 642 4466 hujusmodi
686 4400 1038 4471 ignorantiam
1096 4403 1310 4471 indigne
1357 4403 1628 4461 feremus?
1673 4407 1918 4464 Hmccine

331 4497 456 4542 sunt
483 4489 744 4560 religiosa:
770 4493 966 4546 mentis
994 4507 1058 4546 ac
1081 4493 1215 4562 piae?
1241 4493 1338 4556 Ne,
1363 4510 1544 4564 quieso
1571 4512 1633 4551 ac
1653 4499 1913 4569 supplico,

331 4593 398 4633 ne
422 4578 490 4633 ad
519 4589 718 4635 tantam
758 4584 1032 4637 vesaniam
1065 4585 1491 4654 progrediamur,
1524 4588 1618 4642 sed
1661 4589 1712 4642 in
1743 4591 1913 4645 omni-

331 4671 450 4737 bus,
471 4671 523 4726 in
562 4673 753 4743 quibus
799 4676 1137 4745 ambigimus,
1171 4676 1298 4731 illud
1330 4676 1568 4732 dicamus
1591 4679 1799 4734 Judicia
1826 4691 1915 4736 tua

326 4763 536 4833 abyssus
552 4767 710 4819 multa
723 4765 894 4834 (Psal.
913 4769 1082 4836 55.7).
1101 4768 1232 4823 Nam
1247 4770 1414 4824 ethoc
1433 4771 1625 4840 ipsum,
1641 4773 1781 4842 quod
1805 4789 1911 4831 non

327 4856 502 4910 omnia
525 4866 707 4926 aperte
732 4860 951 4924 scimus,
983 4860 1174 4924 divinae
1193 4863 1471 4932 sapientia:
1513 4863 1748 4934 profecto
1769 4875 1871 4922 est.

400 4947 498 5004 Ubi
508 4950 635 5019 ï¬des
651 4951 829 5005 habeat
844 4954 1223 5010 meritumâ€”Si
1244 4956 1385 5010 enim
1399 4958 1632 5012 omnium
1645 4975 1762 5028 qua:
1779 4959 1910 5016 ï¬unt

322 5056 484 5096 causa
511 5053 566 5096 et
595 5043 803 5099 ratione
832 5047 1061 5116 cognita,
1090 5047 1161 5101 ita
1189 5046 1404 5102 demum
1434 5049 1543 5104 Deo
1574 5065 1904 5119 pareremus,

324 5151 428 5189 non
458 5151 648 5205 magna
679 5154 882 5194 merces
903 5149 1067 5203 esset,
1093 5158 1263 5213 neque
1295 5142 1417 5198 ï¬dei
1448 5144 1708 5200 exbibitio
1731 5161 1794 5201 ea
1817 5161 1905 5202 res

323 5226 598 5282 videretur
626 5246 639 5282 :
672 5244 794 5283 cum
822 5247 952 5286 vero
980 5233 1110 5287 nihil
1141 5236 1329 5290 horum
1353 5238 1566 5304 penitus
1597 5248 1901 5306 noscentes,

319 5317 390 5371 ita
413 5333 626 5389 quoque
660 5336 865 5376 summa
909 5323 1189 5380 aï¬ectione
1215 5327 1479 5382 mandatis
1504 5328 1622 5396 ejus
1652 5331 1903 5386 omnibus

319 5409 580 5476 cedimus,
621 5425 686 5466 ex
717 5411 950 5482 legitima
971 5414 1270 5470 obedientia
1319 5416 1528 5487 ï¬deque
1556 5419 1896 5490 integerrima

319 5501 552 5556 maxima
582 5503 862 5558 animabus
913 5506 1111 5562 nostris
1142 5507 1500 5562 emolumenta
1530 5511 1898 5567 conciliamus.

319 5591 433 5647 Hoc
469 5593 612 5648 enim
660 5595 831 5650 solum
864 5595 1017 5651 nobis
1053 5597 1376 5666 persuadere
1405 5598 1660 5654 debemus
1680 5643 1694 5667 ,
1724 5603 1902 5657 omnia

318 5685 471 5740 nobis
499 5686 700 5742 utiliter
728 5703 758 5742 a
800 5688 910 5744 Deo
938 5687 1119 5742 inferri
1143 5731 1159 5756 ,
1183 5690 1399 5744 modum
1428 5707 1532 5746 non
1564 5693 1790 5762 amplius
1816 5693 1900 5748 iu-

317 5776 610 5848 quircntes,
635 5793 810 5850 neque
834 5777 988 5848 hujus
1012 5777 1392 5850 ignorationem
1419 5782 1648 5854 graviter
1671 5783 1754 5840 vel
1779 5798 1900 5843 cum

1217 343 1308 399 AD
1345 341 1716 400 STAGIRIUM
1760 341 1802 396 Î‘
1845 338 2150 396 Î’á¾¹ÎžÎœÎŸÎÎ•
2191 339 2544 396 VEXATUM.
2589 339 2714 395 LIB.
2755 339 2798 395 1.

3551 332 3654 390 4-22

2067 466 2298 508 maerore
2320 453 2568 509 ferentes.
2592 453 2774 524 Neque
2800 453 2940 509 enim
2969 453 3222 524 possibile
3247 465 3329 512 est
3358 455 3456 513 ista
3485 459 3648 526 scire,

2064 559 2238 614 neque
2253 546 2414 600 utile:
2450 545 2580 600 illud
2598 546 2718 615 quia
2738 547 2988 602 mortales
3013 562 3231 612 sumus;
3252 548 3372 614 hoc,
3392 551 3514 620 quia
3539 553 3646 605 cito

2062 635 2114 688 in
2140 636 2495 706 arrogantiam
2523 637 2850 692 extollimur.
2873 638 3110 693 Plurima
3137 654 3233 694 nos
3259 637 3502 706 facimus,
3526 657 3646 710 qua:

2059 740 2182 780 cum
2222 726 2403 782 liberis
2436 728 2638 782 nostris
2669 729 2824 781 noxia
2856 743 2978 784 esse
3009 729 3310 796 videantur,
3341 731 3487 784 utilia
3522 742 3646 785 sunt

2061 828 2236 875 tamen
2267 837 2281 874 :
2311 835 2535 889 quorum
2559 836 2730 890 neque
2757 821 2833 874 illi
2857 836 3047 876 causas
3073 833 3321 892 quierunt
3341 823 3639 892 addiscere,

2058 927 2231 982 neque
2258 926 2356 965 nos
2383 911 2489 965 illis
2515 919 2669 968 antea
2699 912 3020 982 persuadere
3049 914 3322 968 studemus
3347 957 3362 981 ,
3396 915 3447 969 id
3475 931 3640 988 expe-

2056 1003 2171 1058 dire
2203 1003 2344 1074 quod
2380 1003 2639 1069 facimus;
2671 1005 2764 1059 sed
2793 1006 2895 1059 hoc
2924 1007 3094 1061 solum
3124 1007 3242 1061 illos
3269 1007 3640 1076 admonemus,

2056 1104 2113 1149 ut
2140 1097 2189 1149 in
2229 1095 2479 1152 omnibus
2501 1097 2693 1152 cedant
2722 1114 3069 1169 quascumque
3094 1104 3448 1168 praeceperint
3465 1111 3642 1170 patres

2054 1187 2291 1256 nihilque
2326 1189 2549 1243 ulterius
2580 1188 2869 1258 inquirant.
2912 1189 3064 1256 Quod
3103 1190 3148 1244 si
3193 1191 3499 1258 parentibus
3547 1207 3642 1244 no-

2051 1281 2196 1348 stris,
2219 1280 2310 1350 qui
2336 1281 2578 1351 ejusdem
2606 1291 2763 1352 atque
2779 1297 2876 1336 nos
2901 1291 3099 1337 naturae
3119 1293 3262 1351 sunt,
3293 1284 3362 1338 ita
3391 1287 3640 1355 morigeri

2049 1386 2253 1440 sumus,
2282 1389 2452 1444 neque
2497 1375 2604 1429 ulla
2645 1374 2850 1429 ratione
2883 1375 3238 1445 indignamur,
3270 1377 3452 1432 Deoue
3494 1379 3635 1432 iudi-

2048 1464 2330 1533 gnabimur
2353 1463 2494 1535 quod
2518 1479 2623 1519 non
2654 1465 2794 1518 illius
2823 1466 3001 1519 omnia
3033 1466 3183 1520 nobis
3212 1467 3483 1536 explorata
3507 1469 3635 1536 sint,

2048 1556 2135 1623 qui
2178 1563 2319 1610 tanta
2353 1556 2668 1610 excellentia
2697 1556 2850 1610 nobis
2879 1555 3175 1626 praecellit,
3218 1566 3469 1626 quantum
3500 1561 3638 1614 inter

2050 1648 2213 1702 Deum
2241 1659 2295 1703 et
2330 1647 2574 1703 homines
2598 1648 2883 1704 discrimen
2911 1648 3230 1704 intercedit?
3270 1650 3338 1704 Et
3364 1651 3490 1722 quid
3516 1651 3638 1707 huic

2048 1740 2303 1810 impietati
2335 1756 2432 1809 par
2463 1739 2658 1794 fuerit?

2117 1829 2294 1901 Figuli
2322 1829 2549 1901 exemplo
2577 1831 2827 1884 utitur.â€”
2843 1829 3114 1886 Adversus
3137 1832 3437 1901 hujusmodi
3458 1834 3633 1888 homi-

2046 1936 2141 1975 nes
2166 1936 2294 1976 saue
2327 1921 2512 1976 beatus
2542 1921 2736 1975 Paulus
2778 1921 3056 1992 indignans
3075 1921 3286 1977 dicebat
3314 1941 3328 1976 :
3371 1923 3630 1996 Alioquin,

2047 2029 2076 2066 Î¿
2105 2013 2271 2076 homo,
2295 2021 2346 2066 tu
2382 2013 2493 2079 quis
2517 2029 2569 2066 es
2601 2013 2686 2082 qui
2716 2013 3020 2082 respondeas
3045 2012 3190 2067 Deo?
3207 2012 3474 2086 Numquid
3505 2018 3635 2070 dicet

2046 2107 2338 2177 ï¬gmentum
2375 2106 2557 2176 [actori
2589 2121 2702 2170 suo,
2722 2104 2826 2160 Cur
2864 2122 2943 2159 me
2971 2107 3044 2176 ita
3070 2107 3230 2175 fecisti
3248 2105 3425 2178 (Rom.
3444 2107 3632 2182 9.20)?

2047 2197 2303 2268 Equidem
2349 2197 2576 2251 ï¬liorum
2604 2197 2875 2265 exemplar
2909 2211 3323 2266 proposueram;
3359 2199 3474 2269 ipse
3504 2215 3632 2254 vero

2043 2290 2211 2344 multo
2238 2289 2410 2358 majus
2438 2289 2637 2359 posuit,
2668 2288 2810 2358 ï¬guli
2836 2289 3060 2352 scilicet,
3088 2297 3246 2359 atque
3265 2290 3332 2343 ab
3351 2291 3494 2345 eoin
3523 2290 3632 2346 for-

2043 2397 2183 2436 mam
2215 2381 2414 2436 redacti
2441 2381 2554 2434 luti.
2589 2380 2736 2435 Sicut
2777 2381 2919 2435 enim
2951 2381 3118 2434 lutum
3149 2396 3484 2454 quocumque
3513 2400 3630 2440 ma-

2017 2482 2142 2526 â€˜nus
2169 2487 2226 2526 se
2254 2471 2531 2525 formautis
2561 2470 2773 2525 duxerit
2797 2470 3056 2539 sequitur,
3087 2471 3158 2524 ita
3189 2471 3460 2527 hominem
3486 2490 3633 2544 qum-

2041 2580 2268 2635 cumque
2298 2565 2435 2618 Deus
2457 2563 2676 2634 jusserit
2712 2579 2776 2618 ea
2811 2564 2998 2633 sequi,
3035 2573 3086 2618 et
3114 2581 3232 2634 qua:
3275 2565 3364 2620 ille
3397 2567 3632 2626 intulerit

2040 2667 2189 2729 grato
2209 2659 2388 2712 animo
2414 2657 2647 2726 perferre
2668 2657 2940 2720 convenit,
2973 2656 3105 2711 nihil
3130 2658 3348 2713 omnino
3367 2660 3631 2715 reluctan~

2040 2752 2128 2818 do,
2160 2752 2245 2806 vel
2279 2751 2488 2806 curiose
2510 2750 2786 2805 addiscere
2806 2750 3115 2820 quaerendo.
3147 2750 3330 2821 Neque
3359 2755 3502 2809 enim
3532 2770 3632 2809 no-

2039 2844 2121 2898 bis
2147 2845 2274 2898 solis
2302 2844 2400 2899 ista
2431 2843 2674 2912 ambigua
2704 2852 2847 2906 sunt,
2879 2859 3060 2897 verum
3097 2853 3150 2898 et
3179 2844 3242 2898 iis
3267 2845 3354 2914 qui
3381 2857 3504 2901 ante
3532 2862 3631 2902 nos

2039 2935 2291 2996 fuerunt,
2331 2934 2530 2988 sanctis
2574 2934 2676 2987 illis
2708 2949 2771 2988 ac
2818 2934 3148 2989 mirabilibus
3192 2935 3338 2990 viris.
3372 2938 3463 2990 Ait
3486 2939 3627 2993 enim

2035 3026 2135 3082 Job
2193 3044 2207 3080 :
2254 3025 2320 3080 Ut
2369 3025 2490 3094 quid
2534 3025 2678 3094 impii
2729 3026 2936 3089 uiuunt,
2980 3025 3258 3095 divitiisque
3319 3037 3627 3082 vetet-assunt

2036 3117 2158 3189 (Job
2185 3117 2274 3170 21.
2301 3115 2395 3188 7)?
2425 3116 2618 3170 Beatus
2667 3123 2843 3169 autem
2881 3115 3068 3179 David,
3110 3114 3282 3180 Pwne,
3311 3116 3499 3186 inquit,
3547 3119 3626 3188 ef-

2035 3208 2139 3280 fusi
2158 3217 2274 3262 sunt
2289 3222 2487 3277 gressus
2519 3205 2637 3270 mei,
2663 3207 2781 3273 quia
2818 3205 2975 3258 Ï‡ÎµÎ¹Î±Ï…á½·
3005 3221 3157 3274 super
3177 3206 3374 3275 iniquos
3401 3247 3414 3271 ,
3449 3224 3626 3277 pacem

2034 3309 2352 3372 peccatorum
2414 3298 2587 3352 videns
2632 3313 2651 3351 :
2705 3296 2828 3367 quia
2879 3313 2979 3350 non
3031 3304 3103 3350 est
3167 3307 3422 3367 respectus
3469 3303 3624 3355 morti

2032 3409 2226 3460 eorum,
2268 3402 2314 3446 et
2350 3392 2735 3459 ï¬rmamentum
2763 3391 2815 3442 in
2837 3389 2988 3458 plaga
3030 3405 3204 3443 eorum
3226 3406 3244 3443 :
3282 3392 3336 3444 in
3369 3391 3623 3450 laboribus

2032 3485 2290 3540 hominum
2317 3501 2415 3538 non
2439 3493 2578 3549 sunt,
2609 3492 2778 3537 etcum
2799 3481 3084 3536 hominibus
3109 3499 3207 3534 non
3223 3482 3624 3552 ï¬‚agellabunmr

2032 3578 2202 3649 (Psal.
2233 3578 2320 3632 72.
2346 3576 2515 3646 2.-5).
2540 3575 2664 3630 Post
2685 3575 2826 3629 hunc
2849 3573 3108 3629 Jeremias
3137 3590 3348 3645 quoque
3375 3576 3616 3633 dicebat:

2029 3671 2212 3726 Justus
2234 3687 2306 3737 es,
2352 3669 2589 3734 Domine,
2639 3678 2975 3723 verumtamen
2997 3668 3200 3738 judicia
3229 3669 3408 3740 loquar
3438 3670 3508 3724 ad
3551 3681 3615 3726 te.

2032 3764 2170 3830 Quid
2189 3759 2274 3818 est
2298 3762 2432 3834 quod
2449 3763 2528 3815 uia
2547 3769 2864 3832 peccatorum
2887 3767 3216 3830 prosperatur
3236 3758 3369 3832 (Jer.
3393 3761 3480 3815 12.
3512 3764 3566 3832 1)
3591 3764 3614 3818 ?

2027 3855 2484 3926 Ambigebantisti
2507 3853 2718 3923 quidem
2750 3861 2906 3922 atque
2921 3851 3276 3920 inquirebant,
3297 3852 3389 3906 sed
3413 3868 3517 3908 non
3547 3855 3616 3909 ita

2027 3957 2085 4002 ut
2129 3947 2332 4002 faciunt
2371 3947 2517 4016 impii
2545 3963 2557 3998 :
2605 3959 2777 4013 neque
2800 3943 2942 3998 enim
2965 3943 3284 3997 accusabant
3321 3944 3510 4010 Deum,
3539 3961 3611 4001 ex

2027 4039 2090 4093 iis
2119 4054 2236 4108 qua:
2264 4037 2416 4102 ï¬unt,
2449 4036 2597 4090 illum
2625 4035 2851 4105 injustice
2877 4034 3166 4102 arguebant
3192 4051 3206 4099 ;
3231 4033 3324 4087 sed
3346 4034 3480 4088 alius
3500 4037 3616 4105 qui-

2025 4129 2148 4184 dem
2172 4128 2347 4183 aiebat
2381 4145 2394 4178 :
2423 4125 2634 4179 Justitia
2659 4136 2743 4179 tua
2768 4126 2897 4179 sicut
2928 4133 3116 4180 montes
3141 4123 3258 4192 Dei,
3292 4125 3492 4194 judicia
3527 4139 3616 4182 tua

2024 4221 2233 4289 abyssus
2254 4217 2410 4270 multa
2439 4217 2556 4289 (Ps.
2590 4217 2678 4271 55.
2714 4217 2789 4283 7).
2831 4216 2904 4269 De
2929 4217 3054 4280 alio,
3083 4231 3205 4270 cum
3240 4225 3381 4270 tanta
3423 4232 3614 4288 passus

2023 4318 2190 4384 esset,
2231 4307 2484 4377 scriptum
2529 4315 2611 4362 est
2655 4323 2668 4359 :
2721 4304 2843 4359 Non
2904 4307 3041 4360 dedit
3106 4307 3447 4376 insipientiam
3506 4309 3614 4363 Deo

2024 4400 2144 4472 (Job
2176 4401 2227 4455 1.
2257 4399 2372 4470 2â€˜2).
2409 4399 2472 4453 Et
2515 4398 2567 4452 in
2607 4397 2796 4452 eodem
2837 4397 2971 4451 libro
3012 4398 3610 4467 incomprehensibilem

2021 4490 2333 4561 sapientiam
2365 4489 2505 4543 illius
2530 4497 2583 4542 et
2608 4487 3059 4556 dispensationem
3090 4502 3366 4554 enarrans,
3395 4504 3516 4542 cum
3540 4490 3608 4545 de

2021 4587 2288 4640 creatione
2308 4583 2648 4637 disseruisset
2672 4599 2686 4634 :
2719 4578 2851 4633 Ecce
2876 4579 2988 4633 istm
3009 4591 3128 4632 sunt
3148 4589 3314 4648 partes
3343 4581 3436 4634 via:
3475 4582 3606 4651 ejus,

2020 4687 2066 4731 et
2086 4677 2152 4730 ad
2178 4677 2437 4730 humorem
2463 4674 2594 4728 verbi
2623 4673 2884 4726 audiemus
2909 4672 2961 4725 in
2998 4687 3056 4725 eo
3085 4670 3202 4743 (Job
3253 4673 3340 4728 26.
3382 4674 3492 4742 M).
3524 4673 3608 4728 ld-

2018 4771 2192 4839 ipsum
2234 4783 2446 4840 quoque
2483 4767 2744 4824 Jeremias
2789 4764 3072 4835 providens
3098 4781 3164 4820 ne
3198 4767 3317 4836 quis
3355 4781 3605 4837 umquam

2018 4863 2397 4932 suspicaretur,
2449 4858 2848 4930 interrogationi
2879 4857 3138 4927 judicium
3193 4871 3348 4912 suum
3394 4875 3605 4928 przepo.

2018 4955 2123 5010 suit
2142 4953 2325 5008 dicens
2355 4971 2368 5005 :
2397 4950 2576 5006 Justus
2593 4967 2665 5016 es,
2696 4948 2911 5004 Domine
2943 4964 2962 5002 :
2988 4948 3087 5003 hoc
3107 4957 3209 5016 est,
3238 4949 3361 5004 Scio
3391 4949 3606 5020 quidem

2016 5062 2045 5101 a
2071 5056 2123 5101 te
2143 5045 2317 5100 omnia
2347 5044 2455 5099 ï¬eri
2473 5045 2636 5114 juste,
2664 5042 2878 5097 modum
2906 5049 3083 5096 autem
3114 5042 3300 5111 ignoro
3321 5058 3426 5112 quo
3452 5044 3603 5099 ï¬unt.

2015 5139 2152 5208 Quid
2182 5139 2382 5210 igitur?
2407 5136 2709 5208 ampliusne
2739 5136 2815 5190 illi
2843 5134 3174 5190 didicerunt?
3205 5135 3407 5206 Nempe
3449 5135 3516 5192 de
3543 5138 3606 5193 iis
3659 5171 3682 5186 Î·.

2015 5234 2218 5288 nullum
2243 5249 2553 5303 responsum
2585 5231 2885 5286 retulerunt
2913 5248 2926 5283 :
2957 5231 3096 5301 quod
3121 5232 3308 5287 beatus
3334 5233 3496 5287 David
3527 5233 3606 5286 in.

2013 5326 2175 5392 dicat,
2207 5341 2326 5381 cum
2349 5325 2478 5380 dicit
2510 5343 2523 5379 :
2554 5325 2621 5379 Et
2650 5323 2994 5379 existimabam
3015 5332 3069 5377 ut
3089 5340 3458 5395 cognoscerem,
3485 5327 3605 5395 quia

2015 5418 2108 5471 hoc
2143 5418 2286 5472 labor
2326 5427 2398 5472 est
2431 5427 2548 5471 ante
2597 5434 2676 5471 me
2700 5417 2718 5488 (
2741 5415 2886 5472 Psal.
2916 5416 3142 5486 72.16).
3178 5415 3379 5473 Idcirco
3421 5427 3600 5473 autem

2014 5527 2268 5582 responsa
2309 5526 2470 5580 super
2514 5511 2597 5564 his
2625 5525 2732 5564 non
2759 5517 3112 5579 acceperunt,
3136 5519 3195 5564 ut
3219 5509 3601 5580 posterioribus

2015 5602 2222 5656 saeculis
2256 5601 2460 5655 futuros
2489 5601 2730 5656 homines
2765 5599 3022 5654 docerent
3045 5599 3206 5654 etiam
3240 5599 3340 5669 ipsi
3366 5599 3600 5653 interm-

2012 5695 2227 5764 gatione
2279 5695 2566 5749 abstinere.
2608 5694 2782 5762 Atque
2829 5691 2904 5746 illi
2947 5691 3161 5762 quidem
3190 5706 3352 5746 unum
3394 5697 3597 5744 tantum

2014 5784 2372 5857 inquirebant,
2399 5800 2493 5840 cur
2513 5783 2716 5839 scilicet
2743 5782 2886 5853 impii
2912 5784 2962 5838 in
2988 5783 3138 5854 copia
3157 5798 3334 5840 rerum
3357 5784 3594 5843 omnium
