4060 6136
448 372 553 430 ιιτ»

450 497 504 540 et
525 481 870 554 prosperitate
895 474 1159 540 viverent,
1176 480 1231 526 et
1254 483 1322 523 ne
1347 466 1425 522 sic
1457 462 1670 535 quidem
1686 460 2022 517 didicerunt:

455 593 508 630 at
538 589 660 630 vero
689 572 772 626 isti
803 570 957 637 longe
986 565 1137 636 plura
1183 575 1339 632 quam
1371 558 1447 612 illi
1472 557 1682 612 curiose
1702 561 2024 608 scrutantur.

451 669 528 723 Ea
579 667 718 721 enim
775 677 893 731 qua:
943 673 1081 713 nunc
1133 661 1520 724 pr0ponuntur,
1571 647 1737 702 multo
1785 645 2028 716 graviora

358 761 360 763 ’
451 769 593 813 sunt.
622 755 801 822 Itaque
833 749 1106 804 ntanifesta
1137 746 1326 798 horum
1369 741 1505 796 ratio
1547 739 1623 794 illi
1667 737 2024 810 permittatur,

452 850 542 920 qui
574 847 717 901 novit
745 843 922 898 omnia
949 851 1227 908 antequam
1246 835 1389 888 fiant.

527 941 580 996 8.
612 939 713 994 Cur
737 936 854 990 boni
910 933 1195 1004 afﬂigantur
1239 924 1567 998 quaerendum
1619 938 1719 975 non
1770 927 1858 972 est.
1881 945 1951 958 --
1973 913 2032 970 Si

455 1043 631 1088 tamen
653 1042 787 1098 opus
810 1028 878 1080 sit
906 1040 1006 1079 nos
1034 1039 1098 1078 ex
1134 1022 1217 1087 iis,
1241 1034 1358 1089 quae
1389 1017 1498 1086 jam
1527 1022 1652 1068 nota
1674 1011 1828 1066 nobis
1864 1016 1987 1063 sunt
2014 1047 2030 1073 ,

456 1123 773 1178 solutionem
823 1115 1166 1186 quresitorum
1202 1119 1256 1164 et
1276 1105 1696 1164 consolationem
1734 1099 2037 1169 excogitare

458 1221 674 1283 prepter
716 1223 808 1262 eos
835 1205 925 1276 qui
970 1213 1078 1258 tam
1115 1202 1325 1256 curiose
1362 1198 1450 1252 illa
1490 1195 1862 1258 sciscitantur,
1907 1189 2036 1244 illud

457 1306 681 1360 dixerim
705 1345 720 1368 ,
746 1301 1017 1370 indignum
1061 1312 1181 1352 esse
1219 1307 1457 1364 qumrcre
1491 1307 1586 1344 cur
1614 1289 1738 1344 boni
1789 1287 1841 1341 in
1887 1299 2038 1354 pres-

459 1395 598 1450 suris
619 1435 635 1460 ,
665 1393 789 1447 mali
816 1400 997 1445 contra
1031 1389 1081 1442 in
1137 1386 1318 1456 requie
1348 1383 1659 1453 persisrant,
1689 1377 1891 1433 caelesti
1929 1375 2039 1445 jam

462 1485 695 1540 revelato
734 1497 898 1551 regno
922 1521 936 1545 ,
969 1478 1238 1548 futurique
1263 1475 1442 1530 saeculi
1473 1472 1695 1544 praemio
1743 1469 1897 1523 nobis
1947 1481 2039 1522 os—

465 1585 635 1632 tenso.
667 1571 797 1628 Nam
817 1587 935 1625 cum
967 1571 1020 1624 in
1051 1569 1136 1623 illa
1175 1568 1280 1621 vita
1319 1565 1511 1634 singuli
1540 1563 1694 1631 digna
1724 1560 1832 1615 suis
1873 1557 2040 1612 meri-

465 1671 534 1723 tis
560 1666 859 1735 recipiant,
894 1661 1018 1733 quid
1040 1662 1148 1731 jam
1176 1660 1253 1714 eis
1290 1657 1449 1712 rebus
1488 1653 1860 1723 perturbamur
1880 1691 1893 1714 ,
1925 1663 2044 1719 qua:

474 1762 561 1816 hic
589 1758 743 1814 bonis
770 1766 860 1811 aut
893 1755 1045 1809 malis
1087 1748 1442 1820 contingunt?
1474 1748 1613 1801 Deus
1641 1744 1782 1799 enim
1818 1755 1913 1797 eos
1957 1740 2046 1810 qui

471 1852 571 1907 sibi
604 1849 900 1908 adharcnt,
933 1843 1092 1899 veluti
1124 1840 1442 1896 fortissimos
1468 1837 1715 1901 athletas,
1737 1831 2045 1901 hujusmodi

477 1943 750 1998 laboribus
775 1945 1008 2001 exercet,
1041 1933 1418 1988 imbecilliores
1458 1944 1587 1985 vero
1612 1943 1675 1982 ac
1706 1925 1965 1980 tardiores
1991 1923 2007 1953 ¹
2027 1962 2044 1988 ,

475 2045 527 2090 et
575 2034 664 2105 qui
713 2032 847 2088 nihil
898 2030 1150 2084 durorum
1203 2026 1445 2079 laborum
1503 2023 1746 2092 perferre
1793 2025 2048 2086 possunt,

480 2128 626 2197 prius
692 2124 758 2178 ad
820 2123 957 2178 bona
1008 2135 1171 2190 opera
1227 2117 1486 2171 hortatur.
1538 2112 1690 2180 Quod
1763 2110 1810 2165 si
1867 2117 2050 2164 contra

481 2230 876 2285 nonnumquam
917 2211 1126 2275 evenit,
1161 2208 1478 2280 plurimique
1505 2205 1633 2275 justi
1661 2203 1748 2256 hic
1774 2203 1826 2256 in
1864 2199 2051 2269 requie

477 2311 638 2363 vitam
656 2296 776 2360 ﬁlum
803 2303 1003 2357 honore
1029 2309 1209 2371 agunt,
1235 2299 1356 2352 mali
1376 2311 1501 2351 vero
1518 2297 1570 2348 in
1594 2291 1880 2364 ignominia
1906 2304 2052 2343 sum-

476 2399 684 2467 misque
701 2393 1106 2449 adversitatibus
1128 2389 1443 2460 perdurant,
1460 2386 1672 2440 interim
1685 2383 1895 2454 quidem
1913 2381 2056 2450 prior

476 2492 563 2545 illa
609 2487 836 2557 objectio
864 2527 879 2552 ,
925 2500 1042 2554 qua:
1078 2482 1238 2551 afﬂigi
1267 2480 1462 2544 bonos,
1501 2476 1668 2531 malos
1701 2489 1830 2528 vero
1863 2472 2059 2542 jugiter

483 2597 603 2637 esse
648 2582 699 2634 in
731 2578 935 2633 deliciis
964 2575 1392 2644 conquerebatur
1418 2614 1433 2637 ,
1477 2570 1576 2627 hac
1626 2569 1831 2622 ratione
1874 2579 2057 2620 eversa

479 2668 809 2740 profligatur.
841 2668 933 2722 Sin
956 2673 1131 2718 autem
1162 2673 1215 2717 et
1255 2663 1411 2730 hujus
1435 2661 1509 2714 rei
1546 2673 1760 2712 causam
1793 2657 2060 2726 inquirere

479 2760 704 2814 velimus
727 2799 742 2822 ,
773 2757 824 2810 id
877 2755 1114 2825 profecto
1157 2753 1383 2807 dixerim
1415 2792 1428 2814 ,
1464 2751 1626 2803 Deum
1654 2756 1833 2801 nostra
1879 2745 2059 2800 omnia

479 2867 585 2906 non
637 2863 741 2902 uno
771 2846 927 2901 modo
953 2845 1164 2899 solitum
1209 2857 1329 2896 esse
1384 2840 1671 2910 disponere
1697 2877 1713 2904 ,
1744 2836 1836 2890 sed
1882 2849 2060 2889 rerum

481 2940 634 3011 c0pia
663 2940 999 3000 instructum,
1044 2936 1224 3005 plures
1253 2933 1409 2987 nobis
1436 2930 1501 2984 ad
1530 2929 1755 2984 salutem
1783 2927 1896 2981 vias
1926 2934 2063 2980 ster-

486 3045 632 3086 nere.
660 3031 793 3084 Cum
844 3029 1019 3098 itaque
1049 3027 1226 3096 plures
1278 3025 1384 3078 sint
1408 3065 1422 3090 ,
1453 3022 1542 3092 qui
1591 3019 1748 3074 futuri
1776 3017 1955 3073 sa‘culi
2001 3031 2066 3072 ac

483 3122 891 3180 resurrectionis
935 3120 1229 3174 doctrinam
1266 3117 1547 3172 admittere
1589 3113 1928 3186 pertinaciter
1973 3127 2062 3166 re-

479 3227 668 3284 nuant,
697 3215 859 3271 veluti
893 3215 943 3268 in
972 3213 1115 3268 brevi
1145 3211 1321 3264 tabula
1351 3210 1436 3263 hic
1461 3207 1644 3278 judicii
1689 3205 1848 3260 futuri
1877 3204 2065 3274 imagi-

485 3325 608 3364 nem
635 3306 906 3370 ostendit,
932 3319 1051 3360 cum
1080 3304 1231 3373 punit
1277 3301 1446 3355 malos
1475 3339 1490 3364 ,
1523 3299 1694 3354 bonos
1739 3304 2063 3351 remunerat.

479 3402 638 3471 Quod
667 3417 785 3456 cum
817 3400 868 3453 in
894 3397 1092 3468 judicio
1110 3396 1197 3449 illo
1220 3407 1468 3464 supremo
1489 3390 1809 3462 generaliter
1835 3389 2065 3444 futurum

493 3497 598 3560 sit,
626 3495 786 3549 etiam
818 3505 960 3547 nunc
979 3506 1044 3544 cx
1075 3495 1224 3558 parte
1250 3487 1424 3556 aliqua
1455 3485 1574 3540 ideo
1605 3483 1663 3536 fit
1685 3522 1700 3547 ,
1729 3493 1786 3535 ut
1814 3482 1902 3551 qui
1929 3481 2068 3535 circa

484 3587 838 3660 longinquum
867 3583 993 3638 illud
1017 3582 1271 3652 judicium
1299 3593 1392 3650 spe
1414 3577 1546 3646 lapsi
1573 3585 1727 3642 sunt,
1755 3575 1840 3628 vel
1864 3573 1927 3627 iis
1951 3587 2070 3642 quae

504 3683 561 3737 in
593 3681 694 3733 hoc
722 3676 914 3732 sacculo
942 3675 1252 3742 contingunt
1276 3667 1552 3732 admenili,
1582 3664 1970 3720 mansuetiores
1992 3667 2074 3716 at-

486 3786 601 3844 que
619 3769 868 3823 meliores
886 3765 1029 3819 fiant.
1044 3763 1098 3819 Si
1117 3764 1254 3816 enim
1273 3761 1448 3814 nullus
1463 3758 1549 3812 hic
1566 3757 1781 3810 omnino
1799 3754 2072 3824 puniretur

496 3842 689 3928 malus,
721 3859 1000 3926 nullusque
1025 3856 1378 3908 honoraretur
1406 3849 1599 3913 bonus,
1631 3843 1845 3915 plurimi
1886 3859 1955 3898 ex
2009 3842 2074 3896 iis

495 3956 584 4024 qui
633 3949 1082 4008 resurrectionem
1135 3958 1241 3998 non
1287 3941 1557 4003 credunt,
1608 3937 1861 3992 virtutem
1914 3932 2074 3986 veluti

498 4023 756 4098 malorum
789 4055 1001 4102 causam
1037 4037 1322 4105 fugerent,
1368 4028 1713 4084 vitiositatem
1742 4041 1872 4080 vero
1911 4023 2075 4078 veluti

489 4138 760 4191 abonorum
810 4146 1023 4186 causam
1072 4132 1516 4197 persequerentur
1565 4139 1578 4176 :
1628 4119 1672 4175 si
1724 4133 1938 4174 rursum
1991 4117 2079 4172 hic

504 4226 697 4296 singuli
743 4225 891 4293 juxta
944 4221 1132 4275 merita
1182 4218 1527 4286 reciperent,
1581 4211 1902 4284 superfluam
1969 4212 2078 4280 jam

499 4319 794 4388 falsamque
824 4308 1396 4378 existimarentjudicii
1445 4305 1766 4361 doctrinam.
1801 4304 1985 4372 Itaque
2011 4317 2080 4356 ne

507 4412 634 4468 huic
678 4425 783 4464 non
837 4405 1145 4462 crederetur
1173 4444 1188 4470 ,
1214 4417 1281 4456 ne
1325 4401 1509 4469 ingens
1553 4397 1890 4466 vulgarisque
1929 4393 2081 4447 turba

496 4521 569 4560 ex
595 4509 901 4570 contemptu
933 4497 1168 4553 deterior
1215 4494 1397 4558 fieret,
1426 4491 1621 4545 multos
1651 4489 1738 4543 hic
1774 4495 2082 4557 peccatores

504 4597 798 4661 ulciscitur,
821 4591 1186 4663 quosdamque
1204 4603 1302 4658 pro
1329 4593 1475 4642 recte
1503 4583 1653 4638 factis
1677 4588 2001 4643 remunerat.
2025 4586 2085 4632 ut

506 4705 574 4745 ex
604 4705 668 4743 eo
706 4685 847 4756 quod
877 4699 983 4738 non
1015 4683 1067 4736 in
1112 4680 1358 4735 omnibus
1402 4677 1454 4731 id
1498 4674 1624 4730 facit
1660 4672 1841 4744 judicii
1881 4678 2086 4725 asserat

515 4781 696 4844 fidem,
728 4795 792 4834 ex
821 4791 886 4832 eo
920 4791 1048 4829 vero
1075 4773 1214 4844 quod
1244 4781 1366 4826 ante
1383 4769 1637 4839 judicium
1680 4781 1890 4836 quoque
1919 4763 2086 4817 malos

501 4874 714 4942 aliquos
743 4867 1015 4938 suppliciis
1044 4865 1207 4917 afficit
1226 4904 1240 4925 ,
1271 4860 1687 4931 profundissimo
1716 4857 1864 4928 quasi
1895 4869 2086 4910 somno

501 4959 745 5030 sepultos
771 4957 985 5013 excitet.
1015 4955 1143 5008 Nam
1172 4969 1240 5006 ex
1281 4953 1539 5005 malorum
1564 4949 1778 5019 quidem
1812 4947 2087 5017 punitione

510 5049 722 5120 plurimi
748 5049 937 5101 timore
962 5045 1315 5112 corriguntur,
1335 5057 1401 5094 ne
1423 5041 1687 5109 patiantur
1711 5037 1918 5101 eadem;
1939 5051 2004 5090 ex
2021 5049 2086 5089 eo

507 5151 686 5196 autem
717 5139 857 5210 quod
883 5154 984 5191 non
1013 5135 1261 5189 omnibus
1287 5147 1383 5202 pro
1412 5134 1603 5186 merito
1631 5130 1716 5183 hic
1740 5129 2084 5187 retribuatur.

504 5233 745 5302 cogitare
795 5228 1185 5296 compelluntur
1235 5222 1537 5293 hujusmodi
1569 5219 1786 5291 praemia
1838 5220 1891 5272 in
1944 5218 2084 5273 aliud

509 5333 722 5391 tempus
749 5334 870 5375 esse
899 5326 1187 5374 reservata.

583 5412 688 5468 Cur
737 5429 839 5466 non
905 5426 1076 5464 omnes
1131 5409 1212 5462 hic
1275 5406 1408 5461 Deus
1453 5406 1648 5477 puniat.
1674 5433 1746 5446 -
1793 5402 2087 5471 Numquam

507 5506 655 5562 enim
705 5503 938 5575 profecto
970 5544 984 5569 ,
1033 5517 1154 5557 cum
1214 5500 1388 5570 justus
1434 5498 1504 5552 sit
1555 5497 1694 5552 Deus
1722 5536 1739 5562 ,
1816 5502 1894 5548 tot
1934 5507 2089 5562 sper-

510 5609 666 5655 neret
711 5597 824 5652 sive
877 5595 1044 5650 malos
1073 5594 1358 5664 impunitos
1406 5605 1474 5645 ex
1513 5589 1620 5643 vita
1668 5589 1926 5659 migrare,
1977 5585 2089 5640 sive

510 5691 687 5747 bonos
745 5689 832 5744 hic
875 5686 1167 5742 innumeris
1223 5681 1574 5740 incommodis
1623 5678 1808 5745 affici,
1873 5678 1916 5732 si
1982 5692 2088 5733 non

576 5822 596 5854 ⁸
634 5821 834 5874 Insaril.
865 5830 914 5872 ct
935 5819 1061 5870 Colb.
1085 5820 1259 5870 desunt
1285 5818 1449 5880 verba,
1474 5828 1530 5867 ac
1553 5819 1805 5866 tardiores.

1153 359 1210 416 S.
1247 353 1524 414 JOANNlS
1560 343 2030 408 CHRYSOSTOSII
2069 339 2386 398 ARClllEP.
2424 333 2955 393 CONSTANTINOP.

3607 329 3708 386 444

2133 454 2372 523 utrisque
2413 449 2578 506 alium
2627 449 2681 504 in
2730 448 2905 504 futuro
2951 447 3146 504 seculo
3196 455 3393 502 statum
3452 458 3711 516 parasset.

2130 546 2389 617 Quocirca
2452 561 2561 601 non
2613 557 2803 599 omnes
2885 541 2970 596 vel
3046 541 3306 611 supplicio
3360 539 3442 594 vel
3511 539 3716 593 honore

2132 637 2316 703 afﬁcit,
2347 635 2441 691 sed
2495 635 2775 706 quosdam,
2808 635 2945 689 sicut
2991 632 3118 686 etin
3150 631 3436 686 Persarum
3463 644 3589 700 rege
3612 671 3627 693 ,
3661 640 3722 684 et

2133 733 2184 788 in
2232 731 2459 786 Ezechia
2497 729 2752 798 contigit,
2803 741 3122 797 quamquam
3164 724 3362 780 fuerint
3410 722 3626 793 plurimi
3662 732 3721 777 et

2133 822 2354 893 Assyrio
2406 819 2715 891 impietate,
2758 827 2812 873 et
2863 816 3106 872 Ezechiae
3154 817 3352 886 pietate
3405 830 3468 869 ac
3520 813 3724 868 virtute

2135 927 2308 982 pares.
2339 911 2446 967 Sed
2475 927 2580 966 non
2605 925 2729 980 erga
2756 923 2944 963 omnes
2975 908 3078 962 hoc
3101 907 3210 978 agit
3237 908 3377 963 Deus
3406 924 3420 960 :
3449 907 3601 975 cujus
3643 907 3723 960 rei

2136 1020 2294 1060 causa
2329 1013 2443 1069 est,
2476 1013 2533 1058 ut
2564 1003 2710 1067 dixi,
2737 997 2895 1072 'quod
2924 1001 3158 1056 nondum
3185 1000 3324 1054 adsit
3347 999 3531 1069 judicii
3579 1009 3724 1052 tem-

2138 1112 2259 1167 pus.
2289 1095 2442 1164 Quod
2469 1105 2644 1149 autem
2694 1095 2793 1148 ista
2827 1092 3069 1147 doctrina
3118 1107 3234 1146 mea
3267 1107 3373 1145 non
3399 1091 3509 1154 sit,
3551 1091 3618 1144 ab
3655 1105 3727 1144 eo

2139 1188 2228 1258 qui
2257 1202 2356 1242 nos
2385 1195 2508 1241 tunc
2530 1184 2864 1255 judicaturus
2899 1192 2982 1238 est
3019 1181 3178 1236 modo
3205 1181 3410 1236 audies.
3439 1181 3568 1235 Nam
3597 1197 3726 1235 cum

2141 1279 2369 1351 profecti
2423 1278 2490 1332 ad
2535 1293 2656 1332 eum
2697 1277 2909 1346 quidam
2958 1285 3186 1330 mortem
3238 1274 3449 1328 illorum
3494 1272 3581 1342 qui
3625 1272 3731 1327 sub

2143 1380 2292 1424 turre
2316 1369 2488 1424 obruti
2538 1367 2786 1434 fuerant,
2819 1367 3077 1435 Pilatiqne
3103 1365 3370 1420 vesaniam
3411 1363 3732 1419 annuntias-

2143 1473 2284 1530 sent,
2315 1478 2473 1533 quam
2502 1462 2554 1516 in
2581 1475 2674 1515 eos
2697 1459 2786 1528 qui
2817 1459 3012 1513 mortui
3039 1456 3247 1513 fuerant
3271 1455 3540 1512 ostendit.
3562 1453 3734 1509 sacri-

2147 1555 2282 1610 ficiis
2311 1554 2519 1608 illorum
2546 1551 2858 1624 sanguinem
2893 1548 3166 1606 miscendo
3189 1591 3206 1617 ,
3237 1558 3347 1604 tum
3375 1548 3484 1602 ait:
3525 1546 3734 1600 Putatis

2145 1645 2278 1716 quod
2314 1645 2368 1698 hi
2397 1643 2596 1699 Galilcei
2642 1653 2926 1713 peccatores
2975 1657 3081 1710 pm
3107 1643 3298 1696 ueteris
3361 1637 3587 1694 Galilwis
3617 1641 3734 1709 {ue-

2147 1740 2250 1793 riut
2277 1780 2292 1802 ,
2323 1739 2410 1810 qui
2436 1738 2558 1791 talia
2585 1737 2720 1808 passi
2755 1737 2916 1790 sunt?
2945 1733 3064 1788 Non
3091 1775 3106 1800 ,
3135 1733 3248 1788 dico
3297 1732 3434 1786 vobis
3461 1773 3477 1798 ,
3505 1731 3593 1785 sed
3633 1729 3737 1784 nisi

2149 1832 2489 1905 paenitentiam
2521 1830 2718 1901 egeritis
2740 1870 2755 1894 ,
2784 1843 2953 1881 omnes
2978 1825 3209 1882 similiter
3252 1824 3495 1894 peribitis.
3528 1824 3626 1876 Aut
3654 1823 3737 1875 illi

2151 1929 2319 1982 decem
2351 1935 2396 1980 et
2417 1934 2528 1979 octo
2553 1940 2708 1992 super
2737 1938 2860 1991 quos
2893 1920 3068 1974 cecidit
3105 1919 3258 1973 turris
3277 1918 3437 1981 Siloa,
3479 1925 3526 1969 et
3554 1915 3737 1968 occidit

2151 2019 2303 2083 illos,
2350 2017 2537 2088 putatis
2581 2016 2716 2086 quod
2758 2014 2856 2082 ipsi
2905 2026 3012 2082 prie
3057 2008 3322 2074 omnibus,
3362 2008 3449 2078 qui
3503 2006 3736 2060 habitant

2151 2107 2436 2164 Jerusalem
2453 2148 2468 2173 ,
2498 2105 2740 2159 debitores
2761 2101 2982 2172 fuerint?
3009 2099 3145 2162 Non,
3177 2099 3288 2153 dico
3313 2098 3448 2152 vobis
3467 2137 3483 2165 ,
3510 2095 3599 2150 sed
3632 2095 3734 2149 nisi

2157 2199 2494 2268 paenitentiam
2543 2197 2743 2267 egeritis
2769 2235 2784 2260 ,
2833 2210 3004 2248 omnes
3052 2190 3280 2246 similiter
3322 2189 3545 2260 per-ibitis
3572 2186 3726 2257 (Luc.

2158 2292 2244 2346 l3.
2295 2289 2397 2344 2-5
2426 2291 2466 2360 ).
2523 2287 2649 2342 Haec
2693 2284 2963 2340 dilationis
3008 2296 3169 2336 causa
3232 2289 3331 2335 est.
3385 2278 3586 2333 Idcirco
3628 2292 3739 2331 non

2157 2395 2344 2436 omnes
2393 2379 2484 2450 qui
2533 2377 2735 2433 eisdem
2783 2373 3058 2445 suppliciis
3095 2381 3218 2426 sunt
3242 2372 3385 2442 digni
3415 2386 3516 2424 una
3549 2369 3743 2439 punire

2158 2473 2453 2536 consuevit,
2479 2479 2535 2525 ut
2564 2468 2750 2538 reliqui
2773 2483 2956 2522 eorum
2979 2466 3190 2522 casibus
3210 2463 3465 2518 admoniti
3493 2461 3746 2516 meliores

2161 2566 2309 2619 fiant.
2354 2565 2528 2632 Atque
2569 2560 2670 2615 ista
2697 2559 2911 2630 quidem
2969 2557 3180 2611 interim
3229 2555 3452 2609 solvisse
3491 2551 3744 2608 sufficiat.

2160 2657 2264 2713 Sed
2309 2656 2453 2710 enim
2495 2663 2550 2708 tu
2603 2652 2845 2707 fortassis
2897 2665 2960 2705 ea
3011 2649 3211 2712 etiam,
3250 2661 3370 2716 quae
3410 2645 3567 2716 paulo
3622 2653 3749 2698 ante

2163 2748 2571 2818 pr0posuimus,
2602 2745 2772 2799 multo
2820 2743 2981 2797 etiam
3014 2739 3347 2810 perplexiora
3370 2778 3385 2802 ,
3416 2746 3475 2791 ut
3501 2735 3750 2790 similiter

2162 2839 2474 2903 enodemus,
2505 2837 2746 2906 inquiris.
2780 2835 2887 2890 Sed
2911 2848 3030 2888 cum
3056 2832 3234 2903 priora
3263 2844 3361 2901 pro
3381 2828 3581 2883 viribus
3603 2835 3749 2896 pate-

2163 2933 2465 2998 fecerimus,
2487 2931 2554 2984 ad
2579 2930 2665 2984 illa
2682 2928 2841 2983 etiam
2873 2925 3123 2982 solvenda
3145 2923 3485 2978 fundamenta
3505 2919 3748 2990 qumdam

2160 3027 2303 3097 jacta
2329 3024 2494 3080 fuisse
2521 3023 2859 3078 arbitrantur.

2238 3137 2342 3193 Cur
2389 3134 2536 3190 multi
2577 3143 2681 3188 tota
2719 3133 2820 3187 vita
2848 3131 3148 3202 aﬂligantur.
3182 3157 3256 3168 -—
3291 3124 3427 3192 Quid
3458 3137 3584 3192 ergo
3623 3122 3751 3176 illud

2167 3237 2268 3294 est,
2301 3228 2352 3282 in
2384 3241 2488 3297 quo
2525 3225 2698 3280 haeres
2728 3231 2783 3277 et
2817 3221 3080 3276 ﬂuctuas?
3106 3219 3258 3286 Quod
3292 3217 3500 3287 plurimi
3531 3231 3596 3269 ex
3643 3215 3752 3284 pri-

2167 3321 2386 3377 mordiis
2415 3319 2586 3373 aetatis
2631 3317 2696 3372 ad
2741 3317 2900 3370 finem
2941 3328 3109 3382 usque
3156 3311 3315 3364 variis
3365 3306 3755 3363 calamitatibus

2173 3413 2281 3465 sint
2331 3409 2525 3465 affecti.
2577 3407 2690 3477 Ego
2730 3416 2784 3460 et
2809 3405 2876 3459 de
2904 3404 2985 3457 bis
3027 3411 3080 3456 et
3106 3401 3172 3455 de
3202 3399 3469 3470 prioribus
3502 3397 3752 3461 dixerim,

2171 3503 2439 3573 praecipue
2469 3500 2683 3571 quidem
2725 3499 2842 3552 illos
2872 3497 2941 3551 ob
2968 3493 3182 3565 propria
3209 3493 3332 3546 vitia
3361 3491 3568 3562 puniri,
3599 3489 3756 3544 dein-

2171 3611 2298 3666 ceps
2327 3610 2474 3658 vero,
2507 3593 2669 3648 utalii
2695 3604 2907 3661 quoque
2942 3589 3157 3642 illorum
3187 3585 3434 3654 exemplo
3461 3582 3756 3638 emenden-

2174 3699 2275 3742 tur.
2323 3687 2478 3754 Quod
2525 3686 2569 3741 si
2609 3685 2798 3739 nonin
2829 3681 3077 3736 omnibus
3107 3679 3159 3734 id
3201 3679 3276 3742 ﬁt,
3319 3677 3449 3732 nihil
3486 3683 3570 3731 est
3615 3675 3758 3745 quod

2175 3779 2388 3833 mireris
2422 3795 2436 3833 :
2468 3777 2702 3831 nondum
2728 3776 2870 3830 enim
2903 3773 3084 3843 judicii
3115 3781 3323 3840 tempus
3347 3769 3578 3824 advenit.
3618 3766 3758 3834 Quid

2174 3887 2300 3941 ergo
2330 3871 2396 3925 de
2425 3870 2528 3924 illis
2549 3869 2712 3933 dices,
2758 3867 2951 3937 inquis,
2985 3865 3072 3935 qui
3112 3874 3392 3933 antequam
3421 3876 3516 3931 per
3539 3869 3756 3915 aetatem

2177 3964 2311 4017 bona
2343 3964 2423 4017 vel
2447 3962 2582 4015 mala
2604 3960 2908 4014 discernere
2935 3958 3160 4028 possint,
3185 3955 3333 4025 quasi
3367 3955 3598 4008 maxime
3626 3967 3757 4022 pec-

2177 4054 2434 4119 caverint,
2466 4052 2739 4122 suppliciis
2762 4049 3100 4105 afficiuntur?
3125 4047 3290 4117 Hujus
3310 4046 3522 4116 quidem
3544 4045 3619 4099 rei
3654 4059 3759 4097 non

2179 4161 2282 4198 una
2302 4156 2586 4209 estcausa,
2635 4142 2727 4197 sed
2749 4141 2989 4212 plurima:
3016 4155 3079 4193 ac
3111 4139 3288 4192 variae.
3321 4137 3449 4191 Nam
3484 4146 3539 4191 et
3566 4151 3632 4190 ex
3671 4151 3763 4204 pa-

2180 4245 2386 4290 rentum
2415 4233 2840 4302 intemperantia,
2871 4240 2924 4286 et
2950 4246 3015 4286 ex
3047 4230 3389 4284 nutritiorum
3418 4227 3760 4297 negligentia,

2179 4336 2233 4381 et
2261 4341 2324 4380 ex
2349 4324 2663 4393 intemperie
2687 4333 2844 4393 atque
2866 4321 3220 4392 inaequalitate
3246 4321 3384 4374 aeris
3403 4359 3418 4382 ,
3449 4328 3504 4373 et
3549 4333 3616 4373 ex
3645 4319 3764 4372 aliis

2183 4416 2424 4486 plurimis
2471 4413 2772 4484 hujusmodi
2821 4413 3034 4467 casibus
3094 4411 3146 4466 id
3200 4411 3511 4480 contingere
3566 4417 3761 4478 potest.

2183 4512 2445 4566 Przcterea
2513 4523 2632 4563 cum
2705 4507 2961 4578 plurimos
3012 4505 3226 4560 illorum
3277 4503 3482 4557 futuros
3533 4516 3761 4570 nequam

2183 4602 2515 4675 przesciverit
2541 4601 2680 4657 Deus
2700 4642 2714 4664 ,
2744 4614 2837 4655 eos
2859 4599 3017 4652 veluti
3052 4595 3398 4675 compedibus
3440 4592 3757 4664 quibusdam

2185 4674 2488 4766 hujusmodi
2515 4693 2774 4763 supplicio
2802 4699 3032 4746 coercet.
3060 4674 3154 4743 An~
3172 4703 3276 4742 non
3308 4686 3454 4740 vides
3474 4697 3528 4740 et
3553 4683 3764 4739 utendi-

2185 4802 2370 4842 corum
2395 4785 2652 4856 plurimos
2679 4784 2818 4838 inter
2844 4795 3116 4851 pressuras
3143 4779 3286 4849 ipsas
3313 4787 3367 4832 et
3392 4776 3664 4845 angustias
3687 4775 3766 4828 in-

2187 4894 2402 4933 numera
2423 4886 2794 4946 perpetrantcs
2818 4874 3044 4939 scelera,
3065 4886 3288 4942 quorum
3323 4879 3496 4923 tamen
3525 4867 3765 4920 omnium

2186 4985 2344 5024 causa
2373 4985 2476 5023 non
2502 4968 2724 5023 afflictio
2749 4965 3069 5035 paupertatis
3095 4974 3197 5028 est,
3230 4962 3323 5018 sed
3360 4961 3472 5016 sola
3499 4958 3767 5029 nequitia?

2187 5063 2381 5116 Audivi
2428 5077 2526 5133 ego
2549 5061 2807 5132 quosdam
2838 5057 3123 5127 aliquando
3150 5071 3271 5110 cum
3298 5055 3537 5108 dicerent
3579 5052 3767 5121 hujus-

2189 5153 2328 5208 modi
2358 5153 2599 5207 homines
2650 5150 2930 5204 mulierem
2961 5147 3244 5218 quamdam
3268 5146 3545 5199 honestam
3573 5152 3628 5197 et
3654 5142 3766 5195 for-

2192 5258 2279 5297 ma
2305 5243 2514 5298 liberali
2547 5242 2598 5295 in
2630 5239 2917 5296 solitudine
2946 5247 3148 5303 nactos,
3176 5238 3224 5292 ei
3253 5237 3512 5290 violenter
3536 5249 3598 5288 ac
3620 5244 3771 5302 petuo

2190 5337 2361 5388 lanter
2388 5333 2639 5388 illusisse.
2670 5332 2825 5401 Atqui
2853 5345 2956 5400 qua
2977 5331 3312 5396 necessitate,
3342 5343 3445 5397 qua
3469 5327 3769 5380 calamitate

2188 5427 2252 5481 ad
2276 5427 2375 5480 hoc
2397 5425 2593 5479 inducti
2624 5424 2787 5478 sunt?
2817 5438 2934 5492 quae
2955 5421 3040 5476 isti
3058 5423 3257 5476 scelera
3279 5436 3383 5474 non
3402 5419 3765 5479 admisissent,

2189 5519 2233 5575 si
2257 5534 2359 5573 non
2375 5515 2674 5587 hujusmodi
2694 5515 2841 5584 quasi
2861 5515 3085 5569 vinculis
3104 5512 3545 5568 continerentur?
3572 5511 3767 5564 Eorum

2188 5627 2315 5667 vero
2341 5611 2429 5680 qui
2463 5608 2764 5664 carceribus
2804 5607 2990 5661 inclusi
3021 5615 3144 5661 sunt
3171 5606 3286 5674 quis
3314 5603 3466 5658 facile
3494 5604 3767 5658 vesaniam

2189 5715 2242 5762 et
2263 5705 2465 5759 rabiem
2497 5701 2732 5772 perferre
2763 5700 2957 5770 possit?
2983 5701 3048 5754 At
3078 5699 3110 5753 ii
3150 5697 3237 5767 qui
3265 5712 3292 5750 a
3315 5696 3560 5750 daemone
3595 5695 3767 5748 corri-

2197 5798 2407 5869 piuntur
2428 5793 2594 5852 nihilo
2621 5793 2825 5851 minora
2858 5791 2939 5850 his
2971 5789 3168 5848 facrunt
3193 5807 3205 5843 :
3233 5804 3334 5846 non
3365 5795 3541 5843 autem
3562 5801 3627 5843 ca
3650 5800 3772 5842 mo-
