4060 6136
60 335 186 393 £63

60 453 311 526 εὐθηνίᾳ
340 453 434 509 καὶ
475 453 711 525 πλούτῳ,
755 453 849 508 καῒ
889 453 1010 509 οὐδὲ
1040 454 1214 520 οὕτως
1254 456 1557 528 ἐμάνθανον
1576 473 1590 487 ·
1623 458 1675 510 οί
1706 456 1763 511 δέ

62 546 170 604 νῦν
216 548 403 621 πολλῷ
451 551 677 605 πλείονα
721 549 948 605 ἐκείνων
992 551 1513 625 πολυπραγμονοῦσι
1534 571 1548 586 ·
1589 554 1766 610 ταῦτα

60 646 186 719 γὰρ
215 648 285 701 τά
319 646 416 701 νῦν
454 646 822 718 προτιθέμενα
851 646 1033 720 πολλῷ
1065 648 1288 703 πλείονα
1337 651 1562 704 ἐκείνων
1590 651 1760 707 ἐστίν.

77 746 141 799 '0
179 745 285 815 μὲν
308 739 401 799 οὖν
426 744 603 816 σαφὴς
637 743 795 812 λόγος
830 743 1036 799 τούτων
1066 746 1449 818 ἐπιτετράφθω
1478 747 1557 821 τῷ
1582 747 1763 802 πάντα

61 841 245 895 είδότι
282 842 413 913 πρὶν
449 840 717 911 γενέσεως
744 839 948 896 αὐτῶν.

139 980 219 1055 η’.
282 984 348 1045 El
374 983 431 1036 δέ
471 985 577 1057 χρὴ
610 983 707 1038 καὶ
744 982 943 1047 αὐτοὺς
980 983 1047 1037 ἐκ
1087 982 1199 1036 τῶν
1237 983 1338 1054 ἤδη
1380 983 1763 1053 γεγενημένων

64 1072 377 1144 γνωρίμων
408 1074 541 1143 ἡμῖν
590 1072 879 1142 ἐπινοῆσαι
928 1070 1083 1125 λύσιν
1121 1071 1217 1125 καὶ
1264 1068 1619 1142 παραμυθίαν
1649 1073 1763 1135 τοῖς

66 1159 443 1231 ζητουμένοις
483 1159 629 1224 τινὰ,
657 1159 747 1214 διά
787 1161 914 1223 τοὺς
950 1158 1159 1230 σφόδρα
1189 1157 1360 1212 ταῦτα
1398 1157 1765 1230 περιεργαζο-

67 1248 305 1318 μένους,
357 1248 533 1301 ἐκεῖνό
567 1264 741 1319 φημι,
783 1248 867 1301 ὅτι
905 1246 969 1301 τὸ
1008 1247 1108 1319 μὲν
1140 1246 1267 1309 τοὺς
1293 1245 1537 1308 δικαίους
1565 1246 1623 1299 ἐν
1652 1243 1763 1298 θλί-

62 1334 238 1404 ψεσιν
267 1331 432 1402 εἶναι,
460 1336 521 1389 ἐν
548 1335 734 1388 ἀνέσει
764 1334 821 1388 δέ
850 1336 979 1398 τοὺς
1009 1334 1302 1405 πονηροὺς,
1338 1332 1459 1386 οὐδὲ
1480 1331 1761 1404 ζητήσεως

64 1421 228 1487 ἄξιον
279 1422 490 1489 λοιπὸν,
525 1422 625 1493 τῆς
666 1421 947 1493 βασιλείας
980 1421 1484 1492 ἀποκαλυφθείσης,
1532 1421 1623 1475 καὶ
1661 1420 1762 1492 τῆς

65 1514 220 1566 κατά
254 1513 351 1566 τὸν
400 1512 662 1584 μέλλοντα
696 1513 868 1567 αἰῶνα
902 1512 1226 1577 ἀντιδόσεως
1260 1511 1568 1582 δειχθείσης
1606 1513 1758 1581 ημῖν,

66 1600 182 1654 Τοῦ
231 1602 347 1674 γάρ
397 1603 518 1657 κατ’
564 1603 723 1669 ἀξίαν
776 1607 894 1658 ἐκεῖ
948 1604 1203 1675 μένοντος
1255 1602 1506 1666 ἕκαστον,
1557 1602 1609 1655 τί
1656 1602 1762 1675 χρὴ

63 1689 446 1759 ταράττεσθᾶι
483 1695 596 1756 τοῖς
637 1693 943 1764 γινομένοις
992 1691 1181 1746 ἐνθάδε
1227 1690 1413 1754 καλοῖς
1455 1690 1489 1762 ἢ
1536 1694 1760 1757 κακοῖςς

66 1777 214 1841 Τοὺς
253 1779 357 1850 μὲν
386 1779 498 1852 γὰρ
532 1779 682 1851 αὐτῷ
717 1780 1086 1853 προσέχοντας
1111 1781 1140 1833 6
1167 1778 1319 1845 Θεὸς,
1351 1778 1447 1832 an
1480 1778 1764 1846 γενναίους

65 1865 341 1935 ἀθλητάς,
368 1868 581 1932 τούτοις
626 1867 895 1939 γυμνάζει
941 1871 1056 1931 τοῖς
1092 1867 1308 1932 πόνοις,
1348 1868 1475 1931 τοὺς
1500 1867 1556 1921 δέ
1596 1868 1762 1921 ἀσθε-

63 1953 367 2026 νεστέρους
413 1955 510 2008 καὶ
539 1954 896 2027 βραδυτέρους
919 1964 939 1986 ⁸
974 1956 1068 2008 καὶ
1100 1954 1268 2026 μηδὲν
1304 1953 1413 2007 τῶν
1446 1954 1764 2025 βαρυτέρων

63 2042 412 2113 δυναμένους
447 2044 691 2111 ἐνεγκεῖν
726 2044 992 2116 πρότερον
1040 2041 1190 2116 [174]
1235 2045 1312 2106 είς
1351 2042 1450 2114 τὴν
1482 2042 1591 2096 τῶν
1627 2045 1764 2112 ἀγα-

64 2128 179 2182 θῶν
245 2132 432 2203 ἔργων
479 2133 664 2201 ἐνάγει
714 2132 1052 2205 προτροπὴν.
1088 2131 1153 2186 Et
1196 2131 1254 2185 δέ
1295 2131 1392 2184 καὶ
1451 2131 1763 2185 τούναντίον

66 2218 372 2289 συμϐαίνει
417 2219 710 2288 πολλάκις,
756 2222 852 2275 καὶ
908 2219 1095 2274 πολλοὶ
1134 2220 1233 2290 μὲν
1278 2219 1387 2273 τῶν
1431 2219 1657 2273 δικαίων
1702 2222 1761 2273 ἐν

61 2306 260 2360 ἀνέσει
289 2307 540 2377 διάγουσι
585 2310 678 2362 καὶ
715 2311 883 2381 τιμῇ,
912 2308 1025 2362 τῶν
1067 2307 1126 2361 δὲ
1168 2307 1421 2379 πονηρῶν
1465 2310 1523 2362 ἐν
1565 2307 1762 2379 ἀτιμία

63 2396 162 2449 καὶ
198 2398 325 2460 τοῖς
368 2396 619 2467 ἐσχάτοις
661 2400 886 2465 κακοῖς,
931 2397 1071 2460 τέως
1124 2396 1224 2466 μὲν
1265 2397 1396 2467 ἡμῖν
1446 2397 1480 2467 ἡ
1519 2396 1762 2468 προτέρα

63 2481 385 2547 ἀντίθεσις,
430 2485 465 2555 ἡ
502 2484 735 2554 λέγουσα
788 2484 1091 2541 κακοῦσθαι
1153 2484 1253 2556 μὲν
1302 2484 1429 2547 τοὺς
1486 2483 1758 2548 δικαίους,

64 2574 194 2635 τοὺς
230 2571 291 2624 δὲ
349 2572 567 2637 ἀδίκους
599 2576 832 2646 τρυφᾲν,
862 2574 1230 2647 ἀνατρέπεται
1262 2574 1342 2645 τῷ
1398 2572 1564 2645 λόγῳ.
1600 2573 1664 2627 Εἰ
1702 2576 1760 2628 δὲ

66 2662 164 2714 καὶ
210 2660 424 2733 ταύτην
465 2662 824 2716 ἐπιλύσασθαι
868 2664 969 2728 δεῖ,
1040 2666 1218 2718 ἐκεῖνο
1273 2664 1341 2718 ἂν
1387 2664 1634 2734 εἴποιμι,
1678 2665 1760 2717 ὅτι

66 2748 165 2819 οὐχ
198 2748 286 2802 ἐνὶ
325 2750 515 2821 τρόπῳ
542 2750 611 2804 τά
653 2751 776 2804 καθ’
812 2753 961 2823 ἡμᾶς
988 2753 1296 2821 οἰκονομεῖν
1329 2753 1357 2804 6
1384 2750 1517 2814 Θεὸς
1545 2749 1757 2818 εἴωθεν,

67 2836 187 2889 ἀλλ’
230 2836 470 2911 εὔπορος
520 2837 596 2891 ῶν
644 2840 846 2904 πολλάς
892 2842 1023 2912 ἡμῖν
1072 2842 1263 2911 τέμνει
1314 2838 1414 2904 τάς
1467 2839 1605 2911 πρὸς
1656 2856 1763 2893 σω-

64 2925 272 2998 τηρίαν
314 2926 489 2991 ὁδούς.
527 2929 748 3001 Ἐπειδὴ
789 2929 899 3001 γάρ
933 2927 1119 2985 πολλοὶ
1167 2929 1259 2982 τὸν
1305 2931 1436 2998 περὶ
1474 2928 1584 2981 τῶν
1624 2929 1756 2998 μελ-

64 3015 275 3069 λόντων
313 3015 406 3069 καὶ
459 3016 558 3087 τῆς
599 3017 949 3081 ἀναστάσεως
1002 3016 1103 3070 οὐκ
1164 3016 1449 3086 ἀνέχονται
1499 3014 1757 3080 δέξασθαι

63 3102 252 3171 λόγον,
279 3103 370 3157 διὰ
397 3104 555 3158 τοῦτο
580 3107 639 3159 ἐν
692 3104 886 3177 βραχεῖ
922 3106 1023 3176 τῆς
1054 3103 1288 3175 κρίσεως
1315 3102 1413 3173 τὴν
1448 3103 1635 3157 είκόνα
1675 3106 1760 3157 ἐν·

62 3191 197 3245 θάδε
246 3190 540 3258 δείκνυσιν,
582 3192 712 3246 ὅταν
748 3191 949 3263 κολάζῃ
991 3192 1090 3262 μὲν
1123 3192 1250 3254 τοὺς
1277 3193 1570 3262 πονηροὺς,
1598 3193 1757 3264 εὐερ-

58 3284 205 3354 γετῇ
237 3281 294 3335 δὲ
323 3284 451 3347 τοὺς
478 3283 771 3355 χρηστούς.
802 3282 975 3336 Τοῦτο
1004 3282 1114 3353 γὰρ
1142 3282 1446 3353 ὁλοσχερῶς
1477 3283 1577 3353 μὲν
1607 3283 1663 3335 ἐν
1688 3286 1756 3355 τῇ

56 3377 253 3448 κρίσει
298 3374 530 3445 γίνεται,
574 3381 639 3430 ἐκ
675 3377 874 3449 μέρους
917 3376 975 3431 δὲ
1010 3376 1106 3429 καὶ
1152 3374 1388 3430 ἐνταῦθα
1429 3374 1546 3442 νῦν,
1585 3376 1673 3430 ἵνα
1706 3380 1755 3432 οί

57 3470 209 3541 πρὸς
253 3470 349 3524 τὸν
381 3471 590 3544 μακρὸν
643 3472 849 3524 ἐκεῖνον
895 3468 1354 3531 ἀναπεπτωκότες
1399 3468 1588 3538 χρόνον
1642 3472 1758 3534 τοῖς

58 3563 203 3630 γοῦν
242 3566 302 3617 ἐν
328 3563 408 3637 τῷ
437 3564 665 3636 παρόντι
695 3562 996 3636 δρωμένοις
1029 3561 1429 3633 ἐπιεικέστεροι
1457 3563 1749 3631 γένωνται.

59 3658 195 3711 Εἴτε
243 3659 356 3730 γάρ
387 3658 574 3729 μηδεὶς
614 3658 753 3721 ὅλως
796 3655 1086 3722 ἐκολάζετο
1137 3654 1247 3709 τῶν
1285 3655 1564 3727 πονηρῶν,
1618 3657 1755 3728 μηδέ

62 3751 303 3822 ἐτιμᾶτο
347 3750 457 3806 τῶν
504 3751 780 3824 χρηστῶν,
830 3750 1014 3803 πολλοὶ
1045 3749 1153 3803 τῶν
1200 3748 1629 3804 διαπιστούντων
1676 3750 1755 3820 τῷ

61 3839 158 3910 τῆς
190 3838 544 3903 ἀναστάσεως
581 3840 723 3910 λόγῳ
746 3837 845 3911 τὴν
882 3839 981 3909 μὲν
1014 3838 1216 3910 ἀρετὴν
1248 3837 1326 3901 ὡς
1355 3836 1542 3892 κακῶν
1571 3838 1754 3892 αἰτίαν

59 3929 324 4000 ἔφευγον,
350 3929 448 4000 τὴν
482 3929 539 3982 δὲ
568 3929 831 4001 πονηρίαν
859 3928 933 3993 ὡς
961 3926 1182 3997 ἀγαθῶν
1209 3926 1470 4000 πρόξενον
1496 3928 1748 3982 ἐδίωκον·

59 4021 175 4073 εἴτε
231 4018 397 4073 πάλιν
444 4020 678 4075 ἐνταῦθα
715 4020 776 4073 τὸ
828 4022 949 4073 κατ’
997 4018 1155 4084 ἀξίαν
1215 4019 1455 4083 ἀπαντες
1499 4019 1753 4091 ἀπελάμ-

60 4113 255 4173 ϐανον,
300 4109 551 4180 περιττὸν
595 4108 661 4162 ἂν
705 4109 983 4179 ἡγήσαντο
1010 4103 1147 4160 εἶναι
1200 4107 1487 4176 καὶψευδῆ
1516 4107 1607 4160 τὸν
1652 4109 1753 4180 τῆς

57 4197 310 4267 κρίσεως
350 4194 526 4264 λόγον.
561 4195 656 4249 ’Ἰν’
681 4191 775 4248 οὖν
817 4198 952 4267 μήτε
1000 4187 1155 4256 οὗτος
1194 4193 1565 4267 διαπιστῆται,
1613 4200 1751 4266 μήτε

58 4285 86 4336 6
125 4283 308 4346 πολὺς
346 4284 441 4337 καὶ
487 4284 703 4355 χυδαῖος
753 4282 881 4347 λαὸς
914 4282 1244 4355 φαυλότερος
1298 4284 1519 4355 γίνηται
1576 4300 1750 4339 κατα-

59 4373 307 4445 φρονῶν,
357 4373 714 4446 ἐπεξέρχεται
753 4373 847 4426 καὶ
900 4372 1134 4426 ἐνταῦθα
1180 4371 1291 4427 τῶν
1327 4368 1750 4445 ἁμαρτανόνὶιῶ

57 4465 320 4531 πολλοὺς,
368 4464 465 4518 καὶ
518 4461 809 4535 ἀμείϐεται
841 4461 951 4515 τῶν
995 4459 1408 4533 κατορθούντων
1440 4462 1637 4526 ἐνίους,
1669 4462 1750 4535 τῷ

59 4555 167 4625 μέν
205 4552 282 4625 μὴ
323 4555 401 4618 είς
446 4552 653 4614 πάντας
692 4549 851 4604 τοῦτο
885 4553 1079 4612 ποιεῖν,
1119 4550 1209 4603 τὸν
1250 4549 1354 4618 τῆς
1385 4550 1621 4620 κρίσεως
1656 4567 1749 4604 πι-

62 4645 365 4716 στούμενος
395 4643 573 4712 λόγον,
602 4641 680 4713 τῷ
707 4642 765 4696 δὲ
796 4639 893 4695 καὶ
933 4640 1040 4714 πρὸ
1084 4639 1185 4711 τῆς
1228 4639 1463 4711 κρίσεως
1497 4639 1749 4704 κολάζειν

53 4733 240 4799 τινὰς,
286 4736 413 4798 τοὺς
450 4732 617 4786 πολὺν
660 4728 827 4784 ὕπνον
866 4727 1224 4791 καθεύδοντας
1272 4728 1574 4801 διεγείρων.
1615 4730 1749 4786 Ἀπὸ

57 4826 164 4895 μὲν
214 4824 321 4897 γάρ
361 4823 456 4877 τοῦ
491 4819 852 4893 τιμωρεῖσθαι
894 4817 1019 4881 τοὺς
1059 4816 1332 4888 πονηροὺς
1375 4815 1747 4873 διανίστανται

55 4912 252 4967 πολλοὶ
275 4910 357 4983 τῷ
385 4911 537 4983 φόϐῳ
567 4910 661 4965 τοῦ
696 4908 770 4981 μὴ
795 4906 864 4962 τά
889 4905 1028 4961 αύτά
1067 4904 1261 4959 παθεῖν
1279 4922 1294 4937 ο
1323 4905 1432 4959 ἀπὸ
1459 4906 1515 4961 δὲ
1539 4905 1635 4960 τοῦ
1669 4907 1746 4980 μὴ

53 5004 275 5067 πάντας
302 5000 538 5056 ἐνταῦθα
575 5001 647 5056 τὰ
677 5001 797 5056 κατ’
825 4994 982 5061 ἀξίαν
1012 4994 1307 5051 ἀπολαϐεῖν
1339 4996 1746 5067 ἀναγκάζονται

52 5088 378 5162 λογίζεσθαι
402 5094 487 5146 ὅτι
525 5092 605 5155 είς
634 5089 821 5162 ἐτερόν
850 5106 972 5142 τινα
1017 5085 1176 5140 τοῦτο
1219 5086 1573 5158 τεταμίευται
1621 5104 1747 5141 και-

58 5183 179 5252 ρόν.

124 5322 205 5376 06
245 5319 358 5394 γάρ
399 5319 468 5374 ἂν
516 5319 690 5391 δήπου
732 5318 940 5383 δίκαιος
983 5316 1059 5371 ὣν
1099 5317 1128 5370 6
1163 5316 1297 5381 Θεὸς
1340 5314 1577 5389 περιεῖδε
1620 5335 1746 5371 τοσο

56 5412 251 5477 ούτους
298 5413 395 5467 καὶ
428 5409 537 5465 τῶν
584 5409 771 5464 κακῶν
820 5410 1204 5481 ἀτιμωρήτους
1244 5406 1609 5470 ἀπελθόντας,
1651 5409 1746 5461 καὶ

54 5502 166 5556 τῶν
200 5501 434 5571 ἀγαθῶν
478 5502 693 5573 μυρίοις
733 5499 1094 5565 κολασθέντας
1125 5499 1342 5563 δεινοῖς,
1375 5499 1425 5551 εί
1461 5497 1539 5570 μὴ
1575 5498 1744 5569 ἀλλην

55 5593 178 5649 τινὰ
234 5594 437 5657 αίῶνος
482 5593 767 5667 ἑκατέροις
812 5591 1216 5664 παρεσκευάκει
1251 5591 1609 5646 κατάστασιν.
1653 5591 1745 5643 Διὸ

118 5810 146 5842 ⁸
166 5811 260 5865 Καὶ
280 5811 602 5878 βραδυτέρους
621 5809 761 5860 deest
790 5805 841 5859 in
866 5804 1013 5858 Savil.
1051 5812 1100 5857 et
1125 5803 1258 5860 Colb.

994 344 1089 394 AD
1134 334 1509 396 STAGIBIUH
1544 338 1591 394 Α
1627 339 1933 399 DEMONE
1974 343 2335 401 VEXA'I‘UM.
2372 344 2503 400 LIB.
2542 345 2586 401 1.

3439 342 3548 400 ιιι

1868 458 1929 512 ού
1981 459 2210 526 πάντας,
2250 461 2365 515 ἀλλ’
2407 462 2583 526 ἐνίους
2630 460 2848 527 κολάζει
2880 462 2974 515 καὶ
3010 462 3167 532 τιμᾷ,
3213 459 3405 533 ῶσπερ
3448 460 3546 517 ἐπὶ

1863 549 1959 604 τοῦ
1990 550 2222 623 Πέρσου,
2248 551 2439 625 ῶσπερ
2467 555 2562 607 ἐπὶ
2588 553 2681 608 τοῦ
2722 554 2994 620 Ἐζεκίου·
3026 555 3199 608 καίτοι
3233 552 3419 608 πολλοὶ
3445 554 3544 609 καὶ

1862 646 1940 719 τῷ
1976 648 2247 721 Ἀσσυρίῳ
2289 651 2574 719 γεγόνασιν
2614 651 2674 718 ἐξ
2707 654 2829 723 ἴσης
2862 653 3102 717 ἀσεϐεῖς,
3145 655 3239 707 καί⁵
3279 651 3420 706 κατά
3447 652 3543 707 τὸν

1876 737 2124 803 Ἐζεκίαν
2169 739 2437 810 ἐνάρετοι,
2490 741 2607 796 ἀλλ’
2653 744 2755 797 οὐκ
2811 745 2907 797 ἐπὶ
2965 743 3186 799 πάντων
3236 743 3398 797 τοῦτο
3444 757 3543 795 πε-

1863 832 2086 903 ποίηκε·
2114 834 2175 888 τὸ
2208 835 2264 889 δὲ
2293 836 2487 902 αἴτιον,
2514 839 2653 910 ὅπερ
2694 839 2853 911 ἔφην,
2884 839 3003 892 ἐστὶ⁵
3039 838 3098 893 τὸ
3136 838 3362 910 μηδέπω
3400 854 3543 910 παρ-

1863 932 2001 983 εἶναι
2050 930 2149 1001 τῆς
2190 933 2424 1003 κρίσεως
2459 933 2551 987 τὸν
2587 936 2797 1008 καιρόν.
2831 933 2935 989 Καὶ
2963 936 3043 989 ὅτι
3079 935 3181 989 οὐκ
3208 936 3340 1006 ἐμὸς
3385 927 3541 998 οὗτος

1863 1027 1892 1079 6
1928 1026 2107 1096 λόγος,
2148 1031 2313 1085 αὑτοῦ
2350 1032 2447 1085 τοῦ
2478 1033 2680 1105 κρίνειν
2718 1035 2863 1105 ἡμᾶς
2891 1034 3013 1087 τότε
3060 1033 3345 1104 μέλλοντος
3384 1033 3542 1088 ἀκου-

1864 1141 1977 1180 σον.
2020 1126 2238 1200 Ἐπειδὴ
2265 1128 2373 1201 γάρ
2405 1128 2713 1201 προσῆλθον
2746 1130 2896 1203 αύτῷ
2922 1131 2969 1183 οἱ
2999 1129 3099 1201 τὴν
3130 1127 3391 1202 τελευτὴν
3430 1128 3540 1183 τῶν

1864 1220 1970 1276 ὑπὸ
2006 1222 2101 1277 τοῦ
2147 1226 2359 1297 πύργου
2408 1227 2870 1298 καταχωσθέντων
2902 1229 2995 1281 καὶ
3027 1227 3126 1299 τὴν
3168 1226 3263 1281 τοῦ
3305 1226 3539 1281 Πιλάτου

1867 1326 2063 1396 μανίαν
2095 1328 2559 1398 ἀπαγγέλλοντες,
2592 1331 2659 1402 ἢν
2701 1332 2779 1394 είς
2810 1331 2938 1393 τοὺς
2977 1330 3371 1397 τελευτηκότας
3440 1331 3542 1382 ἐπ-

1865 1421 2122 1490 εδείξατο,
2147 1429 2267 1490 ταῖς
2295 1426 2511 1491 θυσίαις
2534 1426 2713 1481 αὐτῶν
2735 1425 3007 1497 ἀναμίξας
3033 1426 3095 1479 τὸ
3110 1421 3268 1497 αἷμα,
3286 1426 3340 1479 τί
3371 1441 3538 1496 φησι;

1864 1522 2096 1579 Δοκεῖτε
2142 1524 2234 1579 ὅτι
2283 1530 2338 1581 οί
2391 1525 2701 1581 Γαλιλαῖοι
2758 1522 2926 1582 οὗτοι
2980 1526 3316 1596 ἁμαρτωλοί
3381 1525 3542 1595 παρὰ

1864 1621 2097 1689 πάντας
2165 1623 2310 1689 τοὺς
2363 1624 2733 1690 Γαλιλαίους
2794 1624 3100 1694 ἐγένοντο,
3159 1622 3250 1677 ὅτι
3297 1622 3543 1677 τοιαῦτα

1864 1719 2270 1784 πεπόνθασιν;
2307 1720 2483 1789 Οὐχί,
2521 1720 2677 1790 λέγω
2718 1719 2882 1789 ὑμῖν,
2914 1721 3054 1774 ἀλλ’
3092 1720 3203 1773 ἐὰν
3242 1717 3328 1789 μὴ
3362 1736 3542 1788 μετα-

1862 1810 2161 1881 νοήσητε,
2212 1812 2434 1881 πάντες
2478 1817 2693 1884 ὁμοίως
2729 1814 3073 1870 ἀπολεῖσθε.
3126 1813 3194 1870 Ἦ
3226 1812 3442 1866 ἐκεῖνοι
3485 1816 3541 1867 οι

1862 1907 2010 1963 δέκα
2053 1909 2153 1964 καί
2202 1909 2378 1979 ὀκτὼ,
2416 1911 2510 1981 ἐφ’
2560 1912 2668 1979 οὓς
2714 1912 2940 1966 ἔπεσεν
2994 1916 3026 1966 ὀ
3075 1912 3302 1981 πύργος
3347 1910 3417 1963 ἐν
3458 1908 3541 1976 τῷ
3653 1938 3669 1948 -

1864 2012 2100 2083 Σιλωὰμ
2137 2013 2237 2066 καὶ
2271 2014 2625 2069 ἀπέκτεινεν
2677 2014 2922 2081 αὐτοὺς,
2966 2013 3195 2068 δοκεῖτε
3233 2013 3323 2066 ὅτι
3366 2014 3538 2068 αὐτοὶ

1864 2107 2167 2179 ὀφειλέται
2200 2109 2483 2180 ἐγένοντο
2515 2110 2677 2182 παρὰ
2725 2110 2955 2178 πάντας
2999 2110 3139 2177 τοὺς
3184 2110 3538 2165 κατοικοῦν-

1864 2225 1969 2276 τας
2004 2207 2155 2282 [175]
2192 2211 2623 2283 Ἰερουσαλήμ;
2663 2213 2831 2283 Οὐχὶ,
2861 2211 3017 2282 λέγω
3047 2211 3212 2284 ὑμῖν,
3240 2212 3379 2266 ἀλλ’
3430 2212 3541 2267 ἐὰν

1855 2303 1943 2373 μὴ
1968 2305 2405 2375 μετανοήσητε,
2442 2304 2668 2374 πάντες
2695 2284 2983 2374 ὡσαύτως
3010 2306 3358 2364 ἀπολεῖσθε.
3387 2306 3537 2380 Αὕτη

1859 2409 1959 2480 τῆς
1985 2408 2254 2480 ἀναϐολῆς
2277 2412 2310 2481 ἡ
2347 2410 2516 2465 αίτία.
2546 2410 2648 2464 Διά
2675 2410 2835 2465 τοῦτο
2854 2412 2978 2475 τοὺς
3004 2410 3113 2466 τῶν
3140 2409 3323 2465 αὐτῶν
3356 2410 3540 2475 ἀξίους

1859 2511 1960 2582 οὐχ
2015 2511 2153 2583 ὁμοῦ
2200 2514 2411 2576 πάντας
2456 2513 2708 2578 κολάζειν
2746 2513 2957 2582 εἴωθεν,
3009 2515 3097 2569 ἵνα
3135 2517 3183 2569 οί
3228 2516 3540 2586 λειπόμενοι

1862 2614 2106 2685 βελτίους
2138 2618 2261 2679 ταῖς
2297 2616 2522 2669 ἐκείνων
2562 2615 2828 2684 γένωνται
2860 2619 3188 2688 συμφοραῖς.
3226 2618 3337 2670 Καὶ
3367 2617 3539 2671 ταῦτα

1864 2714 1963 2785 μὲν
2000 2716 2131 2784 ημῖν
2180 2711 2355 2779 οὕτως
2403 2714 2761 2770 ἐπιλελύσθω.
2804 2716 2875 2769 Σὺ
2919 2716 2977 2769 δὲ
3026 2716 3157 2780 ῐσως
3202 2717 3298 2770 καὶ
3330 2716 3400 2770 τά
3444 2717 3540 2773 νῦν

1861 2811 2228 2882 προτιθέμενα
2273 2811 2480 2883 ζητεῖς,
2508 2811 2544 2866 ἃ
2578 2812 2759 2885 πολλῷ
2785 2813 2992 2869 τούτων
3019 2815 3164 2869 ἐστὶν
3191 2812 3536 2887 ἀπορώτερα.

1865 2908 2010 2980 Πλὴν
2053 2910 2191 2964 ἀλλά
2227 2911 2433 2965 τούτων
2468 2914 2601 2983 ἡμῖν
2641 2914 2784 2965 κατά
2813 2911 3043 2985 δύναμιν
3088 2914 3401 2983 γενομένων
3436 2931 3541 2983 φα·

1860 3012 2055 3081 νερῶν,
2089 3016 2182 3068 καὶ
2211 3013 2310 3085 τῆς
2338 3013 2564 3067 ἐκείνων
2591 3013 2801 3079 λύσεως
2841 2990 2999 3087 οἶμαί
3026 3032 3150 3068 τινα
3200 3015 3541 3087 προκαταϐε·

1862 3114 2094 3186 ϐλῆσθαι
2139 3115 2231 3170 διά
2253 3114 2462 3170 τούτων
2488 3117 2687 3188 ἀρχήν.

1930 3269 1995 3323 Τί
2034 3265 2126 3324 οὖν
2155 3271 2303 3323 ἐστιν
2340 3270 2475 3343 ὅπερ
2537 3270 2797 3342 ἀπορεῖς;
2846 3270 2971 3324 ’Ότι
3017 3269 3207 3325 πολλοὶ
3255 3271 3419 3345 μέχρι
3449 3289 3540 3327 τε·

1858 3373 2051 3446 λευτῆς
2110 3375 2176 3427 ἐκ
2234 3372 2459 3446 πρώτης
2528 3373 2744 3445 ἡλικίας
2802 3372 3024 3437 πολλαῖς
3086 3374 3538 3445 προσεπάλαισαν

1860 3477 2187 3547 συμφοραῖς.
2221 3476 2365 3545 Ἐγὼ
2405 3476 2464 3530 δὲ
2505 3477 2600 3530 καὶ
2650 3477 2781 3548 περὶ
2827 3475 3033 3531 τούτων
3097 3476 3309 3547 εἴποιμι
3346 3477 3413 3530 ἂν
3443 3478 3540 3532 καὶ

1858 3577 2123 3647 περὶτῶν
2162 3578 2464 3653 προτέρων,
2503 3578 2585 3632 ὅτι
2617 3578 3045 3651 προηγουμένως
3077 3577 3177 3649 μὲν
3214 3576 3304 3632 διά
3339 3576 3439 3649 τὴν
3468 3580 3540 3631 οἱ-

1857 3679 2012 3733 κείαν
2061 3679 2258 3744 αὐτοὺς
2316 3679 2535 3745 κολάζει
2593 3679 2890 3752 πονηρίαν⁶
2939 3678 3130 3732 ἔπειτα
3178 3676 3236 3732 δέ
3290 3679 3380 3732 ἵνα
3442 3678 3539 3732 καὶ

1854 3779 2031 3850 ἕτεροι
2060 3780 2392 3854 κερδάνωσιν
2420 3782 2484 3834 ἐκ
2512 3779 2620 3834 τῶν
2653 3780 2859 3845 τούτοις
2895 3780 3297 3852 συμϐαινόντων
3326 3780 3537 3837 κακῶν.

1855 3881 1918 3935 Εί
1951 3880 2009 3935 δὲ
2058 3882 2132 3953 μὴ
2162 3882 2255 3934 ἐπὶ
2292 3881 2511 3936 πάντων
2542 3880 2702 3935 τοῦτο
2727 3880 2957 3951 γίνεται,
2986 3878 3139 3935 οὔπω
3169 3881 3269 3952 τῆς
3302 3881 3541 3950 κρίσεως

1853 3982 1882 4034 6
1915 3984 2128 4053 καιρός.
2166 3982 2231 4036 Τί
2270 3968 2386 4047 οὗν,
2421 3983 2608 4053 φησιν,
2641 3983 2770 4037 ὅταν
2805 3982 2937 4054 πρὶν
2981 3981 3152 4035 ἐλθεῖν
3182 3981 3259 4045 είς
3290 3981 3388 4053 τὴν
3419 3980 3536 4053 ὴλι·

1854 4084 1978 4139 κίαν
2002 4084 2103 4156 τὴν
2135 4084 2533 4155 διαγνωστικὴν
2566 4082 2674 4137 τῶν
2699 4082 2876 4136 καλῶν
2900 4084 2995 4136 καὶ
3026 4081 3134 4136 τῶν
3160 4082 3222 4135 ού
3252 4080 3539 4145 τοιούτων,

1852 4184 1928 4248 ὼς
1974 4184 2187 4256 μεγάλα
2235 4184 2562 4255 ἠδικηκότες
2600 4185 2742 4248 τινὲς
2790 4184 3145 4251 κολάζονταις
3187 4183 3390 4237 Τούτου
3435 4182 3534 4254 μέν

1853 4284 1914 4337 οὐ
1951 4284 2050 4355 μία
2081 4282 2166 4346 τίς
2200 4285 2348 4336 ἐστιν
2384 4282 2555 4349 αἰτία,
2588 4281 2726 4336 ἀλλά
2759 4282 2954 4338 πολλαὶ
2994 4285 3091 4337 καὶ
3126 4283 3394 4355 διάφοροι.
3425 4281 3534 4335 Καὶ

1852 4389 1963 4461 γάρ
1989 4387 2139 4459 παρά
2187 4386 2283 4459 τὴν
2310 4387 2420 4440 τῶν
2461 4388 2880 4458 γεννησαμένων
2914 4389 3214 4458 ἀκρασίαν,
3249 4385 3343 4438 καὶ
3381 4385 3534 4456 παρά

1851 4496 1950 4568 τὴν
1982 4496 2091 4550 τῶν
2123 4494 2437 4566 θρεψάντων
2462 4493 2763 4566 ρᾳθυμίαν,
2791 4494 2887 4547 καὶ
2917 4492 3068 4564 παρά
3093 4491 3194 4562 τὴν
3217 4491 3324 4544 τῶν
3352 4490 3531 4559 ἀέρων

1852 4598 2170 4669 ἀνωμαλίαν
2195 4639 2209 4663 ,
2261 4598 2357 4652 καὶ
2394 4595 2545 4668 παρά
2581 4594 2752 4649 πολλά
2794 4595 2956 4669 ἕτερα
2999 4592 3229 4647 τοιαῦτα
3272 4588 3531 4662 συμπτώ-
3568 4614 3571 4617 ·

1855 4716 2002 4771 ματα
2030 4700 2190 4753 τοῦτο
2229 4699 2425 4769 γένοιτ’
2462 4698 2549 4753 ἀν.
2584 4697 2727 4769 Πρὸς
2754 4696 2811 4750 δὲ
2840 4694 3054 4759 τούτοις
3086 4692 3317 4757 πολλοὺς
3350 4689 3533 4746 αὐτῶν

1848 4800 1990 4860 οἶδεν
2013 4804 2042 4857 6
2063 4803 2196 4867 Θεὸς
2218 4801 2509 4873 ἐωμένους
2534 4801 2803 4872 πονηρούς
2820 4816 2833 4828 ·
2857 4795 2978 4853 εἶτα
2995 4797 3186 4869 ὥσπερ
3207 4798 3321 4850 τισὶ
3342 4796 3531 4859 πέδαις

1850 4900 2180 4973 προκατέχει
2204 4901 2326 4962 ταῖς
2353 4897 2648 4970 τιμωρίαις
2679 4897 2907 4961 ταύταις
2935 4894 3152 4960 αὐτούς.
3176 4895 3248 4949 Ἦ
3271 4893 3370 4966 οὐχ
3398 4897 3531 4966 ὁρᾷς

1849 5001 1944 5054 καὶ
1971 4998 2081 5053 τῶν
2118 4998 2359 5052 ἐπαιτῶν
2391 4997 2620 5061 πολλοὺς
2651 4996 2746 5051 καὶ
2780 4998 2838 5050 ἐν
2874 4997 3011 5066 αὐτῇ
3041 4997 3106 5067 τῇ
3153 4993 3332 5064 θλίψει
3361 4994 3537 5065 μυρία

1848 5097 2253 5172 ἐργαζομένους
2294 5095 2464 5164 δεινά,
2492 5097 2552 5150 οὐ
2586 5094 2674 5149 διά
2698 5094 2799 5166 τὴν
2825 5092 3024 5163 θλῖψιν,
3052 5090 3175 5146 οὒδέ
3202 5090 3293 5145 διά
3328 5091 3419 5144 τὸν
3451 5090 3535 5145 λι-

1853 5197 1973 5270 μδν,
2014 5196 2151 5251 ἀλλά
2182 5196 2273 5251 διὰ
2307 5196 2406 5268 τὴν
2439 5194 2648 5249 οίκείαν
2686 5193 2952 5265 πονηρίαν
2985 5190 3181 5263 μόνον;
3225 5188 3367 5257 Ἐγὼ
3416 5188 3535 5261 γάρ

1847 5295 2059 5368 ῆκουσά
2080 5312 2241 5349 τινων
2266 5294 2532 5364 λεγόντων
2562 5293 2712 5358 ποτὲ,
2738 5293 2819 5345 ὅτι
2844 5292 3081 5361 γυναῖκα
3114 5286 3406 5359 ἐλευθέραν
3434 5285 3536 5340 καὶ

1848 5392 2083 5464 κοσμίαν
2142 5391 2510 5457 ἀπολαϐόντες
2570 5390 2655 5443 ἐπ’
2701 5388 2939 5462 ἐρημίας
2983 5386 3296 5459 ἐνύϐρισαν.
3331 5383 3531 5438 Καίτοι

1849 5491 2009 5555 ποίας
2052 5489 2211 5545 τοῦτο
2237 5488 2505 5561 ἀνάγκης,
2543 5488 2704 5552 ποίας
2739 5486 2973 5557 θλίψεως
3010 5485 3205 5556 ἕργον;
3247 5482 3313 5535 Τί
3344 5482 3401 5535 δὲ
3428 5480 3531 5533 οὐκ

1846 5591 1912 5647 ἂν
1957 5591 2204 5666 ἔπραξαν
2249 5585 2396 5645 οὗτοι
2443 5588 2650 5654 δεινὸν,
2701 5587 2751 5639 εἰ
2804 5588 2880 5656 μὴ
2921 5580 3161 5653 τοσούτῳ
3213 5578 3530 5649 κατείχοντο

1845 5690 2064 5763 δεσμῷς
2101 5689 2223 5743 Τῶν
2249 5689 2309 5743 δὲ
2344 5688 2407 5741 τὸ
2446 5686 2820 5757 δεσμωτήριον
2854 5680 3147 5736 οἰκούντων
3188 5681 3287 5751 τὴν
3329 5673 3529 5748 μανίαν

1850 5792 1945 5845 καὶ
1989 5791 2086 5860 τὴν
2120 5789 2318 5845 λύτταν
2354 5788 2434 5851 τίς
2474 5786 2538 5841 ὃν
2573 5786 2783 5855 ἐνέγκοι
2817 5781 3049 5855 ῥαδίως
3099 5778 3208 5834 Καὶ
3238 5778 3286 5831 (⁸
3328 5773 3531 5845 δαιιιοο
