4060 6136
543 327 651 383 με

541 445 741 507 νῶντες
772 442 830 497 δὲ
867 442 967 497 οὐκ
1004 438 1264 496 ἐλάττονα
1300 442 1507 496 τούτων
1558 442 1907 514 ἐργάζονται.
1955 445 2029 498 υύ
2075 443 2220 514 λέγω

540 530 737 597 ταῦτα,
768 529 912 602 ἅπερ
945 530 1089 584 κατὰ
1130 529 1222 583 τὸν
1260 531 1448 601 καιρὸν
1488 529 1593 600 τῆς
1624 531 1720 584 τοῦ
1758 531 2010 602 δαίμονος
2042 532 2220 603 πράτ-

542 636 694 672 τουσι
748 617 1029 690 κατοχῆς,
1082 618 1221 674 ἀλλά
1258 618 1329 672 τά
1388 619 1526 690 μετὰ
1575 618 1752 674 ταῦτα
1807 619 1910 690 τῆς
1960 618 2221 690 βακχείας

544 706 898 777 παυσαμένης
938 706 1173 778 ἐκείνης.
1219 707 1329 760 Kal
1366 707 1474 778 γὰρ
1522 707 1914 777 ἀδδηφαγοῦσι,
1948 707 2045 761 καὶ
2095 706 2221 761 κλέ-

542 812 737 848 πτουσι
767 835 781 857 ,
812 794 907 847 καλ⁵
968 794 1256 865 μεθύουσι,
1294 795 1387 848 καὶ
1423 793 1601 865 πολλῷ
1645 793 1850 847 τούτων
1889 793 2222 866 αίσχρότερα

542 882 861 953 πράττουσι.
898 880 1164 953 Καθάπερ
1194 877 1286 936 οὖν
1326 881 1418 934 ἐπὶ
1466 880 1572 935 τῶν
1605 881 1928 953 κακούργων
1960 884 2087 946 τοὺς
2122 883 2221 954 μὲν

543 969 768 1033 πολλοὺς
792 970 1018 1042 ἀφίησιν
1044 971 1272 1024 ἐπιπολὺ
1297 970 1324 1010 b
1351 970 1413 1024 16
1437 970 1809 1042 δεσμωτήριον
1838 971 2006 1025 οἰκεῖν
2035 973 2065 1024 6
2098 988 2219 1044 κρι-

541 1060 663 1129 τὴς,
698 1058 774 1123 ὡς
814 1061 909 1113 καὶ
939 1060 1054 1113 ἐκεῖ
1086 1058 1389 1112 καταλῦσαι
1418 1059 1509 1110 τὸν
1539 1057 1651 1128 βίον
1685 1058 1967 1123 πολλάκις,
2001 1060 2131 1113 ὃταν
2163 1059 2222 1113 δέ

539 1160 691 1210 τινας
714 1145 823 1199 τῶν
844 1145 1053 1199 πολλῶν
1075 1146 1389 1217 νουθετῆσαι
1423 1143 1700 1216 βούληται,
1730 1144 1956 1200 ἐνα’που
1983 1146 2076 1201 καὶ
2101 1145 2224 1200 δεύ-

539 1250 699 1303 τερον
746 1233 804 1300 ἐξ
854 1233 1079 1287 ἐκείνων
1107 1233 1321 1298 λαϐὼν,
1365 1233 1460 1287 καὶ
1494 1233 1578 1304 ἐφ’
1609 1232 1815 1304 ὑψηλοῦ
1858 1232 2091 1297 καθίσας
2124 1232 2221 1286 τοῦ

542 1321 787 1394 βήματος
809 1362 823 1383 .
862 1321 1240 1394 περιεστώτων
1284 1321 1562 1386 ἁπάντων,
1594 1320 1767 1384 οὕτως
1803 1320 1964 1375 αὐτὸν
2010 1319 2222 1373 κελεύει

539 1412 640 1480 τὴν
676 1410 768 1463 ἐπὶ
802 1410 1030 1464 θάνατον
1056 1409 1304 1479 ἄγεσθαι,
1329 1412 1423 1463 καὶ
1449 1410 1511 1462 οὐ
1546 1409 1763 1463 πάντων
1787 1408 1937 1480 αὐτῷ
1965 1408 2102 1480 πρὸς
2129 1408 2222 1463 τὸν

540 1496 650 1549 τῶν
677 1496 880 1552 λοιπῶν
910 1497 1074 1567 φόϐον
1098 1497 1257 1569 χρεία
1277 1497 1386 1550 τῶν
1414 1495 1666 1567 πονηρῶν
1683 1512 1696 1526 ⁸
1721 1493 1864 1549 οὕτω
1888 1494 2080 1567 καὶτῷ
2103 1494 2223 1567 Θεῷ

540 1585 603 1637 οὐ
631 1585 848 1639 πάντων
887 1584 995 1640 τῶν
1038 1584 1349 1656 μοχθηρῶν,
1383 1586 1511 1638 ὅταν
1549 1585 1698 1654 ἡμᾶς
1727 1583 2061 1654 σωφρονίσαι
2096 1581 2222 1653 βού-

541 1672 723 1744 ληται,
759 1673 858 1737 δεῖ,
890 1672 1004 1727 ἀλλ’
1029 1672 1204 1736 ἐνίους
1249 1672 1309 1737 ἐξ
1350 1671 1529 1725 αὐτῶν
1573 1669 1901 1738 ἀπολαϐὼν,
1943 1666 2222 1734 οὒςέοῐδεν

540 1759 883 1832 ἀδιορθώτως
910 1760 1168 1831 ἔχοντας,
1208 1759 1544 1813 ἐνδείκνυται
1583 1759 1680 1829 τὴν
1711 1758 1943 1829 δύναμιν
1987 1757 2082 1813 καὶ
2123 1758 2222 1829 τὴν

542 1847 743 1919 ὀργὴν,
782 1846 933 1919 [176]
973 1846 1147 1900 πολλὰ
1176 1849 1240 1901 ἐκ
1284 1845 1474 1901 τούτου
1516 1845 1818 1919 κατορθῶν.
1855 1845 1992 1909 Τούς
2022 1862 2082 1897 τε
2113 1844 2223 1917 γὰρ

542 1935 814 2007 πονηροὺς
860 1934 1033 1999 οὕτως
1081 1935 1173 1988 ἐπὶ
1219 1934 1319 2006 τὴν
1356 1933 1662 2007 μεταϐολὴν
1707 1934 1810 2005 τῆς
1854 1932 2139 2004 πονηρίας,
2174 1934 2224 1986 εί

544 2024 838 2095 βούλοιντο,
853 2024 1181 2095 παρακαλεῖ,
1196 2024 1320 2089 τούς
1341 2041 1400 2077 τε
1422 2023 1661 2093 ἀγαθοὺς
1682 2024 2224 2096 προσεκτικωτέρους

544 2118 857 2190 ἐργάζεται,
882 2118 981 2189 τὴν
1009 2117 1066 2171 δὲ
1095 2117 1475 2189 μακροθυμίαν
1501 2116 1871 2170 ἐπιδείκνυται
1904 2115 2002 2188 τὴν
2031 2114 2221 2183 αὐτοῦ,

542 2206 749 2261 καὶτὸν
783 2207 913 2277 περὶ
940 2205 1042 2276 τῆς
1065 2205 1415 2269 ἀναστάσεως
1448 2205 1626 2274 λόγον,
1658 2205 1796 2277 ὅπερ
1825 2204 1995 2275 ἔφθην
2017 2202 2187 2258 εἰπὼν
2205 2243 2222 2270 ,

543 2296 715 2348 ἅπασι
757 2293 1045 2364 καθίστησι
1092 2293 1346 2365 φανερόν.
1394 2293 1460 2346 Τί
1501 2288 1595 2347 οὖν
1647 2291 1822 2346 ταῦτα
1848 2333 1862 2358 ,
1903 2291 2059 2365 φησὶ,
2089 2292 2227 2363 πρὸς

539 2382 668 2446 τοὺς
697 2384 756 2436 ἐν
795 2384 1103 2453 συμφοραῖς
1138 2383 1358 2436 ἀπασαν
1381 2381 1480 2452 τὴν
1517 2378 1742 2452 πρώτην
1771 2380 2078 2452 τραφέντας
2111 2381 2228 2452 ἡλι-

542 2469 697 2536 κίαν,
735 2469 827 2523 καὶ
872 2469 1002 2541 πρὶν
1047 2468 1219 2522 ἐλθεῖν
1270 2468 1364 2522 ἐπὶ
1404 2468 1464 2522 16
1515 2465 1896 2537 διαγινώσκειν
1941 2468 2145 2537 ἀγαθὸν
2190 2466 2224 2540 ἢ

545 2557 735 2623 κακὸν,
764 2557 1251 2623 ἀποπνεύσαντας;
1283 2556 1388 2609 Kal
1416 2555 1468 2609 τί
1497 2555 1801 2627 πάσχουσιν
1838 2546 1986 2609 οὗτοι
2030 2554 2226 2622 δεινὸν,

538 2645 666 2698 εἰπέ
709 2662 835 2715 μοι,
881 2643 1034 2698 οὔπω
1074 2642 1174 2715 τὴν
1219 2643 1471 2714 αἴσθησιν
1517 2637 1592 2696 ὧν
1629 2642 1930 2714 πάσχουσιν
1970 2642 2224 2714 ἔχοντες,

541 2731 664 2784 οὐδέ
695 2730 756 2783 τὸ
775 2729 1061 2783 λυπεῖσθαι
1093 2731 1186 2784 καὶ
1215 2730 1424 2801 χαίρειν
1461 2729 1878 2800 μεμαθηκότες;
1910 2728 2051 2799 Ἐγὼ
2076 2729 2134 2783 δὲ
2164 2729 2225 2783 οὐ

541 2818 717 2889 τούτῳ
753 2818 913 2889 μόνον
958 2817 1050 2872 τὸν
1081 2816 1238 2886 λόγον
1268 2816 1560 2888 ἐπιλύομαι
1599 2817 1823 2882 τοῦτον,
1868 2817 1983 2887 ἀλλ’
2022 2819 2105 2871 ὅτι
2133 2819 2228 2871 καὶ

545 2910 722 2975 γονεῖς
756 2906 851 2959 καὶ
897 2905 1119 2975 ἀδελφοὶ
1142 2905 1234 2981 καὶ
1270 2907 1548 2973 συγγενεῖς
1572 2907 1638 2958 ἐκ
1665 2904 1772 2959 τῶν
1804 2904 2064 2959 τοιούτων
2088 2906 2229 2958 ἐσω-

543 2993 908 3067 φρονίσθησαν
932 2991 1252 3065 συμφορῶνο
1281 2991 1507 3045 τοῦτοδὲ
1537 2991 1725 3063 κέρδος
1738 2992 1799 3046 οὐ
1825 2991 2043 3064 μικρὸν,
2074 2991 2134 3057 ἐξ
2153 2985 2229 3046 ὧν

542 3083 730 3153 ἔτερος
761 3081 1013 3152 ἠδίκηται
1067 3080 1243 3146 οὐδὲν,
1289 3078 1616 3149 ὠφελεῖσθαι
1657 3078 1727 3133 τὰ
1757 3079 1992 3152 μέγιστα
2019 3079 2227 3152 ἕτερον.

545 3172 705 3234 Εἰκὸς
734 3170 791 3223 δέ
821 3170 916 3223 καὶ
943 3168 1107 3239 ἀλλην
1135 3167 1313 3224 αἰτίαν
1351 3167 1474 3222 τινὰ
1502 3167 1743 3241 ἄρρητον
1785 3165 1945 3237 εἶναι,
1980 3168 2127 3239 μόνῳ
2151 3166 2230 3238 τῷ

546 3261 835 3333 ποιήσαντι
868 3259 1018 3330 ἡμᾶς
1050 3259 1311 3331 φανεράν.

615 3383 681 3437 θ’.
716 3376 809 3447 Εἷς
840 3381 919 3436 ἐτι
956 3381 1202 3437 λείπεται
1229 3381 1408 3452 λόγος,
1439 3379 1493 3434 τί
1520 3380 1718 3451 δήποτε
1744 3380 1795 3433 οἱ
1824 3378 1892 3434 τά
1919 3378 2055 3452 ὀρθά
2082 3378 2232 3451 βαδί-

546 3471 735 3535 ζοντες
764 3470 871 3543 πρὸ
905 3470 1014 3524 τῶν
1047 3470 1372 3541 πειρασμῶν
1393 3468 1546 3541 ,μετά
1570 3470 1698 3532 τοὺς
1726 3468 2067 3539 πειρασμούς
2099 3485 2233 3521 κατ-

549 3560 767 3612 έπεσον.
787 3558 884 3621 Τίς
910 3554 1005 3611 οὖν
1051 3558 1081 3611 6
1112 3558 1294 3623 καλῶς
1321 3559 1449 3622 τούς
1484 3557 1554 3611 τὰ
1585 3556 1722 3629 ὀρθά
1751 3555 2068 3627 βαδίζοντας
2108 3558 2232 3609 ἐπι-

549 3645 840 3716 στάμενος,
869 3644 1010 3717 πλὴν
1040 3644 1136 3699 τοῦ
1175 3646 1480 3709 πλάσαντος
1512 3645 1827 3716 καταμόνας
1859 3643 1958 3708 τὰς
1999 3644 2233 3716 καρδίας

524 3731 728 3804 ημῶν,
768 3734 863 3786 καὶ
892 3733 1167 3796 συνιέντος
1205 3735 1286 3797 είς
1332 3735 1511 3788 πάντα
1555 3732 1623 3784 τὰ
1650 3731 1786 3804 ἔργα
1814 3731 2006 3802 ἡμῶνς
2039 3732 2234 3786 Πολλοὶ

547 3823 659 3891 γάρ
692 3820 954 3885 πολλάκις
996 3820 1107 3874 τῶν
1151 3819 1452 3875 δοκούντων
1495 3814 1636 3873 εἶναι
1678 3819 1967 3891 χρηστῶν,
2016 3820 2233 3875 πάντων

548 3908 658 3964 εἰσὶ
700 3909 1072 3982 πονηρότεροι.
1114 3908 1218 3963 Καὶ
1250 3907 1409 3962 τοῦτο
1442 3907 1739 3978 ἀπεδείχθη
1777 3908 1877 3979 μὲν
1907 3910 2009 3980 ἤδη
2044 3910 2141 3963 καλ¹
2174 3911 2233 3963 ἐν

548 3996 628 4069 τῷ
657 3998 886 4070 παρόντι
904 3997 1025 4068 βίῳ,
1055 3996 1169 4050 ἀλλ’
1192 3997 1279 4049 ἐπ’
1301 3996 1479 4059 ἐνίων,
1510 3993 1885 4066 περιστάσεώς
1910 4013 2059 4060 τινος
2087 4013 2232 4066 γινο-

555 4087 724 4157 μένης
747 4087 844 4140 καὶ
879 4085 1144 4157 ἀνάγκης.
1180 4085 1349 4139 Ὅταν
1381 4084 1439 4137 δὲ
1471 4086 1500 4138 6
1533 4077 1845 4157 δοκιμάζων
1880 4086 1978 4151 τὰς
2009 4087 2236 4158 καρδίας

552 4174 647 4228 καὶ
678 4176 804 4247 τούς
845 4174 1110 4245 νεφροὺς,
1149 4176 1179 4227 6
1220 4172 1329 4238 ζῶν
1366 4174 1462 4228 καὶ
1510 4173 1739 4247 ἐνεργὴς
1783 4176 1879 4229 καὶ
1926 4174 2236 4248 τομώτερος

553 4260 695 4333 ὑπὲρ
726 4262 908 4315 πᾶσαν
955 4259 1231 4333 μάχαιραν
1261 4260 1546 4333 δίστομον,
1587 4263 1616 4315 6
1666 4262 2038 4335 διικνούμενος
2074 4264 2237 4336 μέχρι

556 4351 829 4422 μερισμοῦ
865 4349 1043 4420 ψυχῆς
1083 4348 1179 4403 καὶ
1217 4348 1489 4421 σώματος,
1533 4349 1725 4422 ἁρμῶν
1761 4367 1822 4404 τε
1871 4351 1966 4405 καὶ
2001 4352 2234 4423 μυελῶν,

554 4438 585 4493 6
624 4436 869 4511 κριτικὸς
898 4437 1249 4510 ἐνθυμήσεων
1290 4438 1385 4491 καὶ
1422 4437 1638 4493 ἐννοιῶν
1676 4438 1974 4510 καθέζηται
2001 4439 2238 4504 δικάζων

551 4529 706 4600 ἡμῖν,
735 4526 856 4580 τότε
893 4526 981 4599 δὴ.
1019 4526 1141 4580 τότε
1176 4526 1277 4580 οὐκ
1308 4525 1524 4596 ὀλίγους
1557 4526 1711 4590 τινάς
1742 4528 1808 4580 ἐκ
1842 4528 2070 4596 πολλῶν,
2102 4528 2237 4585 ἀλλά

556 4615 766 4679 πάντας
806 4614 1315 4684 ἐκκαλυπτομένους
1344 4614 1465 4683 ὕψει
1490 4614 1618 4677 τοὺς
1646 4614 1948 4679 τοιούτουςο
1989 4617 2085 4671 καὶ
2112 4616 2236 4671 οὐτε

552 4702 688 4775 δορά
708 4702 980 4775 προϐάτου
1002 4702 1095 4756 τὸν
1124 4700 1287 4755 λύκον
1309 4701 1512 4755 δύναιτ’
1537 4701 1625 4769 ἂν,
1653 4700 1777 4755 οὐτε
1806 4703 2046 4768 κονίασις
2065 4704 2236 4774 τάφου

555 4792 649 4844 τὸν
691 4790 838 4845 ἔνδον
890 4789 1207 4861 ἀποκρύψαι
1250 4789 1545 4861 μολυσμόν.
1595 4790 1710 4844 Οὐκ
1751 4789 1869 4844 ἐστι
1913 4792 2022 4865 γάρ
2062 4793 2238 4859 κτίσις

556 4878 770 4950 ἀφανὴς
803 4877 1034 4931 ἐνώπιον
1062 4876 1158 4930 τοῦ
1191 4878 1315 4931 τότε
1348 4876 1646 4949 κρίνοντος,
1679 4877 1816 4932 ἀλλά
1845 4878 2025 4934 πάντα
2052 4882 2239 4951 γυμνά

556 4965 652 5018 καὶ
688 4963 1163 5037 τετραχηλισμένα
1200 4965 1315 5027 τοῖς
1355 4963 1652 5035 ὀφθαλμοῖς
1682 4965 1846 5020 αὐτοῦ
1868 4982 1880 4996 ·
1917 4967 2055 5039 ὅπερ
2089 4970 2184 5022 καὶ
2207 4973 2237 5024 6

558 5050 768 5115 Παῦλος
799 5051 974 5123 δηλῶν
1008 5050 1318 5123 Κορινθίοις
1342 5049 1527 5120 ἔλεγεν
1544 5068 1558 5082 ·
1579 5052 1757 5107 Ὥστε
1771 5053 1859 5123 μὴ
1890 5056 2004 5123 πρὸ
2026 5057 2237 5124 καιροῦ

556 5155 612 5192 τι
641 5138 894 5207 κρίνετε,
925 5138 1036 5205 ἕως
1067 5138 1145 5193 ἂν
1164 5139 1310 5207 ἔλθῃ
1348 5140 1381 5193 ὀ
1406 5139 1640 5207 Κύριος,
1668 5138 1736 5205 ὃς
1764 5140 1863 5195 καὶ
1895 5143 2139 5209 φωτίσει
2164 5143 2237 5199 τὰ

556 5228 791 5296 κρυπτά
814 5226 922 5282 τοῦ
945 5227 1229 5293 σκότους,
1254 5226 1355 5280 καὶ
1382 5225 1711 5297 φανερώσει
1733 5228 1841 5294 τὰς
1856 5229 2093 5299 ,βουλὰς
2121 5231 2238 5287 τῶν

558 5315 837 5385 καρδιῶν.
860 5317 979 5370 Ἵνα
1007 5314 1062 5369 δὲ
1088 5314 1184 5369 καὶ
1226 5316 1352 5379 τοὺς
1389 5315 1689 5388 ὑποκριτάς
1732 5317 1960 5388 ἀφέντες
1988 5320 2082 5374 ἐπὶ
2112 5323 2239 5387 τοὺς

558 5405 732 5478 ὀρθῶς
781 5404 1033 5477 βιοῦντας
1080 5404 1321 5476 ἔλθωμεν
1357 5405 1437 5478 τῷ
1469 5405 1633 5479 λόγῳ,
1665 5407 1826 5462 πόθεν
1861 5408 2049 5480 δῆλον,
2089 5413 2138 5465 εί
2170 5413 2238 5467 τὰ

561 5494 662 5564 μὲν
696 5495 832 5550 ἄλλα
852 5496 1037 5561 αὐτοῖς
1058 5494 1440 5568 κατώρθωται,
1466 5498 1528 5551 τὸ
1557 5497 1614 5551 δέ
1643 5497 1937 5568 κεφάλαιον
1971 5501 2240 5573 ἠμέληται

557 5584 666 5640 τῶν
703 5582 927 5654 ἀγαθῶν
959 5585 993 5656 ή
1030 5584 1531 5657 ταπεινοφροσύνης
1569 5587 1680 5642 Kal
1714 5588 1803 5642 διά
1849 5589 2009 5644 τοῦτο
2041 5591 2241 5658 αὐτοὺς

561 5670 999 5746 ἀφῆκενόθεδς,
1029 5672 1116 5727 ἶνα
1165 5666 1408 5744 μάθωσιῦ
1454 5674 1537 5729 ὅτι
1577 5676 1638 5729 οὐ
1679 5679 1744 5749 τῇ
1789 5677 1964 5751 οἰκείᾳ
2015 5678 2241 5752 δυνάμει

623 5812 650 5853 δ
681 5813 736 5864 ιιι
753 5812 889 5865 Cofb.
919 5820 969 5866 el
1004 5813 1155 5866 Savil.
1182 5814 1377 5879 ἐπιπολύ
1402 5817 1561 5869 deest.

1335 326 1393 385 S.
1435 325 1726 384 JOANNIS
1763 325 2258 385 CHIRYSOSTOMI
2300 328 2618 385 ARCIIIEP.
2661 325 3211 384 CONSTANTINOP.
3883 326 3963 380 ιιι

2328 443 2641 517 κατώρθουν
2695 446 2878 498 ἐκεῖνα
2903 484 2918 511 ,
2958 443 3094 497 ἀλλά
3137 444 3204 514 τῇ
3247 441 3431 513 χάριτι
3477 439 3573 494 τοῦ
3618 439 3776 494 Θεοῦ.
3833 441 3888 495 ΕΞ
3920 444 3964 497 δὲ

2321 533 2470 602 λέγοι
2507 549 2592 596 τις
2624 532 2831 603 βέλτιον
2859 528 2999 586 εἶναι
3031 529 3428 604 κατορθοῦντας
3473 527 3795 601 ἐπαίρεσθαι
3831 530 3863 601 ἢ
3891 548 3964 583 τα-

2322 621 2652 692 πεινωθῆναι
2699 621 2992 684 πεσόντας,
3038 619 3172 672 πολὺ
3204 618 3298 672 καὶ
3337 618 3435 688 τῆς
3471 615 3788 680 ἀλαζονείας
3815 618 3964 686 ἀγνοεῖ

2322 709 2420 780 τὴν
2446 709 2649 780 ζημίαν
2682 710 2776 762 καὶ
2807 710 2906 781 τῆς
2933 705 3434 779 ταπεινοφροσύνης
3459 705 3519 757 16
3543 704 3752 777 κέρδος.
3780 701 3849 758 Εὐ
3879 706 3963 777 γὰρ

2326 798 2435 853 ίσθι
2472 799 2660 867 σαφῶς
2685 799 2767 852 ὅτι
2803 797 3087 868 ἄνθρωπος
3124 794 3263 866 μετὰ
3295 794 3554 857 ἀπονοίας
3596 792 3888 864 κατορθῶν,
3927 796 3967 847 εί

2322 903 2386 957 γε
2426 886 2562 950 ὅλως
2593 884 2751 938 τοῦτό
2787 886 2905 938 ἐστι
2940 882 3262 957 κατορθοῦν,
3298 882 3509 953 ταχέως
3556 882 3872 953 ἐμπεσεῖται
3905 885 3965 947 εἰς

2321 972 2422 1044 τὴν
2476 972 2713 1044 ἐσχάτην
2766 970 3063 1025 ἀπώλειαν.
3110 969 3221 1024 Καὶ
3251 971 3282 1022 6
3327 969 3424 1039 μὲν
3467 967 3752 1040 ὀλισθῆσαι
3788 985 3966 1040 συγχω-

2329 1060 2531 1132 ρηθεὶς,
2575 1060 2668 1113 καὶ
2703 1057 3015 1130 μετριάζειν
3048 1055 3235 1129 μαθὼν
3260 1056 3370 1110 ἀπὸ
3401 1055 3495 1109 τοῦ
3538 1054 3857 1126 πτώματος,
3895 1058 3966 1110 καὶ

2326 1151 2729 1221 ἀναστήσεται,
2774 1147 2869 1202 καὶ
2908 1146 3275 1218 ἀνακτήσεται
3327 1143 3520 1207 ἐαυτὸν
3566 1144 3796 1208 θᾶττον,
3838 1144 3884 1197 εί
3916 1161 3965 1213 γε

2328 1239 2597 1311 βούλοιτο·
2630 1237 2660 1289 6
2684 1232 2749 1290 δέ
2779 1235 2952 1291 δοκῶν
2986 1234 3084 1307 μὲν
3116 1228 3176 1286 εὖ
3206 1233 3467 1304 πράττειν
3497 1231 3639 1302 μετά
3664 1230 3964 1295 ἀλαζονείας,

2331 1325 2495 1398 μηδὲν
2547 1325 2604 1378 δὲ
2651 1324 2878 1394 πάσχων
2925 1321 3097 1376 δεινὸν
3119 1364 3135 1388 ,
3181 1318 3304 1375 οὐτε
3360 1319 3612 1389 αἴσθησιν
3657 1319 3759 1389 τῆς
3799 1319 3966 1382 οἰκείας

2325 1414 2555 1484 λήψεται
2581 1411 2925 1485 παρανομίας
2954 1410 3107 1472 ποτὲ,
3136 1407 3272 1463 ἀλλά
3297 1407 3393 1462 καὶ
3429 1407 3655 1478 αὐξήσει
3700 1406 3765 1459 16
3806 1407 3965 1474 δεινὸν,

2326 1503 2421 1556 καὶ
2468 1502 2690 1574 λήσεται
2729 1500 2882 1563 κενὸς
2924 1497 3136 1552 ἐνθένδε
3185 1494 3433 1550 ἀπελθών
3453 1512 3465 1525 ·
3511 1495 3769 1566 καθάπερ
3798 1494 3966 1556 ἐκεῖνος

2325 1591 2354 1643 6
2399 1590 2692 1662 Φαρισαῖος
2711 1629 2727 1654 ,
2759 1588 2818 1651 ὃς
2864 1585 3062 1658 ἀνῆλθε
3091 1584 3241 1658 [177]
3279 1584 3377 1655 μὲν
3420 1582 3593 1637 δοκῶν
3624 1585 3741 1646 τοῖς
3782 1581 3967 1650 ἀγαθοῖς

2328 1678 2500 1732 ἅπασι
2535 1676 2805 1742 πλουτεῖν,
2837 1675 3071 1746 κατῆλθε
3112 1674 3170 1728 δὲ
3197 1672 3383 1745 μαθὼν
3405 1675 3487 1726 ὅτι
3519 1673 3613 1726 καὶ
3649 1670 3748 1725 τοῦ
3774 1671 3967 1725 τελώνου

2328 1764 2648 1838 πενέστερος
2689 1761 2778 1836 ἦν.
2813 1766 2968 1818 Ἔστι
2997 1764 3054 1817 δὲ
3097 1764 3191 1817 καὶ
3222 1764 3409 1835 ἕτερον
3457 1756 3596 1826 εἶδος
3642 1760 3841 1832 πολλὴν
3874 1760 3968 1833 ἔχον

2331 1855 2484 1924 ίσχύν
2515 1855 2651 1926 πρὸς
2672 1854 2732 1907 τὸ
2757 1852 2991 1909 κενῶσαι
3014 1852 3082 1906 τά
3112 1851 3252 1922 μετά
3276 1848 3486 1903 πολλῶν
3518 1847 3763 1919 ἱδρώτων
3789 1849 3870 1903 καὶ
3896 1850 3970 1903 πό-

2328 1958 2434 1995 νων
2473 1940 2805 2011 συναχθέντα
2837 1939 2997 2005 καλὰ,
3029 1942 3058 1993 6
3082 1938 3183 2008 τῆς
3225 1936 3531 2003 κενοδοξίας
3574 1937 3798 2008 ἄνεμος.
3821 1937 3972 1991 Καθά-

2328 2046 2435 2101 περ
2455 2030 2565 2100 γάρ
2598 2029 2797 2100 ἄνεμος
2820 2027 3038 2099 ἀληθῶς
3067 2024 3323 2080 εἰσελθὼν
3357 2026 3570 2095 ἐκφυσᾷ
3599 2024 3973 2088 ἀπανταςςτοὺς

2326 2120 2427 2191 τῆς
2452 2119 2652 2191 ἀρετῆς
2685 2116 3007 2190 θησαυρούς.
3047 2115 3179 2170 Ἰδοὺ
3209 2111 3302 2170 οὖν
3334 2116 3430 2169 καὶ
3465 2112 3697 2185 δευτέρα
3739 2113 3974 2184 πρόφασις

2327 2209 2461 2280 ἡμῖν
2485 2206 2733 2277 ἀνεφάνη
2756 2205 2865 2259 τῶν
2888 2206 2956 2259 τὰ
2985 2203 3122 2277 ὀρθὰ
3163 2202 3508 2274 βαδιζόντων,
3529 2201 3606 2265 ὡς
3634 2203 3796 2272 ἐφης.
3818 2199 3979 2253 Πολλοὶ

2328 2295 2437 2368 γὰρ
2466 2297 2594 2367 παρ’
2625 2297 2757 2366 ἡμῖν
2784 2292 3066 2356 δοκοῦντες
3090 2292 3229 2364 ὑπὲρ
3257 2292 3358 2362 τῆς
3384 2291 3588 2363 ἀρετῆς
3615 2288 3844 2352 πολλοὺς
3867 2287 3978 2339 ὐπο-

2332 2382 2700 2454 μεμενηκέναι
2741 2380 2957 2449 πόνους,
3002 2378 3095 2433 xal
3139 2379 3502 2450 ὑπομένοντες
3540 2376 3617 2443 δέ,
3653 2374 3845 2443 ἐπειδὴ
3869 2370 3979 2443 πρὸς

2329 2474 2427 2545 τὴν
2459 2471 2609 2543 παρὰ
2654 2471 2956 2542 ἀνθρώπων
2995 2470 3231 2543 ὁρῶντες
3264 2470 3452 2542 τιμὴν,
3503 2469 3597 2522 καὶ
3638 2469 3706 2521 οὐ
3754 2467 3882 2537 πρὸς
3909 2465 3979 2517 τὸν

2330 2562 2462 2615 Θεὸν
2504 2560 2722 2615 ἅπαντα
2758 2559 3056 2631 ἔπραττον,
3091 2558 3393 2630 ἀφείθησαν
3440 2555 3743 2627 πειρασμῷ
3782 2570 3980 2626 περιπε-

2332 2653 2465 2715 σεῖν,
2501 2649 2590 2704 ἵνα
2631 2648 2733 2718 τῆς
2766 2646 2923 2720 παρὰ
2959 2646 3067 2701 τῶν
3101 2646 3311 2700 πολλῶν
3342 2644 3820 2717 ἀποστερηθέντες
3851 2641 3979 2711 δόξης

2329 2737 2396 2791 δι’
2420 2737 2488 2809 ἣν
2530 2737 2746 2791 ἅπαντα
2782 2734 3204 2808 ἐζημιώθησαν,
3248 2734 3344 2788 καὶ
3388 2734 3654 2807 μαθόντες
3710 2733 3811 2805 τὴν
3850 2730 3980 2801 φύσιν

2331 2825 2500 2896 αὐτῆς
2543 2824 2620 2888 ὡς
2663 2823 2813 2879 οὐδὲν
2854 2825 3076 2895 ἄμεινον
3123 2822 3316 2888 ἄνθους
3353 2824 3547 2895 χόρτου
3581 2821 3886 2882 διάκειται,
3922 2814 3983 2885 τῷ

2331 2913 2451 2985 Θεῷ
2483 2914 2628 2985 μόνῳ
2663 2913 2973 2984 προσέχωσι
3014 2913 3108 2966 τοῦ
3129 2912 3342 2980 λοιποῦ,
3376 2912 3472 2965 καὶ
3502 2910 3568 2965 δι’
3600 2909 3773 2965 αὐτὸν
3802 2906 3984 2962 ἅπαντα

2333 3001 2637 3075 πράττωσι.
2678 3002 2791 3055 Kal
2825 3001 3000 3072 ἕτεροι
3036 3002 3094 3054 δὲ
3125 3001 3263 3071 πρὸς
3299 2998 3511 3061 τούτοις
3565 2997 3676 3051 εἰσὶ
3712 2996 3857 3064 λόγοι
3886 2991 3987 3045 τού-

2332 3108 2442 3146 των
2491 3089 2672 3162 πολλῷ
2721 3089 2940 3153 πλείους
2974 3102 3024 3154 ι,
3067 3091 3199 3161 ἡμῖν
3254 3088 3353 3161 μὲν
3399 3089 3664 3158 ἀφανεῖς,
3709 3085 3790 3149 ὡς
3839 3083 3987 3153 ἔφην.

2334 3179 2601 3251 γνώριμοι
2652 3177 2710 3230 δὲ
2759 3176 2838 3249 τῷ
2885 3178 3206 3249 πεποιηκότι
3257 3177 3456 3240 αὐτοὺς
3503 3175 3642 3246 Θεῷ.
3697 3175 3794 3245 Μὴ
3840 3172 3993 3225 τοίνυν

2333 3267 2688 3338 ἀσχάλλωμεν
2735 3268 2829 3320 ἐπὶ
2873 3269 2986 3330 τοῖς
3032 3266 3356 3336 γινομένοις,
3411 3264 3525 3318 ἀλλ’
3572 3260 3992 3334 εὐχαριστῶμεν·

2334 3355 2489 3409 τοῦτο
2522 3355 2632 3424 γὰρ
2674 3353 2902 3410 οἰκετῶν
2945 3353 3305 3424 εὐγνωμόνων
3339 3353 3476 3407 ἐστί.
3517 3353 3589 3405 Σὺ
3619 3351 3680 3403 δὲ
3727 3346 3997 3420 θαυμάζων

2334 3442 2416 3497 ὅτι
2453 3442 2528 3514 μὴ
2563 3441 2847 3514 πρότερον,
2870 3441 3031 3511 ἡνίκα
3057 3441 3295 3513 ἐτρύφας
3315 3439 3411 3494 καὶ
3431 3439 3530 3511 τὴν
3560 3435 3841 3508 κοσμικὴν
3867 3450 3998 3504 περιο

2335 3531 2520 3585 έκεισο
2553 3530 2875 3600 φαντασίαν,
2905 3528 3043 3583 ἀλλά
3066 3528 3183 3596 νῦν,
3211 3529 3300 3583 ὅτε
3335 3528 3512 3582 πάντα
3542 3528 3737 3579 ἐκεῖνα
3770 3522 3996 3596 ερριψας,

2337 3623 2432 3677 καὶ
2470 3623 2665 3677 σαυτὸν
2702 3621 2822 3675 ὅλον
2862 3620 3142 3692 ἀνέθηκας
3181 3619 3258 3691 τῷ
3296 3617 3448 3690 Θεῷ,
3498 3617 3621 3671 τότε
3675 3613 3996 3685 ἐπεπήδησεν

2337 3707 2490 3775 οὗτος
2527 3712 2556 3764 ὁ
2591 3711 2806 3782 μιαρὸς,
2840 3708 3220 3783 παραπλήσιον
3253 3708 3425 3769 ποιεῖς
3463 3703 3655 3776 ὥσπερ
3683 3703 3756 3758 ἂν
3789 3703 3837 3755 εἰ
3866 3696 3995 3754 ἐθαύ-

2341 3799 2546 3871 μαζες,
2594 3800 2649 3852 τί
2685 3800 2885 3870 δήποτε
2916 3800 3030 3862 τοῖς
3081 3797 3182 3869 μὲν
3229 3795 3448 3859 θεαταῖς
3480 3793 3658 3856 οὐδεὶς
3692 3790 3918 3862 ἐνοχλεῖ,
3938 3783 3995 3853 τῷ

2336 3889 2393 3942 δὲ
2423 3888 2876 3960 ἀπογραψαμένῳ
2897 3887 3034 3957 πρὸς
3063 3888 3125 3940 16
3155 3883 3469 3947 πυκτεύειν,
3501 3880 3597 3935 καὶ
3626 3877 3994 3953 γυμνασθέντι,

2339 3977 2434 4030 καὶ
2461 3978 2541 4041 είς
2565 3976 2654 4029 τὸν
2684 3976 2874 4045 ἀγῶνα
2901 3973 3143 4039 καθέντι,
3177 3973 3350 4044 τούτῳ
3382 3971 3526 4043 μόνῳ
3560 3969 3791 4023 πάντων
3819 3966 3998 4019 ἔπεισιν

2337 4069 2366 4121 6
2412 4065 2840 4134 ἀνταγωνιστὴς,
2883 4063 3177 4117 πατάσσων
3222 4062 3323 4133 τὴν
3354 4058 3627 4131 κεφαλὴν,
3679 4057 3779 4112 καὶ
3813 4054 3997 4108 κόπτων

2337 4156 2399 4210 τὺ
2444 4157 2755 4229 πρόσωπον.
2775 4154 2852 4210 Οὐ
2884 4153 2945 4225 δὴ
2970 4152 3127 4206 τοῦτὸ
3144 4148 3260 4206 ἐστι
3291 4150 3605 4223 θαυμαστὸν
3632 4148 3765 4202 οὐδέ
3790 4141 3998 4214 ἀθυμίας

2339 4244 2517 4310 ἄξιον,
2564 4245 2613 4296 εί
2644 4241 2940 4297 πυκτεύειν
2986 4242 3121 4313 ἡμῖν
3162 4240 3457 4311 ἑλομένοις,
3487 4239 3700 4298 ἐκεῖνος
3729 4233 3896 4289 θλίϐει
3925 4230 3997 4281 καὶ

2339 4332 2465 4403 ἀνιᾷ
2490 4331 2585 4385 καὶ
2611 4330 2868 4403 βαρύνει·
2893 4321 3050 4393 οὗτος
3075 4329 3184 4401 γάρ
3213 4326 3321 4382 τῶν
3345 4324 3734 4379 πυκτευόντων
3769 4324 3797 4376 6
3825 4320 3992 4389 νόμος·

2340 4418 2455 4474 ἀλλ’
2504 4420 2553 4473 εί
2596 4419 2917 4490 περιτρέπει
2973 4418 3068 4473 καὶ
3112 4414 3443 4472 καταϐάλλει
3492 4414 3587 4467 καὶ
3650 4411 3717 4465 16
3774 4407 3996 4481 βραϐεῖον

2339 4511 2675 4583 ἀφαιρεῖται,
2715 4508 2875 4564 τοῦτό
2903 4509 3020 4564 ἐστι
3065 4507 3129 4561 16
3174 4507 3367 4561 δεινόν.
3396 4506 3542 4570 Ἕως
3584 4503 3632 4557 δ’
3664 4502 3734 4557 ἂν
3762 4498 3913 4552 τοῦτο
3935 4492 3995 4565 μὴ

2338 4593 2581 4667 δύνηται,
2630 4592 2691 4660 οὐ
2726 4593 2886 4664 μόνον
2918 4592 3068 4646 οὐδὲν
3103 4590 3356 4661 ἔϐλαψεν,
3388 4589 3524 4643 ἀλλά
3551 4587 3648 4641 καὶ
3681 4587 3755 4640 τά
3793 4583 3997 4667 μέγιστα

2339 4665 2516 4750 ῶνησε
2542 4679 2610 4750 τῇ
2641 4677 2850 4749 σφοδρᾷ
2880 4676 3166 4747 συμπλοκῇ
3201 4675 3561 4746 σεμνοτέρους
3585 4671 3738 4742 ἡμᾶς
3768 4665 3994 4750 ποιήσας-

2341 4748 2452 4814 Kal
2495 4748 2608 4832 γὰρ
2648 4761 2707 4814 ἐν
2747 4748 2860 4823 τοῖς
2903 4758 3286 4830 στρατοπέδοις
3314 4756 3521 4819 ἐκεῖνός
3562 4756 3714 4808 ἐστιν
3739 4754 3770 4805 6
3805 4748 3996 4832 itde

2340 4829 2615 4921 ἀμείνων,
2659 4850 2688 4902 6
2721 4847 2942 4902 πλείονα
2977 4829 3273 4921 τραύματα
3320 4843 3587 4909 ἐπιδεῖξαι
3624 4842 3789 4912 ἔχων,
3832 4833 3918 4921 καί
3940 4829 3999 4881 τά

2343 4918 2647 5005 μονομάχια
2679 4934 2815 5005 πρὸς
2845 4934 2972 4997 τοὺς
3009 4918 3405 5002 εὐτονωτέρους
3434 4927 3544 4980 τῶν
3578 4923 3855 4995 πολεμίων
3886 4918 4000 5005 (xw:-

2339 5000 2632 5087 δεξάμενος
2647 5032 2659 5046 ·
2692 5000 2788 5071 καὶ
2808 5015 2916 5070 τῶν
2938 5014 3183 5087 ἀθλητῶν
3206 5014 3263 5068 δέ
3280 5000 3416 5078 τοὺς
3441 5015 3554 5076 τοῖς
3579 5007 3952 5080 ἀκαθαιρέτοις
3974 5000 3998 5038 ¹³

2344 5101 2825 5173 συμπλεκομένους
2862 5099 3044 5172 (οῦτω
3081 5099 3191 5170 γὰρ
3236 5100 3364 5162 τούς
3414 5095 3881 5168 φιλονεικοτέρους
3913 5102 3999 5140 κα·-

2340 5192 2492 5245 λοῦσι
2518 5191 2627 5245 τῶν
2670 5186 3122 5259 ἀνταγωνιστῶν)
3158 5186 3510 5258 θαυμάζομεν
3533 5202 3547 5216 ·
3581 5185 3677 5239 καὶ
3719 5178 4001 5251 κυνηγέτης

2341 5272 2496 5344 οὗτος
2525 5279 2760 5351 μάλιστά
2791 5280 2939 5330 ἐστιν
2963 5277 2992 5329 6
3023 5274 3418 5349 κρατούμενος,
3449 5275 3479 5327 6
3506 5271 3577 5326 τά
3600 5271 3884 5325 δυσάλωτα
3906 5264 3999 5317 τῶν

2341 5369 2545 5442 θηρίων
2580 5366 3029 5439 καταδεχόμενος.
3062 5363 3313 5436 Ἀναιδής
3335 5364 3452 5417 ἐστι
3484 5361 3579 5415 καὶ
3602 5358 4000 5425 ἀκατάπληκτος

2404 5512 2431 5542 ⁸
2468 5511 2642 5560 Morel.
2664 5507 2848 5558 τούτων
2865 5505 3074 5567 πλείους,
3096 5506 3249 5558 Savil.
3272 5504 3456 5555 τούτων
3479 5506 3643 5569 πολλῷ
3661 5494 3996 5560 πλείους,ὼῶ

2342 5574 2524 5639 τούτων
2541 5571 2663 5639 πολὺ
2677 5571 2895 5639 πλείους.
3036 5632 3066 5639 _
3135 5633 3164 5639 __
3231 5632 3241 5639 .
3516 5634 3527 5639 Α
3566 5628 3597 5639 Α
3630 5627 3661 5639 η
3735 5627 3751 5639 ⁸
3827 5627 3872 5639 Η

2406 5636 2434 5672 h
2458 5635 2648 5701 λίσῃ-ει.-
2668 5634 3012 5701 ἀκαθαιρέτοις.
3035 5632 3186 5701 ὃρνὶι.
3228 5632 3279 5680 in
3292 5634 3533 5701 plin-3.3!.
3563 5627 3697 5701 C911).
3719 5627 4003 5701 ‘éx’aﬁéfftoii.

2345 5702 2488 5749 male.
2519 5695 2669 5760 δεινῇ.
2696 5696 2746 5743 in
2786 5687 2927 5760 [eam
2970 5687 3265 5760 ἀκαθέκτοις.
3292 5687 3432 5760 Ῑηίιιτῖ
3458 5692 3636 5760 Morel:
3673 5694 3739 5760 ει
3768 5687 3922 5760 _S:u_*l;.
3958 5687 4002 5728 il

2346 5773 2517 5878 ηιρτῇ
2522 5757 2775 5827 δυσάλωτοι
2794 5759 2889 5806 τῶν
2911 5757 3101 5822 θηρίων,
3125 5757 3337 5808 Savil.in
3362 5758 3504 5807 textu
3530 5761 3581 5804 et
3603 5751 3747 5802 Coll).
3765 5751 4005 5800 amoma

2348 5840 2441 5871 των
2521 5835 2652 5878 ριων.

2348 5840 2441 5871 των
2462 5835 2652 5885 θηριων.
