4060 6136
199 322 306 377 445

193 435 267 487 do
290 447 530 490 memoro
571 447 691 503 qua:
718 441 842 488 tunc
879 443 1059 501 agunt,
1090 450 1211 489 cum
1238 449 1268 488 a
1293 435 1536 490 daemone
1581 449 1774 505 appre-

195 525 522 590 henduntur,
552 524 645 580 sed
669 540 787 594 quae
816 534 1158 595 posteaquam
1195 527 1281 581 illa
1303 529 1512 581 vexatio
1536 541 1778 582 cessave-

194 616 287 669 rit.
346 615 479 670 Nam
534 625 589 675 et
636 616 950 671 edacitatem
978 626 1308 686 sequuntur,
1340 627 1393 674 ct
1433 618 1696 684 furantur,
1724 626 1788 690 et,

197 704 548 772 inebriantur,
577 715 633 761 et
660 706 883 776 plurima
916 706 999 761 his
1023 708 1182 762 etiam
1209 708 1442 777 turpiora
1470 709 1774 764 admittunt.

198 794 440 866 Denique
468 797 609 851 sicut
638 796 1038 851 malefactorum
1071 798 1326 867 plurimos
1356 815 1627 854 carcerem
1663 800 1760 854 diu

197 887 404 942 tissime
432 887 712 942 ‘incolere
761 888 1018 956 permittit
1039 887 1224 957 judex,
1269 888 1404 944 adeo
1455 898 1512 944 ut
1557 890 1782 960 plerum-

195 995 303 1049 que
335 980 497 1033 vitam
529 979 638 1034 illic
667 979 870 1044 ﬁniant,
900 989 958 1034 ut
983 995 1103 1034 cum
1131 995 1200 1034 ex
1231 979 1413 1036 multis
1439 981 1645 1051 aliquos
1686 995 1780 1050 pu-

197 1071 299 1123 niri
328 1070 461 1135 vult,
489 1085 652 1124 unum
683 1085 746 1124 ex
780 1070 884 1124 illis
909 1111 924 1136 ,
954 1079 1046 1124 aut
1072 1071 1233 1124 etiam
1262 1071 1400 1126 duos
1439 1071 1780 1126 eminentiori

164 1217 170 1222 ,
199 1161 316 1215 loco
345 1169 584 1216 statuens
607 1199 623 1225 ,
654 1160 1121 1216 circumstantibus
1148 1161 1395 1216 omnibus
1417 1201 1433 1228 ,
1464 1161 1538 1215 ita
1568 1160 1779 1215 demum

197 1250 265 1304 ad
293 1260 518 1304 mortem
549 1250 669 1304 duci
710 1251 975 1320 praecipit,
1004 1266 1175 1320 neque
1216 1250 1284 1306 ad
1316 1261 1575 1306 terrorem
1616 1261 1778 1306 exnte-

202 1357 385 1396 rorum
441 1341 519 1396 sic
567 1342 736 1396 malos
774 1356 961 1397 omnes
992 1343 1180 1409 punire
1225 1357 1444 1398 necesse
1474 1343 1632 1397 habet
1661 1359 1674 1394 :
1709 1342 1781 1396 ita

203 1433 345 1487 Deus
370 1446 581 1502 quoque
608 1448 728 1486 cum
748 1447 848 1486 nos
869 1431 1154 1487 emendare
1184 1432 1315 1498 vult,
1345 1448 1451 1486 non
1479 1446 1664 1486 omnes
1679 1445 1782 1485 una

199 1524 370 1578 malos
397 1524 585 1592 punire
613 1524 974 1578 necessarium
1001 1524 1295 1590 existimat,
1326 1524 1420 1578 sed
1448 1524 1654 1594 aliquos
1697 1539 1784 1578 ra-

203 1615 355 1680 piens
377 1628 442 1667 ex
462 1613 538 1666 eis
564 1627 696 1682 quos
717 1627 1002 1681 numquam
1030 1613 1372 1683 corrigendos
1398 1614 1568 1678 novit,
1599 1623 1786 1682 poten-

202 1709 328 1761 tiam
356 1716 514 1776 atque
543 1706 674 1758 iram
703 1705 935 1760 ostendit
959 1720 1107 1760 suam
1129 1749 1142 1769 ,
1175 1707 1396 1774 plurima
1421 1721 1488 1760 ex
1513 1704 1615 1760 hoc
1641 1706 1782 1760 utilia

202 1798 509 1869 perliciens.
549 1796 755 1866 Quippe
796 1805 850 1851 et
877 1798 1044 1851 malos
1073 1797 1138 1853 ad
1165 1796 1476 1862 deserenda,
1517 1796 1560 1850 si
1588 1796 1780 1859 velint,

201 1890 327 1942 vitia
355 1889 625 1953 hortatur,
653 1896 708 1941 et
731 1887 898 1942 bonos
924 1889 1187 1942 cautiores
1217 1887 1378 1943 ellieit
1397 1929 1412 1953 ,
1443 1897 1498 1942 et
1543 1888 1780 1957 longani-

203 1980 441 2033 mitatem
463 1977 695 2033 ostendit
722 1993 894 2045 suam,
921 1978 1428 2048 resurrectionisque
1456 1978 1748 2034 doctrinam
1765 2020 1780 2044 ,

202 2080 262 2124 ut
303 2079 427 2124 ante
469 2069 720 2134 diximus,
751 2069 999 2124 omnibus
1027 2069 1277 2123 insinuat.
1322 2068 1457 2136 Quid
1485 2084 1612 2140 ergo
1638 2067 1783 2135 hate,

207 2153 436 2231 inquies,
471 2161 535 2216 ad
566 2177 680 2228 eos,
702 2163 790 2232 qui
821 2178 850 2216 a
878 2162 1045 2231 prima
1068 2161 1283 2216 infantia
1313 2161 1495 2217 nutriti
1547 2162 1598 2216 in
1645 2161 1788 2217 cala-

202 2252 506 2318 mitatibus,
538 2253 838 2322 priusquam
871 2254 1006 2307 bona
1041 2254 1122 2306 vel
1153 2254 1288 2308 mala
1321 2269 1415 2324 per
1439 2263 1648 2309 aetatem
1675 2253 1786 2310 dis-

202 2356 427 2395 cernere
465 2342 688 2410 possint,
717 2357 748 2396 e
778 2342 882 2395 vita
903 2342 1168 2411 migrant?
1190 2343 1393 2412 thuid
1418 2345 1565 2412 mali,
1584 2358 1784 2414 quaeso,

202 2432 289 2487 isti
323 2433 611 2501 patiuntur,
639 2433 728 2502 qui
766 2432 989 2487 necdum
1036 2432 1161 2502 quid
1216 2434 1478 2501 patiantur
1533 2433 1784 2494 sentiunt,

201 2539 379 2592 neque
405 2523 585 2578 dolere
622 2533 711 2577 aut
748 2523 978 2592 gaudere
1003 2522 1334 2578 didicerunt?
1361 2524 1472 2594 Ego
1507 2539 1634 2579 vero
1682 2538 1786 2578 non

204 2614 308 2667 hoc
351 2613 521 2667 solum
553 2629 648 2682 pro
675 2612 974 2683 huiusmodi
1005 2613 1254 2669 solvenda
1299 2615 1592 2684 quaestione
1640 2614 1789 2670 dixe-

211 2704 334 2769 rim,
362 2720 546 2758 verum
575 2713 818 2773 parentes
850 2706 990 2774 ipsos
1016 2706 1176 2758 etiam
1206 2715 1257 2760 et
1279 2705 1470 2761 fratres
1501 2713 1555 2760 et
1575 2706 1789 2775 propin-

207 2810 344 2865 quos
375 2794 678 2865 hujnsmodi
708 2795 994 2850 liberorum
1023 2795 1263 2851 cladibus
1287 2795 1598 2851 emendatos
1641 2794 1786 2852 novi.

207 2889 261 2941 Id
285 2902 412 2942 vero
438 2902 540 2940 non
572 2887 773 2940 minimi
799 2886 930 2941 lucri
956 2897 1055 2952 est,
1085 2902 1152 2941 ex
1177 2886 1262 2953 iis,
1299 2887 1490 2956 quibus
1515 2899 1672 2940 nemo
1689 2885 1790 2939 lae-

205 2981 368 3047 ditur,
401 2980 532 3032 alios
561 2980 842 3032 maximam
869 2980 1149 3034 utilitatem
1179 2978 1454 3047 consequi.
1485 2977 1782 3032 Verisimile

205 3080 383 3124 autem
428 3078 510 3124 est
547 3069 768 3124 etaliam
812 3083 931 3123 esse
968 3083 1181 3122 causam
1223 3067 1587 3133 secretiorem,
1628 3082 1786 3138 quam

211 3162 362 3215 solus
389 3160 535 3214 novit
563 3175 739 3213 rerum
765 3159 938 3228 opifex
960 3159 1122 3213 Deus.

217 3248 224 3252 ⁷
277 3253 333 3307 9.
376 3249 480 3304 Cur
520 3259 630 3320 post
663 3249 975 3320 afflictione»:
1019 3249 1224 3316 quidam
1254 3257 1565 3318 peccent.—
1609 3247 1786 3304 Unttm

208 3344 472 3414 reliquum
495 3351 578 3397 est
605 3341 997 3411 explicandum,
1015 3356 1174 3410 quam
1192 3341 1392 3395 scilicet
1411 3340 1478 3394 ob
1493 3354 1704 3394 causam
1729 3340 1784 3406 ii,

205 3437 298 3506 qui
355 3443 499 3490 recte
545 3434 851 3508 priusquam
907 3442 1235 3488 tentarentur
1285 3431 1620 3501 incedebant,
1667 3441 1789 3502 post

209 3527 557 3582 tentationem
585 3526 714 3597 lapsi
741 3526 864 3580 sint.
896 3525 1045 3592 Quis,
1073 3539 1169 3579 oro
1188 3565 1203 3592 ,
1225 3525 1381 3594 plane
1405 3524 1551 3579 novit
1580 3524 1667 3594 qui
1698 3539 1787 3578 re-

209 3617 301 3664 cte
332 3607 609 3672 incedant,
633 3609 736 3662 nisi
757 3607 848 3677 qui
880 3608 1046 3662 corda
1071 3617 1258 3664 nostra
1285 3611 1500 3680 singula
1521 3609 1696 3676 ﬁnxit,
1723 3609 1804 3668 in-

211 3702 524 3772 telligitque
546 3701 730 3755 omnia
747 3717 910 3772 opera
934 3709 1122 3757 nostra
1152 3703 1267 3770 (Ps.
1292 3702 1381 3758 52.
1403 3701 1489 3766 15)
1507 3702 1531 3756 ?
1549 3699 1638 3756 Fit
1653 3702 1799 3759 enim

209 3794 435 3863 smpius,
457 3799 514 3845 ut
536 3793 754 3864 plurimi
772 3810 839 3847 ex
858 3792 924 3847 iis
947 3794 1037 3862 qui
1057 3793 1186 3846 boni
1207 3809 1327 3848 esse
1346 3793 1624 3854 videntur,
1650 3794 1801 3864 pejo-

207 3899 300 3939 res
327 3883 591 3937 omnibus"
609 3883 752 3950 sint;
777 3892 941 3953 atque
969 3883 1022 3937 id
1047 3884 1267 3953 quidem
1297 3890 1351 3940 et
1379 3884 1432 3938 in
1459 3885 1562 3940 hoc
1593 3885 1800 3941 saeculo

207 3974 661 4044 deprehenditur,
679 3974 772 4030 sed
791 3976 846 4028 in
870 3975 1150 4031 nonnullis
1167 3991 1299 4031 casu
1321 3977 1506 4047 aliquo
1527 3992 1591 4030 ac
1612 3992 1802 4032 neces-

207 4068 374 4123 sitate
397 4067 706 4136 ingruente.
726 4066 860 4121 Cum
885 4082 1011 4121 vero
1035 4068 1082 4122 is
1112 4068 1204 4138 qui
1223 4067 1390 4121 corda
1419 4075 1473 4122 et
1493 4082 1652 4123 renes
1671 4081 1800 4135 pro-

210 4161 328 4224 bat,
360 4159 518 4214 vivus
540 4168 592 4216 et
611 4159 822 4224 ellicax,
844 4167 899 4214 et
925 4159 1138 4214 acutior
1160 4161 1310 4214 omni
1338 4159 1521 4230 gladio
1547 4159 1798 4229 ancipiti,

226 4253 544 4322 pertingens
576 4267 748 4322 usque
779 4250 844 4306 ad
878 4250 1201 4307 divisionem
1233 4253 1427 4306 animae
1447 4260 1500 4307 et
1528 4253 1795 4322 corporis,

220 4356 440 4400 artuum
463 4357 516 4400 et
530 4345 914 4412 medullarum,
935 4345 1205 4402 discretor
1225 4345 1617 4417 cogitationum
1648 4353 1702 4400 et
1721 4346 1800 4399 in-

214 4437 524 4492 tentiouum
547 4436 733 4505 (Hebr.
760 4439 813 4493 4.
842 4439 952 4504 12).
977 4437 1237 4504 judicans
1262 4437 1635 4501 sederit,tuuc
1661 4452 1797 4493 vero

208 4527 318 4564 non
347 4526 544 4580 paucos
573 4527 637 4567 ex
667 4513 929 4582 pluribus,
955 4517 1051 4570 sed
1080 4532 1264 4572 omnes
1297 4527 1481 4588 aperte
1529 4521 1736 4576 videbis
1765 4539 1780 4576 :

207 4614 381 4668 neque
409 4610 533 4656 tunc
556 4604 709 4658 ovina
736 4605 888 4674 pellis
918 4605 1122 4676 lupum,
1156 4624 1328 4679 neque
1373 4612 1601 4680 sepulcri
1639 4614 1785 4669 deal-

205 4689 352 4744 batio
377 4690 638 4747 internam
664 4693 1083 4764 inquinationcm
1114 4699 1384 4756 occultare
1411 4704 1624 4770 poterit.
1657 4704 1785 4758 Nul-

205 4777 255 4832 la
288 4779 429 4834 enim
455 4790 697 4838 creatura
740 4793 822 4838 est
851 4785 1128 4843 invisibilis
1172 4803 1350 4844 coram
1395 4807 1479 4855 eo,
1518 4795 1606 4862 qui
1656 4802 1782 4850 tune

203 4867 534 4939 iudicaturus
563 4881 664 4938 est,
692 4873 786 4928 sed
825 4875 962 4929 nuda
993 4883 1047 4931 et
1073 4886 1256 4948 aperta
1297 4889 1420 4934 sunt
1443 4883 1617 4938 omnia
1647 4898 1781 4939 ocu-

203 4960 269 5014 lis
294 4960 409 5031 ejus
433 4980 446 5013 :
479 4963 620 5032 quod
643 4964 847 5020 Paulus
876 4966 1072 5022 indicat
1095 4983 1214 5024 cum
1244 4969 1530 5029 Corinthiis
1555 4976 1775 5031 scribit:

200 5050 384 5123 Itaque
419 5056 575 5109 nolite
611 5067 727 5110 ante
758 5067 951 5125 tempus
983 5060 1248 5131 quicquam
1291 5064 1543 5132 judicare,
1582 5068 1780 5134 quoad-

198 5158 354 5211 usque
373 5146 536 5198 veniat
555 5143 824 5212 Dominus,
843 5149 929 5218 qui
947 5158 991 5203 et
1011 5151 1311 5207 illuminabit
1326 5155 1618 5210 abscondita
1643 5167 1805 5231 (enen

196 5235 421 5299 brarum,
454 5244 501 5288 et
521 5238 858 5308 manifestabit
881 5241 1092 5295 consilia
1111 5245 1340 5298 cordium
1367 5246 1442 5318 (1.
1471 5248 1590 5302 Cor.
1617 5250 1672 5302 4.
1692 5250 1773 5316 5).

189 5323 264 5379 .Ut
292 5337 492 5392 autem,
527 5328 818 5400 hypocritis
843 5335 1055 5389 omissis
1072 5375 1094 5399 ,_
1117 5335 1184 5390 ad
1211 5352 1304 5391 eos
1332 5339 1542 5393 tandem
1571 5342 1659 5411 qui
1687 5358 1774 5396 re-

193 5427 278 5472 cte
319 5433 507 5474 revera
549 5421 802 5477 incedunt
828 5425 1120 5491 veniamus,
1175 5427 1314 5482 unde
1366 5429 1520 5485 nobis
1568 5442 1777 5488 con5tat

192 5508 359 5578 quod,
388 5510 599 5565 etiamsi
643 5511 784 5568 bona
814 5515 1012 5584 reliqua
1041 5517 1265 5586 egerint,
1297 5534 1563 5574 summum
1596 5530 1772 5578 tamen

192 5601 431 5654 omnium
463 5601 718 5658 virtutum
751 5606 983 5672 culmen,
1020 5607 1404 5672 humilitatem,
1436 5629 1540 5668 non
1589 5612 1774 5685 negie-

255 5717 271 5746 ⁸
311 5722 432 5778 vox,
456 5713 740 5781 diutissime,
760 5716 808 5766 in
828 5717 958 5769 Colh.
987 5727 1038 5772 ct
1058 5720 1194 5772 savil.
1221 5721 1400 5774 deest-

1049 321 1137 378 AD
1175 320 1544 378 STAGIRIUM
1586 323 1627 377 Δ
1668 319 1966 377 ΒᾹΞΜΟΝΕ
2007 322 2361 381 VEXATUM.
2402 322 2528 378 LIB.
2572 323 2610 377 I.

3359 323 3464 378 446

1885 435 2100 489 xcrint?
2134 437 2334 492 Idcirco
2358 445 2534 491 autem
2560 435 2759 490 dimisit
2803 435 2921 490 illos
2950 435 3088 491 Deus
3108 478 3123 502 ,
3152 445 3208 491 ut
3258 435 3464 491 discant

1883 525 1972 580 illa
2003 541 2061 580 se
2086 543 2191 581 non
2217 529 2426 596 propria
2456 528 2668 592 virtute,
2703 527 2794 580 sed
2825 527 2915 581 Dci
2945 529 3108 596 gratia
3129 527 3460 596 praestitisse.

1881 615 2033 682 Quod
2058 617 2100 670 si
2132 617 2271 672 dicat
2300 619 2418 687 quis
2456 618 2647 672 melius
2676 618 2837 672 fuisse
2866 619 2984 673 illos
3024 634 3144 673 cum
3172 628 3315 674 recte
3338 634 3462 689 age-

1884 715 2006 763 rent
2032 709 2232 772 extolli,
2260 725 2416 779 quam
2447 720 2566 779 post
2595 710 2796 779 lapsum
2823 709 3106 772 humiliari,
3132 711 3176 764 is
3202 711 3329 766 mihi
3349 725 3462 766 ma-

1882 800 2025 856 xime
2045 799 2254 855 videtur
2273 800 2542 870 jactantize
2583 801 2896 855 detrimenta
2939 809 3097 871 atque
3151 801 3460 858 humilitatis

1884 888 2028 945 lucra
2051 891 2314 960 ignorare.
2345 890 2493 945 Nosti
2519 891 2660 945 enim
2683 891 2838 961 plane
2864 892 3130 946 hominem
3153 902 3460 962 arroganter

1883 980 2019 1035 bona
2048 989 2377 1049 operantem,
2406 982 2449 1036 si
2473 988 2647 1036 tamen
2677 981 2812 1035 bona
2859 980 3031 1037 facere
3055 997 3307 1052 arrogans
3337 998 3463 1052 pos-

1885 1070 1973 1134 sit,
2006 1071 2392 1139 quamprimum
2418 1071 2470 1124 in
2501 1085 2760 1125 summam
2790 1073 3074 1141 perniciem
3093 1073 3386 1140 Iapsurum.
3415 1072 3464 1126 Is

1884 1174 2011 1213 vero
2037 1159 2125 1228 q'ui
2151 1159 2252 1213 labi
2275 1161 2562 1230 permissus
2587 1161 2776 1227 fuerit,
2811 1171 2968 1230 atque
2992 1177 3057 1216 ex
3101 1162 3255 1216 ruina
3286 1161 3460 1215 humi—

1887 1248 2001 1303 liari
2029 1249 2292 1317 didicerit,
2322 1261 2584 1322 resurget,
2618 1267 2680 1308 ac
2699 1253 2742 1307 si
2772 1253 2984 1322 quidem
3008 1253 3254 1320 voluerit,
3284 1254 3464 1324 lapsus

1885 1339 1967 1393 sui
1994 1339 2183 1394 damna
2210 1340 2316 1395 cito
2342 1341 2628 1410 reparabit.
2682 1341 2850 1396 Porro
2879 1343 2923 1396 is
2949 1343 3038 1413 qui
3064 1358 3186 1398 cum
3207 1343 3460 1413 jactantia

1886 1439 2031 1486 recte
2064 1439 2275 1500 putatur
2300 1433 2508 1502 operari
2532 1473 2548 1498 ,
2583 1433 2714 1487 nihil
2742 1434 2946 1503 patiens
2971 1434 3178 1490 adversi
3202 1475 3215 1497 ,
3245 1450 3313 1490 ne
3338 1451 3465 1490 sen-

1886 1533 2003 1574 sum
2044 1521 2256 1591 quidem
2285 1523 2450 1577 ullum
2491 1524 2718 1594 propriae
2749 1524 3038 1597 iniquitatis
3081 1525 3297 1594 recipiet
3344 1540 3464 1579 um-

1886 1626 2042 1681 quam
2063 1653 2078 1677 ,
2111 1613 2204 1667 sed
2232 1614 2444 1682 augebit
2470 1614 2666 1668 malum
2688 1657 2703 1680 ,
2727 1623 2886 1684 atque
2915 1615 3038 1669 dum
3067 1616 3306 1680 nesciet,
3340 1615 3463 1669 hinc

1887 1717 2083 1758 vacuus
2119 1705 2484 1775 proﬁciscetur
2512 1723 2525 1758 :
2558 1706 2712 1760 sicuti
2755 1706 3056 1760 Phariszens
3084 1707 3174 1761 ille
3198 1706 3346 1778 (Luc.
3372 1707 3461 1771 I8,

1889 1795 1981 1865 10)
2007 1797 2095 1866 qui
2125 1797 2363 1851 ascendit
2387 1797 2441 1850 iu
2468 1798 2740 1866 templum,
2757 1807 2945 1866 putans
2967 1812 3026 1852 se
3052 1797 3467 1852 bonisomnibus

1888 1902 2008 1942 esse
2027 1889 2640 1959 locupletem,descendit
2657 1905 2782 1944 vero
2797 1889 3080 1958 publicano
3098 1890 3463 1960 pauperiorem

1889 1980 2092 2034 meritis
2126 1995 2184 2034 se
2213 1995 2332 2036 esse
2354 1981 2668 2050 percipiens.
2702 1981 2796 2034 Est
2838 1990 2890 2035 et
2919 1981 3018 2035 alia
3048 1980 3252 2049 species
3279 1980 3465 2049 pestis,

1888 2087 2007 2141 qua:
2031 2072 2312 2141 plurimum
2341 2073 2549 2127 roboris
2578 2071 2734 2126 habet
2771 2071 2838 2125 ad
2864 2071 3166 2126 evacuanda
3189 2070 3327 2126 bona
3372 2085 3466 2123 no-

1889 2172 2017 2225 stra,
2070 2177 2188 2232 qua:
2228 2171 2374 2216 muto
2425 2161 2618 2217 sudore
2661 2161 2991 2231 colligimus,
3035 2171 3220 2216 ventus
3264 2160 3467 2215 scilicet

1890 2251 2065 2306 inanis
2107 2252 2308 2322 gloriae.
2335 2251 2466 2306 Nam
2495 2267 2679 2307 revera
2708 2253 2852 2306 venti
2894 2253 3059 2306 instar
3086 2253 3320 2322 ingressa
3353 2249 3466 2306 the-

1891 2355 2077 2401 sauros
2103 2361 2289 2402 omnes
2319 2347 2530 2401 virtutis
2561 2346 2824 2401 exsufﬂat.
2874 2345 2952 2400 En
2980 2355 3036 2400 et
3059 2345 3288 2400 secunda
3313 2345 3468 2400 nobis

1890 2437 2100 2492 occasio
2128 2437 2308 2507 lapsus
2331 2445 2476 2492 recte
2500 2437 2875 2508 gradientium,
2909 2444 2964 2490 ut
2993 2445 3048 2490 tu
3073 2435 3306 2490 dicebas.
3335 2434 3465 2490 Plu-

1890 2528 2011 2580 rimi
2039 2529 2178 2582 enim
2201 2543 2268 2582 ex
2299 2528 2364 2584 iis
2391 2529 2480 2598 qui
2519 2528 2659 2599 apud
2686 2542 2784 2582 nos
2811 2529 3050 2598 ingentes
3092 2527 3338 2583 videntur
3363 2527 3469 2582 viri

1893 2618 2018 2671 tutis
2041 2633 2198 2672 causa
2223 2619 2474 2674 tolerasse
2501 2619 2734 2685 labores,
2757 2633 2819 2672 ac
2847 2634 3031 2673 revera
3063 2619 3315 2684 tolerant,
3346 2633 3468 2672 cum

1890 2709 2067 2764 omnia
2090 2709 2156 2762 ad
2187 2710 2443 2764 honorem
2466 2709 2761 2774 hominum,
2791 2724 2895 2763 non
2928 2724 3022 2778 pro
3054 2709 3144 2763 Dei
3173 2710 3358 2778 gloria,
3384 2709 3469 2762 fa-

1889 2811 2091 2863 cerent,
2125 2800 2367 2869 permissi
2387 2810 2509 2854 sunt
2532 2800 2585 2854 in
2617 2800 2960 2855 tentationem
2995 2799 3116 2863 labi,
3145 2807 3202 2852 ut
3229 2800 3470 2853 multitu-

1890 2891 2029 2946 dinis
2051 2891 2216 2961 gloria
2256 2891 2457 2957 nudati,
2487 2901 2706 2960 propter
2744 2907 2900 2960 quam
2930 2891 3249 2945 detrimenta
3289 2890 3468 2945 omnia

1891 2983 2126 3052 perpessi
2155 2991 2296 3048 sunt,
2327 2983 2546 3052 ejusque
2586 2982 2768 3051 gloria:
2799 2991 3040 3036 naturam
3072 2981 3122 3035 in
3155 2982 3300 3035 nullo
3337 2981 3471 3035 ﬂore

1891 3073 2016 3127 {mni
2039 3088 2158 3127 esse
2187 3073 2460 3127 meliorem
2487 3072 2842 3137 addiscentes,
2870 3073 2977 3141 jam
3009 3073 3115 3126 Deo
3137 3072 3237 3125 soli
3259 3080 3466 3134 vacent,

1889 3172 2048 3232 atque
2075 3163 2238 3230 ipsius
2258 3177 2417 3217 causa
2443 3161 2638 3216 faciant
2679 3162 2876 3216 omnia.
2924 3161 3058 3215 Sunt
3110 3170 3367 3230 praeterea
3410 3171 3470 3214 et

1889 3253 2006 3307 alia:
2035 3267 2208 3307 causze
2236 3261 2393 3322 atque
2415 3253 2667 3318 rationes,
2690 3261 2742 3306 et
2757 3252 2968 3321 quidem
2991 3251 3146 3320 longe
3164 3251 3247 3305 his
3265 3251 3463 3320 plures,

1889 3352 2160 3409 czeterum,
2186 3353 2244 3398 ut
2264 3344 2393 3408 dixi,
2419 3345 2571 3399 nobis
2589 3344 2890 3414 incognitai,
2916 3343 3011 3398 sed
3032 3344 3269 3398 omnium
3287 3343 3465 3413 opifici

1891 3436 2002 3491 Deo
2017 3436 2153 3491 bene
2176 3446 2335 3490 notae.
2368 3436 2446 3491 Ne
2471 3437 2632 3506 igitur
2656 3437 2706 3490 in
2748 3436 2813 3490 iis
2840 3451 2958 3506 quae
2979 3435 3291 3505 contingunt
3333 3435 3471 3488 indi-

1888 3540 2130 3595 gnemur,
2158 3525 2253 3581 sed
2281 3527 2477 3596 gratias
2505 3541 2725 3596 agamus
2756 3543 2770 3579 :
2811 3525 2914 3580 hoe
2939 3525 3079 3580 enim
3106 3535 3379 3595 gratorum
3409 3525 3469 3578 li-

1890 3615 2196 3687 deliumque
2225 3607 2497 3672 servorum
2533 3625 2636 3672 est.
2678 3617 2747 3671 At
2771 3632 2903 3671 vero
2929 3625 3019 3684 tu,
3043 3608 3167 3670 dum
3191 3615 3469 3670 admiraris

1887 3723 1984 3762 cur
2002 3723 2106 3762 non
2135 3716 2290 3762 antea
2316 3708 2507 3777 potius,
2542 3722 2664 3762 cum
2693 3706 2920 3762 delicate
2943 3706 3149 3760 viveres
3188 3712 3348 3776 atque
3379 3705 3464 3759 illa

1887 3799 2066 3854 saeculi
2107 3814 2298 3869 pompa
2345 3798 2568 3868 stipatus
2617 3798 2910 3863 incederes,
2937 3797 3030 3853 sed
3077 3812 3217 3852 nunc
3251 3796 3464 3866 quando

1887 3888 2126 3959 abjecisti
2155 3890 2241 3944 illa
2273 3890 2470 3955 omnia,
2501 3903 2564 3944 ac
2593 3891 2816 3959 teipsum
2849 3897 3014 3943 totum
3041 3889 3149 3943 Deo
3174 3888 3462 3952 devovisti,

1887 3980 2150 4048 pessimus
2180 3989 2230 4034 te
2253 3979 2343 4034 ille
2371 3979 2577 4034 daemon
2604 3979 2816 4044 invasit,
2847 3978 2984 4034 idem
3014 3992 3230 4048 prorsus
3256 3977 3385 4032 facis
3405 3993 3470 4033 ac

1889 4069 1935 4124 si
1960 4069 2240 4124 admireris
2265 4084 2362 4123 cur
2391 4069 2780 4139 Spectatoribus
2802 4070 2977 4124 nullus
3019 4069 3275 4123 molestus
3301 4077 3464 4130 esset,

1886 4160 1980 4214 sed
2011 4161 2099 4229 qui
2129 4161 2180 4214 in
2207 4162 2442 4231 pugilum
2465 4176 2688 4216 numero
2713 4162 3013 4232 adscriptus
3037 4163 3468 4233 exercitatusque

1885 4250 1937 4304 in
1965 4261 2234 4306 certamen
2259 4251 2640 4320 descendisset,
2675 4253 2816 4309 hunc
2869 4254 3043 4308 solum
3098 4271 3162 4310 ex
3209 4256 3459 4311 omnibus

1883 4341 2198 4396 eolluctator
2263 4351 2578 4410 expeteret,
2630 4345 2934 4413 percutiens
2973 4355 3128 4415 caput
3172 4346 3466 4418 faciemque

1884 4431 2189 4487 concidens.
2236 4431 2352 4487 Non
2381 4433 2481 4487 hoc
2509 4449 2637 4504 ergo
2681 4443 2773 4488 aut
2809 4436 3066 4490 miraculo
3094 4445 3184 4489 aut
3229 4452 3462 4492 maerore

1883 4523 2100 4594 dignum
2127 4532 2226 4589 est,
2255 4524 2302 4579 si
2334 4539 2430 4578 nos
2459 4525 2548 4580 ille
2575 4524 2717 4594 pugil
2746 4524 2964 4578 adortus
2993 4525 3190 4594 premit
3208 4536 3261 4580 et
3286 4536 3462 4596 urget,

1883 4614 2080 4682 quippe
2119 4614 2217 4668 ista
2248 4623 2329 4668 est
2355 4616 2695 4684 pugnantium
2741 4614 2826 4668 lex
2859 4631 2873 4667 :
2903 4629 3090 4668 verum
3133 4615 3178 4670 si
3206 4615 3296 4671 ille
3325 4617 3461 4687 deji-

1882 4704 1987 4758 ciat
2014 4713 2171 4774 atque
2199 4713 2534 4775 prosternat,
2557 4721 2619 4760 ac
2649 4706 2864 4776 prtemia
2887 4705 3129 4760 laborum
3159 4706 3327 4773 tollat,
3361 4708 3464 4763 hoc

1882 4809 2042 4864 grave
2079 4806 2181 4852 est.
2210 4795 2472 4862 Quamdiu
2504 4812 2632 4852 vero
2670 4813 2774 4851 non
2808 4797 3078 4867 praevalet,
3127 4813 3232 4852 non
3287 4799 3461 4854 solum

1885 4887 2039 4941 nobis
2065 4886 2197 4941 nihil
2229 4888 2429 4951 nocuit,
2484 4887 2579 4943 sed
2623 4885 2824 4958 profuit
2862 4886 3174 4958 plurimum,
3215 4888 3468 4965 coallic‘tu

1886 4979 1978 5032 illo
2000 4993 2100 5034 suo
2125 4993 2331 5034 summa
2359 4981 2512 5035 nobis
2541 4988 2852 5035 ornamenta
2879 4980 3193 5035 concilians.
3223 4979 3466 5052 Namque

1882 5078 1939 5126 et
1962 5069 2015 5125 in
2041 5071 2230 5126 castris
2265 5071 2354 5126 ille
2379 5081 2635 5141 praestare
2659 5073 2870 5128 caeteris
2911 5083 3160 5143 putatur,
3183 5072 3275 5143 qui
3309 5073 3461 5144 plura

1880 5162 2102 5219 vulnera
2132 5177 2241 5233 prae
2265 5177 2323 5218 se
2351 5165 2490 5219 ferre
2525 5172 2722 5234 potest,
2750 5180 2812 5219 ae
2851 5164 3135 5235 singularia
3165 5164 3460 5218 certamina

1879 5254 2134 5312 adversus
2158 5256 2422 5327 quoslibet
2446 5255 2676 5310 hostium
2697 5254 3016 5310 fortissimos
3038 5255 3329 5324 suscipere.
3354 5255 3458 5308 Eos

1879 5349 2061 5407 itidem
2084 5349 2308 5405 athletas
2334 5349 2565 5404 maxime
2585 5349 2860 5414 miramur,
2876 5349 2964 5419 qui
2988 5365 3108 5404 cum
3136 5351 3465 5421 inexpugna-

1878 5443 2074 5498 bilibus
2113 5441 2212 5510 (sic
2258 5441 2399 5495 enim
2437 5440 2707 5510 appellant
2749 5443 3192 5497 contentiosiores
3220 5457 3463 5512 quosque

1880 5532 2245 5604 antagonistas
2269 5532 2289 5604 )
2315 5533 2539 5587 viriliter
2563 5532 2998 5602 congrediuntur.
3027 5532 3132 5588 Sed
3164 5543 3217 5587 et
3245 5541 3464 5587 venator

1881 5623 1969 5679 ille
1995 5623 2227 5678 maxime
2249 5623 2509 5693 praecellit
2528 5665 2545 5692 ,
2573 5624 2663 5696 qui
2695 5622 3055 5679 ferocissimas
3080 5623 3280 5678 belluas
3309 5622 3460 5676 exci-

1881 5718 1975 5788 pit.
2028 5715 2310 5786 lmpudcns
2339 5725 2419 5772 est
2459 5727 2614 5786 atque
2645 5714 3038 5786 imperterritus
3090 5715 3174 5770 hic
3210 5713 3452 5768 daemon:
