4060 6136
640 295 742 352 ατ

651 415 706 459 at
722 419 819 474 ego
838 414 1114 474 propterea
1135 412 1182 458 te
1205 376 1384 458 mirari
1402 418 1464 457 ac
1483 411 1696 470 stupere
1719 415 1823 456 non
1858 400 2065 466 desino,
2085 400 2225 470 quod

643 493 943 563 hujusmodi
989 493 1350 546 adversarium
1388 501 1574 546 nactus
1600 501 1702 544 tam
1735 491 2023 544 violentum
2049 491 2227 560 lapsus

643 601 743 637 non
763 598 840 645 es,
860 597 1030 652 neque
1045 583 1096 636 in
1113 582 1431 637 deditionem
1453 581 1631 635 venire
1649 579 1908 656 tolerasti,
1929 579 2022 633 sed
2043 580 2227 634 ﬁrmus

639 675 946 744 perstitisti,
993 675 1131 728 nulla
1180 689 1246 729 ex
1294 683 1441 743 parte
1479 673 1621 726 illius
1647 671 1964 740 improbitati
2004 671 2220 726 cedens.

711 765 798 820 10.
841 767 1009 821 Porro
1049 765 1188 836 quod
1237 781 1342 819 non
1391 763 1694 818 assentandi
1740 762 1914 816 studio
1956 776 2099 816 nunc
2125 761 2225 816 ista

638 857 844 927 loquar,
870 857 960 912 sed
979 857 1118 926 quod
1141 857 1508 912 veremaxima
1534 870 1600 911 ex
1622 853 1919 925 hujusmodi
1942 852 2226 906 afflictione

638 950 847 1018 erpe-ris
877 950 1256 1014 emolumenta,
1305 957 1508 1019 patere,
1537 961 1739 1016 quaeso,
1767 961 1866 999 nos
1892 945 2080 998 fiducia
2113 953 2227 998 tan-

641 1040 805 1108 tislier
830 1041 881 1093 in
927 1040 1192 1111 loquendo
1216 1042 1288 1095 uti
1321 1059 1332 1092 :
1363 1056 1531 1110 neque
1574 1039 1714 1093 enim
1752 1038 1906 1091 aliter
1951 1036 2106 1104 hujus
2146 1033 2226 1090 rei

638 1131 954 1186 documenta
1001 1132 1192 1186 afferre
1236 1146 1465 1200 possem.
1515 1130 1663 1184 Nosti
1703 1144 1830 1184 sane
1873 1144 1936 1182 ac
1969 1127 2224 1181 memoria

645 1233 793 1278 tenes
810 1205 1044 1294 priorem
1069 1233 1208 1278 tuam
1237 1228 1717 1285 conversationem,
1751 1238 1854 1292 qua
1884 1231 2006 1276 ante
2039 1221 2224 1290 hujus~

644 1315 786 1369 modi
833 1317 1175 1370 tentationem
1219 1316 1468 1386 dcgebas.
1510 1316 1654 1369 llanc
1685 1317 1860 1383 itaque
1895 1315 2052 1367 velim
2101 1313 2224 1368 dili-

637 1417 824 1476 genter
861 1408 1155 1474 examines,
1183 1423 1246 1462 ac
1284 1410 1532 1476 praesenti
1561 1423 1662 1477 qua
1686 1423 1824 1460 nunc
1848 1408 1978 1462 vivis
2003 1420 2226 1474 compo-

639 1515 735 1552 nas
769 1516 782 1551 :
808 1499 1012 1554 videbis
1038 1498 1278 1568 profecto
1303 1508 1556 1568 quantum
1589 1498 1717 1551 lucri
1743 1513 1808 1550 ex
1837 1497 1937 1549 isto
1974 1494 2225 1550 conflictu

637 1601 1000 1658 consequutus
1021 1589 1114 1644 sis.
1140 1589 1291 1644 Nunc
1317 1590 1457 1643 enim
1483 1588 1720 1657 jejuniis,
1744 1587 1957 1656 vigiliis,
1989 1586 2222 1651 lectioni,

637 1683 1074 1750 orationibusque
1153 1682 1421 1751 perpetuis
1489 1681 1836 1735 intentissime
1912 1679 2172 1734 incumbis
2205 1719 2221 1744 ,

636 1775 1056 1842 gravitatemque
1089 1783 1142 1827 et
1185 1774 1531 1828 humilitatem
1573 1773 1899 1826 excellenter
1924 1786 2224 1840 consequu-

643 1872 727 1916 tus
762 1879 858 1918 es:
887 1873 1040 1918 antea
1071 1865 1211 1918 nulla
1261 1865 1351 1918 tibi
1398 1864 1648 1918 librorum
1681 1863 1836 1927 ratio,
1865 1861 1960 1917 sed
1989 1862 2223 1916 studium

645 1967 807 2006 omne
848 1964 899 2009 et
929 1955 1161 2009 laborem
1191 1956 1413 2025 pomarii
1449 1955 1728 2008 arboribus
1757 1953 2067 2008 devoveras.
2112 1958 2223 2007 Au—

638 2045 745 2100 divi
766 2061 870 2115 ego
895 2055 1022 2102 tunc
1046 2048 1320 2116 plurimos.
1367 2047 1456 2117 qui
1489 2057 1539 2102 te
1573 2047 1934 2116 objurgantes,
1966 2061 2223 2115 arrogan-

636 2124 745 2189 tem
800 2151 863 2190 ac
915 2138 1201 2207 superbum
1263 2138 1542 2204 dicerent,
1603 2147 1762 2207 atque
1814 2139 1865 2192 in
1926 2139 2024 2192 bac
2076 2147 2224 2208 parte

645 2227 974 2282 nobilitatem
1003 2229 1235 2299 generis,
1287 2230 1559 2298 patrisque
1583 2230 1978 2295 claritudinem,
2005 2238 2057 2282 et
2081 2229 2224 2299 quod

638 2319 690 2373 in
722 2321 910 2388 apibus
956 2321 1195 2390 plurimis
1225 2322 1411 2377 fuisses
1448 2322 1721 2388 educatus,
1749 2331 2094 2378 causarentur
2126 2341 2138 2376 :
2170 2323 2221 2378 in

636 2413 828 2482 vigiliis
853 2430 978 2468 vero
1004 2429 1160 2485 quam
1193 2423 1317 2469 tunc
1346 2415 1618 2485 negligens
1644 2416 1829 2478 fueris.
1877 2417 1988 2485 ipse
2035 2416 2224 2470 melius

637 2505 798 2559 nosti.
830 2505 984 2574 Saepe
1012 2507 1154 2560 enim
1184 2507 1301 2560 aliis
1332 2507 1587 2574 profunda
1634 2517 1792 2561 nocte
1833 2508 2009 2562 statim
2039 2522 2222 2561 exsur-

639 2597 884 2664 gentibus
907 2597 1018 2666 ipse
1040 2600 1186 2667 gravi
1214 2613 1402 2653 somno
1437 2613 1644 2652 mersus
1667 2597 1991 2665 dormiebas,
2023 2606 2078 2652 et
2101 2613 2220 2652 cum

638 2695 693 2740 te
748 2687 837 2739 alii
891 2688 1185 2742 excitarent
1231 2688 1609 2757 indignabaris.
1673 2691 1745 2744 At
1809 2705 1950 2744 nunc
2002 2707 2067 2745 ex
2116 2705 2222 2760 quo

640 2774 834 2828 bellum
878 2775 980 2829 hoc
1017 2784 1072 2830 et
1123 2793 1346 2846 pugnam
1402 2778 1644 2841 subiisti,
1694 2779 2000 2842 illa.omnia
2051 2781 2222 2836 soluta

638 2873 781 2930 sunt,
808 2873 966 2934 atque
994 2867 1043 2920 in
1067 2866 1255 2920 melius
1281 2875 1500 2920 mutata.
1533 2867 1684 2935 Quod
1725 2870 1768 2923 si
1816 2883 2022 2939 quaeras
2050 2884 2115 2923 ex
2137 2887 2222 2925 me

637 2955 1008 3024 quamobrem,
1050 2972 1172 3010 cum
1201 2957 1252 3010 in
1283 2957 1486 3012 deliciis
1513 2973 1720 3026 ageres,
1764 2974 1828 3013 ac
1857 2960 2036 3013 mundi
2067 2961 2224 3015 rebus

636 3047 854 3102 omnino
909 3049 1142 3103 intentus
1188 3065 1370 3113 esses,
1421 3065 1526 3104 non
1594 3061 1722 3106 tunc
1769 3052 1859 3106 tibi
1888 3077 1890 3080 -
1921 3054 2220 3108 daemonem

638 3139 794 3192 istum
845 3139 1124 3196 immiserit
1169 3141 1327 3207 Deus,
1381 3143 1508 3197 illud
1557 3158 1656 3210 ego
1699 3144 2070 3214 respondebo,
2122 3146 2224 3200 hoc

637 3245 847 3300 quoque
877 3231 1016 3286 illius
1043 3241 1218 3287 actum
1262 3249 1381 3288 esse
1428 3236 1780 3303 providentia.
1826 3235 2039 3291 Sciebat
2081 3237 2221 3291 enim

639 3331 764 3379 tunc
794 3332 846 3378 te
899 3324 1242 3393 imbecillum,
1285 3327 1642 3396 superandum
1691 3328 1860 3393 facile,
1919 3345 1982 3384 ac
2020 3338 2225 3384 mature

642 3416 955 3481 periturum.
984 3418 1160 3485 Atque
1195 3416 1314 3472 ideo
1340 3433 1446 3471 non
1495 3420 1673 3473 statim
1729 3419 1795 3474 ad
1845 3419 1983 3475 hanc
2029 3420 2223 3475 luctam

637 3505 866 3568 vocavit,
912 3519 1031 3559 cum
1061 3507 1131 3561 ad
1163 3508 1544 3562 monaehorum
1575 3510 1735 3563 vitam
1758 3510 2097 3574 accessisses,
2129 3511 2224 3565 sed

639 3595 879 3649 exerceri
909 3596 1054 3665 prius
1078 3604 1132 3650 te
1161 3599 1420 3666 permisit,
1463 3615 1527 3653 ac
1557 3600 1768 3670 longum
1799 3615 1958 3670 agere
1983 3610 2220 3671 tempus;

639 3693 981 3753 posteaquam
1012 3702 1138 3741 vero
1157 3689 1558 3744 robustissimus
1601 3689 1769 3745 factus
1799 3707 1878 3758 es,
1905 3701 2033 3748 tunc
2051 3693 2114 3747 ad
2141 3693 2223 3747 la-

641 3775 909 3829 boriosum
932 3775 1033 3830 hoc
1071 3776 1301 3832 stadium
1329 3780 1604 3846 pertraxit.
1647 3780 1834 3836 Adhuc
1859 3782 2015 3851 igitur
2039 3797 2224 3838 eorum

638 3865 724 3934 qni
782 3874 907 3920 sunt
954 3865 1006 3920 in
1053 3867 1248 3922 saeculo
1289 3879 1610 3924 mentionem
1657 3869 1819 3938 facis,
1867 3872 2224 3944 famulumque

640 3967 784 4011 tutun
830 3959 882 4011 in
928 3959 1159 4014 medium
1208 3960 1429 4015 adducis
1459 3979 1474 4016 :
1503 3963 1650 4017 illum
1679 3965 1820 4018 enim
1853 3973 1905 4020 te
1926 3966 2225 4036 signiﬁcare

640 4051 868 4105 voluisse
896 4067 1038 4118 reor,
1067 4067 1188 4105 cum
1212 4052 1424 4108 diceres
1469 4054 1724 4123 plurimos
1754 4058 2037 4113 saeculares
2058 4059 2220 4128 viros,

642 4155 761 4194 cum
799 4142 852 4194 in
881 4143 1022 4196 hunc
1048 4142 1288 4196 morbum
1317 4143 1644 4213 incidissent,
1670 4146 1915 4203 celeriter
1936 4159 2096 4219 atque
2138 4149 2224 4204 in-

641 4231 922 4300 tegerrime
961 4232 1122 4286 fuisse
1161 4231 1431 4288 liberatos.
1482 4234 1678 4290 Verum
1723 4235 1950 4294 famulus
1995 4249 2137 4305 tuus,
2191 4254 2224 4294 ο

638 4323 1022 4386 amantissime,
1057 4331 1112 4378 et
1146 4333 1404 4395 quotquot
1433 4327 1647 4382 eosdem
1675 4328 1888 4384 subiere
1909 4344 2084 4397 casus,
2116 4347 2222 4385 non

1371 291 1426 346 S.
1468 288 1742 346 JOANNIS
1779 285 2250 344 CllRYSOSTOMl
2290 288 2604 353 ARCHIEP.
2645 297 3180 360 CONSTANTINOP.

3805 306 3906 360 448

2334 407 2521 465 eadem
2544 428 2607 468 ex
2629 429 2788 471 causa
2813 433 2932 472 cum
2957 419 3255 489 hujusmodi
3285 421 3423 476 malo
3458 421 3744 478 conﬁrmati
3768 437 3910 492 sunt,

2333 517 2435 570 qua
2483 513 2534 557 tu
2586 508 2764 561 modo.
2815 509 2890 563 Illi
2941 513 3084 568 enim
3110 527 3173 568 ac
3198 516 3408 569 caeteris
3456 516 3715 571 similibus
3743 519 3911 573 solum

2324 596 2570 668 .terrendi
2595 614 2772 664 causa,
2801 612 2856 655 ut
2875 618 2938 656 ex
2967 602 3269 672 hujusmodi
3297 607 3488 662 timore
3531 609 3778 663 meliores
3821 610 3912 666 ﬁe-

2337 696 2474 752 rent,
2495 686 2630 742 hanc
2646 689 2873 746 belluam
2898 693 3116 748 immisit
3132 696 3298 762 Deus;
3325 698 3416 752 tibi
3435 713 3561 753 vero
3578 709 3636 753 ut
3658 713 3914 770 pugnares

2334 777 2548 836 fortiter
2587 792 2642 837 et
2680 794 2898 842 strenue
2923 803 2987 843 ac
3011 791 3272 857 vinceres,
3318 809 3679 865 coronamque
3709 800 3911 867 patien-

2334 871 2420 924 tiae
2451 874 2699 932 referres.
2751 877 2920 934 Porro
2961 882 3182 936 victoria
3235 891 3358 939 tunc
3383 894 3484 951 est,
3516 903 3623 941 non
3650 903 3772 942 cum
3802 891 3914 959 quis

2331 963 2505 1019 adhuc
2529 966 2736 1023 theatro
2760 981 3058 1040 constante,
3085 975 3331 1031 luctando
3352 979 3580 1047 seipsum
3611 980 3911 1036 adversario

2332 1055 2615 1125 subducit,
2670 1061 2766 1116 sed
2813 1079 2933 1118 cum
2968 1080 3028 1121 se
3065 1067 3132 1121 ad
3184 1070 3632 1138 congrediendum
3676 1083 3909 1141 paratum

2334 1146 2580 1203 luctatori
2610 1165 2822 1222 semper
2849 1155 3006 1212 offert
3024 1199 3038 1222 ,
3071 1159 3161 1228 qui
3187 1160 3521 1218 adversarius
3543 1165 3805 1220 absurdas
3821 1183 3907 1221 co-

2332 1238 2612 1307 gitationes
2637 1244 2653 1274 ¹
2678 1259 2785 1313 prae
2806 1263 3035 1304 maerore
3055 1266 3342 1321 suggerens
3362 1255 3487 1309 nihil
3519 1259 3774 1326 perﬁcere
3794 1275 3908 1328 pos-

2332 1330 2418 1381 sit.
2450 1330 2600 1396 Qnod
2637 1349 2765 1390 vero
2803 1351 2890 1393 res
2925 1340 2995 1394 ita
3031 1356 3090 1395 se
3135 1342 3344 1411 habeat,
3388 1346 3464 1400 sic
3503 1350 3667 1417 probe
3706 1352 3907 1422 colligo.

2332 1418 2556 1476 Constat
2585 1425 2821 1493 profecto
2847 1432 3113 1497 omnibus,
3142 1437 3529 1504 quantumlibet
3557 1449 3609 1492 tu
3627 1448 3679 1494 te
3701 1457 3799 1511 per
3823 1418 3909 1496 huc

2334 1513 2607 1569 militatem
2633 1516 2870 1586 dejicias,
2918 1537 2945 1574 a
2995 1527 3134 1578 servi
3181 1527 3254 1579 tui
3286 1527 3390 1580 vita
3432 1538 3573 1583 tuam
3610 1531 3909 1603 longissime

2332 1603 2563 1668 differre.
2595 1621 2658 1661 ac
2674 1623 2796 1664 esse
2822 1613 3130 1670 meliorem:
3151 1616 3260 1672 Deo
3282 1620 3456 1689 itaque
3479 1622 3648 1690 major
3667 1626 3741 1677 tui
3762 1641 3906 1694 quam

2333 1692 2473 1747 illius
2502 1709 2628 1750 cura
2652 1699 2721 1752 sit
2750 1715 2970 1756 necesse
2993 1714 3093 1758 est.
3123 1706 3232 1761 [loc
3253 1723 3370 1762 cum
3391 1712 3562 1781 palam
3592 1714 3683 1777 sit,
3713 1692 3908 1785 idque—

2331 1799 2435 1850 que
2455 1787 2703 1844 similiter
2726 1793 2988 1847 constabit
3015 1813 3027 1848 :
3054 1813 3244 1868 nempe
3265 1800 3307 1853 si
3336 1812 3476 1856 esset
3500 1804 3606 1857 odii
3638 1810 3907 1875 permissio

2332 1874 2440 1941 illa,
2472 1893 2760 1950 numquam
2784 1884 3022 1954 profecto
3055 1889 3103 1943 ei
3130 1906 3285 1959 quem
3317 1896 3482 1963 magis
3497 1874 3748 1967 diligeret
3776 1901 3906 1955 illam

2329 1968 2586 2034 auxisset,
2616 1981 2894 2043 postquam
2923 1993 3042 2030 eum
3070 1980 3157 2048 qui
3182 1981 3336 2051 longe
3356 1982 3529 2039 fuerat
3548 1987 3788 2042 deterior
3811 2002 3904 2045 tam

2330 2058 2437 2112 cito
2464 2059 2695 2116 daemoni
2742 2065 3028 2134 eripuerat.
3054 2070 3234 2140 Neque
3258 2074 3397 2128 enim
3429 2092 3493 2130 ex
3521 2077 3622 2132 hoc
3649 2081 3824 2135 solum
3863 2083 3908 2136 id

2329 2156 2772 2220 asseveraverim,
2794 2159 2887 2212 sed
2910 2175 2975 2215 ex
2997 2162 3190 2231 quibus
3205 2180 3236 2219 a
3260 2166 3366 2220 Deo
3387 2177 3436 2221 te
3448 2169 3720 2232 desertum
3743 2184 3904 2242 putas,

2330 2259 2396 2298 ex
2420 2246 2498 2299 eis
2519 2249 2750 2304 maxime
2778 2251 2852 2304 illi
2891 2269 3071 2308 curam
3103 2258 3174 2310 tui
3216 2273 3475 2314 summam
3513 2278 3634 2318 esse
3685 2267 3911 2321 conabor

2329 2338 2634 2394 ostendere.
2669 2341 2800 2396 Nam
2826 2345 2870 2398 si
2897 2361 3000 2400 non
3025 2350 3410 2407 studiosissime
3438 2368 3626 2411 cuncta
3662 2359 3911 2416 hactenus

2329 2428 2550 2497 egisses,
2584 2433 2626 2486 si
2657 2449 2762 2489 non
2788 2439 3242 2507 peregrinationes
3269 2444 3601 2514 longinquas,
3631 2459 3694 2502 ut
3724 2454 3912 2506 sanctis

2330 2520 2436 2576 illis
2464 2523 2589 2579 viris
2618 2527 2683 2580 ad
2721 2529 2980 2598 ejusmodi
3021 2534 3271 2590 solvenda
3296 2539 3500 2593 vincula
3531 2545 3911 2610 potentissimis

2329 2615 2746 2683 congredereris,
2798 2623 3143 2692 suscepisses,
3191 2632 3383 2682 merito
3427 2630 3658 2688 fortasse
3708 2639 3908 2706 quidam

2328 2705 2675 2774 dubitassem,
2707 2728 2827 2767 cum
2855 2731 2958 2770 non
2975 2719 3103 2771 satis
3116 2733 3294 2787 aperta
3313 2719 3579 2778 videretur
3601 2705 3907 2793 esseicausa,

2327 2817 2423 2856 cur
2448 2811 2650 2858 tantum
2688 2809 2940 2878 temporis
2971 2819 3021 2864 te
3048 2814 3319 2881 reliquerit
3347 2832 3361 2869 :
3391 2827 3570 2884 postea
3596 2835 3735 2874 vero
3765 2839 3909 2890 quam

2329 2902 2617 2965 martyrum
2655 2895 2768 2950 loca
2797 2899 3044 2969 frequens
3071 2902 3275 2968 adiisti,
3329 2905 3416 2959 ubi
3469 2907 3687 2976 plurimi
3747 2927 3814 2965 ex
3858 2912 3912 2966 iis

2329 2999 2559 3053 quoque,
2591 2987 2681 3056 qui
2709 2987 2952 3044 homines
2975 2992 3320 3061 devorabam,
3352 3011 3494 3066 smpe
3538 3002 3717 3054 sanati
3764 3012 3911 3064 sunt.

2331 3074 2721 3148 plurimumque
2767 3085 3018 3152 temporis
3044 3087 3182 3155 apud
3213 3088 3356 3143 viros
3403 3092 3526 3145 illos
3556 3093 3837 3151 mirabiles
3859 3113 3915 3153 ac

2330 3171 2749 3241 strenuissimos,
2779 3177 2868 3246 qui
2893 3181 3224 3236 curationem
3255 3201 3540 3255 numquam
3563 3187 3774 3245 frustra
3805 3202 3915 3247 ten-

2333 3270 2589 3330 taverant,
2622 3265 2833 3336 degisti,
2868 3269 3105 3341 nihilque
3134 3277 3352 3330 omnino
3378 3279 3624 3344 omisisti,
3685 3283 3829 3352 quod
3855 3284 3916 3338 ad

2331 3352 2468 3409 hanc
2497 3356 2859 3414 liberationem
2891 3362 3135 3419 conferre
3163 3381 3318 3434 posse
3341 3368 3444 3421 ulla
3468 3372 3680 3426 ratione
3715 3374 3919 3429 videre-

2331 3453 2435 3512 tur,
2471 3463 2821 3522 reversusque
2841 3467 2900 3507 es
2930 3453 3104 3510 ferens
3131 3467 3302 3511 tecum
3351 3460 3643 3528 inimicum,
3679 3477 3918 3534 apertum

2329 3552 2392 3592 ac
2443 3541 2796 3598 certissimum
2839 3544 3032 3601 divinae
3080 3549 3220 3604 circa
3262 3559 3313 3605 te
3357 3554 3714 3621 providentiae
3763 3557 3919 3612 docu-

2329 3639 2569 3687 mentum
2595 3634 2673 3688 eis
2695 3649 2902 3704 quoque
2931 3639 3020 3706 qui
3054 3639 3203 3696 valde
3230 3642 3533 3711 insipientes
3554 3655 3688 3700 sunt
3709 3650 3918 3716 cntISpiv

2329 3737 2485 3777 cuum
2517 3726 2763 3780 retulisti.
2789 3727 3088 3798 Numquam
3135 3733 3275 3786 enim
3319 3733 3557 3802 profecto
3585 3746 3798 3793 tantam
3825 3741 3917 3792 im-

2330 3813 2617 3884 pedivisset
2666 3819 2804 3875 Deus
2845 3823 3090 3890 gratiam,
3135 3839 3417 3894 numquam
3464 3841 3655 3882 servos
3699 3845 3826 3883 suos
3854 3832 3916 3882 ita

2330 3908 2529 3978 pudore
2550 3909 2782 3966 sull‘undi
2805 3927 2990 3982 passus
3014 3924 3176 3980 esset,
3203 3917 3302 3971 nisi
3328 3917 3376 3970 id
3408 3928 3508 3972 tuae
3536 3928 3592 3972 et
3619 3921 3914 3988 probationi

2329 4009 2382 4054 et
2411 4001 2620 4054 utilitati
2652 4003 2995 4059 vehementer
3037 4007 3288 4075 expedire
3326 4010 3693 4078 cognovisset.
3743 4010 3916 4081 Itaque

2330 4091 2470 4161 quod
2523 4092 2716 4147 divinae
2763 4093 3124 4150 derelictionis
3182 4097 3392 4167 signum
3431 4098 3685 4164 videtur,
3732 4101 3784 4155 id
3810 4101 3917 4171 ejus

2329 4183 2520 4238 summi
2537 4183 2661 4239 inte
2692 4185 2913 4241 affectus
2941 4195 2997 4242 et
3038 4189 3236 4243 amoris
3271 4200 3352 4245 est
3377 4203 3780 4260 argumentum.

2393 4338 2408 4367 ι
2435 4335 2575 4385 Savil.
2603 4343 2656 4387 et
2674 4339 2806 4388 Colb.
2831 4340 3033 4400 habent,
3066 4341 3436 4395 irmumerabiles
3461 4345 3794 4409 cogitationes.

634 4471 3901 4504 —————_—______._______________________

1107 4511 1954 4700 mystas!!!
2001 4548 2258 4700 an.
2277 4547 3416 4700 ___S_'I;'AGIRIUM;

1315 4690 1531 4764 QUOD
1573 4692 1976 4758 TRISTITIA
2017 4694 2379 4758 DJEMONE
2422 4697 2596 4758 IPSO
2637 4698 2760 4759 SIT
2805 4699 3191 4764 GRAVIOR.

1568 4790 2043 4898 LIBER
2112 4794 2970 4905 SECUNDUS.

711 4954 762 5008 l.
811 4953 876 5006 Et
915 4953 1014 5008 ista
1058 4951 1272 5022 quidem
1314 4951 1382 5006 de
1415 4951 1511 5007 Dei
1545 4954 1898 5022 providentia,
1943 4966 2104 5026 utque
2139 4957 2228 5013 ille

639 5057 745 5096 non
784 5057 1036 5097 aversaris
1063 5052 1119 5097 et
1147 5057 1455 5106 exsecraris,
1489 5044 1586 5098 sed
1614 5053 1668 5097 et
1697 5045 1980 5100 admodum
2001 5047 2229 5118 diligens

639 5131 742 5187 hoc
770 5141 820 5186 te
847 5142 1096 5187 exerceat
1117 5132 1299 5200 modo,
1323 5133 1522 5188 dixisse
1540 5132 1786 5188 sufﬁciat.
1816 5135 2075 5202 Quoniam
2097 5153 2228 5194 vero

638 5223 742 5277 alia
771 5225 932 5280 etiam
957 5240 1023 5278 ex
1065 5234 1213 5294 parte
1260 5224 1600 5280 vehementer
1630 5233 1682 5280 te
1718 5227 1838 5296 angi
1881 5237 2098 5296 questus
2144 5245 2223 5298 es,

637 5314 779 5381 quod
827 5331 1194 5384 saepenumero
1243 5317 1451 5372 daemon
1503 5317 1588 5372 vel
1635 5318 1858 5388 pelago,
1909 5321 1990 5376 vel
2037 5324 2226 5390 praeci-

639 5403 808 5473 pitio,
858 5406 943 5459 vel
993 5407 1100 5460 alio
1147 5408 1336 5476 quovis
1379 5408 1470 5462 leti
1519 5423 1714 5477 genere
1770 5409 1934 5465 vitam
1976 5411 2068 5467 tibi
2116 5415 2226 5469 eri-

637 5509 765 5563 pere
824 5495 1076 5564 suadeat,
1126 5511 1222 5568 age
1268 5497 1335 5554 de
1387 5497 1690 5568 hujusmodi
1755 5516 1967 5572 quoque
2019 5505 2224 5575 cogita-

638 5586 871 5642 tionibus
928 5590 1111 5658 paucis
1180 5589 1524 5647 disseramus.
1604 5591 1786 5663 Neque
1851 5595 1995 5650 enim
2060 5597 2226 5653 solius

637 5680 895 5737 (laenionis
936 5689 1018 5736 est
1058 5682 1185 5738 illud
1221 5684 1533 5751 consilium,
1584 5684 1677 5741 sed
1730 5685 1889 5741 etiam
1936 5689 2220 5744 maeroris:

2333 4957 2440 5012 imo
2469 4973 2598 5014 vero
2627 4961 2740 5028 plus
2769 4962 3012 5016 maeroris
3035 4979 3190 5032 quam
3217 4965 3496 5036 daemonis,
3527 4969 3760 5028 fortasse
3795 4987 3906 5026 vero

2331 5049 2578 5102 maeroris
2599 5050 2784 5105 solius.
2817 5051 2869 5104 ld
2900 5067 2963 5107 ex
3004 5067 3070 5108 eo
3101 5055 3336 5124 profecto
3374 5070 3604 5127 constat,
3640 5064 3783 5133 quod
3806 5065 3906 5135 plu-

2331 5137 2451 5194 rimi
2493 5140 2654 5195 etiam
2683 5141 2749 5195 ab
2793 5141 3095 5210 hujusmodi
3144 5147 3490 5204 insectatione
3543 5151 3699 5208 liberi
3733 5171 3796 5209 ex
3818 5154 3898 5206 do-

2331 5229 2446 5285 lore
2470 5230 2588 5285 solo
2627 5231 2741 5287 haec
2766 5233 3083 5289 deliberant.
3125 5235 3274 5292 Hunc
3314 5239 3472 5308 igitur
3509 5257 3574 5296 ex
3606 5245 3792 5299 animo
3828 5252 3902 5298 tuo

2331 5319 2448 5392 fuga
2475 5337 2536 5377 ac
2564 5323 2776 5392 penitus
2794 5325 3029 5393 elimina,
3059 5342 3122 5382 ac
3163 5330 3362 5385 nullam
3399 5333 3503 5386 vim
3535 5333 3790 5403 deinceps
3831 5334 3895 5388 illi

2332 5413 2562 5480 habebit,
2592 5432 2698 5470 non
2725 5419 2895 5472 solum
2927 5419 2990 5474 ad
3019 5424 3444 5489 persuadendum
3480 5426 3603 5492 ista,
3635 5441 3821 5482 verum
3849 5436 3907 5478 ne

2330 5507 2396 5561 ad
2443 5510 2828 5579 suggerendum
2859 5511 3095 5582 quidem.
3143 5513 3293 5570 Nune
3330 5517 3526 5587 quippe
3573 5518 3907 5589 quemadmo-

2329 5598 2458 5654 dum
2484 5600 2519 5655 ii
2561 5602 2649 5672 qui
2698 5603 2924 5672 parietes
2968 5605 3276 5670 sufl‘odiunt,
3310 5609 3480 5663 noctis
3512 5619 3784 5679 tempore,
3821 5625 3904 5663 ex-

2331 5693 2526 5750 stincto
2577 5695 2776 5753 lumine
2790 5737 2818 5792 ζ
2847 5707 2902 5754 et
2931 5697 3091 5754 furari
3137 5715 3298 5769 opes,
3347 5711 3399 5756 et
3447 5716 3626 5758 earum
3676 5703 3902 5758 dorninos
